4026 6180
193 227 311 301 893

831 369 1057 428 CAPUT
1094 369 1192 426 VI.

285 479 542 553 Qualiter
567 478 732 536 verba
765 478 906 536 beati
928 478 1100 535 Pauli
1127 475 1359 550 apostoli
1386 474 1450 531 de
1477 437 1747 530 charitate

765 566 1125 638 intelligenda
1152 567 1284 623 sint.

262 675 487 749 (Greg.)
546 675 796 731 Charitas
848 676 1066 747 patiens
1124 680 1222 739 est,
1286 671 1521 743 benigna
1573 676 1700 725 est:
1738 682 1850 721 non

192 765 514 831 aemulatur,
545 781 656 820 non
688 764 938 834 inﬂatur,
965 779 1076 818 non
1100 763 1218 831 agit
1257 776 1565 832 perperam,
1614 773 1725 811 non
1775 762 1853 811 est

193 855 507 919 ambitiosa,
539 870 650 909 non
681 854 885 925 qwrit
913 867 1036 924 qua:
1063 868 1167 907 sua
1211 858 1361 918 sunt,
1408 865 1519 905 non
1568 848 1847 909 irritatur,

197 960 303 1000 non
326 945 528 1015 cogitat
556 944 790 1008 malum,
820 958 931 998 non
960 941 1162 1010 gaudet
1189 956 1353 1011 super
1380 939 1690 1010 iniquitate,
1722 951 1851 990 con-

193 1031 398 1102 gaudet
423 1038 603 1087 autem
629 1030 852 1086 veritati
898 1028 944 1101 (1
999 1030 1121 1085 Cor.
1173 1026 1319 1097 xm).
1370 1026 1592 1082 Pa'iens
1639 1022 1854 1097 quippe

195 1126 276 1178 est
307 1121 582 1187 charitas,
612 1119 752 1192 quia
780 1118 943 1173 illata
976 1117 1133 1173 mala
1174 1114 1581 1190 aquanimiter
1620 1110 1851 1170 tolerat.

194 1211 453 1283 Benigna
478 1225 612 1264 vero
638 1216 736 1276 est,
770 1207 911 1279 quia
934 1223 1038 1279 pro
1064 1205 1236 1262 malis
1268 1206 1422 1261 bona
1466 1202 1708 1276 largiter
1737 1199 1853 1255 mi-

193 1291 430 1357 nistrat.
462 1300 587 1354 Non
610 1297 916 1355 aemulatur
942 1312 956 1353 :
990 1294 1131 1368 quia
1159 1311 1261 1367 per
1284 1293 1413 1361 hoc,
1443 1292 1601 1365 quod
1627 1290 1688 1346 in
1718 1306 1858 1362 prae-

195 1388 352 1445 senti
385 1386 608 1443 mundo
640 1385 787 1441 nihil
819 1382 1061 1458 appetit,
1076 1382 1333 1439 invidere
1354 1379 1603 1438 terrenis
1634 1394 1860 1435 succes-

195 1478 369 1535 sibus
399 1476 605 1532 nescit.
637 1476 750 1531 Non
780 1475 1030 1545 inﬂatur,
1060 1471 1199 1545 quia
1246 1488 1380 1526 cum
1430 1467 1739 1543 praemium
1770 1466 1859 1521 in-

193 1570 376 1623 terna:
404 1563 810 1621 retributionis
836 1563 1003 1618 anxie
1034 1561 1346 1628 desiderat,
1377 1560 1447 1615 de
1470 1557 1642 1614 bonis
1674 1572 1736 1613 se
1760 1571 1861 1611 ex-

196 1654 520 1712 terioribus
574 1670 689 1709 non
736 1650 969 1708 exaltat.
1024 1655 1148 1709 Non
1196 1651 1310 1721 agit
1360 1664 1671 1721 perperam,
1725 1643 1866 1718 quia

199 1762 324 1819 quo
358 1761 420 1800 se
449 1743 510 1799 in
543 1742 735 1799 solum
781 1741 880 1798 Dei
925 1745 981 1796 et
1028 1738 1277 1813 proximi
1329 1754 1588 1793 amorem
1637 1734 1863 1801 dilatat,
1896 1726 1945 1792 Β

198 1831 505 1907 quidquid
521 1828 911 1888 arectitudine
928 1827 1495 1901 discrepat,ignorat.
1510 1825 1659 1891 Quid
1672 1824 1747 1880 sit
1762 1841 1864 1879 au-

200 1928 661 1995 tem,perperam
679 1922 1116 1993 agere,sanctus
1128 1916 1381 1973 Basilius
1401 1916 1551 1971 inter
1565 1918 1769 1970 caetera
1786 1913 1869 1968 ita

201 2012 504 2069 deﬁniens
532 2008 613 2066 ait
645 2026 658 2064 :
691 2008 986 2081 Quidquid
1015 2025 1130 2063 non
1164 2010 1403 2080 propter
1428 2022 1572 2061 usus
1601 2018 1869 2059 necessa—

199 2100 349 2165 rios,
383 2100 486 2156 sed
512 2098 599 2154 vel
633 2101 876 2154 ornatus
907 2113 1101 2162 cause,
1132 2094 1218 2152 vel
1246 2094 1473 2151 decoris
1499 2092 1749 2164 alicujus
1779 2090 1865 2158 ﬁt,

197 2190 318 2246 hoc
341 2192 433 2245 est
466 2204 767 2260 perperam
813 2202 1003 2258 agere.
1032 2184 1252 2257 (Greg.)
1285 2187 1405 2240 Non
1454 2191 1533 2239 est
1578 2182 1871 2238 ambitiosa

199 2277 467 2335 charitas
497 2294 509 2343 ;
555 2275 696 2348 quia
747 2292 863 2348 quo
907 2275 1181 2331 ardenter
1205 2274 1367 2330 intus
1396 2273 1468 2328 ad
1496 2289 1601 2328 sua
1633 2269 1867 2343 satagit,

199 2368 367 2425 foras
400 2365 737 2422 nullatenus
768 2363 960 2420 aliena
988 2362 1371 2436 concupiscit.
1404 2362 1523 2419 Non
1550 2361 1730 2435 querit
1748 2374 1874 2432 qua:

199 2474 313 2514 sua
341 2463 494 2523 sunt,
529 2454 669 2527 quia
698 2458 913 2510 cuncta
939 2471 1068 2526 quae
1100 2453 1195 2508 hic
1223 2450 1564 2508 transitoria
1590 2448 1870 2522 possidet,

206 2545 379 2604 velut
403 2543 597 2600 aliena
624 2542 887 2616 negligit,
921 2559 1054 2597 cum
1087 2539 1233 2596 nihil
1256 2539 1367 2597 sibi
1390 2555 1519 2596 esse
1549 2537 1872 2611 proprium,

208 2634 332 2692 nisi
356 2633 516 2707 quod
548 2634 1120 2703 secum'permaneat
1144 2628 1424 2703 agnoscit.
1446 2628 1566 2684 Non
1595 2627 1874 2690 irritatur,

211 2722 364 2799 quia
375 2721 680 2794 etinjuriis
699 2719 971 2778 lacessita
992 2720 1062 2776 ad
1079 2717 1274 2775 nullos
1285 2716 1526 2773 ultionis
1543 2734 1661 2772 suis
1682 2719 1877 2772 motus

208 2812 455 2876 excitat,
489 2810 632 2867 dum
658 2806 1209 2883 magnislaboribus
1239 2806 1465 2879 majora
1484 2808 1616 2877 post
1637 2800 1880 2877 praemia

211 2903 541 2974 exspectat.
573 2900 692 2955 Non
718 2897 920 2969 cogitat
945 2896 1177 2962 malum,
1208 2894 1348 2967 quia
1387 2894 1448 2949 in
1480 2909 1677 2949 amore
1706 2909 1879 2948 mun-

211 2989 381 3047 ditiae
416 2992 672 3044 mentem
708 2984 988 3053 solidans,
1012 2985 1153 3040 dum
1185 2999 1358 3040 omne
1378 2982 1579 3038 odium
1603 2980 1880 3037 radicitus

212 3080 396 3147 eruit,
431 3093 662 3134 versare
686 3075 747 3131 in
774 3074 972 3131 animo
997 3074 1150 3147 quod
1202 3071 1474 3145 inquinat
1514 3069 1717 3127 nescit.

210 3168 425 3239 gaudet
463 3182 629 3239 super
673 3166 986 3236 iniquitate,
1020 3162 1164 3235 quia
1221 3177 1338 3234 quo
1398 3159 1524 3217 sola
1580 3158 1889 3215 dilectione

213 3274 361 3332 erga
390 3272 598 3315 omnes
627 3253 836 3321 inhiat,
861 3269 967 3309 nec
992 3252 1064 3308 de
1089 3248 1420 3324 perditione
1450 3248 1887 3306 adversantium

213 3346 501 3405 exsultat.
535 3334 848 3415 Congaudet
874 3349 1055 3398 autem
1082 3341 1324 3406 veritati,
1357 3338 1500 3411 quia
1538 3341 1605 3394 ut
1652 3340 1889 3393 caeteros

214 3435 500 3508 diligens,
533 3450 636 3506 per
664 3432 796 3502 hoc,
828 3431 986 3505 quod
1017 3433 1244 3486 rectum
1284 3428 1345 3483 in
1396 3426 1528 3484 aliis
1579 3423 1887 3500 conspicit,

216 3524 392 3598 quasi
434 3522 508 3578 de
554 3524 869 3594 augmento
924 3518 1143 3593 proprii
1197 3521 1505 3591 provectus
1565 3515 1887 3572 hilarescit-

219 3610 480 3684 (Prosp.)
514 3610 713 3669 Omnia
734 3610 949 3682 suffert,
995 3607 1135 3681 quia
1189 3623 1393 3663 omnes
1448 3605 1744 3679 inquietos
1800 3604 1888 3662 vel

218 3699 673 3774 inquietudines
702 3698 947 3755 fundata
971 3695 1152 3753 animi
1190 3694 1615 3768 tranquillitate
1660 3695 1884 3752 suffert.

221 3791 428 3848 Omnia
455 3788 650 3857 credit,
685 3787 826 3860 quia
846 3792 976 3860 post
1001 3786 1155 3842 hanc
1201 3783 1405 3851 vitam,
1440 3801 1635 3857 pennas
1680 3783 1887 3839 divini-

220 3885 323 3937 tus
347 3878 749 3936 comminatae
774 3875 957 3933 credit
981 3891 1097 3930 non
1129 3872 1668 3930 metuendo.0mnia
1685 3881 1885 3944 sperat,

221 3968 366 4041 quia
393 3965 641 4040 praemia
662 3963 965 4037 praemissa
993 3968 1191 4036 sperat
1210 3961 1747 4035 gaudendo.0mnia
1763 3978 1890 4018 sus-

222 4060 389 4125 tinet,
416 4054 558 4129 quia
584 4053 998 4112 revelationem
1029 4052 1286 4110 ﬁliorum
1314 4050 1413 4107 Dei
1444 4051 1737 4106 desiderat
1766 4051 1888 4107 for-

223 4146 364 4202 titer
418 4142 787 4200 sustinendo.
816 4140 1057 4215 (Pelag)
1105 4140 1360 4198 Charitas
1407 4157 1693 4213 nunquam
1739 4143 1886 4196 exci-

221 4236 309 4291 dit
338 4254 357 4289 :
390 4250 512 4289 non
541 4232 755 4288 excidit
779 4231 942 4299 dicit,
969 4229 1029 4287 id
1055 4234 1144 4287 est
1171 4229 1373 4302 elapsa
1401 4246 1516 4285 non
1539 4232 1648 4298 est,
1661 4227 1748 4285 vel
1772 4246 1888 4285 non

222 4323 503 4382 excessit.
538 4321 674 4394 Ipsa
697 4320 853 4377 enim
885 4318 1011 4378 sola
1040 4322 1345 4393 permanet
1372 4316 1434 4373 in
1481 4318 1768 4385 futurum,
1799 4318 1887 4389 vel
1948 4350 1953 4355 ~

223 4418 411 4480 recte,
438 4409 582 4483 quia
603 4426 738 4466 vera
761 4414 868 4478 est,
901 4426 1018 4466 non
1048 4406 1394 4466 mutabitur.

869 4515 1100 4572 CAPUT
1138 4515 1262 4572 VII.

222 4617 487 4690 Qualiter
514 4615 758 4672 charitas
786 4629 919 4684 erga
952 4618 1144 4678 Deum,
1177 4620 1230 4669 et
1257 4613 1493 4684 qualiter
1518 4628 1652 4683 erga
1694 4614 1891 4685 proxi-

322 4706 325 4709 ’
516 4754 517 4757 η
758 4719 914 4759 mum
939 4703 1011 4759 sit
1038 4701 1365 4758 exhibenda.

298 4813 455 4887 Ergo
482 4809 532 4866 si
556 4808 903 4867 charitatem
921 4809 1038 4865 Deo
1058 4807 1360 4866 exhibeam
1370 4825 1439 4865 us
1460 4812 1516 4865 et
1535 4808 1799 4882 proximo
1821 4811 1893 4867 de

224 4902 406 4960 corde
418 4915 569 4973 puro
583 4901 641 4956 et
652 4898 1010 4959 conscientia
1022 4898 1179 4955 bona
1206 4900 1263 4953 et
1293 4897 1404 4955 ﬁde
1423 4915 1541 4954 non
1562 4898 1893 4968 ﬁcta,faeile

223 4993 473 5065 peccato
506 4987 859 5057 resistimus,
891 4987 1062 5044 bonis
1089 4985 1363 5043 omnibus
1383 4987 1778 5055 abundamus,
1794 5005 1895 5044 saa-

222 5078 348 5135 culi
376 5075 789 5133 blandimenta
809 5078 1057 5131 comtem
1066 5074 1284 5140 nimus,
1302 5076 1357 5129 et
1371 5074 1573 5129 omnia
1589 5091 1715 5147 quae
1737 5074 1894 5130 difﬁ-

219 5167 367 5224 cilia
396 5169 540 5223 sunt
568 5165 842 5222 humanae
866 5162 1201 5238 fragilitatis
1219 5160 1307 5218 vel
1327 5178 1535 5235 aspera
1554 5161 1892 5233 etiam,cum

216 5255 549 5313 dilectione
578 5254 938 5328 perﬁcimus,
965 5253 1012 5310 si
1032 5256 1231 5308 tamen
1252 5251 1438 5307 Deum
1459 5250 1739 5310 charitate
1760 5270 1888 5326 qua:

216 5345 406 5403 nobis
437 5345 511 5401 ab
536 5344 733 5414 illo,ex
756 5348 877 5401 toto
907 5343 1174 5408 corde,ex
1200 5344 1319 5398 tota
1344 5340 1542 5398 anima
1570 5345 1628 5399 et
1652 5342 1790 5399 totis
1810 5343 1891 5399 vi-

214 5434 401 5491 ribus
431 5432 772 5508 diligamus.
818 5434 899 5490 Ex
927 5450 995 5490 ea
1025 5431 1182 5490 enim
1214 5434 1377 5505 parte
1406 5430 1540 5504 quis
1570 5436 1789 5504 peccat,
1821 5450 1890 5490 ex

215 5539 355 5596 qua
382 5522 583 5582 minus
606 5523 798 5598 diligit
829 5527 1032 5581 Deum.
1060 5522 1243 5589 Quem
1276 5519 1325 5578 si
1356 5535 1426 5589 ex
1447 5522 1568 5578 toto
1598 5521 1771 5579 corde
1800 5522 1887 5578 di-

1138 225 1243 290 DE
1285 221 1735 290 VARIETATE
1780 214 2214 286 LIBRORUM.
2257 246 2339 260 —
2378 211 2526 277 LIB.
2568 210 2647 275 ῙῙ.

3477 210 3603 273 894

1864 352 1918 420 Α
1949 350 2225 422 ligamus,
2260 345 2403 402 nihil
2435 344 2545 401 erit
2573 344 2632 399 in
2666 344 2833 401 nobis
2865 344 3020 401 unde
3045 343 3261 418 peccati
3294 342 3599 402 desideriis

1951 438 2296 497 serviamus.
2316 436 2383 491 Et
2412 434 2552 508 quid
2573 437 2663 491 est
2682 432 2922 508 diligere
2941 433 3149 501 Deum,
3176 433 3288 490 nisi
3317 432 3416 490 illo
3435 450 3603 490 occu-

1953 527 2079 603 pari
2106 526 2324 594 animo,
2349 524 2652 598 concipere
2678 523 2934 579 fruendae
2953 522 3199 580 visionis
3219 524 3349 596 ejus
3373 523 3601 580 effectui

1954 614 2175 691 peccati
2198 613 2420 684 odium,
2438 612 2644 669 mundi
2675 612 3000 680 fastidium,
3020 611 3260 686 diligere
3282 612 3456 669 etiam
3481 629 3607 686 pro-

1955 707 2181 763 ximum
2214 720 2390 777 quem
2425 703 2486 758 in
2512 719 2574 758 se
2599 701 2827 758 censuit
2849 700 3232 775 diligendum.
3262 701 3350 757 Illi
3375 717 3509 758 vero
3540 718 3609 758 ex

1956 801 2079 852 toto
2110 799 2168 852 et
2193 792 2327 866 plus
2358 810 2535 865 quam
2569 809 2630 848 se
2661 790 2917 865 diligunt
2945 790 3154 859 Deum,
3188 788 3290 863 qui
3326 808 3431 864 pro
3479 791 3609 862 ejus

1960 901 2178 952 amore,
2212 900 2329 939 suae
2361 882 2431 938 ad
2465 886 2700 954 tempus
2729 880 2903 936 saluti
2936 896 3051 935 non
3085 882 3351 952 parcunt,
3386 879 3610 953 seipsos

1961 972 2324 1031 tribulationi
2347 988 2409 1027 ac
2429 969 2704 1045 periculis
2720 969 2979 1025 tradunt.
2994 968 3119 1024 Nud
3129 968 3212 1024 ari
3236 968 3612 1027 facultatibus

1962 1061 2235 1137 propriis,
2284 1061 2483 1135 patriai
2542 1076 2659 1115 suae
2707 1063 2966 1115 extorres
2999 1057 3145 1124 ﬁeri,
3173 1058 3515 1130 parentibus
3558 1062 3618 1114 et

1964 1152 2246 1207 uxoribus
2295 1153 2353 1203 et
2393 1148 2530 1204 filiis
2578 1146 2914 1204 renuntiare
2961 1146 3151 1219 parati
3180 1150 3338 1213 sunt,
3375 1151 3434 1203 et
3461 1150 3527 1203 ut
3555 1148 3616 1203 in

1964 1243 2150 1296 totum
2173 1238 2387 1306 dicam,
2406 1236 2598 1310 ipsam
2626 1234 2886 1308 corporis
2908 1238 3153 1291 mortem
3166 1253 3281 1292 non
3295 1235 3486 1292 solum
3501 1253 3617 1293 non

1967 1326 2286 1401 refugiunt,
2311 1326 2412 1382 sed
2448 1324 2623 1381 etiam
2670 1324 2920 1380 libenter
2956 1324 3269 1397 excipiunt,
3296 1324 3620 1382 ambientes

1968 1435 2003 1474 a
2033 1415 2295 1489 corporis
2320 1416 2411 1471 sui
2440 1414 2561 1469 vita
2591 1412 2780 1487 magis
2812 1430 2990 1485 quam
3014 1431 3048 1468 a
3070 1417 3182 1470 Deo
3204 1413 3323 1470 vita
3346 1415 3475 1469 vitae
3502 1431 3620 1470 suae

1971 1505 2289 1561 discedere.
2308 1503 2610 1559 Proximos
2631 1505 2861 1558 nostros
2883 1502 3036 1558 sicut
3057 1520 3164 1559 nos
3185 1502 3428 1576 diligere
3458 1504 3625 1567 debee

1973 1611 2106 1650 mus
2144 1610 2156 1649 :
2191 1611 2308 1649 non
2342 1591 2422 1647 illi
2454 1596 2681 1648 tantum
2710 1591 2957 1664 proximi
2982 1591 3166 1648 nostri
3187 1593 3457 1649 credendi
3486 1596 3627 1650 sunt

1975 1699 2121 1756 quos
2140 1682 2310 1738 nobis
2330 1681 2548 1755 gradus
2565 1680 2872 1755 sanguinis
2886 1681 3105 1754 jungit,
3122 1682 3221 1737 sed
3245 1682 3495 1755 proximi
3520 1700 3625 1738 no-

1975 1770 2079 1826 stri
2099 1769 2369 1826 credendi
2383 1773 2521 1825 sunt
2532 1786 2735 1825 omnes
2751 1769 3022 1825 homines
3036 1774 3171 1826 natu
3180 1787 3255 1825 rae
3269 1774 3481 1827 nostra:
3494 1787 3625 1842 par-

1975 1858 2199 1931 ticipes.
2232 1857 2567 1914 Secundum
2598 1874 2703 1913 nos
2749 1858 3045 1930 proximos
3089 1874 3293 1914 omnes
3324 1858 3627 1931 diligimus

1976 1963 2109 2003 cum
2140 1947 2214 2003 ad
2246 1962 2439 2002 mores
2471 1947 2653 2003 honos
2686 1950 2744 2002 et
2773 1947 2846 2001 ad
2877 1949 3155 2002 aeternam
3192 1946 3373 2002 vitam
3428 1964 3628 2004 conse-

1978 2036 2273 2108 quendam
2305 2036 2463 2091 sicut
2484 2026 2653 2091 nobis
2674 2051 2877 2091 eorum
2903 2034 3077 2092 saluti
3105 2035 3631 2104 consulimus,cum

1977 2142 2085 2181 nos
2116 2124 2174 2180 in
2201 2140 2402 2180 eorum
2436 2124 2688 2197 peccatis
2709 2140 2775 2180 ac
2797 2124 3073 2197 periculis
3097 2124 3633 2199 cogi'ta'nus,et,si-

1980 2218 2078 2271 cut
2108 2213 2278 2269 nobis
2310 2212 2605 2269 subveniri
2641 2217 3000 2287 optaramus,
3034 2213 3114 2268 ita
3144 2215 3227 2270 eis
3260 2231 3363 2287 pro
3409 2214 3635 2272 viribus

1981 2302 2494 2370 subvenimus,aut
2510 2302 2558 2358 si
2575 2302 2824 2359 facultas
2841 2299 3471 2370 defuerit,voluntatem
3494 2305 3633 2363 sub-

1978 2391 2251 2448 veniendi
2280 2396 2572 2448 tenemus.
2599 2394 2962 2465 Quapropter
2982 2391 3103 2447 haec
3128 2396 3216 2448 est
3240 2393 3490 2466 proximi
3516 2399 3637 2451 tota

1982 2480 2238 2548 dilectio,
2271 2484 2336 2535 ut
2367 2481 2586 2536 bonum
2620 2481 2776 2553 quod
2808 2480 2910 2536 tibi
2946 2480 3194 2537 conferri
3241 2481 3348 2551 vis,
3389 2482 3534 2540 velis
3581 2488 3639 2541 et

1983 2570 2266 2643 proximo.
2301 2569 2528 2625 Etenim
2558 2570 2854 2641 profectus
2884 2574 3019 2625 tuos
3051 2585 3179 2624 esse
3220 2571 3445 2640 credas,
3479 2577 3535 2628 et
3564 2574 3637 2629 de

1984 2658 2238 2732 peccatis
2251 2657 2501 2713 aliorum
2519 2661 2802 2729 tanquam
2821 2657 2892 2712 de
2912 2656 3163 2730 propriis
3186 2658 3639 2717 misericorditer

1985 2747 2207 2821 lugeas.
2242 2746 2459 2818 (Basil.)
2483 2745 2614 2802 Haec
2640 2750 2728 2801 est
2756 2745 2913 2802 enim
2945 2745 3201 2803 charitas
3221 2764 3399 2820 quam
3423 2748 3637 2807 habere

1986 2837 2272 2893 debemus
2297 2836 2565 2904 invicem,
2587 2836 2740 2891 sicut
2764 2834 3045 2892 Dominus
3064 2836 3325 2892 ostendit
3346 2842 3402 2893 et
3418 2838 3636 2907 docuit,

1987 2926 2188 2982 dicens
2222 2944 2234 2981 :
2268 2926 2493 2997 Diligite
2519 2926 2753 2981 invicem
2780 2926 2920 2981 sicut
2950 2934 2999 2980 et
3027 2941 3120 2997 ego
3159 2925 3336 2982 dilexi
3379 2944 3489 2984 vos.
3523 2928 3639 2985 Ma-

1978 3016 2160 3089 jorem
2188 3016 2289 3071 hac
2315 3015 2662 3071 dilectionem
2698 3030 2856 3070 nemo
2885 3014 3061 3071 habet.
3097 3032 3260 3087 quam
3296 3020 3360 3072 ut
3396 3018 3644 3074 animam

1918 3093 1961 3162 C
1988 3121 2147 3162 suam
2178 3106 2299 3177 quis
2324 3107 2496 3176 ponat
2520 3119 2622 3175 pro
2650 3104 2845 3159 amicis
2874 3105 2990 3159 suis
3012 3104 3187 3175 (Joan.
3208 3103 3643 3177 x111).Siautem

1997 3198 2056 3250 et
2085 3194 2346 3250 animam
2377 3192 2515 3266 poni
2545 3196 2792 3266 oportet,
2826 3197 3043 3265 quanto
3075 3192 3262 3266 magis
3293 3193 3354 3249 in
3384 3194 3515 3250 aliis
3544 3213 3644 3252 vo-

1996 3286 2123 3339 tum
2155 3287 2211 3337 et
2243 3281 2502 3339 studium
2535 3281 2706 3337 debet
2735 3279 3003 3354 intelligi,
3036 3280 3161 3338 sine
3195 3281 3375 3339 dubio
3410 3300 3523 3339 non
3555 3302 3641 3341 se-

1999 3372 2256 3428 cundum
2287 3371 2579 3427 humanas
2602 3369 2948 3439 voluntates,
2983 3371 3083 3428 sed
3123 3371 3447 3429 secundum
3479 3372 3645 3431 illum

1998 3465 2373 3535 prospectum
2404 3460 2464 3515 in
2497 3476 2613 3532 quo
2645 3464 2736 3517 est
2765 3476 3076 3516 commune
3118 3460 3385 3518 omnium
3436 3480 3647 3538 propo-

1996 3553 2122 3606 tum
2155 3549 2423 3623 placandi
2458 3547 2791 3605 Dominum.

2618 3638 2852 3695 CAPUT
2888 3637 3031 3694 VIII.

2000 3729 2149 3799 Quod
2178 3745 2246 3786 ne
2275 3736 2448 3787 tanta
2478 3722 2698 3785 virtutis
2724 3730 2800 3785 sit
2827 3728 3087 3796 charitas,
3120 3737 3180 3785 ut
3216 3746 3430 3787 omnem
3478 3732 3650 3805 legem

2060 3827 2112 3876 et
2138 3820 2398 3875 universa
2424 3819 2687 3875 mandata
2706 3818 2806 3875 Dei
2833 3819 2894 3873 in
2920 3834 2983 3874 ea
3007 3820 3278 3891 possimus
3307 3821 3594 3894 complere.
3654 3824 3657 3827 λ

2068 3910 2306 3974 Quantae
2334 3912 2530 3962 autem
2546 3907 2779 3963 virtutis
2810 3905 2886 3962 sit
2916 3906 3169 3963 charitas
3199 3907 3258 3962 in
3291 3925 3648 3982 consequen-

1996 3996 2157 4053 tibus
2186 3995 2350 4068 ponit
2375 3994 2688 4067 Apostolus
2719 4011 2857 4049 cum
2888 3994 2972 4049 ait
2996 3995 3150 4060 (Rom
3175 3998 3300 4059 xm)
3324 4011 3338 4050 :
3373 3996 3481 4064 Qui
3501 3999 3651 4053 enim

1995 4084 2183 4154 diligit
2234 4085 2575 4156 proximum,
2627 4083 2798 4155 legem
2826 4083 3100 4154 implevit.
3134 4082 3274 4139 Nam
3298 4100 3409 4140 non
3438 4085 3647 4141 adulte-

1996 4176 2170 4240 rabis,
2199 4189 2311 4229 non
2368 4171 2592 4237 occides,
2625 4187 2738 4227 non
2788 4173 3007 4243 furtum
3062 4172 3249 4242 facies,
3282 4187 3393 4227 non
3442 4173 3651 4244 falsum

1996 4263 2366 4320 testimonium
2394 4260 2558 4327 dices,
2590 4275 2701 4315 non
2746 4260 3110 4332 concupisces,
3170 4267 3221 4315 et
3272 4261 3324 4316 si
3379 4260 3521 4334 quod
3571 4266 3651 4317 est

1996 4353 2153 4410 aliud
2181 4350 2502 4407 mandatum
2541 4352 2599 4406 in
2654 4351 2752 4406 hoc
2806 4350 2970 4406 verba
3026 4351 3377 4406 instauratur
3405 4368 3425 4406 :
3454 4350 3651 4421 diliges

1918 4467 1966 4534 Β
1992 4442 2314 4534 ρνοςείηιιιθη
2346 4449 2501 4534 tuum
2529 4449 2794 4513 tanquam
2900 4440 3101 4534 ipsum.
3132 4440 3204 4495 Et
3250 4439 3322 4495 ad
3373 4438 3648 4496 ultimum

1999 4531 2282 4589 rationem
2310 4529 2457 4586 tanti
2488 4528 2666 4602 hujus
2705 4529 2840 4586 boni
2892 4528 3144 4585 breviter
3185 4527 3487 4603 colligens,
3521 4528 3602 4585 ait
3634 4544 3648 4586 ε

1999 4622 2226 4678 Dilectio
2252 4622 2499 4693 proximi
2525 4621 2735 4675 malum
2762 4635 2873 4675 non
2901 4626 3193 4692 operatur:
3208 4618 3491 4691 plenitudo
3517 4618 3653 4688 legis

1998 4718 2075 4768 est
2095 4710 2315 4767 dilectio
2337 4711 2384 4784 (1
2388 4710 2738 4783 bid.).Supra
2758 4706 3145 4780 dixerat,quia
3154 4709 3254 4781 qui
3266 4707 3453 4779 diligit
3465 4709 3653 4779 proxi-

1998 4816 2171 4869 mum,
2196 4801 2367 4869 legem
2390 4800 2652 4871 implevit.
2675 4798 2745 4853 Et
2765 4797 2905 4871 quia
2925 4795 3163 4853 difﬁcile
3181 4795 3655 4869 videbatur,quo-

2001 4890 2175 4945 modo
2188 4888 2321 4962 quis
2332 4891 2541 4960 posset
2560 4903 2795 4942 omnem
2807 4886 2995 4960 legem
3012 4885 3073 4941 in
3087 4902 3204 4941 uno
3221 4900 3488 4941 sermone
3500 4901 3655 4941 com-

2001 4978 2179 5053 plere,
2198 4975 2602 5051 plenissimam
2626 4975 2818 5031 reddit
2836 4976 3143 5042 rationem,
3168 4973 3368 5030 dicens
3391 4989 3403 5029 :
3427 4974 3655 5033 Dilectio

1998 5070 2247 5142 proximi
2273 5067 2482 5122 malum
2508 5083 2620 5122 non
2647 5072 2919 5138 operatur.
2961 5065 3032 5120 Et
3077 5063 3205 5120 ideo
3247 5063 3529 5136 plenitudo
3577 5064 3654 5120 le-

1998 5161 2087 5232 gis
2114 5165 2194 5215 est
2218 5157 2453 5213 dilectio.
2486 5160 2642 5212 Pone
2671 5170 2807 5228 ergo
2829 5168 2933 5227 per
2958 5151 3193 5226 singula
3213 5152 3490 5208 mandata
3508 5151 3656 5226 legis

2002 5246 2457 5313 dilectionem,et
2482 5245 2611 5302 vide
2642 5259 2818 5318 quam
2844 5241 3011 5299 facile
3035 5245 3246 5298 cuncta
3266 5240 3654 5314 complentur.

1963 5360 1967 5364 θ
1999 5336 2276 5410 Nunquid
2310 5334 2407 5407 qui
2441 5333 2636 5408 diligit
2666 5332 3020 5407 proximum,
3064 5331 3337 5388 occidere.
3368 5347 3503 5388 eum
3554 5349 3658 5404 po-

1996 5432 2113 5493 test
2132 5427 2160 5483 ?
2181 5428 2415 5483 Certum
2447 5428 2536 5481 est
2565 5424 2720 5497 quod
2754 5439 2926 5481 nemo
2949 5438 3127 5497 quem
3149 5421 3342 5496 diligit
3359 5420 3654 5478 interﬁcit.

1994 5520 2098 5577 Est
2125 5531 2262 5591 ergo
2285 5513 2517 5572 dilectio
2538 5530 2642 5588 per
2659 5530 2836 5589 quam
2862 5512 3142 5592 impletur
3170 5510 3514 5572 mandatum
3540 5523 3656 5585 quo
