4102 6180
330 367 448 445 897

1297 365 1402 433 DE
1447 367 1894 461 YARIETATE
1936 366 2369 465 LIBBORUM.
2404 404 2481 430 τ-
2509 369 2660 445 LIB.
2707 368 2786 437 ΙΙ.

3625 378 3749 451 898

332 496 484 557 uniti
517 500 656 561 sunt
686 497 804 555 Deo
823 513 836 553 :
852 496 978 571 lege
999 497 1071 554 ad
1095 496 1367 561 Hebraaos
1389 498 1710 581 Epistolam
1729 502 1911 572 (Hebr.
1927 499 1991 573 ιι)
2020 500 2076 579 Α
2106 502 2663 559 cessabit.Caeterum
2680 501 2972 581 propheta
2986 505 3042 557 et
3056 503 3464 578 mysteriorum
3478 508 3743 569 omnium

329 586 498 645 Pauli
533 585 803 661 apostoli,
837 590 895 643 et
924 586 1208 651 invenies.

943 702 1180 769 CAPUT
1219 703 1359 769 XVI.

552 792 688 861 Quae
705 792 776 855 sit
803 790 1126 866 diﬁ‘erentia
1157 794 1301 857 inter
1329 792 1491 865 ﬁdem
1516 801 1568 850 et
1596 810 1763 868 spem.

406 899 590 972 (Aug.)
622 900 725 955 Est
754 899 952 972 itaque
983 899 1131 956 fides
1159 900 1449 977 bonarum
1489 918 1685 958 rerum
1721 906 1777 957 et
1807 900 1990 961 mala-

330 1005 490 1060 rum,
507 988 646 1061 quia
657 992 715 1044 et
739 988 890 1045 bona
909 989 1227 1051 creduntur
1247 993 1306 1047 et
1328 988 1483 1053 mala
1502 995 1559 1047 et
1579 991 1690 1047 hoc
1712 991 1990 1047 ﬁdebona

332 1096 453 1137 non
487 1076 780 1145 male.Est
799 1076 975 1137 etiam
1001 1078 1146 1134 fides
1177 1082 1234 1134 et
1264 1080 1687 1152 praeteritarum
1721 1097 1917 1139 rerum
1934 1085 1991 1137 et

332 1166 715 1249 presentium
742 1172 799 1222 et
830 1166 1503 1225 futurarum.Credimus
1515 1169 1671 1229 enim
1692 1169 1987 1229 Christum

336 1261 662 1325 mortuum,
687 1255 842 1330 quod
867 1256 992 1329 jam
1026 1257 1343 1329 praeteriit;
1377 1259 1671 1315 credimus
1703 1260 1985 1316 sederead

336 1348 602 1415 dextram
636 1346 1016 1419 Patris,quod
1040 1364 1195 1403 nunc
1224 1351 1312 1403 est
1332 1366 1344 1416 ;
1366 1347 1661 1413 credimus
1675 1352 1985 1404 venturum

341 1436 416 1492 ad
432 1434 849 1508 judicandum,
871 1434 1027 1508 quod
1046 1435 1309 1501 futurum
1325 1440 1432 1491 est.
1450 1439 1589 1493 Item
1616 1436 1758 1492 fides
1775 1440 1831 1491 et
1851 1453 1986 1492 sua-

338 1542 474 1595 rum
504 1520 701 1593 rerum
732 1527 841 1597 est,
876 1529 931 1579 et
961 1522 1307 1583 alienarum.
1340 1524 1487 1580 Nam
1538 1528 1595 1583 et
1642 1541 1704 1581 se
1737 1524 1987 1603 quisque

334 1613 521 1685 credit
531 1613 685 1691 aliqu
696 1613 847 1679 ando
870 1630 999 1670 esse
1014 1614 1279 1687 cmpisse,
1293 1630 1396 1671 nec
1419 1613 1602 1669 fuisse
1625 1613 1825 1687 utique
1839 1631 1986 1671 sem-

333 1703 656 1793 piternum.
690 1704 761 1759 Et
804 1702 948 1793 alios
993 1707 1165 1776 atque
1213 1703 1483 1793 aliaunec
1527 1701 1721 1760 solum
1751 1704 1823 1793 de
1854 1702 1987 1761 aliis

332 1791 680 1863 hominibus
728 1791 936 1861 multa,
990 1809 1117 1864 qua:
1163 1792 1235 1847 ad
1277 1791 1620 1865 religionem
1667 1792 1982 1867 pertinent,

631 1881 643 1892 ,
1050 1882 1061 1893 ,
1266 1880 1279 1893 ,
2100 1876 2267 1892 unum
2294 1876 2352 1892 νυ
2378 1876 2508 1892 ωιυι
2523 1876 2650 1894 una.
2669 1876 2733 1891 μυ
2761 1876 2860 1897 ne.
2878 1876 2973 1901 μιμ
2991 1880 3003 1892 .
3022 1876 3205 1899 ιηιινη
3229 1876 3287 1897 νη
3310 1876 3543 1899 nouum!"
3564 1876 3611 1900 w
3626 1876 3678 1903 ul
3692 1876 3718 1905 ῑῑ

330 1879 1440 2007 :3?ﬁftlﬂidijﬂgfiz*crfglnlﬁﬁ‘
1464 1881 1987 2007 9:332:11???
2097 1931 2147 1980 et
2172 1927 2287 1996 fuit
2312 1930 2637 1997 pernoctans
2666 1927 2723 1980 in
2757 1928 3004 1982 oratione
3031 1927 3624 1999 Dei(Matth.x1v;Luc.
3642 1889 3743 2007 v1):

335 1971 453 2035 nisi
484 1972 774 2030 bonarum
817 1988 1013 2026 rerum
1040 1975 1147 2038 est,
1185 1987 1289 2027 nec
1318 1970 1431 2026 nisi
1463 1970 1891 2038 futurarum,et
1911 1972 1985 2028 ad

332 2078 475 2119 eum
503 2059 941 2134 pertinentium,
962 2058 1062 2132 qui
1080 2075 1278 2114 earum
1300 2075 1466 2132 spem
1486 2076 1686 2132 gerere
1718 2059 1987 2133 perhibe-

334 2156 456 2206 tur.
490 2149 623 2219 Quze
654 2164 788 2215 cum
822 2147 905 2204 ita
932 2147 1051 2205 sint
1080 2152 1315 2221 propter
1362 2147 1471 2203 has
1512 2164 1745 2214 causas,
1779 2149 1988 2205 distin-

334 2238 571 2312 guenda
591 2238 702 2295 erit
732 2238 877 2294 fides
908 2255 942 2292 a
970 2253 1095 2311 spe,
1127 2237 1279 2292 sicut
1307 2236 1707 2303 vocabulo,ita
1741 2237 1989 2294 rationa-

335 2327 442 2384 bili
475 2327 822 2394 dilferentia.
838 2326 983 2381 Nam
999 2325 1152 2399 quod
1172 2325 1380 2382 attinet
1405 2326 1478 2381 ad
1501 2342 1617 2382 non
1638 2326 1852 2397 videre,
1869 2328 1989 2384 sive

335 2434 468 2490 quae
518 2416 859 2483 creduntur,
895 2415 1015 2473 sive
1060 2414 1187 2486 quae
1218 2420 1551 2483 sperantur,
1579 2414 1716 2471 fidei
1747 2416 1986 2489 speique

334 2500 654 2573 commune
666 2504 842 2560 est.In
857 2501 1226 2577 Epistolaqui
1234 2521 1267 2579 p
1274 2520 1343 2576 pe
1356 2503 1428 2560 ad
1443 2503 1713 2561 Hebraeos
1727 2506 1988 2579 (Hebr.n)

336 2613 458 2667 qua
489 2599 637 2651 teste
668 2592 756 2648 usi
790 2596 930 2648 sunt
958 2591 1220 2648 illustres
1242 2591 1536 2649 catholicae
1562 2592 1772 2667 regulae
1790 2586 1988 2651 defen-

337 2700 526 2751 sores,
560 2681 707 2738 fides
736 2698 863 2738 esse
896 2679 1049 2735 dicta
1079 2683 1169 2735 est
1198 2680 1449 2757 cognitio
1491 2676 1685 2738 rerum
1713 2698 1840 2755 qua:
1874 2700 1989 2738 non

335 2771 630 2839 videntur.
647 2768 921 2843 Quamvis
933 2767 1284 2843 quandoque
1298 2786 1361 2824 se
1381 2769 1631 2843 quisque
1646 2786 1760 2825 non
1774 2772 1988 2841 verbis,

338 2877 459 2937 non
491 2858 758 2927 testibus,
777 2875 889 2915 non
904 2857 1157 2930 denique
1181 2855 1315 2914 ullis
1335 2858 1719 2932 argumentis,
1738 2860 1835 2917 sed
1856 2878 1995 2932 prte-

338 2948 601 3017 sentium
632 2965 828 3004 rerum
858 2947 1159 3003 evidentiaa
1210 2947 1354 3002 dicit
1390 2947 1728 3018 credidisse,
1754 2948 1861 3004 hoc
1900 2954 1992 3007 est

341 3038 521 3099 fidem
553 3037 1047 3105 accommodasse.
1081 3036 1205 3093 Non
1236 3036 1318 3091 ita
1336 3036 1567 3097 videtur
1596 3038 1991 3095 absurdiusut

338 3132 497 3187 recte
527 3125 1058 3201 reprehendaturin
1089 3125 1469 3198 verbo,eique
1484 3124 1994 3185 dicaturzvidisti?

333 3232 476 3295 ergo
508 3232 622 3283 non
660 3214 959 3270 credidisti
994 3233 1008 3283 ;
1041 3215 1197 3271 unde
1227 3215 1419 3287 putari
1451 3218 1661 3287 potest,
1695 3232 1810 3271 non
1861 3233 1988 3274 esse
2020 3241 2063 3310 ρ

330 3320 705 3378 consequens
725 3308 927 3361 utnon
941 3303 1315 3359 videaturres
1328 3320 1692 3377 quaecunque
1705 3305 1983 3375 creditur,

334 3394 445 3461 Sed
480 3391 693 3459 melius
706 3392 862 3459 hunc
884 3391 1249 3465 appellamus
1274 3393 1448 3449 fidem
1470 3410 1649 3466 quam
1672 3393 1865 3449 divina
1877 3394 1988 3451 elo-

340 3482 485 3565 quia
513 3483 864 3547 docuerunt:
900 3497 1103 3541 earum
1137 3480 1359 3547 scilicet
1388 3498 1586 3537 rerum
1619 3499 1745 3555 quae
1776 3499 1892 3539 non
1911 3484 1991 3539 vi-

340 3571 577 3637 dentur.
612 3575 687 3627 De
740 3587 843 3643 spe
886 3587 1119 3643 quoque
1161 3568 1471 3643 Apostolus
1515 3570 1642 3626 ait;
1684 3570 1815 3643 Spes
1862 3588 1989 3645 qua:

339 3659 582 3727 videtur,
605 3676 715 3715 non
744 3667 822 3715 est
848 3675 989 3737 spes.
1025 3658 1173 3729 Quod
1199 3662 1348 3715 enim
1380 3660 1540 3726 videt,
1557 3660 1698 3733 quis,
1716 3661 1850 3732 quid
1863 3678 1983 3735 spe-

340 3749 544 3806 ratYSi
571 3756 749 3805 autem
776 3748 917 3820 quod
940 3764 1047 3803 non
1080 3747 1344 3814 videmus,
1359 3764 1662 3819 speramus.
1672 3757 1991 3823 perpetien-

340 3840 484 3894 tiam
510 3846 879 3910 exspectamus
906 3837 1081 3908 (Rom.
1114 3840 1259 3905 vm).
1293 3836 1439 3891 Cum
1469 3852 1605 3910 ergo
1636 3837 1807 3894 nobis
1838 3840 1991 3894 bona

339 3927 542 3983 futura
570 3942 697 3983 esse
728 3926 1064 3993 creduntur,
1084 3924 1231 3980 nihil
1255 3923 1413 3980 aliud
1445 3941 1624 3997 quam
1657 3932 1986 3998 sperantur.

336 4014 476 4071 Jam
508 4015 578 4071 de
607 4030 805 4070 amore
834 4013 983 4087 quid
1007 4012 1365 4079 dicam,sine
1395 4030 1511 4085 quo
1538 4014 1683 4070 ﬁdes
1704 4014 1992 4088 nihilpro-

332 4103 508 4160 dest?
537 4104 683 4176 Spes
710 4120 845 4159 vero
874 4120 1005 4159 esse
1034 4101 1162 4163 sine
1191 4118 1391 4159 amore
1420 4119 1537 4158 non
1580 4106 1792 4175 potest.
1817 4105 1989 4161 Deni,

334 4209 473 4265 que,
507 4197 572 4247 ut
599 4193 681 4248 ait
711 4191 1011 4265 apostolus
1040 4191 1295 4248 Jacobus
1321 4209 1334 4247 :
1366 4192 1434 4247 Et
1461 4191 1737 4249 dmones
1765 4194 1992 4250 credunt

333 4289 392 4338 et
430 4283 852 4338 contremiscunt
880 4282 1017 4354 (Jac.
1059 4284 1124 4350 ιι)
1157 4298 1169 4336 :
1204 4297 1312 4337 nec
1354 4284 1553 4338 tamen
1608 4287 1851 4355 sperant
1899 4283 1990 4339 vel

336 4372 567 4437 amant,
588 4368 691 4426 sed
722 4370 922 4443 potius
949 4370 1103 4442 quod
1136 4386 1444 4443 speramus
1473 4374 1531 4427 et
1560 4387 1993 4439 amamus,cre-

338 4459 536 4516 dendo
562 4463 875 4515 venturum
906 4475 1036 4516 esse
1078 4459 1414 4517 formidant.
1449 4460 1690 4534 Propter
1736 4461 1892 4533 quod
1935 4466 1996 4519 et

338 4546 645 4621 apostolus
675 4546 916 4614 Paulus,
928 4548 1090 4621 ﬁdem
1102 4564 1226 4622 quae
1245 4549 1703 4622 perditaeth
1714 4558 1990 4622 operatur,

338 4613 630 4710 approbat
660 4641 837 4710 atque
865 4613 1638 4711 commendat-(Gathqum
1658 4613 1999 4712 utiquesine

339 4741 450 4798 spe
480 4740 596 4782 non
628 4729 820 4798 potest
838 4742 986 4783 esse.
1004 4726 1250 4782 Proinde
1280 4743 1385 4783 nec
1413 4743 1579 4783 amor
1606 4728 1734 4784 sine
1762 4745 1867 4801 spe
1885 4733 1992 4798 est,

336 4829 451 4871 nec
481 4815 610 4872 sine
641 4831 845 4872 amore:
866 4830 1021 4888 spes,
1055 4831 1162 4872 nec
1191 4820 1511 4888 utrumque
1542 4816 1671 4873 sine
1698 4816 1832 4873 ﬁde.

939 4930 1176 4987 CAPUT
1213 4931 1383 4991 XVII.

453 5019 609 5093 Quod
637 5022 785 5087 inter
803 5036 859 5077 se
887 5018 1155 5095 diferant
1183 5035 1318 5097 spes,
1347 5019 1481 5093 ﬁdes
1507 5026 1564 5079 "et
1600 5023 1859 5083 Charitas.

415 5126 573 5193 Nunc
623 5135 805 5186 autem
852 5135 1056 5197 manet,
1106 5127 1187 5185 ait
1230 5126 1529 5205 apostolus
1577 5127 1816 5201 Paulus,
1854 5146 1994 5202 spes,

335 5214 493 5288 ﬁdes,
523 5214 786 5289 charitas,
828 5219 953 5287 Tria
980 5215 1117 5276 haec.
1140 5216 1321 5288 major
1348 5224 1529 5274 autem
1556 5214 1751 5285 homin
1778 5219 1993 5276 estcha-

339 5305 483 5367 ritas,
513 5305 560 5377 (l
588 5306 709 5364 Cor.
742 5306 885 5377 xm).
920 5305 1091 5365 Fides
1120 5304 1179 5363 in
1213 5319 1377 5379 spem
1409 5304 1661 5379 proficit,
1696 5324 1830 5380 spes
1857 5325 1993 5367 vero

340 5391 417 5451 ad
447 5393 816 5465 charitatem.
833 5395 895 5453 In
920 5394 1192 5479 praesenti
1223 5411 1355 5457 vero
1386 5398 1528 5452 sunt
1556 5394 1762 5468 tria,in
1796 5396 1990 5453 futuro

342 5480 469 5540 sola
489 5482 1093 5555 charitassanctorum
1109 5482 1517 5557 etangelorum
1541 5487 1599 5539 et
1619 5485 1713 5540 Dei
1729 5486 1988 5560 (Prosp.),

342 5570 636 5645 Quidquid
654 5572 797 5629 fides
809 5578 864 5629 et
885 5590 1019 5647 spes
1049 5571 1859 5645 promiseratconsummabit.
1876 5575 1991 5630 Ma-

333 5660 441 5739 jas
469 5676 605 5738 ergo
632 5667 723 5729 est
738 5663 891 5749 quod
914 5678 1146 5743 semper
1165 5661 1295 5735 erit,
1311 5677 1488 5741 quam
1500 5661 1655 5739 quod
1678 5661 1990 5738 aliquando

2101 591 2308 653 notitia
2334 591 2420 655 vel
2458 591 2722 658 scientia,
2757 608 2863 647 nec
2894 609 3010 647 non
3062 592 3189 665 ipsa
3221 591 3365 652 fides
3402 594 3490 650 vel
3541 603 3746 657 caetera

2099 678 2258 748 talia,
2276 697 2403 753 qua
2422 698 2535 737 non
2559 681 2971 759 perfectionem
3000 680 3282 750 fidelium,
3301 682 3399 738 sed
3432 683 3746 759 fragilitate

2099 769 2429 827 necessaria
2458 768 2884 837 indicantur,in
2919 768 3019 824 illa
3049 769 3400 841 perfectione
3422 771 3746 845 justorum,

2100 857 2287 931 quoin
2310 856 2587 913 charitate
2610 856 2850 913 radicati
2876 859 3255 927 contendunt,
3271 861 3748 932 pervenientibus

2100 947 2432 1011 necessaria
2460 962 2589 1002 esse
2613 963 2727 1003 non
2758 951 3051 1027 poterunt,
3087 948 3187 1003 sed
3218 946 3343 1004 sola
3372 949 3629 1009 Charitas
3669 949 3748 1008 ibi

2098 1036 2351 1111 perfecta
2379 1035 2507 1106 erit,
2543 1053 2675 1093 cum
2699 1036 2982 1108 perfectos
3011 1036 3146 1102 Deo,
3179 1053 3212 1091 a
3243 1053 3358 1110 quo
3390 1037 3606 1099 donata
3636 1043 3747 1110 est,

2099 1126 2229 1203 conj
2238 1125 2485 1183 auxerit.

2677 1213 2907 1275 CAPUT
2945 1213 3141 1271 XVIII.

2699 1304 2771 1361 De
2800 1305 3062 1367 oratione.

2169 1391 2378 1467 (Cypr.)
2400 1393 2681 1451 Dominus
2710 1392 2867 1449 enim
2902 1398 3101 1449 noster
3128 1393 3300 1449 Jesus
3332 1393 3599 1457 Christus
3630 1416 3746 1459 non

2096 1484 2327 1545 tantum
2357 1483 2569 1551 verbis,
2604 1482 2705 1551 sed
2738 1486 2796 1538 et
2821 1482 2991 1547 factis
3021 1499 3184 1545 orare
3214 1500 3321 1540 nos
3368 1485 3583 1545 docuit.
3617 1487 3750 1563 Ipso

2096 1587 2269 1627 orans
2302 1571 2640 1647 frequenter
2668 1576 2726 1626 et
2758 1571 3098 1645 deprccans,
3126 1576 3184 1627 et
3230 1574 3371 1645 quid
3403 1591 3509 1631 nos
3558 1575 3747 1645 facere

2096 1664 2381 1733 oporteret
2414 1659 2662 1734 exempli
2709 1659 2802 1717 sui
2842 1661 3261 1718 contestatione
3310 1662 3744 1738 demonstrans,

2096 1747 2250 1803 sicut
2272 1748 2553 1820 scriptum
2576 1753 2665 1805 est
2680 1768 2691 1804 :
2708 1748 2836 1821 Ipse
2849 1754 3044 1813 autem
3061 1749 3527 1815 fuitsocedensin
3542 1754 3747 1815 solitu-

2099 1835 2267 1892 dines
2294 1840 2352 1892 et
2378 1837 2650 1894 adorans.
2666 1836 2733 1891 Et
2760 1836 3003 1901 iterum:
3022 1840 3207 1899 Exivit
3229 1840 3287 1897 in
3307 1849 3543 1899 montem
3564 1859 3742 1915 orare,

2097 2014 2258 2077 Quod
2300 2014 2348 2070 si
2380 2013 2476 2070 ille
2505 2014 2708 2070 orabat
2737 2013 2838 2086 qui
2886 2015 3014 2071 sine
3065 2019 3299 2087 peccato
3349 2020 3489 2085 erat,
3526 2024 3744 2091 quanto

2098 2102 2288 2176 magis
2320 2108 2653 2176 peccatores
2684 2107 2910 2176 oportet
2938 2120 3121 2159 orare.
3140 2105 3207 2159 Et
3236 2103 3285 2158 si
3319 2102 3417 2159 ille
3447 2121 3550 2177 per
3563 2110 3745 2169 totam

2097 2196 2323 2248 noctem
2336 2193 2560 2265 jugiter
2578 2191 2827 2265 vigilans
2849 2196 2903 2247 et
2917 2193 3211 2248 continuis
3230 2193 3502 2265 precibus
3519 2198 3743 2268 orabat,

2098 2284 2317 2352 quanto
2340 2281 2527 2354 magis
2558 2298 2665 2337 nos
2678 2281 2736 2335 in
2754 2282 3177 2354 frequentanda
3189 2281 3449 2340 oratione
3462 2283 3746 2343 debemus

2098 2356 2265 2425 nocte
2290 2369 2552 2443 vigilare.
2570 2370 2650 2429 De
2671 2370 2779 2425 hoc
2799 2375 2855 2435 et
2876 2370 3252 2431 beatissimus
3272 2371 3619 2435 Ambrosius
3630 2376 3747 2448 epi-

2097 2474 2312 2533 scopus
2341 2458 2445 2514 ait:
2464 2459 2623 2524 Quod
2656 2462 2853 2515 autem
2886 2459 3171 2515 Dominus
3195 2459 3368 2519 Jesus
3395 2467 3745 2535 pernoctans

2100 2546 2210 2602 fuit
2240 2547 2299 2603 in
2321 2548 2581 2607 oratione
2594 2546 2716 2618 Dei,
2731 2547 3031 2603 formatibi
3049 2547 3443 2619 przescribilur
3455 2567 3630 2623 quam
3646 2552 3745 2609 de-

2099 2635 2237 2691 beas
2267 2634 2546 2692 aamulari.
2563 2635 2791 2708 (Ambr.)
2807 2635 2952 2701 Quid
2971 2636 3127 2691 enim
3153 2639 3204 2692 te
3226 2653 3329 2710 pro
3344 2636 3648 2696 salutetua
3660 2641 3744 2699 fa-

2100 2739 2227 2778 cere
2256 2725 2754 2797 oportet,,quando
2778 2741 2880 2797 pro
2909 2728 2963 2779 te
2993 2724 3327 2796 Cgristusin
3341 2727 3601 2785 oratione
3615 2745 3745 2801 per-

2100 2812 2333 2867 nectet?
2353 2812 2499 2878 Quid
2533 2817 2589 2868 te
2613 2813 2797 2868 facere
2819 2802 3257 2879 convenit,cum
3289 2814 3374 2870 vis
3405 2813 3641 2889 aliquod
3665 2816 3747 2874 of-

2100 2900 2296 2956 ficium
2315 2901 2545 2977 pietatis
2572 2901 2808 2968 adoriri,
2824 2919 2957 2957 cum
2980 2900 3244 2959 Christus
3266 2902 3558 2960 missurus
3574 2921 3743 2979 apos-

2099 2987 2269 3060 tolos,
2300 2990 2466 3063 prius
2496 3007 2661 3048 orare
2692 2990 2933 3047 curavit.

2702 3079 2932 3137 CAPUT
2970 3076 3110 3139 XIX.

2450 3175 2522 3227 De
2547 3168 2709 3226 laude
2734 3173 2788 3231 et
2814 3170 3060 3226 utilitate
3087 3173 3373 3229 orationis.

2171 3258 2378 3331 (Joan.)
2401 3257 2586 3323 Quam
2617 3262 2813 3315 autem
2846 3257 3161 3319 laudabilis
3193 3265 3249 3315 et
3272 3259 3433 3317 utilis
3460 3261 3747 3339 valdeque

2100 3347 2430 3403 necessaria
2460 3347 2537 3404 sit
2560 3347 3022 3414 oratio,sanctus
3051 3348 3305 3408 Joannes
3334 3348 3746 3411 Constantino-

2101 3435 2396 3508 politanus
2424 3438 2671 3497 antistes
2702 3437 2856 3495 inter
2886 3442 3092 3495 caetera
3120 3438 3299 3495 dicit:
3335 3439 3533 3499 Oratio
3563 3439 3745 3499 eccle-

2100 3524 2336 3582 siastica
2349 3524 2761 3583 solvitvincula
2774 3525 3147 3587 Petri.0ratio
3160 3526 3320 3583 Pauli
3334 3527 3594 3585 dilatavit
3604 3546 3750 3603 pra;-

2099 3614 2407 3673 dicationis
2430 3614 2726 3673 ﬁduciam.
2744 3614 2937 3673 Oratio
2955 3614 3251 3672 caminum
3270 3616 3423 3691 ignis
3446 3618 3745 3681 exstinxit.

2099 3702 2294 3759 Oratio
2313 3702 2605 3760 conclusit
2636 3721 2737 3760 ora
2755 3703 3213 3763 loonum.Oratio
3232 3704 3576 3763 seditionem
3591 3723 3749 3764 com-

2099 3793 2345 3865 pescuit.
2380 3793 2575 3857 Oratio
2603 3793 2942 3868 paradisum
2975 3793 3431 3867 aperuit.0ratio
3461 3794 3589 3851 caeli
3622 3812 3754 3853 car-

2101 3880 2266 3938 dines
2297 3882 2594 3947 reseravit.
2626 3882 2823 3939 Oratio
2873 3882 3130 3941 sterilem
3173 3883 3526 3943 fecundavit.
3555 3883 3752 3943 Oratio

2100 3968 2348 4025 Cornelii
2379 3969 2552 4025 caelos
2582 3970 3116 4041 penetravit.(lsid.)
3146 3970 3339 4026 Oratio
3370 3970 3755 4043 publicanum

2092 4056 2457 4128 justiticavit.
2473 4056 2669 4112 Oratio
2692 4058 2965 4129 frequens
2978 4057 3195 4133 diaboli
3210 4058 3411 4128 jacula
3423 4060 3750 4115 submovet.

2101 4145 2295 4201 Oratio
2327 4146 2600 4218 frequens
2631 4149 2689 4200 et
2718 4146 2996 4202 continua
3028 4145 3243 4201 diaboli
3277 4146 3393 4201 tela
3421 4152 3749 4219 exsuperat.

2101 4234 2296 4291 Oratio
2310 4235 2582 4306 frequens
2603 4234 2875 4291 ﬂammas
2897 4234 3177 4292 vitiorum
3198 4234 3752 4307 exstinguit.0ratlo

2101 4323 2341 4398 grandis
2371 4328 2461 4380 est
2491 4324 2700 4383 anima:
2751 4324 3018 4389 munitio.
3054 4323 3273 4399 (Basil.)
3307 4328 3415 4380 Per
3461 4324 3752 4385 orationes

2102 4413 2454 4487 purissimas
2494 4413 2694 4473 omnia
2741 4412 2910 4477 nobis
2962 4412 3133 4471 utilia
3176 4414 3519 4471 tribuuntur
3559 4430 3593 4473 a
3642 4417 3750 4471 Do:-

2105 4503 2284 4570 mino,
2317 4506 2375 4559 et
2398 4506 2608 4560 cuncta
2638 4503 2809 4563 noxia
2840 4500 3040 4575 procul
3072 4502 3251 4562 dubio
3291 4504 3642 4577 effugantur.

2735 4590 2967 4647 CAPUT
3006 4589 3119 4646 XX.

2355 4684 2432 4737 De
2462 4682 2765 4736 reverentia
2795 4687 2855 4736 et
2874 4678 3153 4737 devotione
3181 4682 3470 4738 orationis.

2177 4768 2400 4843 (Cypr.)
2430 4768 2671 4837 Quando
2702 4772 2899 4827 autem
2931 4774 3160 4827 stamus
3189 4770 3262 4827 ad
3308 4769 3654 4837 orationem,
3687 4773 3753 4827 ut

2106 4858 2519 4917 sanctissimus
2550 4862 2769 4933 martyr
2797 4857 3118 4937 Cyprianus
3149 4857 3250 4928 ait,
3266 4855 3566 4931 invigilare
3586 4860 3643 4915 et
3662 4857 3751 4915 in-

2104 4948 2377 5005 cumbere
2407 4948 2481 5013 ad
2508 4964 2711 5022 preces
2752 4951 2873 5005 toto
2923 4948 3095 5009 corde
3135 4946 3437 5005 debemus.
3466 4945 3751 5021 Cogitatio

2104 5035 2296 5093 omnis
2328 5035 2579 5095 carnalis
2600 5040 2658 5094 et
2674 5035 2971 5094 saecularis
2985 5035 3283 5105 abscedat,
3299 5051 3403 5093 nec
3425 5034 3750 5108 quidquam

2102 5131 2245 5181 tunc
2276 5127 2509 5187 animus
2540 5143 2719 5200 quam
2742 5125 2800 5184 id
2831 5125 3025 5183 solum
3045 5126 3257 5202 cogitet
3271 5125 3428 5200 quod
3459 5130 3751 5202 precatur.

2100 5216 2233 5272 Ideo
2247 5219 2303 5271 et
2314 5215 2585 5279 sacerdos
2596 5219 2731 5277 ante
2743 5215 3065 5273 orationem
3081 5213 3751 5289 prmfationeprwmissa,

2099 5308 2265 5378 parat
2278 5307 2500 5360 mentes
2513 5303 2761 5363 fratrum
2775 5302 3038 5361 dicendo:
3057 5304 3305 5365 Sursum
3317 5304 3514 5375 corda;
3531 5310 3595 5363 ut
3606 5304 3753 5362 dum

2099 5394 2445 5466 respondeat
2467 5391 2660 5465 plebs:
2679 5392 2965 5453 habemus
2980 5392 3051 5449 ad
3077 5392 3416 5463 Dominum,
3432 5394 3749 5453 admonea-

2100 5499 2234 5538 mur
2263 5480 2409 5536 nihil
2441 5479 2599 5537 aliud
2613 5498 2675 5537 se
2696 5497 2875 5555 quam
2897 5482 3214 5540 Dominum
3245 5485 3498 5557 cogitare
3512 5481 3740 5538 debere.

2098 5572 2415 5627 claudatur
2443 5576 2645 5626 contra
2673 5570 3073 5628 adversarium
3096 5577 3299 5646 pectus
3312 5577 3367 5628 et
3385 5570 3490 5627 soli
3516 5570 3630 5625 Deo
3642 5586 3746 5641 pa-

2100 5664 2239 5734 teat,
2262 5676 2369 5721 neo
2399 5660 2472 5721 ad
2505 5676 2568 5721 se
2593 5658 2825 5723 hostem
2856 5662 2955 5722 Dei
2986 5667 3246 5744 tempore
3275 5657 3555 5721 orationis
3583 5656 3751 5723 adire
