4102 6180
465 382 671 449 899-

863 387 1273 453 HAYMONIS
1319 388 1861 456 HALBEItSTAT.
1909 395 2158 463 EPISC‘.
2201 394 2373 481 OPP.
2420 398 2620 464 PARS
2665 400 2870 465 Ill.—
2899 400 3452 471 MISCELLANEA.

3698 418 3795 483 900

460 518 742 591 patiatur.
775 518 1015 594 Obrepit
1071 520 1229 580 enim
1271 524 1606 598 frequenter
1648 530 1704 582 et
1743 531 2031 600 penetrat,
2057 533 2114 587 et
2139 531 2197 601 Α
2224 547 2328 588 nec
2355 548 2616 606 unquam
2631 533 2705 591 ab
2730 533 2989 592 oratione
3011 537 3276 609 cessabit,
3294 539 3795 614 nisijustusessede-

460 607 758 664 subtiliter
798 608 1010 667 fallens
1054 626 1257 683 preces
1301 608 1536 671 uestras
1562 633 1597 671 a
1632 615 1749 673 Deo
1795 621 2013 687 avocat,
2048 624 2113 676 ut
2219 622 2408 679 sistat.
2441 623 2570 680 Sive
2600 624 2758 681 enim
2791 626 3107 683 manducet
3154 632 3210 684 et
3249 607 3428 700 bibat,
3457 636 3548 689 aut
3589 634 3795 696 dormiat

460 695 619 753 aliud
644 696 970 756 habeamus
1001 699 1060 754 in
1086 701 1279 770 corde,
1295 705 1353 758 et
1373 701 1535 761 aliud
1557 703 1618 760 in
1645 709 1858 773 mente,
1875 709 2109 780 quando
2208 710 2434 783 justus,
2468 717 2571 768 aut
2596 718 2888 786 operetur,
2921 719 3024 771 aut
3054 713 3357 788 loquatur,-
3375 695 3473 776 aut
3499 719 3639 779 aliud
3683 726 3794 798 quid

459 785 784 844 intentione
804 788 1031 845 sincera
1055 792 1234 845 Deum
1256 790 1465 848 debeat
1484 794 1768 851 nonvoeis
1789 812 1991 869 sonus,
2005 798 2109 855 sed
2216 799 2418 870 faciat,
2448 801 2498 858 si
2528 802 2602 858 ad
2631 785 2879 875 gloriam
2921 808 2978 860 et
3006 804 3243 861 laudem
3289 805 3408 878 Dei,
3439 812 3494 865 et
3531 813 3798 875 secundum

458 875 694 932 animus
740 879 797 931 et
838 893 1047 933 sensus
1088 895 1271 934 orare.
1301 880 1435 945 Quae
1486 888 1683 939 autem
1728 885 1978 957 segnitia
2018 892 2108 944 est
2214 890 2344 962 ejus
2373 888 2736 949 voluntatem
2765 892 2925 962 facit,
2958 894 3144 950 oratio
3171 899 3278 951 est.

457 961 697 1020 alienari
710 963 901 1035 eteapi
915 966 1128 1039 ineptis
1140 968 1591 1041 cogitationibus
1605 974 1878 1045 etprofan
1906 992 1953 1043 s,
1969 993 2105 1033 cum

454 1051 766 1109 Dominum
789 1053 1140 1126 depreceris,
1158 1057 1328 1128 quasi
1345 1059 1425 1114 sit
1444 1058 1603 1116 aliud
1626 1063 1782 1134 quod
1804 1064 1992 1137 magis
2008 1066 2105 1123 de-

383 1217 386 1221 .
453 1141 593 1197 beas
604 1141 875 1214 cogitare,
892 1159 1072 1214 quam
1086 1145 1242 1217 quod
1253 1164 1387 1202 cum
1401 1148 1517 1205 Deo
1542 1148 1842 1222 loquaris?
1854 1154 2100 1228 (Bened.)

452 1229 600 1286 Nam
624 1235 680 1285 et
708 1247 842 1286 eum
875 1231 1033 1303 quali
1058 1233 1361 1291 devotione
1391 1241 1449 1292 et
1479 1240 1799 1296 reverentia
1829 1242 1907 1298 sit
1928 1259 2100 1299 oran-

450 1317 594 1374 dum
624 1319 1000 1376 beatissimus
1029 1326 1086 1376 et
1110 1324 1523 1382 sanctissimus
1553 1332 1718 1400 pater
1750 1329 2098 1389 Benedictus

448 1407 1024 1465 demonstratdieens
1040 1428 1053 1467 :
1069 1412 1124 1465 Si
1140 1428 1276 1467 eum
1298 1413 1638 1473 hominibus
1658 1420 2100 1490 potentibusvo-

453 1494 655 1553 lumus
676 1495 875 1570 aliqua
898 1515 1230 1572 suggerere,
1245 1517 1363 1558 non
1383 1506 1796 1576 prasumimus
1817 1508 1929 1566 nisi
1960 1527 2096 1567 cum

445 1585 775 1642 humilitate
806 1591 862 1643 et
887 1589 1225 1659 reverentia,
1243 1597 1462 1663 quanto
1494 1595 1683 1668 magis
1712 1599 1956 1655 Domino
1978 1599 2095 1657 Deo

446 1674 999 1733 universorumcum
1021 1679 1181 1733 omni
1204 1679 1536 1737 humilitate
1559 1688 1615 1739 et
1634 1687 1909 1756 puritatis
1920 1688 2093 1745 devo-

442 1762 599 1820 tione
627 1764 1083 1838 supplicandum
1113 1771 1221 1823 est.
1240 1768 1308 1824 Et
1338 1786 1453 1825 non
1482 1769 1543 1826 in
1570 1772 1960 1847 multiloquio,
1990 1779 2092 1834 sed

442 1852 504 1908 in
527 1853 778 1925 puritate
807 1855 999 1912 cordis
1028 1861 1084 1911 et
1112 1858 1558 1928 compunctione
1579 1859 1969 1935 laerymarum
1984 1884 2090 1925 nos

2794 1025 3031 1082 CAPUT
3069 1026 3257 1084 XXIII.

2425 1112 2583 1184 Quod
2610 1128 2735 1169 eum
2762 1117 3012 1172 oratione
3040 1118 3228 1172 omnia
3254 1125 3379 1174 sunt
3415 1119 3622 1192 agenda.

2281 1210 2571 1283 (Ambros)
2601 1212 2816 1269 Servus
2844 1212 3003 1269 enim
3034 1213 3135 1270 Dei
3166 1215 3436 1273 assiduus
3461 1233 3578 1275 esse
3599 1220 3795 1278 debetin

2207 1299 2488 1367 oratione,
2514 1303 2589 1369 et,
2621 1305 2687 1356 ut
2716 1300 2796 1356 ait
2828 1302 3129 1374 apostolus
3158 1303 3391 1375 Paulus,
3405 1304 3524 1363 sine
3550 1306 3795 1366 intermis-

2207 1386 2368 1444 sione
2397 1404 2561 1444 orare
2591 1390 2642 1462 (Ι
2676 1389 2854 1445 Thess.
2888 1391 2975 1461 η).
3003 1392 3152 1457 Quia
3175 1391 3389 1448 sedulae
3418 1410 3601 1465 preces
3627 1413 3794 1468 provo-

2204 1481 2337 1533 cant
2348 1476 2605 1533 animam
2609 1478 2634 1550 j
2642 1478 2831 1535 udicis
2844 1481 2916 1536 ad
2931 1479 3187 1537 dandam
3221 1481 3793 1545 misericordiam.Nam

2202 1570 2259 1620 et
2280 1566 2434 1622 idem
2463 1566 2776 1640 Apostolus
2806 1569 3081 1625 admonet
3110 1569 3338 1627 dicens:
3357 1573 3550 1629 Instate
3575 1576 3789 1643 orationi,

2201 1654 2492 1724 vigilantes
2541 1657 2602 1710 in
2647 1672 2710 1713 ea
2758 1656 2897 1729 (Col.
2946 1657 3066 1729 1v);
3101 1658 3317 1731 (Cypr.)
3368 1659 3571 1717 docens
3614 1661 3794 1720 scilicet

2201 1746 2259 1798 et
2287 1744 2625 1816 ostendens,
2660 1762 2759 1801 eos
2778 1745 3096 1819 impetrare
3127 1748 3286 1820 quod
3316 1749 3602 1821 postulant
3625 1751 3686 1807 de
3707 1756 3792 1809 Deo

2201 1848 2373 1903 posse
2402 1832 2557 1905 quod
2583 1832 2773 1890 videat
2801 1834 2957 1891 Deus
2990 1835 3049 1891 in
3080 1837 3343 1905 oratione
3367 1837 3611 1910 vigilare.
3645 1839 3791 1913 (Aug)

2115 1906 2165 1973 Β
2195 1920 2392 1993 Neque
2435 1921 2530 1977 die
2576 1939 2745 1980 vaces
2769 1940 2958 1996 neque
2984 1930 3172 1995 nocte,
3208 1926 3311 1982 sed
3339 1942 3470 1984 eum
3498 1944 3713 1984 somnus
3736 1929 3791 1984 de

2195 2009 2381 2067 oculis
2409 2011 2527 2069 tuis
2558 2011 2851 2084 ceciderit,
2884 2016 3025 2069 tunc
3056 2030 3270 2071 sensus
3299 2018 3436 2074 tuus
3476 2015 3531 2071 in
3573 2015 3787 2073 oratione

2192 2097 2866 2173 vigilet.(Hieron.)Sieut
2894 2101 3053 2158 enim
3080 2102 3255 2158 militi
3286 2104 3413 2161 sine
3436 2105 3602 2161 armis
3620 2106 3684 2161 ad
3696 2105 3787 2161 bel-

2192 2186 2315 2242 lum
2337 2188 2490 2244 exire
2521 2205 2635 2244 non
2668 2190 2955 2258 convenit,
2991 2189 3072 2247 ita
3099 2191 3329 2248 homini
3358 2192 3660 2250 Christiano
3684 2210 3790 2267 pre-

2193 2277 2395 2333 cedere
2408 2276 2668 2349 quolibet
2698 2278 2824 2334 sine
2846 2280 3107 2336 oratione
3129 2297 3250 2336 non
3279 2282 3522 2354 expedit.
3535 2282 3790 2356 Egredien-

2190 2370 2277 2421 tes
2308 2365 2378 2421 de
2407 2365 2661 2439 hospitio
2688 2372 2875 2424 armet
2901 2368 3578 2442 oratio,regredientibus
3605 2372 3667 2427 de
3684 2370 3783 2443 pla-

441 1941 702 1997 exaudiri
732 1942 1010 1999 sciamus.

1043 2048 1276 2107 CAPUT
1312 2053 1453 2110 XXI.

441 2132 591 2204 Quod
620 2136 741 2207 ipsa
770 2145 849 2193 est
877 2139 1224 2218 acceptabilis
1252 2144 1377 2218 ρεοΔ
1395 2150 1578 2218 oratio
1627 2162 1753 2218 quae
1798 2150 1918 2206 sine
1962 2152 2084 2209 odio

964 2212 1211 2282 fraterno
1236 2214 1512 2284 funditur.

510 2294 722 2368 (Greg.)
756 2296 889 2352 Cum
911 2300 1132 2356 stabitis
1162 2302 1232 2357 ad
1279 2307 1608 2373 orationem,
1642 2308 1837 2381 inquit
1883 2311 2081 2368 Domi-

436 2400 570 2449 nus,
587 2383 853 2441 dimittite
880 2388 933 2442 si
961 2388 1093 2458 quid
1122 2388 1332 2445 habetis
1346 2392 1603 2450 adversus
1625 2397 1861 2454 alterum
1894 2400 2077 2471 (Marc.

434 2470 538 2543 χι).
573 2472 718 2529 Hinc
758 2475 970 2530 iterum
1021 2476 1162 2533 dicit
1191 2495 1203 2534 :
1228 2480 1351 2536 Nisi
1399 2485 1723 2541 remiseritis
1766 2487 2078 2547 hominibus

426 2568 781 2631 peccata,nec
802 2568 969 2618 Pater
996 2573 1169 2621 vester
1195 2568 1293 2638 qui
1323 2569 1376 2623 in
1410 2572 1556 2626 cretis
1583 2578 1662 2628 est
1683 2577 1916 2632 remittet
1930 2579 2078 2634 vobis

422 2656 645 2718 peccata
664 2657 838 2705 vestra
866 2651 1083 2723 (Matth.
1116 2656 1216 2725 vx).
1247 2656 1395 2713 Hinc
1425 2675 1660 2717 rursum
1693 2662 1775 2718 ait
1803 2680 1815 2719 :
1845 2665 1976 2722 Date
2024 2676 2076 2724 et

425 2735 648 2794 dabitur
693 2739 886 2806 vobis;
915 2740 1132 2797 dimitte
1177 2752 1230 2799 et
1277 2745 1587 2804 dimittetur
1631 2751 1780 2808 vobis
1812 2754 1944 2825 (Luc
1972 2758 2070 2825 v1).

424 2823 571 2880 Hinc
601 2827 1016 2886 constitutione
1049 2823 1862 2903 postulationisconditionem
1878 2823 2075 2915 posuit

424 2912 664 2984 pietatis
695 2916 896 2973 dicens
930 2935 943 2973 :
974 2921 1195 2977 Dimitte
1222 2923 1380 2979 nobis
1408 2925 1590 2982 debita
1618 2933 1829 2998 nostra,
1855 2912 1995 2988 sicut
2022 2942 2075 2991 et

424 3017 523 3058 nos
573 3003 905 3092 dimittimus
955 3008 1288 3069 debitoribus
1339 3017 1541 3071 nostris
1589 3016 1793 3088 (Matth.
1820 3019 1917 3092 vr).
1969 3021 2071 3079 llle

423 3093 574 3146 recte
603 3090 694 3147 sui
734 3093 927 3150 delicti
976 3097 1205 3153 veniam
1254 3101 1531 3172 postulat,
1561 3120 1695 3160 cum
1753 3090 2065 3182 hoc—quod

419 3178 584 3251 prius
614 3180 672 3235 in
701 3181 829 3253 ipso
859 3183 1222 3258 delinquitur
1242 3190 1481 3248 relaxat.
1504 3192 1879 3252 Dimittamus
1909 3178 2065 3255 enim

419 3268 576 3339 quod
605 3270 850 3326 debetur
889 3273 1080 3343 nobis,
1116 3280 1182 3332 ut
1211 3277 1543 3336 dimittatur
1572 3284 1729 3355 quod
1761 3285 2007 3344 debetur
2030 3307 2065 3346 a
2093 3275 2136 3344 C

417 3357 607 3414 nobis.
640 3359 903 3434 Relinque
925 3366 1182 3435 proximo
1209 3374 1321 3435 tuo,
1338 3368 1419 3424 ait
1437 3368 1736 3439 Salomon,
1754 3379 1973 3434 nocenti
1992 3386 2061 3448 te,

416 3453 467 3501 et
495 3454 625 3503 tunc
646 3447 961 3520 deprecanti
980 3453 1083 3508 tibi
1096 3464 1318 3525 peccata
1335 3456 1816 3533 solventur(Eccli.
1842 3447 2061 3539 xxvm).

416 3533 515 3588 Ait
541 3536 694 3591 enim
729 3540 1029 3611 apostolus
1062 3542 1279 3600 Paulus
1314 3562 1326 3600 :
1367 3548 1490 3603 Volo
1519 3550 1707 3620 itaque
1732 3553 1880 3609 viros
1904 3533 2064 3614 orare

414 3623 475 3677 in
507 3626 657 3679 omni
686 3627 817 3694 loco,
835 3628 1075 3684 levantes
1101 3641 1316 3688 sanctas
1343 3651 1541 3691 manus
1567 3641 1686 3694 sine
1716 3641 1803 3696 ira
1833 3643 2065 3701 etdisce-

408 3713 655 3782 ptatione
685 3715 736 3786 (Ι
766 3717 900 3772 Tim.
922 3722 1004 3785 Il).
1037 3719 1327 3792 (Ambros)
1359 3723 1672 3783 Paciﬁcum
1704 3730 1969 3788 animum
2000 3735 2060 3790 in

413 3798 675 3857 oratione
701 3819 831 3859 esse
860 3805 1087 3875 debere,
1106 3813 1171 3862 ut
1200 3809 1273 3864 ad
1299 3810 1570 3870 ell‘ectum
1601 3814 2062 3878 deducaturora—

412 3887 513 3944 tio.
545 3893 766 3948 Sanctae
796 3892 955 3948 enim
979 3911 1191 3954 manus
1224 3902 1364 3956 sunt
1388 3903 1622 3973 quando
1652 3922 1752 3962 cor
1772 3910 2060 3968 mundum

411 3980 521 4033 est.

1001 4092 1234 4151 CAPUT
1272 4096 1448 4155 XXII.

412 4170 662 4244 Qualiter
722 4195 933 4251 semper
992 4184 1114 4238 sine
1179 4186 1370 4257 aliqua
1430 4188 1833 4249 intermissione
1899 4210 2059 4252 orare

1079 4270 1389 4326 possumus.

476 4335 665 4405 (Beda.
668 4346 695 4407 )
718 4335 815 4391 Ait
845 4339 1003 4394 enim
1035 4339 1322 4402 Dominus
1357 4364 1371 4402 :
1407 4345 1623 4419 Oportet
1650 4367 1861 4424 semper
1900 4371 2060 4413 orare

406 4431 458 4480 et
494 4442 602 4480 non
634 4425 859 4496 deﬁcere
887 4428 1033 4489 (Luc.
1067 4435 1243 4500 mn).
1279 4433 1348 4489 Et
1378 4436 1680 4508 apostolus
1717 4442 1934 4501 Paulus
1964 4444 2055 4500 di-

406 4511 488 4566 cit
537 4529 550 4566 :
600 4513 821 4586 Semper
881 4517 1105 4587 gaudete
1164 4529 1215 4577 et
1260 4523 1379 4579 sine
1438 4526 1840 4587 intermissione
1908 4541 2056 4591 orate

404 4601 458 4714 (I‘
488 4600 673 4714 Ithess;
705 4602 793 4714 1:).
822 4604 1183 4714 Quis‘autem
1217 4615 1410 4712 potest
1456 4613 1538 4671 ita
1583 4633 1815 4692 semper
1867 4637 2053 4695 orare,
2082 4647 2131 4714 Π

403 4690 461 4744 et
490 4689 616 4746 sine
641 4691 865 4749 defectu
897 4694 986 4751 vel
1013 4697 1447 4759 intermissione
1467 4689 1739 4777 precibus
1757 4708 2048 4782 insistere,

406 4782 470 4832 ut
500 4794 605 4835 nec
634 4778 982 4839 alimentum
1014 4787 1309 4857 sumendi,
1336 4795 1439 4846 aut
1470 4793 1795 4851 dormiendi
1820 4778 2053 4872 tempus

402 4864 778 4927 habeat?Aut
807 4888 944 4947 ergo
976 4873 1290 4933 dicendum
1313 4884 1404 4935 est
1422 4897 1555 4938 eum
1570 4898 1802 4957 semper
1821 4864 1984 4946 orare
1997 4895 2054 4946 et

401 4971 517 5011 non
547 4957 811 5030 deficere,
845 4963 947 5034 qui
979 4965 1276 5021 canonicis
1308 4967 1476 5025 horis
1508 4971 1766 5043 quotidie
1790 4975 2048 5047 justari-

400 5047 529 5098 tum
554 5045 966 5107 ecclesiasticas
998 5054 1331 5112 traditionis
1362 5057 1727 5131 psalmodiis,
1748 5045 2048 5134 precibus-

400 5144 515 5202 que
544 5138 842 5192 consuetis
871 5144 1053 5196 Deum
1083 5142 1324 5201 laudare
1352 5151 1405 5202 et
1434 5164 1637 5221 rogare
1658 5167 1772 5208 non
1796 5153 2047 5229 desistit;

399 5222 455 5275 et
483 5218 593 5275 hoc
622 5238 749 5280 esse
780 5228 935 5297 quod
963 5229 1278 5291 Psalmista
1303 5218 1533 5293 dicebat
1556 5253 1570 5294 :
1596 5239 1921 5299 Benedicam
1940 5218 2046 5303 Do;

397 5309 613 5364 minam
642 5312 701 5365 in
730 5318 885 5370 omni
910 5324 1162 5390 tempore,
1194 5338 1402 5396 semper
1431 5324 1552 5380 laus
1580 5327 1698 5399 ejus
1727 5331 1784 5386 in
1817 5348 1911 5389 ore
1928 5352 2045 5393 meo

397 5396 587 5488 (Psal;
604 5401 824 5473 χχχιιι).
858 5404 973 5459 Aut
993 5411 1147 5464 certe
1178 5412 1394 5481 omnia,
1430 5429 1556 5486 quae
1578 5396 1782 5488 j'ustus
1834 5439 2043 5482 secun-

395 5485 537 5581 dum
552 5483 734 5581 Deum
747 5489 899 5581 gerit
912 5483 1541 5567 etdicit,adorationem
1556 5483 1683 5562 esse
1696 5513 1895 5581 reputa
1904 5513 2040 5573 nda.

393 5574 540 5641 Quia
559 5574 716 5633 enim
733 5578 935 5650 justus
953 5583 1076 5640 sine
1105 5586 1535 5648 intermissione
1566 5612 1692 5666 quae
1708 5574 1873 5667 justa
1905 5609 2041 5659 sunt

392 5664 533 5747 agit,
566 5680 634 5727 ac
661 5681 767 5747 per
790 5667 900 5745 hoc
930 5670 1056 5733 sine
1103 5674 1540 5740 intermissione
1573 5664 1779 5758 justus
1828 5690 2036 5768 orabit,

2187 2456 2281 2509 tea
2309 2453 2492 2510 oratio
2534 2459 2818 2510 occurrat.
2847 2455 3142 2528 Quidquid
3190 2456 3554 2515 Christianus
3592 2457 3784 2514 inchoat

2187 2545 2358 2597 antea
2380 2544 2703 2599 orationem
2721 2543 2793 2599 ad
2817 2547 2997 2599 Deum
3021 2544 3260 2619 dirigat.
3278 2546 3562 2619 Quidquid
3577 2547 3782 2619 perlicit,

2184 2635 2242 2686 et
2281 2631 2391 2688 hoc
2428 2649 2563 2688 cum
2607 2633 2872 2688 oratione
2926 2632 3207 2705 perficiat.
3239 2635 3311 2690 Et
3358 2652 3576 2708 semper
3620 2652 3782 2703 sensu,

2184 2724 2398 2788 mente,
2424 2738 2579 2789 voce,
2611 2725 2668 2778 et
2686 2738 2858 2794 opere
2887 2723 3354 2795 omnipotentem
3383 2730 3555 2781 Deum
3579 2730 3702 2790 oret,
3730 2729 3779 2779 ut

2182 2824 2251 2863 ea
2275 2826 2401 2881 quae
2431 2815 2585 2865 recta
2613 2813 2671 2865 et
2701 2810 2750 2867 ei
2784 2810 3001 2882 placita
3031 2816 3190 2881 sunt,
3208 2812 3410 2881 faciat,
3424 2812 3530 2869 sibi
3553 2812 3784 2886 cogitare,

2179 2896 2347 2966 velle,
2373 2897 2561 2954 dicere
2591 2898 2807 2970 pariter
2833 2904 2890 2955 et
2921 2901 3126 2968 facere,
3145 2904 3201 2956 et
3228 2918 3417 2974 usque
3444 2902 3513 2958 ad
3544 2902 3662 2957 boni
3680 2917 3787 2973 ope-

2179 2986 2261 3042 ris
2299 2987 2808 3058 perseverantiam,
2838 2988 3135 3062 vitamque
3186 2994 3527 3064 perpetuam
3578 2990 3784 3046 feliciter

2177 3075 2476 3148 pervenire
2501 3077 2795 3132 concedat.
2823 3078 3177 3150 Frequenter
3204 3096 3465 3153 namque
3492 3077 3787 3137 orationiin-

2175 3163 2433 3232 sistat,et
2462 3165 2616 3221 mala
2643 3183 2750 3223 sua
2782 3168 3076 3240 praeterita
3105 3183 3242 3224 cum
3276 3168 3602 3242 lacryminis
3620 3166 3781 3241 velge-

2176 3252 2323 3308 mitu
2350 3253 2611 3325 quotidie
2641 3254 2700 3309 in
2732 3248 2993 3312 oratione
3026 3260 3140 3312 Deo
3164 3257 3536 3327 conﬁteatur,
3565 3259 3785 3315 etcaveat

2173 3358 2245 3398 ne
2273 3342 2345 3397 ad
2372 3341 2480 3398 hoc
2506 3360 2711 3399 rursus
2736 3349 2981 3417 proruat
2999 3345 3154 3418 quod
3176 3362 3242 3402 se
3270 3347 3502 3403 ﬂetibus
3520 3346 3781 3420 planxisse

2171 3432 2489 3504 cognoscit.
2521 3432 2849 3490 Meminisei
2876 3434 3032 3490 enim
3063 3435 3237 3491 debet
3269 3437 3426 3510 quod
3455 3436 3654 3493 dicitur
3683 3452 3693 3491 :
3722 3435 3782 3490 Ne

2169 3520 2333 3576 iteres
2354 3520 2579 3577 verbum
2607 3520 2669 3577 in
2698 3524 2944 3579 oratione
2973 3531 3069 3579 tua
3102 3524 3293 3597 (Eccli.
3311 3526 3435 3598 vn).
3465 3527 3580 3591 Quo
3607 3520 3774 3579 videli-

2168 3613 2258 3663 cet
2280 3609 2435 3665 dicto
2465 3609 2555 3665 vir
2583 3611 2820 3684 sapiens
2841 3629 3215 3685 nequaquam
3240 3632 3351 3671 nos
3369 3614 3625 3687 prohibet
3650 3626 3774 3684 saepe

2166 3697 2395 3753 veniam
2429 3702 2641 3771 petere,
2658 3701 2756 3756 sed
2777 3700 2982 3774 culpas
3002 3701 3331 3760 iterare.Ac
3343 3703 3394 3759 si
3424 3707 3611 3777 aperte
3628 3701 3775 3757 dicat:

2169 3786 2315 3842 Cum
2331 3786 2659 3861 malagesta
2671 3789 2991 3857 deﬂeveris,
3007 3807 3388 3863 nequaquam
3401 3808 3626 3849 rursum
3639 3789 3782 3846 facies

2169 3876 2324 3947 quod
2354 3876 2412 3931 in
2446 3877 2718 3949 precibus
2748 3878 2961 3935 iterum
2992 3879 3263 3954 plangas.

2754 4011 2983 4069 CAPUT
3018 4012 3212 4070 XXIV.

2167 4098 2326 4172 Quod
2352 4101 2530 4158 oratio
2551 4108 2682 4158 tunc
2708 4103 2996 4177 pretiosior
3013 4103 3098 4177 (ﬁt
3124 4119 3252 4177 cum
3287 4104 3623 4177 eleemosyna
3675 4115 3783 4156 con-

2762 4173 2964 4245 juncta
2990 4173 3185 4246 fuerit.

2238 4270 2450 4343 (Cypr.)
2475 4270 2720 4329 Orantes
2745 4274 2941 4328 autem
2973 4289 3089 4330 non
3115 4272 3505 4334 infructuosis
3525 4289 3623 4329 nec
3641 4266 3779 4326 rudis

2162 4358 2439 4429 precibus
2472 4360 2545 4415 ad
2568 4359 2753 4416 Deum
2781 4362 3037 4418 veniant.
3054 4361 3332 4419 Ineftlcax
3353 4362 3553 4437 petitio
3570 4364 3653 4418 est
3668 4371 3779 4416 cum

2163 4450 2436 4518 precatur
2446 4446 2632 4504 Deum
2665 4448 2881 4504 sterilis
2901 4451 3260 4508 oratio.Nam
3279 4468 3420 4509 cum
3442 4450 3627 4508 omnis
3639 4447 3782 4504 arbor

2163 4551 2280 4591 non
2302 4535 2520 4593 faciens
2550 4536 2807 4593 fructum
2839 4538 3062 4595 bonum
3090 4540 3396 4598 excidatur
3438 4544 3495 4598 et
3522 4539 3581 4596 in
3613 4538 3779 4611 ignem

2163 4624 2668 4698 mittatur,utique
2686 4630 2744 4682 et
2773 4643 2964 4683 sermo
2994 4645 3111 4685 non
3142 4628 3373 4688 habens
3399 4631 3643 4687 fructum
3671 4638 3780 4698 pro-

2159 4715 2368 4770 mereri
2393 4714 2579 4771 Deum
2611 4732 2729 4772 non
2759 4720 2969 4788 potest,
3000 4719 3103 4790 qui
3151 4718 3321 4785 nulla
3365 4719 3684 4793 operatione
3717 4712 3780 4768 fe-

2161 4803 2393 4861 cundus
2421 4808 2530 4859 est.
2549 4804 2620 4859 Et
2643 4804 2774 4860 ideo
2791 4804 2990 4861 divina
3000 4806 3305 4879 Scriptura
3318 4807 3577 4874 instruit,
3591 4805 3777 4861 dicens:

2162 4894 2315 4947 Bona
2343 4899 2421 4948 est
2446 4895 2620 4949 oratio
2648 4908 2775 4948 cum
2794 4893 3013 4965 jejunio
3053 4899 3107 4951 et
3133 4896 3480 4970 eleemosyna
3510 4893 3650 4969 (Tob.
3675 4888 3776 4959 xu).

2159 4978 2303 5036 Nam
2323 4982 2423 5053 qui
2447 4981 2507 5036 in
2533 4980 2841 5052 diejudicii
2855 4984 3161 5055 praemium
3176 5002 3282 5058 pro
3306 4979 3777 5060 operibusetelee-

2159 5071 2421 5143 mosynis
2452 5069 2789 5127 redditurus
2819 5071 3116 5140 est,hodie
3142 5091 3377 5147 quoque
3395 5074 3469 5132 ad
3482 5072 3774 5130 orationem

2156 5175 2291 5215 cum
2319 5158 2717 5232 operationem
2746 5160 3002 5218 venienti
3027 5164 3316 5238 benignus
3346 5163 3576 5221 auditor
3590 5154 3775 5217 est.Sic

2155 5249 2408 5321 denique
2436 5248 2738 5306 Cornelius
2763 5250 3046 5320 centurio,
3063 5270 3198 5310 cum
3230 5258 3443 5324 oraret,
3461 5248 3667 5309 meruit
3691 5260 3774 5300 au-

2153 5337 2266 5393 diri
2294 5355 2307 5394 :
2343 5336 2452 5393 fuit
2476 5338 2695 5395 faciens
2720 5338 2937 5395 multas
2969 5339 3369 5417 eleemosynas
3400 5341 3486 5431 in
3523 5334 3774 5431 plebe-et

2153 5443 2387 5501 semper
2406 5444 2579 5484 orans
2600 5427 2807 5484 Deum.
2825 5427 2970 5485 Huic
2985 5430 3141 5488 circa
3162 5445 3380 5489 nonam
3397 5430 3595 5487 horam
3611 5422 3775 5482 astitit

2152 5516 2398 5590 angelus
2428 5516 2829 5573 testimonium
2864 5519 3115 5577 reddens
3143 5523 3231 5578 sui
3264 5521 3457 5594 operis
3482 5523 3538 5577 et
3560 5516 3770 5573 dicens:
3794 5580 3797 5581 ν

2153 5608 2389 5675 Corneli,
2423 5610 2692 5664 orationes
2739 5614 2853 5665 tute
2880 5617 2931 5665 et
2957 5612 3312 5686 cleemosyna:
3370 5619 3483 5667 tua:
3537 5600 3763 5662 ascende-

2148 5704 2283 5757 runt
2322 5699 2384 5756 in
2426 5698 2749 5758 memoriam
2792 5713 2980 5759 coram
3009 5704 3119 5762 Deo
3150 5702 3285 5784 (Act.
3313 5699 3397 5782 κ).
3436 5691 3633 5778 [Grca]
3659 5689 3766 5749 Cito
