4026 6180
249 380 362 441 901

1212 378 1315 441 DE
1356 376 1800 442 VARIE'I‘ATE
1844 378 2277 444 LIBRORUMt
2309 413 2380 427 -
2416 376 2566 443 LIB.
2614 377 2691 442 II.

3532 385 3653 451 902

248 511 544 570 orationes
575 513 647 570 ad
678 516 862 569 Deum
893 510 1238 583 ascendunt,
1271 529 1396 586 quae
1427 512 1500 570 ad
1530 530 1663 569 eum
1691 512 1900 570 merita
1926 513 1981 583 Α
2013 514 2519 583 commendentur,
2571 514 2631 571 id
2688 519 2779 570 ost
2823 514 3084 571 oratione
3132 520 3190 572 et
3231 517 3652 582 miSericordia.

247 602 431 659 nostri
457 602 649 673 egeris
676 600 1010 675 imponunt.
1042 601 1207 659 Unde
1236 605 1294 659 et
1321 598 1425 676 per
1438 600 1751 659 Jeremiam
1764 619 1897 676 pro-

242 691 481 766 phetam
511 690 755 747 dicitur:
787 692 1899 749 Levemuscordanostracummanibusad

236 779 416 837 Deum
446 779 577 853 (Jer.
609 780 720 852 In).
751 781 836 836 Ad
859 781 1045 838 Deum
1060 780 1609 855 quippecordacum
1623 781 1897 837 manibus

238 869 452 939 levare,
483 874 575 926 est
583 869 869 928 orationis
879 874 1092 927 nostra:
1105 869 1370 927 studium
1382 887 1516 927 cum
1531 870 1740 928 merito
1760 869 1897 927 boni

235 957 433 1032 operis
461 958 787 1033 imponere.
820 958 902 1016 De
930 958 1041 1016 hoc
1070 963 1127 1015 et
1148 962 1388 1017 sanctus
1401 960 1514 1045 Leo
1526 976 1698 1033 papa.
1724 959 1897 1032 (Leo.)

235 1045 514 1103 Oratione
524 1047 682 1103 enim
696 1051 752 1104 et
765 1046 1209 1120 propitiatioDei
1225 1047 1755 1121 quieriturJejunio
1767 1064 1898 1104 con-

234 1135 602 1209 cupiscentia
613 1136 809 1193 carnis
820 1136 1234 1210 exstinguitur,
1250 1136 1638 1210 eleemosynis
1661 1140 1899 1210 peccata

236 1224 636 1281 redimuntur.
670 1228 736 1281 In
767 1224 1132 1282 orationibus
1164 1226 1311 1284 fides
1363 1230 1668 1299 permanet
1718 1230 1894 1295 recta,

238 1313 306 1369 in
327 1313 577 1385 jejuniis
606 1313 889 1371 innocens
914 1314 1052 1384 vita,
1081 1314 1143 1371 in
1174 1313 1559 1388 eleemosynis
1591 1331 1758 1371 mens
1797 1314 1894 1372 be-

238 1400 443 1476 nigna.

852 1519 1086 1576 CAPUV
1124 1520 1288 1577 XXV.

395 1609 468 1664 De
487 1606 704 1681 jejunio
732 1609 1022 1666 exterioris
1048 1611 1444 1684 interiorisque
1474 1610 1734 1668 hominis.

301 1714 494 1786 (Aug)
523 1713 828 1786 Jejunium
862 1715 1197 1774 universam
1218 1734 1348 1774 esse
1366 1718 1620 1777 dicimus
1632 1716 1895 1791 corporis

221 1802 708 1875 castigationem.
741 1804 867 1860 Non
901 1807 991 1861 est
1017 1807 1427 1863 tantummodo
1440 1807 1836 1879 jejunandum
1862 1824 1897 1863 a

222 1890 713 1964 concupiscentia
745 1892 1030 1963 ciborum,
1064 1895 1164 1951 sed
1199 1894 1663 1953 abomnilaetitia
1678 1901 1895 1969 tempo-
1920 1888 1970 1954 B

224 1979 452 2037 ratium
484 1980 964 2039 delectationum.
983 1982 1287 2058 Quiigitur
1301 1985 1529 2058 corpori
1544 2002 1651 2042 suo
1668 1984 1899 2057 jejunia

227 2070 483 2127 devotus
499 2069 711 2143 injicit,
724 2070 1130 2146 principaliter
1152 2074 1448 2130 renuntiet
1460 2074 1635 2130 vitiis.
1663 2074 1896 2147 Cupidi-

228 2162 433 2215 tatum
462 2160 697 2217 lomites
729 2160 1100 2235 comprimat,
1125 2162 1359 2236 frangat
1385 2162 1641 2236 impetus
1658 2162 1895 2229 mentis,

229 2247 522 2305 libidines
550 2248 764 2318 vincat,
798 2250 955 2307 faces
984 2250 1240 2307 avaritiae
1259 2251 1519 2308 ardentis
1547 2251 1897 2324 exstinguat,

230 2335 545 2410 latiusque
576 2337 745 2395 factis
776 2339 893 2394 vim
925 2338 1255 2396 dilectionis
1286 2340 1580 2409 extendat,
1632 2344 1806 2411 atque
1836 2339 1894 2394 in

230 2424 526 2483 alimenta
554 2443 879 2500 pauperum
898 2427 1132 2501 abrupti
1151 2432 1467 2502 apparatus
1482 2426 1902 2501 impendialar—

236 2514 467 2588 giatur.
501 2515 712 2571 Omnia
739 2533 875 2589 ergo
906 2517 1166 2590 corporis
1199 2518 1450 2573 nefanda
1470 2514 1899 2590 peccataanimi

233 2602 463 2659 virtute
494 2604 809 2670 calcentur,
840 2610 972 2661 utet
985 2598 1503 2663 animasanctitate
1521 2606 1782 2678 corporis
1795 2606 1897 2661 ad-

228 2692 502 2764 juvetur.
530 2692 704 2765 (Isid.)
741 2694 853 2749 Hoc
884 2698 973 2750 est
1003 2694 1160 2750 enim
1192 2696 1512 2767 perfectum
1545 2690 1602 2750 et
1640 2696 1900 2750 rationa-

236 2780 363 2836 bile
386 2781 948 2854 jejunium,quando
979 2788 1177 2840 noster
1195 2776 1443 2840 exterior
1457 2783 1896 2855 homojejunat,

234 2869 491 2925 interior
517 2875 665 2927 orat.
699 2871 950 2928 Facilius
981 2889 1083 2945 per
1103 2873 1399 2945 jejunium
1422 2872 1605 2929 oratio
1637 2876 1903 2944 penetrat

235 2958 461 3015 cmlum
482 2974 495 3015 :
520 2956 748 3031 jejunia
769 2960 941 3016 fortia
956 2960 1071 3017 tela
1086 2966 1224 3018 sunt
1240 2962 1520 3018 adversus
1538 2965 1901 3017 tentamenta

235 3047 693 3104 daemoniorum.
719 3049 843 3104 Cito
861 3049 1016 3105 enim
1037 3066 1138 3122 per
1149 3050 1566 3106 abstinentiam
1585 3048 1899 3106 dovincun-

234 3141 364 3193 tur.
398 3135 631 3207 Jejunia
662 3154 794 3193 cum
826 3139 996 3193 bonis
1036 3138 1311 3212 operibus
1357 3138 1473 3194 Deo
1522 3137 1901 3209 acceptabilia

237 3224 900 3324 sunt-.0uiautemcibis
915 3226 1208 3284 abstinent
1219 3232 1277 3284 et
1302 3244 1472 3299 prave
1485 3231 1669 3324 agunt
1686 3227 1897 3324 daemo-
1930 3256 1974 3324 ρ

237 3330 355 3370 nes
385 3313 713 3383 imitantur,
749 3315 962 3387 quibus
983 3331 1117 3371 esca
1142 3333 1256 3372 non
1273 3325 1381 3380 est,
1398 3320 1455 3371 et
1481 3314 1741 3388 nequitia
1753 3330 1903 3370 sem-

239 3418 356 3477 per
384 3407 495 3459 est.
519 3402 619 3459 Ille
651 3403 807 3459 enim
838 3404 985 3459 bene
1016 3404 1271 3460 abstinet
1291 3404 1437 3460 cibis
1458 3404 1559 3476 qui
1590 3408 1647 3459 et
1675 3420 1710 3459 a
1728 3401 1900 3458 mali-

238 3492 342 3546 tiae
376 3491 628 3559 actibus,
662 3495 718 3547 et
747 3492 1902 3565 amundijejunatambitionihus.(Cass)

243 3577 418 3636 Unde
450 3584 509 3635 et
537 3580 853 3638 Cassianus
882 3582 1127 3638 itainter
1141 3581 1663 3639 ceteradeﬁniens:
1682 3581 1796 3638 Nec
1810 3597 1901 3637 so-

238 3664 376 3725 lum
413 3669 582 3725 nobis
612 3669 1682 3743 istudjejuniumvisibiliumciborum
1697 3672 1906 3744 adper-

240 3759 563 3815 fectionem
579 3759 1119 3832 cordis,etcorporis
1133 3760 1444 3833 puritatem
1459 3762 1723 3818 sufficere
1735 3775 1907 3833 posse

241 3848 588 3918 credamus,
620 3847 733 3904 nisi
765 3848 938 3905 fuerit
966 3848 1101 3905 huic
1131 3849 1340 3905 animae
1372 3849 1905 3923 quoquejejunium

240 3935 615 4010 copulatum.
647 3937 833 3994 Habet
860 3955 1115 4011 namque
1146 3942 1203 3995 et
1230 3938 1329 3995 illa
1350 3956 1489 3995 suos
1522 3937 1723 3994 noxios
1742 3937 1904 3993 cibos

241 4025 474 4098 quibus
504 4023 851 4099 impugnata
878 4026 1057 4083 etiam
1090 4027 1217 4083 sine
1247 4043 1513 4084 escarum
1546 4025 1907 4082 abundantia

242 4114 323 4171 ad
357 4113 601 4171 luxuriae
631 4120 924 4189 praerupta
944 4114 1287 4173 devolvitur.
1303 4115 1614 4184 Detractio,
1633 4115 1800 4171 cibus
1816 4118 1907 4172 est

243 4205 382 4275 ejus
413 4207 473 4259 et
501 4202 738 4276 quidem
768 4204 1089 4277 persuavis.
1122 4204 1214 4261 Ira
1245 4206 1422 4262 etiam
1441 4205 1610 4261 cibus
1633 4207 1723 4261 est
1751 4203 1901 4275 ejus,

244 4292 392 4350 licet
419 4291 661 4350 minime
689 4293 859 4360 lenis,
895 4295 967 4350 ad
996 4294 1204 4351 horam
1220 4291 1648 4351 tameninfelici
1678 4310 1782 4348 esu
1796 4308 1906 4365 pa-

245 4397 427 4440 scens
449 4397 515 4439 ac
544 4382 763 4456 pariter
788 4381 987 4440 lethali
1018 4400 1226 4457 sapore
1252 4388 1649 4457 prosternens.
1682 4380 1906 4438 Invidia

247 4472 425 4529 cibus
451 4474 541 4529 est
568 4472 803 4541 mentis,
831 4476 889 4530 et
915 4490 1065 4530 vana
1091 4472 1277 4548 gloria
1306 4473 1474 4529 cibus
1504 4472 1752 4545 estejus.
1772 4471 1906 4528 Om-

247 4559 466 4633 nisque
496 4562 965 4634 concupiscentia
994 4568 1052 4620 et
1077 4562 1409 4637 pervagatio
1440 4561 1631 4620 cordis
1662 4560 1904 4618 instabi-

246 4648 348 4720 lis,
378 4653 586 4723 pastus
614 4650 855 4723 quidam
885 4656 975 4708 est
1002 4652 1210 4709 animle
1240 4652 1430 4709 noxiis
1471 4651 1623 4709 escis
1653 4668 1781 4708 eam
1796 4668 1905 4706 nu-

245 4738 460 4797 triens.
493 4738 554 4796 Si
584 4740 740 4797 enim
770 4741 1146 4815 corporaliter
1165 4742 1503 4815 jejunantes
1532 4741 1906 4815 perniciosis-

249 4828 425 4887 simis
452 4828 662 4886 animae
692 4830 850 4886 vitiis
881 4830 1269 4905 implicemur,
1304 4830 1450 4889 nihil
1470 4830 1906 4904 nobisproderit

248 4917 511 4975 carnalis
541 4917 778 4976 afflictio
808 4920 1151 4994 pretiosiore
1179 4924 1344 4995 parte
1374 4919 1635 4994 pollutis.
1668 4920 1907 4993 Oportet

248 5024 393 5082 ergo
424 5007 774 5065 exteriorem
803 5009 1100 5067 hominem
1136 5011 1526 5083 jejunantem,
1569 5010 1902 5067 interiorem

249 5114 490 5171 quoque
520 5097 792 5155 similiter
819 5098 967 5175 cibis
996 5100 1185 5157 noxiis
1212 5104 1560 5173 temperare.

856 5222 1089 5290 CAPUT
1127 5233 1315 5291 XXVI.
1396 5214 1399 5217 ’

250 5321 410 5390 Quod
438 5320 582 5378 illud
609 5330 688 5379 est
710 5325 1013 5409 per/fectum
1028 5324 1331 5409 jejunium,
1362 5323 1504 5409 quod
1531 5340 1655 5379 cum
1700 5327 1903 5381 oratio-

352 5424 358 5428 υ
576 5410 647 5450 ne
671 5402 722 5452 ct
748 5395 1129 5451 misericordia
1154 5395 1580 5452 commendatur.

326 5502 512 5573 (Aug)
542 5501 1325 5559 Necessariaanimzenostraa
1339 5500 1733 5573 suntjejunia,
1755 5502 1908 5559 sicut

247 5590 601 5648 vulneribus
631 5590 938 5648 medicina.
974 5590 1259 5649 Medelam
1289 5590 1445 5647 enim
1464 5590 1905 5647 conleruntvitaa

247 5684 571 5759 perpetuae,
604 5679 688 5744 ita
717 5684 925 5757 tamen,
947 5684 1011 5743 ut
1038 5680 1293 5757 duarum
1324 5696 1521 5753 rerum
1569 5680 1905 5744 testimonio

2005 604 2169 668 Quod
2201 620 2305 676 per
2334 603 2526 661 solum
2552 604 2847 676 jejunium
2864 605 3264 677 prodessenon
3277 622 3448 679 posse
3461 609 3657 666 facun-

2005 692 2291 749 dissimus
2322 693 2525 750 doctor
2551 692 2868 750 Cassianus
2898 694 2958 750 in
2987 693 3266 751 vicesima
3302 695 3494 769 prima
3538 698 3654 756 col-

2004 780 2225 838 latione
2256 781 2612 856 propheticis
2640 783 3007 839 demonstrat
3018 784 3390 853 testimoniis,
3408 785 3491 843 ita
3509 802 3655 859 quo-

2006 870 2301 939 rumdam,
2336 870 2550 943 inquit,
2576 871 3034 945 perprophetam
3048 872 3335 930 Dominus
3356 874 3656 948 jejunium

2004 959 2350 1045 detestatur,
2378 977 2449 1017 ex
2478 977 2730 1032 quorum
2762 977 3014 1034 persona
3041 978 3178 1018 cum
3221 963 3335 1019 sibi
3375 963 3658 1036 objiciens

2006 1051 2141 1103 ante
2172 1046 2446 1105 dixisset:
2478 1053 2664 1120 Quare
2699 1050 3076 1122 jejunavimus
3130 1059 3320 1109 etnon
3355 1055 3658 1125 aspcwisti?

2004 1136 2421 1193 humiliavimus
2449 1140 2669 1193 animus
2698 1142 2920 1195 nostras
2947 1147 2998 1195 et
3031 1142 3288 1197 nescisti?
3338 1141 3656 1201 Confestim

2005 1225 2328 1299 subjiciens
2358 1226 2619 1300 prodidit
2645 1244 2855 1285 causas
2883 1245 2989 1284 cur
3014 1246 3129 1285 non
3161 1235 3525 1289 mererentur
3547 1249 3657 1288 au-

2005 1313 2152 1371 diri:
2185 1316 2318 1372 Ecce
2346 1314 2558 1389 inquit,
2620 1318 2680 1372 in
2710 1317 2900 1374 diebus
2933 1319 3144 1391 jejunii
3167 1322 3331 1378 vestri
3377 1322 3661 1379 invenitur

2003 1404 2261 1461 voluntas
2289 1413 2488 1474 vestra,
2521 1414 2573 1463 et
2603 1422 2787 1463 omnes
2833 1406 3100 1465 debitbres
3146 1417 3345 1467 vestros
3390 1412 3656 1484 repetitis.

2002 1493 2135 1551 Ecce
2163 1494 2234 1551 ad
2264 1495 2388 1553 lites
2414 1503 2466 1553 ct
2519 1498 2888 1553 contentiones
2935 1498 3223 1571 jejunatis,
3270 1508 3323 1556 et
3367 1501 3658 1571 percutitis

1997 1599 2185 1654 pugno
2244 1586 2431 1657 impie.
2491 1585 2672 1642 Nolite
2717 1586 2979 1658 jejunare
3031 1589 3172 1643 sicut
3202 1604 3373 1661 usque
3420 1591 3476 1644 in
3517 1588 3659 1645 hanc

2001 1672 2166 1741 diem,
2199 1681 2261 1729 ut
2288 1674 2559 1730 audiatur
2588 1676 2649 1730 in
2680 1676 2891 1733 excelso
2911 1677 3119 1733 clamor
3156 1682 3350 1734 vester.
3396 1677 3658 1751 Nunquid

2001 1763 2109 1818 tale
2135 1768 2215 1818 est
2236 1763 2519 1835 jejunium
2549 1764 2690 1836 quod
2718 1765 2877 1835 elegi,
2904 1781 3005 1837 per
3031 1765 3176 1822 diem
3204 1768 3455 1838 afﬂigere
3485 1767 3657 1824 homi-

2000 1867 2127 1906 nem
2156 1852 2403 1907 animam
2430 1852 2628 1907 suam?
2656 1854 2916 1926 Nunquid
2943 1862 3295 1926 contorquere
3340 1857 3500 1928 quasi
3544 1858 3654 1913 cir-

2003 1940 2191 1996 culum
2221 1947 2384 2012 caput
2434 1957 2597 1996 suum
2647 1948 2698 1996 et
2725 1957 2944 1997 saccum
2985 1950 3037 1998 et
3086 1944 3323 2000 cinerem
3377 1950 3657 2005 sternere?

2004 2027 2263 2101 Nunquid
2293 2028 2442 2084 istud
2472 2030 2684 2086 vocabis
2703 2029 2987 2100 jejunium
3016 2035 3070 2086 et
3096 2030 3240 2087 diem
3268 2033 3659 2104 acceptabilem

2005 2117 2238 2173 Domi-no
2268 2118 2396 2189 (Isa.
2432 2116 2622 2180 cvm)?
2655 2117 2872 2174 Deinde
2902 2117 3096 2187 infert,
3130 2119 3329 2177 dicens
3366 2121 3658 2193 quomodo

2007 2204 2383 2277 acceptabilis
2409 2206 2512 2261 ﬂat
2538 2204 2896 2262 continentia
2917 2207 3268 2278 jejunantis,
3320 2214 3495 2282 atque
3542 2210 3659 2266 evi-

2007 2294 2212 2349 denter
2240 2294 2509 2349 enuntiat
2539 2310 2641 2367 per
2657 2311 2719 2351 se
2732 2293 2925 2350 solum
2934 2297 3018 2368 jej
3027 2295 3233 2352 unium
3247 2298 3524 2370 prodesse
3542 2316 3655 2355 non

2008 2398 2201 2454 posse,
2236 2382 2349 2439 nisi
2380 2380 2487 2439 has
2517 2399 2645 2455 quae
2687 2384 3085 2455 subjiciuntur
3131 2401 3342 2443 causas
3390 2387 3661 2444 habuerit

2009 2476 2453 2543 consequentes.
2485 2472 2678 2528 Nonne
2705 2472 2803 2528 hoc
2830 2480 2925 2541 est,
2961 2473 3173 2546 inquit,
3196 2475 3484 2546 jejunium
3520 2476 3660 2548 quod

2006 2560 2181 2631 elegi?
2208 2560 2439 2615 dissolve
2468 2561 2849 2629 colligationes
2882 2563 3195 2632 impietatis,
3232 2564 3378 2619 solve
3421 2566 3659 2635 fascicu-

2010 2648 2086 2703 los
2113 2647 2500 2719 deprimentes;
2530 2648 2744 2704 dimitte
2772 2664 2859 2705 eos
2886 2652 2986 2720 qui
3026 2652 3294 2719 confracti
3348 2656 3477 2708 sunt
3522 2653 3659 2710 libe-

2008 2753 2115 2804 ros,
2147 2746 2198 2792 et
2225 2752 2382 2793 omne
2410 2753 2546 2792 onus
2575 2726 2873 2809 disrumpe.
2906 2742 3131 2810 Frange
3159 2741 3427 2795 esurienti
3459 2756 3659 2811 panem

2009 2835 2181 2893 tuum,
2231 2833 2283 2882 et
2310 2842 2503 2895 egenos
2552 2842 2816 2899 vagosque
2848 2826 3011 2881 induc
3041 2828 3098 2881 in
3110 2826 3326 2883 domum
3339 2835 3507 2885 tuam.
3523 2829 3657 2885 Cum

2008 2915 2209 2971 videris
2239 2914 2471 2978 nudum,
2506 2917 2658 2987 operi
2685 2931 2831 2981 eum,
2860 2923 2913 2972 et
2939 2932 3161 2971 carnem
3189 2925 3343 2973 tuam
3377 2933 3445 2974 ne
3473 2917 3658 2991 despe-

2006 3005 2180 3059 xeris.
2218 3007 2371 3059 Tunc
2396 3013 2644 3076 erumpet
2672 3006 2830 3076 quasi
2852 3022 3012 3061 mane
3032 3006 3217 3062 lumen
3235 3015 3411 3075 tuum,
3424 3015 3476 3063 et
3503 3010 3659 3064 sani-

2009 3101 2093 3148 tas
2123 3100 2217 3147 tua
2246 3095 2407 3149 citius
2435 3095 2664 3160 orietur,
2696 3102 2748 3150 et
2782 3095 3011 3151 anteibit
3051 3097 3252 3167 faciem
3304 3104 3453 3152 tuam
3489 3097 3659 3168 justi-

2010 3182 2090 3236 tia
2121 3189 2234 3249 tua,
2267 3190 2319 3238 et
2343 3183 2521 3253 gloria
2549 3184 2777 3239 Domini
2804 3184 3021 3253 colliget
3046 3188 3114 3239 te.
3140 3186 3589 3253 Tuncinvocabis,
3608 3195 3660 3243 et

2005 3271 2268 3326 Dominus
2310 3272 2589 3339 exaudiet,
2642 3274 2927 3341 clamabis,
2960 3284 3013 3329 et
3058 3273 3229 3330 dicet:
3286 3276 3419 3331 Ecce
3465 3276 3658 3332 adsum

2011 3358 2219 3431 (lbid.).
2262 3359 2718 3434 Videtisergojej
2728 3361 2934 3418 unium
2948 3379 3321 3435 nequaquam
3335 3362 3658 3438 principale

2011 3448 2230 3503 bonum
2261 3466 2295 3505 a
2323 3449 2570 3506 Domino
2595 3450 2862 3523 iudicari,
2895 3468 2961 3507 eo
2993 3452 3148 3523 quod
3182 3469 3297 3509 non
3323 3454 3652 3526 peripsum,

2013 3538 2112 3592 sed
2143 3554 2248 3611 per
2276 3537 2391 3595 alia
2418 3556 2596 3613 opera
2624 3540 2844 3596 bonum
2876 3557 2942 3597 ac
2974 3545 3087 3596 Deo
3101 3532 3540 3615 beneplacitum
3556 3543 3658 3600 fiat

2012 3627 2081 3681 Et
2110 3645 2347 3685 rursum
2378 3646 2446 3684 ex
2457 3630 2868 3687 accedentibus
2879 3630 3073 3686 causis
3086 3647 3201 3686 non
3214 3629 3406 3687 solum
3418 3649 3654 3701 vanum,

2010 3732 2213 3772 verum
2246 3717 2423 3774 etiam
2468 3718 2681 3775 odibile
2739 3724 3027 3787 censetur,
3087 3718 3316 3776 dicente
3378 3721 3654 3777 Domino:

2016 3804 2152 3860 Cum
2168 3806 2570 3879 jejunaverint,
2611 3824 2724 3864 non
2752 3808 3049 3865 exaudiam
3072 3824 3256 3881 preces
3282 3824 3470 3865 eorum
3516 3811 3655 3883 (Jer.

2011 3893 2148 3966 XIV).
2181 3895 2406 3968 [Greg.],
2441 3896 2591 3952 Illud
2634 3913 2770 3969 ergo
2810 3897 3107 3969 jejunium
3156 3898 3311 3954 Deus
3350 3900 3655 3971 approbat,

2012 3983 2168 4053 quod
2200 3983 2273 4039 ad
2303 3984 2431 4054 ejus
2461 3984 2680 4052 oculos,
2710 4002 2922 4042 manus
2951 3984 3455 4059 eleemosynarum
3483 3986 3655 4045 levat.

2014 4070 2177 4135 Quod
2205 4087 2339 4127 cum
2370 4073 2619 4144 proximi
2650 4073 2961 4133 dilectione
2992 4075 3205 4146 agitur,
3239 4075 3394 4147 quod
3422 4091 3491 4130 ex
3534 4076 3657 4147 pie-

2012 4161 2130 4215 tate
2160 4160 2451 4230 conditur,
2485 4160 2595 4217 hoc
2624 4178 2760 4234 ergo
2799 4162 2955 4234 quod
2986 4161 3092 4218 tibi
3139 4162 3438 4219 subtrahis
3489 4163 3657 4220 alteri

2011 4246 2242 4321 largire,
2279 4253 2343 4304 ut
2371 4250 2527 4306 unde
2556 4254 2803 4306 tuacaro
2820 4250 3657 4325 afﬂigitur,indeegentispro-

2012 4335 2153 4393 ximi
2185 4355 2318 4395 caro
2350 4342 2670 4412 reparatur.
2705 4339 2851 4396 Hinc
2899 4339 3119 4396 etenim
3167 4356 3271 4413 per
3310 4340 3655 4413 prophetam
3708 4348 3715 4351 ‘

2010 4427 2295 4485 Dominus
2327 4427 2494 4485 dicit:
2531 4429 2667 4485 Cum
2686 4429 3017 4501 jvjunaretis
3044 4434 3100 4486 et
3133 4430 3659 4502 plangeretis,nun-

2012 4516 2144 4590 quid
2165 4518 2450 4590 jejunium
2465 4518 2736 4592 jejunatis
2782 4519 2962 4575 mihi?
2988 4520 3054 4574 Et
3105 4535 3231 4575 cum
3282 4518 3560 4576 comeditis
3606 4526 3658 4576 et

1933 4631 1982 4695 Β
2015 4608 2220 4675 bibitis,
2252 4608 2507 4682 nunquid
2536 4623 2640 4665 non
2672 4609 2823 4665 vobis
2862 4608 3141 4666 comeditis
3181 4616 3233 4666 et
3262 4609 3658 4682 vobismetipsis

1988 4698 2202 4754 'bibitis
2232 4698 2412 4761 (Zach.
2442 4697 2583 4771 vn)?
2600 4697 2891 4755 Sibienim
2906 4698 3158 4756 comedit
3186 4697 3537 4770 etbibit,qni
3556 4696 3660 4754 ali-

2015 4792 2214 4844 menta
2242 4786 2521 4861 corporis,
2551 4805 2680 4860 quae
2711 4787 3363 4844 suntcommuniabona
3390 4785 3660 4843 Condito-

2011 4877 2115 4943 ris,
2147 4877 2274 4934 sine
2305 4877 2703 4950 indigentibus
2733 4877 2994 4951 percipit.
3014 4878 3082 4933 Et
3098 4876 3211 4934 sibi
3240 4876 3657 4950 quisquejeju-

2013 4971 2136 5037 nat,
2167 4966 2215 5023 si
2247 4983 2317 5024 ea
2344 4982 2472 5039 quas
2501 4967 2574 5022 ad
2606 4970 2839 5040 tempus
2859 4966 3155 5023 subtrahit
3174 4983 3288 5023 non
3301 4965 3658 5038 pauperibus

2010 5056 2239 5124 tribuit,
2271 5056 2374 5112 sed
2404 5056 2590 5112 ventri
2614 5057 2997 5129 postmodum
3037 5056 3334 5112 offerenda
3380 5054 3655 5111 custodit.

2012 5145 2156 5202 Hinc
2185 5162 2289 5218 per
2318 5145 2661 5219 prophetam
2689 5144 2815 5201 Joel
2844 5144 3090 5200 dicitur:
3123 5144 3470 5216 Sanctiﬁcate
3506 5144 3661 5216 jeju-.

2013 5237 2171 5291 nium
2199 5236 2353 5307 (Joel.
2387 5234 2447 5307 1).
2478 5233 2777 5305 Jejunium
2810 5232 3026 5306 quippe
3047 5234 3410 5290 sanctiﬁcare
3437 5236 3527 5289 est
3557 5234 3660 5289 ad-

2006 5324 2232 5397 junctis
2262 5324 2431 5381 bonis
2460 5322 2868 5397 aliis,dignam
2896 5323 3011 5379 Deo
3028 5322 3444 5381 abstinentiam
3465 5320 3659 5379 carnis

2014 5413 2338 5471 ostendere.
3496 5428 3503 5431 ·

2607 5502 2841 5561 CAPUT
2880 5502 3075 5562 XXVII

2597 5595 2670 5650 De
2706 5594 3069 5669 cteemosyna.

2086 5681 2264 5761 (Ααθ.)
2295 5682 2405 5759 Qui
2432 5682 2590 5747 enim
2617 5683 2746 5749 vult
2773 5685 3036 5748 ordinate
3064 5685 3202 5746 dare
3230 5680 3658 5753 eleemosynam
