4026 6180
380 369 499 439 903

782 368 1191 431 HAYMONIS
1236 367 1780 435 HALBERS’I‘A'I‘.
1829 364 2074 431 EPISG.
2119 367 2293 431 OPP.
2342 367 2544 433 PARS
2587 366 2796 431 III.-—
2827 364 3394 427 MISCELLANEN.

3679 367 3789 433 θοι

382 520 415 567 a
446 500 640 576 seipse
669 501 840 560 debet
870 500 1145 574 incipere,
1174 504 1229 557 et
1257 517 1384 556 eam
1417 498 1531 561 sibi
1558 497 1818 572 primum
1863 498 2023 557 dare.
2054 499 2110 574 Α
2139 498 2351 573 legitur
2378 499 2495 559 tale
2523 498 2760 559 dedisse
2784 496 3133 561 consilium:
3174 501 3485 572 Propterea,
3526 516 3653 567 rae,
3674 501 3793 572 pla.-

378 593 486 651 Est
514 590 673 648 enim
704 586 1677 663 eleemosynaopusmisericordiae,
1699 586 2032 645 verissime,

382 697 499 752 que
526 679 750 743 dictum
778 682 897 737 est:
947 678 1194 736 Miserere
1234 679 1436 739 animo
1483 685 1593 739 tua:
1630 677 1854 748 placens
1900 678 2030 735 Deo.

381 770 627 842 Propter
653 768 765 825 hoc
793 766 1158 824 renascimur
1183 771 1248 822 ut
1275 772 1388 823 Deo
1410 765 1769 839 placeamus,
1793 766 1886 822 cui
1910 782 2030 822 me-

382 858 497 915 rito
526 856 811 929 displicet,
844 856 997 928 quod
1014 856 1305 913 nascendo
1330 855 1753 915 contraximus.
1781 855 1911 913 Hice
1941 860 2032 915 est

382 946 575 1020 prima
603 945 970 1016 eieemosyna
998 960 1177 1015 quam
1208 944 1379 1002 nobis
1408 944 1711 1007 debemus.

945 1059 1180 1116 CAPUT
1213 1060 1453 1116 XXVIII.

546 1149 711 1221 Quod
736 1150 1031 1223 multiplex
1052 1152 1127 1206 sit
1154 1150 1620 1223 eteomosynarum
1656 1151 1855 1206 virtus.

452 1257 645 1333 (Aug)
694 1258 828 1312 Date
872 1256 1290 1330 eleemosynam,
1344 1257 1426 1312 ait
1477 1256 1762 1315 Dominus
1810 1264 1861 1313 et
1909 1270 2027 1315 cccc

377 1348 566 1411 omnia
592 1347 801 1403 munda
830 1354 958 1402 sunt
984 1347 1133 1402 vobis
1163 1346 1313 1419 (Luc.
1346 1348 1441 1409 xx).
1473 1344 1600 1401 Non
1650 1344 1840 1401 solum
1887 1361 2024 1419 ergo

378 1436 478 1510 qui
509 1436 609 1491 dat
637 1433 914 1491 esurienti
947 1434 1167 1500 cibum,
1200 1432 1418 1488 sitienti
1433 1432 1832 1505 potum,nudo
1853 1433 2029 1488 vestio

376 1521 1669 1596 mentum,peregrinantihospitium,fugienti
1684 1521 2019 1593 latibulum,

376 1630 527 1688 aegro
555 1614 641 1668 vel
676 1614 903 1668 incluso
932 1611 1346 1678 visitationem,
1392 1611 1618 1684 captivo
1665 1611 2022 1683 redemptio-

375 1721 531 1770 nem,
565 1701 743 1758 debili
774 1702 1228 1769 subvectionem,
1253 1717 1401 1757 ezeco
1416 1700 1844 1767 deductionem,
1868 1699 2020 1759 tristi

375 1790 853 1859 consolationem,
885 1807 1002 1846 non
1036 1805 1177 1847 sano
1224 1788 1533 1858 medelam,
1581 1789 1796 1845 erranti
1840 1789 2016 1855 viam,

374 1880 718 1939 deliberanti
753 1879 1085 1948 consilium,
1119 1882 1176 1934 et
1204 1879 1357 1951 quod
1383 1878 1594 1950 cuique
1625 1877 2024 1934 necessarium
2055 1877 2104 1945 B

375 1970 682 2043 indigenti,
705 1984 906 2024 verum
939 1967 1115 2022 etiam
1167 1967 1268 2039 qui
1300 1967 1401 2031 dat
1440 1967 1672 2022 veniam
1727 1966 2014 2038 peccanti,

373 2059 800 2132 elcemosynam
836 2058 952 2111 dat.
987 2054 1054 2111 Et
1085 2056 1473 2128 quiemendat
1488 2057 1742 2124 verbere,
1768 2056 1825 2111 in
1841 2072 2016 2129 quem

373 2153 633 2223 potestas
657 2148 850 2213 datur,
878 2144 967 2201 vel
998 2149 1221 2201 coercet
1246 2144 1442 2218 aliqua
1473 2144 1802 2217 disciplina,
1836 2148 1892 2201 et
1929 2149 2016 2201 ta-

374 2255 504 2294 men
539 2240 838 2311 peccatum
870 2236 997 2307 ejus
1029 2235 1180 2307 quod
1214 2234 1286 2290 ab
1316 2233 1415 2289 illo
1436 2234 1610 2291 lessus
1638 2232 1725 2290 vel
1759 2234 2017 2291 offensus

372 2332 479 2391 cst,
513 2326 757 2383 dimittit
785 2342 851 2380 ex
883 2326 1074 2391 corde,
1106 2323 1191 2379 vel
1212 2328 1338 2379 orat
1369 2328 1433 2379 ut
1460 2325 1511 2379 ei
1533 2324 1884 2391 dimittatur;
1900 2340 2014 2380 non

374 2415 563 2471 solum
595 2416 654 2472 in
678 2432 745 2471 eo
779 2415 935 2487 quod
967 2412 1208 2468 dimittit
1232 2416 1407 2486 atque
1436 2416 1583 2479 orat,
1608 2429 1810 2468 verum
1837 2413 2014 2468 etiam

374 2506 433 2560 in
466 2522 531 2561 eo
563 2505 714 2581 quod
750 2502 1009 2577 corripit,
1054 2507 1110 2559 et
1159 2502 1356 2574 aliqua
1402 2502 1801 2561 emendatiora
1847 2519 2017 2576 poma

373 2594 588 2667 plectit,
622 2593 1048 2667 eleemosynam
1084 2593 1201 2659 dat,
1235 2592 1333 2664 qui
1369 2591 1830 2647 misericordiom
1864 2609 2015 2665 prae-

372 2668 506 2739 stat.
541 2683 751 2756 (Cypr.)
786 2680 1040 2755 Raphael
1057 2697 1289 2754 quoque
1304 2680 1548 2755 angelus
1563 2685 1626 2735 ut
1646 2679 2015 2753 eleemosyna

370 2771 618 2829 libenter
647 2788 711 2827 ac
735 2769 976 2844 largiter
1005 2771 1105 2825 fiat
1134 2770 1418 2838 hortatur,
1467 2768 1698 2825 dicens:
1745 2772 1895 2825 Bona
1938 2777 2017 2825 est

370 2864 543 2921 oratio
565 2877 691 2916 cum
728 2860 945 2931 jejunio
988 2866 1038 2914 et
1091 2859 1430 2931 etecmosyna
1486 2858 1634 2930 (Tob.
1694 2858 1814 2932 xu).
1867 2858 2015 2923 Quia

369 2951 737 3021 eleemosyna
767 2963 801 3001 a
828 2951 1012 3001 morte
1041 2945 1339 3014 iiberat,et
1370 2947 1497 3021 ipsa
1516 2951 1727 3021 purgat
1758 2951 2009 3019 peccata.

369 3037 635 3103 Ostendit
664 3036 954 3092 orationes
983 3038 1214 3091 nostras
1244 3052 1309 3091 ac
1332 3035 1560 3108 jejunio.
1592 3037 1787 3093 minus
1818 3051 2010 3111 posse,

370 3128 482 3184 nisi
515 3124 897 3197 eleemosynis
948 3124 1315 3196 adjuventur.
1365 3124 1811 3197 Deprecationes
1856 3124 2011 3180 solas

348 3232 575 3291 ,parum
608 3215 680 3272 ad
739 3206 1172 3287 impetrandum
1229 3213 1439 3277 valere,
1472 3213 1585 3269 nisi
1634 3214 1921 3271 factorum
1953 3218 2011 3271 et
2041 3248 2084 3316 ρ

366 3322 607 3382 operum
639 3303 971 3361 accessione
1018 3303 1333 3358 socientur.
1389 3301 1620 3359 Reveiat
1669 3303 1913 3377 angelus
1954 3308 2011 3360 et

366 3394 701 3452 manifestat
729 3397 785 3449 et
803 3393 997 3447 firmat
1029 3391 1413 3465 eleemosynis
1442 3392 1751 3464 petitiones
1777 3397 2013 3448 nostras

365 3484 719 3541 efficaciores
746 3482 892 3549 fieri,
925 3480 1311 3554 elecmosynis
1341 3481 1520 3536 vitam
1551 3499 1581 3537 e
1611 3480 1887 3554 periculis
1919 3498 2006 3537 re—

365 3573 529 3637 dimi,
560 3571 945 3644 eleemosynis
975 3571 1204 3627 animas
1234 3588 1267 3625 a
1296 3573 1482 3626 morte
1526 3569 1782 3626 liberari.
1831 3571 2006 3641 (Isid)

366 3663 501 3716 Duas
533 3677 785 3732 namque
836 3664 975 3716 sunt
1021 3658 1433 3731 eleemosynze:
1490 3659 1615 3714 Una
1666 3658 2006 3731 corporalis,

367 3748 557 3821 egenti
589 3750 725 3804 dare
751 3748 1034 3821 quidquid
1066 3747 1355 3820 potueris;
1388 3746 1571 3803 altera
1602 3747 1901 3820 spiritalis,
1929 3748 2012 3804 di-

368 3837 596 3892 mittere
627 3853 660 3891 a
690 3853 805 3909 quo
834 3836 1007 3893 laesus
1039 3837 1236 3893 fueris.

959 3953 1189 4011 CAPUT
1226 3954 1411 4012 XXIX.

632 4050 712 4104 De
739 4043 901 4107 laude
919 4053 969 4102 et
988 4045 1228 4102 utilitate
1255 4047 1742 4117 eteenwsynarum.

434 4152 699 4221 Vendite,
732 4152 921 4226 inquit
948 4152 1256 4219 Dominus,
1288 4170 1414 4226 qua:
1438 4152 1772 4225 possidetis,
1802 4156 1860 4208 et
1878 4151 2013 4208 data

364 4243 792 4316 sleemosyuam
825 4244 977 4315 (Luc.
1010 4246 1109 4312 χι).
1158 4242 1228 4298 Et
1257 4242 1496 4299 iterum:
1545 4243 1675 4299 Date
1718 4242 2010 4315 eleemosy-

362 4350 514 4400 nam,
545 4342 598 4390 et
624 4349 743 4389 ecce
764 4334 952 4390 omnia
980 4330 1188 4388 munda
1231 4334 1359 4391 sunt
1385 4331 1533 4388 vobis
1580 4332 1730 4397 (Luc.
1781 4334 1906 4401 xu).
1939 4332 2010 4388 Et

362 4423 635 4481 Salomon
667 4422 781 4479 ait:
841 4420 1152 4492 Redemptio
1203 4422 1412 4477 animm
1467 4421 1597 4487 viri,
1648 4420 1858 4477 divitia:
1896 4436 2012 4476 sua:

364 4513 682 4581 Quintilem
707 4513 998 4568 miseretur
1020 4509 1273 4581 pauperi,
1306 4509 1488 4567 beatus
1516 4510 1622 4566 erit
1640 4513 1826 4580 (Prov.
1859 4518 2007 4582 xm).

365 4601 432 4657 Et
457 4600 671 4659 iterum
703 4599 1035 4672 Scriptura:
1065 4597 1335 4655 Conclude
1362 4598 1760 4671 eleemosynam
1786 4601 1847 4656 in
1873 4602 2007 4657 sinu

357 4690 619 4763 pauperis
642 4696 694 4745 et
724 4688 837 4745 lucc
860 4703 960 4760 pro
989 4696 1038 4744 te
1065 4688 1317 4746 exorabit
1343 4687 1412 4745 ab
1439 4690 1592 4745 omni
1617 4689 1764 4747 malo
1810 4690 2001 4759 (Eccli.

363 4779 537 4851 xxxx).
569 4778 769 4852 Ignem
793 4778 1095 4835 ardentem
1125 4776 1449 4850 exstinguit
1475 4794 1650 4851 aqua,
1677 4777 1763 4835 ita
1788 4777 2006 4837 etelee-

363 4885 609 4943 mosyna
637 4870 961 4941 peccatum.
995 4868 1065 4927 Et
1094 4866 1336 4923 iterum:
1361 4868 1476 4939 Qui
1485 4869 2009 4927 obturatauressuas

364 4973 432 5014 ne
451 4958 643 5015 audiat
666 4973 985 5029 pauperem,
998 4960 1053 5013 et
1082 4957 1197 5029 ipse
1208 4956 1479 5013 invocabit
1504 4958 2006 5026 Dominum,etnon

366 5046 473 5101 erit
498 5047 593 5117 qui
620 5046 883 5106 exaudiat
908 5063 1032 5105 eum
1065 5046 1248 5119 (Prov.
1281 5044 1421 5118 xxx).
1456 5045 1766 5120 (Cyprium)
1804 5047 2007 5120 Neque

366 5129 523 5187 enim
550 5132 1009 5194 misericordiam
1039 5135 1139 5193 Dei
1169 5136 1381 5193 mereri
1409 5136 1642 5206 poterit,
1665 5134 2006 5209 quimiseri-

368 5233 498 5275 cors
526 5218 651 5291 ipse
681 5237 797 5279 non
810 5223 1003 5293 fuerit,
1036 5224 1486 5298 autimpetrabit
1500 5225 1572 5282 de
1586 5225 2009 5299 divinapietate

368 5306 589 5379 aliquid
621 5308 678 5366 in
693 5312 962 5382 precibus
973 5313 1072 5386 qui
1087 5314 1158 5371 ad
1172 5330 1402 5387 precem
1418 5314 1691 5389 pauperis
1703 5332 1821 5373 non
1833 5316 2010 5373 fuerit

367 5397 685 5454 humanus.
719 5400 881 5464 Quod
914 5402 1125 5456 iterum
1152 5404 1212 5459 in
1235 5404 1479 5477 psalmis
1493 5404 1745 5476 Spiritus
1763 5409 2017 5464 sanctus-

368 5485 624 5545 declarat
652 5491 706 5543 et
729 5487 940 5559 probat
968 5488 1197 5548 dicens:
1233 5497 1540 5567 Beatusqui
1569 5496 2006 5569 intelligitsuper

364 5594 594 5653 egenum
622 5586 672 5633 et
697 5593 1024 5650 pauperem:
1060 5579 1368 5638 indiemata
1396 5585 1651 5641 liberabit
1679 5603 1799 5642 eum
1818 5590 2003 5644 Domi-

362 5685 469 5734 nus
496 5668 670 5754 (Psat.
702 5666 813 5749 ιι).
846 5666 994 5730 Nam
1025 5669 1085 5728 et
1112 5666 1316 5733 Daniel
1333 5671 1454 5749 regi
1470 5674 2006 5741 Nabuchodonosor

2141 597 2260 646 eeat
2286 590 2391 646 tibi
2417 590 2714 649 comitium
2743 604 2946 655 meum,
2974 596 3027 645 et
3052 596 3272 661 peccata
3301 598 3399 649 tua
3448 591 3796 664 munis
3842 610 3859 625 δ

2138 678 2363 747 redime,
2395 687 2447 736 et
2476 679 2783 752 injustitias
2813 685 2934 735 tuas
2982 678 3427 737 nusermionibus
3466 694 3793 753 paupertini,

2139 776 2191 825 et
2215 770 2323 829 erit
2353 770 2493 827 Deus
2512 784 2745 841 partem
2770 769 3010 840 peccatis
3054 769 3165 825 tuis
3208 768 3371 840 (Dan.
3404 768 3505 840 Iv).
3556 769 3724 834 Quod
3746 771 3794 827 ἠ

2138 860 2345 930 pacata
2373 875 2483 916 sua
2515 857 2801 917 redimere
2828 855 3794 931 voluisset,potuissetutiquem

2138 946 2276 1004 dere
2304 946 2460 1005 mala
2488 964 2617 1020 qua)
2646 961 2961 1019 perpessus
2989 951 3097 1004 est.
3122 944 3278 1005 Deus
3298 947 3459 1005 enim
3473 946 3793 1023 eleemosr
3847 946 3853 952 ’

2137 1052 2246 1093 nas
2278 1050 2605 1108 pauperum
2654 1035 2985 1101 faeneratur,
3032 1040 3257 1093 etcum
3304 1036 3482 1094 datur
3529 1036 3795 1095 minimis

2136 1124 2367 1181 Christo
2395 1126 2587 1183 datur.
2622 1124 2754 1197 Ipse
2782 1122 2939 1183 enim
2962 1124 3189 1195 judicio
3218 1142 3327 1182 suo
3355 1125 3633 1183 dicturus
3675 1130 3791 1184 est:

2134 1215 2362 1275 Esurivi
2387 1217 2441 1270 et
2469 1214 2695 1271 dedistis
2722 1214 2865 1270 mihi
2905 1212 3274 1280 manducare;
3313 1214 3470 1271 sitivi
3498 1223 3557 1271 ει
3596 1215 3795 1273 ddisti

2133 1303 2274 1359 mihi
2291 1308 2517 1375 potum;
2540 1303 2721 1361 nudus
2747 1304 2855 1375 fui,
2887 1311 2941 1361 et
2966 1305 3201 1362 vestistis
3230 1321 3316 1361 me
3325 1325 3347 1371 ,-
3374 1304 3596 1377 hospes,
3612 1306 3792 1363 eteo!-

2135 1393 2345 1463 legistis
2371 1410 2488 1463 me,-
2520 1395 2781 1465 inﬁrmus
2808 1400 2859 1448 et
2889 1395 2946 1448 in
2974 1410 3208 1462 carcere,
3240 1401 3289 1449 et
3319 1395 3591 1449 visitastis
3604 1411 3717 1463 ace,
3744 1398 3793 1451 et

2134 1485 2356 1537 caetera.
2390 1483 2492 1537 Et:
2525 1482 2675 1550 Quod
2702 1483 2911 1553 fecistis
2939 1484 3047 1539 uni
3074 1482 3140 1541 de
3165 1484 3416 1539 minimis
3446 1485 3610 1549 meis,
3655 1483 3792 1539 mihi

2130 1572 2354 1642 fecistis.
2389 1571 2458 1626 Et
2485 1577 2623 1628 tunc
2642 1571 2881 1627 audient
2895 1588 3096 1629 vocem
3113 1570 3275 1628 illam
3288 1573 3557 1631 beatam:
3584 1573 3789 1641 Venite,

2132 1660 2399 1716 benedicti
2426 1663 2610 1716 Patris
2639 1663 2767 1727 mei,
2795 1662 3060 1734 percipite
3095 1669 3474 1735 prwparatum
3526 1662 3682 1717 vobis
3711 1679 3790 1717 re-

2128 1766 2299 1818 gnum
2327 1749 2394 1805 ab
2425 1750 2640 1821 origine
2671 1750 2869 1805 mundi
2893 1749 3097 1813 (Matth.
3129 1753 3281 1820 xxv).

2125 1973 2282 2043 Quod
2304 1989 2402 2045 per
2426 1974 2825 2047 eleemosyngm
2846 1976 3094 2058 omnium
3119 1982 3469 2046 peccatorum
3507 1977 3791 2033 tribuatur

2812 2062 3084 2103 remissae.

2195 2147 2406 2200 Beatus
2433 2160 2690 2215 namque
2718 2142 2933 2199 Tobias
2963 2142 3147 2200 filium
3181 2160 3432 2201 monens
3446 2148 3516 2201 ut
3539 2145 3788 2206 eleemo-

2123 2248 2329 2304 synam
2360 2234 2591 2299 faceret,
2622 2232 2706 2287 ait
2747 2230 2901 2288 inter
2926 2230 3069 2289 alia:
3111 2232 3195 2288 Ea:
3222 2233 3541 2295 substantia
3568 2242 3674 2290 tua
3706 2234 3793 2305 ﬁli

2124 2323 2221 2391 mi,
2250 2323 2339 2392 fac
2369 2321 2786 2393 eleemosynam,
2816 2328 2869 2376 et
2896 2321 3013 2378 noli
3037 2330 3277 2378 avertere
3304 2323 3689 2393 faciemtuam
3723 2322 3785 2381 ab

2122 2411 2236 2466 ulla
2262 2426 2532 2482 paupere:
2563 2411 2641 2466 ita
2668 2412 2818 2466 enim
2840 2411 2934 2481 [iet
2955 2420 3015 2467 ut
3038 2426 3136 2467 nec
3163 2428 3198 2466 a
3222 2420 3273 2466 te
3300 2420 3590 2469 avertatur
3618 2415 3785 2484 fact?!

2123 2501 2361 2556 Domini.
2424 2500 2694 2568 Quomodo
2744 2500 3006 2571 potueris,
3066 2502 3143 2556 ita
3180 2508 3291 2557 esto
3346 2502 3691 2561 misericors.
3723 2504 3785 2560 Si

2121 2589 2356 2645 multum
2385 2590 2489 2645 tibi
2513 2590 2703 2660 fuerit,
2723 2588 3290 2653 obundantertribue;
3318 2593 3781 2663 siexiguumfue-

2120 2679 2212 2746 rit,
2248 2680 2415 2734 etiam
2440 2679 2950 2748 exiguumlibentcr
2964 2679 3237 2751 impertiri
3251 2679 3435 2735 stude.
3470 2684 3779 2737 Prmmium

2119 2769 2269 2823 enim
2299 2767 2498 2824 bonum
2526 2769 2631 2824 tibi
2658 2768 2997 2824 thesaurizas
3027 2769 3091 2823 in
3109 2768 3198 2824 die
3224 2770 3593 2837 necessitatis,
3644 2786 3778 2843 quo-

2119 2857 2275 2913 niam
2303 2857 2644 2929 elemosyna
2670 2857 2736 2912 ab
2766 2858 2920 2912 omni
2944 2865 3155 2929 peccato
3199 2866 3252 2914 et
3279 2875 3313 2913 a
3342 2867 3523 2916 morte
3569 2860 3783 2917 liberat

2119 2952 2170 3000 et
2195 2960 2305 3000 non
2332 2947 2579 3017 patietur
2606 2948 2853 3002 animam
2881 2948 2963 3002 ire
2993 2947 3053 3001 in
3082 2947 3331 3003 tenebras
3363 2947 3516 3010 (Tob.
3545 2952 3646 3012 Iv).

2713 3075 2945 3135 CAPUT
2983 3076 3169 3135 XXXI.

2119 3172 2299 3239 Quam
2322 3171 2419 3241 pie
2447 3185 2511 3224 ac
2537 3168 2835 3225 salubriter
2860 3167 2931 3224 ad
2950 3168 3300 3241 elcemosynw
3311 3170 3562 3228 studium
3583 3171 3771 3231 divina

2590 3256 2689 3296 nos
2717 3241 2957 3296 instruat
2983 3237 3289 3312 Scriptura.

2191 3336 2421 3393 Fiducia
2449 3354 2652 3408 magna
2680 3340 2786 3394 erit
2813 3353 2997 3395 coram
3023 3355 3233 3395 summo
3263 3339 3368 3396 Deo
3399 3340 3767 3416 rlcemosyna,

2118 3428 2372 3482 omnibus
2398 3428 2731 3499 facientibus
2758 3443 2879 3484 eam
2909 3428 3051 3500 (Tob.
3072 3429 3170 3500 Iv).
3191 3427 3337 3485 Hinc
3358 3436 3416 3486 et
3428 3447 3533 3504 per
3561 3447 3767 3505 quem-

2118 3515 2254 3571 dam
2286 3515 2607 3588 sapientem
2637 3516 2877 3573 dicitur:
2910 3517 3039 3586 Fili,
3073 3518 3471 3590 eleemosynam
3505 3524 3766 3594 pauperis

2116 3620 2185 3659 ne
2212 3604 2502 3679 defraudes
2531 3610 2582 3661 et
2611 3608 2792 3662 oculos
2817 3614 2935 3663 tuos
2970 3622 3039 3663 ne
3068 3610 3404 3663 transvertas
3434 3627 3468 3665 a
3496 3627 3753 3684 paupere.

2117 3695 2373 3751 Animam
2410 3696 2737 3751 esurientem
2774 3714 2846 3752 ne
2889 3696 3217 3769 despexeris,
3249 3706 3441 3753 etnon
3470 3715 3759 3769 exuperes

2114 3798 2410 3854 pauperem
2440 3785 2499 3838 in
2528 3786 2715 3856 inopia
2742 3802 2864 3841 sua.
2902 3786 3004 3841 Cor
3016 3786 3765 3858 inopisneafﬂixeris,etnon

2113 3872 2403 3943 protrahas
2432 3873 2618 3929 datum
2647 3875 2995 3943 angustianti
3040 3874 3226 3938 (Eccli.
3271 3878 3351 3943 Χ).
3407 3874 3594 3949 Igitur
3642 3877 3767 3948 qui-

2119 3976 2349 4033 cunque
2379 3962 2449 4016 de
2478 3961 2688 4018 virtute
2713 3960 3091 4035 eleemosynaa
3125 3962 3295 4035 plura
3324 3980 3572 4021 noscere
3586 3966 3763 4039 cupit,

2118 4048 2271 4123 legat
2298 4049 2513 4106 librum
2538 4050 2895 4108 sanctissimi
2918 4052 3500 4125 martyristypriani,
3516 4071 3689 4127 quem
3701 4054 3767 4109 de

2119 4138 2497 4213 Eleemosyna
2526 4139 2788 4213 scripsit;
2820 4145 2876 4197 et
2907 4141 3061 4197 beati
3093 4140 3416 4212 Maximini,
3450 4143 3765 4199 Taurinen-

2119 4226 2200 4284 sis
2231 4228 2506 4302 episcopi,
2542 4227 2757 4285 librum
2789 4245 2967 4302 quem
3017 4224 3228 4303 etipse
3276 4230 3349 4286 de
3394 4231 3764 4305 Elecmosyna

2119 4317 2374 4390 scripsit,
2409 4321 2465 4373 et
2496 4317 2859 4374 sufficienter
2888 4317 3160 4374 inveniet.

2702 4452 2934 4511 CAPUT
2970 4452 3183 4511 XXXII.

2720 4546 2801 4597 De
2827 4542 3155 4601 humilitate.

2034 4624 2087 4689 Β
2182 4638 2401 4712 (Basil,)
2434 4637 2742 4697 vailitas
2773 4639 3013 4713 quidem
3043 4641 3165 4699 hac
3195 4646 3306 4713 est,
3338 4647 3628 4701 ntemnas
3650 4642 3755 4701 bo-

2116 4729 2305 4787 mines
2327 4727 2686 4789 aestimemus
2716 4729 3049 4803 superiores
3075 4731 3267 4802 nobis,
3290 4733 3755 4790 etomnibusnos

2114 4816 2421 4877 inferiores
2451 4822 2507 4875 et
2530 4816 2762 4879 viliores
2791 4836 2908 4876 non
2940 4819 3134 4878 solum
3163 4819 3379 4880 humili
3425 4818 3752 4895 pronuntia-

2115 4923 2255 4965 mus
2281 4921 2570 4976 sermone,
2601 4907 2703 4965 sed
2734 4908 2910 4969 etiam
2956 4909 3164 4967 intimo
3212 4910 3525 4968 credamus
3568 4907 3757 4966 cordis

2115 4998 2344 5057 ali‘ectu.

2680 5112 2908 5172 CAPUT
2951 5114 3189 5173 XXXIII.

2616 5205 2692 5262 De
2718 5205 2877 5263 laude
2905 5206 3258 5265 humilitatis.

2185 5318 2470 5377 Dominus
2498 5337 2565 5376 ac
2596 5320 2951 5395 Redemptor
2969 5326 3248 5382 nosterut
3270 5319 3755 5381 adhumiiitatsm‘

2115 5426 2220 5465 nos
2251 5413 2606 5483 provocaret,
2620 5427 2726 5483 per
2735 5412 3114 5486 Evangelium
3129 5428 3306 5471 suum
3324 5411 3569 5471 formam
3580 5408 3742 5467 nobis

2113 5497 2473 5555 humilitatis.
2493 5500 2768 5570 ostendit,
2800 5503 3031 5559 dicens:
3061 5504 3264 5562 Discite
3289 5520 3327 5559 α
3350 5519 3439 5560 me
3467 5499 3746 5575 quiam‘tis

2111 5606 2230 5644 sum
2260 5596 2309 5643 et
2341 5588 2570 5645 humilis
2596 5590 2772 5657 corde,
2806 5596 2859 5647 et
2888 5594 3177 5649 invenietis
3209 5587 3753 5665 requiernanimabtn'

2111 5678 2304 5738 vestris
2334 5676 2546 5751 (Matth.
2576 5678 2679 5759 ιι).
2714 5679 2843 5757 Ipse
2865 5682 3083 5747 etenim
3098 5698 3207 5763 per
3222 5681 3557 5762 prophetam
3570 5676 3737 5737 dicit:
