4102 6180
470 252 582 310 907

866 245 1276 310 HAYMONIS
1324 247 1867 310 HALBERSTAT.
1913 247 2158 308 EPISC.
2207 245 2378 307 opp.
2425 247 2625 309 pnas
2668 198 3438 315 11i.-~MISCELLANEA.

3675 263 3766 322 908

466 380 639 447 tiens,
667 378 827 434 velut
856 384 1084 436 reatum
1132 385 1387 449 excusat,
1422 381 1653 436 dicens:
1687 381 1810 436 Scio
1857 382 1989 452 quia
2006 396 2106 452 per
2133 381 2187 447 Α
2217 381 2461 453 perpeti,
2491 384 2691 437 contra
2718 399 2851 438 eum
2885 399 3118 456 quoque
3146 384 3241 456 qui
3270 385 3412 441 mala
3438 388 3626 462 irrogat
3641 393 3768 451 nullo

465 470 844 539 ignorantiam
888 471 1117 541 fecistis,
1147 472 1289 526 sicut
1334 478 1387 526 et
1436 473 1712 542 principes
1740 471 1923 525 vestri.
1958 471 2116 538 Deus,

466 573 592 630 qua?
614 561 1023 630 prwnuntiavit
1048 576 1149 632 per
1193 576 1252 616 os
1288 561 1537 615 omnium
1586 560 1974 631 prophetarum
1998 560 2121 631 pati

470 649 745 704 Christum
773 665 955 715 suum,
989 651 1231 721 implevit
1254 650 1333 703 sic
1361 648 1494 721 (Act.
1529 649 1636 720 ιιι).
1669 650 1822 713 Quos
1845 649 1917 704 ad
1939 648 2117 704 vitam

468 736 873 794 misericordia
913 737 1109 806 trahit,
1162 736 1399 793 dicens:
1447 739 1809 794 Paenitemini
1866 739 2041 807 igitur
2069 746 2120 794 et

466 828 873 894 convertimini,
933 835 994 881 ut
1049 826 1336 882 deleantur
1398 835 1620 899 peccata
1676 835 1852 883 vestra
1913 827 2113 900 (Ibid).

469 915 769 981 Quomodo
796 914 1023 970 Eliseus
1065 914 1257 972 videre
1307 917 1568 971 Naaman
1619 932 1688 972 ex
1735 916 1982 973 elatione
2015 934 2115 973 no-

469 1004 600 1073 luit;
632 1004 732 1076 qui
766 1020 882 1059 non
914 1001 1103 1060 solum
1137 1021 1199 1060 se
1230 1004 1624 1079 conspici,sed
1650 1004 1834 1061 teneri
1856 1021 1917 1060 se
1939 1006 2115 1062 etiam

470 1092 766 1150 amullere
792 1092 1102 1165 permisit?
1133 1093 1211 1148 De
1242 1110 1359 1165 qua
1389 1094 1674 1166 scriptum
1716 1099 1805 1150 est
1830 1111 1842 1150 :
1879 1094 2118 1167 Cumque

467 1182 695 1238 venisset
720 1180 791 1236 ad
839 1182 1022 1237 virum
1074 1184 1180 1239 Dei
1232 1184 1293 1238 in
1324 1191 1521 1251 monte,
1555 1184 1909 1255 apprehendit
1959 1184 2117 1256 pedes

466 1271 602 1343 ejus,
637 1278 688 1325 et
717 1272 941 1326 accessit
970 1273 1123 1329 Ciez-i
1168 1280 1230 1327 ut
1259 1280 1528 1328 amoveret
1583 1289 1723 1328 eam.
1757 1275 1823 1328 Et
1852 1276 1933 1329 ait
1961 1274 2117 1330 homo

464 1361 601 1416 Dei:
633 1360 855 1415 Dimitte
880 1361 1063 1428 illam,
1099 1362 1287 1416 anima
1317 1362 1467 1416 enim
1496 1362 1613 1432 ejus
1658 1363 1717 1415 in
1745 1362 2118 1418 amaritudine

464 1457 541 1517 est
573 1449 662 1519 (IV
688 1451 817 1518 Reg.
852 1451 950 1518 ιν).
1012 1450 1312 1516 Quomodo
1361 1449 1517 1506 Elias
1574 1451 1825 1523 superbo
1884 1451 2003 1525 regi
2036 1450 2119 1506 in-

466 1536 819 1609 crepationis
847 1537 1025 1593 verba
1056 1542 1294 1610 pr0pter
1312 1542 1602 1595 tumorem
1622 1539 1947 1611 intulit,qui
1982 1543 2117 1596 ante

465 1626 628 1683 illius
654 1643 892 1682 currum
909 1626 1213 1683 humiliter
1234 1628 1669 1693 cucurrit,sicut
1690 1629 1974 1701 scriptum
1994 1634 2111 1686 est:

2231 468 2427 525 dolore
2457 470 2729 526 morderi.
2763 472 2910 527 Nam
2940 472 3040 544 qui
3074 471 3156 528 sic
3185 473 3414 545 proximi
3445 476 3578 532 male
3604 485 3770 551 portat,

2228 562 2297 613 ut
2324 562 2516 615 tamen
2548 560 2763 616 tacitus
2786 560 3063 628 doleat,et
3082 566 3305 634 tempus
3322 562 3492 637 dignm
3510 566 3775 626 retributio-

2228 648 2320 703 nis
2351 653 2591 720 quaerat,
2627 649 2967 721 patientiam
3007 667 3123 706 non
3154 650 3388 717 exhibet,
3418 653 3506 708 sed
3552 657 3773 732 ostendit.

2227 736 2520 809 Scriptum
2552 739 2766 811 quippe
2794 742 2917 794 est:
2951 740 3205 797 Charitas
3240 741 3438 812 patiens
3478 746 3564 809 est,
3593 743 3777 815 benigna

2225 829 2306 881 est
2333 825 2380 898 (ι
2408 826 2529 882 Cor.
2563 827 2707 898 χιιι).
2729 827 2955 883 Patiens
2986 844 3236 900 namque
3264 832 3367 896 est,
3392 832 3453 884 ut
3477 829 3638 886 aliena
3660 833 3779 891 mala

2225 913 2447 970 toleret.
2473 915 2731 989 Benigna
2758 933 2891 971 vero
2921 920 3029 986 est,
3058 920 3124 972 ut
3150 915 3303 990 ipsos
3343 918 3502 974 etiam
3531 935 3655 991 quos
3678 938 3779 994 por-

2226 1006 2311 1058 tat
2337 1007 2512 1060 amet.

2794 1130 3024 1187 CAPUT
3062 1130 3295 1187 XXXVI.

2747 1247 2822 1301 De
2851 1246 3012 1301 laude
3037 1247 3339 1318 patientiae.

2298 1359 2510 1431 (Cypr.)
2544 1358 2829 1416 Patientia
2855 1363 3074 1427 autem,
3106 1360 3310 1417 fratres
3330 1358 3675 1431 dilectissimi,
3699 1381 3786 1420 non

2226 1451 2455 1503 tantum
2487 1449 2639 1504 bona
2664 1447 3045 1518 custodit,sed
3076 1452 3134 1505 et
3155 1447 3375 1521 repellit
3392 1449 3624 1520 adversa,
3650 1451 3787 1523 Spiri-

2224 1543 2352 1593 tum
2383 1541 2654 1593 sanctum
2686 1538 2968 1603 fovens,et
2996 1536 3327 1594 cmlestibus
3355 1555 3417 1593 ac
3442 1538 3631 1595 divinis
3645 1539 3789 1595 cohe-

2227 1645 2362 1684 rens
2392 1630 2594 1682 contra
2626 1627 2775 1683 facta
2805 1626 2998 1682 carnis
3026 1630 3083 1683 et
3122 1625 3375 1703 corporis
3404 1626 3616 1699 (quibus
3638 1628 3792 1684 anima

464 1717 822 1788 Accintusque
854 1717 1054 1771 lumbis
1099 1718 1353 1772 currebat
1409 1724 1534 1772 ante
1592 1717 1770 1773 Achab
1793 1721 1821 1772 ?
1860 1720 1963 1789 (III
1988 1721 2113 1790 Reg.
2148 1751 2194 1818 Β
2229 1720 2600 1818 expugnatur
2628 1719 2687 1772 et
2717 1715 3254 1817 capitur)virtutum
3276 1732 3505 1817 suarum
3534 1732 3795 1789 propugna-

464 1806 608 1879 χιιι).
642 1806 941 1872 Quomodo
981 1806 1288 1862 Jeroboam
1337 1805 1704 1878 praesentiam
1764 1822 1831 1861 ex
1860 1805 2105 1863 elatione

467 1895 749 1965 despexit,
765 1893 866 1968 qui
896 1899 1153 1951 arentem
1188 1895 1450 1949 dextram
1483 1895 1610 1965 ejus
1642 1894 1817 1951 saluti
1847 1896 2105 1968 pristinae

464 1984 737 2058 protinus
767 2000 835 2038 ex
857 1982 1069 2055 pietate
1126 1983 1431 2055 reparavit,
1467 1983 1618 2038 sicut
1663 1984 1947 2056 scriptum
1981 1989 2107 2042 est:

469 2073 712 2144 Cumque
739 2071 981 2128 audisset
1027 2088 1127 2127 rex
1169 2088 1473 2128 sermonem
1527 2074 1765 2129 hominis
1798 2075 1918 2143 Dei,
1950 2092 2111 2146 quem

464 2162 795 2218 clama‘verat
822 2169 1010 2217 contra
1056 2163 1234 2216 altare
1286 2164 1346 2217 in
1378 2162 1582 2229 Bethel,
1615 2162 1858 2218 extendit
1884 2180 2111 2219 manum

463 2267 624 2307 suam
652 2250 716 2305 de
741 2252 931 2317 altari,
963 2250 1147 2306 dicens
1168 2269 1186 2304 :
1217 2251 1610 2322 Apprehendite
1639 2268 1782 2316 eum,
1814 2260 1865 2307 et
1892 2253 2114 2309 exaruit

463 2357 662 2395 manus
691 2339 857 2410 ejus?
885 2339 1071 2411 (Ibid.)
1120 2340 1189 2394 Et
1232 2338 1405 2411 paulo
1467 2344 1635 2411 post:
1673 2341 1862 2396 Oravit
1904 2344 1993 2396 vir
2019 2344 2115 2398 Dei

461 2431 661 2501 faciem
686 2429 926 2495 Domini,
962 2437 1013 2483 et
1042 2445 1256 2484 reversa
1287 2437 1366 2483 est
1391 2445 1589 2483 manus
1626 2429 1743 2500 ejus
1773 2428 1843 2484 ad
1889 2447 2031 2497 eum,
2065 2440 2116 2487 et

463 2519 613 2589 facta
657 2526 733 2574 est
786 2520 931 2574 sicut
972 2520 1131 2589 prius
1177 2519 1359 2588 fuerat
1412 2518 1616 2589 (lbtd.).
1642 2517 1787 2583 Quia
1840 2520 2115 2592 superbia

463 2603 700 2677 gignere
730 2605 974 2660 virtutes
997 2605 1199 2674 nescit,
1225 2612 1446 2678 quanta
1462 2622 1529 2662 ex
1546 2605 1877 2663 humilitate
1899 2609 2115 2680 prodiit

461 2709 569 2748 vox
601 2693 1016 2766 increpationis
1049 2694 1397 2759 ostenditur,
1423 2712 1599 2765 quam
1632 2695 1799 2767 signa
1829 2697 2112 2752 comitan-

464 2782 887 2845 tur.Quomodo
918 2782 1154 2855 Nathan
1175 2787 1376 2837 contra
1392 2783 1569 2838 David
1596 2800 1793 2855 regem
1812 2801 1914 2854 per
1940 2786 2117 2841 verba

464 2868 879 2945 increpationis
911 2869 1150 2936 tumuit,
1185 2869 1284 2941 qui
1318 2887 1452 2926 cum
1486 2871 1843 2943 increpanda
1862 2872 2034 2945 culpa
2055 2874 2115 2930 in

464 2957 841 3027 terramejus
883 2957 1216 3029 conspectui
1265 2976 1487 3031 pronus
1538 2960 1761 3027 stravit,
1797 2961 1949 3017 sicut
1982 2962 2118 3017 scri-

464 3047 632 3115 ptum
665 3048 755 3100 est
775 3045 1220 3101 :Nuntiaverunt
1232 3048 1350 3120 regi
1371 3048 1629 3105 dicentes
1655 3066 1666 3103 :
1696 3050 2032 3106 AdestNath
2042 3068 2114 3107 an

464 3132 747 3205 propheta
768 3151 1039 3207 ;cumque
1069 3123 1365 3192 introisset
1381 3141 1516 3192 ante
1538 3143 1913 3210 conspectum
1936 3140 2112 3212 regis,

465 3221 727 3280 adoravit
757 3222 922 3278 illum
954 3239 1175 3294 pronus
1232 3223 1292 3279 in
1325 3228 1480 3280 terra
1501 3225 1528 3278 ἱ)
1554 3226 1853 3291 Quomodo
1885 3228 2114 3300 Moyses

462 3309 584 3383 regi
616 3311 880 3384 Egyptio
912 3312 1094 3368 libere
1126 3312 1401 3369 resistens
1432 3331 1563 3369 eum
1585 3315 1881 3387 despicere
1904 3316 2110 3388 potuit,

462 3399 562 3472 qui
587 3400 702 3457 Deo
722 3400 1086 3457 familiariter
1098 3401 1802 3475 colloquens,scquentem
1831 3421 1893 3461 se
1913 3404 2112 3461 Jethro

461 3492 775 3561 cognatum
806 3488 1048 3545 humilis
1090 3490 1368 3558 adoravit,
1405 3491 1576 3561 cujus
1635 3491 1813 3548 etiam
1870 3493 2111 3550 consilio

458 3580 684 3632 tantam
716 3577 1104 3634 obedientiam
1147 3580 1412 3651 praebuit,
1449 3585 1514 3635 ut
1570 3586 1702 3652 post
1759 3586 1979 3637 secreta
2009 3583 2110 3638 Dei

458 3664 747 3737 colloquia
776 3682 1057 3739 magnum
1085 3666 1313 3722 lucrum
1333 3668 1743 3741 doceret,quod
1774 3670 1913 3724 foris
1927 3671 2111 3727 abore

457 3753 714 3810 hominis
745 3754 1031 3810 audiret?
1061 3756 1142 3811 Ex
1195 3754 1326 3810 aliis
1379 3773 1515 3827 ergo
1574 3760 1909 3813 sanctorum
1944 3759 2110 3815 factis

456 3841 742 3898 discimus
768 3842 903 3914 quid
939 3844 1010 3898 de
1069 3843 1199 3900 aliis
1248 3860 1494 3916 pensare
1539 3846 1878 3903 debeamus.
1911 3848 2108 3904 Sancti

455 3929 671 4009 etenim
714 3929 821 3986 viri
883 3947 986 3987 nec
1046 3948 1113 3987 ex
1171 3930 1418 3988 elatione
1477 3938 1616 3988 sunt
1657 3932 1846 4002 liberi,
1905 3953 2012 3992 nec
2040 3953 2109 3992 ex

452 4019 663 4076 timore
694 4019 999 4088 submissi,
1025 4022 1125 4076 sed
1167 4038 1301 4077 cum
1332 4039 1430 4078 eos
1461 4022 1749 4079 rectitudo
1777 4025 1849 4080 ad
1870 4024 2106 4082 liberta-

455 4113 571 4165 tem
604 4108 761 4165 vocis
786 4107 977 4181 erigit,
997 4109 1386 4166 consideratio
1407 4109 1774 4167 inﬁrmitatis
1786 4112 2106 4186 pr0prizein

452 4196 786 4253 humilitate
816 4197 1090 4254 custodit.
1120 4197 1332 4271 Culpas
1364 4199 1581 4272 quippe
1614 4199 2103 4274 delinquentium,

450 4289 508 4341 et
536 4285 587 4343 si
616 4302 686 4342 ex
715 4284 830 4342 alto
862 4286 1233 4359 increpantes
1269 4287 1485 4343 feriunt
1534 4289 1881 4361 semetipsos
1910 4293 2103 4348 tamen

448 4375 605 4447 apud
637 4392 698 4431 se
727 4374 1005 4431 subtilius
1028 4374 1386 4447 judicantes,
1420 4378 1590 4448 quasi
1621 4377 1681 4432 in
1713 4378 1970 4448 abjectos
2001 4397 2101 4451 po-

448 4467 616 4518 nunt.
650 4464 720 4519 Et
751 4480 863 4535 quo
912 4480 1089 4535 prava
1121 4465 1179 4520 in
1213 4464 1341 4521 aliis
1390 4466 1805 4538 insequuntur,
1839 4466 1896 4521 in
1928 4483 1995 4523 eo
2027 4468 2098 4524 ad

446 4551 849 4625 reprimendos
880 4570 940 4608 se
966 4551 1279 4609 atrociores
1306 4554 1960 4628 reddunt.Rursumque
1983 4574 2099 4629 quo

444 4640 683 4696 sibimet
713 4640 955 4697 meliora
986 4641 1296 4714 agentibus
1332 4659 1702 4715 nequaquam
1732 4649 1999 4715 parcunt,
2030 4663 2096 4702 eo

443 4728 780 4802 vigilantius
811 4730 1003 4787 aliena
1034 4731 1485 4803 reprehendunt.
1522 4730 1666 4797 Quid
1708 4733 1863 4787 enim
1890 4735 1960 4789 de
1993 4734 2098 4789 hu-

444 4836 619 4875 mana
650 4820 905 4892 poientia
937 4820 1135 4876 mirari
1159 4824 1429 4893 poterunt
1454 4819 1553 4892 qui
1583 4822 1931 4894 semetipsos
1956 4840 2095 4895 quo-

442 4924 556 4979 que
587 4909 939 4981 despiciunt,
973 4910 1148 4964 etiam
1182 4925 1315 4964 cum
1346 4908 1553 4965 intime
1605 4926 1707 4981 per
1736 4926 1865 4965 eam
1897 4928 2091 4968 arcem

442 4995 826 5053 sublimitatis
849 4997 1297 5070 apprehendunt
1315 4997 1565 5053 ?Idcirco
1586 4997 1766 5071 igitur
1785 4999 1930 5057 bene
1947 5001 2090 5056 foris

440 5082 767 5153 dijudicant
797 5085 1165 5142 altitudinem
1186 5091 1424 5142 terrenae
1444 5086 1977 5159 celsitudinis,quia
1999 5089 2086 5145 in-

438 5174 536 5226 tus
556 5170 793 5228 oculum
827 5191 942 5229 non
973 5180 1173 5247 gravat
1204 5176 1434 5247 pondus
1461 5175 1728 5232 tumoris.

1020 5298 1252 5355 CAPUT
1291 5299 1506 5355 XXXV.

1060 5416 1135 5470 De
1160 5418 1456 5485 patientia.

502 5531 527 5605 (
535 5525 1170 5606 Cypr.)Patientiavera
1183 5534 1271 5619 est
1290 5508 1478 5589 aliena
1491 5531 1645 5589 mala
1658 5534 2080 5608 aequanimiter.

2226 1805 2356 1862 culo
2388 1804 2870 1861 reluctatur.Late
2892 1809 3051 1878 patet
3074 1804 3361 1878 patientia:
3389 1804 3576 1871 virtus,
3598 1809 3646 1860 et
3669 1806 3794 1861 uber-

2216 1901 2310 1952 tas
2341 1895 2471 1967 ejus
2503 1898 2559 1950 et
2588 1894 2833 1966 largitas
2865 1893 2935 1949 de
2968 1894 3145 1949 unius
3175 1892 3411 1965 quidem
3440 1893 3665 1950 nominis
3682 1893 3797 1949 fonte

2219 1982 2743 2056 proﬁciscitur,sed
2773 1998 2843 2037 ex
2862 1981 3225 2038 undantibus
3253 1982 3409 2037 venis
3439 1980 3796 2055 permultaglo-

2222 2073 2446 2130 riarum
2482 2071 2692 2127 itinera
2720 2070 3090 2126 diffunditur.
3118 2071 3236 2127 Nec
3264 2070 3525 2143 proﬁcere
3550 2070 3731 2142 aliquid
3755 2069 3798 2124 in

2222 2160 2449 2217 actibus
2480 2159 2702 2216 nostris
2734 2163 2926 2232 potest
2945 2160 3016 2214 ad
3047 2159 3558 2215 eonsummandam
3584 2156 3796 2231 gloriam,

2222 2250 2335 2306 nisi
2366 2250 2501 2304 inde
2530 2248 3057 2305 censummationis
3087 2248 3336 2322 accipiat
3370 2248 3688 2303 ﬁrmitatem.
3712 2246 3794 2302 Ps-

2224 2340 2430 2395 tientia
2460 2342 2549 2394 est
2579 2354 2707 2409 quae
2738 2337 2885 2391 iram
2936 2341 3245 2409 temperat,
3281 2354 3404 2409 quae
3458 2336 3685 2408 linguam
3708 2334 3792 2388 fre-

2225 2433 2344 2497 nat,
2378 2446 2504 2501 quae
2536 2430 2792 2482 mentem
2823 2425 3131 2499 gubernat,
3163 2442 3367 2498 pacem
3397 2424 3645 2491 custodit,
3664 2420 3803 2478 disci-

2224 2517 2447 2590 plinam
2482 2515 2649 2588 regit,
2684 2514 2946 2570 libidinis
2976 2514 3266 2587 impetum
3314 2514 3534 2586 frangit,
3565 2516 3797 2567 tumorem

2223 2605 2496 2662 violentia
2525 2603 2880 2676 comprimit,
2914 2603 3259 2658 incendium
3315 2600 3612 2658 simultatis
3635 2597 3803 2656 exstin-

2224 2694 2610 2769 guit.Coercet
2641 2692 2960 2765 potentiam
2992 2691 3519 2763 divitum,in0piam
3540 2702 3802 2762 pauperum

2225 2785 2460 2840 refovet.
2488 2783 2713 2838 Tuetur
2740 2781 2798 2835 in
2830 2779 3155 2852 virginibus
3183 2781 3415 2836 beatam
3454 2777 3798 2850 integritatem.

2224 2873 2282 2928 in
2314 2872 2506 2927 viduis
2536 2871 2891 2926 laboriosam
2949 2869 3305 2934 castitatem,
3339 2870 3398 2924 in
3450 2864 3735 2939 conjugatis
3754 2865 3798 2917 et

2226 2961 2516 3018 maritatis
2548 2959 2910 3015 individuam
2942 2958 3292 3014 castitaiem.
3326 2956 3477 3013 Facit
3523 2951 3736 3010 humiles
3759 2951 3803 3005 in

2227 3051 2542 3124 prosperis,
2576 3049 2635 3104 in
2666 3047 2926 3104 adversis
2956 3047 3368 3115 fortes,contra
3398 3045 3624 3118 injurias
3645 3045 3691 3098 et
3705 3057 3806 3096 con-

2147 3117 2188 3183 C
2228 3117 2502 3195 tumelias
2526 3117 3406 3208 mites.Docetdelinquentibus
3426 3117 3533 3190 cito
3551 3133 3805 3206 ignoscere.

2225 3229 2272 3286 si
2305 3229 2430 3301 ipse
2461 3224 2896 3299 delinquas,diu
2919 3228 2978 3281 et
3001 3225 3265 3281 multum
3280 3219 3808 3299 rogare.Tentationes

2224 3320 2535 3391 expugnat,
2568 3315 3005 3388 persecutiones
3032 3314 3266 3383 tolerat,
3299 3318 3590 3387 passtones
3624 3313 3673 3365 et
3690 3322 3804 3362 mar-

2221 3406 2373 3479 tyris.
2401 3407 2795 3462 consummat.
2831 3404 2962 3475 Ipsa
2987 3408 3076 3458 est
3106 3419 3234 3474 quae
3268 3402 3402 3458 ﬁdei
3435 3404 3630 3456 nostrae
3656 3396 3807 3452 ﬁrma-

2222 3498 2420 3550 menta
2450 3492 2696 3548 ﬁrmiter
2727 3491 3077 3564 munit.Ipsa
3106 3495 3196 3547 est
3225 3489 3699 3564 quaeincrementa
3714 3479 3805 3554 spei

2222 3582 2587 3638 sublimitate
2614 3580 2892 3653 perhibet.
2905 3581 3037 3653 Ipsa
3053 3579 3258 3653 dirigit
3280 3584 3347 3635 ut
3370 3583 3555 3635 tenere
3571 3572 3809 3648 possimus

2220 3672 2371 3727 viam
2386 3669 2772 3737 Christi,dum
2796 3686 2899 3741 per
2931 3671 3060 3741 ejus
3099 3661 3808 3738 tolerantiamingredimur.

2222 3761 2353 3833 Ipsa
2368 3759 2619 3816 efﬁcitut
2634 3774 3070 3830 perseveremus
3088 3757 3191 3812 ﬁlii
3206 3757 3333 3824 Dei,
3354 3756 3494 3811 dum
3522 3746 3807 3827 patientiam

2220 3849 2404 3922 patris
2433 3848 2755 3904 imitamur.
2788 3848 2918 3903 Haec
2959 3846 3116 3903 enim
3147 3842 3598 3901 Christianitatis
3625 3848 3809 3895 summa

2219 3941 2327 4006 est,
2361 3942 2428 3994 ut
2485 3935 2824 3993 amantibus
2870 3935 3365 4002 vicissitudinem,
3396 3929 3709 3989 laedentibus
3728 3937 3805 3996 pa-

2218 4026 2478 4082 tientiam
2512 4025 2924 4098 rependamus.
2949 4024 3057 4090 Qui
3089 4040 3223 4097 erge
3255 4022 3432 4080 fuerit
3458 4015 3733 4095 patientior
3753 4008 3807 4066 ad

2217 4116 2495 4188 injuriam
2526 4114 2822 4187 potentior
2850 4114 3241 4170 constituetur
3271 4114 3332 4169 in
3364 4126 3554 4184 regno.

2771 4237 3000 4294 CAPUT
3037 4237 3304 4294 XXXVII.

2408 4355 2672 4426 Exempla
2701 4356 3015 4409 sanctorum
3044 4355 3274 4409 Patrum
3304 4352 3371 4410 de
3396 4346 3667 4425 patientia.

2284 4467 2907 4540 (Cypr.)Petrus,super
2931 4481 3104 4538 quem
3126 4464 3391 4522 Ecclesia
3410 4460 3627 4521 Domini
3643 4456 3803 4534 digna-

2209 4556 2365 4612 tione
2396 4556 2642 4610 fundata
2671 4557 2779 4623 est,
2814 4554 2872 4609 in
2923 4553 3181 4627 Epistola
3228 4572 3342 4612 sua
3388 4552 3550 4627 ponit
3587 4552 3640 4606 et
3665 4542 3804 4600 dicit:

2209 4647 2454 4701 Christus
2479 4659 2675 4715 passus
2703 4646 2782 4698 est
2808 4659 2911 4714 pro
2940 4644 3109 4710 vobis,
3140 4644 3462 4716 relinquens
3508 4639 3644 4696 vobis
3659 4644 3806 4690 mar

2199 4736 2358 4806 plum
2386 4737 2447 4787 ut
2475 4733 2790 4804 sequamini
2819 4733 3051 4801 vestigia
3095 4733 3258 4804 ejus,-
3289 4734 3390 4806 qui
3438 4730 3694 4803 peccatum
3716 4731 3803 4774 ηοη

2201 4826 2453 4895 fecit,nee
2486 4824 2736 4877 inventus
2765 4828 2841 4876 est
2869 4821 3024 4877 dolus
3052 4822 3112 4875 in
3142 4822 3416 4893 oreejus,
3447 4820 3542 4893 qui
3584 4829 3691 4870 cum
3714 4820 3805 4863 ma-

2203 4913 2528 4968 lediceretur
2583 4926 2692 4966 non
2752 4910 3191 4977 remaledicebat,
3241 4926 3369 4966 cum
3422 4910 3683 4981 pateretur
3718 4905 3807 4951 non

2200 5000 2657 5057 comminabatur.
2693 4998 2950 5054 Tradebat
2995 5006 3178 5055 autem
3232 5014 3288 5055 se
3328 4994 3604 5071 judicanti
3646 4986 3807 5058 injust!

2198 5090 2248 5161 (Ι
2283 5092 2429 5145 Petr.
2464 5087 2894 5157 n).Invenimus
2917 5086 3169 5160 denique
3191 5091 3248 5144 et
3267 5080 3688 5161 patriarchaset
3704 5084 3805 5147 pro‘

2197 5178 2426 5251 phetas,
2460 5181 2517 5232 et
2536 5177 2734 5247 justos
2767 5192 2991 5245 omnes,
3024 5175 3126 5249 qui
3157 5177 3409 5250 ﬁguram
3441 5167 3650 5257 Christi
3690 5161 3806 5257 ima-

2196 5268 2330 5341 gine
2361 5270 2653 5340 praeeunte
2679 5266 3012 5337 portabant,
3037 5264 3183 5322 nihil
3211 5264 3401 5338 magis
3437 5255 3739 5341 custodisse
3757 5255 3806 5341 iu

2194 5330 2381 5413 laude.
2398 5356 2615 5411 virtutu
2624 5330 3152 5428 m-suarum,quam
3167 5330 3675 5437 quod‘patientia-m
3696 5330 3809 5437 tot.“

2195 5451 2252 5502 et
2285 5445 2482 5502 stabili
2516 5441 2957 5516 aequanimitate
2987 5445 3318 5500 tenuerunt.
3351 5440 3467 5528 Sic,
3497 5431 3631 5528 Abel

2194 5553 2329 5593 nem
2365 5532 2625 5612 martyrii
2655 5536 2712 5589 et
2740 5532 3072 5607 passionem
3114 5532 3263 5607 justi
3312 5526 3567 5589 hominis
3597 5520 3807 5580 initia!!!
