4026 6180
273 304 384 365 909

1214 302 1317 363 DE
1359 300 1807 362 VARIETA'I‘E
1853 298 2283 362 uenenum.
2332 260 2597 363 —‘LIB.
2645 304 2722 364 ιι.

3546 298 3665 375 9N)

273 432 1407 509 primusetdedicans,adversusfratrem
1423 433 1781 489 fratricidam
1797 449 1912 489 non
1946 433 1995 499 Α
2027 432 2237 489 merari
2261 432 2496 490 difficile
2527 438 2616 492 est
2643 452 2657 493 :
2681 450 2964 504 carceres,
2993 436 3243 509 vincula,
3274 442 3536 513 verbera,
3562 445 3665 502 ﬂa-

272 523 485 579 resistit
514 538 619 578 nec
650 521 986 589 reluctatur,
1004 523 1103 577 sed
1132 520 1376 577 humilis
1408 526 1465 578 et
1495 521 1656 577 mitis
1688 521 1911 594 patien-

270 617 352 669 ter
414 610 645 666 occidit.
696 610 910 682 (Bern.)
975 610 1093 666 Noe
1146 627 1248 683 per
1321 615 1554 666 centum
1618 625 1803 665 annos
1850 608 1910 664 in

267 700 709 758 aedificationem
751 716 897 755 arcas
935 698 1143 771 longos
1193 698 1479 754 sustinuit
1523 697 1775 766 labores,
1808 696 1910 752 sed

267 789 368 844 hos
398 789 688 860 patienter
702 790 759 842 et
790 786 917 842 sine
935 786 1399 842 murmuratione
1421 784 1678 859 pertulit.
1696 784 1908 857 ((lypr.)

264 877 354 933 Sic
399 876 694 932 Abraham
740 876 856 930 Deo
915 875 1156 932 credens
1188 879 1245 931 et
1272 875 1529 931 radicem
1579 891 1646 930 ac
1695 873 1911 929 funda-

264 970 527 1023 mentum
543 964 674 1020 tidei
703 964 1278 1037 primusinstituens,
1296 968 1556 1019 tentatus
1571 962 1631 1018 in
1650 961 1769 1018 lilio
1792 978 1908 1018 non

263 1055 491 1110 dubitat
514 1070 620 1109 nec
650 1056 978 1119 cunctatur,
1013 1053 1115 1109 sed
1148 1053 1451 1125 praeceptis
1483 1052 1581 1107 Dei
1632 1055 1754 1107 tota
1802 1068 1910 1122 pa-

261 1142 468 1199 tientia
498 1140 821 1197 devotionis
870 1140 1234 1213 obsequitur.
1268 1145 1334 1195 Et.
1381 1142 1544 1196 Isaac
1581 1141 1654 1196 ad
1703 1139 1909 1195 hostiae

262 1230 578 1289 Dominicae
592 1229 1045 1286 similitudinem
1075 1230 1503 1303 praeﬁguratus,
1519 1228 1754 1302 quando
1768 1245 1801 1283 a
1814 1244 1912 1300 pa-

259 1326 343 1377 tre
366 1317 768 1376 immolandus
789 1318 1048 1387 offertur,
1065 1317 1294 1392 patiens
1316 1317 1627 1374 invenitur.
1644 1317 1710 1372 Et
1728 1316 1908 1372 Jacob

260 1411 499 1483 fugatus
530 1426 564 1464 a
592 1408 767 1463 fratre
797 1407 868 1463 de
898 1408 1074 1463 domo
1105 1424 1212 1463 sua
1250 1407 1536 1480 patienter
1581 1405 1825 1471 excedit,
1853 1409 1911 1461 et

257 1498 481 1570 maiore
511 1494 795 1570 patientia
825 1496 1203 1568 postmodum
1235 1495 1479 1568 supplex
1501 1495 1692 1550 adhuc
1721 1492 1911 1566 magis

259 1578 509 1658 impium
550 1588 606 1641 et
657 1586 1087 1656 persecutorem
1149 1584 1496 1641 muneribus
1544 1581 1806 1656 paciﬁcis
1835 1582 1908 1637 ad

255 1668 629 1732 Concordiam
662 1677 909 1729 revocat.
940 1673 1156 1746 Joseph
1187 1673 1557 1729 venundatus
1588 1689 1622 1727 a
1664 1671 1910 1727 fatribus

251 1769 306 1820 et
334 1762 651 1836 relegatus,
681 1779 794 1818 non
830 1765 1063 1817 tantum
1093 1762 1397 1859 patienter.
1422 1760 1693 1859 ignoscit,
1727 1760 1828 1815 sed
1854 1762 1911 1815 et
1940 1794 1988 1859 Β

250 1853 513 1926 gratuita
542 1852 837 1907 frumenta
856 1849 1222 1907 venientibus
1252 1848 1494 1922 largiter
1521 1852 1578 1905 et
1597 1848 1914 1905 clementer

251 1940 539 2015 impertit.

318 2031 539 2098 (Greg.)
569 2029 798 2102 Moyses
830 2028 902 2084 ab
934 2027 1165 2100 ingrato
1196 2030 1254 2083 et
1283 2027 1505 2099 perfido
1538 2025 1754 2100 populo
1773 2041 1909 2081 con-

250 2118 543 2175 temnitur
571 2118 907 2190 frequenter
935 2121 991 2172 et
1016 2132 1163 2188 pene
1198 2114 1515 2189 lapidatur,
1534 2120 1593 2171 et
1622 2120 1817 2172 tamen
1837 2113 1913 2169 le-

248 2205 346 2261 nis
379 2208 439 2262 et
470 2204 697 2276 patiens
726 2221 831 2276 pro
853 2202 1072 2259 eisdem
1099 2203 1413 2258 Dominum
1437 2204 1799 2276 deprecatur.
1815 2208 1914 2260 Sa-

248 2293 415 2349 muel
447 2310 578 2349 vero
610 2293 682 2349 ab
715 2291 997 2349 scelerato
1029 2291 1245 2365 populo
1281 2293 1352 2348 de
1384 2293 1715 2366 principatu
1749 2296 1912 2366 ejici-

246 2387 369 2451 tur,
407 2386 462 2438 et
482 2385 680 2437 tamen
709 2397 811 2454 pre
843 2381 1067 2438 eisdem
1098 2381 1442 2453 lacrymosis
1474 2381 1746 2454 precibus
1808 2402 1911 2457 pa-

246 2473 412 2529 tiens
447 2471 756 2526 Dominum
811 2469 1124 2543 supplicat.
1159 2470 1371 2542 (Cypr.)
1411 2470 1472 2525 In
1524 2470 1704 2525 David
1753 2489 1909 2545 vero,

243 2578 311 2616 ex
347 2577 471 2633 quo
502 2559 827 2615 secundum
859 2575 1091 2614 carnem
1126 2557 1343 2613 Christi
1371 2557 1643 2613 nativitas
1702 2560 1907 2629 oritur,

245 2665 436 2723 quam
471 2664 685 2720 magna
714 2651 772 2704 et
800 2647 950 2703 mira
990 2651 1047 2703 et
1093 2646 1429 2702 Christiana
1470 2646 1773 2719 patientia,
1800 2647 1909 2703 ba-

241 2738 459 2795 buisse
486 2737 545 2791 in
580 2753 757 2792 manu
790 2752 941 2808 saepe
972 2740 1038 2791 ut
1064 2733 1200 2790 Saul
1232 2751 1427 2807 regem
1460 2740 1907 2807 persequentem

240 2844 304 2885 se
335 2831 405 2883 et
434 2825 759 2881 interﬁcere
783 2823 1315 2895 concupiscentem,
1334 2821 1594 2895 potuisse
1624 2823 1908 2893 occidere,

240 2920 299 2972 et
322 2920 537 2971 tamen
552 2912 853 2969 subditum
868 2912 980 2968 sibi
999 2916 1056 2967 et
1067 2910 1350 2965 traditum
1366 2909 1645 2966 maluisse
1657 2927 1908 2981 servare,

238 3021 351 3061 nec
393 3001 729 3075 rependisse
752 3001 990 3056 inimico
1022 2999 1227 3063 vicem,
1261 3000 1360 3055 sed
1393 2999 1657 3055 occisum
1715 3000 1909 3058 adhuc

241 3094 503 3164 insuper
531 3094 587 3147 et
613 3090 963 3146 vindicasse.
1000 3090 1184 3161 (Joan.
1206 3089 1423 3161 Chrys.)
1454 3088 1634 3144 Isaias
1662 3089 1909 3162 prephe-

244 3187 309 3238 ta
330 3158 574 3255 patiens
602 3196 636 3235 a
665 3179 904 3252 perfidis
935 3158 1130 3235 sectus
1179 3158 1333 3234 essev
1354 3158 1714 3249 perhibetur.
1748 3158 1907 3235 J—ere-
1948 3158 1992 3227 C

242 3272 413 3326 mias
446 3268 733 3341 propheta
763 3283 936 3323 nervo
959 3267 1259 3339 religatus,
1286 3265 1386 3321 sed
1421 3269 1635 3321 cuncta
1673 3282 1776 3338 pro
1808 3272 1912 3321 Do-

243 3359 423 3415 mino
453 3356 743 3430 patienter
771 3356 1081 3428 pertulisse
1110 3355 1342 3428 legitur.
1360 3352 1617 3409 Ezechiel
1647 3354 1706 3409 in
1739 3355 1913 3428 capti-

239 3448 435 3505 vitate
466 3446 694 3519 positus
722 3445 951 3517 patiens
981 3461 1083 3517 per
1103 3443 1300 3500 omnia
1315 3441 1499 3498 fuisse
1521 3444 1911 3516 cognoscitur.

243 3532 465 3593 Daniel
488 3534 549 3589 in
569 3533 763 3590 lacum
783 3533 1019 3589 leonum
1039 3531 1314 3600 mittitur,
1330 3536 1387 3587 et
1410 3530 1636 3604 patiens
1653 3531 1713 3587 in
1731 3531 1916 3598 omni:

241 3624 366 3681 bus
406 3620 886 3678 tribulationibus
916 3637 1018 3693 pro
1051 3620 1142 3676 Dei
1178 3636 1374 3675 amore
1406 3619 1588 3676 fuisse
1605 3620 1913 3693 reperitur.

240 3714 406 3770 Tres
437 3711 603 3783 pueri
634 3710 696 3764 in
728 3709 957 3765 camino
986 3707 1139 3782 ignis
1172 3708 1336 3765 missi
1358 3724 1460 3780 pro
1488 3707 1586 3764 Dei
1603 3726 1915 3781 amorepa-

243 3802 478 3857 tienter
508 3798 1104 3869 sustinuerunt,unde
1117 3797 1244 3853 etin
1276 3801 1481 3853 sancta
1505 3796 1917 3855 Ecclesiacele-

239 3890 356 3946 bre
383 3904 604 3944 nomen
622 3891 1089 3960 promeruerunt.
1111 3886 1220 3942 Job
1240 3885 1485 3941 orbitate
1508 3884 1761 3940 filiorum
1784 3902 1918 3957 per-

241 3994 498 4048 cussus,
530 3973 975 4047 substantiaque
1004 3975 1315 4029 innumera
1344 3973 1626 4045 privatus,
1656 3978 1917 4029 tormen-

240 4055 326 4123 tis
360 4064 736 4139 gravioribus
767 4063 1029 4135 corporis
1061 4063 1151 4117 sui
1172 4062 1447 4130 afflictus,
1467 4062 1538 4117 ab
1571 4078 1748 4118 uxore
1763 4061 1912 4118 mul-

238 4155 324 4213 tis
360 4153 707 4227 opprobriis
726 4155 987 4219 vexatus,
1023 4151 1094 4207 ab
1127 4150 1332 4207 amicis
1361 4150 1591 4220 irrisus,
1609 4168 1915 4223 nunquam

238 4261 316 4301 ex
354 4260 463 4300 ore
496 4258 604 4298 suo
634 4241 945 4314 indignum
968 4239 1211 4314 protulit
1232 4256 1584 4309 sermonem,
1601 4241 1702 4297 sed
1722 4240 1921 4296 omnia

238 4334 559 4406 patienter
604 4328 863 4403 pertulit.
898 4329 1111 4385 Tobias
1156 4329 1417 4386 cmcitate
1473 4346 1811 4401 percussus,
1845 4330 1919 4385 ab

238 4436 444 4478 uxore
474 4420 928 4493 improperatus,
961 4435 1266 4490 nunquam
1298 4435 1367 4473 ex
1396 4418 1524 4489 ejus
1574 4434 1671 4475 ore
1728 4435 1920 4474 sermo

236 4508 753 4566 murmurationis
794 4507 986 4575 exviit,
1048 4508 1149 4563 sed
1235 4507 1463 4579 patiens
1522 4506 1582 4562 in
1642 4507 1995 4595 omnibusD

236 4614 500 4670 semper
520 4596 702 4653 fuisse
719 4594 1111 4670 cognoscitur.
1127 4594 1441 4652 Machabzei
1454 4599 1740 4668 martyres
1752 4597 1919 4652 innu-

235 4703 429 4744 mera
444 4703 549 4759 pro
572 4685 697 4759 lege
718 4686 821 4741 Dei
841 4685 931 4741 sui
947 4684 1233 4756 patienter
1245 4684 1916 4741 sustinuerunttormen.

231 4782 328 4833 ta.
368 4775 636 4831 Joannes
659 4774 924 4847 Baptista
955 4774 1026 4829 ab
1059 4772 1415 4845 impiissimo
1446 4772 1669 4828 Herode
1696 4790 1829 4845 rege
1859 4773 1918 4829 in

232 4880 556 4922 carcerem
602 4862 877 4931 truditur,
910 4863 1109 4934 ibique
1156 4862 1443 4934 patienter
1500 4878 1603 4934 pro
1661 4862 1920 4917 veritatis

232 4953 593 5012 assertione
643 4951 834 5024 capite
890 4951 1186 5024 plectitur.
1247 4950 1455 5007 Petrus
1521 4949 1920 5022 apostolorum

227 5042 540 5117 princeps
552 5041 729 5110 (sicut
758 5041 817 5095 in
842 5041 999 5097 Actis
1011 5037 1404 5111 apostolorum
1420 5037 1802 5111 legitur)cum
1820 5054 1921 5094 cte-

228 5122 406 5189 teris
438 5130 564 5187 suis
585 5129 938 5202 coapostolis
961 5144 1112 5201 saepe
1134 5126 1465 5201 ﬂagellatur
1478 5144 1581 5199 pro
1595 5126 1921 5183 Divinitatis

228 5218 456 5283 cultu,
488 5219 723 5290 patiens
753 5222 811 5274 et
849 5218 1111 5291 gaudens
1144 5232 1378 5288 semper
1405 5215 1587 5271 fuisse
1612 5216 1917 5287 reperitur.

226 5307 433 5367 Unde
483 5306 623 5362 dicit
662 5306 964 5379 Scriptura
998 5324 1010 5361 :
1045 5307 1202 5361 Ibant
1250 5305 1482 5377 apostoli
1496 5304 1821 5387 ’gaudentes
1887 5322 1922 5359 a

2020 520 2191 593 gella,
2224 521 2532 594 supplicia.
2553 525 2599 578 A
2626 525 2846 580 Judaeis
2878 525 3663 604 lapidatur,virgiscaaditur,

2020 609 2435 680 praecipitatur,
2454 610 2708 668 latrones
2738 612 3002 680 incurrit,
3024 616 3096 671 ab
3119 616 3374 675 inimicis
3389 620 3669 679 fratribus

2020 696 2267 753 insidias
2298 699 2550 770 perfert;
2583 700 2744 756 intus
2772 701 2950 757 timor
2977 708 3084 772 est,
3118 705 3260 762 foris
3291 723 3509 781 pugna.
3525 709 3671 766 Pati-

2020 788 2118 840 tur
2146 786 2386 857 famem,
2421 788 2764 858 nuditatem,
2785 788 3670 866 calumnias,insidias,tribula-

2018 873 2226 930 tiones.
2249 876 2473 931 Bestias
2486 875 2712 944 tolerat,
2728 882 2785 934 et
2801 878 2938 951 quid
2959 896 3109 952 opus
3130 887 3219 938 est
3253 884 3441 942 multa
3452 885 3671 943 dicere?

2019 963 2278 1035 quotidie
2309 964 2575 1032 moritur,
2592 969 2649 1021 et
2663 970 2859 1022 tamen
2878 967 2937 1022 in
2968 967 3062 1025 his
3089 971 3367 1028 omnibus
3384 975 3671 1045 gaudetet

2018 1051 2320 1124 gloriatur,
2363 1057 2537 1126 atque
2558 1054 2788 1126 patiens
2815 1058 2873 1111 et
2902 1056 3202 1115 exsultans
3234 1059 3376 1117 dicit
3407 1078 3420 1117 :
3457 1062 3668 1121 Gaudeo

2018 1145 2206 1196 autem
2237 1144 2298 1196 in
2338 1142 2684 1214 passionibus
2729 1144 2865 1199 meis
2894 1146 3027 1213 (Col.
3060 1148 3118 1215 ι).
3166 1148 3237 1203 Et
3282 1147 3497 1206 iterum
3545 1155 3669 1209 Non

2017 1230 2195 1285 solum
2245 1238 2446 1298 autem,
2494 1231 2585 1286 sed
2624 1239 2675 1287 et
2720 1231 3030 1301 gloriamur
3093 1236 3155 1290 in
3218 1238 3668 1298 tribulationibus

2018 1319 2191 1388 (Rom.
2225 1318 2302 1389 v).
2335 1319 2396 1375 Si
2427 1335 2564 1393 ergo
2590 1324 2753 1375 tanta
2781 1321 3013 1393 patiens
3042 1325 3339 1395 gaudebat
3367 1330 3424 1382 et
3451 1325 3668 1399 gloria-

2020 1407 2213 1475 batur,
2247 1424 2373 1480 quze
2404 1408 2514 1464 erit
2540 1408 2729 1475 venia,
2765 1426 2893 1481 qua;
2922 1413 3220 1469 excusatio
3258 1413 3351 1471 his
3409 1415 3507 1488 qui
3561 1433 3665 1489 pro

2020 1495 2211 1567 parvis
2243 1495 2477 1568 injuriis
2507 1514 2574 1553 ac
2609 1497 2971 1568 verberibus,
3005 1504 3108 1557 aut
3158 1502 3669 1578 qualibuscunque

2017 1583 2519 1654 tribulationibus,
2552 1602 2679 1657 quae
2729 1585 2933 1659 utique
2979 1587 3099 1645 illis
3146 1589 3452 1648 inferiores
3505 1597 3665 1665 sunt,

2017 1670 2391 1744 impatientes
2421 1672 2975 1732 existunt?Joannes
3006 1677 3308 1750 apostolus
3336 1684 3393 1737 et
3421 1696 3668 1756 evange-

2019 1758 2156 1815 lista
2185 1760 2243 1815 in
2276 1760 2429 1816 dolio
2462 1762 2702 1817 ferventi
2732 1764 2972 1833 missus,
2992 1771 3049 1821 et
3079 1766 3137 1822 in
3161 1766 3357 1825 insula
3387 1769 3669 1829 Pathmos

2020 1846 2224 1903 exsilio
2253 1847 2564 1921 relegatus,
2581 1855 2789 1906 cuncta
2817 1853 3062 1910 adversa
3073 1855 3185 1911 sibi
3208 1856 3673 1931 illatapatienter

2021 1939 2257 2008 propter
2286 1953 2542 1992 amorem
2574 1936 2784 1994 Christi
2815 1939 3042 1997 tolerat.
3077 1943 3410 2015 Stephanus
3436 1946 3507 2001 ab
3534 1962 3672 2019 apo-

2021 2022 2189 2080 stolis
2214 2023 2497 2081 diaconus
2523 2025 2851 2095 ordinatus,
2869 2028 3023 2085 inter
3038 2046 3251 2088 manus
3282 2031 3673 2106 lapidantium

2021 2113 2193 2168 corde
2225 2113 2467 2185 paciﬁco
2496 2130 2599 2186 pro
2632 2114 2756 2170 suis
2788 2116 2935 2188 ipsis
2968 2117 3244 2188 inimicis,
3268 2120 3400 2177 ﬁxis
3430 2121 3489 2177 in
3520 2126 3677 2180 terra

2020 2202 2289 2273 genibus,
2305 2202 2665 2275 deprecatur.
2680 2204 2824 2260 Ecce
2846 2206 3004 2262 enim
3028 2209 3457 2281 cognoscimus,
3475 2211 3676 2268 divina

2020 2306 2128 2345 nos
2150 2290 2479 2346 instruente
2509 2292 2832 2364 Scriptura,
2864 2295 3007 2367 quia
3035 2297 3224 2353 sancti
3251 2302 3450 2371 patres
3481 2299 3668 2357 nostri

2021 2378 2120 2451 qui
2134 2395 2240 2434 nos
2253 2396 2603 2451 praecesseru
2611 2383 3086 2454 nt,pervirtutem
3102 2386 3392 2459 patientiae
3407 2388 3673 2446 ccelestes

2020 2483 2266 2523 coronas
2295 2474 2763 2540 promeruerunt.
2787 2472 2990 2545 (Grcg.)
3010 2478 3240 2532 Servate
3270 2493 3407 2550 ergo
3438 2478 3672 2547 fratres,

2018 2554 2076 2609 in
2093 2559 2285 2611 mente
2298 2557 2659 2627 patientiam,
2675 2575 2942 2631 eamque,
2959 2577 3090 2616 cum
3106 2579 3198 2619 res
3210 2564 3675 2638 exigit,exercete

2019 2644 2076 2698 in
2101 2644 2455 2715 operatione,
2469 2644 2631 2701 nulla
2642 2651 2969 2703 vestrarum
2981 2665 3177 2705 rerum
3190 2667 3292 2706 vos
3314 2652 3531 2708 damna
3546 2670 3675 2726 per-

2018 2731 2274 2787 turbent.
2292 2731 2349 2786 Si
2364 2732 2520 2788 enim
2537 2733 2649 2788 ﬁxa
2664 2738 2857 2791 mente
2871 2751 3151 2793 mansura
3166 2738 3383 2795 damna
3401 2741 3675 2813 pertime-

2018 2818 2426 2889 scitis,damna
2441 2838 2633 2877 rerum
2649 2826 2775 2878 tran
2784 2824 3078 2880 seuntium
3092 2826 3291 2898 gravia
3303 2844 3416 2884 non
3429 2830 3671 2902 putatis.

2018 2907 2074 2961 Si
2107 2912 2332 2965 aeternae
2362 2908 2762 2968 retributionis
2794 2911 3040 2985 gloriam
3071 2915 3430 2989 conspicitis,
3449 2918 3671 2975 detem-

2017 2996 2201 3069 porali
2237 2997 2453 3069 injuria
2497 3016 2613 3056 non
2664 2999 2893 3058 doletis.
2928 3002 3195 3060 Tolerate
3224 3021 3362 3079 ergo
3390 3007 3665 3063 adversa-

2018 3085 2138 3141 rios
2167 3090 2410 3156 vestros,
2425 3088 2526 3143 sed
2560 3092 2625 3143 ut
2654 3088 2864 3145 fratres
2895 3089 3121 3165 diligite
3160 3108 3309 3165 quos
3341 3093 3625 3151 toleratis.

2554 3248 2786 3306 CAPUT
2827 3249 3123 3308 XXXVIII.

2096 3387 2419 3444 Testimonia
2445 3404 2733 3445 sacrarum
2760 3391 3178 3463 Scripturarum
3207 3393 3271 3451 de
3302 3397 3594 3468 patientia.

2093 3528 2379 3585 Dominus
2408 3546 2473 3585 ac
2504 3531 2839 3605 redemptor
2868 3538 3086 3604 noster,
3119 3535 3221 3607 qui
3246 3537 3501 3609 princeps
3515 3538 3671 3609 pacis

2024 3633 2058 3672 a
2085 3616 2369 3689 prepbeta
2395 3617 2724 3692 appellatur
2753 3621 2877 3693 (Isa.
2911 3623 3012 3693 ιχ),
3045 3624 3105 3678 in
3132 3625 3304 3695 cujus
3343 3626 3671 3684 secundum

2024 3722 2259 3761 carnem
2294 3707 2591 3764 nativitate
2621 3709 2961 3782 angelorum
2983 3712 3199 3769 cecinit
3213 3713 3530 3771 exercitus:
3551 3715 3676 3771 Glo-

2024 3795 2114 3849 ria
2145 3795 2206 3849 in
2234 3797 2463 3853 excelsis
2490 3802 2616 3863 Deo,
2645 3806 2696 3853 et
2722 3800 2782 3854 in
2812 3803 2963 3856 terra
2988 3818 3109 3874 pax
3154 3803 3470 3859 hominibus
3520 3805 3679 3863 bona?

2022 3884 2322 3939 voluntatis
2344 3886 2489 3953 (Luc.
2516 3886 2598 3957 ιι).
2626 3885 2734 3949 Qui
2766 3892 3084 3961 antequam
3115 3891 3187 3949 ad
3219 3890 3476 3950 ccelestia
3505 3908 3679 3948 carne

2025 3972 2364 4027 ascenderet
2393 3972 2475 4028 ait
2506 3989 2518 4027 :
2552 3976 2616 4028 In
2640 3976 2913 4045 patientia
2940 3985 3113 4033 vestra
3154 3979 3504 4049 possidebitis
3551 3982 3677 4037 ani-

2021 4076 2140 4114 mas
2168 4068 2372 4116 vestras
2402 4063 2552 4129 (Luc.
2580 4061 2718 4133 xw).
2757 4062 2852 4118 Sic
2881 4068 2936 4119 et
2962 4064 3267 4137 apostolus
3296 4065 3515 4122 Paulus
3546 4066 3627 4122 ait
3659 4081 3675 4122 :

2023 4150 2303 4204 Patientia
2334 4149 2483 4205 vobis
2510 4151 2819 4206 necessaria
2846 4159 2925 4207 est
2952 4156 3016 4207 ut
3063 4153 3397 4209 voluntatem
3440 4156 3545 4211 Dei
3584 4155 3671 4226 fa-

2024 4239 2226 4293 cientes
2254 4240 2543 4309 reportetis
2566 4239 2987 4310 promissionem
3019 4241 3203 4313 (Hebr.
3236 4245 3314 4312 x).
3347 4242 3491 4298 Item
3517 4258 3531 4297 :
3564 4243 3674 4298 Pa-

2025 4341 2139 4382 cem
2173 4327 2484 4399 sequamini
2517 4343 2643 4382 cum
2677 4328 2932 4384 omnibus
2979 4338 3031 4385 et
3077 4331 3520 4398 sanctimoniam,
3552 4330 3674 4386 sine

2028 4430 2137 4486 qua
2163 4431 2320 4471 nemo
2348 4416 2519 4471 Deum
2540 4415 2759 4472 videbit.
2776 4418 2966 4489 (Hebr.
2981 4417 3128 4489 xm).
3143 4417 3288 4474 Hinc
3306 4417 3671 4475 Jacobusait:

2030 4506 2305 4560 Patientia
2335 4513 2513 4561 autem
2545 4521 2675 4577 opus
2699 4508 3004 4578 perfectum
3031 4507 3246 4573 habeat,
3276 4515 3341 4564 ut
3382 4508 3509 4564 sitis
3540 4522 3675 4580 per-

2027 4595 2157 4665 fecti
2200 4600 2252 4649 et
2298 4595 2522 4663 integri,
2548 4595 2606 4649 in
2636 4594 2791 4650 nullo
2836 4594 3164 4667 deﬁcientes.
3196 4597 3396 4653 Beatus
3447 4597 3536 4651 vir
3578 4597 3678 4669 qui

2024 4679 2221 4755 suffert
2253 4684 2625 4751 tentationem,
2659 4684 2919 4754 quoniam
2948 4700 3075 4740 cum
3098 4685 3360 4756 probatus
3385 4685 3560 4756 fuerit
3583 4700 3677 4741 ac-

2027 4772 2193 4840 cipiet
2212 4786 2469 4827 coronam
2487 4773 2622 4828 vitm
2641 4788 2807 4843 quam
2822 4775 3134 4845 repromisit
3157 4775 3297 4830 Deus
3323 4772 3680 4845 diligentibus

2025 4874 2081 4914 se
2104 4858 2238 4930 (Jac.
2264 4858 2327 4930 ι).
2361 4860 2507 4914 Hinc
2538 4859 2813 4917 Salomon
2845 4860 2927 4917 ait
2956 4878 2970 4917 :
2998 4862 3188 4919 Melior
3214 4868 3291 4918 est
3314 4863 3531 4934 patiens
3557 4863 3680 4919 viro

2026 4948 2204 5017 forti;
2231 4955 2281 5003 et
2312 4949 2409 5019 qui
2448 4947 2767 5004 dominatur
2802 4952 2987 5006 animo
3032 4967 3151 5018 suo,
3183 4957 3552 5023 expugnatore
3579 4966 3680 5007 ur-

2029 5035 2181 5090 bium
2211 5037 2392 5104 (Prov.
2423 5038 2562 5108 xvr).
2597 5036 2803 5093 Pacem
2834 5036 3034 5109 igitur,
3068 5037 3425 5107 chari‘ssimi,
3457 5037 3678 5095 habea-

2030 5140 2183 5192 mus,
2215 5124 2355 5196 quia
2376 5123 2648 5197 pacilicos
2678 5130 2735 5180 et
2765 5126 3078 5183 concordes
3111 5131 3262 5183 Deus
3283 5128 3344 5183 in
3366 5128 3541 5185 domo
3571 5145 3682 5185 sua

2028 5211 2291 5267 habita-re
2320 5214 2614 5285 precepit,
2641 5217 2706 5268 ut
2736 5213 2836 5285 qui
2869 5213 2972 5268 filii
3007 5215 3102 5271 Dei
3134 5232 3263 5273 esse
3294 5216 3679 5290 ccepimus,in

2032 5300 2126 5356 Dei
2141 5317 2282 5373 pace
2299 5318 2664 5369 maneamus,
2681 5301 2964 5374 etquibus
2978 5303 3220 5376 spiritus
3233 5322 3389 5362 unus
3401 5310 3510 5374 est,
3526 5321 3680 5361 unus

2029 5388 2105 5444 sit
2131 5392 2188 5444 et
2217 5388 2450 5444 animus
2481 5394 2537 5445 et
2557 5406 2770 5446 sensus
2791 5390 3007 5463 (Cypr.)
3021 5392 3404 5451 Beatissimus
3424 5408 3679 5464 namque

2029 5481 2253 5551 martyr
2282 5477 2608 5551 Cyprianus
2638 5477 3115 5553 elegantissimus
3144 5484 3216 5540 de
3247 5483 3407 5539 Bono
3447 5481 3676 5555 patien-

2028 5567 2121 5626 tia:
2152 5565 2388 5646 scripsit
2417 5566 2656 5640 librum,
2689 5584 2864 5647 quem
2897 5569 2998 5651 qui
3029 5570 3220 5653 legere
3248 5569 3515 5639 voluerit,
3548 5565 3676 5644 ple.

220 5404 554 5470 conspectu
581 5396 826 5463 concilii,
859 5395 999 5467 quod
1029 5394 1188 5466 digni
1219 5394 1396 5449 habiti
1420 5400 1547 5448 sunt
1571 5408 1672 5463 prq
1702 5393 1921 5447 nomine

218 5492 389 5552 Iesu
438 5488 829 5544 eontumetiam
877 5486 1004 5558 pati
1038 5485 1174 5560 (Act.
1216 5485 1315 5553 ιν).
1351 5481 1565 5537 Paulus
1615 5479 1919 5553 apostolus

223 5576 462 5642 multa
489 5591 594 5654 pro
623 5573 838 5637 Christi
862 5590 1059 5632 amore
1090 5589 1302 5650 passus
1317 5575 1424 5642 est,
1444 5586 1571 5645 quae
1584 5569 1761 5628 etiam
1781 5585 1920 5627 enu-
