4102 6180
438 327 551 405 9H

839 329 1246 393 HAYMONIS
1289 313 1826 389 HALBERSTAT.
1873 322 2116 385 EPISC.
2161 322 2334 385 OPP.
2379 318 2577 386 PARS
2619 320 2728 386 III.
2757 358 2834 370 ——
2863 322 3416 389 MISCELLANEA.

3660 317 3756 393 9d

440 462 594 518 niter
622 460 681 518 in
713 478 802 531 eo,
820 462 993 537 quale
1023 462 1101 520 sit
1128 463 1350 518 bonum
1379 457 2079 533 patientizs,invenirepo-
2115 457 2172 527 Α
2201 457 2410 513 bemus
2441 456 2534 513 hic
2564 463 3022 530 permanentem,
3042 460 3143 515 sed
3172 459 3415 515 futuram
3442 458 3759 533 inquirimus.

441 551 578 619 terit
592 594 603 609 .

440 678 443 681 η
1015 640 1246 697 CAPUT
1282 638 1522 696 XXXIX.

1056 753 1139 803 De
1166 746 1513 803 tolerantia.

512 863 731 939 (Greg.)
763 865 821 920 Si
856 862 958 919 filii
991 861 1305 918 electorum
1356 878 1585 929 sumus,
1620 865 1803 917 restat
1853 876 2094 917 necesse

451 957 540 1011 est
570 958 636 1009 ut
664 969 766 1025 per
793 969 992 1008 eorum
1025 951 1291 1024 exempla
1319 951 1679 1025 gradiamur.
1712 950 2094 1009 Bonustenim

446 1058 565 1099 non
596 1041 709 1098 fuit
737 1041 839 1112 qui
873 1040 1058 1098 malos
1077 1040 1323 1096 tolerare
1354 1039 1821 1096 recusavit.Hinc
1840 1056 2094 1111 namque

449 1134 537 1186 est
566 1130 721 1201 quod
752 1129 822 1185 de
843 1130 1157 1202 semetipso
1188 1130 1395 1186 beatus
1424 1130 1534 1186 Job
1583 1130 1795 1184 asserit
1845 1128 2044 1184 dicens
2078 1146 2091 1184 :

444 1220 661 1277 Frater
685 1219 776 1290 fui
804 1220 1136 1276 draconum
1185 1225 1242 1275 et
1291 1221 1481 1276 socius
1525 1220 1912 1275 struthionum
1941 1218 2092 1287 (Job.

445 1313 598 1375 xxx).
631 1305 778 1361 Hinc
814 1322 919 1378 per
958 1306 1233 1363 Salomon
1283 1307 1496 1379 Sponsi
1542 1323 1680 1363 voce
1728 1310 1942 1363 sancta:
1990 1306 2094 1361 Ec-

449 1390 638 1451 clesiae
669 1394 883 1451 dicitur
915 1412 929 1450 :
957 1395 1123 1453 Sicut
1159 1394 1351 1452 lilium
1385 1397 1542 1454 inter
1568 1396 1885 1466 spinas,sic
1906 1396 2098 1452 amica

445 1490 578 1540 mea
604 1485 764 1540 inter
788 1482 957 1557 ﬁlias
989 1485 1202 1559 (Cant..
1227 1484 1472 1558 ιι).Ηὶηο
1505 1486 1578 1542 ad
1608 1484 1964 1542 Ezechielem
1992 1485 2100 1542 Do-

447 1571 647 1629 minus
676 1572 818 1629 dicit
844 1590 976 1646 cap.
1010 1573 1074 1646 ιι)
1105 1595 1124 1629 :
1150 1572 1279 1631 Fili
1308 1574 1589 1643 hominis,
1621 1592 1694 1631 ne
1724 1576 1933 1632 timeas
1980 1591 2095 1643 eos,

446 1672 631 1735 neque
647 1678 937 1720 sermones
948 1679 1150 1720 eorum
1180 1670 1404 1720 metuas
1415 1686 1435 1733 ,-
1447 1665 1721 1737 quoniam
1736 1664 1974 1721 incredu
1983 1664 2033 1721 li
2042 1670 2099 1721 et

445 1753 811 1808 subversores
837 1758 969 1808 sunt
982 1760 1191 1822 tecum,
1210 1759 1265 1809 et
1291 1769 1417 1810 cum
1436 1753 1840 1823 scorpionibus
1861 1753 2100 1811 habitas

454 1839 602 1897 Hinc
630 1841 835 1899 Petrus
866 1842 1018 1898 beati
1049 1842 1155 1898 Lot
1182 1843 1365 1898 vitam
1415 1840 1707 1914 gloriﬁcat
1748 1842 1949 1898 dicens
1983 1858 1996 1897 :
2030 1844 2110 1898 Et
2136 1828 2183 1894 Β

435 1933 673 2003 justum
703 1935 809 1987 Lot
860 1946 1198 2004 oppressum
1242 1948 1280 1986 a
1326 1931 1719 2002 nefandorum
1764 1931 1994 1997 iniuria
2032 1948 2103 1989 ac

451 2014 758 2074 luxuriosa
787 2020 1221 2076 conversatione
1249 2020 1752 2093 eripuit.Aspectu
1764 2023 1917 2077 enim
1930 2026 1986 2077 et
1998 2038 2105 2078 au-

453 2107 589 2164 ditu
588 2108 784 2178 justus
809 2117 944 2163 erat
966 2110 1241 2164 habitans
1263 2109 1430 2182 apud
1441 2125 1551 2177 eos,
1568 2112 1671 2183 qui
1683 2110 1756 2167 de
1768 2111 1861 2168 die
1872 2111 1932 2167 in
1943 2112 2104 2168 diem

454 2199 725 2253 animam
744 2197 1202 2270 justaminiquis
1224 2199 1492 2271 operibus
1522 2200 1929 2273 cruciabant(l
1943 2206 2102 2256 Petr.

462 2284 709 2357 11)._llinc
726 2284 943 2343 Paulus
972 2285 1393 2358 discipulorum
1415 2287 1593 2343 vitam
1620 2292 1677 2343 et
1705 2287 1906 2344 laudat
1934 2291 1992 2345 et
2020 2305 2107 2345 ro-

451 2374 620 2430 borat
648 2373 961 2430 dicenszln
990 2377 1190 2431 medio
1213 2378 1480 2432 nationis
1499 2392 1702 2448 prava:
1722 2382 1776 2433 et
1796 2393 2101 2450 perversae,

456 2463 616 2519 inter
669 2480 807 2537 quos
863 2462 1071 2520 lucetis
1120 2465 1269 2521 sicut
1336 2464 1669 2522 luminaria
1722 2465 1783 2521 in
1832 2467 2102 2535 meridie,

451 2549 689 2607 verbum
719 2554 871 2623 vitae,
901 2552 1262 2609 continentes
1284 2553 1535 2626 (Philip.
1554 2554 1637 2626 ιι).
1673 2553 1817 2610 Hinc
1845 2554 2105 2612 Joannes

451 2639 717 2714 Pergami
743 2640 1010 2697 Ecclesiae
1042 2646 1354 2699 attestatur
1381 2643 1581 2698 dicens
1617 2660 1629 2699 :
1661 2646 1797 2700 Scio
1829 2644 2106 2701 ubihabi-

450 2738 564 2798 tas,
594 2730 699 2784 ubi
724 2730 890 2786 sedes
917 2736 1002 2785 est
1031 2730 1273 2788 Satanae
1295 2750 1314 2786 :
1345 2741 1399 2787 et
1429 2741 1628 2788 tenens
1656 2749 1860 2790 nomen
1891 2750 2100 2803 meum,

448 2834 563 2876 non
606 2820 833 2889 negasti
875 2820 1051 2889 [idem
1099 2837 1295 2876 meam
1344 2821 1538 2893 (Apoe.
1573 2822 1659 2893 ιι).
1702 2822 1864 2892 Ecce,
1896 2823 2104 2880 fratres

453 2907 809 2975 Charissimi,
842 2924 989 2978 pene
1019 2908 1218 2964 omnia
1250 2910 1638 2981 percurrendo
1671 2911 2101 2984 cognoscimus,

454 2996 592 3067 quia
622 2995 812 3052 bonus
843 3010 959 3050 non
1007 2996 1137 3064 fuit,
1171 3013 1347 3069 quem
1379 2997 1668 3054 malorum
1700 2999 1955 3073 pravitas
1985 3018 2101 3058 non

450 3075 736 3156 probavit,
756 3087 823 3139 ut
851 3084 1006 3140 enim
1039 3084 1122 3141 ita
1150 3084 1378 3158 loquar,
1396 3087 1613 3144 ferrum
1646 3094 1861 3145 nostras
1892 3091 2105 3147 animae

456 3172 830 3245 nequaquam
862 3174 1207 3246 producitur
1226 3175 1297 3231 ad
1324 3175 1709 3233 subtilitatem
1728 3178 2103 3248 acuminis,si
2134 3195 2177 3262 ρ

455 3261 566 3318 hoc
597 3279 710 3318 non
743 3263 987 3320 eraserit
1016 3263 1218 3321 alienae
1240 3264 1386 3320 lima
1412 3264 1733 3337 pravitatis.
1760 3267 2102 3326 Toleremus

454 3350 655 3424 igitur,
670 3352 1032 3409 adversarios
1063 3358 1311 3420 nostros,
1328 3354 1429 3409 sed
1452 3353 1577 3410 sine
1608 3355 2103 3415 cessationeame-

457 3455 593 3495 mus
623 3456 771 3511 quos
801 3440 1359 3515 toleramus,eisquo
1390 3459 1751 3516 quaecunque
1782 3462 2101 3517 possumus

447 3528 601 3584 bona
631 3528 803 3584 hilari
834 3528 1029 3586 animo
1060 3530 1579 3597 tribuamus.Quia
1607 3532 1715 3588 hoc
1738 3534 1927 3590 solum
1946 3535 2102 3593 Deus

457 3615 811 3673 sacriﬁcium
844 3617 1074 3691 accipit,
1099 3620 1253 3690 quod
1286 3624 1419 3675 ante
1450 3621 1577 3691 ejus
1610 3621 1810 3677 oculos
1840 3623 1900 3679 in
1931 3623 2101 3680 altari

448 3705 586 3761 boni
619 3706 810 3777 operis
843 3706 1081 3761 ﬂamma
1111 3706 1413 3763 charitatis
1444 3707 1877 3766 incendit.Hinc
1897 3712 2100 3768 Domi-

459 3810 573 3849 nus
603 3794 660 3848 in
683 3793 993 3867 Evangelio
1015 3794 1390 3869 aitzDiligite
1412 3797 1682 3854 inimicos
1711 3803 2104 3872 cestrosgbene

441 3896 671 3951 precem
680 3882 784 3951 ini,
804 3882 895 3938 his
908 3884 1012 3957 qui
1021 3884 1271 3940 oderunt
1288 3890 1466 3955 ros,et
1476 3902 1583 3943 ora
1591 3890 1645 3942 le
1655 3904 1761 3957 pro
1767 3906 2107 3964 persequen.

442 3970 604 4027 tibus
630 3976 684 4026 et
715 3969 1219 4030 calumniantibus
1260 3990 1375 4040 vos,
1404 3980 1468 4031 ut
1518 3977 1681 4033 scitis
1732 3976 1858 4049 ﬁlii
1899 3982 2105 4039 Patris

440 4061 653 4131 vestri,
684 4062 789 4135 qui
808 4062 873 4118 in
903 4060 1072 4118 caelis
1102 4072 1186 4120 est
1216 4063 1452 4137 (Matth.
1488 4065 1566 4135 v).

1066 4178 1299 4236 CAPUT
1340 4181 1455 4237 XL.

442 4266 658 4338 Qualis
678 4268 893 4325 debeat
913 4285 1031 4325 esse
1040 4271 1370 4326 tolerantia
1385 4287 1689 4327 servorum
1714 4274 1822 4328 De‘i
1839 4282 2098 4346 tempore

1046 4357 1478 4415 tribulationis.

510 4459 748 4532 Oportet
776 4464 905 4531 te,o
928 4461 1445 4532 Christiane,inter
1473 4465 1605 4520 odia
1634 4465 1922 4534 cordium,
1944 4466 2100 4523 inter

2200 546 2349 612 Quid
2380 550 2435 602 te
2465 562 2605 620 ergo
2629 547 2878 621 patriam
2908 551 3082 621 putas
3110 547 3420 623 perdidisse
3447 547 3539 623 qui
3582 544 3633 607 in
3667 555 3765 609 ton

2200 638 2357 691 terra
2379 636 2725 709 peregrinus
2753 636 2857 692 es?
2875 637 2985 693 Sed
3016 640 3074 693 et
3098 636 3149 693 si
3169 626 3548 710 aegritudinem
3567 638 3767 698 ineunt:

2203 724 2277 780 sti
2308 724 2918 797 gravissimam,utere
2948 723 3260 799 apostolico
3290 723 3385 782 illo
3409 736 3767 802 sermone,quc

2202 813 2285 870 ait
2316 829 2330 868 :
2355 814 2501 869 Nam
2534 815 2643 870 etsi
2674 817 2722 871 is
2751 816 2849 886 qui
2872 816 3010 887 foris
3032 822 3111 872 est
3138 814 3289 871 homo
3312 818 3484 872 noster
3506 823 3769 891 compca

2202 910 2312 968 tur,
2347 908 2527 959 tamen
2558 905 2603 959 is
2632 905 2730 978 qui
2757 906 2906 960 intus
2933 908 3014 960 est
3042 911 3327 961 renatiatur
3351 904 3412 960 de
3452 904 3533 961 die
3569 906 3622 961 in
3658 907 3773 964 diem

2203 991 2277 1061 (II
2306 991 2621 1061 Ccr.1v).In
2643 992 3208 1050 carcereminclusus
3235 1008 3299 1050 es
3318 998 3372 1049 et
3400 1004 3543 1051 mors
3569 994 3773 1054 crudelis

2204 1080 2475 1136 imminet
2503 1085 2559 1136 et
2587 1081 2926 1150 intentatur,
2951 1082 3143 1139 adhuc
3169 1086 3298 1141 ante
3326 1076 3512 1139 oculos
3536 1075 3771 1143 Joannem

2202 1167 2262 1223 in
2296 1184 2523 1225 carcere
2554 1170 2773 1226 cervice
2807 1174 3116 1239 caasum,et
3146 1175 3335 1228 tamen
3365 1168 3776 1246 prophetaeizput

2204 1257 2485 1313 saltatrici
2512 1258 2717 1331 puella:
2742 1259 2802 1315 in
2835 1261 3157 1316 mercedem
3187 1258 3443 1317 libidinis
3469 1261 3777 1319 datumJlmt

2205 1363 2341 1420 ergo
2372 1346 2606 1421 singula
2628 1364 2763 1404 cum
2793 1346 3365 1420 inferunturinjuria,
3378 1347 3476 1405 sed
3493 1362 3666 1406 eorum
3677 1360 3777 1424 quae

2206 1450 2311 1508 pro
2323 1435 2417 1492 his
2430 1437 2834 1493 retribuuntur
2844 1437 3051 1512 gloria,
3070 1454 3186 1495 non
3216 1434 3401 1494 solum
3422 1446 3453 1494 a
3471 1439 3688 1510 peccatis
3704 1436 3779 1497 ab:

2205 1523 2452 1581 solvitur
2478 1525 2582 1598 qui
2631 1525 2739 1583 hoc
2770 1527 3010 1599 patitur,
3043 1526 3146 1583 sed
3175 1530 3234 1582 et
3262 1520 3515 1598 justitias
3554 1518 3776 1600 acquirit,

2207 1616 2437 1670 tantum
2469 1617 2558 1671 est
2586 1618 2652 1671 ut
2666 1615 2812 1673 ﬁdes
2843 1632 2978 1672 eum
3010 1614 3446 1688 constantiaque
3458 1630 3561 1672 non
3581 1614 3781 1673 deserat.

2811 1721 3046 1780 CAPUT
3083 1722 3225 1780 XLI.

2779 1822 2855 1878 De
2886 1820 3251 1892 indulgentia.

2281 1928 2373 1984 Ait
2419 1927 2748 1984 Dominus:
2795 1927 2858 1984 Si
2909 1927 3237 1985 dimiseritis
3285 1929 3579 1989 hominibus
3614 1939 3787 2002 peccata

2210 2033 2417 2087 eorum,
2468 2017 2700 2074 dimittet
2757 2025 2808 2073 et
2854 2018 3005 2074 vobis
3050 2019 3216 2074 Pater
3259 2026 3445 2087 vester,
3487 2022 3574 2091 qui
3610 2021 3661 2075 in
3698 2033 3787 2076 cz-

2213 2107 2282 2162 lis
2302 2115 2395 2173 est,
2417 2115 2639 2179 peccata
2658 2116 2856 2163 vestra.
2887 2106 2991 2163 Sin
3017 2111 3204 2164 autem
3241 2124 3353 2163 non
3397 2106 3684 2165 dimiserim
3714 2107 3789 2164 Ιιοε

2210 2196 2455 2252 minibus
2478 2205 2697 2269 peccata
2726 2213 2932 2263 eorum,
2958 2212 3056 2253 nec
3082 2198 3253 2253 Pater
3290 2204 3456 2253 vester
3490 2196 3695 2254 dimittet
3721 2202 3790 2252 νο-

2215 2285 2298 2339 bis
2323 2292 2543 2356 peccata
2575 2294 2750 2340 vestra
2780 2284 2991 2354 (Matth.
3025 2285 3127 2356 v1).
3160 2284 3311 2342 Hinc
3338 2285 3534 2342 Petrus
3567 2285 3674 2342 ait:
3702 2285 3790 2341 Non

2213 2371 2491 2428 recidentes
2515 2380 2726 2429 malum
2751 2390 2851 2445 pro
2881 2374 3046 2440 malo,
3070 2390 3171 2431 nec
3212 2374 3554 2431 maledictum
3588 2387 3675 2446 pro
3695 2390 3791 2431 mo-

2215 2461 2430 2527 ledicto,
2457 2462 2548 2518 sed
2575 2478 2604 2518 e
2630 2464 2906 2519 contrario
2934 2461 3333 2534 benedicentes,
3360 2465 3487 2537 quia
3530 2465 3585 2520 in
3616 2463 3699 2519 hoc
3716 2479 3792 2519 νο·-

2212 2552 2323 2607 cati
2360 2552 2506 2622 estis,
2553 2558 2613 2607 ut
2673 2551 3094 2609 benedictionem
3161 2554 3497 2611 haereditetis
3533 2552 3795 2626 possidentis

2214 2640 2263 2713 (Ι
2287 2645 2435 2695 Petr.
2469 2639 2574 2712 ιιι).
2608 2639 2753 2696 Hinc
2785 2639 2999 2697 Paulus
3026 2640 3144 2698 ait:
3170 2641 3310 2703 Cum
3333 2644 3593 2715 patientia
3614 2656 3792 2715 ειψρυτι

2213 2737 2386 2785 tantes
2418 2731 2473 2785 in
2484 2731 2651 2785 vicem
2680 2730 2891 2802 (Ephes.
2905 2729 3006 2803 ιν),
3021 2734 3077 2786 et
3096 2731 3386 2788 donantes
3401 2729 3792 2803 vobismetipsia

2213 2815 2272 2873 Si
2284 2816 2417 2889 quis
2430 2817 2709 2874 adversus
2741 2817 2998 2890 aliquem
3012 2819 3511 2893 habetquerelam,
3525 2818 3661 2875 sicut
3670 2818 3795 2875 Deus

2211 2906 2272 2961 in
2317 2905 2546 2963 Christo
2595 2906 2834 2963 donavit
2878 2907 3062 2975 vobis,
3111 2908 3195 2965 ita
3239 2914 3298 2966 et
3341 2924 3442 2966 vos
3488 2908 3656 2975 facite,
3677 2903 3793 2962 nulli

2213 2994 2436 3051 malum
2467 3012 2572 3068 pro
2604 2995 2758 3053 malo
2790 2996 3117 3053 reddentes.
3151 2997 3303 3056 Hinc
3336 2997 3526 3054 divina
3550 2996 3797 3069 Scriptura

2211 3083 2353 3140 dicit
2383 3103 2400 3140 :
2430 3085 2507 3141 Ne
2534 3101 2751 3159 quaeras
2781 3086 3070 3152 ultionem,
3099 3099 3200 3142 nec
3228 3097 3438 3145 membr
3462 3088 3566 3143 eris

2214 3174 2421 3230 civium
2481 3183 2701 3230 tuorum
2749 3176 2943 3247 (Levit.
2995 3176 3137 3246 ιωι).
3182 3176 3335 3233 Hinc
3380 3175 3636 3233 Salomon
3683 3173 3797 3230 Iit:

2214 3266 2294 3322 Ne
2316 3263 2747 3320 dicas:Reddam
2773 3264 3004 3333 malum,
3035 3278 3142 3337 pro
3174 3264 3334 3322 malo
3357 3284 3372 3334 ;
3402 3273 3631 3337 exspecta

2208 3370 2345 3408 num
2375 3361 2426 3409 et
2452 3353 2709 3409 liberabit
2734 3361 2782 3410 te
2813 3354 3132 3425 (Prov.xx).
3166 3354 3454 3428 Relinque
3480 3350 3799 3427 proximotuo

2211 3441 2441 3498 nocenti
2462 3445 2539 3510 te,
2555 3446 2613 3498 et
2634 3446 2777 3498 tunc
2792 3442 3126 3515 deprecanti
3148 3442 3257 3499 tibi
3286 3448 3521 3517 peccata
3538 3442 3798 3500 solventur.

2210 3531 2395 3603 Igitur
2413 3531 2747 3609 quicunque
2758 3531 3168 3588 remissionem
3188 3532 3566 3590 suowmvult
3586 3528 3801 3602 accipere

2210 3623 2603 3692 peccatorum,
2629 3619 2887 3676 dimittat
2915 3619 3194 3677 omnibus
3224 3622 3286 3678 iu
3332 3639 3394 3679 se
3440 3619 3801 3695 peccantibus;

2210 3706 2350 3780 quia
2359 3708 2535 3763 talem
2549 3708 2960 3781 unusquisque
2971 3699 3801 3783 indulgentiam-accepturus“!

2212 3813 2245 3852 a
2265 3795 2530 3865 Domino,
2559 3796 2791 3870 qualem
2820 3802 2879 3853 et
2907 3797 3033 3870 ipse
3062 3799 3291 3856 dederit
3312 3800 3571 3873 prox-imo
3597 3812 3703 3853 suu

2813 3902 3049 3961 CAPUT
3086 3904 3253 3962 XLII.

2777 4004 2851 4059 De
2872 3999 3274 4061 misericordia.

2281 4106 2697 4174 Misericordia,
2728 4110 3134 4183 compatiendo
3160 4108 3363 4168 alienae
3395 4109 3645 4175 miserim,
3666 4118 3798 4163 voca.

2206 4196 2415 4252 bulum
2446 4197 2649 4253 sortita
2675 4202 2780 4253 est.
2811 4197 3020 4255 Omnia
3050 4202 3290 4273 peccata
3319 4189 3803 4265 misericordiuopi-

2206 4285 2319 4342 bus
2349 4291 2767 4360 expurgantur,
2784 4287 2883 4343 sed
2891 4288 2917 4358 j
2925 4305 3019 4344 am
3043 4293 3243 4345 caveat
3260 4305 3497 4362 peccare
3510 4286 3603 4361 qui
3622 4274 3802 4341 miseri-

2208 4373 2466 4431 cordiam
2490 4374 3141 4447 impertitur.'Caaterum
3166 4377 3332 4435 nulla
3352 4382 3440 4435 est
3455 4370 3637 4434 delicti
3650 4368 3801 4453 venia,

2206 4479 2340 4519 cum
2373 4463 2458 4523 sic
2488 4464 2763 4537 pracedit
2793 4464 3220 4535 misericordia,
3254 4471 3321 4523 ut
3349 4484 3477 4524 eam
3532 4463 3802 4538 sequantur

437 4549 653 4621 probra
681 4548 1043 4622 linguarum,
1069 4551 1222 4608 inter
1253 4552 1413 4625 ipsas
1451 4554 1929 4626 persequentium
1962 4572 2086 4612 ma—
2114 4567 2164 4632 Ι)
2202 4557 2457 4624 peccata.
2477 4550 2692 4608 Nullus
2723 4557 2921 4610 autem
2953 4554 3015 4610 in
3045 4552 3234 4613 alieno
3258 4556 3801 4621 misericorsessepo-

436 4653 550 4692 nus
580 4636 811 4710 aequali,
835 4637 954 4695 imo
985 4639 1207 4703 laetiori,
1235 4657 1466 4713 semper
1498 4642 1668 4698 corde
1684 4644 1924 4699 versari.
1947 4644 2081 4700 Etsi

435 4724 540 4781 tibi
568 4725 775 4783 ablatae
805 4726 1023 4783 fuerint
1054 4727 1358 4784 facultates
1384 4733 1517 4797 tuae,
1552 4729 1645 4785 dic
1671 4747 1685 4786 :
1712 4731 1913 4788 Nudus
1942 4734 2097 4790 exivi

439 4813 513 4868 de
542 4823 708 4871 utero
734 4817 946 4873 matris
967 4832 1130 4883 mem,
1159 4817 1347 4872 nudus
1371 4823 1426 4873 et
1457 4818 1590 4874 hinc
1621 4821 1925 4877 abscedam
1963 4822 2094 4894 (Job

438 4900 502 4970 ι).
536 4904 697 4960 Adde
727 4908 786 4960 et
812 4904 958 4962 illud
981 4905 1367 4979 apostolicum
1401 4923 1415 4963 :
1447 4906 1622 4962 Nihil
1679 4909 1994 4966 intulimus
2032 4913 2095 4967 in

438 4992 586 5044 hunc
606 4994 1019 5060 mundum,sed
1031 5012 1133 5051 nec
1157 4996 1396 5067 auferre
1416 4997 1558 5070 quid
1570 5000 1929 5071 possumusﬂ
1943 5002 2092 5056 Tim.

438 5075 539 5145 v1).
569 5080 750 5135 Audis
781 5086 840 5138 te
869 5083 1137 5140 maledici
1185 5089 1240 5140 et
1264 5085 1537 5141 infamari
1570 5085 1726 5157 apud
1757 5086 2025 5144 homines
2041 5094 2099 5145 et

443 5167 816 5224 contumeliis
842 5171 1091 5239 onerari,
1112 5176 1417 5229 recordare
1448 5179 1505 5230 et
1534 5178 1669 5230 ante
1700 5174 1898 5232 oculos
1947 5194 2095 5249 pone

435 5252 679 5309 verbum
700 5256 945 5317 Domini.
967 5260 1182 5331 quibus
1195 5262 1308 5318 ait:
1329 5263 1628 5325 Vtevobis,
1643 5279 1771 5319 cum
1786 5265 2094 5322 beuedixe-

435 5342 562 5398 rint
590 5342 753 5398 vobis
777 5358 971 5401 omnes
1001 5347 1260 5405 homines
1287 5351 1554 5422 (l.nc.v1).
1574 5352 1641 5406 Et
1673 5352 2087 5410 iteruszau-

431 5430 565 5487 dele
594 5436 653 5487 et
679 5432 1135 5500 exsultate,cum
1166 5440 1449 5508 ejecerint
1469 5456 1676 5497 nomen
1697 5449 1946 5497 vestrum
1961 5447 2087 5497 tan-

427 5534 605 5595 quam
636 5519 887 5592 malum,
918 5530 1153 5594 prapter
1197 5526 1385 5593 ﬁlium
1437 5527 1693 5584 hominis
1722 5529 1939 5602 (Ibid).
1973 5531 2079 5587 Ex-

424 5610 639 5706 pulsus
670 5627 733 5671 es
765 5610 956 5687 patria
984 5612 1043 5668 et
1069 5610 1242 5670 domo
1273 5613 1575 5670 recordare
1632 5616 1769 5694 quia
1828 5635 1942 5675 non
1973 5618 2075 5677 ha-

2191 4644 2327 4705 test,
2361 4641 2461 4713 qui
2492 4657 2667 4714 prave
2695 4642 2942 4699 vivendo
2974 4644 3034 4700 in
3098 4662 3161 4702 se
3212 4646 3545 4702 misericors
3590 4656 3690 4697 non
3711 4635 3800 4691 ’θει-

2203 4728 2312 4795 Qui
2343 4729 2500 4785 enim
2532 4730 2644 4786 sibi
2676 4746 2931 4803 nequam
2957 4736 3067 4801 est,
3091 4733 3184 4790 cui
3201 4730 3609 4791 bonus?Nulla
3628 4723 3806 4785 scelera

2203 4817 2621 4874 misericordiis
2655 4819 2861 4876 redimi
2894 4823 3226 4894 possunt,si
3247 4823 3308 4879 in
3339 4817 3802 4897 peccatisquisque

2202 4907 2609 4979 permanserit.
2626 4908 2790 4965 Tunc
2817 4914 3012 4967 autem
3031 4912 3286 4968 fructum
3318 4904 3801 4969 misericordiarum

2200 4996 2580 5069 consequitur
2607 4995 2995 5071 indulgentia,
3030 5018 3166 5057 cum
3222 5002 3305 5059 ab
3348 4999 3627 5058 scelerum
3665 5002 3804 5075 opere

2204 5084 2512 5141 desinitur.
2529 5085 2933 5144 Misericordes
2962 5087 3144 5163 igitur
3174 5089 3363 5146 simus
3386 5086 3458 5144 ad
3480 5078 3804 5163 omnesmtd

2202 5173 2313 5246 ipsi
2347 5173 2809 5232 misericordiam
2841 5194 3275 5251 consequamur
3293 5196 3327 5234 a
3350 5177 3605 5241 Domino,
3620 5153 3803 5244 ipsodi-

2200 5266 2364 5317 cente
2397 5279 2410 5317 :
2446 5264 2599 5319 Beatt
2643 5266 3041 5334 misericordes,
3076 5270 3341 5341 quoniam
3388 5268 3499 5340 ipsi
3536 5258 3806 5339 mw?

2195 5351 2346 5406 diam
2393 5362 2788 5424 consequentur
2833 5354 3037 5428 (Matth.
3084 5356 3185 5430 vi).
3240 5355 3308 5413 Et
3350 5356 3564 5412 iterum
3609 5368 3621 5407 :
3659 5348 3808 5430 Eslolt

2192 5442 2369 5509 igitur
2395 5423 2790 5511 misericordes,
2805 5423 2948 5500 sicut
2975 5449 3029 5502 et
3054 5423 3220 5503 Pater
3248 5454 3419 5503 vester
3446 5423 3811 5500 misericors”l

2191 5530 2340 5601 (Luc.
2364 5530 2463 5601 vn).
2498 5530 2644 5586 Hinc
2675 5531 2889 5589 Paulus
2920 5533 3039 5591 ait:
3072 5536 3250 5593 Estote
3270 5534 3460 5591 ‘autem
3489 5530 3702 5588 invicem
3731 5521 3806 5577 ὁο-

2183 5620 2363 5693 niqui,
2394 5620 2771 5679 misericordes
2788 5641 2806 5678 :
2828 5621 3144 5683 induitevos
3169 5627 3313 5684 sicut
3337 5623 3492 5682 slecti
3510 5619 3604 5675 Dei
3630 5613 3807 5672 viscera
