4026 6180
293 348 409 415 913

287 592 404 635 eam
430 575 867 633 misericordimn
897 584 949 634 et
968 577 1247 650 judicium
1273 582 1450 653 magis
1485 582 1663 653 placet
1706 583 1935 639 Domino

288 682 453 741 quam
478 667 721 722 victim
749 668 929 736 (Prov.
963 669 1102 736 xm).
1150 668 1296 724 Hinc
1325 684 1430 742 per
1473 671 1788 742 quemdam
1837 688 1935 726 sa-

286 756 543 830 pientem
600 754 844 811 dicitur:
904 756 1022 830 Qui
1074 758 1213 829 facit
1264 758 1718 825 misericordiam,
1776 759 1939 835 offert

284 846 620 917 sacriﬁcium
651 845 839 917 (Eccli.
870 846 1059 918 xxxv).

872 969 1101 1035 CAPUT
1146 972 1342 1039 XLIII,

864 1088 940 1149 De
966 1090 1356 1161 compassione.

336 1204 460 1260 .Per
488 1199 868 1275 Evangelium
894 1218 1150 1276 namque
1180 1221 1357 1260 suum
1386 1205 1662 1261 admonet
1698 1223 1803 1262 nos
1822 1210 1930 1262 Do-

266 1292 483 1350 minus
511 1290 740 1348 dicens:
800 1289 1000 1348 Omnia
1048 1308 1383 1366 quiscunque
1420 1295 1588 1350 vultis
1620 1302 1680 1350 ut
1719 1296 1934 1367 faciant

275 1383 429 1438 vobis
458 1382 726 1447 homines,
760 1380 841 1436 ita
866 1388 921 1437 et
948 1383 1038 1437 vas
1064 1383 1231 1453 facite
1254 1383 1403 1438 illis:
1433 1382 1551 1441 haec
1577 1391 1656 1439 est
1684 1384 1934 1440 enimlea:

274 1475 332 1528 et
353 1470 630 1542 propheta:
661 1470 865 1541 (Matth.
897 1469 1021 1540 vn).
1055 1471 1218 1537 Quod
1249 1471 1352 1527 tibi
1387 1471 1649 1527 accidere
1681 1488 1795 1527 non
1824 1471 1930 1542 vis,

254 1573 387 1615 nec
415 1558 681 1631 proximo
709 1561 813 1613 tuo
839 1557 1043 1630 cupias
1072 1558 1318 1615 evenire.
1352 1560 1603 1616 Gondole
1634 1561 1694 1616 in
1727 1559 1932 1616 alienis

273 1646 737 1714 calamitatibus,
772 1646 984 1702 satiare
1016 1645 1269 1715 ﬂetibus,
1294 1647 1356 1703 in
1383 1647 1589 1706 alienis
1605 1648 1928 1717 laboribus,

271 1736 336 1793 in
367 1734 746 1792 tribulatione
777 1734 1039 1804 alterius,
1073 1740 1130 1792 et
1154 1741 1216 1791 tu
1246 1740 1370 1794 esto
1396 1737 1600 1794 tristis.
1627 1738 1787 1795 Talis
1807 1741 1930 1794 esto

270 1825 413 1883 aliis
441 1823 647 1898 quales
672 1826 843 1897 optas
869 1840 999 1880 esse
1029 1823 1183 1881 circa
1229 1831 1286 1881 te
1330 1824 1495 1883 alios.
1522 1827 1683 1893 Quod
1707 1844 1822 1883 non
1841 1826 1930 1882 vis

268 1915 399 1988 pati
429 1930 547 1970 non
577 1913 778 1981 facias,
812 1928 916 1969 nec
942 1913 1158 1970 inferas
1198 1913 1313 1970 alio
1362 1913 1537 1981 mala,
1569 1932 1641 1971 ne
1686 1914 1931 1989 patiaris

268 2001 516 2062 similia.
548 2001 633 2057 Ita
661 1998 918 2057 clemens
949 2004 1073 2058 esto
1105 2001 1161 2057 in
1188 2001 1396 2058 alienis
1429 2002 1655 2059 delictis
1686 2003 1841 2059 sicut
1869 2001 1929 2059 in

263 2092 417 2160 tuis,
449 2095 517 2147 ut
545 2106 652 2147 nec
681 2089 851 2147 aliter
880 2094 955 2160 te,
991 2107 1095 2147 nec
1121 2090 1291 2147 aliter
1320 2090 1464 2148 alios
1495 2108 1725 2166 penses.
1757 2093 1827 2148 Et
1847 2092 1932 2148 sic

268 2178 427 2238 alios
447 2179 654 2253 judice
681 2183 749 2236 ut
769 2178 1028 2251 jndicari
1047 2180 1235 2252 cupis.
1254 2181 1316 2236 In
1334 2178 1711 2237 tribulatione
1724 2181 1932 2253 positis

266 2270 587 2328 subvenire
616 2285 733 2326 non
762 2284 978 2334 cesses,
1033 2267 1326 2325 dolentem
1377 2268 1687 2339 consolari,
1740 2286 1813 2326 ne
1844 2269 1931 2325 di-

266 2359 505 2417 mittas.

876 2491 1106 2554 CAPUT
1146 2491 1336 2548 XLIV.

920 2609 996 2664 De
1020 2609 1290 2664 castitate.

340 2724 603 2781 Castitas
632 2722 788 2781 enim
822 2722 1047 2779 fructus
1077 2722 1275 2780 suavis
1300 2728 1408 2791 est,
1442 2723 1818 2797 pulchritudo
1850 2725 1936 2780 in-

262 2814 491 2873 violata
521 2815 861 2870 sanctorum
889 2812 1147 2880 castitas,
1164 2813 1445 2870 securitas
1460 2812 1933 2889 mentis,sanitas

264 2903 563 2979 corporis.
594 2900 717 2957 Nisi
730 2901 887 2957 enim
900 2901 1308 2975 unusquisque
1325 2905 1520 2958 castus
1533 2919 1930 2976 perseverave-

265 2994 376 3061 rit,
400 2993 474 3049 ad
486 2994 826 3064 perpetuam
843 2990 1102 3063 requiem
1118 2990 1435 3063 pervenire,
1461 2995 1517 3046 et
1538 2990 1721 3048 Deum
1736 2990 1933 3047 videre

264 3099 399 3139 non
425 3079 639 3155 poterit
667 3082 916 3135 testante
965 3078 1143 3135 Paulo
1174 3079 1464 3154 apostolo:
1513 3082 1710 3135 Pacem
1755 3088 1930 3137 secta-

262 3173 424 3230 mini
457 3185 581 3226 cum
608 3168 856 3225 omntbus
887 3172 939 3224 et
984 3170 1423 3238 sanctimoniam,
1470 3171 1591 3229 sine
1620 3186 1726 3242 qua
1776 3186 1931 3225 nemo

1238 354 1342 420 DE
1384 355 1832 424 VARIETATE
1873 358 2307 428 LIBRORUM.
2352 396 2431 411 -
2471 364 2621 429 LIB.
2666 362 2745 431 ΙΙ.

290 482 797 546 misericordiam
824 486 1038 560 (Ephes.
1073 491 1171 559 ιν).
1204 488 1352 546 Hinc
1382 490 1657 548 Salomon
1688 493 1803 549 ait:
1834 496 1935 550 Fo-
1966 495 2022 562 Α

3572 370 3696 441 914

2652 499 2883 557 CAPUT
2926 500 3089 560 XLV.

2658 593 2735 647 De
2753 590 3075 650 obedientia.

2116 675 2460 734 Obedientia
2488 682 2577 735 est
2603 679 2698 735 via
2726 685 2928 737 sancta
2958 700 3083 755 quae
3116 688 3428 745 sectatores
3443 705 3582 748 suos
3613 692 3686 749 ad

2044 764 2335 823 ccelestem
2363 768 2629 840 perducit
2658 769 3053 844 patriam;pcr
3074 772 3388 832 hancviam
3402 777 3686 839 Dominus

2044 858 2243 911 noster
2269 856 2531 912 JesusCh
2541 857 2719 914 ristus
2734 864 2970 932 propter
2990 878 3096 917 nos
3108 867 3165 918 et
3177 869 3413 938 propter
3424 871 3686 928 nostram

2044 943 2291 999 salutem
2328 945 2630 1025 ambulare
2658 947 2933 1020 dignatus
2962 954 3071 1020 est,
3104 951 3174 1006 de
3191 955 3536 1025 quoPaulus
3549 958 3691 1015 dicit

2042 1024 2383 1106 Apostolus:
2446 1038 2645 1091 Factus
2674 1041 2755 1092 est
2811 1037 3059 1095 Christus
3115 1042 3369 1099 obcdiens
3424 1049 3694 1120 usquead

2041 1130 2289 1190 mortem,
2316 1131 2544 1179 mortem
2592 1133 2776 1180 autem
2802 1129 2981 1183 crucis
3022 1129 3194 1196 (Phil.
3255 1131 3339 1202 ιι).
3391 1132 3498 1189 Per
3541 1135 3693 1194 hanc

2040 1210 2333 1266 Abraham
2350 1210 2681 1283 patriarcha
2695 1215 3003 1282 curcurrit,
3019 1233 3151 1273 eum
3165 1219 3236 1273 ad
3251 1218 3565 1292 imperium
3584 1225 3694 1281 Do-

2042 1299 2478 1357 minidilectum
2494 1300 2781 1357 ﬁliumtad
2793 1302 3221 1363 immolandum
3235 1308 3691 1371 duxit.Perhane

2041 1388 2289 1459 apostoli
2320 1391 2505 1445 sancti
2541 1390 2747 1447 Petrus
2788 1396 2844 1447 et
2889 1394 3152 1451 Andreas
3204 1396 3276 1452 ad
3324 1399 3688 1458 vocationem

2040 1475 2294 1544 Domini,
2326 1476 2539 1534 relictis
2571 1479 2814 1549 retibus,
2839 1482 3023 1537 secuti
3055 1487 3191 1539 sunt
3213 1501 3368 1541 eum.
3403 1487 3509 1544 Per
3538 1489 3690 1548 hanc

2038 1563 2193 1620 viam
2228 1565 2533 1622 Matthaeus
2565 1572 2800 1624 secutus
2830 1573 2919 1625 est
2948 1570 3283 1641 Dominum,
3317 1574 3515 1633 relicto
3543 1578 3687 1637 telo-

2040 1652 2207 1709 naico
2234 1654 2418 1710 lucro.
2451 1656 2560 1711 Per
2587 1656 2737 1712 hanc
2768 1658 2919 1714 viam
2953 1664 3217 1717 sanctam
3231 1679 3435 1721 omnes
3447 1668 3689 1741 patriar-

2040 1741 2180 1810 cbae,
2215 1743 2530 1816 prophetae,
2564 1746 2832 1818 apostoli,
2865 1753 3172 1822 martyres,
3194 1754 3501 1827 eaaterique
3522 1756 3689 1816 electi

2042 1837 2384 1888 meruerunt
2413 1834 2710 1905 pervenire
2739 1837 2809 1892 ad
2840 1837 3046 1893 Deum.
3076 1839 3234 1897 Licet
3262 1845 3575 1901 aretasitet
3591 1865 3690 1903 an-

2040 1923 2217 1992 gusta
2239 1921 2351 1989 via,
2383 1924 2581 1978 tamen
2611 1923 2861 1980 viatores
2912 1943 3051 1983 suos
3082 1930 3155 1984 ad
3187 1936 3526 2003 perpetuam
3558 1952 3687 2008 per-

2042 2008 2210 2065 duxit
2262 2010 2465 2078 vitam,
2526 2011 2759 2069 dicente
2808 2013 3086 2071 Domino:
3149 2017 3310 2075 Arcta
3361 2029 3412 2077 et
3456 2032 3689 2092 angusta

2039 2106 2118 2154 est
2146 2101 2237 2153 via
2267 2115 2387 2171 qua:
2433 2100 2583 2156 ducit
2624 2102 2695 2157 ad
2740 2104 2911 2159 vitam
2960 2105 3139 2178 (Marc.
3191 2107 3312 2180 vn).
3360 2110 3485 2166 Non
3533 2112 3691 2169 enim

2042 2187 2257 2244 durum
2289 2188 2397 2244 tibi
2429 2194 2485 2244 et
2514 2207 2789 2263 asperum
2818 2193 3103 2263 videatur,
3121 2213 3254 2251 cum
3269 2198 3438 2255 audis
3467 2204 3691 2257 arctam

2041 2280 2099 2332 et
2129 2281 2441 2350 angustam
2453 2277 2605 2334 viam
2620 2295 2747 2337 esse
2759 2281 3147 2339 obedientiam
3159 2327 3172 2353 ,
3188 2287 3289 2341 sed
3303 2288 3491 2361 magis
3502 2291 3692 2363 gaude

2041 2370 2278 2439 propter
2306 2367 2415 2423 hoc
2447 2369 2604 2440 quod
2635 2369 3044 2443 subsequitur:
3070 2389 3198 2446 quae
3230 2374 3689 2437 ducitadvitam.

2043 2453 2104 2509 Si
2132 2453 2289 2512 enim
2320 2455 2589 2513 homines
2619 2460 2855 2533 propter
2882 2461 3036 2533 regis
3060 2462 3390 2532 jussionem
3403 2452 3694 2525 autalicu-

2035 2544 2137 2615 jus
2167 2545 2421 2615 potentis
2450 2545 2727 2615 hominis,
2757 2547 2815 2602 in
2828 2552 3053 2605 exteras
3066 2551 3353 2622 regiones,
3373 2555 3690 2613 etetiamin

2040 2633 2436 2689 transmarina
2460 2638 2517 2689 et
2545 2635 2871 2706 peregrina,
2907 2640 2966 2691 et
2995 2638 3233 2694 omnino
3265 2639 3580 2713 incognita,
3633 2649 3691 2702 et

2039 2719 2205 2777 valde
2234 2721 2560 2794 periculosa
2588 2722 2733 2791 loca,
2768 2727 3002 2796 propter
3021 2724 3252 2797 aliquod
3266 2730 3687 2800 temporalelu-

2040 2825 2206 2866 crum
2239 2811 2416 2883 (quod
2448 2827 2581 2867 cum
2611 2811 2928 2868 habuerint
2957 2812 3155 2869 statim
3186 2814 3302 2871 illis
3315 2817 3573 2875 abstrahi
3589 2837 3688 2893 po-

2040 2899 2263 2967 test),in
2276 2902 2505 2955 tantum
2519 2900 2856 2957 obedientes
2868 2901 3389 2961 existuntutetiam
3404 2906 3690 2980 perinnu-

2041 3003 2232 3044 meras
2264 2987 2528 3061 regiones
2549 2989 2856 3062 etpatrias,
2872 3007 2975 3064 per
2986 2990 3685 3065 difﬁcultatesterrarum,

2041 3093 2145 3149 per
2174 3094 2380 3150 aspera
2410 3082 2467 3134 et
2493 3079 2641 3134 dura
2669 3078 2897 3147 itinera,
2926 3097 3030 3152 per
3046 3081 3692 3160 periculosanaufragia

2040 3167 2375 3237 fluminum,
2408 3184 2510 3239 per
2538 3167 2824 3225 terribiles
2842 3169 3031 3225 undas
3048 3170 3380 3245 fluctusque
3406 3175 3688 3243 marinos,

262 3261 483 3320 videbit
509 3244 894 3327 Deumlﬂebr.
925 3256 1048 3330 ιη).
1083 3256 1186 3313 Hie
1215 3273 1447 3329 quoque
1479 3239 1773 3317 evidenter
1802 3256 1929 3313 sine
1960 3239 2002 3307 C
2039 3254 2190 3311 inter
2218 3255 2458 3312 hostiles
2489 3256 2737 3329 gladios,
2771 3257 2923 3313 inter
2944 3239 3691 3332 latronuminsidias,inter

265 3346 674 3408 sanctimonia
700 3347 841 3419 (qua
869 3344 1015 3402 solet
1041 3345 1437 3418 integritatem
1465 3345 1680 3402 mentis
1704 3344 1791 3401 vel
1822 3363 1930 3418 pu-

262 3427 516 3496 ritatem
548 3434 805 3511 corporis
827 3433 1141 3509 appellare)
1168 3434 1568 3507 pronuntiavit
1581 3440 1760 3491 Deum
1776 3435 1935 3507 peni-

261 3516 372 3585 tus
403 3524 585 3582 videri
618 3541 733 3580 non
765 3541 957 3597 posse.
1007 3523 1301 3592 (Cassiod.)
1337 3522 1477 3580 llinc
1527 3540 1632 3596 per
1661 3524 1933 3580 eumdem

265 3614 613 3690 apostolum
644 3613 889 3669 dicitur:
923 3618 1062 3671 Hac
1089 3621 1169 3670 est
1191 3613 1444 3669 voluntas
1477 3615 1578 3669 Dei
1621 3614 1935 3685 sanctiﬁca-

262 3694 349 3764 tio
384 3708 587 3770 vestra,
617 3711 680 3760 ut
735 3704 1056 3773 abstineatis
1112 3719 1203 3759 vos
1231 3720 1266 3759 a
1291 3704 1671 3775 fornicatione,
1717 3710 1776 3759 ut
1804 3705 1941 3758 sciat

264 3794 659 3867 unusquisque
684 3799 919 3849 vestrum
945 3808 1038 3848 vas
1066 3808 1230 3848 suum
1254 3792 1528 3864 possidere
1558 3794 1619 3847 in
1660 3793 1862 3847 honore
1887 3800 1938 3847 et

266 3879 739 3955 sanctiﬁcatione,
768 3897 881 3936 non
912 3882 973 3936 in
1002 3881 1251 3953 passione
1279 3880 1558 3946 desiderii,
1588 3880 1938 3951 sicutetgen-

271 3983 356 4032 tes
393 3988 516 4045 quae
544 3972 807 4041 ignorant
833 3969 1083 4042 Deum)!
1108 3969 1285 4035 Thess,
1318 3968 1416 4040 ιν).
1450 3971 1730 4024 Amemus
1760 3967 1939 4040 igitur

271 4060 640 4124 castitatem,
671 4057 813 4130 quia
857 4061 1050 4115 castas
1094 4061 1322 4113 mentes
1371 4061 1649 4129 castaque
1698 4072 1942 4129 corpora

256 4152 442 4209 Deus
470 4147 788 4214 inhabitat,
814 4144 1146 4203 luxuriosas
1159 4148 1354 4203 autem
1386 4149 1443 4202 et
1458 4145 1941 4201 immundascon-

271 4239 544 4297 damnat.
577 4236 809 4303 Quanta
836 4235 991 4292 enim
1022 4236 1178 4291 bona
1204 4234 1339 4308 quis
1368 4234 1588 4301 fecerit,
1618 4234 1757 4290 licet
1792 4237 1936 4300 oret,

272 4315 423 4386 licet
452 4330 655 4382 noctes
678 4323 745 4380 in
778 4323 1145 4381 orationibus
1174 4327 1232 4380 et
1257 4322 1473 4396 vigiliis
1490 4321 1798 4397 pervigiles
1830 4323 1937 4378 du-

273 4420 401 4481 cat,
428 4414 567 4471 licet
594 4429 829 4470 omnem
848 4412 1243 4469 substantiam
1272 4428 1438 4468 suam
1455 4411 1815 4485 pauperibus
1839 4410 1940 4466 tri-

272 4506 445 4572 buat,
479 4502 618 4558 licet
646 4501 843 4557 inedia
872 4504 930 4557 et
959 4517 1063 4574 per
1084 4500 1315 4573 jejunia
1342 4500 1517 4575 longa
1534 4517 1748 4573 corpus
1762 4515 1937 4556 suum

2039 3343 2413 3401 inimicorum
2443 3346 2740 3413 incursus,
2771 3346 3093 3404 voluntarie
3123 3349 3690 3408 etalacriterdiscur-

2042 3437 2199 3502 runt,
2232 3438 2288 3490 et
2316 3433 2437 3489 haec
2469 3434 2667 3491 omnia
2697 3434 3011 3504 sustinent,
3041 3436 3290 3494 dimissa
3328 3431 3567 3513 propria
3596 3459 3685 3499 re-

2041 3523 2230 3595 gione,
2263 3523 2527 3580 dimissis
2551 3523 2914 3596 parentibus,
2949 3530 3131 3597 patre,
3157 3531 3363 3595 matre,
3382 3529 3687 3602 fratribus,

2044 3611 2363 3681 sororibus,
2424 3613 2790 3686 propinquis,
2841 3613 3145 3685 uxoribus,
3197 3615 3356 3685 filiis,
3391 3618 3690 3688 domibus,

2012 3701 2703 3774 .mancipiis,eunctaque
2732 3703 3082 3770 substantia,
3106 3704 3401 3776 quoslicet
3414 3706 3699 3780 plangant

2044 3789 2240 3857 amici,
2276 3790 2516 3864 lugeant
2543 3794 2835 3862 parentes,
2870 3791 3098 3863 plorent
3129 3792 3255 3862 ﬁlii,
3281 3795 3701 3854 contristentur

2046 3878 2362 3950 mancipia,
2395 3878 2719 3934 nescientes
2749 3882 2949 3935 utrum
2980 3896 3080 3936 eos
3111 3880 3366 3954 amplius
3370 3884 3498 3955 jam
3513 3884 3698 3940 visuri

2046 3965 2187 4036 sint,
2214 3983 2287 4021 an
2321 3984 2437 4022 non
2467 3966 2598 4022 illos
2631 3967 2776 4022 nihil
2806 3967 3019 4023 horum
3054 3986 3087 4023 a
3108 3970 3379 4040 jussione
3412 3971 3573 4029 illius
3600 3972 3702 4045 qui

2038 4054 2223 4126 jussit
2253 4058 2443 4127 potest
2471 4055 2785 4123 retrahere,
2818 4056 2920 4111 sed
2948 4060 3070 4111 tota
3100 4057 3424 4113 intentione
3448 4060 3702 4130 potentis

2046 4142 2325 4208 hominis,
2361 4143 2459 4215 qui
2492 4142 2666 4198 hodie
2693 4147 2784 4197 est.
2810 4147 2868 4198 et
2888 4142 3130 4198 forsitan
3146 4143 3404 4200 crastina
3430 4162 3545 4201 non
3566 4146 3699 4213 erit,

2047 4230 2436 4287 obedientiam
2453 4230 2935 4287 exhibent?Sicut
2955 4231 3247 4303 enimjam
3274 4231 3549 4301 diximus,
3567 4233 3696 4290 ideo

2048 4318 2168 4375 haec
2200 4319 2398 4375 omnia
2427 4317 2695 4388 tolerant,
2727 4322 2793 4375 ut
2820 4335 2924 4391 pro
2954 4318 3047 4375 his
3066 4320 3440 4375 commodum
3459 4320 3695 4393 aliquod

2047 4407 2195 4464 lucri
2226 4406 2440 4463 terreni
2470 4406 2778 4479 accipiant,
2810 4407 2861 4462 si
2892 4406 3097 4463 illihoc
3111 4407 3699 4482 faciuntpropterho-

2049 4497 2267 4552 minem
2300 4499 2597 4567 potentem
2629 4501 2760 4568 post
2790 4495 3362 4568 paucamoriturum,
3391 4500 3449 4553 et
3461 4502 3700 4570 propter

274 4595 515 4659 atterat,
546 4590 682 4646 licet
712 4593 920 4646 caetera
949 4587 1147 4645 divina
1192 4594 1480 4662 praecepta
1521 4588 1858 4662 adimpleat,
1892 4589 1938 4645 si
1966 4606 2014 4671 D
2050 4585 2210 4671 lpcra
2239 4584 2339 4640 illa
2363 4583 2710 4656 periturum,
2742 4584 2885 4656 quid
2914 4601 3022 4641 nos
3054 4584 3254 4641 miseri
3285 4585 3346 4641 in
3377 4585 3471 4641 die
3495 4583 3703 4656 judicii

274 4679 623 4738 castitatem
656 4695 771 4735 non
799 4676 1091 4743 habuerit,
1124 4677 1271 4733 nihil
1301 4677 1352 4733 ei
1385 4677 1659 4750 proderit.
1694 4676 1857 4733 Unde
1886 4680 1941 4732 et

277 4768 577 4826 Dominus
603 4768 663 4823 in
694 4765 1003 4840 Evangelio
1033 4765 1307 4839 praecepit
1336 4765 1564 4821 dicens:
1617 4766 1741 4821 Sint
1768 4766 1945 4821 lumbi

273 4859 452 4915 vestri
475 4857 785 4929 praecincti,
818 4862 871 4912 et
899 4857 1144 4911 lucernae
1155 4854 1404 4911 ardentes
1416 4856 1742 4910 inmanibus
1758 4855 1944 4910 vestris

277 4948 437 5020 (Luc.
470 4948 598 5014 xu).
631 4949 754 5001 Duo
785 4948 981 5001 autem
1007 4947 1147 5000 sunt
1170 4943 1682 5016 quaajubentur,et
1709 4942 1943 4998 lumbos

278 5033 660 5107 restringere,
692 5037 752 5089 et
779 5033 1049 5089 lucernas
1079 5037 1296 5097 tenere,
1330 5035 1396 5087 ut
1424 5035 1483 5088 et
1527 5030 1822 5087 munditia
1867 5030 1946 5086 sit

279 5121 670 5180 castitatis‘in
703 5138 963 5195 corpore,
994 5124 1052 5177 et
1094 5120 1293 5176 lumen
1340 5120 1601 5176 veritatis
1631 5119 1692 5174 in
1741 5136 1943 5193 opera-

281 5202 465 5268 tione.
502 5209 875 5284 Redempteri
908 5209 1123 5265 etenim
1154 5212 1355 5265 nostro
1387 5224 1572 5263 unum
1606 5207 1732 5264 sine
1764 5207 1943 5264 altero

282 5299 519 5374 placere
546 5314 922 5372 nequaquam
953 5301 1162 5370 potest,
1184 5297 1233 5353 si
1250 5300 1445 5352 autem
1475 5295 1527 5352 is
1541 5297 1639 5368 qui
1658 5296 1809 5351 bona
1826 5296 1946 5369 agit

284 5388 487 5445 adhuc
514 5387 757 5443 luxuriae
786 5386 1234 5460 inquinamenta
1262 5402 1378 5441 non
1398 5383 1630 5452 deserit,
1647 5389 1747 5439 aut
1778 5384 1828 5439 is
1843 5385 1945 5457 qui

283 5477 559 5534 castitate
588 5476 928 5549 praeminet
955 5476 1206 5531 necdum
1238 5491 1299 5531 se
1312 5490 1415 5547 per
1443 5474 1593 5529 bona
1606 5489 1779 5544 opera
1792 5489 1948 5529 exer-

284 5568 402 5621 cet.
433 5565 557 5621 Nec.
578 5564 820 5621 castitas
841 5580 980 5637 ergo
1011 5580 1227 5637 magna
1257 5567 1346 5618 est
1376 5561 1501 5617 sine
1547 5560 1699 5614 bono
1751 5578 1944 5633 opere,

287 5667 579 5728 mopse
604 5654 834 5713 ebenum
865 5656 955 5713 est
983 5652 1207 5726 aliquid
1239 5651 1366 5710 sine
1396 5649 1684 5708 castitate.

2099 4691 2164 4730 eo
2196 4677 2395 4729 nostro
2424 4672 2484 4728 in
2515 4671 3097 4729 excusationenostra
3124 4673 3334 4729 dicturi
3350 4689 3579 4741 sumus,
3599 4670 3701 4745 qui

2051 4764 2178 4835 ejus
2209 4761 2426 4817 sanctis
2447 4778 2513 4817 ac
2543 4760 3264 4833 salubribusjussionibus
3295 4760 3697 4817 inobedientes

2051 4850 2378 4919 existimus,
2412 4854 2469 4905 et
2498 4848 2737 4905 monitis
2759 4848 3094 4905 salubribus
3114 4853 3345 4921 patrum
3358 4852 3696 4906 nostrorum

2052 4959 2168 4997 non
2200 4937 2714 5011 obtemperamus'?
2744 4938 2907 5004 Quod
2937 4938 3093 4993 enim
3118 4936 3386 4993 homines
3399 4936 3597 4994 saeculi
3620 4937 3704 5003 fa:-

2052 5030 2217 5087 ciunt
2246 5032 2483 5101 propter
2505 5043 2626 5082 rem
2648 5025 2987 5098 perituram,
3011 5024 3227 5080 faciant
3248 5024 3465 5081 milites
3481 5025 3706 5082 Christi

2052 5122 2289 5194 propter
2316 5115 2561 5189 gloriam
2592 5113 2718 5169 sine
2748 5113 2862 5169 ﬁne
2879 5130 3242 5170 mansuram.
3266 5114 3429 5180 Quod
3443 5114 3703 5171 enimilli

2051 5207 2387 5264 obedientes
2416 5203 2677 5259 existunt
2714 5206 2949 5275 propter
2991 5202 3226 5259 inanem
3279 5202 3703 5277 extollentiam,

2054 5298 2196 5352 ﬁant
2227 5292 2375 5350 servi
2396 5290 2604 5347 Christi
2624 5289 2980 5346 obedientes.
3005 5294 3244 5364 propter
3274 5291 3706 5348 indeﬁcientem

2054 5381 2473 5441 excellentiam.
2508 5379 2671 5445 Quod
2701 5379 2856 5434 enim
2889 5378 2969 5434 illi
3005 5381 3343 5437 obedientes
3395 5382 3545 5436 fiunt
3575 5396 3708 5452 pro-

2053 5478 2183 5547 pter
2196 5471 2512 5544 perituram
2527 5467 2768 5540 gloriam
2786 5467 2972 5539 peritu
2982 5469 3028 5524 ri
3044 5468 3324 5538 hominis,
3343 5470 3485 5525 ﬁant
3500 5466 3704 5522 famuli

2054 5556 2262 5615 Christi
2298 5555 2655 5622 obedientes,
2691 5559 2925 5629 prepter
2956 5561 3296 5631 perpetuam
3315 5555 3559 5629 gloriam
3581 5569 3697 5624 per-

2057 5646 2212 5721 petui
2246 5644 2672 5719 Redemptoris.
2696 5644 2868 5704 Nulla
2893 5646 3075 5721 igitur
3095 5645 3363 5719 segnitia,
3380 5640 3705 5700 nullainso—
