4102 6180
416 317 533 381 9ιό

815 317 1225 385 HAYMONIS
1269 319 1809 383 HALBEltS’l‘AT.
1854 315 2099 379 EPISC.
2147 313 2319 378 OPP.
2369 309 2567 374 PARS
2612 312 2717 375 IlI.
2744 309 3390 376 —MISCELLANEA.
3635 311 3726 373 916

414 449 613 520 lentia,
648 452 812 511 nulla
836 455 1101 523 tarditas,
1117 452 1544 527 n'ullapigritia,
1571 452 1773 508 abono
1788 450 2061 507 obedien-
2090 449 2147 516 Α
2177 447 2408 505 cmieras
2439 447 2622 503 menti
2653 446 3141 514 inserit,insertas
3162 444 3415 501 custodit.
3435 443 3733 517 Undeetpri-

417 541 509 598 tiae
540 559 714 617 opere
744 560 851 601 nos
884 542 1165 611 retrahat,
1199 543 1336 616 quia
1364 542 1473 599 etsi
1504 558 1709 614 aspera
1734 544 1823 596 est
1842 540 1935 595 via
1956 557 2073 612 qua
2181 555 2313 593 mus
2326 537 2501 593 homo
2515 539 2864 608 praeceptum
2892 535 3046 608 quod
3065 534 3739 607 servaret,accepit,cuisesi

417 630 558 697 itur,
593 636 791 689 tamen
822 633 993 690 beata
1022 638 1110 689 est
1138 631 1328 705 patria
1367 632 1438 686 ad
1489 647 1667 703 quam
1718 628 2068 700 pervenitur.

414 719 958 795 Obedientesigitur
969 722 1154 778 simus
1167 721 1434 793 patribus
1447 723 1504 775 et
1516 718 1844 775 senioribus
1857 716 2072 779 nostris

2180 625 2351 681 vellet
2361 626 2638 681 obediens
2655 624 3003 689 subdere,ad
3018 628 3284 678 aeternam
3305 622 3675 679 beatitudinem
3685 624 3740 679 si-

2183 731 2255 770 ne
2285 713 2482 769 labore
2509 714 2851 797 perveniret.
2886 712 3031 768 Hinc
3052 711 3279 767 Samuel
3298 710 3391 766 ait:
3406 712 3643 767 Meliorest
3656 714 3747 769 obe-

414 808 476 865 in
509 815 800 883 quantum
833 811 1156 867 secundum
1175 810 1358 866 Deum
1372 808 1646 865 exhibent
1653 807 2071 879 jussionem;si
2181 803 2391 858 dientia
2421 818 2587 874 quam
2618 803 2874 867 victimae,
2896 801 3263 856 etauscultare
3279 801 3750 872 magisquamo/fem

418 903 617 956 autem
648 904 849 955 contra
873 901 1060 955 Deum
1092 903 1181 955 est
1211 897 1693 971 quodimperant,
1712 896 1977 951 dicamus
1990 896 2074 951 eis

2183 890 2398 962 adipem
2412 890 2701 962 arietum(l
2724 892 2853 959 Reg.
2872 892 2987 958 xv).
3004 888 3752 961 Obedientiaquippevictimis

422 987 729 1044 humiliter
755 991 814 1043 et
843 992 1200 1044 reverenter:
1237 987 1466 1043 Obedire
1503 987 1860 1059 oportet-Deo
1898 986 2075 1055 magis
2178 981 2310 1050 jure
2342 979 2721 1052 praeponitur,
2755 979 2895 1051 quia
2922 995 3025 1050 per
3052 976 3647 1043 victimasalienacaro,
3673 996 3753 1051 per

418 1094 586 1150 quam
615 1076 927 1135 hominibus
959 1077 1098 1148 (Act.
1130 1077 1206 1149 v).

1018 1184 1246 1241 CAPUT
1285 1183 1476 1239 XLVI.

516 1273 762 1342 Qualiter
787 1272 996 1330 subditi
1022 1273 1326 1329 obedientes
1355 1274 1469 1327 sint
1496 1272 1806 1343 pm’positis
1835 1272 1971 1326 suis.

488 1360 1119 1435 Existimamusigitur,
1148 1361 1358 1416 fratres
1372 1359 1725 1425 charissimi,
1750 1358 1922 1413 hilari
1950 1357 2074 1414 ani-

419 1454 737 1518 mo,mente
750 1450 1194 1523 promptissima
1207 1448 1543 1505 obedientes
1560 1448 1811 1520 praelatis
1828 1451 1884 1503 et
1896 1447 2074 1520 patri-

418 1540 531 1596 bus
544 1539 926 1611 nostris,quia
936 1538 1133 1595 divina
1143 1555 1251 1595 vox
1266 1538 1518 1611 imperat
1532 1537 1700 1593 nobis
1713 1554 1816 1609 per
1828 1535 2074 1592 Paulum

418 1628 750 1702 apostolum
782 1628 1012 1685 dicens:
1045 1629 1264 1685 Obedite
1306 1629 1618 1700 pra’posilis
1659 1628 1849 1682 vestris
1881 1628 1939 1681 in
1971 1628 2076 1681 Do-

416 1721 570 1775 mino
593 1725 644 1775 et
665 1717 933 1791 subjacete
960 1718 1039 1773 eis
1073 1718 1257 1790 (Hebr.
1289 1720 1437 1785 xm).
1492 1718 1718 1781 Quanto
1768 1714 1925 1771 enim
1957 1715 2072 1769 hu-

422 1806 684 1863 miliores
711 1810 769 1863 et
798 1805 1226 1863 obedientiores
1256 1806 1567 1873 fuerimus,
1593 1802 1961 1859 tantolevius
1985 1821 2080 1859 su-
2109 1822 2155 1886 Β

421 1913 527 1969 per
559 1913 665 1953 nos
694 1912 760 1951 ac
773 1895 1035 1965 dulciusj
1046 1911 1226 1967 ugum
1240 1893 1469 1949 Domini
1486 1894 1832 1948 scntiemua.
1850 1895 2075 1959 Quanto

422 1983 850 2041 obedientiores
880 1982 1165 2039 fuerimus
1197 1981 1527 2054 praepositis
1557 1985 1614 2036 et
1648 1981 1913 2053 patribus
1941 1998 2075 2037 nos-

422 2072 860 2141 tris,intantum
873 2070 1261 2127 obedietDeus
1274 2069 1636 2126 orationibus
1650 2069 2077 2126 nostris.Citius

423 2160 582 2216 enim
612 2160 923 2217 exauditur
951 2176 1070 2214 una
1088 2160 1413 2229 obedientia
1444 2160 1630 2216 oratio
1664 2176 1843 2232 quam
1877 2160 2076 2215 decem

423 2247 613 2306 millia
642 2248 1084 2321 contemptoris.
1116 2249 1330 2304 Sancta
1357 2248 1513 2304 enim
1538 2248 1855 2304 intentione
1871 2251 2078 2304 etcum

423 2336 586 2395 omni
596 2335 896 2393 velocitate
912 2337 1101 2409 jussis
1116 2337 1413 2393 seniorum
1430 2341 1763 2393 nostrorum
1781 2337 2077 2409 obtempe-

418 2424 644 2495 remus,
679 2429 739 2482 et
769 2442 903 2481 mox
931 2430 996 2481 ut
1026 2424 1242 2499 aliquid
1259 2424 1429 2481 nobis
1448 2425 2080 2498 imperatumamajore

424 2514 620 2583 fuerit,
653 2530 719 2570 ac
749 2514 799 2570 si
830 2513 1468 2586 divinitusimperetur,
1487 2530 1709 2569 moram
1724 2512 1841 2585 pati
1863 2514 2082 2569 nescia-

428 2619 564 2660 mus
593 2601 652 2658 in
669 2601 953 2670 faciendo,
974 2602 1113 2674 quia
1124 2600 1457 2657 obedientia
1472 2618 1598 2673 quae
1616 2602 1940 2673 majoribus
1955 2620 2081 2673 per-

433 2690 690 2754 hibetur.
721 2691 839 2747 Deo
865 2690 1172 2746 exhibetur
1218 2690 1348 2763 Ipse
1376 2690 1532 2745 enim
1564 2689 1851 2760 dixitzQui
1876 2708 1967 2747 vos
1988 2708 2082 2747 au-

430 2780 532 2848 dit,
564 2796 650 2836 me
677 2780 835 2836 audit
865 2783 1018 2849 (Luc.
1052 2780 1131 2849 x).
1165 2779 1274 2834 Pro
1305 2778 1403 2834 Dei
1438 2782 1635 2834 autem
1688 2797 1885 2836 amore
1921 2780 2081 2836 omni

432 2868 767 2925 obedientia
796 2885 904 2926 nos
933 2868 1261 2924 subdamus
1283 2867 1606 2937 majoribus
1624 2867 1861 2936 nostris,
1885 2868 2086 2923 utimi-

440 2960 658 3013 tatores
687 2955 985 3013 valeamus
1014 2972 1142 3011 esse
1172 2955 1637 3028 Dominiinostri,
1669 2957 1740 3011 de
1789 2974 1905 3029 quo
1945 2958 2087 3013 dicit

434 3044 782 3117 Apostolus:
840 3049 1033 3102 Factus
1061 3048 1139 3100 est
1189 3044 1436 3102 Christus
1490 3044 1741 3101 obediens
1793 3062 1961 3118 usque
2015 3046 2086 3102 ad

435 3141 666 3189 mortem
692 3135 862 3204 )Phil.
895 3133 979 3207 ιι).

1019 3240 1250 3296 CAPUT
1288 3238 1498 3295 XLVII.

722 3337 991 3408 Quomodo
1019 3339 1253 3394 invicem
1284 3337 1500 3393 obedire
1527 3336 1797 3393 debemus.

396 3478 413 3485 ,
506 3426 757 3483 Invicem
814 3424 1049 3482 obedire
1097 3425 1401 3492 debemus,
1455 3425 1608 3481 sicut
1658 3425 1805 3480 servi
1857 3426 2082 3481 Domini

434 3516 761 3572 secundum
791 3514 946 3586 quod
980 3512 1253 3585 praecepit
1281 3512 1586 3577 Dominus,
1610 3514 1749 3584 quia
1770 3514 1869 3586 qui
1888 3514 2084 3570 vultin

433 3603 599 3660 vobis
628 3620 757 3659 esse
785 3618 1056 3676 magnus,
1090 3603 1193 3656 ﬁat
1219 3602 1487 3657 omnium
1505 3600 1879 3669 novissimus,
1897 3606 2086 3658 etom-

436 3690 602 3746 nium
634 3707 835 3746 servus
862 3688 1078 3756 (Matth.
1110 3691 1226 3755 xx).
1260 3687 1485 3751 Quibus
1512 3687 1755 3753 addidit,
1788 3695 1853 3743 ut
1895 3691 2085 3764 magis

437 3794 544 3832 nos
574 3777 816 3833 inclinet
844 3777 915 3831 ad
946 3775 1374 3831 humilitatem:
1407 3776 2085 3847 Sicut/iliushominisnon

435 3866 584 3921 venit
611 3866 943 3930 ministrari,
974 3863 1067 3919 Sed
1094 3864 1415 3921 ministrare
1445 3864 1649 3931 (Ibid.).
1694 3866 1802 3921 Sed
1854 3870 1911 3921 et
1942 3866 2082 3924 illud

437 3952 594 4026 quod
625 3952 697 4008 ab
726 3952 1001 4026 Apostolo
1030 3952 1250 4008 dictum
1265 3958 1354 4009 est
1373 3970 1387 4009 :
1406 3953 1845 4011 Percharitatem
1858 3958 2085 4028 spiritut

437 4043 634 4099 servite
662 4042 899 4099 invicem
928 4043 1073 4114 (Gal.
1103 4042 1183 4113 v).

1006 4148 1237 4205 CAPUT
1274 4148 1513 4205 XLVIII.

436 4248 554 4322 Qui
581 4263 705 4304 vere
753 4249 924 4304 Deum
968 4246 1214 4317 diligunt
1269 4248 1420 4303 ultra
1478 4248 1621 4303 vires
1680 4265 1812 4305 suas
1869 4251 2086 4308 obedire

1091 4334 1425 4392 desiderant.

509 4424 618 4491 Qui
648 4424 897 4481 fideliter
926 4428 983 4480 et
1012 4440 1155 4497 pure
1186 4424 1370 4480 Deum
1403 4423 1612 4497 diligit,
1637 4429 1898 4482 etcertus
1911 4433 1999 4483 est
2014 4429 2084 4485 de

2184 1065 2576 1122 obedientiam
2602 1082 2736 1122 vero
2766 1065 3037 1121 voluntas
3054 1064 3282 1137 propria
3294 1068 3576 1121 mactatur.
3603 1067 3751 1122 Tanto

2186 1153 2365 1227 igitur
2377 1154 2627 1227 quisque
2641 1154 2826 1210 Deum
2842 1154 3016 1210 citius
3041 1153 3279 1227 placeat,
3295 1157 3500 1225 quanto
3518 1158 3633 1209 ante
3651 1156 3751 1225 ejus

2185 1242 2383 1299 oculos
2397 1243 2895 1315 repressaarbitrii
2911 1241 3305 1316 suisuperbia,
3329 1241 3506 1316 gladio
3533 1243 3750 1315 praecepti

2186 1350 2248 1389 se
2261 1331 2663 1388 immolat.Sed
2681 1332 2818 1404 quia
2832 1349 3252 1404 nonnunquam
3278 1332 3751 1404 nobishujusmun-

2186 1422 2240 1476 di
2275 1438 2571 1494 prospera,
2616 1438 3046 1501 nonnunquam
3083 1438 3216 1477 vero
3243 1421 3513 1493 jubentur
3539 1421 3752 1476 adversa.

2185 1511 2491 1566 sciendum
2505 1527 2876 1584 summopere
2887 1509 3758 1583 est,quodobedientiaaliquando.

2185 1600 2234 1655 si
2264 1600 2334 1655 de
2366 1617 2472 1655 suo
2504 1599 2717 1656 habeat
2750 1599 2995 1671 aliquid,
3028 1599 3191 1655 nulla
3217 1604 3332 1667 est;
3373 1598 3654 1672 aliquando
3681 1616 3760 1654 au-

2188 1693 2305 1744 tem
2322 1688 2369 1743 si
2387 1689 2458 1743 de
2475 1705 2583 1744 suo
2598 1688 2818 1760 aliquid
2838 1705 2954 1744 non
2979 1688 3212 1756 habeat,
3248 1686 3499 1743 minima.
3513 1687 3638 1743 Nam
3660 1704 3762 1743 cum

2187 1778 2222 1832 h
2233 1778 2288 1848 uj
2299 1795 2367 1833 us
2386 1778 2589 1833 mundi
2608 1794 2916 1834 successus
2928 1777 3096 1849 prmci
3104 1778 3225 1849 pitu
3235 1781 3342 1846 r,ct
3356 1776 3627 1833 cumlocus
3638 1792 3765 1849 supe-

2187 1866 2305 1923 rior
2325 1866 2722 1937 imperatur,is
2737 1866 2835 1938 qui
2853 1866 2924 1921 ad
2948 1865 3447 1938 percipiendahiec
3467 1865 3766 1931 obedit,obe-

2188 1954 2417 2011 dientim
2441 1954 2553 2010 sibi
2569 1955 2838 2011 virtutem
2864 1955 3179 2021 evacuat,si
3213 1955 3284 2010 ad
3301 1954 3765 2025 hazcetiamexpro-

2187 2043 2313 2116 prio
2327 2043 2614 2100 desiderio
2628 2042 2884 2099 anhelat.
2900 2044 3097 2116 Neque
3109 2043 3267 2100 enim
3289 2060 3349 2101 se
3368 2044 3472 2099 sub
3493 2041 3766 2099 obedientia

2188 2132 2513 2205 dirigit,qui
2526 2133 2597 2188 ad
2613 2132 2984 2205 percipienda
2999 2133 3178 2205 hujus
3192 2133 3319 2188 vitae
3332 2130 3764 2206 prospera,libidi-

2189 2221 2247 2277 ni
2262 2222 2506 2295 propriae
2519 2221 2857 2277 ambitionis
2872 2222 3333 2278 scrvit.Rursum
3353 2238 3480 2276 cum
3495 2219 3672 2275 mundi
3689 2218 3766 2274 de-

2189 2316 2423 2383 spectus
2453 2310 2946 2383 praecipitur,cum
2963 2312 3175 2383 probra
3191 2309 3433 2383 adipisci
3449 2313 3501 2365 et
3518 2313 3764 2364 contume-

2188 2400 2276 2456 lia:
2298 2398 2862 2470 jubentur,nisihzec
2899 2399 3533 2473 exsemetipsoanimus
3561 2400 3765 2471 appetat,

2189 2488 2527 2544 obedientia:
2543 2489 2818 2544 meritum
2852 2488 2963 2544 sibi
2991 2488 3226 2556 minuit,
3262 2488 3398 2562 quia
3424 2489 3564 2544 adea
3587 2504 3695 2560 qua:
3726 2487 3769 2539 in

2190 2577 2298 2632 hac
2310 2577 2425 2632 vita
2438 2577 2712 2649 despecta
2741 2582 2901 2647 sunt,
2928 2577 3143 2633 invitus
3169 2578 3487 2650 nolensque
3504 2574 3770 2631 descendit.

2267 2666 2351 2721 Ad
2382 2666 2799 2722 detrimentum
2833 2666 3047 2740 quippe
3080 2667 3414 2723 obedientia
3432 2665 3774 2728 ducitur,cum

2194 2758 2451 2811 mentem
2484 2755 2556 2809 ad
2590 2754 2964 2827 suscipienda
3012 2756 3228 2828 probra
3276 2756 3452 2828 hujus
3492 2753 3663 2811 seculi
3696 2770 3775 2809 ne-

2194 2860 2490 2916 quaquam
2521 2860 2587 2899 ex
2619 2848 2781 2916 parte
2830 2842 3046 2917 aliqua,
3096 2844 3275 2901 etiam
3325 2862 3431 2901 sua
3477 2850 3596 2901 vota
3636 2842 3776 2899 comi-

2192 2936 2413 2988 tantur.
2469 2933 2647 2988 Debet
2702 2950 2837 3006 ergo
2898 2933 3231 2989 obedientia
3285 2935 3426 2990 etin
3477 2933 3703 2990 adversis
3726 2948 3777 2986 ex

2196 3038 2301 3077 suo
2333 3020 2555 3093 aliquid
2587 3020 2891 3091 habere,ct
2905 3022 3213 3079 rursumin
3229 3020 3779 3097 prosperisexsuoali-

2196 3108 2337 3180 quid
2358 3109 2696 3165 omnimodo
2728 3128 2844 3167 non
2877 3111 3116 3178 habere,
3134 3117 3427 3185 quatenus
3439 3113 3556 3168 etin
3568 3110 3780 3168 adversis

2198 3202 2360 3253 tanto
2391 3198 2466 3255 sit
2492 3196 2794 3271 gloriosor,
2827 3204 3047 3270 quanto
3078 3200 3277 3257 divino
3321 3202 3517 3258 ordine
3560 3201 3707 3258 etiam
3730 3215 3781 3254 ex

2195 3286 2483 3343 desiderio
2506 3286 2798 3360 jungitur.
2831 3289 2900 3343 Et
2930 3289 2988 3344 in
3021 3292 3323 3362 prosperis
3356 3294 3513 3347 tanto
3541 3291 3609 3346 sit
3634 3288 3783 3345 verior

2196 3379 2415 3449 quanto
2446 3393 2479 3432 a
2508 3376 2778 3449 praesenti
2806 3378 2953 3449 ipsa,
3004 3395 3181 3451 quam
3237 3380 3528 3437 divinitius
3565 3377 3780 3452 percipit,
3828 3362 3843 3377 “

2193 3465 2379 3538 gloria
2410 3465 2674 3521 funditus
2704 3483 2772 3521 ex
2803 3472 2995 3524 mente
3016 3473 3344 3541 separatur.
3361 3471 3469 3526 Sed
3482 3470 3581 3525 hoc
3595 3465 3782 3523 virtutis

2195 3556 2425 3627 pondus
2456 3554 2667 3611 melius
2696 3556 3081 3625 ostendimus,
3114 3558 3164 3613 si
3197 3558 3450 3615 cmlestis
3480 3556 3657 3632 patriae
3676 3556 3787 3611 duo-

2193 3660 2325 3699 rum
2358 3643 2600 3699 heroum
2634 3661 3050 3715 memoramus,
3085 3647 3317 3720 Moyses
3350 3665 3589 3720 namque
3618 3643 3784 3702 cumin

2194 3734 2422 3789 deserto
2454 3749 2587 3788 oves
2619 3738 2881 3806 pasceret
2903 3735 3191 3791 aDomino
3203 3753 3312 3808 per
3330 3737 3592 3810 angelum
3612 3736 3663 3791 in
3680 3733 3785 3805 igne

2192 3820 2465 3893 loquente
2496 3827 2733 3878 vocatus
2745 3827 2852 3890 est,
2870 3827 2935 3879 ut
2946 3824 3027 3879 eri
3034 3824 3257 3897 piendaa
3272 3827 3431 3882 omni
3447 3825 3784 3883 Israelitarum

2195 3909 2561 3965 multitudini
2590 3916 2880 3983 praesset.
2908 3913 3018 3969 Sed
3050 3913 3188 3986 quia
3218 3916 3376 3988 apud
3407 3933 3469 3972 se
3497 3919 3669 3971 mente
3702 3912 3785 3967 hu—

2195 3997 2354 4053 milis
2383 3998 2621 4065 exstitit,
2656 3999 2910 4056 oblatam
2943 4001 3211 4073 protinus
3246 4005 3393 4059 tanti
3411 4000 3789 4077 regiminisglo-

2194 4085 2342 4142 riam
2374 4087 2622 4160 expavit,
2656 4105 2907 4160 moxque
2942 4090 3015 4145 ad
3046 4090 3410 4150 infirmitatis
3448 4090 3787 4166 patrocinium

2194 4175 2458 4245 recurrit,
2493 4176 2722 4233 dicens:
2750 4178 2992 4244 Obsecro,
3022 4180 3267 4249 Domine,
3291 4199 3403 4239 non
3430 4199 3549 4239 sum
3563 4182 3791 4252 eloquens;

2194 4267 2259 4321 ob
2289 4267 2410 4321 heri
2438 4268 2587 4343 enim
2610 4270 2663 4321 et
2692 4266 2899 4322 nudius
2929 4270 3141 4333 tertius,
3192 4287 3264 4326 ex
3292 4288 3398 4344 quo
3440 4272 3637 4343 cwpisti
3673 4266 3792 4339 loqui

2196 4357 2265 4411 ad
2318 4371 2535 4411 servum
2591 4364 2764 4421 tuum,
2827 4356 3084 4413 tardioris
3120 4367 3175 4414 et
3225 4360 3584 4432 impeditioris
3626 4360 3792 4427 tingue

2192 4447 2371 4517 factus
2399 4461 2521 4498 sum
2550 4444 2739 4516 (Exod.
2776 4445 2887 4517 1v);
2924 4450 2981 4501 et
3007 4463 3069 4502 se
3100 4450 3395 4520 potposito
3435 4448 3607 4504 alium
3649 4446 3792 4515 depo-

437 4513 818 4610 retributione
848 4511 1102 4610 Domini,
1135 4528 1241 4568 nec
1273 4513 1541 4610 sufficere
1574 4512 1686 4568 sibi
1702 4518 2083 4610 p-utateaquae
2122 4545 2162 4610 υ
2192 4511 2323 4601 έοίι,
2357 4511 2604 4589 ἀίορηε’;
2639 4535 2786 4589 mm,
3024 4511 3300 4594 ,ηίξςεαςηιδ
3341 4555 3395 4595 es
3443 4536 3644 4608 (ιὺίάο),

435 4602 847 4675 injunguntur,
883 4601 980 4656 sed
1014 4603 2080 4676 semperaugmentaoperisquaerit,“

2197 4640 2330 4678 cum
2358 4622 2701 4678 auctoritate
2732 4601 2943 4694 linguas
2959 4623 3284 4695 loquituret
3297 4644 3370 4683 ne
3382 4601 3524 4682 tanti
3538 4601 3794 4696 regiminis

436 4691 661 4764 majora
673 4705 799 4762 qua:
813 4688 1204 4762 injunguntur
1217 4690 1510 4745 desiderat
1521 4694 1577 4746 et
1590 4695 1840 4764 exoptat,
1855 4694 2083 4751 etiamsi

435 4796 616 4853 supra
641 4777 796 4835 vires
823 4793 954 4835 esse
983 4776 1248 4833 videatur
1277 4778 1431 4849 quod
1459 4778 1616 4845 facit,
1648 4797 1752 4836 nec
1770 4780 2082 4853 aliquando

435 4884 679 4925 securus
710 4871 801 4925 est
829 4870 1114 4939 tanquam
1146 4881 1317 4939 opere
1349 4865 1595 4938 expleto,
1628 4869 1727 4923 sed
1746 4871 2083 4929 econtrario

435 4956 724 5013 sollicitus
753 4959 841 5012 est
869 4959 926 5011 et
952 4954 1160 5011 anxius
1191 4959 1472 5026 tanquam
1507 4954 1606 5027 qui
1640 4956 1785 5011 nihil
1837 4957 2081 5031 dignum

435 5043 741 5117 praeceptis
770 5043 1131 5117 Evangelicis
1162 5042 1776 5116 egerit.memorillius
1795 5046 2083 5104 Dominici

434 5130 723 5189 sermonis
752 5131 1031 5187 dicentis:
1068 5132 1202 5188 Cum
1226 5139 1407 5187 autem
1434 5133 1675 5203 feceritis
1720 5137 1905 5190 omnia
1935 5152 2084 5208 quae-

435 5234 650 5291 cunque
674 5221 908 5291 praecepi
930 5222 1101 5286 vobis,
1132 5228 1263 5277 tunc
1289 5219 1519 5275 dicetis:
1550 5220 1705 5276 Servi
1735 5223 1956 5280 inutiles
1989 5243 2081 5281 su-

433 5325 578 5374 mus,
612 5307 751 5380 quod
777 5306 1064 5363 debuimus
1088 5311 1268 5381 facere
1294 5310 1521 5381 fecimus
1554 5310 1702 5379 (Luc.
1736 5315 1893 5381 xvn).

1030 5414 1260 5471 CAPUT
1297 5415 1490 5471 XLIX.

747 5501 821 5556 De
853 5500 1014 5557 laude
1040 5506 1093 5557 et
1123 5504 1388 5573 qualitate
1416 5502 1753 5560 obedientiaz.

503 5589 640 5648 Sola
668 5606 922 5664 namque
951 5588 1136 5646 virtus
1166 5594 1257 5646 cst
1285 5590 1637 5661 obedientia,
1675 5609 1802 5665 quae
1839 5595 2082 5656 virtutes

2192 4715 2537 4784 potestatem
2571 4710 2873 4782 suscipiat,
2925 4711 3217 4786 elinguem
3270 4732 3333 4771 se
3363 4731 3492 4772 esse
3541 4712 3794 4769 causatur.

2192 4798 2408 4855 Paulus
2435 4814 2667 4871 quoque
2694 4796 2974 4855 divinitus
3006 4801 3195 4857 fuerat
3214 4802 3568 4869 admonitus,
3599 4795 3794 4872 quando

2191 4887 2650 4960 Hierosolymam
2679 4889 2991 4944 ascendere
3021 4890 3274 4958 deberet,
3304 4892 3460 4949 sicut
3479 4892 3599 4963 ipse
3613 4881 3797 4944 Galatis

2191 4976 2361 5033 dicit:
2394 4976 2595 5032 Deinde
2616 4985 2737 5048 post
2766 4994 2940 5033 annos
2970 4980 3381 5051 quatuordeeim
3399 4983 3594 5037 iterum
3614 4970 3799 5033 escendi

2191 5066 2645 5137 Hierosolymam,
2702 5075 2975 5138 assumpto
3021 5070 3283 5125 Barnaba
3327 5077 3381 5125 et
3433 5071 3561 5126 Tito.
3605 5058 3800 5122 Aseendi

2193 5164 2378 5211 autem
2406 5155 2700 5211 secundum
2728 5156 3111 5213 reuelationem
3140 5160 3278 5228 (Gal.
3310 5164 3394 5227 ιι).
3444 5159 3611 5229 Isque
3645 5154 3697 5209 in
3725 5147 3800 5203 iti-

2192 5260 2328 5300 nere
2359 5260 2493 5299 cum
2518 5243 2862 5316 prophetam
2898 5246 3155 5319 Agabum
3178 5239 3505 5321 reperisset,
3537 5247 3801 5317 quantase

2191 5332 2517 5388 adversitas
2550 5332 2609 5387 in
2642 5333 3061 5407 Hierosolymis
3093 5340 3373 5402 maneret,
3406 5333 3640 5392 audivit.

2262 5421 2556 5494 Scriptum
2585 5422 2799 5493 quippe
2826 5427 2940 5478 est:
2981 5425 3168 5480 Virum
3193 5428 3345 5498 cujus
3375 5414 3804 5481 htecwizaest,sic

2189 5510 2499 5581 alligabunt
2531 5512 2591 5565 in
2635 5515 2946 5567 Jerusalem
2986 5513 3173 5569 ,Ιαιίίεὶ
3221 5515 3351 5587 (Act.
3403 5512 3539 5581 xm).
3581 5511 3625 5565 A
3650 5499 3804 5563 Paulo

2190 5604 2387 5656 autem
2418 5598 2686 5672 protinus
2716 5601 3130 5673 respondetur:
3150 5604 3259 5675 Ego
3272 5619 3377 5659 non
3393 5602 3570 5659 solum
3582 5591 3803 5666 alligari.

3940 84 3965 827 Ξ
