4102 6180
275 409 389 471 917

1223 408 1323 473 DE
1366 407 1816 473 VARIETATE
1860 408 2291 476 LIBRORUM.
2337 446 2414 458 --
2458 410 2605 477 LIB.
2650 412 2728 479 Il.

3560 374 3679 480 eis

269 547 358 609 sed
384 555 437 606 et
463 548 610 604 mori
632 546 694 602 in
721 542 1022 603 Jerusalem
1048 552 1277 618 paratus
1295 562 1417 601 sum
1440 562 1537 618 pro
1558 546 1778 602 nomine
1794 545 1922 601 Iesu
1949 544 2004 612 Α
2031 562 2148 603 nos.
2178 551 2241 602 In
2290 546 2533 605 Actibus
2562 547 2956 621 apostolorum
2988 546 3202 624 legitur
3231 506 3385 624 quod
3417 568 3551 609 cum
3582 570 3675 610 ve-

270 639 491 714 (lbid.);
543 634 917 708 nequeenim
975 634 1394 707 prastiosiorem
1453 634 1599 691 facio
1660 634 1917 691 animam

266 725 860 797 meam.Perceptione
875 723 1056 798 igitur
1071 724 1437 780 revelationis
1453 723 1916 797 Hierosolymam

261 834 530 894 pergens,
555 816 798 873 adversa
828 814 1141 887 cognoscit,
1166 816 1224 869 et
1244 818 1370 869 tum
1402 813 1649 870 libenter
1672 814 1913 885 appetit,

260 911 424 969 audit
452 924 583 981 qua;
613 906 833 973 timeat,
867 905 967 962 sed
1018 905 1090 961 ad
1140 904 1261 960 haec
1309 905 1604 961 ardentior
1657 903 1910 960 anhelat.

258 1002 485 1073 Moyses
513 997 711 1069 itaque
740 996 810 1051 ad
843 1011 1121 1067 prospera
1143 994 1215 1050 de
1249 1011 1355 1050 suo
1387 993 1532 1049 nihil
1563 993 1755 1061 habet,
1777 993 1916 1066 quia

256 1088 533 1163 precibus
564 1084 887 1142 remittitur
906 1102 977 1140 ne
999 1082 1327 1140 Israelitica
1360 1082 1512 1155 plebi
1544 1082 1908 1156 praeferatur.

255 1177 476 1236 Paulus
504 1176 749 1232 adversa
777 1173 953 1229 etiam
976 1190 1046 1229 ex
1074 1189 1181 1228 suo
1211 1175 1343 1228 voto
1366 1171 1776 1243 ducitur,quia
1795 1188 1893 1227 ma

256 1268 448 1325 lorum
472 1262 908 1321 imminentium
930 1260 1323 1335 cognitionem
1348 1260 1611 1333 percipit,
1628 1261 1727 1317 sed
1746 1262 1913 1315 devo-

253 1357 413 1413 tione
442 1353 685 1427 spiritus
718 1352 893 1408 etiam
925 1351 998 1407 ad
1042 1351 1266 1406 acriora
1314 1350 1598 1406 fervescit.
1635 1349 1735 1406 llle
1764 1368 1909 1422 prae-
1952 1395 1963 1403 .

249 1445 437 1504 sentis
467 1439 916 1515 principalitatis
966 1439 1235 1513 gloriam,
1269 1440 1386 1495 Deo
1426 1439 1693 1510 jubente,
1726 1439 1910 1495 voluit

247 1534 561 1593 declinare.
596 1532 732 1597 Iste,
764 1530 879 1586 Deo
909 1546 1116 1603 aspera
1160 1533 1217 1584 et
1264 1529 1412 1584 dura
1460 1528 1806 1601 spondente,
1847 1546 1909 1586 se

247 1621 480 1682 studuit
505 1621 577 1677 ad
608 1618 878 1693 graviora
897 1635 1241 1691 praeparare.
1267 1618 1567 1673 Prmeunte
1591 1634 1728 1691 ergo
1754 1622 1910 1673 utro-

243 1726 500 1784 rumque
529 1710 746 1766 ducum
785 1708 1031 1765 infracta
1076 1708 1309 1773 virtute,
1361 1707 1728 1763 instituimus
1760 1711 1824 1762 ut
1856 1706 1904 1763 si

247 1798 594 1859 obedientia:
616 1797 874 1870 palmam
897 1795 1332 1869 apprehendere
1347 1795 1627 1852 veraciter
1643 1796 1905 1863 nitimur,

2030 637 2215 692 nisset
2246 637 2457 695 Paulus
2488 638 2829 694 Corinthum
2854 657 2967 695 non
2991 640 3245 713 patiatur
3260 657 3321 696 se
3340 658 3677 713 permanere

2026 726 2141 781 nisi
2174 728 2327 799 apud
2359 728 2631 800 Aquilam
2664 733 2720 784 et
2748 728 3096 798 Priscillam,
3128 746 3193 785 eo
3224 730 3378 802 quod
3412 729 3676 801 ejusdem

2027 814 2169 871 artis
2199 821 2399 872 essent
2429 818 2667 889 opifices
2689 835 2865 890 quam
2889 823 2953 887 et
2982 818 3107 890 ipse
3132 817 3342 874 solitus
3372 823 3496 876 erat
3519 836 3679 875 exer-

2026 921 2172 960 cere.
2210 906 2295 961 Ita
2326 905 2482 961 enim
2516 907 2690 962 habet
2722 924 2735 960 :
2768 910 2893 963 Post
2940 908 3058 963 hsce
3104 908 3313 964 Paulus
3342 925 3583 980 egressus
3611 911 3681 966 ab

2023 994 2265 1063 Athenis,
2296 998 2445 1051 venit
2477 998 2795 1052 Corinthum
2827 1015 2844 1051 :
2875 1004 2926 1052 et
2954 997 3235 1052 inveniens
3263 998 3549 1069 quemdam
3576 999 3680 1054 Ju-

2022 1083 2205 1141 dwum
2232 1087 2453 1141 nomine
2500 1086 2775 1158 Aquilam,
2806 1088 3099 1141 Ponticum
3126 1102 3338 1157 genere,
3366 1095 3417 1143 et
3447 1089 3678 1144 Priscil-

2024 1174 2137 1229 lam
2166 1190 2393 1229 uxorem
2442 1175 2579 1245 ejus,
2614 1176 2841 1231 accessit
2892 1174 2962 1230 ad
3006 1192 3111 1244 eos,
3142 1192 3202 1232 eo
3251 1175 3392 1248 quod
3439 1176 3679 1247 ejusdem

2020 1272 2192 1320 essent
2221 1266 2378 1327 artis,
2411 1273 2462 1319 et
2492 1265 2744 1320 manebat
2772 1282 2897 1320 cum
2926 1267 3023 1336 eis,
3050 1273 3102 1321 et
3129 1267 3497 1338 operabatur:
3518 1274 3677 1322 erant

2019 1354 2167 1409 enim
2194 1356 2606 1425 seenofaetorz'ae
2632 1356 2770 1410 artis
2812 1357 2948 1422 (Act.
2982 1354 3162 1425 xvm).
3197 1355 3265 1409 Et
3296 1372 3411 1409 non
3442 1358 3672 1410 tantum

2020 1447 2293 1514 Operatus
2325 1447 2414 1497 est
2460 1447 2746 1514 quantum
2792 1442 2905 1507 soli
2945 1442 3077 1510 sibi,
3112 1443 3215 1498 sed
3246 1443 3420 1497 etiam
3451 1442 3544 1498 his
3574 1443 3674 1515 qui

2020 1547 2154 1586 cum
2185 1548 2251 1587 eo
2282 1535 2467 1596 erant,
2486 1532 2670 1603 possit
2692 1530 3290 1604 sufﬁcere.Scriptum
3314 1536 3404 1587 est
3434 1530 3590 1586 enim
3613 1531 3673 1587 in

2017 1618 2255 1675 Actibus
2305 1619 2703 1693 apostolorum
2759 1621 2935 1692 quod,
2999 1621 3316 1692 procedens
3366 1619 3561 1676 Mileto
3618 1624 3677 1677 et

2018 1709 2223 1763 exinde
2256 1708 2496 1764 mittens
2530 1708 2846 1780 Ephesum,
2879 1726 3317 1781 convocansque
3348 1710 3420 1764 ad
3451 1727 3514 1766 se
3544 1728 3673 1783 pre-

2017 1797 2281 1869 sbyteros
2331 1795 2597 1851 Ecclesiae
2645 1796 3052 1868 Ephesiorum,
3085 1804 3143 1853 et
3190 1798 3339 1854 dans
3388 1803 3674 1871 praecepta

245 1887 550 1965 prosperis
578 1887 761 1959 hujus
790 1884 986 1942 saeculi
1036 1902 1105 1941 ex
1150 1884 1276 1941 sola
1312 1884 1601 1956 jussione,
1646 1884 1904 1939 adversis
1942 1918 1987 1983 Β
2018 1885 2516 1957 quemadmodum
2539 1901 2735 1957 regere
2757 1885 3072 1941 Ecclesiam
3096 1886 3294 1953 Dei,se
3317 1887 3677 1955 absente,de-

246 1981 451 2036 autem
473 1976 648 2032 etiam
672 1991 741 2030 ex
762 1975 1064 2030 devotione
1086 1973 1752 2030 militemus.Sciendum
1777 1989 1909 2029 vero
1942 1973 1985 1983 ν
2018 1976 2240 2041 herent,
2275 1974 2355 2030 ait
2392 1973 2544 2030 enim
2572 1990 2583 2027 :
2613 1974 2901 2044 Argentum
2929 1981 2980 2029 et
3008 1991 3209 2029 aurum
3237 1975 3449 2030 nullius
3476 1992 3671 2031 concu-

245 2072 663 2139 estnunquam
683 2081 784 2137 per
799 2063 1191 2120 obedientiam
1206 2062 1428 2119 malum
1444 2061 1908 2133 fieri,aliquando
2012 2065 2151 2134 pivi,
2181 2065 2321 2119 sicut
2374 2065 2484 2134 ipsi
2524 2064 2695 2130 scitis,
2729 2063 2991 2135 quoniam
3020 2061 3090 2117 ad
3118 2079 3181 2117 ea
3212 2078 3339 2133 qua:
3368 2063 3510 2118 mihi
3538 2079 3671 2134 opus

245 2161 450 2215 autem
479 2155 651 2211 debet
680 2168 783 2226 per
828 2152 1219 2209 obedientiam
1266 2152 1489 2208 bonum
1530 2150 1685 2222 quod
1715 2149 1912 2221 agitur

242 2243 580 2303 intermitti.
614 2243 813 2315 Neque
843 2242 1000 2298 enim
1031 2240 1186 2297 mala
1216 2240 1273 2295 in
1306 2238 1576 2312 paradiso
1609 2239 1782 2294 arbor
1809 2255 1910 2295 ex-

241 2334 417 2402 stitit,
454 2349 631 2406 quam
659 2331 813 2388 Deus
834 2330 1079 2399 homini,
1101 2346 1173 2386 ne
1195 2327 1906 2401 contingeret,interdixit.

241 2424 360 2482 Sed
393 2426 462 2478 ut
490 2438 593 2494 per
623 2418 839 2476 melius
869 2418 1208 2475 obedientim
1248 2417 1521 2474 meritum
1556 2416 1731 2473 homo
1763 2417 1910 2473 bene

239 2512 522 2570 conditus
553 2512 854 2576 cresceret,
888 2507 1135 2581 dignum
1167 2508 1357 2563 fuerat
1388 2510 1452 2561 ut
1481 2506 1638 2561 hunc
1668 2505 1844 2561 etiam
1877 2522 1911 2560 a

238 2602 400 2659 bono
444 2598 798 2672 prohiberet,
832 2600 1126 2669 quatenus
1156 2600 1315 2652 tanto
1346 2596 1540 2651 verius
1594 2594 1703 2649 hoe
1752 2594 1907 2665 quod

240 2692 445 2764 ageret
471 2688 658 2744 virtus
679 2688 854 2753 esset,
875 2687 1095 2757 quanto
1118 2689 1174 2741 et
1198 2702 1231 2740 a
1249 2686 1401 2740 bono
1424 2700 1663 2740 cessans
1687 2682 1908 2738 auctori

242 2796 357 2836 suo
389 2794 454 2835 se
481 2776 787 2833 subditum
819 2772 1105 2830 humilius
1136 2772 1452 2829 exhiberet.

908 2897 1141 2955 CAPUT
1181 2899 1240 2952 L.

782 3016 856 3071 De
884 3030 1041 3087 opere
1066 3030 1352 3069 manuum.

317 3135 561 3207 Oportet
590 3131 747 3188 enim
801 3129 1049 3185 militem
1102 3127 1313 3184 Christi
1355 3128 1580 3200 operari
1630 3128 1906 3185 manibus

239 3224 397 3289 suis,
420 3223 503 3279 ita
531 3226 595 3276 ut
615 3218 977 3293 quibuslibet
1004 3217 1180 3273 variis
1210 3217 1538 3273 officiorum
1570 3216 1907 3285 artibus,la-

2017 2157 2195 2219 erant,
2229 2160 2280 2207 et
2307 2153 2393 2207 his
2423 2153 2521 2224 qui
2546 2168 2757 2206 merum
2803 2160 2951 2217 sunt,
2982 2152 3443 2207 ministraverunt
3474 2168 3671 2206 manus

2018 2243 2160 2298 istae.
2197 2241 2393 2296 Omnia
2429 2240 2638 2297 ostendi
2664 2242 2833 2308 vobis,
2869 2242 2999 2312 quia
3025 2242 3107 2295 sic
3136 2240 3444 2296 laborantes
3468 2248 3673 2312 oportet

2017 2333 2291 2402 suscipere
2318 2331 2562 2401 inﬁmos
2596 2330 2726 2401 (Act.
2761 2329 2876 2398 xx).
2905 2329 3052 2384 Nam
3083 2333 3141 2384 et
3171 2328 3361 2384 multa
3389 2327 3530 2385 vitia
3550 2346 3673 2385 am-

2020 2424 2186 2493 putat
2242 2419 2500 2492 Operatio
2550 2435 2855 2474 manuum.
2890 2418 3184 2489 Scriptum
3234 2421 3323 2473 est
3369 2417 3573 2473 enim:
3610 2420 3672 2474 In

2017 2510 2303 2565 desideriis
2332 2518 2409 2564 est
2438 2509 2613 2563 omnis
2643 2510 2865 2563 otiosus.
2889 2507 2958 2573 Et
2988 2507 3199 2562 iterum
3227 2524 3239 2562 :
3266 2506 3541 2563 Otiositas
3567 2506 3674 2563 ini-

2019 2600 2172 2654 mica
2198 2601 2291 2679 est
2320 2597 2547 2663 animze,
2581 2600 2637 2651 et
2666 2597 2851 2651 fomes
2897 2595 3254 2651 Sodomitica
3282 2611 3350 2650 ex
3380 2596 3674 2654 otiositate

2019 2688 2267 2744 crevisse
2299 2686 2690 2758 cognoscitur,
2727 2690 2791 2739 ut
2823 2684 3103 2756 propheta
3132 2683 3411 2755 loquitur,
3431 2684 3631 2741 dicens
3657 2701 3668 2741 :

2020 2778 2149 2833 Haec
2193 2775 2303 2831 fuit
2351 2774 2631 2846 iniquitas
2679 2774 2943 2830 Sodomae
2976 2773 3131 2845 quod
3164 2788 3372 2845 panem
3406 2788 3581 2829 suum
3610 2772 3671 2827 in
3703 2776 3709 2783 ‘

2019 2866 2325 2924 saturitate
2348 2869 2405 2920 et
2435 2864 2549 2920 otio
2574 2863 2959 2919 comedebant
2976 2862 3189 2930 (Ezeeh.
3214 2862 3351 2934 xvr).
3368 2861 3675 2918 Pertimes—

2018 2974 2221 3014 camus
2252 2955 2433 3028 igitur
2484 2952 2795 3009 otiositatis
2829 2951 3074 3018 malum,
3124 2950 3471 3008 insistemus
3501 2950 3674 3008 bonis

2019 3062 2303 3103 manuum
2348 3048 2680 3101 nostrarum
2734 3041 2965 3114 opibus,
2998 3038 3443 3114 Psalmographi
3484 3038 3672 3095 adim-

2020 3136 2243 3210 plentes
2274 3132 2626 3190 sententiam
2663 3148 2674 3187 :
2709 3132 2939 3187 Labores
2968 3147 3237 3186 manuum
3285 3138 3509 3185 tuarum
3541 3131 3674 3201 quia

2016 3224 2393 3291 mandueabis,
2438 3223 2623 3278 beatus
2650 3237 2706 3276 es
2730 3224 2783 3275 et
2812 3220 2942 3275 bene
2973 3220 3075 3274 tibi
3100 3220 3208 3273 erit
3229 3218 3403 3287 (Psal.
3437 3218 3668 3285 cxxvn).

237 3288 606 3383 boribusque
633 3288 911 3364 studium
950 3324 1125 3363 suum
1166 3306 1487 3378 impendat,
1530 3323 1783 3377 sequens
1820 3306 1906 3361 lo-
1938 3288 1979 3354 (ἶ
2017 3316 2181 3370 Sicut
2231 3288 2387 3368 enim
2420 3310 2649 3367 nullum
2685 3310 2861 3365 ferme
2892 3326 2925 3363 a
2955 3306 3056 3363 Dei
3087 3307 3267 3363 servis
3297 3305 3398 3383 otii
3435 3310 3670 3378 tempus

239 3404 523 3476 queutem
553 3397 900 3471 Apostolum
947 3395 1046 3468 qui
1077 3394 1219 3451 dicit
1251 3414 1263 3451 :
1297 3397 1474 3466 Neque
1501 3412 1698 3467 panem
1730 3396 1903 3466 gratis

236 3488 713 3555 manducavimus,
744 3485 835 3541 sed
864 3486 925 3540 in
956 3485 1138 3541 labore
1156 3493 1207 3540 et
1224 3486 1556 3555 fatigatione
1574 3491 1727 3539 nocte
1748 3492 1798 3539 et
1815 3483 1905 3538 die

238 3580 556 3636 laborantes
587 3576 635 3649 (l
668 3576 839 3630 Thess.
868 3573 973 3644 ιιι).
1005 3574 1075 3628 Et
1106 3573 1317 3629 iterum
1343 3590 1355 3627 :
1381 3575 1498 3645 Qui
1519 3588 1629 3628 non
1654 3574 1770 3628 vult
1790 3589 1911 3644 ope-

235 3669 365 3725 rari
392 3683 507 3721 non
533 3664 823 3719 manducet
855 3662 1063 3734 (Ibid).
1090 3662 1196 3717 Per
1226 3662 1410 3717 otium
1440 3662 1598 3717 enim
1632 3661 1907 3717 libidines

235 3762 291 3814 et
326 3753 641 3811 noxiarum
667 3750 1091 3824 cogitationum
1116 3750 1478 3806 nutrimenta
1501 3754 1905 3806 concrescunt.

237 3846 352 3902 Per
381 3841 599 3899 laboris
628 3857 761 3896 vero
811 3839 1149 3895 exercitium
1205 3840 1346 3894 vitia
1378 3838 1761 3898 nihilominus
1792 3838 1908 3894 ela-

235 3935 488 3990 buntur.
514 3928 861 3985 Patriarchaa
880 3945 1136 3999 namque
1160 3945 1364 4002 greges
1389 3931 1755 4000 paverunt,et
1774 3943 1911 3999 gen-

237 4022 377 4079 tiles
395 4018 727 4094 philosophi
748 4022 980 4073 sutores
998 4021 1054 4073 et
1069 4021 1323 4073 sartores
1343 4016 1673 4071 fuerunt.Et
1693 4015 1908 4088 Joseph

230 4112 463 4183 justus,
495 4106 590 4165 cui
638 4106 798 4180 virgo
849 4106 1033 4161 Maria
1081 4107 1434 4178 desponsata
1474 4103 1718 4174 exstitit,
1752 4105 1912 4160 faber

126 4184 129 4197 ’
238 4202 539 4259 ferrareae
558 4195 685 4251 fuit.
702 4195 761 4252 Si
780 4195 1015 4268 quidem
1036 4199 1093 4251 et
1109 4195 1314 4250 Petrus
1334 4191 1732 4266 apostolorum
1759 4193 1914 4265 prin‘

239 4304 383 4362 ceps
406 4284 715 4359 piscatoris
733 4283 914 4357 gessit
929 4283 1272 4351 officium,et
1294 4298 1499 4337 omnes
1522 4280 1769 4354 apostoli
1793 4278 1917 4359 cor:

235 4374 446 4452 porale
467 4390 617 4447 opus
642 4372 951 4440 faciebant,
976 4373 1130 4428 unde
1149 4371 1328 4427 vitam
1347 4371 1603 4443 corporis
1622 4374 1918 4444 sustentat

238 4463 471 4524 bant.Si
488 4463 667 4535 igitur
684 4465 861 4517 tanta:
876 4461 1241 4516 auctoritatis
1254 4460 1543 4529 homines,
1561 4458 1863 4515 laboribus
1883 4476 1914 4515 e

242 4553 527 4629 operibus
539 4553 714 4608 etiam
730 4550 1045 4606 rusticanis
1061 4549 1700 4621 inservierunt,quanto
1723 4548 1914 4622 magis

239 4662 378 4705 nos.
403 4659 554 4716 quos
584 4644 811 4714 oportet
832 4657 946 4695 non
970 4639 1164 4695 solum
1190 4640 1319 4694 vitae
1351 4643 1561 4696 nostrae
1582 4638 1914 4694 necessaria
1942 4655 1990 4720 D

238 4732 500 4808 propriis
538 4730 814 4786 manibus
845 4728 1135 4796 exhibere,
1173 4729 1274 4784 sed
1318 4728 1495 4784 etiam
1530 4726 1915 4798 indigentiam

246 4824 505 4880 aliorum
536 4818 837 4875 laboribus
870 4817 1086 4874 nostris
1118 4816 1370 4883 reficere,
1406 4816 1730 4872 secundum
1762 4816 1913 4887 Apo-

245 4910 475 4968 stolum
504 4908 795 4964 dicentem
827 4923 839 4962 :
877 4907 983 4975 Qui
1010 4908 1323 4979 furabatur,
1374 4905 1487 4974 iam
1535 4920 1645 4960 non
1673 4907 1913 4976 furetur,

243 5000 425 5072 magis
455 5004 637 5053 autem
668 4996 875 5052 laboret
902 4994 1171 5067 operando
1201 4994 1459 5049 manibus
1502 4994 1617 5047 suis
1650 4992 1791 5064 quod
1824 4994 1914 5048 bo-

241 5105 387 5144 num
413 5092 510 5153 est,
544 5094 603 5140 ut
635 5085 833 5140 habeat
862 5084 1010 5140 unde
1040 5085 1247 5139 tribuat
1293 5083 1664 5138 necessitatem
1697 5083 1915 5153 patien-

245 5176 403 5233 tibus
434 5172 647 5244 (Ephes.
673 5175 773 5241 ιν).
803 5173 948 5228 Nam
970 5177 1028 5228 et
1044 5171 1200 5228 idem
1222 5172 1427 5227 beatus
1452 5169 1751 5242 apostolus
1780 5170 1920 5225 Pau-

241 5264 344 5321 lus
358 5262 433 5318 ob
449 5260 557 5317 hoe
572 5260 847 5317 manibus
864 5261 988 5317 suis
1001 5263 1278 5333 operatus
1294 5262 1475 5327 est,ut
1495 5257 1663 5314 nobis
1681 5274 1921 5329 operan-

243 5351 309 5407 di
339 5350 623 5424 prmberet
653 5348 1008 5423 exemplum.
1040 5350 1133 5406 Ait
1163 5349 1319 5405 enim
1348 5348 1500 5402 inter
1529 5350 1773 5401 caetera:
1798 5348 1911 5402 Non

240 5441 407 5514 quasi
458 5454 570 5495 non
602 5439 957 5495 habuerimus
984 5446 1320 5511 potestatem,
1351 5435 1443 5491 sed
1474 5444 1535 5490 ut
1562 5437 1917 5507 nosmetipsos

240 5532 485 5600 fomlam
513 5526 772 5584 daremus
806 5529 953 5583 vobis
998 5527 1067 5582 ad
1114 5525 1449 5582 imitandum
1496 5540 1591 5579 nos
1636 5525 1710 5591 (II
1746 5525 1919 5579 Thess.

238 5615 575 5687 ut).Pandit
596 5632 837 5672 causam
865 5632 969 5671 cur
986 5620 1212 5671 tantum
1230 5613 1453 5669 laboris
1470 5611 1579 5667 sibi
1598 5611 1918 5685 indixerat:

2014 3403 2276 3476 excipere
2307 3400 2592 3467 convenit,
2627 3399 2709 3454 ita
2739 3396 3105 3453 meditationi
3150 3378 3386 3467 quidem
3417 3393 3669 3467 spiritali

2016 3493 2192 3549 ﬁnem
2224 3492 2544 3563 imponere.
2578 3489 2723 3543 Nam
2769 3486 2985 3559 pariter
3022 3500 3285 3541 exercere
3314 3500 3551 3539 necesse
3579 3486 3669 3539 est

2016 3581 2276 3654 corporis
2308 3579 2632 3649 animmque
2662 3578 2904 3631 virtutes
2936 3590 2949 3629 :
2983 3573 3284 3629 exterioris
3314 3571 3537 3633 scilicet
3557 3571 3667 3628 ho-

2017 3673 2195 3728 minis
2228 3668 2537 3742 stipcndia,
2565 3666 2859 3721 interioris
2889 3681 3021 3719 vero
3051 3661 3338 3735 spiritalia
3369 3660 3665 3717 alimenta.

2018 3764 2097 3818 De
2128 3761 2238 3816 hoc
2272 3759 2478 3815 beatus
2511 3756 2873 3829 Augustinus
2895 3752 3143 3809 eximius
3162 3752 3365 3809 doctor
3390 3751 3541 3806 inter
3563 3767 3667 3805 cae-

2017 3855 2144 3906 tera
2165 3850 2245 3904 ait
2270 3865 2280 3903 :
2306 3847 2544 3902 Cantica
2568 3863 2699 3900 vero
2727 3844 2921 3898 divina
2941 3846 3176 3898 cantare
3196 3840 3371 3897 etiam
3396 3838 3670 3895 manibus

2020 3943 2326 4011 operantes
2349 3935 2515 3991 facile
2544 3936 2870 4006 possunt,et
2890 3932 3082 4003 ipsum
3106 3930 3367 3985 laborem
3390 3933 3670 3999 tanquam

2022 4028 2215 4084 divino
2266 4025 2585 4081 celeumate
2634 4020 2943 4075 consolari.
2977 4022 3061 4074 An
3096 4019 3438 4090 ignoramus
3468 4033 3673 4072 omnes

2022 4117 2260 4189 Opifices
2291 4113 2348 4167 in
2381 4111 2597 4182 quibus
2629 4107 3006 4172 vanitatibus,
3031 4109 3089 4160 et
3120 4103 3465 4175 plerumque
3499 4103 3673 4157 etiam

2021 4201 2489 4277 turpitudinibus
2513 4196 2887 4253 textricarum
2913 4192 3242 4248 fabularum
3265 4192 3481 4245 donent
3502 4190 3677 4246 corda

2023 4298 2080 4351 et
2110 4292 2341 4364 linguas
2374 4305 2513 4344 suas
2540 4302 2673 4340 cum
2699 4300 2909 4338 manus
2936 4282 3007 4337 ab
3029 4295 3200 4352 opere
3220 4295 3332 4334 non
3357 4277 3676 4334 recedant?

2024 4382 2172 4450 Quid
2204 4396 2339 4452 ergo
2373 4375 2616 4448 impedit
2638 4389 2868 4430 servum
2892 4370 2991 4426 Dei
3017 4368 3290 4424 manibus
3314 4370 3646 4440 operantem
3651 4405 3676 4452 ε

2021 4473 2082 4529 in
2114 4472 2239 4543 lege
2269 4445 2497 4524 Domini
2526 4461 2891 4526 meditari,et
2913 4456 3159 4532 psallere
3188 4454 3409 4512 nomini
3444 4445 3676 4511 Domini

2022 4558 2296 4618 altissimi
2314 4558 2342 4611 ‘?

2663 4673 2896 4732 CAPUT
2937 4672 3022 4728 LI.

2027 4801 2175 4872 Quod
2203 4799 2346 4855 nihil
2390 4797 2467 4872 eis
2512 4793 2687 4865 prosit
2733 4788 3337 4872 quiofaeultateshsuas
3381 4784 3675 4872 abjieiunt,

2262 4872 2315 4925 si
2341 4858 2642 4923 voluntates
2667 4858 2922 4934 proprias
2949 4875 3060 4916 non
3091 4858 3432 4928 relinquunt.

2096 4985 2252 5042 Nihil
2284 4983 2401 5037 illis
2427 4980 2666 5053 prodest
2697 4976 2797 5049 qui
2834 4973 3139 5030 facultates
3169 4969 3475 5041 adjiciunt,
3502 4966 3551 5023 si
3581 4984 3680 5023 vo-

2025 5078 2281 5133 luntates
2332 5069 2595 5143 proprias
2644 5083 2764 5121 non
2818 5063 3175 5135 relinquunt,
3209 5075 3343 5114 cum
3393 5057 3471 5114 sit
3510 5056 3683 5130 longe

2027 5161 2404 5240 prmstantius
2424 5155 2823 5213 voluntatibus
2846 5151 3097 5225 prOpriis
3126 5148 3575 5219 renuntiareque
3600 5162 3685 5201 re-

2027 5235 2159 5312 bus.
2178 5254 2287 5307 lies
2311 5266 2452 5305 suas
2468 5246 2643 5302 etiam
2664 5243 2867 5299 mundi
2888 5241 3067 5311 hujus
3085 5236 3412 5311 philosophi
3433 5235 3685 5307 abjieere

2024 5342 2357 5417 potuerunt,
2391 5341 2447 5392 et
2482 5352 2632 5389 nunc
2665 5332 2914 5405 quilibet
2965 5327 3219 5384 hzeretici
3272 5329 3541 5399 possunt.
3574 5324 3682 5380 Sed

2028 5450 2131 5488 nec
2163 5430 2266 5495 illi,
2291 5444 2424 5482 cum
2459 5442 2578 5479 sua:
2608 5420 2892 5477 voluntati
2924 5420 3130 5475 fierent
3154 5421 3445 5472 amatores
3476 5430 3683 5469 secun-
3735 5458 3745 5469 .

2030 5524 2169 5577 dum
2202 5517 2561 5574 voluntatem
2595 5511 2694 5566 Dei
2726 5510 3014 5577 vixerunt,
3035 5512 3092 5563 et
3122 5507 3213 5562 isti
3251 5502 3558 5562 Dominicae
3586 5517 3684 5555 vo-

2034 5606 2242 5664 luntati
2276 5622 2395 5660 sure
2420 5599 2734 5657 voluntatis
2758 5599 2951 5654 studio
2975 5591 3528 5653 contradicunt.Non
3548 5604 3683 5660 ergo

240 5705 392 5777 Ideo,
424 5703 485 5761 in
502 5705 653 5776 quit,
686 5713 745 5761 ut
772 5707 1008 5777 formam
1036 5704 1287 5761 daremus
1320 5703 1463 5760 vobis
1494 5702 1562 5757 ad
1594 5682 1927 5756 inlitimdum
2035 5717 2103 5756 ea
2132 5715 2222 5753 res
2256 5711 2361 5751 nos
2394 5694 2509 5749 Deo
2532 5689 2921 5756 commendat,
2946 5704 3123 5761 quam
3145 5689 3201 5741 et
3222 5679 3442 5739 inimici
3474 5677 3574 5733 Dei
3601 5675 3682 5730 fa-
