4102 6180
508 307 627 383 919

911 315 1902 381 HAYMONIS'HALBEBSTAT.
1951 314 2198 378 EPISC.
2242 313 2415 377 OPP.
2459 311 2661 377 PARS
2702 313 2812 377 Ill.
2837 346 2917 359 -—-
2943 310 3484 376 MISCELLANEA.

3719 320 3812 389 920

510 447 691 519 ciunt,
716 449 817 507 sed
849 448 995 507 illud
1028 452 1185 524 quod
1213 469 1328 509 non
1352 452 1464 508 nisi
1487 469 1617 508 vere
1640 450 1953 511 Christiani
1975 454 2031 507 et
2055 467 2157 524 per
2182 449 2237 517 Α
2266 451 2354 504 est
2377 464 2411 503 a
2440 446 2820 507 saecularibus
2841 464 3081 521 prorsus
3104 446 3394 515 illecebris,
3410 450 3642 515 remotus
3660 450 3716 507 ab
3734 451 3816 519 ini-

502 529 619 623 boc
649 542 941 595 amatores
971 538 1073 597 Dei
1102 541 1433 615 proﬁciunt.
1454 540 1520 598 lli
1543 545 1682 598 sunt
1711 540 1813 613 qui
1841 539 2155 596 voluntati-

507 625 620 689 bus
651 627 774 683 suis
804 630 1094 703 rebusque
1124 630 1397 703 projectis
1427 648 1489 688 se
1527 648 1634 687 suo
1665 630 1906 686 creatori
1938 646 2008 685 ex
2038 633 2154 686 toto

504 715 680 771 corde
710 716 1050 789 subjiciunt,
1085 736 1151 775 ac
1197 737 1372 776 suum
1421 719 1564 777 velle
1595 738 1664 777 ex
1704 721 1831 793 ejus
1859 719 2156 776 voluntate

504 802 899 878 suspendunt,
932 812 989 862 et
1013 807 1141 864 ideo
1172 808 1458 883 quidquid
1490 810 1574 869 eis
1603 827 1812 866 sensus
1842 809 2036 867 carnis
2066 828 2155 867 se-

501 892 807 964 ‘q‘uendum
839 895 1286 971 faciendumque
1325 899 1704 972 suggesserit,
1728 898 1971 971 justitie:
2003 898 2157 971 capti

507 980 884 1043 delectatione
914 988 1316 1044 contemnunt.

844 1090 845 1093 ‘
1140 1076 1371 1136 CAPUT
1409 1077 1526 1135 LII.

507 1160 763 1239 Qualiter
787 1164 966 1220 vivere
992 1164 1219 1224 debeant
1264 1168 1361 1240 qui
1403 1168 1679 1225 Christum
1708 1169 1923 1227 imitari
1949 1170 2156 1227 deside-

1253 1265 1403 1315 rant.
1424 1260 1439 1265 ’⁷

510 1340 513 1345 ’
580 1340 649 1397 Et
681 1341 808 1399 ideo
838 1343 888 1400 si
917 1344 977 1405 in
1008 1344 1106 1402 illo
1137 1363 1264 1403 esse
1301 1348 1573 1407 volumus
1619 1350 1775 1424 quod
1824 1367 1951 1407 esse
1982 1351 2158 1407 debe-

508 1436 666 1500 mus,
698 1431 851 1490 sicut
877 1435 1133 1493 Joannes
1170 1437 1471 1512 apostolus
1521 1438 1662 1495 dicit
1693 1457 1706 1495 :
1738 1440 2015 1512 Quomodo
2063 1440 2160 1496 ille

506 1521 812 1583 ambulavit
841 1531 893 1581 et
917 1542 1014 1582 nos
1057 1528 1389 1598 spiritaliter
1434 1530 1774 1586 ambulemus
1807 1530 1855 1601 (I
1880 1530 2037 1587 Joan.
2070 1530 2154 1601 ιι).

506 1609 654 1695 Quid
676 1615 767 1668 est
791 1612 1095 1683 ambulare,
1117 1616 1270 1673 sicut
1290 1616 1387 1674 ille
1407 1617 1746 1687 ambulavit,
1767 1619 1882 1674 nisi
1905 1623 2161 1676 contem-

434 1700 443 1725 '
507 1717 652 1756 nere
674 1700 874 1759 omnia
919 1718 1198 1778 prospera
1243 1722 1370 1778 qum
1402 1707 1774 1779 contempsit,
1807 1724 1922 1762 non
1956 1706 2158 1764 timere

501 1788 753 1892 adversa
782 1807 909 1864 quae
940 1793 1197 1892 pertulit,
1220 1793 1469 1851 libenter
1497 1795 1684 1850 facere
1704 1811 1831 1867 quae
1854 1793 1988 1892 fecit
2008 1795 2152 1861 ﬁeri,
2194 1826 2237 1892 Β

508 1880 829 1953 docereque
873 1881 1188 1947 mandavit,
1236 1898 1469 1955 sperare
1520 1882 1963 1956 quie'promisit,
1996 1883 2162 1957 sequi

511 1985 626 2040 quo
657 1967 782 2041 ipse
813 1969 1417 2042 praecessit,praestare
1448 1971 1732 2033 beneficia
1760 1972 1932 2029 etiam
1967 1974 2160 2047 ingra-

509 2057 586 2112 tis
600 2057 628 2112 ?
646 2057 770 2115 Non
794 2057 1110 2119 retribuere
1131 2059 1456 2116 secundum
1480 2061 1688 2118 merita
1707 2079 1816 2118 sua
1837 2062 2157 2129 malevolis,

506 2150 568 2207 et
596 2165 760 2209 orare
790 2165 894 2222 pro
925 2147 1204 2218 inimicis,
1254 2166 1450 2211 amare
1489 2150 1695 2218 bonos,
1731 2151 1992 2208 misereri
2026 2169 2160 2226 per-

508 2236 716 2317 versis,
735 2237 979 2301 invitare
1000 2239 1292 2306 adversos,
1311 2239 1606 2313 suscipere
1629 2241 1688 2295 in
1721 2239 2000 2297 charitate
2022 2258 2160 2297 con-

506 2343 728 2394 versos,
758 2331 815 2393 et
843 2327 1249 2400 equanimiter
1278 2328 1394 2401 pati
1427 2327 1705 2386 subdolos
1758 2346 1823 2386 ac
1851 2330 2155 2403 superbos.

505 2485 519 2490 ,
578 2417 663 2474 Ad
689 2414 798 2474 hoc
818 2405 994 2479 etiam
1020 2415 1272 2489 pertinet
1290 2418 1446 2489 quod
1469 2416 1551 2474 ait
1573 2417 1875 2491 apostolus
1905 2418 2154 2476 Paulus:

506 2506 569 2576 Si
595 2506 1013 2565 consurrexistis
1064 2522 1184 2563 cum
1233 2504 1466 2574 Christo,
1496 2524 1564 2564 ea
1608 2522 1735 2579 quae
1778 2524 2001 2564 sursum
2028 2513 2161 2565 sunt

505 2584 757 2669 emite,
779 2596 879 2653 ubi
908 2588 1155 2653 Christus
1178 2603 1255 2652 est
1281 2594 1353 2652 ad
1379 2595 1657 2653 dexteram
1688 2598 1784 2653 Dei
1809 2596 1997 2654 sedens
2012 2597 2154 2667 (Col.

505 2678 612 2758 in).
648 2680 740 2747 Illi
770 2688 1088 2759 resurgunt
1112 2700 1247 2741 cum
1279 2678 1526 2752 Christo,
1561 2685 1660 2758 qui
1694 2687 2042 2757 moriuntur,
2078 2686 2156 2747 si-

504 2778 603 2834 cut
633 2764 755 2844 ille,
780 2777 1036 2849 peccato,
1056 2777 1112 2833 et
1132 2777 1326 2830 tamen
1349 2773 1722 2831 distinctione
1745 2776 2155 2849 servata,quod

504 2860 602 2931 ille
632 2866 902 2923 mortuus
933 2865 1022 2919 est
1045 2865 1429 2934 peccato,non
1452 2863 1695 2930 suo,sed
1729 2863 2156 2921 nostro.Unus-

506 2949 757 3027 quisque
787 2955 983 3017 autem
1015 2946 1281 3008 noetrum
1307 2968 1422 3008 non
1453 2952 1721 3008 omnium
1754 2953 2001 3008 moritur
2030 2971 2157 3026 pec-

507 3048 654 3111 cato,
677 3032 781 3100 sed
812 3050 939 3101 suo.
956 3038 1103 3108 Quid
1125 3043 1215 3098 est
1235 3043 1468 3114 peccato
1492 3039 1783 3109 mori,nisi
1804 3042 2155 3098 damnandis

504 3131 779 3206 operibus
821 3129 1061 3189 omnino
1109 3146 1225 3189 non
1275 3129 1509 3185 vivere?
1552 3128 1696 3186 nihil
1748 3130 2155 3203 concupiscere

2265 534 2522 605 micitiis,
2550 539 2809 595 remotus
2837 536 2911 592 ab
2931 534 3161 592 insidiis
3182 534 3399 603 alienis,
3416 541 3646 594 remotus
3662 556 3690 594 a
3706 540 3818 614 rapi-

2264 623 2356 680 nis
2382 623 2470 680 vel
2501 622 2917 685 occultioribus
2945 623 3034 685 vel
3062 624 3291 698 apertis,
3315 628 3550 681 remotus
3578 642 3607 681 a
3631 627 3817 685 malitiis

2264 712 2384 769 sive
2416 712 2732 787 perijuriis,
2786 709 3080 787 postremo
3125 718 3371 770 remotus
3400 714 3466 770 ab
3494 714 3632 771 omni
3656 732 3817 789 genere

2264 801 2620 876 ﬂagitiorum
2652 803 2772 859 sive
2804 803 3125 859 facinorum
3156 803 3364 876 quibus
3388 802 3663 859 carnaliter
3677 804 3818 861 viven-

2264 891 2566 948 tes-Deum
2621 892 2943 961 offendunt,
2978 896 3035 949 et
3084 886 3296 948 mertui
3337 895 3551 965 peccato
3590 908 3688 947 non
3729 910 3820 950 ser-

2263 978 2461 1049 viunt;
2485 979 2656 1049 sicut,
2687 980 2949 1054 inquam,
2968 997 3140 1038 carne
3171 985 3424 1059 mortuus
3455 995 3549 1036 nec
3575 981 3729 1037 facere
3751 998 3821 1054 po-

2264 1072 2377 1125 test
2405 1070 2519 1125 ista
2547 1084 2673 1141 quae
2705 1069 2844 1139 dixi,
2878 1087 2984 1127 nec
3013 1069 3154 1143 pati,
3187 1069 3267 1125 ita
3295 1067 3384 1125 bis
3410 1072 3465 1126 et
3491 1067 3677 1125 talibus
3704 1068 3820 1125 vitiis

2264 1156 2502 1215 omnino
2520 1172 2635 1222 non
2655 1158 2876 1227 vivunt,
2892 1157 2992 1232 qui
3024 1162 3088 1214 ut
3114 1157 3305 1215 vivant
3331 1157 3675 1226 Deo,carnem
3691 1152 3839 1214 suam'

2266 1263 2399 1303 cum
2431 1246 2586 1303 vitiis
2618 1251 2676 1303 et
2704 1245 3193 1320 concupiscentiis
3222 1244 3567 1320 crucifigent.

2884 1362 3120 1420 CAPUT
3160 1362 3298 1420 LIII.

2863 1471 2943 1525 De
2970 1468 3149 1524 activa
3174 1469 3309 1524 vita.

2336 1573 2537 1630 Activa
2563 1574 2681 1631 vita
2705 1579 2794 1630 est
2821 1574 3152 1631 studiosum
3183 1572 3392 1630 Christi
3422 1572 3673 1629 famulum
3689 1572 3827 1644 justi:

2265 1660 2537 1719 insistere
2557 1662 2876 1731 laboribus,
2895 1668 2952 1719 et
2970 1663 3134 1737 prius
3153 1662 3390 1736 quidem
3419 1661 3652 1736 seirsnm
3673 1663 3732 1725 ab
3747 1661 3828 1719 beo

2268 1750 2480 1809 saeculo
2508 1751 2956 1809 immaculatum
2987 1752 3302 1819 custodire,
3326 1753 3586 1818 mentem,
3605 1750 3827 1824 linguam,

2268 1856 2533 1907 manum,
2556 1856 2623 1896 ac
2652 1842 2916 1897 membra
2937 1840 3202 1913 corporis
3219 1844 3422 1897 cistera
3442 1840 3511 1897 ab
3533 1840 3671 1897 omni
3687 1838 3832 1912 inqui-

2269 1934 2545 1985 namento
2575 1928 2758 2003 culpa:
2788 1930 3071 1987 tentantis
3100 1928 3413 1999 continere,
3443 1947 3507 1986 ac
3533 1928 3713 1985 divinis
3736 1943 3830 2000 psu-

2269 2021 2442 2090 petuo
2474 2019 2791 2091 subjugare
2819 2018 3089 2075 servitus.
3120 2018 3339 2075 Deinde
3358 2018 3523 2075 etiam
3541 2016 3832 2090 proximius-

2266 2107 2417 2163 cessi
2426 2108 2831 2179 tatibusjuxta
2848 2109 3000 2165 vires
3019 2106 3647 2175 succurrere,esurienti
3665 2106 3831 2171 cibum,

2268 2200 2471 2268 potum
2494 2195 2736 2264 sitienti,
2753 2197 2968 2271 algenti
2990 2195 3651 2254 vestitum.Ministrando
3664 2194 3830 2267 egenis,

2265 2300 2562 2358 vagosque
2577 2286 2637 2341 in
2657 2286 2898 2343 domum
2919 2285 3566 2360 recipiendo,initrmum
3587 2283 3832 2346 visitando,

2267 2377 2567 2430 mortuum
2607 2374 2959 2447 sepeliendo,
2991 2375 3293 2449 eripienda
3341 2375 3561 2448 inopem
3598 2374 3659 2437 de
3697 2378 3832 2427 manu

2267 2462 2523 2519 fortioris
2552 2464 2703 2535 ejus.
2734 2465 2997 2537 Egenum
3027 2468 3088 2521 et
3132 2478 3449 2537 pauperem
3488 2481 3521 2520 a
3546 2460 3835 2536 rapientibus

2267 2566 2401 2609 eum
2433 2553 2711 2621 eruenda,
2743 2553 2958 2609 erranti
2990 2552 3145 2609 viam
3172 2551 3434 2613 veritatis
3462 2549 3833 2615 ostendendam

2265 2641 2486 2697 caeteris
2499 2658 2559 2699 se
2570 2644 2760 2697 manci
2768 2641 2961 2715 pando
2974 2642 3245 2698 fraterna
3258 2641 3572 2699 dilectionis
3583 2635 3833 2711 obsequiis,

2265 2730 2508 2804 insuper
2536 2734 2593 2788 et
2622 2747 2811 2804 usque
2839 2730 2913 2787 ad
2945 2735 3192 2787 mortem
3228 2748 3334 2805 pro
3354 2730 3579 2804 justitia
3602 2727 3831 2787 cei-tando.

2885 2845 3119 2905 CAPUT
3157 2847 3303 2906 LIV.

2752 2955 2828 3009 De
2847 2955 3276 3026 contemplativa
3304 2954 3434 3011 vita.

2335 3059 2795 3133 Contemplativa
2822 3061 2949 3117 vita
2970 3064 3061 3116 est
3079 3060 3427 3118 cbaritatem
3449 3059 3662 3134 quidem
3686 3060 3732 3113 et
3748 3069 3838 3126 pro-

2276 3148 2417 3205 ximi
2451 3153 2570 3205 tota
2601 3152 2794 3206 mente
2825 3149 3095 3217 retinere,
3143 3150 3251 3206 sed
3283 3151 3355 3206 ab
3403 3145 3647 3206 exteriori
3673 3142 3841 3201 actione

503 3192 835 3289 carnal'iter,
851 3218 1000 3277 nihil
1033 3218 1276 3288 ambire,
1298 3221 1362 3273 ut
1392 3217 1476 3275 sic
1507 3222 1777 3275 mortuus
1808 3236 1981 3275 carne
2012 3208 2155 3275 nulli

2454 3192 2570 3205 ων,
2601 3192 2794 3206 ...νων
2825 3192 3095 3217 “mw”,
3143 3192 3251 3206 ..νυ
3283 3192 3355 3206 ..υ
3403 3192 3647 3206 ww..."
3674 3192 3837 3201 _.-____

2277 3237 2595 3310 quiescere,
2630 3236 2738 3293 soli
2767 3237 3057 3293 desiderio
3085 3237 3418 3295 Conditoris
3439 3228 3842 3299 inhaererentnio

493 3311 623 3393 jam
649 3306 923 3375 detrahit,
942 3306 1171 3366 nullum
1199 3310 1505 3385 aversatur
1525 3311 1627 3364 aut
1657 3307 2154 3380 despicit,nullius

498 3399 843 3483 pudicitiam
855 3395 1068 3455 callida
1080 3396 1571 3453 circumventione
1584 3397 2155 3471 corrumpit,nemini

495 3487 788 3547 violentus
815 3484 1034 3555 existit,
1075 3484 1370 3547 neminem
1404 3484 1801 3542 calumniatur
1829 3490 1930 3542 aut
1960 3489 2155 3560 oppri-

498 3576 645 3646 mit;
691 3593 806 3635 non
838 3568 1057 3631 invidet
1086 3574 1277 3640 bonis,
1311 3577 1413 3630 aut
1462 3573 1705 3631 insultat
1737 3575 1993 3632 afﬂictis.
2030 3577 2155 3632 Non

497 3654 742 3727 luxuria
792 3663 990 3720 carnis
1038 3660 1296 3730 inservit,
1330 3678 1445 3718 non
1474 3662 1802 3720 vinolentia
1835 3664 2068 3722 deditus
2096 3666 2156 3722 in

414 3748 419 3751 ’
503 3770 567 3810 se
592 3750 830 3811 bibendi
860 3749 1022 3808 sitim
1051 3748 1303 3806 bibendo
1336 3750 1524 3829 magis
1546 3768 1612 3807 ac
1639 3752 1827 3829 magis
1850 3755 2114 3810 accendit
2140 3774 2153 3825 ;

504 3857 623 3898 non
654 3839 920 3903 odiorum
944 3837 1203 3896 fascibus
1223 3826 1555 3909 inardescit,
1572 3826 1687 3897 non
1708 3843 2055 3915 compendia
2076 3844 2159 3900 in-

499 3918 666 4010 juste
684 3930 960 3999 sectatur,
977 3944 1093 3985 non
1115 3928 1451 4001 potentibus
1471 3946 1537 3985 ac
1560 3930 1837 3989 divitibus
1860 3930 2154 4002 adulatur,

510 4035 631 4087 non
660 4016 924 4092 inquieta
964 4016 1298 4085 curiositate
1346 4022 1632 4092 raptatur,
1665 4037 1781 4075 non
1826 4021 2157 4079 domesticas

508 4098 929 4169 sollicitudinis
947 4123 1089 4165 cura
1106 4106 1481 4178 distenditur,
1498 4124 1613 4165 non
1644 4106 1921 4165 ofﬁciosis
1952 4127 2159 4166 occur-

438 4198 450 4208 “
509 4197 767 4261 rentium
795 4194 1247 4262 salutationibus
1279 4192 1740 4265 delectatur,nec
1770 4198 2157 4270 superborum

507 4284 744 4360 injuriis
775 4285 1086 4358 fatigatur;
1112 4302 1228 4341 non
1248 4302 1384 4343 eum
1407 4285 1681 4357 superbia
1703 4286 2009 4358 inﬂat,non
2032 4305 2159 4343 am-

498 4364 651 4447 ψίο
680 4376 921 4431 νθειίθεε,
965 4371 1309 4446 praecipitat,
1356 4390 1475 4430 non
1519 4389 1667 4430 vana
1696 4373 1883 4448 gloria
1910 4376 2160 4450 turpiter

496 4465 828 4537 jactat,non
840 4460 1197 4519 desiderium
1211 4460 1475 4534 gloriosae
1491 4461 1785 4534 opinionis
1806 4460 2156 4533 inﬂammat,

2263 3324 2348 3381 bil
2377 3341 2546 3397 agere
2563 3325 2870 3394 libeat,sed
2894 3324 3135 3381 calcatis
3153 3326 3317 3384 curis
3333 3324 3595 3384 omnibus
3608 3321 3673 3377 ad
3690 3318 3837 3375 viden-

2263 3414 2400 3471 dam
2432 3415 2639 3471 faciem
2668 3414 2759 3470 sui
2783 3413 3076 3471 Creatoris
3096 3414 3684 3475 animus'inardescat,
3711 3408 3775 3464 ita
3794 3407 3840 3463 ut

2257 3504 2382 3575 jam
2404 3489 2625 3559 noverit
2638 3503 2832 3560 carnis
2851 3502 3255 3577 corruptibilis
3269 3504 3498 3576 pondus
3514 3517 3635 3556 cum
3650 3507 3838 3553 merere

2240 3662 2241 3665 η
2264 3596 2516 3664 portare,
2530 3590 2789 3663 totisque
2807 3591 3113 3649 desideriis
3134 3596 3410 3666 appetere
3430 3589 3537 3647 illis
3559 3580 3840 3661 hymnidicis

2265 3679 2608 3753 angelorum
2638 3679 2832 3737 choris
2875 3680 3178 3748 interesse,
3225 3678 3535 3739 admisceri
3579 3671 3837 3735 caelestibus

2266 3768 2510 3837 civibus,
2532 3770 2612 3825 de
2641 3773 2859 3826 aeterna
2887 3768 2948 3825 in
2979 3775 3299 3843 conspectu
3353 3769 3454 3827 Dei
3486 3759 3839 3837 incorruptione

2258 3857 2540 3931 gaudere.
2908 3927 2933 3931 ι
2960 3930 2963 3931 γ
2988 3928 3009 3931 Α
3035 3928 3130 3931 ___
3174 3929 3193 3931 _
3218 3924 3267 3931 _
3559 3889 3564 3893 -

2897 3927 3131 3986 CAPUT
3170 3927 3287 3985 LV.

2262 4040 2412 4109 Quae
2438 4043 2490 4109 et
2513 4043 2727 4109 ᾳααηιαᾲ
2745 4037 2820 4091 sit
2864 4037 2925 4109 in
2967 4037 3071 4091 hac
3111 4052 3281 4092 carne
3323 4038 3457 4109 vita
3486 4025 3841 4109 ωγκρᾳιριαξίιω

2331 4102 2623 4180 perfectio._
2645 4107 2737 4171 vel~
2759 4108 2998 4179 qualiter
3025 4109 3084 4162 ei
3108 4105 3438 4180 perfruendi
3464 4102 3646 4161 mundi
3664 4103 3839 4155 contem:

2332 4177 2510 4249 ptores
2542 4177 2872 4236 inhaereant.
3109 4177 3126 4180 ⁷
3207 4177 3216 4179 “
3424 4230 3425 4233 η

2250 4271 2265 4307 ί
2338 4282 2584 4340 Proinde
2608 4283 2736 4341 vitai
2769 4283 3231 4358 contemplativa
3263 4286 3513 4341 sectator
3540 4281 3604 4338 ad
3632 4269 3839 4333 Condito-

2262 4381 2389 4429 rem
2416 4390 2592 4429 suum
2624 4371 2795 4429 corde
2818 4371 3245 4430 illuminandus
3272 4367 3633 4444 acoedat,ipsi
3650 4364 3843 4423 contem-

2266 4459 2481 4534 plando
2503 4467 2677 4535 atque
2698 4460 3109 4518 insatiabiliter
3126 4461 3478 4534 perfruendo
3502 4456 3764 4531 vigilanter
3779 4447 3840 4501 in-

505 4569 622 4608 non
656 4549 953 4607 distinctio
982 4548 1155 4606 alieni
1188 4553 1352 4606 actus
1384 4548 1680 4622 illaqueat,
1715 4568 1831 4607 non
1864 4553 1936 4608 ad
1968 4553 2153 4610 socie-
2186 4564 2233 4630 Β
2265 4550 2494 4608 serviat.
2529 4551 2728 4624 Ipsum
2752 4551 2975 4625 jugiter
3004 4550 3402 4624 concupiscat,
3428 4566 3529 4623 pro
3558 4557 3728 4602 amore
3749 4537 3842 4633 eju's

501 4645 682 4698 tatem
703 4636 1089 4712 turpitudinis
1109 4638 1642 4705 amerinvitat,non
1666 4639 1856 4696 rabies
1878 4639 2157 4699 immanis
2266 4640 2467 4696 omnia
2498 4640 2713 4714 quibus
2744 4640 2880 4696 inde
2908 4640 3087 4696 averti
3118 4644 3311 4713 potest
3331 4638 3715 4714 fugiat,omnes
3730 4636 3842 4714 c031-

500 4728 719 4789 t'urOri’s
734 4728 1016 4802 exagitat,
1034 4740 1155 4787 non
1173 4730 1656 4798 sumptuosarum
1678 4727 2020 4785 deliciarum
2038 4734 2157 4787 stu-

503 4819 668 4876 dium
699 4820 935 4884 mactat,
969 4826 1084 4872 non
1120 4814 1301 4871 ardor
1325 4814 1606 4871 animosis
1637 4817 2028 4875 contentionis
2058 4836 2152 4875 cx-

498 4906 745 4967 animat.
759 4907 885 4964 Non
912 4904 1055 4965 facit
1072 4904 1473 4977 impudentem
1500 4904 1765 4972 audacia,
1780 4904 2048 4978 iniquum
2072 4907 2156 4963 in-

491 4994 750 5066 iustitia,
784 4995 971 5052 ferum
1024 4992 1416 5060 inclementia,
1468 4990 1691 5049 varium
1740 4992 2150 5062 inconstantia,

500 5082 853 5154 pertinacem
867 5080 1426 5145 eontumacia,insan
1436 5098 1533 5137 um
1547 5098 1717 5138 vesan
1727 5076 2152 5150 ia,deliciosum

434 5188 441 5191 ‘
498 5169 657 5243 gula,
672 5170 945 5228 rebellem
960 5169 1375 5237 inobedientia,
1398 5187 1612 5227 vanum
1625 5171 1933 5242 jactantia,
1948 5172 2148 5231 infide-

492 5258 616 5316 rlem
658 5259 927 5330 perﬁdia,
975 5259 1165 5316 lenem
1223 5258 1491 5327 felicitas,
1540 5276 1756 5315 saevum
1807 5260 2143 5330 crudelitas,

499 5347 929 5409 manduconem
948 5351 1181 5419 turpem
1202 5348 1478 5414 edacitas,
1498 5347 1899 5421 impatientem
1924 5351 2148 5407 mobili-

497 5441 608 5501 tas,
642 5432 916 5491 mobilem
949 5434 1321 5505 instabilitas,
1347 5453 1562 5509 vagum
1593 5434 1873 5509 spiritalis
1904 5439 2147 5496 infirmi-

492 5530 608 5597 tas,
626 5523 972 5581 iracundum
987 5521 1351 5595 animositas,
1366 5524 1759 5597 suspiciosum
1773 5527 2141 5599 perversitas,

491 5616 805 5678 verbosum
822 5609 1372 5683 vanitas,ir-risorem
1393 5612 1864 5686 malignitas.Qui
1886 5621 2145 5675 remotus

2251 4712 2687 4787 .‘tationesisuas
2717 4746 2783 4783 ac
2835 4731 3017 4785 totam
3049 4712 3214 4803 spem
3246 4745 3316 4783 ex
3346 4712 3504 4782 illius
3531 4712 3843 4808 delectatione

2264 4816 2943 4889 suspendat,litterarum
2966 4816 3294 4877 divinarum
3319 4813 3501 4871 sacris
3520 4803 3843 4867 meditationi-

2259 4903 2374 4963 bus
2404 4910 2584 4973 vacet,
2620 4905 2677 4960 in
2711 4905 2795 4963 eis
2820 4923 2884 4962 se
2916 4905 3195 4962 divinitus
3244 4903 3605 4963 iiluminatus
3631 4889 3842 4952 oblectet.

2262 4995 2339 5051 ibi
2361 5012 2422 5052 se
2440 4999 2624 5051 totum
2642 4994 2800 5051 velut
2823 4996 2879 5051 in
2904 4995 3141 5069 speculo
3162 4994 3418 5068 quodam
3440 4987 3842 5069 refulgente“)?

2261 5083 2495 5151 sideret,
2529 5085 2681 5156 quod
2714 5083 2774 5139 in
2805 5101 2867 5143 se
2897 5066 3143 5158 pravum
3172 5066 3609 5157 deprehenderit
3626 5066 3840 5158 corrigat:

2256 5172 2412 5245 quod
2448 5150 2669 5228 rectum
2698 5150 2917 5242 teneat:
2931 5173 3086 5247 quod
3118 5150 3376 5235 deforme
3407 5165 3709 5240 componat,
3723 5150 3842 5247 QII-0d

2256 5242 2568 5335 pulchrum
2599 5266 2804 5330 servet,
2837 5242 2992 5334 quod
3025 5280 3236 5320 sanum
3278 5257 3521 5326 excolat,
3550 5250 3689 5329 quod
3717 5242 3840 5301 inﬁr-

2255 5366 2420 5407 mum
2455 5348 2693 5405 assidua
2718 5348 2965 5408 lectione
2992 5350 3344 5408 corroboret.
3377 5338 3602 5404 Domini
3629 5334 3709 5394 sui
3727 5345 3840 5407 Ρη·

2254 5443 2421 5511 cepta
2441 5438 2883 5512 infatigabiliter
2900 5439 3075 5513 legat,
3101 5435 3520 5513 inexplebiliter
3541 5428 3740 5498 diligat,
3753 5413 3844 5475 eﬂi-

2254 5527 2470 5584 caciter
2499 5527 2756 5601 impleat,
2777 5532 2834 5584 et
2862 5528 3001 5601 quid
3036 5528 3146 5585 sibi
3179 5525 3516 5593 cavendum,
3540 5516 3841 5601 quidvesec-

2252 5611 2498 5673 tandum
2530 5596 2608 5672 sit
2644 5615 2718 5671 ab
2749 5615 2832 5672 eis
2864 5596 3223 5677 sufﬁcienter
3250 5614 3564 5673 instructus
3589 5596 3836 5679 θὸηοεοθί·
