4102 6180
372 329 484 390 921

1320 328 1920 392 DEVARI‘ETATE
1966 329 2402 410 LlBltORUM.
2451 363 2526 376 --
2572 330 2718 394 LlB.
2764 330 2868 409 ll.

3659 338 3776 430 ses

372 462 666 537 Mysteriis
695 461 1036 521 earumdem
1068 463 1400 521 divinarum
1432 463 1868 538 Scripturarum
1899 479 2025 537 per-
2053 468 2108 536 Α
2138 462 2588 538 contemplativa
2619 465 2916 540 fastigium
2943 485 2956 536 ;
2990 465 3113 524 hinc
3143 467 3282 525 facit
3313 467 3612 530 hominem
3641 490 3775 530 san-

370 552 708 610 scrutandis
756 552 1011 621 insistat,
1055 553 1354 610 Christum
1404 554 1480 608 ibi
1533 554 1891 626 promissum
1939 553 2018 609 le-

368 647 491 714 gat,
515 645 994 715 repraesentatum
1017 643 1228 711 videat,
1259 642 1601 716 prophetam
1632 643 2019 714 perditionem

369 731 572 804 populi
631 731 995 787 contumacis
1047 730 1356 804 intelligat,
1404 731 1635 803 impleri
1679 730 1898 803 lugeat,
1949 731 2020 786 de

370 820 560 876 salute
617 819 881 892 gentium
940 821 1211 894 gaudeat.
1245 821 1326 876 Ex
1356 819 1662 893 praeteritis
1699 837 1826 892 quae
1875 836 2019 892 prae-

370 908 530 963 dicta
559 912 616 964 et
643 907 886 980 impleta
909 913 1124 975 teneat,
1149 909 1362 964 futuris
1384 908 1876 981 promissionibus
1897 925 2018 963 cre-

369 998 492 1053 dat.
523 997 609 1053 Ab
641 997 882 1070 strepitu
917 998 1285 1074 negotiorum
1306 997 1675 1055 saecularium
1697 997 2019 1056 remotissi-

373 1102 508 1142 mus
541 1102 608 1142 ea
640 1086 922 1142 ferventer
951 1085 1237 1158 excogitat
1269 1087 1487 1159 quibus
1530 1088 1794 1142 animum
1844 1103 2019 1142 suum

373 1175 436 1230 in
469 1174 825 1231 desiderium
874 1175 1081 1230 futura;
1133 1176 1624 1233 remunerationis
1670 1175 2016 1241 inflammet,

375 1264 591 1320 studiis
621 1263 1004 1336 spiritalibus,
1039 1264 1254 1336 quibus
1285 1266 1344 1320 in
1375 1266 1500 1321 dies
1532 1265 1796 1338 singulos
1819 1263 2022 1320 melior

375 1370 444 1409 ac
475 1353 683 1409 melior
712 1353 833 1420 fiat,
853 1353 1131 1427 invigilat.
1151 1356 1320 1410 Amet
1335 1355 1520 1410 otium
1553 1359 1800 1420 sectum,
1823 1352 1882 1408 in
1905 1370 2020 1426 quo

374 1446 638 1498 exerceat
663 1441 868 1497 animae
891 1459 1010 1498 sum
1045 1445 1365 1517 negotium,
1386 1447 1685 1499 mortuum
1715 1443 1826 1499 sibi
1848 1443 2026 1515 depu-

373 1535 457 1587 tet
487 1531 798 1599 mundum,
822 1549 888 1588 ac
919 1549 981 1588 se
1012 1532 1218 1587 mundi
1247 1532 1601 1588 blandientis
1621 1532 1909 1589 illecebris
1933 1548 2025 1588 ex-

375 1620 576 1677 hibeat
605 1619 966 1677 crucifixum.
983 1620 1368 1678 Delectatione
1394 1619 1858 1695 spectaculorum
1885 1638 2026 1694 prm-

376 1711 636 1768 sentium
677 1709 1212 1783 incomparabiliter
1248 1714 1564 1783 anteponat
1611 1709 1701 1766 sui
1736 1711 2024 1767 Creatoris

372 1799 676 1868 intuitum,
703 1816 934 1872 semper
962 1800 1381 1872 proficientem,
1410 1815 1748 1855 successum
1780 1799 1838 1854 in
1864 1799 2025 1855 fasti-

375 1883 542 1964 gium
576 1890 782 1945 divinae
814 1888 1327 1962 contemplationis
1348 1888 1594 1944 attollat.
1621 1889 1930 1962 Nunquam
1957 1889 2028 1943 ad

376 1971 745 2036 momentum
772 1977 1009 2052 quidem
1033 1997 1065 2034 a
1088 1977 1577 2050 promissionibus
1602 1977 1814 2034 futnris
1835 1978 2031 2034 consi-

379 2067 654 2126 derandis
668 2083 905 2123 aversus
920 2068 991 2122 ad
1012 2071 1243 2124 terrena
1263 2067 1555 2139 respiciat.
1573 2068 1650 2122 Eo
1673 2067 1857 2123 aciem
1874 2084 2031 2121 men-

379 2157 456 2214 tis
483 2157 880 2213 indesinenter
917 2156 1200 2223 intendat,
1234 2173 1350 2230 quo
1391 2156 1690 2230 pervenire
1715 2156 2028 2213 desiderat.

381 2246 812 2304 Beatitudinem
834 2247 962 2301 vitae
984 2246 1191 2301 futurae
1213 2249 1346 2302 ante
1367 2245 1566 2302 oculos
1589 2246 1767 2301 animi
1784 2246 1874 2301 sui
1898 2263 2031 2318 pro-

381 2341 561 2412 ponat
589 2340 646 2392 et
674 2334 897 2408 diligat.
930 2339 1044 2390 Nec
1075 2338 1301 2391 metuat
1332 2335 1552 2408 aliquid
1579 2334 1897 2408 temporale
1929 2353 2033 2391 nec

381 2427 600 2500 cupiat,
625 2442 697 2482 ne
717 2429 820 2481 aut
852 2428 1041 2481 metus
1067 2425 1407 2481 amittendae
1432 2424 1514 2482 rei
1553 2424 1914 2498 temporalis,
1933 2429 2036 2482 aut

382 2515 675 2588 cupiditas
706 2514 1076 2586 acquirendae
1122 2512 1205 2568 rei
1235 2513 1618 2570 intentionem
1664 2513 1877 2570 mentis
1906 2515 2033 2586 ejus

383 2603 663 2662 emolliat.
689 2604 814 2660 Non
835 2619 968 2658 eum
1006 2601 1222 2663 blanda
1241 2608 1641 2676 corrumpant,
1667 2621 1770 2660 nec
1790 2604 2035 2660 adversa

383 2693 742 2762 concutiant,
775 2710 890 2749 non
922 2692 1086 2750 inﬂet
1115 2693 1311 2765 opinio
1344 2694 1622 2759 secunda,
1659 2709 1764 2749 nec
1795 2692 2037 2750 sinistra

383 2784 473 2856 dej
485 2784 638 2850 lci-at,
653 2799 759 2839 nec
769 2780 917 2838 falsa
926 2781 1405 2854 vituperatiosive
1419 2781 1698 2849 laudatio,
1715 2785 2038 2855 autaugeat

385 2873 600 2948 gaudia
629 2873 778 2944 ejus,
804 2875 907 2927 aut
932 2871 1182 2928 minuat.
1209 2871 1334 2927 Non
1363 2872 1616 2945 gaudeat
1645 2872 1716 2928 de
1743 2874 2035 2943 tempora.

385 2963 546 3022 lidus
577 2960 816 3018 omnino
842 2977 947 3016 nec
977 2961 1198 3033 lugeat.
1235 2957 1387 3016 inter
1413 2961 1542 3018 laeta
1570 2977 1640 3016 ac
1671 2960 1864 3017 tristia
1888 2960 2037 3017 invi-

388 3055 518 3109 ctus
549 3068 728 3108 unam
760 3051 965 3108 faciem
1017 3049 1198 3107 animi
1250 3048 1726 3107 constantissime
1756 3050 2035 3118 obtineat,

389 3159 496 3199 nec
527 3140 746 3213 pectori
775 3141 904 3210 ejus
939 3138 1210 3197 stabilem
1235 3140 1572 3195 firmitatem
1594 3138 1881 3212 quidquid
1903 3156 2036 3212 pro-

2130 556 2313 620 ctum,
2348 552 2448 609 illa
2478 557 2817 626 perfectum.
2847 556 3035 627 Hujus
3065 557 3190 612 vitae
3240 561 3330 614 est
3360 559 3505 615 nulli
3537 578 3776 632 prorsus

2131 641 2381 713 injurias
2412 643 2668 717 irrogare
2697 663 2709 712 ;
2742 643 2827 700 illi
2871 651 3138 718 erogatas
3167 647 3573 718 aequanimiter
3596 651 3780 706 susti-

2133 732 2800 806 nere.lmo,utproprius
2821 735 3344 800 dicam,exsecutor
3368 736 3564 792 activae
3585 739 3782 794 studet

2131 817 2188 872 in
2209 835 2271 873 se
2295 825 2630 890 peccantem
2654 823 2966 891 dimittere,
2986 823 3447 895 contemplativa:
3458 841 3591 881 vero
3604 831 3782 882 secta-

2130 909 2223 961 tor
2243 909 2481 965 offensis
2504 911 2719 981 quibus
2737 911 3008 982 pulsatur
3032 928 3135 967 nec
3159 913 3398 967 omnino
3431 913 3780 979 concutitur,

2130 993 2402 1068 ignorare
2448 998 2636 1071 magis
2695 1005 2936 1073 paratus
2996 1017 3174 1073 quam
3220 1001 3456 1057 donare.
3493 1001 3606 1058 iste
3635 1003 3784 1059 iram

2131 1085 2424 1155 patientiae
2449 1087 2656 1144 virtute
2678 1090 3017 1162 compescit,
3037 1090 3438 1147 immoderatis
3459 1091 3789 1164 cupiditati-

2130 1171 2242 1228 bus
2266 1175 2638 1246 parcimonire
2651 1177 2882 1234 frenum
2902 1180 3785 1253 imponit.Tangiturdesideriis

2131 1264 2464 1321 carnalibus
2480 1282 2582 1322 nec
2597 1267 3366 1341 consentit,pulsaturhujus
3379 1270 3586 1324 mundi
3599 1271 3788 1330 curio.

2132 1355 2304 1411 sitate
2333 1372 2439 1412 nec
2470 1355 2996 1429 rapitur,quatitur
3024 1357 3316 1414 diabolica
3345 1355 3785 1430 impugnatione

2133 1461 2237 1499 nec
2269 1444 2542 1511 vincitur,
2571 1449 2627 1501 et
2661 1449 2771 1500 Deo
2820 1462 2926 1501 suo
2978 1446 3183 1502 devota
3229 1453 3422 1503 mente
3461 1449 3784 1520 subjectus,

2135 1551 2249 1589 non
2266 1534 2532 1590 atteritur
2551 1534 2796 1591 diversis
2813 1534 3362 1602 tentationibus,sed
3379 1539 3787 1610 probatur.llle

2135 1639 2338 1679 omnes
2370 1623 2719 1680 afflictiones
2746 1625 2960 1697 quibus
2995 1625 3109 1681 vita
3139 1613 3473 1683 mortalium
3506 1629 3784 1695 variatur,

2137 1712 2360 1768 sanctis
2388 1713 2700 1768 virtutibus
2730 1713 2924 1769 vincit.
2960 1715 3357 1787 Cupiditatum
3391 1733 3456 1772 ac
3488 1719 3788 1791 perturba-

2137 1801 2354 1856 tionem
2377 1801 2643 1856 omnium
2662 1800 2811 1856 liber
2831 1803 3000 1859 beata
3021 1803 3215 1876 quiete
3244 1805 3787 1876 perfruitur,etille-

2139 1888 2329 1944 cebris
2361 1906 2426 1944 ac
2456 1889 2854 1962 voluptatibus
2885 1891 3073 1948 factus
3103 1895 3368 1965 expedita
3399 1901 3591 1953 mente
3621 1915 3790 1970 supe-

2137 1978 2278 2046 rior,
2298 1978 2578 2035 ineffabili
2611 1978 2825 2050 gaudio
2847 1979 3052 2035 divinae
3083 1983 3594 2053 contemplationis
3615 1986 3789 2041 efﬁci-

2138 2071 2256 2122 tur.
2283 2072 2397 2123 lste
2414 2068 2785 2140 suscipiendo
2803 2068 3196 2142 peregrinum,
3220 2071 3518 2128 vestienda
3541 2074 3790 2142 nudum,

2141 2157 2522 2231 gubernando
2541 2158 3240 2229 subjectum,redimendo
3254 2161 3791 2235 captivum,tuondo

2137 2245 2422 2302 violenter
2442 2263 2810 2318 oppressum,
2824 2247 3046 2319 jugiter
3061 2265 3124 2303 se
3144 2250 3216 2303 ab
3231 2249 3794 2323 omnibusiniquita-

2140 2334 2300 2390 tibus
2314 2335 2439 2390 suis
2453 2335 3017 2404 emaculat,etvitam
3043 2354 3211 2393 suam
3235 2338 3524 2396 bonorum
3547 2327 3797 2413 operum

2139 2423 2431 2479 fructibus
2451 2423 2618 2479 ditat.
2643 2423 2744 2480 Ille
2764 2424 3145 2482 facultatibus
3172 2427 3296 2483 suis
3323 2428 3382 2483 in
3412 2445 3556 2486 usus
3578 2446 3793 2503 panpe-

2145 2531 2276 2568 rum
2295 2512 2625 2569 distributis
2643 2513 2821 2568 semel
2841 2515 3181 2587 exspoliavit
3204 2533 3265 2572 se
3288 2518 3506 2574 mundo
3530 2521 3585 2575 et
3597 2519 3795 2576 admo-

2142 2601 2223 2655 vit
2239 2617 2301 2657 se
2317 2602 2454 2656 totis
2476 2601 2698 2657 viribus
2720 2601 2882 2657 caelo.
2897 2603 3009 2658 Res
3041 2605 3244 2659 mundi
3278 2607 3497 2661 mundo
3528 2609 3789 2679 projecit,

2144 2693 2201 2746 et
2231 2689 2490 2762 seipsum
2523 2690 2753 2746 Christo
2805 2691 3013 2746 devota
3061 2696 3254 2748 mente
3302 2693 3577 2760 restituit,
3614 2713 3647 2751 a
3678 2713 3792 2769 quo

2145 2779 2504 2835 immortales
2525 2779 2758 2835 divitias
2781 2779 2891 2836 sibi
2913 2781 3115 2836 donari
3139 2785 3265 2837 orat
3289 2787 3354 2839 ut
3384 2800 3624 2860 pauper,
3659 2803 3789 2857 pro-

2143 2869 2258 2941 tegi
2291 2885 2353 2924 se
2384 2868 2640 2940 quotidie
2671 2868 2929 2942 postulat
2945 2869 3317 2936 utinfirmus,
3335 2871 3792 2929 immortalitatis

2145 2957 2483 3012 indumento
2515 2957 2709 3014 vestiri
2741 2959 2903 3030 cupit
2928 2965 2987 3013 ut
3012 2960 3225 3014 nudus.
3249 2960 3489 3016 Defendi
3511 2978 3572 3018 se
3593 2961 3664 3017 ab
3689 2962 3793 3017 im-

2145 3045 2501 3118 pugnatione
2515 3046 2896 3103 invisibilium
2912 3047 3167 3102 hostium
3186 3049 3478 3121 supplicat
3493 3055 3554 3107 ut
3575 3051 3793 3125 fragili-

2143 3139 2264 3190 tate
2285 3133 2476 3190 carnis
2487 3143 2887 3207 oppressus,et
2897 3137 3186 3192 omlestem
3203 3138 3313 3192 sibi
3327 3139 3530 3194 donari
3543 3142 3794 3212 patriam

391 3209 573 3287 mittit,
603 3209 859 3286 mundus
892 3232 993 3285 aut
1019 3228 1278 3283 minatur
1295 3227 1567 3294 excutiat,
1591 3209 1692 3284 sed
1719 3209 1873 3283 idem
1891 3209 2039 3286 siem-
2067 3209 2111 3276 C
2147 3212 2520 3281 desideratut
2539 3225 2902 3298 peregrinus.
2917 3226 3116 3282 Activa
3134 3228 3253 3282 vita
3279 3226 3456 3283 habet
3475 3209 3793 3285 sollicitum

389 3337 494 3394 per
513 3317 713 3376 ac'sibi
733 3316 944 3373 similis
967 3333 1366 3390 perseverans,
1392 3316 1597 3372 mundi
1619 3315 1800 3386 hujus
1823 3317 2040 3373 damna
2148 3329 2410 3381 cursum,
2443 3312 2890 3385 contemplativa
2920 3315 3200 3387 gaudium
3250 3313 3693 3387 sempiternum.
3726 3317 3794 3374 In

389 3406 569 3474 simul
598 3423 664 3462 ac
693 3406 859 3464 lucra
886 3423 1000 3464 non
1041 3405 1275 3464 sentiat.
1308 3406 1372 3462 Et
1411 3423 1546 3462 cum
1586 3405 1707 3461 haec
1737 3409 1913 3477 atque
1945 3405 2038 3462 his
2147 3401 2257 3456 hac
2278 3400 2602 3472 acquiritur
2625 3400 2988 3474 regimen,in
3019 3401 3120 3458 illa
3146 3405 3481 3476 percipitur.
3505 3405 3637 3461 Hinc
3658 3405 3798 3462 facit

389 3496 610 3554 similia
628 3495 1090 3570 contemplativa
1111 3495 1242 3551 vitae
1263 3495 1551 3552 desiderio
1573 3495 1815 3552 affectus
1834 3493 2041 3567 imple-

385 3587 557 3655 verit,
589 3603 694 3643 nec
721 3602 791 3652 se
817 3585 914 3641 hic
933 3585 1060 3656 jam
1091 3601 1160 3642 ex
1190 3584 1350 3641 omni
1383 3589 1544 3657 parte
1575 3584 2036 3656 perfectum,sed

388 3674 809 3748 perficiendum
839 3673 898 3730 in
929 3673 1031 3730 illa
1061 3674 1232 3730 beata
1260 3672 1378 3730 vita
1421 3691 1549 3745 quis
1580 3674 1780 3729 futura
1806 3678 1897 3730 est
1926 3673 2035 3729 im-

387 3763 681 3822 mebiiiter
709 3764 926 3831 credat,
963 3765 1138 3835 atque
1166 3763 1240 3820 ad
1272 3779 1353 3830 se,
1379 3761 1479 3818 ubi
1511 3762 1609 3818 Dei
1643 3761 2036 3820 substantiam

386 3853 642 3911 revelata
671 3851 819 3910 facie
843 3852 1042 3908 videre
1070 3837 1275 3924 possit,
1308 3851 1598 3908 extendet.

1019 3973 1256 4030 CAPUT
1297 3972 1417 4029 LVI

437 4093 582 4164 Quid
602 4094 744 4151 inter
771 4108 826 4150 se
849 4091 1108 4166 diﬂcrant
1133 4092 1310 4148 activa
1338 4097 1391 4147 et
1415 4089 1837 4161 contemplativa
1859 4091 1988 4146 vita.

457 4210 658 4266 Activa
675 4209 795 4266 vita
814 4212 1010 4265 autem
1033 4223 1167 4264 cum
1190 4203 1676 4278 corporedeﬁ'cit;
1701 4203 1835 4276 quis
1877 4203 2034 4261 enim

389 4300 445 4357 in
478 4303 697 4358 aeterna
713 4297 904 4372 patria
921 4313 1134 4371 panem
1153 4293 1432 4356 esurienti
1456 4292 1840 4365 porrigaL-ubi
1862 4309 2036 4349 nemo

387 4387 617 4445 esurit?
639 4387 787 4454 Quis
818 4391 1020 4459 potum
1050 4385 1271 4444 tribuat
1291 4375 1538 4450 sitienti,
1558 4381 1658 4438 ubi
1683 4397 1856 4438 nemo
1876 4381 2036 4438 sitit?

387 4477 529 4541 Quis
569 4481 868 4534 mortuum
909 4473 1168 4546 sepeliat,
1200 4472 1302 4529 ubi
1350 4488 1522 4528 nemo
1569 4470 1862 4527 moritur?
1892 4469 2034 4526 Cum

2147 3488 2381 3561 pulsare
2391 3489 2679 3546 bonorum
2691 3491 3115 3562 operum,velut
3126 3493 3482 3565 quibusdam
3497 3494 3792 3564 manibus,

2139 3577 2386 3649 januam
2411 3603 2426 3644 ς
2456 3576 2561 3632 illa
2579 3583 2744 3634 vocat
2773 3584 3218 3636 consummatos
3239 3581 3298 3637 in
3319 3582 3585 3654 patriam.
3603 3585 3667 3639 In
3685 3583 3796 3642 hae

2145 3667 2544 3723 contemnitur
2571 3667 2845 3736 mundus,
2880 3668 2941 3724 in
2973 3668 3074 3724 illa
3102 3669 3390 3726 videbitur
3420 3671 3594 3731 Deus.
3624 3673 3798 3740 Et,ut

2147 3756 2334 3813 multa
2364 3759 2702 3828 praeteream
2731 3773 2859 3829 quas
2891 3773 3349 3816 commemorare
3381 3776 3496 3816 non
3523 3760 3709 3828 valeo,
3735 3762 3795 3817 in

2146 3845 2254 3902 hac
2269 3844 2387 3901 vita
2403 3845 2503 3916 qui
2521 3844 2848 3902 immundis
2865 3846 3170 3919 spiritibus
3192 3847 3488 3906 extiterint
3504 3849 3793 3918 fortiores,

2147 3933 2204 3988 in
2240 3933 2338 3988 illa
2369 3931 2818 4004 contemplativa
2873 3935 2993 3990 vita
3039 3953 3166 4008 qua:
3227 3954 3460 3995 summe
3489 3937 3660 3996 beata
3685 3943 3794 4008 est,

2146 4024 2558 4077 rem-unerante
2586 4020 2855 4088 Domino,
2873 4022 3022 4078 ﬁunt
3044 4024 3269 4097 angelis
3300 4025 3518 4082 sanctis
3541 4027 3795 4100 mquales

2146 4113 2319 4182 atque
2332 4107 2390 4162 in
2404 4113 2686 4165 aeternum
2698 4126 2832 4164 cum
2856 4109 2974 4166 illis
2992 4112 3323 4184 regnabunt
3337 4113 3394 4168 in
3416 4113 3517 4170 illa
3533 4133 3790 4187 superna

2145 4196 2372 4254 civitate
2399 4196 2618 4253 felices.

2748 4287 2980 4345 CAPUT
3021 4288 3185 4348 LVII.

2591 4377 2662 4432 De
2698 4379 3111 4448 compunctione
3145 4379 3344 4435 cordis.

2217 4464 2802 4538 Compunctiocordis
2817 4471 2905 4522 est
2921 4467 3226 4524 humilitas
3240 4468 3454 4526 mentis
3467 4485 3601 4526 cum
3614 4470 3796 4544 lacry-

387 4564 661 4640 praesenti
692 4581 836 4638 ergo
877 4564 994 4620 vita
1041 4562 1305 4626 aufertur
1347 4560 1554 4627 activa,
1582 4557 2037 4630 contemplativa
2069 4575 2114 4640 Ι)
2147 4552 3792 4630 misexoriensderecordationepeocatiettimorejudicii.

385 4659 584 4712 autem
615 4654 710 4710 hic
738 4653 944 4726 incipit
990 4656 1056 4708 ut
1100 4651 1159 4706 in
1206 4649 1423 4708 caelesti
1464 4648 1656 4721 patria
1679 4647 2033 4720 perﬁciatur.

385 4743 534 4810 Quia
555 4741 772 4798 amoris
789 4742 950 4814 ignis
973 4741 1073 4812 qui
1095 4740 1191 4796 hic
1213 4739 1415 4796 ardere
1436 4737 1660 4810 incipit,
1679 4753 1814 4794 cum
1835 4737 2037 4810 ipsum

385 4849 563 4905 quem
585 4835 745 4896 amat
763 4830 993 4896 viderit,
1012 4831 1074 4885 in
1092 4844 1296 4891 amore
1313 4827 1572 4900 amplius
1594 4825 1859 4900 ignescit.
1886 4828 2038 4884 Con-

383 4920 725 4994 templatim
739 4935 882 4991 ergo
890 4918 1008 4975 vita
1019 4917 1267 4978 minime
1285 4917 1565 4981 aufertur,
1580 4915 1721 4987 quia
1741 4916 2039 4974 subtracta

384 5007 910 5081 pmsentissteculi
932 5006 1058 5064 luce
1075 5005 1392 5079 perﬁcitur.
1407 5004 1608 5061 Activa
1617 5003 2039 5062 vitalaboriosa

2148 4643 2251 4700 llla
2279 4647 2367 4702 est
2397 4643 2691 4700 conversis
2717 4644 3025 4715 perfectior
3061 4647 3530 4718 compunctionis
3569 4649 3794 4706 affectio

2146 4749 2273 4805 quae
2297 4751 2330 4788 a
2355 4749 2417 4788 se
2450 4732 2876 4790 desideriorum
2909 4733 3152 4792 affectus
3182 4735 3408 4808 repellit
3435 4741 3494 4794 et
3519 4736 3792 4794 intentio-

2145 4838 2279 4878 nem
2313 4839 2483 4878 suam
2516 4825 2636 4877 toto
2669 4823 2882 4878 mentis
2912 4823 3108 4886 studio
3139 4824 3200 4898 in
3230 4825 3330 4882 Dei
3361 4825 3798 4898 contemplatioo.

2147 4929 2280 4968 nem
2312 4911 2532 4984 deﬁgit.
2565 4912 2695 4976 Hac
2730 4916 2820 4968 est
2864 4912 3022 4968 enim
3072 4893 3294 4971 homini
3341 4893 3632 4986 baptizata
3663 4933 3797 4974 vera

2147 5000 2519 5073 compunctio
2550 5001 2764 5067 cordis,
2799 5018 3013 5074 magna
3043 5019 3213 5075 agere
3241 5007 3298 5058 et
3331 5003 3580 5060 humilia
3609 5003 3794 5077 loqui,

384 5098 636 5157 desudat
672 5098 732 5153 in
763 5095 1102 5162 certamine,
1137 5093 1586 5165 contemplativa
1631 5110 1790 5162 vero,
1818 5093 2039 5166 pacatis
2138 5091 2302 5163 jnste
2333 5106 2504 5162 agere
2536 5094 2592 5144 et
2621 5107 2799 5161 super
2823 5095 3154 5162 peccatores
3193 5091 3400 5148 timere
3427 5109 3492 5149 ac
3523 5097 3792 5150 tremere.

385 5185 662 5244 vitiorum
676 5185 1257 5257 tumultibus,optata
1273 5182 1330 5240 in
1349 5181 1576 5240 Christo
1588 5183 1784 5254 quiete
1795 5183 1926 5253 perf
1924 5199 1987 5241 ru
1996 5181 2036 5237 i-

384 5279 502 5334 ιιι-ι’.
538 5276 625 5338 Ad
655 5274 905 5334 activam
937 5274 1116 5336 vitam
1139 5271 1387 5345 pertinet
1405 5269 1557 5326 inter
1584 5269 1844 5326 humana
1867 5270 2034 5341 profi-

386 5379 537 5431 cere,
569 5368 629 5420 et
656 5362 900 5420 rebelles
937 5359 1195 5434 corporis
1247 5363 1443 5414 motus
1499 5356 1743 5413 rationis
1790 5356 2035 5429 imperio

388 5456 730 5524 temperare.
752 5453 835 5509 Ad
866 5449 1376 5522 contemplativam
1408 5462 1588 5518 supra
1607 5445 1867 5501 humano
1887 5446 2035 5501 desi-

386 5541 547 5597 derio
572 5540 942 5612 perfectionis
971 5538 1302 5604 ascendere,
1327 5540 1385 5592 et
1403 5534 1801 5591 indesinenter
1817 5551 2034 5608 augen-

387 5629 479 5692 dis
518 5629 836 5688 virtutibus
892 5628 1192 5694 incubare.
1225 5626 1409 5684 Habet
1454 5622 1641 5682 activa
1690 5623 2035 5698 perfectum,

2142 5177 2486 5234 Sicutenim
2517 5178 2673 5250 ignis
2695 5194 2866 5234 omne
2888 5179 3095 5244 animae
3116 5179 3322 5246 vitium
3347 5181 3569 5252 perurit
3585 5187 3642 5239 et
3671 5182 3794 5249 adi-

2145 5266 2271 5334 mit,
2307 5266 2386 5322 ita
2416 5266 2786 5339 compunctio
2809 5267 3003 5324 cordis
3034 5273 3491 5341 quantacunque
3517 5271 3798 5343 repererit

2144 5354 2322 5422 mala,
2349 5355 2637 5411 absterret
2663 5355 2936 5411 universa
2965 5361 3021 5413 et
3041 5357 3276 5428 penitus
3307 5358 3480 5415 delet.
3513 5360 3796 5432 Concupi-

2145 5442 2501 5501 scentiarum
2524 5445 2792 5500 ﬂammas
2807 5444 3173 5513 siinvenerit,
3189 5447 3478 5504 utfluvius
3500 5449 3794 5504 mundana

2144 5532 2530 5605 exstinguitet
2543 5538 3055 5599 enecat.Curarum
3073 5524 3482 5594 multitudines
3499 5541 3556 5592 et
3572 5541 3793 5610 pertur-

2146 5622 2411 5682 bationes
2442 5623 2486 5679 si
2520 5622 2731 5696 videat,
2765 5627 2829 5680 ut
2871 5623 3102 5702 flagello
3149 5626 3402 5700 quodam
3440 5625 3709 5690 anui-bat
3733 5628 3795 5688 et
