4102 6180
365 347 483 429 923

766 364 1167 428 HAYMONIS
1213 360 1749 425 HALBERSTAT.
1797 356 2043 422 EPISC.
2089 358 2263 422 OPP.
2310 359 2509 424 PARS
2554 360 2660 424 III.
2690 392 2767 407 -—
2797 340 3366 425 MISCELLANEA.

3654 359 3776 424 924

368 502 605 575 etI'ugat,
633 503 689 556 et
720 497 919 572 procul
948 513 1076 553 esse
1108 513 1142 552 a
1171 494 1485 552 domiciliis
1516 494 1722 550 animas
1745 494 2010 565 jubet,ac
2037 484 2093 561 Α
2123 494 2770 569 aﬂ‘ectionuquuibus
2802 511 2968 552 mens
2989 494 3139 566 justi
3166 494 3337 552 tadio
3368 492 3593 553 salubri
3609 512 3773 554 com-

370 593 525 648 sicut
553 588 739 662 pulvis
771 603 886 641 non
917 590 1110 657 potest
1141 588 1295 641 stare
1326 589 1458 641 ante
1486 583 1687 639 faciem
1720 582 1897 648 venti,
1932 582 2012 638 ita

368 678 512 736 nihil
537 676 823 732 malarum
856 673 1277 747 cogitationum
1310 674 1369 728 in
1394 672 1590 729 anima
1620 671 1871 728 residere
1904 687 2009 743 po-

364 771 497 831 test,
533 764 632 821 ubi
658 764 849 820 cordis
879 763 1249 835 compunctio
1280 762 1531 818 affuerit.

832 924 835 927 .
949 870 1176 927 CAPUT
1223 870 1422 925 LVIII.

609 977 762 1049 Quod
790 978 895 1033 duo
926 986 1055 1033 sunt
1083 993 1284 1045 genera
1312 975 1760 1047 compunctionis.

436 1088 557 1144 Duo
579 1102 832 1157 namque
853 1100 1063 1156 genere
1080 1080 1550 1155 compunctionis
1567 1080 1784 1153 quibus
1804 1083 2012 1135 semet-

363 1179 522 1249 ipsos
553 1173 753 1231 ﬁdeles
777 1173 835 1229 in
865 1190 965 1228 ara
994 1172 1186 1228 cordis
1216 1170 1543 1227 immolant.
1563 1169 1709 1236 Quia
1726 1168 2007 1223 nimirum

355 1265 593 1332 Domini
645 1264 850 1321 sitiens
901 1262 1097 1317 anima
1140 1261 1304 1334 prius
1334 1260 1541 1315 timore
1573 1256 2006 1329 compungitur,

363 1360 495 1430 post
525 1371 740 1411 amore.
777 1352 943 1408 Prius
974 1349 1129 1406 enim
1161 1366 1223 1405 se
1256 1349 1313 1403 in
1345 1348 1619 1421 lacrymis
1649 1345 1847 1409 afﬁcit,
1874 1344 2011 1417 quia

361 1446 504 1502 dum
527 1444 812 1499 malorum
836 1456 1076 1496 suorum
1104 1438 1319 1505 recolit,
1344 1454 1448 1510 pro
1468 1436 1558 1491 his
1580 1434 1695 1509 pati
1722 1432 2010 1506 supplicia

362 1539 578 1591 aeterna
609 1529 985 1605 pertimescit.
1028 1531 1099 1584 At
1138 1529 1281 1583 dum
1311 1526 1488 1599 longa
1517 1522 1781 1580 mmroris
1812 1521 2006 1577 anxie-

361 1628 479 1680 tate
499 1621 674 1678 fuerit
694 1619 941 1676 formido
964 1616 1607 1690 consumpta,quzedam
1622 1615 1746 1686 jam
1772 1612 1842 1667 de
1863 1629 2008 1684 pra:-

361 1712 697 1785 sumptione
739 1708 916 1766 venia:
975 1706 1261 1764 securitas
1319 1704 1602 1771 nascitur,
1634 1708 1691 1758 et
1717 1701 1777 1756 in
1810 1717 2008 1757 amore

360 1799 685 1859 ccelestium
711 1796 1059 1871 gaudiorum
1087 1794 1321 1852 animus
1351 1794 1772 1848 inflammatur.
1810 1790 1877 1844 Et
1905 1787 2004 1860 qui

2122 584 2540 657 pungitur,hoc
2556 589 2663 651 est,
2679 583 2960 640 memoria
2972 584 3397 657 praeteritorum
3419 585 3771 655 facinorum,

2120 673 2441 729 recordatio
2462 673 2805 729 futurarum
2838 690 3165 746 poenarum,
3198 674 3586 731 consideratio
3609 692 3775 748 pere-

2121 760 2468 833 grinationis
2496 779 2615 818 sua;
2638 762 2698 817 in
2728 761 2908 834 hujus
2929 761 3055 818 vitaa
3081 761 3774 836 longinquitate,deside-

2121 849 2275 905 rium
2303 867 2567 922 supernae
2601 850 2818 923 patriae,
2844 854 3134 923 quatenus
3160 851 3232 907 ad
3262 868 3392 909 eam
3424 851 3775 924 quantocius

2119 936 2307 994 valeat
2336 939 2655 1011 pervenire.

2760 1026 2989 1085 CAPUT
3028 1028 3137 1085 LX.

2462 1187 2467 1192 .
2580 1137 2654 1191 De
2683 1134 3053 1191 recordatione
3076 1135 3304 1208 peccati.

2124 1294 2131 1301 ,
2192 1241 2414 1296 Bonum
2435 1245 2524 1296 est
2539 1240 2763 1297 homini
2788 1257 3020 1313 semper
3039 1244 3172 1296 ante
3203 1239 3403 1297 oculos
3420 1242 3655 1314 propria
3670 1242 3768 1296 ad-

2119 1328 2319 1385 hibere
2340 1329 2572 1395 delicta,
2592 1330 2916 1386 secundum
2939 1328 3155 1385 Psalmi
3176 1329 3561 1385 sententiam:
3594 1350 3616 1377 ι
3633 1330 3769 1386 Ρεεοο

2119 1421 2314 1473 catum
2340 1435 2533 1473 meum
2559 1422 2760 1474 contra
2783 1434 2875 1473 me
2888 1420 2976 1473 est
2988 1433 3275 1490 semper.»
3290 1417 3452 1473 Sicut
3471 1418 3630 1473 enim
3653 1436 3766 1474 non

2119 1510 2342 1578 oportet
2356 1506 2649 1562 reminisci
2665 1506 2878 1579 peccati
2895 1506 3280 1573 atl‘ectum,sic
3292 1523 3412 1562 sem
3419 1523 3522 1578 per
3532 1524 3770 1564 necesse

2119 1600 2207 1650 est
2224 1612 2397 1651 suum
2421 1596 2479 1650 in
2499 1595 2764 1651 deﬂendo
2792 1612 3116 1651 memorare
3139 1592 3459 1668 peccatum.
3484 1595 3644 1652 Servi
3669 1597 3767 1653 Dei

2119 1688 2280 1739 tanta
2310 1684 2629 1740 recordatio
2651 1685 2825 1740 debet
2844 1701 2972 1760 esse
2994 1684 3235 1757 peccati,
3266 1688 3331 1739 ut
3351 1700 3419 1739 ea
3438 1701 3569 1757 qua:
3588 1685 3771 1759 gessit

2119 1790 2352 1846 semper
2396 1773 2728 1846 lacrymans
2775 1773 3140 1829 conﬁteatur.
3174 1772 3337 1829 Unde
3368 1778 3425 1829 et
3455 1773 3772 1831 Psalmista

358 1892 525 1965 prius
548 1861 745 1945 ﬂebat“
744 1904 816 1943 ne
835 1884 1233 1943 ducereturad
1248 1878 2009 1954 supplicium,postmodum
2040 1864 2088 1930 Β
2119 1862 2286 1963 άίίξίῐε
2315 1866 2616 1965 σξηυεὴδυδ
2643 1879 2766 1918 sum
2797 1864 2857 1917 in
2882 1877 3288 1965 frumnaznea
3316 1861 3447 1965 dum

361 1980 498 2036 ﬂere
528 1975 900 2033 amarissime
930 1972 1136 2044 incipit
1158 1971 1298 2044 quia
1327 1970 1597 2026 differtur
1616 1986 1650 2025 a
1671 1971 2019 2041 regno.Con.

359 2065 681 2140 templatur
694 2063 911 2120 etenim
931 2078 1097 2116 mens
1120 2060 1221 2133 qui
1235 2060 1353 2115 sint
1366 2058 1446 2114 illi
1471 2057 1816 2131 angelorum
1831 2057 2012 2124 chori,

361 2174 489 2230 quae
535 2152 784 2211 societas
830 2151 1133 2207 beatorum
1183 2148 1520 2222 spirituum,
1556 2163 1685 2219 quae
1733 2146 2013 2219 majestas

357 2249 591 2303 eterna
618 2238 860 2297 visionis
890 2238 1013 2304 Dei,
1029 2242 1087 2293 et
1104 2236 1358 2310 amplius
1380 2235 1610 2310 plangit
1625 2234 1765 2307 quia
1788 2252 1822 2290 a
1842 2233 2013 2290 bonis

359 2330 715 2410 perennibus
760 2329 942 2394 deest,
993 2343 1171 2400 quam
1224 2326 1401 2382 flebat
1448 2325 1634 2398 prius,
1668 2340 1799 2380 cum
1856 2322 2013 2379 mala

359 2428 575 2480 eterna
596 2418 913 2475 metuebat.
931 2415 1251 2488 Utramque
1273 2418 1467 2470 autem
1492 2416 1705 2469 nostris
1727 2428 2011 2484 compun-
2122 2440 2127 2451 ν

359 2509 570 2568 ctionis
590 2506 842 2564 hostiam
865 2508 1164 2578 gratanter
1178 2504 1442 2576 accipere
1464 2502 1742 2575 dignatus
1759 2505 1848 2557 est
1858 2501 2014 2556 Chri'

358 2604 506 2667 stus,
539 2597 640 2671 qui
672 2600 731 2652 et
777 2612 881 2668 pro
930 2597 1165 2667 peccato
1199 2592 1537 2666 lugentibus
1568 2595 1742 2662 atque
1771 2589 2003 2646 afflictis

358 2689 675 2747 clementer
701 2688 893 2741 errata
922 2683 1183 2750 dimittit,
1207 2685 1264 2738 et
1279 2698 1383 2755 pro
1400 2681 1668 2754 ingressu
1691 2680 1817 2734 vitae
1834 2678 2002 2735 cccle-

356 2777 465 2835 stis
496 2780 616 2833 tota
643 2772 858 2830 mentis
903 2772 1223 2829 intentione
1277 2771 1559 2827 ferventes
1615 2774 1832 2825 aeterna
1882 2785 2001 2823 suae

353 2862 599 2923 \isionis
627 2862 755 2919 luce
785 2861 987 2919 reficit.

971 2966 1200 3023 CAPUT
1241 2966 1380 3021 LIX.

354 3079 509 3150 Quod
549 3077 858 3150 contrariae
893 3076 1006 3131 sint
1055 3076 1198 3150 inter
1214 3090 1299 3150 _se
1334 3073 1517 3150 cordis
1541 3072 1909 3150 compunctio
1948 3077 2000 3127 et

387 3144 625 3215 deliciae,
638 3152 691 3203 et
720 3146 859 3220 quod
886 3163 1087 3218 magna
1117 3147 1178 3201 in
1207 3145 1378 3201 David
1399 3146 1571 3216 fuerit
1599 3144 1959 3216 compunctio.

2124 1952 2305 2023 spina.
2338 1954 2623 2008 Peccatum
2654 1968 2838 2007 meum
2873 1952 2978 2007 tibi
3004 1953 3285 2022 cognitum
3337 1953 3463 2024 feci,
3512 1956 3565 2007 et
3593 1950 3721 2008 dixi
3749 1971 3770 2009 .-

2125 2042 2501 2097 Pronuntiabo
2530 2041 2782 2096 adversus
2811 2055 2897 2096 me
2924 2039 3227 2111 injustitias
3257 2056 3406 2097 meas
3435 2042 3694 2110 Domino,
3720 2050 3774 2098 et

2120 2138 2185 2215 tu
2214 2131 2482 2186 remisisti
2510 2130 2859 2202 iniquitatem
2881 2128 3096 2201 peccati
3126 2130 3235 2184 mei
3263 2128 3437 2200 (Psat.
3467 2133 3643 2197 xxxx).

2742 2234 2972 2291 CAPUT
3010 2234 3147 2290 LXI.

2598 2343 2671 2398 De
2699 2343 3037 2415 confessione
3064 2342 3292 2415 peccati.

2191 2448 2462 2506 Salomon
2496 2450 2577 2505 ait
2608 2466 2621 2504 :
2654 2451 2772 2521 Qui
2788 2450 3086 2506 abscondit
3099 2451 3322 2506 scelera
3339 2465 3450 2506 sua
3469 2467 3585 2506 non
3613 2450 3770 2508 diri-

2118 2545 2322 2613 getur,-
2334 2539 2432 2612 qui
2442 2544 2640 2595 autem
2659 2537 2954 2612 confessus
2971 2540 3159 2608 fuerit
3177 2544 3235 2594 et
3246 2539 3544 2611 reliquerit
3555 2541 3768 2607 ea,mi-

2110 2628 2493 2686 sericordiam
2524 2632 2901 2700 consequetur
2924 2628 3115 2701 (Prov.
3140 2631 3353 2695 xxvm).
3384 2625 3527 2683 Hinc
3552 2628 3764 2684 beatus

2110 2718 2220 2775 Job
2250 2718 2331 2774 ait
2364 2737 2376 2774 :
2409 2722 2779 2790 Quapropter
2805 2724 2862 2772 et
2890 2732 2994 2788 ego
3040 2732 3150 2772 non
3201 2732 3448 2788 paream
3490 2718 3590 2773 ori
3635 2733 3765 2774 meo

2110 2808 2262 2878 (Job.
2294 2806 2415 2878 vn).
2450 2804 2548 2862 Ori
2577 2804 2792 2862 etenim
2825 2822 2932 2861 suo
2961 2804 3167 2877 parcit,
3200 2804 3302 2877 qui
3333 2805 3596 2862 confiteri
3633 2822 3761 2862 ma-

1991 2888 1995 2897 ’
2108 2894 2233 2951 lum
2265 2896 2421 2967 quod
2452 2895 2588 2951 fecit
2610 2894 2922 2951 erubescit.
2958 2895 3022 2949 In
3050 2892 3251 2950 labore
3277 2894 3494 2967 quippe
3525 2910 3591 2951 os
3622 2896 3760 2950 mit-

2108 2991 2230 3042 tere
2249 2988 2358 3050 est,
2382 2983 2492 3039 hoc
2513 2984 2585 3040 ad
2607 2981 3034 3040 confessionem
3057 2985 3395 3056 perpetrata:
3426 2983 3759 3056 iniquitatis

2108 3088 2409 3146 occupare.
2432 3072 2759 3143 Sedjustus
2791 3070 2876 3127 ori
2909 3087 3018 3127 suo
3048 3087 3165 3127 non
3196 3070 3401 3144 parcit,
3418 3072 3559 3145 quia
3587 3072 3759 3129 nimi-

2108 3180 2240 3219 rum
2259 3162 2407 3217 iram
2421 3160 2641 3233 judicis
2662 3159 2923 3217 districts
2944 3158 3530 3232 prmveniens,verbis
3552 3165 3759 3218 contra

425 3255 589 3313 Sicut
607 3251 973 3327 impossibile
994 3249 1996 3324 estutignisinflammeturinaqua,
2028 3233 2071 3300 (ἶ
2109 3268 2171 3308 se
2200 3250 2446 3324 propria:
2477 3248 2863 3305 confessionis
2895 3247 3075 3305 saevit.
3108 3248 3253 3304 Hinc
3285 3248 3599 3306 Psalmista
3627 3249 3707 3305 ait
3738 3267 3753 3305 :

353 3345 435 3400 ita
464 3340 826 3416 impossibile
858 3346 947 3397 est
976 3339 1483 3412 compunctionem
1514 3338 1705 3394 cordis
1726 3338 1915 3412 vigere
1935 3337 1994 3393 in

352 3430 595 3489 deliciis.
628 3429 928 3486 Contraria
973 3428 1095 3484 hazc
1139 3426 1295 3484 enim
1349 3426 1464 3483 sibi
1496 3426 1744 3483 invicem
1775 3430 1916 3483 sunt
1940 3428 1998 3483 et

350 3518 763 3594 peremptoris.
780 3518 883 3573 Illa
894 3517 1050 3572 enim
1065 3520 1252 3572 mater
1262 3519 1353 3571 est
1365 3516 1554 3584 fletus,
1570 3515 1690 3571 haec
1713 3519 1900 3571 mater
1910 3519 1999 3572 est

352 3608 547 3675 risus;
582 3606 683 3663 illa
722 3606 1091 3679 constringit,
1128 3605 1241 3659 ista
1297 3604 1583 3660 dissolvit.
1634 3604 1996 3661 Illaanimae

353 3695 478 3752 alas
511 3694 753 3750 innectit
776 3698 834 3749 et
860 3692 1053 3748 volare
1088 3691 1225 3747 facit
1255 3692 1326 3747 ad
1358 3691 1588 3759 cmlum,
1620 3693 1741 3748 haec
1772 3692 1995 3764 plumbi

352 3784 584 3857 pondus
615 3781 865 3855 imponit
892 3786 951 3836 et
974 3781 1260 3853 demergit
1285 3780 1343 3835 in
1377 3780 1691 3836 infernum.
1712 3782 2000 3854 Propheta

354 3888 611 3943 namque
631 3870 810 3925 David
825 3870 996 3925 corde
1017 3869 1631 3941 compunctusJudicii
1648 3871 1827 3926 futuri
1846 3871 2001 3927 intra

353 3959 737 4033 semetipsum
792 3957 1137 4014 memoriam
1197 3963 1479 4027 retexens,
1509 3958 1780 4032 diemque
1830 3959 1998 4016 illum

354 4065 586 4121 semper
613 4048 672 4103 in
721 4046 905 4103 oculis
951 4046 1199 4115 habens,
1230 4064 1535 4119 nunquam
1567 4066 1601 4104 a
1624 4048 1999 4106 tribulatione

354 4138 537 4195 animi
558 4142 616 4194 et
645 4135 1089 4210 compunctione
1119 4135 1313 4192 cordis
1337 4138 1605 4192 vacabat:
1632 4154 1874 4211 quaeque
1893 4155 1999 4195 nos

351 4228 446 4285 vix
466 4226 781 4300 aliquando
794 4231 851 4282 et
862 4225 1006 4282 satis
1020 4242 1150 4281 raro
1170 4225 1242 4281 ad
1267 4226 1610 4282 memoriam
1633 4243 1994 4297 revocamus,

355 4316 516 4373 illius
549 4333 715 4374 mens
737 4320 794 4372 et
812 4314 1084 4388 cogitatio
1108 4314 1361 4371 habebat
1384 4331 1616 4387 semper
1645 4315 1799 4372 intra
1827 4334 1909 4386 se,
1943 4322 2001 4373 et

353 4406 455 4463 Dei
469 4404 694 4478 judicio
715 4403 853 4460 totis
876 4404 1173 4460 mentibus
1201 4402 1573 4459 intremebat.
1590 4404 1734 4460 Nam
1756 4409 1813 4461 et
1841 4405 1996 4462 idem

355 4497 559 4553 beatus
584 4495 763 4551 David
798 4510 896 4550 rex
924 4497 1067 4561 erat,
1086 4492 1187 4548 sed
1218 4495 1417 4548 tamen
1447 4492 1675 4549 cunctis
1703 4510 1833 4566 quae
1861 4512 1997 4551 eum

2101 3341 2534 3398 Prwveniamus
2553 3337 2773 3413 faciem
2796 3341 2925 3410 ejus
2942 3338 2999 3394 in
3014 3337 3753 3411 confcssione(Psal.xcav);

2105 3429 2250 3485 Hinc
2283 3426 2569 3500 scriptum
2600 3431 2688 3483 est
2719 3442 2733 3481 :
2765 3426 2866 3483 Dic
2912 3427 3251 3501 iniquitates
3286 3436 3423 3484 tua:
3448 3433 3514 3484 ut
3527 3429 3754 3501 justiﬁ-

2088 3519 2250 3577 ceris
2274 3516 2488 3590 (Eccti.
2521 3516 2702 3588 xuu).
2736 3516 2818 3571 Ex
2847 3532 2914 3571 eo
2944 3515 3355 3589 unusquisque
3375 3515 3580 3588 justus
3625 3534 3752 3574 esse

2103 3607 2326 3679 incipit,
2358 3623 2427 3662 ex
2466 3622 2581 3678 quo
2630 3604 2724 3661 sui
2768 3610 3072 3661 accusator
3121 3605 3426 3662 exstiterit.
3457 3606 3755 3663 Confessio

2104 3697 2263 3753 enim
2286 3694 2686 3768 pcenitentiam
2710 3697 3026 3763 monstrat;
3054 3693 3391 3767 pamitentia
3407 3686 3753 3751 satisfactio-

2106 3800 2239 3840 nem
2270 3781 2889 3849 ostentat;satisfactio
2919 3781 3152 3838 veniam
3182 3782 3296 3838 sibi
3328 3781 3525 3838 divina
3547 3782 3754 3857 pietate

2106 3871 2396 3929 conciliat.
2430 3871 2543 3927 Nec
2572 3870 2730 3926 enim
2763 3870 2980 3943 poterit
3007 3870 3379 3944 indulgentia
3407 3872 3612 3943 tribui,
3647 3872 3753 3929 nisi

2108 3961 2255 4016 iram
2288 3959 2387 4016 Dei
2420 3959 2607 4032 possit
2656 3959 3023 4015 confessione
3068 3959 3315 4032 placare.
3350 3960 3396 4017 Ο
3424 3962 3753 4018 veneranda

2109 4049 2292 4123 pietas
2309 4048 2437 4104 Dei!
2459 4063 2772 4120 peccamus
2793 4051 2850 4103 et
2869 4048 3075 4121 parcit,
3090 4047 3494 4123 delinquimus
3518 4054 3579 4106 et
3599 4049 3751 4124 igno-

2110 4138 2239 4205 scit,
2254 4137 2604 4193 oﬂ'endimus
2615 4139 2673 4192 et
2685 4135 2795 4192 adh
2805 4153 2875 4192 uc
2888 4136 3151 4210 placatus
3174 4137 3414 4195 exstitit.
3432 4137 3598 4195 Unde
3611 4156 3747 4211 qua-

2107 4226 2531 4301 lisergajustos
2541 4224 2621 4280 sit
2632 4228 2939 4294 monstrat,
2955 4227 3097 4282 dum
3121 4226 3298 4284 talem
3321 4242 3384 4283 se
3403 4244 3544 4301 erga
3555 4244 3749 4301 pecca-

2108 4322 2264 4373 tores
2275 4318 2546 4371 ostentat.
2561 4315 2677 4370 Nec
2698 4318 2967 4387 peccator
2986 4315 3196 4388 poterit
3208 4317 3333 4388 jam
3355 4317 3753 4390 excusari,qui

2108 4404 2535 4461 confessionem
2576 4420 2679 4476 per
2708 4419 2884 4475 quam
2912 4403 3081 4460 venia
3109 4405 3390 4474 nascitur,
3419 4423 3537 4462 non
3560 4422 3756 4479 prope-

2107 4494 2255 4550 ravit
2282 4491 2576 4565 amplecti,
2593 4509 2708 4565 quo
2721 4492 2907 4565 possit
2923 4508 3058 4549 reus
3087 4495 3321 4566 gemino
3351 4494 3600 4552 crimine
3620 4493 3754 4551 deti-

354 4583 733 4641 circumstare
755 4586 811 4638 et
830 4581 1227 4653 constringere
1255 4580 1604 4637 videbantur
1626 4583 1998 4656 abruptis,ita
2026 4604 2074 4669 Β
2109 4582 2253 4650 neri,
2286 4582 2429 4637 dum
2460 4580 2650 4669 primo
2678 4579 2870 4669 legem
2899 4583 3255 4669 contempsit
3274 4586 3340 4639 ut
3368 4582 3755 4657 delinqueret,

354 4676 480 4730 erat
507 4671 566 4728 in
597 4674 882 4744 potestate
912 4669 1160 4741 positus,
1192 4672 1476 4740 tanquam
1520 4670 1797 4727 omnibus
1843 4677 1997 4729 esset

353 4760 480 4834 ipse
500 4759 887 4831 subjectus,et
906 4757 965 4813 in
987 4773 1248 4830 purpura
1270 4756 1438 4829 quasi
1460 4756 1519 4812 in
1542 4756 1729 4814 cilicio
1743 4759 1997 4831 jacebat,

355 4848 545 4905 cinere
565 4850 1003 4921 conspersus,et
1017 4845 1189 4901 corde
1210 4847 1772 4917 compunctus.Aula
1789 4848 2000 4923 regalis

355 4942 479 4993 erat
516 4937 568 4992 ei
604 4942 887 5010 tanquam
938 4934 1119 4992 eremi
1174 4933 1511 4991 vastissima
1561 4935 1835 4993 solitudo.
1871 4937 1999 4995 Haec

355 5028 554 5081 autem
585 5025 783 5082 omnia
822 5025 1030 5099 agebat
1064 5024 1122 5079 in
1153 5040 1219 5080 eo
1250 5024 1443 5080 cordis
1474 5025 1865 5098 compunctio.
1898 5026 2000 5083 Vis

358 5110 507 5168 scire
534 5119 790 5183 quantus
819 5113 879 5169 in
910 5131 975 5169 eo
1005 5112 1181 5169 timor
1219 5110 1297 5169 sit
1346 5113 1527 5169 divini
1565 5114 1775 5186 judicii
1798 5116 1825 5171 ‘I
1848 5116 1999 5172 Audi

358 5200 513 5273 quod
545 5199 685 5256 dicit
717 5219 730 5258 :
766 5204 1085 5274 lniquitates
1138 5204 1191 5258 si
1246 5201 1575 5270 observabis,
1607 5205 1855 5273 Domine,
1881 5206 2001 5277 quis

355 5289 688 5347 sustinebit?
717 5291 888 5361 (Psal.
924 5292 997 5362 ι.)
1032 5291 1278 5347 Noverat
1302 5290 1458 5347 enim
1486 5296 1543 5347 et
1572 5291 1739 5348 valde
1768 5297 2002 5350 noverat

358 5376 497 5450 quia
510 5375 567 5431 in
583 5376 784 5431 multis
797 5377 1144 5435 criminibus
1158 5380 1391 5436 obnoxii
1409 5398 1616 5437 sumus
1632 5381 1748 5437 Deo
1775 5383 1845 5437 Et
1864 5382 2004 5455 quia

356 5466 532 5522 etiam
557 5482 732 5538 parva
754 5469 1005 5537 peccata,
1020 5470 1075 5521 et
1096 5484 1163 5522 ea
1181 5468 1252 5523 de
1269 5468 1486 5540 quibus
1502 5470 1677 5525 etiam
1691 5487 1795 5526 nec
1809 5471 2000 5543 suspi-

357 5572 581 5622 camur,
610 5554 981 5610 deducuntur
995 5553 1605 5627 adjudicium,ctideo
1631 5559 1918 5633 magnain
1937 5576 2002 5616 eo

356 5650 479 5704 erat
536 5643 727 5703 cordis
784 5641 1175 5716 compunctio.
1214 5643 1471 5710 Quatuor
1515 5652 1653 5705 sunt
1692 5646 2005 5720 qualitates

2107 4668 2560 4728 etconfessionis
2582 4668 2777 4725 media
2796 4668 3068 4742 amplecti
3085 4669 3273 4727 noluit
3284 4676 3349 4726 ut
3360 4672 3755 4745 periret.Rape

2108 4765 2192 4830 tu,
2222 4758 2494 4833 quisquis
2519 4774 2604 4826 es,
2632 4758 2911 4827 remedia,
2939 4759 3040 4831 qui
3072 4760 3363 4832 peccando
3388 4759 3590 4816 divina
3620 4777 3756 4817 con-

2106 4848 2396 4922 tempsisti
2427 4850 2734 4921 praecepta.
2765 4847 3063 4904 Confessio
3112 4847 3317 4906 afferat
3353 4847 3634 4917 salutem,
3664 4848 3752 4905 cui

2108 4938 2479 5008 contemptus
2504 4933 2785 4990 attulerat
2814 4935 3498 4991 mortem.Conﬁteantur
3517 4933 3751 5009 singuli,

2108 5041 2304 5099 quaeso
2324 5023 2681 5093 vos,fratres,
2697 5020 2977 5079 delictum
2990 5040 3168 5079 suum
3180 5023 3322 5080 dum
3336 5023 3530 5080 adhuc
3551 5024 3654 5098 qui
3666 5024 3756 5080 de-

2106 5114 2323 5187 linquit
2352 5113 2411 5168 in
2442 5112 2654 5170 saeculo
2684 5115 2793 5182 est,
2827 5113 2968 5168 dum
3022 5112 3253 5169 admitti
3295 5114 3589 5171 confessio
3632 5114 3753 5186 ejus

2108 5206 2317 5277 potest.
2351 5202 2503 5259 Dum
2530 5201 2853 5258 satisfactio
2883 5206 2940 5257 et
2967 5201 3234 5259 remissio
3264 5202 3418 5259 facta
3442 5219 3549 5276 per
3576 5217 3755 5259 sacer-

2111 5293 2274 5349 dotes
2304 5291 2461 5365 apud
2511 5290 2827 5347 Dominum
2885 5294 3053 5364 grata
3107 5295 3215 5358 est,
3248 5295 3659 5348 convertamur
3683 5288 3748 5344 ad

2110 5381 2426 5440 Dominum
2458 5383 2651 5436 mente
2671 5382 2875 5449 tota,et
2897 5379 3297 5453 paenitentiam
3320 5380 3587 5437 criminis
3605 5377 3746 5435 veris

2112 5469 2411 5527 doloribus
2439 5468 2829 5542 exprimentes
2860 5468 2960 5525 Dei
2993 5469 3459 5527 misericordiam
3490 5470 3745 5542 deprece-

2112 5576 2264 5615 mur.
2282 5558 2368 5615 llli
2403 5575 2463 5614 se
2495 5558 2693 5615 anima
2713 5558 3163 5631 prosternat,illi
3199 5573 3368 5615 mens
3393 5561 3515 5616 tota
3534 5554 3742 5614 satisfa-

2112 5649 2247 5718 ciat,
2279 5648 2363 5706 illi
2397 5664 2533 5723 spes
2561 5646 2756 5705 omnis
2786 5647 3108 5706 incumbat.
3143 5647 3366 5722 Rogare
3396 5652 3589 5705 autem
3607 5658 3741 5718 qua-
