4102 6180
514 303 632 372 927

919 303 1323 370 HAYMONIS
1366 303 1906 372 HALBERSTA'I‘.
1955 303 2202 368 EPISC.
2246 303 2418 370 OPP.
2464 304 2663 368 PARS
2707 302 2813 368 ῘΙῙ.
2847 337 2925 358 «η-
2953 303 3488 370 MISGELLANEA.

3717 317 3812 380 938

509 440 646 500 .dest
668 439 718 500 si
750 439 846 501 iraa
877 438 1080 511 culqas
1102 440 1230 511 jam
1261 437 1478 510 lugeat,
1493 442 1550 495 et
1578 441 1773 496 tamen
1806 435 2163 498 adhucinvi—
2192 438 2247 510 Α
2274 436 2561 500 versionis
2588 437 2777 512 perire
2808 440 3280 501 mercedem.Hoc
3308 441 3814 512 enimjudicarevide-

434 581 437 583 _
517 531 623 590 dias
653 529 877 587 facibus
908 528 1186 585 tabescat.
1220 528 1327 583 Sed
1353 527 1550 584 minus
1581 531 1670 584 est
1697 525 1862 583 valde
1891 526 2047 598 quod
2072 525 2159 582 di-

504 619 724 684 cimus,
759 621 828 672 ut
855 616 955 688 qui
987 621 1225 688 peccata
1255 616 1537 688 deplorat,
1572 615 1855 688 ploranda
1915 616 2160 672 minime

513 705 860 771 committat,
883 710 940 762 et
968 706 1066 777 qui
1100 704 1322 778 plangit
1341 704 1548 761 vitium
1583 711 1913 778 perpetrare
1940 705 2160 761 vitiati-

505 800 689 851 -meat.
722 795 868 851 Nam
894 795 1268 866 cogitandum
1301 810 1674 866 summopere
1703 798 1809 861 est,
1847 799 1909 852 ut
1955 794 2055 866 qui
2096 810 2158 849 se

510 882 716 938 illicita
747 882 1015 939 meminit.
1043 881 1433 950 commisisse,
1467 899 1502 938 a
1530 883 1884 957 quibusdam
1904 881 2160 938 etiamli-

509 971 644 1028 citis
671 971 904 1028 studeat
933 970 1558 1042 abstinere,quatenus
1590 987 1689 1044 per
1721 971 1827 1028 hoc
1859 969 2155 1028 Conditori

510 1078 619 1118 suo
648 1058 989 1128 satisfaciat,
1016 1064 1079 1113 ut
1108 1059 1206 1130 qui
1243 1059 1537 1116 commisit
1559 1059 1872 1132 prohibita,
1888 1059 2155 1116 sibimetv

508 1149 620 1223 ipsi
650 1147 993 1206 abscindere
1022 1149 1231 1204 debeat
1261 1147 1440 1204 etiam
1469 1165 1765 1214 concessa,
1801 1152 1858 1206 et
1887 1165 2154 1220 serepre-

508 1238 726 1296 bendat
739 1237 797 1294 in
813 1237 1074 1296 minimis
1088 1237 1188 1309 qui
1203 1237 1470 1295 meminit
1483 1237 1541 1294 in
1555 1236 2156 1308 maximisdeliquisee

506 1327 720 1399 Magna
749 1327 906 1384 enim
930 1325 1172 1396 justitiae
1204 1344 1340 1398 pars
1371 1330 1460 1383 est
1489 1327 1752 1399 seipsum
1783 1342 1977 1392 nosse,
1997 1327 2150 1398 quod

508 1430 720 1489 parvus
745 1419 852 1480 est,
882 1421 944 1472 ut
974 1432 1042 1470 ex
1071 1433 1136 1471 eo
1160 1413 1366 1473 divinae
1388 1415 1587 1472 virtuti
1611 1413 2153 1472 subdaturhumilis

505 1522 577 1566 ex
603 1521 719 1577 quo
749 1520 922 1562 suam
949 1503 1352 1562 infirmitatem
1373 1503 1661 1578 agnoscit.
1687 1509 1836 1562 Bene
1859 1503 2156 1575 scjudicat

505 1594 566 1651 in
579 1593 688 1651 hac
710 1595 846 1660 vita,
867 1610 937 1650 ne
951 1593 1250 1665 judicetur
1271 1610 1304 1650 a
1326 1593 1441 1650 Deo
1463 1593 1838 1652 damnatione
1852 1596 2151 1666 perpetua,

503 1686 670 1746 Tunc
700 1688 897 1742 autem
919 1683 1213 1754 judicium
1258 1683 1329 1739 de
1376 1699 1439 1739 se
1481 1683 1732 1754 quisque
1780 1682 1983 1748 sumit,
2017 1698 2151 1736 cum

2270 532 2367 586 tur
2399 528 2595 593 Isaias,
2631 528 2731 588 ubi
2761 529 2834 585 de
2862 529 3080 602 pepulo
3104 529 3426 594 Judcorum
3453 531 3580 590 talia
3606 535 3815 605 quedam

2269 615 2409 676 dicit
2436 634 2448 674 :
2485 617 2725 689 Propter
2748 623 3052 690 peccatum
3085 617 3302 678 modice
3330 619 3754 680 eontristavieum
3776 630 3819 683 et

2267 706 2531 777 percussi
2559 709 2792 774 'eum,et
2816 708 2993 764 averti
3024 707 3226 766 faciem
3257 724 3436 766 meam
3467 709 3531 767 ab
3557 716 3693 777 eo,et
3715 729 3817 770 con-

2270 794 2534 850 tristatus
2565 799 2654 852 est
2683 801 2740 852 et
2788 795 3109 857 ambulavit
3137 795 3338 862 tristis,
3359 801 3412 853 et
3441 799 3617 856 sanavi
3647 817 3757 857 eum
3777 808 3818 858 et

2267 882 2604 938 consolatus
2618 901 2749 940 sum
2762 901 2896 940 eum
2907 926 2920 938 .
2946 885 3280 940 Evidentius
3293 889 3472 941 autem
3491 887 3817 946 testimonium

2267 970 2430 1026 dabit
2459 971 2636 1028 etiam
2671 989 2766 1028 rex
2792 971 2892 1028 ille
2920 972 3272 1048 impius,qui
3301 973 3611 1046 cupiditatis
3635 977 3817 1047 quidem

2266 1077 2385 1115 suis
2409 1061 2663 1133 praedam
2690 1061 2888 1117 uxoris
2909 1061 3172 1134 nequitia
3190 1061 3460 1134 quaesivit,
3475 1062 3565 1118 sed
3585 1065 3820 1135 perturba-

2264 1149 2560 1222 tusipsius
2573 1150 2807 1207 sceleris
2840 1149 3204 1207 immanitate
3232 1150 3507 1224 paenituit,
3529 1151 3741 1207 etcilicio
3755 1155 3814 1210 fa-

2263 1237 2434 1296 cinus
2460 1255 2637 1298 suum
2650 1238 2804 1296 flevit
2833 1239 3248 1313 atqueitaerga
3259 1256 3320 1296 se
3331 1239 3818 1302 Deimiserieordiam

2263 1327 2612 1400 provocavit,
2637 1332 2701 1384 ut
2729 1328 2959 1388 cunctis
3013 1345 3149 1390 eum
3209 1327 3518 1389 absolveret
3566 1327 3724 1390 malis.
3749 1330 3818 1393 Sic

2263 1415 2420 1473 enim
2452 1416 2740 1488 scriptum
2773 1421 2863 1476 est
2897 1418 3002 1473 :Et
3031 1416 3177 1480 dixit
3222 1415 3491 1478 Dominus
3533 1417 3596 1479 ad
3639 1416 3818 1476 Filiam:

2268 1505 2462 1561 Vidisti
2489 1506 2750 1578 quomodo
2781 1511 3134 1578 cmnpunctas
3181 1513 3260 1563 est
3299 1505 3466 1566 Achab
3504 1523 3536 1562 α
3563 1506 3684 1575 facta
3713 1521 3821 1573 nec,

2262 1598 2317 1654 et
2345 1596 2476 1665 quia
2503 1595 2653 1664 ﬂevit
2694 1597 2753 1652 in
2807 1604 3093 1666 conspectu
3138 1611 3274 1662 meo,
3301 1611 3408 1650 non
3452 1594 3676 1656 induam
3712 1595 3821 1654 male

2263 1683 2320 1737 in
2364 1681 2556 1738 diebus
2598 1683 2716 1754 ejus
2761 1683 2833 1754 (ll
2872 1684 2996 1755 Reg.
3047 1684 3188 1753 xxx).
3239 1683 3348 1742 Sed
3408 1687 3531 1756 post
3577 1681 3709 1744 hunc
3745 1681 3820 1742 ite-

503 1772 1272 1847 perdignampcenitentiam
1286 1789 1396 1830 sua
1414 1788 1589 1844 prava
1608 1771 1760 1828 facta
1779 1772 2146 1827 condemnat.
2183 1814 2230 1880 Β
2262 1787 2391 1828 rum
2425 1771 3817 1845 Manassae,quiomnestyrronnosimmmitatesoc-

517 1865 534 1880 Δ
685 1862 719 1880 ἰ
788 1863 828 1880 I.
881 1879 899 1880 η
949 1879 952 1880 ν
1015 1861 1198 1880 ἒικηιέκ
1259 1861 1392 1880 ιι--ἓι
1456 1860 1708 1880 -..3-,---ᾼ
1755 1863 1800 1880 ,ι
1839 1877 1931 1880 __-_
2001 1860 2043 1880 ιδ-
2065 1863 2140 1880 ,ιΔ
2259 1858 2440 1880 1-..--__
2487 1861 2770 1880 A__,-,,A_Js
2829 1878 2870 1880 -,
2903 1861 2915 1880 3
2950 1860 3156 1880 _-Jn-h_-
3210 1860 3393 1880 jLJ--.‘
3432 1857 3801 1880 __13-—-'-_!_-L-L

499 1862 844 1926 Amaritudo
877 1861 1226 1932 pmnitentiaa
1258 1861 1396 1917 facit
1452 1860 1717 1916 animum
1748 1863 1806 1916 et
1835 1877 1942 1916 sua
1998 1860 2149 1918 facta

505 1951 785 2010 subtilius
819 1949 1131 2015 discutere,
1165 1953 1223 2005 et
1250 1949 1405 2005 dona
1451 1949 1550 2003 Dei
1611 1966 1738 2021 qua:
1797 1949 2149 2021 contempsit

504 2041 699 2098 ﬂendo
726 2053 1204 2096 commemorare.
1225 2036 1380 2093 Nihil
1409 2041 1604 2094 autem
1635 2038 1802 2110 pejus
1833 2054 2008 2110 quam
2023 2036 2145 2093 cul~

499 2144 641 2202 pem
671 2142 987 2200 agnoscere
1017 2143 1124 2183 nec
1153 2125 1729 2200 deﬁcereDuplicem
1748 2127 1960 2183 habere
1979 2127 2150 2184 debet

501 2218 706 2278 ﬂetum
737 2216 795 2272 in
833 2215 1176 2289 pmuitentia
1203 2216 1396 2272 omnis
1429 2220 1718 2288 peccator,
1741 2216 1863 2272 sive
1894 2215 2032 2288 quia
2049 2233 2150 2289 per

501 2305 920 2380 negligentiam
947 2306 1168 2362 bonum
1201 2321 1316 2361 non
1350 2305 1506 2374 fecit,
1527 2322 1628 2361 seu
1645 2305 1784 2377 quia
1814 2305 2035 2362 malum
2049 2322 2150 2377 per

505 2393 818 2456 audaciam
850 2393 1220 2468 perpetravit.
1252 2395 1413 2460 Quod
1437 2395 1697 2466 oportuit
1729 2411 1844 2450 non
1875 2393 2076 2466 gessit,
2094 2397 2151 2449 et

501 2483 843 2559 gessitluod
855 2499 1026 2556 agere
1038 2499 1152 2539 non
1167 2481 1555 2555 oportuit.llle
1568 2481 1966 2555 paenitentiam
1978 2481 2152 2554 digne

498 2572 756 2647 agit,qui
773 2575 996 2629 reatum
1012 2588 1187 2629 suum
1209 2571 1607 2628 satisfactione
1628 2571 1890 2645 legitima
1905 2571 2149 2645 plangit,

499 2662 950 2723 condemnanda
981 2659 1205 2718 scilicet
1221 2676 1286 2719 ac
1315 2661 1581 2718 deﬂendo
1601 2678 1728 2734 quas
1749 2662 1951 2734 gessit.
1967 2663 2151 2720 Tanto

500 2753 560 2810 in
570 2751 931 2824 deplorando
946 2750 1318 2824 profundius,
1335 2751 1570 2824 quando
1586 2750 1807 2806 exstitit
1827 2750 1886 2808 in
1901 2751 2152 2822 peccado

498 2841 826 2915 proclivior,
859 2837 1236 2912 quantumvis
1268 2838 1538 2912 quisquis
1561 2839 1639 2895 sit
1664 2842 1933 2911 peccator
1961 2842 2018 2894 et
2046 2840 2154 2895 im-

494 2929 717 3004 pius.si
747 2930 822 2987 ad
855 2927 1254 3001 penitentiam
1276 2932 1666 2994 convertatur,
1684 2928 1962 3001 consequi
1981 2944 2154 3000 posse

499 3019 727 3077 veniam
757 3018 1028 3075 creditur.
1061 3018 1130 3073 Et
1158 3017 1537 3090 quantumvis
1580 3035 1683 3090 per
1729 3016 2150 3089 paenitentiam,

501 3105 840 3182 propitiatio
872 3110 1240 3178 peccatorum
1273 3107 1370 3173 sit,
1406 3112 1602 3163 tamen
1631 3107 1758 3163 sine
1790 3109 1947 3163 metu
1978 3106 2153 3162 homo

2259 1858 2448 1918 lerum
2479 1861 2794 1933 superavit,
2819 1861 2921 1933 qui
2941 1860 3168 1918 cultum
3200 1860 3400 1920 divinae
3431 1857 3823 1932 religionisetob-

2255 1949 2608 2008 servantiam
2640 1948 2787 2022 legis
2817 1954 3103 2009 everterat
3123 1949 3342 2012 cmlesti
3373 1948 3527 2008 cultu
3563 1950 3821 2012 vacuatam.

2255 2037 2362 2096 Hic
2390 2054 2527 2110 ergo
2561 2038 2864 2111 impietate
2893 2037 3181 2098 sociorum
3208 2037 3631 2111 supergrediens
3647 2049 3825 2098 omnem

2257 2128 2624 2197 memoriam,
2650 2127 2792 2200 quia
2819 2131 3014 2186 tamen
3042 2127 3332 2199 pcenituit,
3363 2126 3509 2184 inter
3549 2125 3735 2190 amicos
3753 2122 3825 2184 Dei

2259 2218 2636 2290 postmodum
2659 2221 3002 2276 numeratus
3033 2221 3142 2276 est.
3160 2217 3310 2278 Nam
3333 2221 3389 2274 et
3418 2215 3564 2274 ﬁlius
3588 2213 3826 2288 prodigus.

2259 2305 2358 2379 qui
2372 2306 2766 2362 substantiam
2781 2322 2946 2364 suam
2961 2321 3098 2361 cum
3111 2300 3825 2374 meretricibusconeumpsit‘.

2259 2410 2360 2466 per
2389 2393 2793 2466 penitentiam
2822 2393 3041 2466 recepit
3067 2394 3285 2467 prioris
3315 2393 3503 2466 gloria
3531 2395 3734 2457 statum.
3755 2388 3825 2450 Vi-

2253 2482 2362 2542 des
2391 2499 2527 2555 ergo
2553 2487 2776 2554 quanta
2795 2482 2873 2540 sit
2892 2481 3117 2540 utilitas
3131 2481 3828 2555 pmnitentisamuantacon-

2257 2571 2541 2628 versionis
2570 2572 2749 2644 spes?
2777 2570 3016 2632 Nullum
3044 2576 3139 2631 est
3183 2571 3345 2632 enim
3384 2574 3680 2643 peccatum.
3707 2563 3828 2630 nuli!

2261 2660 2698 2733 iniquitas,quae
2712 2677 2828 2718 non
2843 2661 3272 2722 medicamento
3286 2659 3616 2734 pauitantia
3626 2659 3824 2720 sanetur.

2262 2749 2312 2807 si
2343 2749 2642 2808 conversio
2674 2767 2823 2823 pura
2849 2754 2906 2809 et
2946 2750 3176 2812 sincera
3227 2748 3420 2806 fuerit.
3468 2748 3641 2808 Donec
3674 2757 3830 2804 suum

2262 2838 2323 2895 in
2353 2837 2462 2894 hac
2488 2837 2626 2906 vita,
2641 2842 3095 2911 quantacunque
3116 2839 3291 2896 nobis
3317 2835 3619 2900 acciderint
3634 2836 3829 2908 peccati.

2259 2925 2540 3000 possibile
2567 2930 2658 2984 est
2706 2925 2908 2986 omnia
2951 2926 3112 2984 ablui
3172 2943 3280 2999 per
3333 2920 3834 2999 pensitent-immani

2263 3018 2509 3076 mortem
2532 3019 2730 3072 autem
2763 3014 2924 3072 nulla
2943 3015 3056 3075 erit
3073 3014 3298 3076 utilitas
3321 3007 3830 3088 pmnitentia.Nuilus

2266 3107 2534 3178 peccator
2559 3103 2826 3176 desperet
2850 3104 2924 3160 de
2951 3102 3362 3164 misericordia
3389 3103 3510 3168 Dei,
3530 3095 3830 3162 sed-dumut

495 3213 632 3258 esse
659 3213 776 3253 non
807 3195 998 3264 debet,
1027 3196 1165 3268 quia
1193 3195 1544 3268 paruitentiae
1577 3195 1897 3252 satisfactio
1946 3195 2142 3250 divino
2175 3183 2217 3249 C
2255 3191 2370 3269 huc
2384 3191 2690 3266 vivit,agat
2706 3191 3108 3264 paenitentiam
3135 3209 3242 3265 pro
3276 3191 3520 3266 peccatis
3545 3189 3728 3255 suis,ct
3747 3183 3830 3246 erit

498 3289 728 3344 tantum
752 3290 1031 3357 pensatur
1047 3284 1295 3357 judicio,
1315 3302 1432 3340 non
1455 3285 1734 3342 humano.
1754 3285 2154 3357 Prcindequia

495 3374 795 3433 miseratio
825 3374 925 3431 Dei
973 3373 1203 3431 occulta
1243 3377 1350 3440 est,
1383 3373 1508 3429 ine
1541 3373 1977 3431 intermissione
2014 3375 2152 3430 ﬂere

496 3479 736 3522 necesse
764 3467 872 3518 est.
899 3463 1095 3535 Neque
1125 3461 1283 3519 enim
1311 3478 1574 3534 unquam
1607 3465 1840 3536 oportet
1869 3463 2152 3534 pcnniten-

496 3558 613 3610 tem
641 3552 854 3608 habere
882 3552 954 3607 dc
976 3551 1224 3623 peccatis
1254 3550 1650 3608 securitatem.
1673 3551 1856 3624 Igitur
1886 3550 2156 3623 respicia-

498 3659 632 3700 mus
649 3641 912 3707 tandem,
928 3640 1311 3696 etDomiuum
1330 3644 1600 3696 nostrum
1615 3639 2151 3708 Jesumeristum,

496 3733 780 3801 tanquam
811 3727 947 3782 boni
978 3728 1126 3782 servi
1155 3732 1214 3783 et
1238 3727 1927 3799 ntilisrequiramus,nec
1952 3728 2154 3800 despe-

501 3833 703 3872 remus
729 3816 869 3871 dum
905 3815 962 3870 in
995 3815 1105 3871 hac
1134 3814 1265 3872 luce
1295 3815 1566 3882 vivimus,
1596 3815 1826 3872 veniam
1876 3833 1985 3872 nos
2037 3834 2156 3873 non

497 3919 672 3978 posse
726 3917 828 3976 per
875 3903 1278 3976 paenitentiam
1340 3904 1681 3976 promereri.
1717 3909 1852 3961 Post
1908 3911 2156 3962 mortem

494 3993 658 4050 enim
687 3991 1048 4065 poenitentiae
1078 3994 1510 4050 medicamenta
1557 4010 1674 4050 non
1725 3995 2067 4067 proderunt,
2097 3995 2156 4051 in

497 4081 614 4140 hac
661 4096 796 4138 vero
843 4080 972 4138 lucc
1037 4080 1212 4154 positi
1261 4082 1492 4140 etiamsi
1555 4081 1613 4138 in
1663 4087 1924 4140 extrema
1990 4089 2158 4140 nitate

497 4169 1197 4243 adhibeaspmnitentiam
1217 4185 1436 4237 veram,
1455 4170 1601 4227 mihi
1630 4173 1819 4239 crede,
1833 4172 2156 4230 curaberis.

498 4260 638 4315 ideo
667 4258 939 4316 diabolus
960 4260 1162 4316 omnia
1185 4265 1379 4316 movet
1392 4263 1451 4315 et
1464 4260 1604 4333 agit,
1620 4265 1684 4315 ut
1703 4260 1968 4317 animum
1989 4263 2159 4320 nobis

498 4346 930 4420 desperationis
963 4347 1221 4403 inducat.
1273 4347 1393 4404 Scit
1441 4348 1599 4404 enim
1647 4348 1735 4404 vel
1785 4348 1836 4405 si
1884 4349 1944 4405 in
1984 4367 2158 4422 parvo

497 4440 765 4507 tem-pore
779 4435 914 4506 quis
939 4435 1364 4507 pcenitudinem
1389 4437 1852 4510 gerat,q-uamvis
1869 4437 1948 4494 sit
1964 4439 2157 4495 brevis

2261 3281 2597 3341 misericors
2626 3279 2912 3341 Dominus
2939 3280 3168 3342 delictis
3196 3286 3260 3340 et
3287 3280 3630 3344 facinoribus
3659 3275 3774 3334 suis.

2847 3405 3077 3464 CAPUT
3117 3405 3310 3462 LXIV.

2586 3525 2663 3577 De
2689 3521 2849 3578 laude
2878 3525 2930 3577 et
2956 3522 3200 3578 utilitate
3224 3523 3580 3595 paenitentiae.

2334 3636 2578 3695 Provida
2599 3639 2792 3695 mente
2820 3640 2878 3696 et
2904 3637 3195 3710 profundo
3225 3638 3485 3712 cogitatu
3509 3631 3746 3708 cognosti
3769 3628 3837 3686 ds-

2265 3724 2407 3784 bent
2434 3725 2549 3783 duo
2576 3741 2772 3784 rerum
2803 3725 3085 3784 distincta.
3115 3728 3374 3800 negotia,
3405 3726 3462 3789 id
3489 3729 3574 3782 est
3610 3723 3836 3794 ειωωω

2257 3812 2442 3872 distet
2468 3812 2620 3872 inter
2648 3813 2872 3874 bonum
2897 3817 2956 3872 et
2982 3814 3230 3874 malum.
3264 3816 3383 3875 Nec
3410 3813 3631 3876 aliunde
3655 3810 3842 3872 ωςφ

2259 3901 2448 3976 gnitio
2480 3919 2606 3976 quae
2637 3919 2672 3958 a
2700 3903 3018 3974 primordio
3049 3905 3368 3976 repetenda
3411 3908 3522 3970 est,
3543 3901 3686 3974 quod
3723 3891 3839 3958 aliud

2263 3993 2343 4054 sit
2372 3992 2618 4061 malum,
2631 3993 2868 4064 quando
2884 3997 3189 4066 peccatum
3209 3986 3844 4058 communiumier

2266 4087 2384 4139 tem
2415 4081 2494 4138 sit
2520 4082 2740 4141 bonum
2769 4097 2883 4154 quo
2916 4081 3332 4153 penitentiam.
3352 4083 3580 4156 agimus
3605 4093 3694 4151 pro
3716 4087 3839 4132 ω’

2267 4169 2466 4228 misso.
2499 4168 2631 4228 Haec
2657 4173 2746 4228 est
2767 4169 3044 4230 discretio
3077 4170 3389 4244 utriusque
3416 4167 3640 4244 negotii,
3655 4173 3840 4235 serpant

2263 4258 2325 4314 in
2356 4256 2628 4332 paradiso
2656 4261 2962 4332 peccatum
2987 4259 3177 4320 suasit
3208 4261 3358 4327 Eva,
3389 4254 3754 4332 paenitentiam
3777 4261 3840 4305 ιο·

2266 4347 2459 4415 clusit,
2493 4351 2554 4404 et
2577 4346 2718 4405 inde
2743 4350 2834 4402 est
2862 4347 3001 4404 boni
3027 4351 3092 4406 et
3118 4347 3257 4406 mali
3291 4349 3475 4422 origo.
3505 4345 3636 4412 Quis
3660 4346 3754 4400 Deo
3775 4334 3844 4395 llis

2263 4436 2435 4510 gnicr
2455 4452 2634 4508 quam
2646 4434 2826 4494 David
2839 4436 2933 4496 iet
2945 4439 3144 4497 tamen
3157 4437 3476 4510 delinquit,
3488 4425 3842 4508 quieeoidimi

501 4540 620 4612 non
651 4523 760 4612 erit
788 4528 985 4580 tamen
1019 4523 1384 4582 infructuosa
1408 4526 1729 4582 conversio.
1763 4527 1897 4595 Sed,
1921 4527 2075 4583 sicut
2101 4528 2152 4583 is
2185 4545 2234 4612 Ι)
2267 4525 2338 4584 dc
2380 4522 2638 4582 culmine
2681 4523 2800 4586 nisi
2845 4523 3057 4584 fuisset
3101 4530 3511 4599 compunctus.
3542 4522 3671 4590 Quia

501 4610 853 4685 quicalicem
869 4629 1033 4685 aquae
1049 4613 1269 4688 frigida)
1288 4613 1627 4686 porrexerit,
1643 4630 2018 4688 nequaquam
2031 4617 2150 4672 fru-

498 4707 660 4762 ctum
691 4699 974 4757 mercedis
1003 4700 1241 4768 amittit,
1273 4702 1354 4757 ita
1378 4706 1434 4758 et
1465 4701 1515 4758 is
1535 4702 1635 4774 qui
1668 4720 1773 4776 pro
1805 4702 1955 4761 male
1970 4705 2150 4778 gestis

500 4788 809 4862 praeteritis
841 4789 1264 4862 pmnitudinem
1295 4790 1502 4863 egerit,
1535 4790 1673 4847 licet
1724 4790 1920 4848 minus
1974 4793 2153 4865 digna

498 4878 763 4935 videatur
791 4877 863 4934 ad
895 4881 1265 4950 peccatorum
1293 4879 1528 4951 pondus
1559 4879 1918 4951 poenitentia,
1953 4885 2150 4938 tamen

501 4966 1060 5038 quantuluscunque
1072 4965 1167 5022 ille
1181 4970 1359 5022 nutus
1375 4967 1693 5039 pmnitendi
1709 4969 1884 5025 fuerit
1897 4969 1984 5025 vel
2012 4988 2149 5027 con-

498 5054 783 5110 versionis
807 5058 1416 5128 momentum,expers
1449 5073 1565 5112 non
1597 5056 1706 5112 erit
1732 5061 2150 5116 remuneratio-

503 5139 925 5199 nis-bonorum.
959 5143 1115 5200 Nihil
1145 5144 1304 5200 enim
1363 5144 1502 5202 boni
1532 5144 1744 5217 operis,
1780 5147 2047 5218 quamvis
2079 5148 2155 5204 sit

502 5226 799 5298 exiguum,
814 5230 1169 5302 despicietur
1189 5233 1852 5305 apudjustumjudicem
1874 5235 2079 5305 Deum,
2099 5241 2155 5292 et

493 5317 623 5389 jam
654 5316 703 5372 si
738 5334 850 5373 non
883 5320 1138 5389 potuerit
1151 5321 1379 5392 explere
1399 5337 1635 5378 omnem
1659 5321 2156 5382 satisfaciendior-

503 5405 722 5472 dinem,
759 5405 1342 5480 quantulumcunque
1371 5414 1565 5466 tamen
1598 5416 1656 5466 et
1687 5411 1950 5482 quolibet
1991 5413 2151 5471 brevi

503 5497 764 5564 tempore
789 5497 1038 5565 gestam,
1056 5512 1170 5550 non
1186 5502 1418 5570 respuet
1431 5499 1853 5571 pmnitentiam,
1871 5501 2156 5575 suscipiet

503 5586 565 5651 et
583 5582 710 5660 jam
741 5581 953 5664 ipsam,
974 5599 1079 5640 nec
1107 5586 1328 5658 patitur
1356 5587 1738 5662 quantumvis
1766 5589 1985 5663 exigua
2016 5607 2150 5649 con.-

2260 4613 2446 4674 .ratior
2490 4612 2802 4674 Mamaeae?
2839 4617 2900 4670 et
2935 4613 3098 4676 hunc
3148 4615 3550 4687 pmnitentiam
3595 4600 3844 4670 revocavit

2259 4701 2538 4763 Paenituit
2566 4703 2751 4764 Deum
2783 4703 2937 4775 quod
2957 4703 3218 4768 Seulem,
3252 4703 3498 4778 elegerit
3521 4714 3714 4774 regem,

2259 4789 2532 4869 prepter?
2589 4790 2714 4850 Nisi
2764 4790 2903 4864 quia
2947 4792 3105 4848 idem
3155 4792 3560 4865 pmaitentiem
3602 4779 3846 4860 ignomi-

2256 4879 2400 4951 Quis
2426 4879 2746 4952 sapientior
2770 4878 3082 4942 Salomone
3102 4881 3137 4955 ’ζ
3160 4883 3264 4946 sed
3312 4881 3578 4945 nesciens

2257 4969 2424 5039 tiam,
2452 4968 2708 5042 perdidit
2735 4969 3007 5043 gratiam.
3032 4970 3077 5030 Ο
3108 4971 3470 5043 paenitentia,
3487 4984 3612 5042 qua
3637 4960 3846 5037 pecco“.

2259 5057 2572 5118 miserante
2602 5057 2756 5125 Deo,
2775 5057 3046 5126 remittis,
3063 5064 3126 5120 et
3154 5060 3497 5132 paradisum
3509 5067 3731 5118 meum.
3747 5057 3847 5132 (ΙΨ

2263 5146 2579 5204 contritum
2597 5163 2794 5214 sanas,
2809 5163 3046 5208 omnem
3067 5129 3296 5220 tristem
3315 5129 3847 5211 subducant.de

2263 5234 2500 5292 interitu
2517 5251 2774 5302 revocas,
2793 5239 3014 5296 statum
3030 5237 3624 5304 restauras,houerem
3635 5234 3846 5288 ωηοωι

2261 5323 2538 5380 fiduciam
2566 5323 2872 5393 reformas,
2905 5325 3272 5398 gratiamque
3297 5321 3846 5398 abundantiorem}?

2263 5413 2479 5470 fundis.
2514 5412 2560 5469 Ο
2585 5397 3196 5488 poenitentia,quidde
3221 5419 3280 5472 te
3306 5413 3439 5474 novi
3471 5397 3848 5493 κίοι-μιτοΨ

2263 5502 2360 5558 nia
2382 5501 2562 5574 ligata
2588 5505 2653 5557 tu
2685 5500 2883 5572 solvis,
2917 5503 3116 5561 omnia
3137 5504 3326 5562 soluta
3353 5507 3428 5560 tu
3447 5497 3848 5581 resonant“?

2262 5591 2502 5662 adversa
2531 5597 2594 5647 tu
2629 5590 2886 5666 mitigas,
2901 5593 3099 5659 omnia
3126 5591 3378 5657 contrita
3404 5594 3472 5648 tu
3500 5585 3848 5653 scamilli”
