4102 6180
262 318 386 386 929

1214 320 1316 385 DE
1361 312 1811 386 VARIE’I‘ATE
1856 312 2287 388 LIBRORUM.
2336 361 2411 369 -—
2462 320 2604 389 LIB.
2652 324 2726 388 ΙΙ.

3558 323 3678 389 930
3702 392 3707 399 ,

262 455 509 513 conmsa
556 457 617 510 tu
667 452 915 523 lucidas,
947 453 1148 511 omnia
1195 453 1505 528 desperata
1550 457 1615 511 tu
1664 454 1912 512 animas.
1942 454 1999 524 Α
2027 470 2210 513 comm
2240 460 2472 515 Domino
2511 460 2609 531 qui
2634 460 2765 531 fecit
2790 474 2888 514 nos
2921 457 3088 531 (Psal.
3121 457 3289 530 serv).
3323 456 3392 515 Et
3418 458 3672 516 iterum:

260 533 309 604 ὕ
352 540 715 619 paenitentia,
759 541 1099 600 rutilantior
1143 552 1305 613 auro,
1358 539 1723 617 splendidior
1769 544 1911 615 sole,

260 636 442 709 quam
468 639 591 690 που
630 632 810 689 vincit
839 637 1164 706 peccatum,
1196 642 1302 690 nec
1351 626 1602 691 deﬂictiu
1652 632 1911 708 superat,

259 732 368 781 nec
429 721 757 796 desperatio
814 712 987 778 deiet.
1049 718 1393 779 Pmnitentia
1451 722 1676 796 respuit
1728 720 1913 780 avari-

255 810 428 881 tiam,
485 803 687 868 horret
762 807 1077 879 luxuriam,
1146 811 1297 884 fugit
1362 810 1641 876 iurarem,
1719 811 1917 870 firmat

260 908 545 967 amorem,
573 897 761 955 calcat
779 899 1139 973 superbiam,
1168 892 1435 973 linguam
1458 900 1736 970 continet,
1761 913 1918 958 com-

258 986 427 1064 ponit
456 1000 671 1055 mores,
703 982 828 1044 odit
857 982 1167 1057 malitiam,
1191 986 1444 1045 excludit
1460 986 1763 1046 invidiam.
1786 988 1917 1046 Per-

260 1069 415 1135 fecta
441 1076 784 1152 poenitentia
830 1077 987 1150 cogit
1038 1081 1401 1150 peccatorum
1435 1078 1633 1134 omnia
1666 1077 1919 1136 libenter

260 1164 535 1237 sufferre;
556 1165 606 1224 si
620 1154 910 1222 violentus
931 1168 1153 1238 quaerat
1174 1178 1300 1239 quze
1317 1166 1513 1235 habet,
1534 1182 1650 1224 non
1667 1171 1840 1237 vetat;
1865 1169 1915 1225 si

257 1260 484 1314 vestem
510 1256 848 1325 demat,uon
866 1254 1216 1328 refragatur.
1240 1254 1593 1312 Percutienti
1617 1254 1914 1314 maxillam

257 1347 481 1420 praebet
508 1349 566 1402 et
598 1343 865 1412 alteram,
889 1343 1228 1417 angariatus
1260 1344 1415 1401 ultro
1446 1338 1700 1417 adjiciat:
1734 1346 1916 1402 casti-

257 1440 435 1509 gatus
464 1434 683 1508 gratias
731 1433 873 1507 agit,
914 1436 1262 1507 provocatus
1315 1434 1490 1502 tacet,
1538 1437 1918 1506 exasperatus

258 1515 582 1580 blanditur.
613 1510 911 1594 Superiori
940 1509 1191 1596 supplex
1204 1522 1318 1588 est,
1336 1512 1597 1578 inferiori
1630 1520 1914 1594 subjacet.

260 1613 326 1669 In
357 1612 531 1668 corde
577 1610 705 1683 ejus
763 1600 1034 1667 contritio
1083 1614 1190 1677 est,
1242 1611 1302 1666 in
1361 1622 1460 1667 ore
1515 1610 1826 1679 confessio,
1854 1611 1924 1667 in‘

261 1714 437 1775 opere
450 1702 579 1757 tota
610 1694 937 1756 humilitas.
967 1696 1101 1755 ﬁzec
1129 1702 1217 1756 est
1240 1700 1493 1772 perfecta
1522 1703 1580 1756 et
1622 1692 1920 1757 huctil‘era

150 1828 161 1831 -
260 1782 584 1864 plenitudo.
612 1782 712 1846 Sic
732 1788 1087 1860 paenitentiae
1105 1789 1435 1861 praestitum
1458 1791 1570 1858 est,
1605 1786 1759 1845 Deus
1790 1798 1919 1845 esu-

263 1878 441 1935 rienti
471 1877 724 1935 nutritor
750 1882 857 1945 est,
901 1872 1121 1933 sitienti
1171 1881 1422 1950 potator.
1468 1877 1728 1951 Sapienti
1763 1876 1920 1951 quod

266 1967 520 2026 stultum
542 1971 785 2041 putatur
811 1965 986 2040 sapit,
1018 1967 1176 2039 quod
1207 1965 1373 2023 triste
1403 1971 1494 2023 est
1523 1967 1732 2042 placet,
1765 1969 1921 2040 quod

265 2056 448 2114 molle
475 2061 567 2114 est
596 2054 1048 2129 displicet,qu'od
1070 2054 1294 2111 ﬂuxum
1312 2058 1401 2112 est
1420 2054 1640 2112 horret.
1664 2056 1708 2111 Ο
1740 2057 1922 2130 poeni-

264 2146 474 2214 tentia,
506 2142 920 2202 misericordis:
952 2148 1161 2213 mater,
1193 2148 1251 2201 et
1282 2144 1567 2218 magistra
1615 2145 1922 2214 virtutum,

266 2244 487 2309 magna
526 2235 710 2291 ubera
756 2236 859 2290 tua
889 2233 1104 2307 quibus
1155 2246 1284 2290 reos
1320 2232 1587 2300 resolvis,
1622 2246 1688 2290 ac
1731 2235 1925 2290 reficis

267 2322 700 2398 delinquentes,
747 2321 949 2396 lapsos
994 2321 1239 2390 relevas,
1290 2338 1517 2379 recreas
1564 2323 1922 2396 desperatos.

264 2405 380 2470 I’e‘r
408 2418 464 2470 te
510 2410 711 2481 David,
745 2416 882 2486 post
916 2410 1210 2486 ﬂagitium
1241 2404 1398 2481 felix,
1455 2412 1667 2468 iterum
1711 2411 1929 2485 recepit

269 2494 555 2578 Spiritum
590 2502 883 2559 sanctum.
918 2501 1025 2557 Per
1054 2504 1111 2557 te
1141 2496 1465 2569 Mauasses,
1526 2504 1659 2574 post
1688 2506 1932 2558 cruenta

273 2590 694 2661 facinora,ecce
718 2590 936 2647 meruit
956 2602 1084 2646 esse
1105 2586 1479 2662 receptibilis.
1504 2589 1613 2645 Per
1634 2593 1697 2646 te
1724 2590 1929 2647 Petrus

272 2679 600 2754 apostolus,
631 2683 945 2753 postquam
973 2682 1062 2735 ter
1092 2677 1342 2752 negavit,
1377 2677 1514 2734 data
1542 2683 1632 2735 est
1661 2678 1711 2734 ei
1746 2676 1932 2733 indul-

275 2770 491 2844 gentias
514 2770 770 2826 dextera.
806 2766 994 2825 Parte
1024 2767 1186 2824 ﬁlius
1216 2767 1499 2841 prodigus
1525 2776 1828 2840 regressus
1858 2768 1929 2824 ad

280 2863 532 2934 panem,
566 2872 684 2914 non
712 2856 908 2914 solum
955 2848 1288 2929 amplexum
1318 2853 1705 2929 oeculumque
1748 2860 1934 2929 pater-

278 2956 448 3017 num,
473 2946 573 3005 sed
606 2948 781 3003 etiam
809 2944 1049 3018 epulum
1077 2944 1247 3001 vituli
1272 2944 1527 3018 saginati
1542 2942 1779 3018 insigne
1799 2958 1932 3017 pro-

2023 542 2267 603 Fuerunt
2320 548 2464 604 mihi
2495 548 2759 622 lacrymee
2785 560 2924 605 meae
2966 560 3137 621 panes
3182 546 3271 603 die
3315 556 3380 603 ac
3419 555 3591 615 nocte,
3623 547 3677 605 et

2017 638 2208 708 putum
2241 648 2422 692 meum
2451 648 2577 692 cum
2603 639 2737 709 ﬂetu
2765 637 3078 703 miscebam,
3125 641 3678 709 stratumqueme

2018 738 2121 796 per
2142 718 2392 795 singulas
2447 728 2626 781 noctes
2685 725 2944 797 lacrymis
3001 720 3191 794 rigaba
3248 720 3421 787 (Paul.
3462 727 3558 795 cz).
3610 721 3678 780 Et

2024 812 2277 869 iterum:
2331 814 2489 883 Deus,
2539 815 2711 870 vitam
2758 830 2936 869 meum
2980 814 3238 881 ηειηεὶαυὶ
3265 812 3405 882 tibi;
3448 813 3680 886 posuisti

2025 902 2299 976 tacrymas
2345 914 2495 959 meas
2523 904 2583 959 in
2611 894 2895 976 conspectu
2936 907 3029 958 tuo
3073 903 3244 971 (Psat.
3276 901 3387 976 ιν).
3439 902 3679 976 Oportet

2025 991 2205 1065 igitur
2260 1006 2368 1048 nos
2418 988 2667 1048 salutem
2716 995 2979 1047 nostram
3008 990 3208 1063 Iugera
3242 991 3559 1063 perditam,
3591 994 3678 1045 at-

2027 1090 2139 1153 qua
2170 1078 2426 1136 animam
2457 1084 2720 1136 nostram
2754 1083 3046 1134 mortuam
3079 1077 3410 1150 lamentari,
3445 1078 3511 1134 ut
3540 1094 3676 1135 cum

2026 1168 2097 1225 de
2116 1166 2226 1225 hoc
2249 1167 2461 1225 saeculo
2493 1167 2772 1224 abstracti
2806 1167 3113 1235 fuerimus,
3136 1165 3218 1223 'ad
3244 1167 3421 1224 vitam
3455 1182 3679 1224 mereas

2027 1261 2162 1314 mur
2191 1257 2488 1331 pervenire
2514 1260 2880 1330 perpetuam.

2620 1342 2854 1402 CAPUT
2893 1337 3078 1401 LXVI.

2027 1446 2144 1517 Qui
2168 1446 2283 1500 sint
2310 1446 2526 1518 frtwtus
2574 1438 2738 1514 digni
2781 1444 3144 1518 penitentix,
3186 1443 3272 1498 vel
3300 1440 3682 1518 qualiterjpau

2413 1517 2528 1570 vim
2555 1513 2798 1584 regnum‘
2815 1513 3078 1573 caelorum
3099 1513 3322 1587 potest.‘
3426 1544 3431 1547 ς

2096 1611 2302 1685 (Gr-eg.)
2330 1608 2548 1669 Beatus
2571 1610 2828 1669 Joannes
2849 1608 3112 1685 Baptista
3140 1616 3197 1668 et
3226 1611 3459 1669 Domini
3489 1612 3681 1669 nostri

2022 1701 2164 1758 Jesu
2190 1714 2515 1773 prae-cursor
2543 1701 2615 1757 ad
2640 1696 2848 1758 turbas
2899 1700 3160 1773 loquitur
3199 1700 3438 1759 dicens:
3495 1695 3679 1758 Facite

2026 1805 2151 1862 ergo
2177 1792 2390 1863 fructus
2415 1790 2608 1862 dignos
2634 1791 2976 1863 pleniteutix
3005 1790 3213 1864 (Matth.
3237 1793 3346 1861 in).
3374 1790 3441 1847 In
3464 1786 3681 1863 quibus

2030 1878 2221 1936 verbis
2252 1883 2457 1936 notum
2496 1882 2607 1947 est,
2640 1879 2794 1953 quod
2828 1877 3055 1936 amicus
3104 1877 3305 1953 sponsi
3338 1895 3455 1936 non
3484 1876 3688 1936 solum

2024 1968 2259 2025 fructus
2280 1968 2655 2041 pmnitentize,
2679 1969 2778 2025 sed
2803 1964 3015 2042 dignos
3039 1966 3389 2041 paenitentia:
3406 1962 3685 2025 admonet

2030 2072 2160 2113 esse
2192 2056 2508 2113 faciendos.
2541 2057 2712 2112 Aliud
2746 2066 3001 2130 namque
3031 2062 3122 2114 est
3168 2056 3425 2114 fructum
3476 2057 3684 2126 facere,

2033 2143 2189 2202 aliud
2215 2144 2458 2217 dignum
2481 2144 2833 2217 poenitentiae
2852 2146 3060 2202 facere.
3086 2140 3159 2202 Ut
3177 2146 3334 2202 enim
3362 2146 3687 2203 semiudum

2034 2232 2243 2307 dignos
2258 2232 2610 2307 poenitentiae
2630 2234 2853 2290 fructus
2873 2233 3205 2306 loquamur,
3224 2233 3527 2290 sciendum
3547 2234 3691 2307 quia

2035 2322 2303 2395 quisquis
2326 2321 2529 2378 illicita
2544 2321 2706 2378 nulla
2727 2322 3328 2395 commisit,huicjure
3348 2320 3692 2381 conceditur

2036 2415 2102 2468 ut
2126 2410 2305 2467 licitis
2362 2414 2580 2467 utatur.
2616 2410 2827 2484 Sicque
2884 2411 3119 2484 pietatis
3174 2426 3349 2485 Opera
3394 2409 3592 2481 faciat,
3624 2415 3692 2468 ut

2036 2498 2231 2556 tamen
2258 2500 2310 2555 si
2343 2516 2459 2556 non
2482 2499 2748 2567 voluerit,
2782 2516 2851 2556 ea
2879 2515 3008 2572 quae
3037 2501 3242 2557 mundi
3268 2504 3418 2556 sunt
3446 2510 3563 2557 non
3600 2518 3691 2556 re-

2037 2588 2302 2661 linquat;
2331 2593 2391 2644 at
2422 2587 2471 2644 si
2499 2589 2638 2660 quis
2668 2588 2730 2643 in
2777 2587 3178 2644 fornicationis
3211 2586 3403 2660 culpa,
3434 2589 3525 2644 vel
3574 2588 3693 2645 fors

2037 2682 2194 2734 tasse
2229 2677 2407 2748 (quod
2446 2680 2535 2732 est
2562 2674 2818 2748 gravius)
2851 2675 2911 2731 in
2943 2674 3298 2731 adulterium
3349 2676 3551 2748 lapsus
3580 2679 3692 2743 est,

2039 2770 2202 2821 tanto
2234 2781 2268 2821 a
2297 2781 2358 2822 se
2383 2764 2543 2823 licita
2570 2765 2740 2820 debet
2758 2763 3121 2832 abscindere,
3145 2767 3363 2836 quanto
3386 2778 3448 2820 se
3474 2760 3694 2819 manli:

2041 2855 2126 2911 nit
2156 2857 2212 2911 et
2239 2852 2444 2910 illicita
2472 2855 2855 2926 perpetrasse.
2888 2848 3087 2925 Neque
3112 2851 3273 2908 enim
3308 2865 3422 2925 par
3452 2850 3699 2909 fructus

2040 2943 2176 3000 boni
2210 2943 2400 3018 operis
2428 2959 2556 2999 esse
2586 2942 2757 2998 debet
2786 2943 2913 3014 ejus
2942 2941 3043 3014 qui
3087 2941 3306 3010 minus,
3349 2945 3406 2998 et
3432 2941 3563 3013 ejus
3593 2938 3700 3013 qui

279 3034 497 3095 meruit
550 3034 819 3109 adipisci.
854 3035 961 3091 Per
986 3039 1045 3091 te
1101 3026 1314 3090 mulier
1364 3032 1681 3090 toi-uicaria
1725 3034 1933 3091 uberes
2042 3026 2297 3104 amplius
2328 3028 2599 3103 deliquit,
2633 3038 2731 3086 aut
2761 3030 2888 3101 ejus
2920 3026 3021 3102 qui
3045 3028 3243 3099 nullis,
3276 3032 3333 3085 et
3353 3031 3480 3102 ejus
3510 3029 3694 3103 quiin

279 3118 525 3183 stiiiavit
548 3120 864 3197 lacrymas,
906 3123 1243 3195 fontemque
1275 3122 1364 3178 sui
1390 3118 1773 3195 baptismatis
1799 3138 1933 3196 pro-
2043 3118 2398 3193 quibusdam
2434 3117 2793 3175 facinoribus
2825 3116 3048 3175 cecidit.
3087 3116 3197 3174 Per
3230 3116 3341 3175 bac
3371 3134 3508 3192 ergo
3540 3116 3698 3193 quod

276 3208 445 3271 ti‘nus
471 3205 613 3270 lavit
642 3192 1106 3286 ‘ﬁedes'Christi,
1146 3192 1416 3267 crinibus
1463 3192 1700 3283 quidem
1743 3192 1932 3269 tersit.
1962 3192 2006 3265 G
2045 3208 2299 3265 dicitur:
2352 3208 2543 3265 Facite
2599 3220 2735 3281 ergo
2776 3207 3002 3263 fructus
3062 3202 3272 3280 dignos
3314 3192 3697 3280 paenitentiae,

275 3300 391 3360 Par
430 3308 487 3359 te
514 3297 722 3358 Ninive
764 3292 971 3357 civitas
1026 3308 1244 3373 magna
1298 3298 1668 3372 pOpulusque
1714 3299 1941 3374 integer
2049 3292 2519 3370 uniuscujusque
2541 3294 2897 3352 conscientia
2920 3296 3280 3365 convenitur,
3301 3301 3371 3352 ut
3390 3299 3553 3353 tanto
3570 3310 3702 3353 uia-

276 3390 663 3448 barbarorum
691 3389 885 3455 subito
910 3388 1093 3445 Deum
1116 3389 1331 3461 sapuit,
1354 3388 1751 3460 virtutemque
1771 3392 1937 3445 tuam
2040 3387 2172 3458 jora
2203 3389 2425 3458 quaerat
2452 3386 2741 3441 bonorum
2774 3400 2951 3457 opera
2970 3383 3253 3458 lucraper
3270 3382 3697 3457 paenitentiam,

278 3472 487 3549 sensit,
508 3480 744 3536 odorem
764 3482 933 3534 tuum
959 3477 1475 3551 accepit,saporem
1487 3480 1657 3533 tuum
1681 3478 1936 3545 strinxit,

277 3562 650 3639 dulcedinem
666 3570 834 3624 ‘tuam
850 3565 1130 3641 gustavit,
1154 3563 1408 3622 cilicium
1432 3569 1599 3621 tuum
1631 3566 1936 3631 contraxit,

279 3660 575 3731 iacrymas
605 3660 738 3713 tuas
767 3647 1050 3728 profudit,
1083 3653 1367 3727 gemitum
1389 3656 1559 3709 tuum
1591 3654 1942 3728 suspirium-

279 3754 398 3821 qua
430 3745 741 3820 persensit,
766 3745 995 3801 fructus
1015 3743 1301 3799 ubertatis
1321 3747 1435 3798 tum
1463 3742 1833 3799 abundanter
1851 3758 1939 3801 ex-

279 3830 580 3902 hibuit,et
608 3834 691 3891 sic
722 3846 899 3907 opera
932 3837 1035 3889 tua
1063 3847 1179 3888 non
1213 3830 1404 3888 solum
1441 3830 1686 3888 decretae
1730 3831 1939 3888 mortis

280 3922 607 3982 discrimen
628 3924 831 3992 evasit,
848 3922 957 3980 sed
982 3922 1159 3978 etiam
1184 3916 1317 3976 vitae
1336 3919 1647 3994 incognitis
1664 3934 1937 3978 coronam

281 4015 528 4088 accepit.
542 4010 693 4069 Dum
715 4010 898 4086 igitur
918 4012 976 4068 in
996 4008 1739 4084 haevitasumus,agamus
1754 4001 1941 4084 paeni-

280 4096 529 4161 tentiam
561 4104 693 4159 cum
718 4101 997 4175 lacrymis
1027 4100 1086 4156 et
1099 4098 1483 4169 orationibus,
1502 4100 1770 4173 jejuniis,
1797 4092 1941 4157 elea-

282 4193 571 4266 mosyuis,
596 4190 944 4263 taeter-isque
974 4188 1146 4246 bonis
1172 4184 1449 4262 operibus
1478 4200 1582 4262 pro
1610 4191 1868 4263 peccatis
1885 4192 1944 4246 et

280 4281 615 4341 sceleribus
634 4274 877 4347 nostris,
903 4290 983 4336 ne
1014 4274 1141 4337 siue
1162 4279 1277 4334 tina
1300 4278 1365 4334 in
1397 4278 1698 4352 perpetuis
1724 4279 1943 4335 crucie-

282 4376 423 4427 mur
443 4368 662 4443 poenis,-
697 4364 798 4423 ubi
828 4375 947 4423 non
978 4371 1067 4423 est
1098 4365 1458 4439 pmnitenti‘a,
1480 4380 1587 4422 nec
1610 4362 1733 4423 ulla
1752 4366 1943 4423 indui-

280 4458 504 4533 gentia,
538 4457 639 4514 sed
670 4457 758 4513 ira
788 4460 845 4513 et
874 4456 999 4514 sine
1029 4455 1357 4512 cessatione
1387 4456 1697 4512 tormenta.

892 4577 1126 4636 CAPUT
1171 4577 1331 4634 LXV.

392 4700 472 4756 De
494 4698 660 4756 laude
678 4705 741 4755 et
762 4696 1009 4754 utilitate
1046 4696 1431 4769 lacrymurum
1468 4697 1830 4768 paenitentiae.

354 4813 743 4888 Omnipotens
771 4811 928 4869 enim
955 4812 1109 4868 Deus
1139 4810 1550 4868 contritionem
1582 4811 1813 4884 quaerit,
1846 4811 1941 4868 ile-

278 4904 448 4961 tibus
479 4902 1029 4977 ﬂectitur,lugentes
1050 4899 1323 4969 laetiﬁcat,
1347 4899 1766 4972 paenitentibus
1797 4914 1941 4974 pra:-

282 4998 375 5051 sto
393 4996 504 5065 est,
528 5008 780 5066 magnus
801 4990 1094 5065 profectus
1114 4992 1203 5046 est
1221 4986 1636 5063 lacrymarum.
1660 4989 1941 5046 Plorando

282 5092 493 5141 servus
524 5080 800 5157 propitiat
836 5079 1166 5147 dominum,
1199 5077 1358 5134 ﬁlius
1385 5076 1662 5152 lacrymis
1712 5076 1943 5151 mitigat

280 5169 536 5246 patrem,
561 5175 618 5227 et
645 5186 916 5243 asperam
947 5172 1194 5225 matrem
1226 5165 1462 5239 plorans
1494 5165 1773 5239 parvulus
1798 5165 1945 5222 mul-

280 5260 489 5318 cet.lta
526 5262 1047 5334 ergc’at‘peCcator
1068 5254 1332 5331 professis
1362 5252 1641 5328 laerymis
1684 5254 1944 5311 removet

280 5346 934 5406 iramIDei‘refdi-raarus
955 5346 1014 5401 in
1037 5344 1185 5419 ipso.
1206 5342 1419 5400 Petrus
1440 5354 1695 5416 namque
1718 5342 1941 5399 trinam

279 5436 658 5512 n’ega‘tidhém
678 5434 956 5512 lacrymis
987 5422 1179 5491 diluit.
1212 5427 1507 5506 Scriptum
1530 5434 1632 5488 west
1660 5432 1854 5488 enim:
1882 5428 1943 5489 Et

277 5526 605 5586 resumam
640 5524 860 5595 “Petrus,
918 5527 1054 5596 ξιον,
1085 5520 1245 5599 ﬂevit
1289 5530 1479 5579 amare
1514 5519 1709 5592 (Marc.
1756 5522 1938 5592 ππ).

282 5616 471 5679 David
530 5618 687 5677 enim
746 5614 920 5675 dicit:
968 5614 1169 5686 Venite,
1230 5611 1535 5681 adoremus,
1574 5618 1637 5694 et]
1663 5610 1943 5690 ploremus

1967 4565 2014 4629 D

2048 3478 2268 3548 quanto
2282 3472 2555 3548 graviora
2574 3473 2686 3530 sibi
2708 3473 2909 3529 intulit
2931 3473 3147 3530 damna
3166 3470 3701 3546 percuipamﬂuia

2047 3571 2182 3620 vero
2200 3562 2271 3619 ad
2288 3578 2497 3635 magna
2511 3576 2619 3618 nos
2633 3568 2808 3634 opera
2821 3561 3078 3619 Juannes
3090 3562 3369 3618 admonet
3379 3559 3702 3618 dicenszli’rt-

2047 3654 2152 3709 cite
2170 3654 2385 3725 [metus
2399 3651 2589 3723 dignos
2599 3652 2948 3724 paenitentia?
2968 3648 3171 3723 (Matth.
3202 3649 3313 3723 m);
3336 3653 3393 3707 et
3412 3662 3656 3707 rursum
3682 3667 3697 3707 :

2050 3741 2157 3810 Qui
2186 3741 2349 3796 habet
2375 3739 2512 3795 duas
2541 3742 2776 3809 tunicas,
2809 3742 2907 3798 det
2933 3757 3041 3797 non
3072 3740 3337 3806 habenti;
3361 3741 3526 3814 ετραί
3544 3737 3705 3797 habet

2047 3846 2215 3897 escas,
2245 3831 2512 3885 similiter
2535 3831 2711 3902 faciat
2740 3829 2892 3900 (Luc.
2927 3831 3032 3903 In);
3058 3832 3185 3902 jam
3232 3830 3499 3903 patenter
3527 3827 3709 3886 datur

2048 3914 2296 3991 intelligi
2328 3917 2467 3991 quid
2500 3922 2589 3974 est
2618 3918 2773 3990 quod
2803 3916 3031 3975 Veritas
3064 3918 3238 3974 dicit:
3268 3920 3308 3974 A
3332 3918 3524 3975 diebus
3542 3920 3703 3977 Joan-

2048 4010 2138 4064 nis
2171 4006 2429 4080 Baptism
2458 4021 2623 4079 usque
2649 4020 2798 4062 nunc
2815 4013 3045 4075 regnum
3061 4007 3317 4062 caelorum
3333 4009 3447 4062 vim
3464 4009 3698 4080 patitur,

2048 4106 2100 4155 et
2124 4098 2359 4154 violenti
2409 4099 2637 4169 rapiunt
2666 4094 2808 4151 illud
2862 4094 3076 4168 (Matth.
3108 4095 3209 4166 ΧΥ).
3259 4090 3405 4159 Quae
3428 4106 3702 4168 superus!

2049 4182 2225 4244 verba
2238 4186 2536 4243 sententiae
2559 4184 2728 4241 nobis
2743 4188 2883 4240 sunt
2895 4199 2949 4238 m
2958 4196 3181 4257 agnope
3188 4199 3245 4239 re
3256 4183 3700 4256 perscrutanda.

2049 4268 2197 4332 Nam
2214 4273 2595 4346 quaerendum
2613 4270 3010 4345 estqucmodo
3029 4269 3145 4327 vim
3158 4264 3703 4345 regnumcce’icrum

2049 4363 2271 4437 perpeti
2302 4361 2511 4436 possit.
2540 4361 2686 4428 Quis
2716 4360 2872 4418 enim
2901 4358 3045 4416 caelo
3068 4357 3408 4416 violentiam
3434 4354 3709 4434 iri-ngat?

2050 4455 2107 4509 et
2132 4466 2343 4509 rursus
2395 4448 2775 4524 quaerendum
2805 4452 2896 4506 est
2936 4444 2983 4507 si
3013 4448 3134 4523 pati
3162 4449 3279 4505 vim
3311 4460 3557 4522 regnum
3588 4462 3703 4506 ctus

2047 4541 2497 4612 lorum‘potest.
2522 4541 2649 4596 Cur
2693 4538 2957 4595 eamdem
3002 4536 3123 4594 vim
3156 4550 3197 4594 a
3224 4536 3431 4594 diebus
3461 4532 3711 4595 JOann'is

2050 4629 2320 4702 Baptistae
2352 4633 2410 4684 et
2440 4621 2569 4682 ’που
2617 4628 2794 4683 etiam
2825 4630 2995 4682 antea
3025 4625 3348 4699 pertulerit.
3371 4626 3400 4683 ‘2
3427 4627 3536 4683 Sed
3568 4642 3702 4683 cum

2050 4717 2143 4773 rex
2172 4717 2329 4773 dicat
2354 4735 2367 4773 :
2399 4716 2461 4773 Si
2489 4717 2623 4790 quis
2646 4716 2774 4772 haec
2804 4715 3016 4771 vel’i’lla
3046 4716 3248 4772 fecerit
3277 4719 3462 4772 morte
3494 4715 3704 4772 moria;

2050 4810 2166 4873 tur,
2190 4805 2416 4861 cunctis
2438 4804 2767 4878 legentibus
2784 4803 2990 4877 liquet,
3015 4805 3156 4878 quia
3174 4810 3508 4878 peccatores
3530 4820 3705 4877 quos-

2050 4910 2164 4969 que
2188 4900 2368 4967 .pcnn‘a
2395 4910 2513 4950 sum
2546 4894 2872 4950 severitatis
2902 4893 3168 4968 perculit,
3206 4910 3322 4951 non
3376 4897 3570 4950 autem
3600 4909 3705 4966 per

2048 4983 2452 5058 paenitentiam
2486 4982 2558 5038 ad
2588 4983 2767 5039 vitam
2802 4982 3092 5056 perduxit.

2112 5075 2264 5130 Cum
2280 5075 2475 5128 autem
2486 5071 3439 5147 JoannesBaptista,Redemptoris
3452 5069 3702 5145 gratiam

2052 5160 2843 5236 praecurrens,pceuitentiam
2858 5160 3134 5234 praedicat
3146 5166 3212 5218 ut
3221 5161 3616 5235 peccator,qui
3628 5177 3704 5218 ex

2050 5251 2224 5324 culpa
2244 5255 2335 5306 est
2360 5252 2628 5305 mortuus
2651 5264 2759 5321 per
2773 5249 3210 5306 conversionem
3241 5251 3418 5318 vivat,
3447 5251 3704 5322 profecto

2050 5357 2084 5396 α
2104 5340 2291 5396 diebus
2303 5337 2541 5398 Joannis
2565 5336 2828 5409 Baptistae
2836 5346 3065 5409 regnum
3075 5338 3334 5395 caelorum
3346 5340 3458 5394 vim
3466 5339 3700 5409 patitur.

2051 5428 2199 5496 Quid
2211 5431 2299 5484 est
2310 5432 2507 5484 autem
2521 5439 2771 5498 regnum
2785 5424 3061 5481 caelorum
3073 5420 3189 5483 nisi
3203 5424 3707 5498 locusj'astorum'?

2049 5518 2197 5575 Soi’rs
2228 5515 2384 5574 enim
2402 5515 2586 5588 justis
2616 5512 2872 5571 caelestis
2901 5515 3103 5588 patriae
3135 5516 3373 5589 praemia
3394 5513 3701 5583 debentur,

2052 5613 2117 5668 ut
2134 5603 2408 5676 humiles,
2432 5602 2601 5674 casti,
2625 5602 2821 5674 mites,
2844 5606 3020 5683 atque
3043 5602 3452 5663 misericordes
3472 5603 3545 5661 ad
3564 5614 3704 5680 guu-
