4102 6180
515 303 627 362 331
890 291 1322 371 .HAYMONIS
1368 290 1911 383 HALBERSTAT.
1961 287 2202 352 EPISC.
2250 291 2422 351 OPP.
2470 291 2670 350 PARS
2715 287 2921 351 llI.—
2953 285 3489 354 MISCELLANEA.
3720 304 3810 364 932

515 437 604 489 diu
641 430 996 502 sempiterna
1027 424 1380 499 perveniant.
1416 425 1559 479 Cum
1591 439 1723 478 vero
1756 423 1889 494 quis
1922 421 2007 477 vel
2059 440 2159 478 su-
2192 423 2246 489 Α
2275 422 2526 477 avaritize
2557 421 2794 478 aestibus
2825 421 3107 478 anhelans
3149 421 3326 478 aliena
3353 424 3582 498 diripuit,
3625 431 3813 500 aspiciat

513 523 717 599 pm‘bia
745 518 1029 584 tumidus,
1062 514 1150 570 vel
1199 514 1391 569 carnis
1449 513 1704 568 facinore
1757 511 2036 584 pollutus,
2076 509 2165 566 vel
2277 511 2585 578 Zacheum,
2620 510 2716 583 qui
2759 510 2807 566 si
2852 510 2989 582 quid
3023 510 3194 566 alicui
3224 512 3465 580 asbtulit,
3497 517 3814 590 quadruplum

513 602 1243 671 iracundia‘accensus,vel
1275 601 1615 658 crudelitate
1639 599 2014 672 impius,post
2043 600 2166 654 cul-
2276 600 2718 656 reddidit.Alius
2740 599 2998 655 libidinis
3030 599 3162 672 igne
3182 605 3662 672 succcnsus,carnis
3686 624 3814 664 mun.

513 720 617 776 pas
649 699 722 756 ad
752 693 1150 770 pamitentiam
1187 692 1353 757 redit,
1396 695 1452 744 et
1497 690 1676 744 vitam
1724 693 1998 744 aeternam
2029 706 2164 761 per-
2274 687 2479 743 ditiam
2511 689 2781 761 perdidit,
2798 687 3046 761 aspiciat
3068 689 3304 744 Mariam
3324 707 3439 762 quis
3459 691 3512 746 in
3537 709 3590 748 se
3615 711 3814 753 amorem

510 790 674 863 cipit,
726 785 894 859 quasi
949 783 1008 837 in
1064 781 1255 836 locum
1298 783 1565 851 peccator
1594 778 1772 834 intrat
1803 777 2082 846 alienum.
2117 783 2158 834 Α
2271 779 2466 833 carnis
2496 778 2629 849 igne
2652 777 2828 832 divini
2860 777 3076 832 amoris
3097 779 3329 833 excoxit.
3357 779 3486 834 Ecce
3513 779 3816 854 Omnipotens

508 879 698 934 diebus
727 891 853 944 ergo
897 872 1125 929 Joannis
1153 871 1415 940 Baptistae
1465 884 1692 938 regnum
1742 869 1999 922 caelorum
2049 869 2161 923 vim
2270 867 2688 939 ubiqueoculis
2712 867 2926 922 nostris
2949 865 3101 937 quod
3125 865 3332 922 imitari
3350 868 3630 924 debeamus
3644 871 3812 942 objicit,

504 970 738 1040 patitur,
764 969 815 1019 et
829 963 1049 1018 violenti
1069 961 1294 1030 rapiunt
1312 957 1618 1029 illud,quia
1631 957 1726 1028 qui
1754 956 2157 1028 paenitentiam
2268 956 2487 1028 ubique
2503 955 2768 1028 exempla
2780 973 2896 1010 suae
2911 955 3316 1011 misericordia
3330 957 3697 1028 opponit.Mala
3715 978 3814 1033 ergo

509 1046 1304 1130 peccatoribusindixit,quid
1321 1046 1670 1117 aliudquam
1687 1045 2156 1119 regnocmlorum
2259 1045 2386 1115 jam
2437 1043 2784 1116 displiceant
2832 1043 2918 1100 vel
2951 1049 3203 1117 experta.
3238 1045 3492 1100 Libenter
3529 1047 3815 1105 obliviscitur

506 1143 630 1200 ﬁeri
662 1140 999 1196 violentiam
1046 1137 1261 1193 docuit.
1299 1134 1706 1207 Recogitemus
1737 1150 1894 1205 ergo,
1946 1135 2154 1190 fratres
2265 1133 2633 1205 omnipotens
2660 1135 2812 1189 Deus
2836 1133 2990 1205 quod
3012 1137 3286 1188 nocentes
3308 1133 3729 1207 fuimus,paratus
3751 1143 3815 1193 est

505 1229 858 1297 charissimi,
894 1227 1047 1283 mala
1079 1243 1208 1298 quae
1252 1223 1519 1290 fecimus,
1552 1227 1609 1279 et
1640 1223 2030 1294 nosmetipsos
2060 1240 2151 1278 as-
2264 1222 2664 1294 paenitentiam
2687 1227 2948 1277 nostram
2963 1221 3814 1296 nobisadinnocentiamdeputare

504 1320 690 1376 siduis
718 1317 993 1374 lamentis
1019 1319 1361 1379 atteramus,
1393 1312 1791 1368 haereditatem
1825 1312 2148 1382 justorum,
2262 1311 2555 1383 Inquinati
2581 1315 2907 1382 postaquas
2921 1310 3814 1385 salutisrenascamurexlacrymis.

502 1425 681 1482 quam
708 1425 823 1462 non
849 1405 1150 1462 tenuimus
1173 1420 1276 1475 per
1306 1402 1504 1472 vitam,
1535 1401 1833 1473 rapiamus
1855 1418 1956 1472 per
1977 1401 2152 1473 pmni-
2260 1401 2462 1472 Itaque
2467 1401 2638 1472 juxta
2655 1400 2828 1473 primi
2853 1400 3104 1472 pastoris
3123 1417 3348 1455 vocem:
3380 1401 3519 1456 Sicut
3541 1402 3671 1456 modo
3684 1405 3816 1470 geniti

500 1497 765 1553 tentiam.
799 1495 939 1550 Vult
969 1511 1001 1547 a
1041 1492 1210 1547 nobis
1236 1491 1608 1562 omnipotens
1639 1490 1793 1545 Deus
1824 1488 1998 1544 talem
2029 1489 2147 1545 vio-
2259 1491 2496 1560 infantes
2538 1490 2622 1544 lac
2667 1491 3027 1560 concupiscite
3057 1491 3103 1557 (ι
3134 1492 3249 1544 Pet.
3279 1490 3360 1560 ιι).
3406 1489 3602 1558 ltedite,
3644 1491 3815 1561 parvuli

499 1585 739 1642 lentiam
774 1583 1014 1657 perpeti.
1050 1583 1192 1635 Nam
1227 1597 1470 1652 regnum
1521 1578 1796 1634 cmlorum
1846 1578 1970 1650 rapi
2028 1578 2149 1634 vult
2257 1575 2462 1643 filii,ad
2494 1575 2690 1630 sinum
2726 1576 2931 1632 matris
2963 1580 3164 1632 vestrae
3195 1581 3410 1632 aeternae
3441 1577 3712 1649 sapientiae.
3734 1583 3815 1632 Su-

499 1673 682 1731 nostri
717 1674 974 1739 ﬂetibus,
1009 1670 1163 1742 quod
1195 1669 1410 1724 nostris
1442 1668 1666 1723 meritis
1713 1685 1827 1722 non
1878 1667 2143 1722 debetur.
2257 1663 2372 1737 gite
2403 1663 2566 1738 larga
2613 1666 2792 1720 ubera
2840 1665 3072 1738 pietatis
3103 1666 3226 1720 Dei.
3278 1666 3573 1721 Transacta
3599 1665 3813 1738 plangite,

494 1767 540 1818 A
559 1764 678 1835 spei
703 1778 839 1834 ergo
853 1759 1199 1816 certitudine
1217 1756 1380 1812 nulla
1392 1773 1496 1811 nos
1510 1755 1796 1810 malorum
1813 1760 2144 1810 nostrorum
2181 1809 2224 1835 η
2258 1753 2625 1809 imminentia
2650 1755 2842 1810 vitate.
2869 1754 3223 1826 Redemptor
3245 1759 3432 1810 noster
3455 1760 3814 1810 momentaneos

496 1809 1841 1924 quvdlitavs-fnull—aquantitasfrangat.Praestat
1871 1861 2145 1917 magnam
2181 1809 2225 1873 Β
2259 1843 2427 1897 fletus
2458 1848 2681 1898 vestros
2712 1809 2925 1898 azterno
2958 1809 3356 1898 consblabitur
3381 1842 3593 1916 gaudio.

494 1933 1232 1994 venizeﬁduciamlatroille
1246 1932 1727 2003 venerabilis,qui
1752 1949 1864 1987 non
1890 1932 2023 1988 inde
2050 1951 2145 1989 ve-
2841 1931 3072 1987 CAPUT
3105 1931 3315 1987 LXVII.

495 2019 2142 2090 nerabilisundelatro:namlatroexcrudelitate,venera-
2519 2061 2524 2064 -
2610 2022 2682 2077 De
2721 2023 3126 2092 perseverantia
3171 2022 3302 2076 boni
3347 2023 3530 2092 operis.

493 2114 626 2170 bilis
641 2110 1368 2182 exconfessione.Cogitate
1381 2127 1516 2181 ergo
1529 2109 1774 2182 cogitate
1787 2127 1914 2182 quae
1931 2110 2142 2166 sintin-
2323 2109 2524 2166 Virtus
2554 2109 2688 2165 boni
2719 2108 2911 2181 aperis
2941 2110 3370 2181 perseverantia
3397 2116 3496 2176 est,
3527 2114 3578 2165 et
3601 2126 3712 2165 voce
3734 2110 3814 2166 Ve-

492 2200 1045 2276 comprehensibilia
1067 2199 2139 2271 omnipotentiDeomisericordiazvis-
2253 2197 2443 2254 ritatis
2470 2198 2714 2252 dicitur:
2773 2199 2879 2266 Qui
2905 2206 3086 2253 autem
3139 2201 3552 2270 perseveraverit
3600 2215 3736 2270 usque
3772 2201 3812 2252 in

492 2309 642 2348 cera.
662 2293 829 2346 Latro
844 2292 952 2346 iste
965 2288 1219 2344 cruentis
1235 2289 2140 2345 manibusabstractusestafau-
2249 2289 2435 2358 finem,
2467 2289 2556 2341 hic
2569 2289 2753 2342 salvus
2774 2289 2878 2342 erit
2905 2287 3118 2358 (Matth.
3139 2287 3220 2358 Χ).
3251 2289 3534 2343 Incassum
3556 2287 3732 2359 quippe
3747 2287 3817 2340 bo-

493 2398 556 2436 ce
579 2381 824 2445 itineris,
851 2394 1174 2451 suspensus
1195 2377 1361 2433 estin
1394 2373 1654 2448 patibulo
1676 2377 1978 2444 crucis,ibi
2002 2395 2136 2433 con-
2251 2393 2392 2432 num
2424 2376 2618 2448 agitur
2667 2376 2715 2430 si
2749 2380 2880 2431 ante
2909 2376 3035 2431 vitae
3086 2376 3402 2432 terminum
3450 2378 3725 2432 deseratur.
3761 2377 3815 2430 Ex

494 2472 684 2525 fessus
714 2473 822 2536 est,
848 2467 926 2523 ibi
950 2472 1192 2522 sanatus
1221 2469 1330 2532 est,
1355 2466 1432 2520 ibi
1466 2466 1668 2520 audire
1701 2466 1932 2522 meruit:
1959 2467 2140 2524 Hodie
2249 2469 2532 2536 praacepto
2583 2464 2728 2537 legis
2783 2467 2972 2533 (Levit.
3033 2465 3116 2535 ιιι)
3177 2466 3368 2521 cauda
3409 2465 3594 2521 hostiis
3630 2465 3818 2536 jubctur

490 2575 720 2614 mecum
740 2557 927 2613 erisin
950 2555 1399 2628 paradiso.Quid
1415 2554 2026 2626 esthoc‘?quistantam
2041 2557 2139 2610 bo-
2249 2553 2460 2608 offerri.
2497 2554 2558 2609 In
2591 2553 2777 2610 cauda
2810 2553 3024 2626 quippe
3072 2554 3208 2610 finis
3240 2559 3329 2610 est
3375 2555 3628 2626 corporis.
3659 2556 3711 2608 Et
3747 2553 3814 2607 ille

489 2649 728 2703 nitatem
744 2643 2140 2718 dicereDei,quisaestimaresufficiat?deipsapce-
2247 2643 2394 2698 bene
2426 2642 2689 2698 immolat
2719 2643 2816 2714 qui
2843 2643 3197 2697 sacrificium
3236 2644 3366 2698 boni
3396 2643 3573 2716 operis
3593 2660 3743 2714 usque
3762 2643 3815 2696 ad

489 2731 2135 2806 nacriminispervenitadprasmiavirtutistcircoautem
2248 2732 2421 2788 ﬁnem
2471 2731 2676 2786 debitae
2708 2733 2973 2803 perducit
3021 2731 3287 2788 actionis.
3323 2733 3460 2788 Hinc
3486 2732 3677 2804 Joseph
3706 2732 3816 2785 inter

486 2825 853 2896 omnipotens
867 2820 1244 2879 Deuselectos
1266 2821 1476 2877 suosin
1499 2821 2135 2893 quibusdamlapsibus
2246 2820 2501 2892 reliquos
2532 2821 2739 2875 fratres
2771 2819 3013 2876 talarem
3044 2821 3306 2876 tunicam
3330 2821 3588 2877 habuisse
3602 2818 3816 2875 describi-

486 2915 691 2970 cadere
723 2913 1011 2986 permisit,
1039 2915 1102 2966 ut
1134 2910 1266 2966 aliis
1300 2910 1357 2964 in
1389 2908 1561 2981 culpa
1581 2909 2132 2980 jacentihus,sitoto
2244 2909 2512 2979 tur(Gen.
2548 2910 2776 2981 xxxvu).
2811 2909 3034 2964 Tunica
3065 2926 3197 2966 vero
3227 2926 3413 2982 usque
3444 2911 3511 2966 ad
3541 2909 3713 2974 talum,
3751 2910 3815 2962 est

484 3003 556 3057 ad
587 3020 720 3058 eum
742 3003 913 3058 corde
937 3005 1317 3073 consurgunt,
1342 3015 1505 3071 spem
1524 2999 1702 3054 veniae
1726 2999 1946 3066 reddat,
1973 3003 2029 3054 et
2049 3001 2134 3057 eis
2243 2999 2461 3055 bonum
2493 3016 2642 3071 opus
2660 2999 2928 3069 usquead
2941 3000 3521 3055 consummationem.
3544 3000 3682 3054 Tunc
3696 2997 3814 3054 enim

486 3108 588 3163 per
616 3091 870 3147 lamenta
891 3089 1240 3163 paenitentiae
1254 3089 1403 3144 viam
1432 3088 1664 3160 pietatis
1691 3088 1930 3160 aperiat.
1961 3089 2131 3144 Exer-
2242 3087 2429 3160 placet
2457 3088 2570 3142 Deo
2609 3091 2806 3142 nostra
2853 3088 3237 3154 conversatio,
3288 3106 3421 3144 cum
3469 3090 3661 3144 bonum
3696 3085 3814 3158 quod

484 3197 722 3256 ceamus
744 3197 879 3252 ergo
897 3177 2128 3250 nosmetipsosinlamentis,exstinguamus
2160 3174 2202 3240 C
2239 3175 2606 3244 inchoamus,
2642 3176 3032 3248 perseveranti
3082 3177 3197 3232 ﬁne
3245 3177 3609 3250 complemus.
3641 3182 3813 3231 Bonum

483 3268 946 3342 ﬂetibus,dignis
965 3266 2132 3342 pwnitentiacfructibus,culpas,tempora
2240 3281 2376 3338 ergo
2431 3283 2545 3320 non
2597 3264 2859 3337 cmpisse,
2893 3267 2992 3320 sed
3025 3266 3341 3337 perfecisse
3385 3267 3557 3322 virtus
3589 3271 3682 3322 est.
3721 3264 3812 3318 Non

483 3357 712 3414 indulta
743 3376 812 3413 ne
846 3361 1101 3430 pereant,
1135 3355 1275 3428 quia
1301 3357 1400 3427 qui
1425 3355 1640 3411 multos
1663 3374 1696 3411 a
1717 3356 1840 3412 suis
1867 3356 2130 3428 impieta-
2239 3354 2651 3409 inchoantibus
2669 3354 2972 3426 praemium
2992 3354 3375 3426 promittitur,
3395 3356 3490 3412 sed
3516 3368 3814 3428 perseveran-

482 3445 638 3503 tibus
654 3448 780 3518 jam
805 3452 1042 3502 sanatos
1058 3444 1544 3516 aspicimus,quid
1559 3444 1716 3500 aliud
1733 3462 1909 3516 quam
1930 3463 2130 3518 super-
2238 3443 2396 3498 tibus
2419 3444 2608 3498 datur.
2630 3449 2870 3516 Semper
2892 3444 2948 3498 in
2970 3444 3086 3498 vita
3108 3444 3367 3500 hominis
3389 3445 3516 3499 ﬁnis
3532 3441 3813 3516 quaerendus

481 3552 565 3590 me
585 3536 996 3591 misericordia:
1016 3534 1890 3607 pignustenemus.1mmensam
1908 3535 2132 3590 miseri-
2237 3537 2344 3600 est,
2389 3532 2527 3604 quia
2569 3533 2722 3588 Deus
2762 3550 2875 3587 non
2911 3532 3147 3603 respicit
3179 3534 3387 3604 quales
3417 3538 3540 3589 ante
3570 3531 3810 3594 fuerimus,

479 3623 737 3680 cordiam
769 3623 1097 3679 Conditoris
1149 3621 1330 3676 nostri
1373 3621 1630 3692 aspicere
1662 3621 1964 3687 debemus,
2025 3623 2125 3693 qui
2236 3621 2337 3676 sed
2370 3621 2573 3692 quales
2605 3621 2756 3676 circa
2782 3621 2953 3676 ﬁnem
2975 3621 3102 3676 vitae
3129 3623 3374 3680 erimus.
3400 3623 3814 3694 Unumquemque

479 3712 648 3767 nobis
673 3711 829 3766 velut
848 3711 905 3764 in
925 3712 1092 3782 signo
1117 3711 1187 3764 ad
1211 3709 1540 3780 exemplum
1561 3708 1909 3779 poenitentiae
1933 3710 2128 3781 posuit
2235 3710 2391 3765 enim
2438 3716 2587 3766 Deus
2617 3711 2687 3765 de
2720 3727 2824 3766 suo
2853 3710 2988 3778 fine,
3017 3727 3130 3766 non
3163 3712 3234 3766 de
3265 3713 3383 3768 vita
3413 3705 3812 3784 praeteritajudi-

477 3813 576 3853 eos
606 3815 752 3870 quos
785 3814 888 3870 per
918 3797 1319 3869 paenitentiam
1351 3797 1536 3852 vivere
1559 3801 1689 3868 post
1714 3796 1945 3868 lapsum
1971 3798 2122 3854 fecit.
2235 3803 2344 3854 cat.
2371 3799 2753 3854 Persistamus
2776 3799 2975 3870 igitur,
3000 3799 3518 3868 charissimi,omni
3541 3815 3656 3854 cum
3677 3797 3814 3851 inten-

476 3885 776 3957 Perpendo
801 3886 1014 3940 etenim
1038 3886 1294 3952 Petrum,
1315 3885 1620 3940 considero
1646 3883 1954 3954 latronem,
1976 3887 2127 3958 aspi-
2232 3888 2390 3943 tione
2420 3888 2479 3942 in
2511 3887 2723 3943 divinis
2748 3888 3345 3955 obsecrationibus,ut
3367 3907 3432 3944 ea
3455 3907 3574 3962 qua:
3594 3887 3637 3942 ei
3654 3882 3814 3958 placita

479 3974 568 4029 cio
593 3974 905 4040 Zacheum,
925 3975 1154 4030 intueor
1176 3975 1440 4041 Mariam,
1473 3979 1528 4030 et
1560 3973 1701 4029 nihil
1734 3974 1793 4028 in
1825 3974 1916 4030 his
1964 3975 2124 4031 aliud
2233 3982 2390 4047 sunt,
2427 3975 2595 4032 faciat
2625 3994 2731 4032 nos
2761 3994 2894 4031 cum
2928 3994 3036 4033 sua
3065 3979 3471 4035 benedictione
3500 3976 3749 4036 inchoare,
3773 3974 3814 4024 et

474 4063 659 4132 video,
685 4064 796 4120 nisi
830 4070 962 4120 ante
993 4063 1191 4120 oculos
1224 4067 1456 4120 nostros
1487 4063 1678 4135 posita
1703 4063 1825 4135 spei
1857 4069 1913 4118 et
1940 4064 2122 4136 pcnni-
2233 4082 2419 4138 usque
2452 4066 2522 4120 ad
2557 4066 3049 4136 perseverantiam
3081 4067 3236 4123 bona
3267 4069 3574 4140 perducere
3597 4075 3812 4120 consum-

474 4153 664 4209 tentize
696 4152 981 4226 exempla.
1029 4154 1294 4210 Fortasse
1323 4157 1519 4208 autem
1554 4153 1613 4207 in
1646 4153 1757 4208 fide
1788 4152 1989 4224 lapsus
2034 4158 2124 4210 est
2231 4153 2528 4222 mntionis,
2559 4155 2660 4226 qui
2692 4159 2780 4209 est
2808 4179 2838 4210 α
2869 4159 2926 4210 et
2953 4174 3010 4221 ω,
3045 4155 3403 4229 principium
3436 4161 3490 4213 et
3518 4155 3655 4214 ﬁnis.
3680 4152 3814 4208 Jesus

471 4240 1203 4314 aliquis,aspiciatPetrum
1226 4241 1323 4313 qui
1349 4258 1546 4298 amare
1565 4241 1900 4313 ﬂevit,quod
1919 4241 2121 4298 timide
2231 4242 2496 4298 Christus
2548 4243 2828 4298 Dominus
2877 4249 3090 4311 noster,
3143 4246 3413 4317 quicum
3462 4247 3614 4302 Patre
3639 4241 3751 4296 vivit
3772 4239 3813 4291 ct

471 4335 799 4404 negaverat.
832 4329 998 4386 Alius
1019 4335 1241 4397 contra,
1272 4330 1604 4403 proximum
1637 4330 1694 4384 in
1728 4329 1953 4386 malitia
1983 4346 2119 4385 cru-
2149 4329 2196 4394 D
2227 4333 2431 4400 regnat
2461 4329 2636 4401 Deus,
2669 4329 2726 4385 in
2759 4331 2983 4387 unitate
3012 4331 3268 4404 Spiritus
3301 4334 3486 4390 sancti
3518 4348 3610 4404 per
3631 4325 3812 4385 inﬁnita

469 4418 726 4475 delitatis
747 4419 982 4489 exarsit,
998 4419 1537 4492 aspiciatlatronem
1555 4417 1652 4490 qui
1677 4418 1944 4491 etinipso
1967 4435 2120 4474 mor-
2232 4417 2440 4472 saecula
2473 4417 2839 4474 seculorum.
2875 4421 3074 4476 Amen.

469 4506 802 4564 tisarticulo
819 4508 888 4562 ad
913 4507 1037 4562 vita:
1061 4507 1273 4580 primia
1295 4508 1627 4579 paenitendo
1649 4508 1930 4579 pervenit.
1956 4507 2122 4563 Alius

1717 4887 2049 4972 LIBER
2109 4888 2626 4976 TERTIUS.

1095 5227 1480 5284 PREFATIO.
2220 5226 2510 5282 tissimam
2562 5229 2971 5301 paternitatem
3027 5234 3189 5287 tuam
3235 5232 3444 5287 obnixe
3491 5231 3737 5301 deprecor
3765 5223 3812 5274 ut

535 5315 610 5367 De
643 5311 776 5384 igne
796 5316 1129 5386 purgatorio
1159 5321 1215 5372 et
1245 5318 1317 5373 de
1343 5318 1590 5372 adventu
1615 5317 1827 5373 Christi
1854 5316 1924 5371 ad
1948 5315 2109 5387 judi-
2221 5315 2475 5372 divinam
2495 5317 2839 5390 suppliciter
2857 5319 3054 5375 aeterni
3077 5319 3300 5375 Judicis
3315 5321 3664 5392 majestatem
3685 5312 3810 5369 inde-

462 5399 618 5455 cium
653 5417 875 5456 necnon
907 5409 964 5458 et
993 5404 1064 5458 de
1094 5410 1307 5461 aeterno
1349 5407 1609 5462 cruciatu
1656 5407 1861 5462 tertius
1894 5404 1986 5459 hic
2020 5405 2110 5461 in-
2220 5405 2537 5477 ﬁciensque
2559 5405 2859 5478 implores,
2894 5413 2958 5463 ut
2990 5425 3106 5464 una
3137 5413 3331 5465 tecum
3365 5427 3400 5465 a
3429 5407 3600 5464 tantis
3629 5413 3813 5460 merear

460 5489 632 5545 cheat
663 5489 914 5558 libellus,
949 5493 1140 5563 quiex
1165 5499 1500 5550 sanctorum
1525 5495 1760 5551 Patrum
1783 5492 2106 5567 opusculis,
2217 5494 2360 5566 eripi
2422 5495 2614 5564 malis,
2660 5499 2716 5551 et
2773 5497 2844 5552 ad
2902 5497 3080 5552 vitam
3141 5499 3440 5572 pervenire
3497 5495 3810 5572 perpetuam.

459 5577 740 5654 largiente
777 5579 1038 5649 Domino,
1071 5585 1299 5639 constat
1317 5600 1445 5641 esse
1466 5588 1789 5660 excerptus.
1818 5581 2106 5641 Excellen-
2215 5584 2419 5639 Amen.
