4102 6180
266 305 385 364 933

814 440 1044 497 CAPUT
1086 441 1394 498 PRIMUM.

273 554 424 624 Quod
448 571 546 627 pro
574 556 904 630 quibusdam
933 556 1140 630 levibus
1170 558 1343 630 culpis
1381 560 1526 630 ignis
1568 558 1923 630 purgatorius

590 643 705 684 esse
731 636 857 685 ante
877 629 1155 701 judicium
1182 628 1478 685 credendus
1502 628 1601 686 est.

344 751 454 807 Pro
485 750 842 823 quibusdam
876 752 1101 809 levibus
1124 752 1313 826 culpis
1334 770 1462 810 esse
1485 756 1618 809 ante
1631 753 1926 825 judicium

276 838 818 914 purgatoriusignis
835 842 1164 898 credendus
1189 845 1410 914 est,pro
1422 858 1489 898 eo
1521 843 1676 914 quod
1698 842 1928 898 Veritas

278 928 450 984 dicit:
488 928 639 997 Quod
668 930 719 985 si
773 932 896 1004 quis
927 932 988 985 in
1043 930 1260 1003 Spiritu
1311 940 1494 988 sancto
1535 931 1932 1004 blasphemiam

276 1018 505 1085 dixerit,
537 1035 647 1074 non
673 1021 984 1076 remittetur
1009 1021 1062 1076 ei
1090 1022 1151 1075 in
1181 1020 1281 1076 hoc
1298 1022 1518 1087 saeculo,
1550 1037 1722 1093 neque
1750 1023 1811 1077 in
1838 1021 1933 1091 fu-

280 1117 404 1165 turo
435 1107 772 1179 (Manlian).
792 1108 855 1164 In
870 1109 1474 1182 quasententiadatur
1494 1109 1736 1184 intelligi
1756 1126 1934 1183 quas-

283 1197 421 1253 dam
453 1193 657 1268 culpas
680 1195 738 1251 in
763 1196 873 1252 hoc
902 1196 1134 1265 saeculo,
1168 1198 1455 1269 quasdam
1491 1214 1625 1253 vero
1647 1198 1708 1254 in
1739 1199 1935 1254 futuro

284 1302 458 1358 posse
490 1283 691 1340 laxari.
727 1285 889 1349 Quod
942 1285 1100 1341 enim
1132 1286 1206 1342 de
1258 1302 1374 1341 uno
1429 1291 1695 1359 negatur,
1728 1303 1937 1342 conse-

283 1389 475 1446 quens
506 1371 842 1429 intellectus
876 1376 1055 1445 patet,
1081 1374 1219 1446 quia
1248 1374 1320 1430 de
1352 1374 1708 1446 quibusdam
1742 1391 1942 1431 conce-

283 1462 465 1518 ditur.
489 1461 597 1517 Sed
628 1464 827 1517 tamen
850 1466 913 1516 ut
935 1460 1199 1535 prazdixit
1213 1461 1324 1518 hoc
1350 1463 1421 1518 de
1443 1464 1633 1535 parvis
1656 1463 1944 1519 minimis-

284 1566 401 1624 que
432 1549 708 1623 peccatis,
740 1550 1100 1607 credendum
1130 1554 1221 1607 est
1274 1550 1399 1607 ﬁeri
1439 1568 1631 1624 posse.
1664 1551 1826 1607 Sicut
1856 1555 1948 1607 est

287 1639 569 1695 assiduus
598 1638 938 1711 otiosusque
968 1655 1183 1706 sermo,
1218 1639 1647 1696 immoderatus
1677 1632 1946 1708 risus,vel

291 1732 594 1801 peccatum
624 1743 774 1783 cura:
805 1727 887 1782 rei
922 1724 1362 1801 familiaris,qui
1392 1728 1485 1784 vix
1506 1728 1953 1802 sineculpaulla

287 1818 362 1874 ab
394 1816 540 1890 ipsis
564 1817 775 1890 agitur,
813 1816 910 1889 qui
942 1815 1176 1889 culpam
1219 1816 1473 1889 qualiter
1523 1818 1819 1875 declinare
1851 1819 1947 1875 de-
1979 1814 2027 1879 Β

293 1907 490 1973 beant,
524 1906 756 1961 sciunt:
790 1911 893 1961 aut
949 1906 1009 1960 in
1070 1922 1185 1961 non
1243 1906 1519 1979 gravibus
1572 1907 1747 1963 rebus
1787 1924 1949 1963 error

290 1993 789 2068 ignorantiae,qua
810 1997 1022 2049 cuncta
1047 1994 1220 2053 etiam
1249 1998 1387 2067 post
1400 1998 1649 2051 mortem
1682 1999 1944 2068 gravant,

290 2084 340 2141 si
372 2082 564 2140 adhuc
594 2084 653 2138 in
676 2082 785 2138 hac
804 2082 924 2138 vita
944 2082 1153 2155 positis
1171 2082 1415 2139 minime
1430 2083 1648 2140 fuerint
1669 2084 1944 2141 relaxata.

291 2173 441 2228 Nam
472 2176 532 2227 et
560 2188 696 2228 cum
718 2171 933 2227 Paulus
956 2171 1112 2228 dicat
1132 2171 1432 2228 Christum
1456 2188 1585 2229 esse
1607 2173 1951 2229 fundamen-

289 2267 422 2317 tum
451 2267 628 2334 atque
663 2262 1103 2333 subjungatur:
1135 2261 1199 2318 Si
1253 2264 1377 2333 quis
1431 2262 1953 2335 supermdiﬁcaverit

295 2367 465 2423 super
501 2350 600 2408 hoc
644 2350 1070 2421 fundamentum
1115 2367 1333 2417 aurum,
1393 2358 1698 2422 argentum,
1745 2352 1950 2424 lapides

292 2441 582 2513 pretiosos,
641 2439 877 2509 lignum,
958 2441 1245 2511 stipulam,
1306 2440 1736 2511 uniuscujusque
1820 2457 1952 2513 Opus

293 2529 457 2601 quale
500 2529 593 2594 sit,
643 2528 793 2597 ignis
831 2528 1105 2599 probabit,
1165 2527 1228 2583 Si
1272 2530 1429 2601 cujus
1478 2544 1609 2600 opus
1654 2530 1947 2598 manserit,

295 2617 441 2689 quod
466 2616 1005 2689 superaedi/icaverit,
1054 2617 1353 2673 mercedem
1408 2619 1655 2690 accipiet.
1689 2618 1751 2673 Si
1795 2619 1952 2689 cujus

298 2722 433 2779 opus
468 2706 689 2773 arserit,
713 2706 1099 2762 detrimentum
1123 2708 1382 2777 patietur,
1416 2708 1531 2778 ipse
1559 2715 1739 2762 tamen
1771 2707 1954 2762 salvus

294 2797 425 2861 erit,
451 2797 530 2850 sic
558 2798 741 2851 tamen
772 2796 934 2866 quasi
959 2811 1057 2867 per
1082 2796 1266 2864 ignem
1312 2797 1363 2864 (ι
1388 2795 1509 2851 Cor.
1547 2795 1645 2865 ιιι).
1680 2794 1955 2859 Quamvis

300 2885 412 2940 hoc
442 2884 512 2940 de
536 2884 671 2957 igne
700 2881 1096 2939 tribulationis
1118 2882 1178 2938 in
1211 2883 1317 2938 hac
1339 2884 1508 2940 nobis
1524 2884 1641 2940 vita
1668 2883 1955 2940 adhibitio

304 2972 497 3047 possit
521 2972 787 3046 intelligi,
821 2977 1016 3031 tamen
1047 2972 1096 3029 si
1128 2972 1344 3044 quibus
1374 2972 1497 3029 haec
1528 2972 1716 3045 dignae
1748 2974 1955 3029 futurae

306 3061 677 3136 purgationis
708 3061 974 3135 accipiat,
1007 3063 1376 3134 pensandum
1403 3062 1647 3119 sollicite
1677 3067 1785 3131 est,
1820 3063 1958 3135 quia

301 3149 475 3249 illum
506 3150 650 3249 dixit
687 3151 1006 3249 perignem
1030 3167 1201 3224 posse
1231 3150 1463 3249 salvari,
1498 3168 1615 3249 non
1647 3152 1957 3249 quinspper
1984 3183 2027 3249 ρ

302 3240 412 3296 hoc
431 3239 877 3296 fundamentum
901 3238 1340 3307 ferrum,azs,vel
1365 3238 1671 3312 plumbum
1686 3239 1953 3310 aediﬁcat,

300 3329 361 3384 id
393 3335 483 3385 est
502 3332 737 3402 peccata
748 3327 1214 3400 majora,idcirco
1236 3328 1955 3401 duriora,atquetuncjam

298 3416 662 3481 insolubilia,
694 3418 797 3473 sed
827 3416 1009 3489 ligna,
1042 3416 1263 3483 fenum,
1288 3416 1589 3489 stipulam,
1624 3418 1682 3473 id
1713 3422 1801 3474 est
1830 3434 1958 3491 pec-

297 3510 432 3562 cata
461 3505 708 3561 minima
729 3510 905 3578 atque
924 3504 1379 3577 levissima,quae
1404 3504 1572 3562 facile
1593 3505 1727 3579 igne
1753 3524 1957 3563 consu-

300 3598 569 3651 muntur.
601 3593 913 3650 Sciendum
943 3598 1139 3650 tamen
1172 3593 1280 3650 hoc
1311 3598 1400 3650 est
1431 3594 1570 3666 quia
1599 3594 1717 3651 illic
1749 3595 1956 3652 saltem

301 3684 377 3739 de
407 3683 673 3739 minimis
698 3682 783 3738 nil
814 3682 1073 3756 quisque
1098 3682 1463 3755 purgationis
1501 3683 1807 3751 obtinebit,
1843 3685 1957 3742 nisi

300 3773 480 3829 bonis
509 3772 619 3828 hoc
640 3773 867 3829 actibus
897 3772 956 3826 in
989 3771 1098 3827 hac
1126 3771 1317 3826 adhuc
1345 3770 1463 3827 vita
1495 3773 1823 3844 positus,ut
1841 3773 1956 3829 illic

303 3860 589 3929 obtineat,
622 3864 1044 3934 promereatur.

962 3984 1191 4042 CAPUT
1232 3986 1303 4042 II.

300 4094 380 4147 Be
406 4090 690 4147 salvandis
708 4106 812 4164 per
835 4090 1107 4164 ignem,id
1129 4100 1206 4147 est
1234 4091 1301 4147 de
1330 4091 1416 4147 his
1445 4093 1542 4164 qui
1568 4108 1733 4163 super
1750 4091 1955 4164 funda-

374 4166 643 4246 mentum,
663 4161 813 4246 quod
841 4170 918 4217 est
948 4162 1221 4246 Christus,
1244 4161 1512 4246 aurum,
1533 4161 1840 4246 argentum,
1872 4163 1956 4218 la-

369 4233 832 4307 pidespretiosos,
863 4249 961 4289 seu
1002 4242 1055 4290 et
1097 4234 1161 4289 de
1192 4235 1277 4289 his
1323 4236 1422 4307 qui
1466 4233 1699 4305 lignum,
1743 4236 1954 4305 fenum,

374 4304 641 4378 stipulam
669 4304 965 4376 aediﬁcant.

374 4434 458 4491 De
486 4434 583 4491 his
611 4434 712 4508 qui
742 4433 1214 4507 superedit'icant
1262 4451 1439 4509 super
1478 4434 1953 4504 fundamentum,

302 4523 463 4615 quod
492 4528 582 4581 est
605 4523 892 4615 Christus,
926 4540 1068 4615 ιιοιι⁸
1089 4530 1321 4591 auram,
1346 4527 1702 4615 argentum,
1732 4523 1957 4615 lapides
1988 4549 2035 4615 D

306 4612 621 4686 pretiosos,
654 4613 755 4669 sed
785 4611 1262 4685 lignum,fenum,
1284 4610 1563 4685 stipulam
1586 4612 1781 4681 ;dehis
1801 4613 1957 4668 enim

301 4702 531 4758 dictum
564 4704 654 4757 est
683 4702 837 4773 quod
868 4718 971 4774 per
998 4700 1194 4773 ignem
1227 4700 1371 4758 salvi
1402 4704 1734 4770 erunt,cum
1756 4701 1959 4757 funda-

301 4790 489 4846 menti
521 4788 728 4845 merito
761 4805 874 4845 non
908 4788 1202 4862 peribunt.
1237 4788 1328 4845 Sic
1358 4793 1447 4846 est
1490 4788 1955 4862 intelligendum,

302 4883 369 4934 ut
399 4878 496 4935 his
547 4877 874 4934 manifestis
928 4894 1046 4933 non
1104 4878 1411 4934 videantur
1456 4894 1586 4934 esse
1644 4879 1955 4936 contraria.

304 4968 492 5041 Ligna
514 4966 733 5040 quippe
755 4970 812 5023 et
833 4966 1053 5036 fenum,
1087 4971 1144 5024 et
1190 4965 1409 5040 stipula
1438 4984 1553 5025 non
1585 4967 1839 5025 absurde
1864 4985 1958 5024 ac-

302 5056 421 5130 cipi
447 5060 700 5130 possunt
728 5072 924 5113 rerum
956 5055 1326 5113 saecularium
1347 5056 1614 5129 quamvis
1642 5055 1800 5113 licite
1821 5074 1959 5113 con-

302 5144 809 5203 cessarum.Tales
829 5144 1177 5218 cupiditates
1190 5149 1385 5201 autem
1410 5143 1752 5212 amitti,sine
1774 5145 1954 5202 animi

305 5232 507 5290 dolore
537 5251 652 5291 non
684 5238 953 5309 possunt.
986 5233 1132 5290 Cum
1172 5238 1370 5290 autem
1399 5233 1511 5290 iste
1544 5234 1708 5290 dolor
1738 5234 1874 5301 urit,
1907 5235 1957 5291 si

303 5321 580 5379 Chnstus
602 5323 662 5379 in
684 5323 858 5380 corde
881 5322 1439 5379 fundamentihabet
1461 5322 1740 5390 locum,id
1762 5328 1870 5391 est,
1895 5329 1959 5380 ut

301 5410 455 5467 nihil
477 5411 528 5468 ei
562 5415 971 5485 anteponatur,
1003 5414 1060 5468 et
1089 5411 1257 5468 malit
1285 5410 1481 5479 homo,
1507 5410 1607 5483 qui
1637 5410 1739 5467 tali
1764 5412 1959 5471 dolore

299 5499 520 5571 uritur,
554 5500 729 5569 rebus
759 5517 908 5574 quas
938 5499 1021 5557 ita
1057 5500 1269 5574 diligit,
1304 5498 1492 5573 magis
1545 5515 1740 5556 carere
1779 5518 1958 5574 quam

297 5589 665 5668 Christo,per
690 5589 887 5666 ignem
921 5588 988 5648 ﬁt
1016 5588 1301 5650 salvus.Si
1325 5592 1522 5649 autem
1550 5603 1644 5648 res
1665 5589 1961 5667 ejusmodi

1188 307 1293 371 DE
1336 309 1785 372 VARIETA'I‘E
1831 278 2260 371 menmium.
2310 344 2386 351 -
2428 309 2580 370 LIB.
2626 310 2733 370 ιιι.

3562 314 3681 373 934

1962 443 2015 509 Α
2045 440 2395 514 temporales
2407 458 2475 497 ac
2487 441 2795 499 saeculares
2812 447 2925 513 tem
2935 460 3071 515 pore
3108 445 3447 501 tentationis
3463 444 3574 500 mal
3585 462 3682 503 ue-

2031 529 2315 586 rittenere
2350 547 2527 603 quam
2559 530 2879 600 Christum,
2901 548 3036 587 eum
3076 531 3132 586 in
3176 531 3683 589 fundamentonon

2031 618 2260 687 habuit,
2288 620 2428 691 quia
2457 619 2568 675 hoc
2588 620 2777 692 priore
2798 620 2925 676 loco
2947 620 3178 692 habuit,
3209 636 3342 677 cum
3366 621 3427 676 in
3439 623 3686 679 aedifica-

2033 708 2193 765 tione
2230 708 2395 781 prius
2415 726 2544 765 non
2578 709 2653 765 sit
2673 707 2895 781 aliquid
2928 710 3481 783 fundamenti.lgnis
3496 715 3689 767 autem

2036 798 2107 853 de
2138 813 2204 852 eo
2236 794 2384 863 loco,
2417 798 2488 853 de
2518 814 2635 869 quo
2665 802 2754 853 est
2782 797 3013 853 locutus
3040 797 3695 870 Apostolus,talisdebet

2037 884 2307 958 intelligi,
2326 890 2391 941 ut
2422 886 2597 942 ambo
2628 903 2730 959 per
2749 904 2886 943 eum
2906 890 3225 954 transeant,
3246 888 3302 942 id
3329 891 3418 943 est
3445 886 3694 961 quiedi-

2040 975 2219 1031 ﬁcant
2247 991 2427 1047 super
2453 975 2568 1031 hoc
2601 976 3056 1032 fundamentum
3081 980 3628 1049 aurum,argentum
3643 981 3703 1033 et

2041 1062 2269 1136 lapides
2300 1064 2612 1136 pretiosos,
2645 1068 2701 1120 et
2727 1064 2827 1137 qui
2858 1064 3152 1121 aedificant
3180 1064 3699 1137 ligna,fenum,sti-

2043 1152 2265 1227 pulam.
2295 1153 2440 1209 Cum
2473 1157 2671 1209 autem
2710 1153 2822 1210 hoc
2875 1154 3119 1211 dixisset
3166 1154 3471 1225 adjunxit:
3508 1157 3695 1230 Unius,

2045 1242 2310 1316 cujusque
2338 1258 2473 1315 opus
2500 1244 2661 1316 quale
2714 1244 2806 1315 sit,
2865 1245 3010 1315 ignis
3055 1244 3311 1316 probabit
3339 1244 3386 1316 (I
3412 1246 3535 1303 Cor.
3590 1252 3697 1318 ιιι).

2048 1330 2110 1386 Si
2141 1332 2310 1402 cujus
2339 1348 2488 1404 opus
2546 1332 2953 1403 permanserit,
2995 1333 3150 1405 quod
3212 1334 3701 1405 superaedificavit

2052 1420 2378 1476 mercedem
2411 1420 2671 1493 accipiet.
2706 1421 2765 1477 Si
2797 1422 2970 1493 cujus
3019 1426 3214 1478 autem
3249 1438 3398 1494 opus
3426 1428 3700 1481 exustum

2055 1510 2247 1577 fuerit,
2280 1511 2563 1566 damnum
2593 1510 2998 1584 patietur,ipse
3030 1516 3225 1567 autem
3256 1511 3452 1568 salvus
3482 1512 3704 1582 erit,sic

2055 1603 2250 1654 tamen
2285 1598 2454 1671 quasi
2477 1616 2579 1671 per
2602 1600 2817 1672 ignem.
2842 1600 2966 1655 Non
2990 1600 3167 1655 unius
3187 1616 3323 1674 ergo
3345 1617 3567 1671 eorum,
3601 1603 3703 1659 sed

2058 1687 2369 1759 utriusque
2390 1703 2537 1759 opus
2554 1687 2704 1760 ignis
2723 1688 3008 1760 probabit.
3045 1689 3145 1744 Est
3159 1689 3397 1761 quidem
3410 1688 3563 1763 ignis
3579 1696 3704 1747 ten-

2061 1775 2207 1830 tatio
2231 1774 2725 1842 tribulationis,de
2758 1793 2872 1848 quo
2904 1780 3098 1849 aperte
3119 1775 3233 1833 alio
3264 1777 3389 1834 loco
3419 1779 3705 1853 scriptum

2056 1867 2179 1919 est:
2213 1863 2349 1919 Vasa
2401 1864 2569 1936 figuli
2621 1865 2816 1935 probat
2871 1866 3095 1934 fornax,
3142 1875 3194 1921 et
3248 1866 3490 1923 homines
3530 1869 3707 1940 justas

2055 1953 2282 2007 tentatio
2312 1952 2689 2007 tribulationis
2717 1952 2908 2021 (Eccli.
2940 1954 3140 2024 xxvu).
3175 1953 3289 2009 Iste
3327 1953 3481 2027 ignis
3506 1956 3566 2011 in
3596 1957 3707 2012 hac

2055 2039 2288 2096 intcrim
2320 2039 2439 2095 vita
2468 2038 2622 2108 facit,
2653 2040 2807 2112 quod
2856 2040 3169 2113 Apostolus
3217 2042 3334 2097 ait:
3368 2042 3427 2098 Si
3475 2045 3709 2100 accedat

2056 2130 2287 2185 duobus
2319 2128 2652 2196 ﬁdelibus,u
2665 2130 2720 2184 ni
2752 2128 2974 2185 scilicet
2989 2130 3115 2202 cogi
3127 2130 3268 2186 tanti
3290 2148 3417 2204 quae
3431 2136 3570 2187 sunt
3585 2132 3706 2200 Dei,

2057 2218 2351 2290 quomodo
2402 2217 2625 2291 placeat
2658 2218 2794 2281 Deo,
2858 2218 2965 2274 hoc
3021 2223 3112 2275 est
3169 2219 3477 2276 aediﬁcanti
3534 2238 3711 2294 super

2058 2307 2351 2364 Chrisl'um
2386 2306 2860 2375 fundamentum,
2885 2325 3116 2376 aurum,
3141 2309 3708 2382 argentum,lapides

2060 2397 2383 2469 pretiosos:
2420 2395 2585 2451 alteri
2615 2401 2810 2452 autem
2842 2397 3122 2469 cogitanti
3152 2414 3279 2469 quae
3311 2403 3450 2454 sunt
3478 2399 3708 2467 mundi,

2059 2485 2352 2557 quomodo
2383 2484 2609 2556 placeat
2656 2486 2842 2551 uxori,
2876 2485 2985 2541 hoc
3042 2491 3131 2542 est
3187 2486 3495 2544 aedificanti
3536 2504 3713 2562 super

2059 2574 2529 2638 fundamentum,
2564 2573 2747 2646 ligna,
2780 2575 3000 2640 fenum,
3034 2575 3337 2646 stipulam,
3379 2575 3538 2632 illius
3563 2594 3712 2649 opus

2062 2679 2175 2717 non
2204 2660 2631 2733 exuriturquia
2662 2677 2773 2716 non
2807 2677 2875 2716 ea
2895 2660 3097 2716 dilexit
3119 2678 3370 2733 quorum
3394 2663 3712 2720 amissione

2061 2750 2371 2806 crucietur.
2395 2749 2878 2804 Exuriturautem
2896 2749 3075 2820 hujus
3092 2766 3260 2822 Opus,
3285 2751 3562 2823 quoniam
3585 2752 3713 2808 sine

2061 2838 2261 2895 dolore
2292 2855 2407 2893 non
2438 2843 2838 2910 pereunt,quze
2868 2854 3000 2893 cum
3029 2854 3226 2894 amore
3254 2856 3527 2912 possessa
3549 2844 3709 2897 sunt.

2063 2928 2171 2983 Sed
2200 2927 2477 3000 quoniam
2492 2925 2771 2982 alterutra
2783 2926 3113 2982 conditione
3126 2928 3444 3000 proposita,
3470 2928 3554 2985 eis
3572 2928 3713 2984 mal-

2063 3016 2143 3072 let
2172 3032 2365 3071 carere
2397 3031 2573 3088 quam
2603 3014 2853 3086 Christo,
2886 3032 2989 3071 nec
3014 3016 3222 3072 timore
3243 3016 3551 3073 amittendi
3569 3016 3711 3074 talia

2065 3105 2279 3161 deserit
2291 3103 2887 3176 Christum,quamvis
2902 3104 3095 3160 doleat
3111 3121 3245 3161 cum
3267 3105 3711 3174 amittit,salvus

2066 3198 2155 3249 est
2176 3192 2529 3265 quidem,sic
2550 3196 2746 3248 tamen
2761 3192 2929 3264 quasi
2953 3192 3426 3266 perignem,quia
3444 3195 3560 3250 urit
3575 3211 3711 3251 eum

2065 3282 2229 3338 dolor
2259 3299 2449 3338 rerum
2504 3298 2651 3353 quas
2713 3280 2992 3338 dilexerat
3044 3283 3419 3355 amissarum,
3464 3284 3563 3339 sed
3597 3300 3714 3339 non

2066 3371 2368 3439 subvertit,
2392 3386 2582 3443 neque
2612 3369 2908 3426 consumit
2937 3370 3299 3426 fundamenti
3334 3370 3715 3427 stabilitatem

2066 3464 2241 3532 atque
2269 3459 2703 3531 incorruptione
2744 3458 3060 3527 munitum,
3094 3458 3207 3515 tale
3257 3458 3478 3531 aliquid
3536 3460 3715 3517 etiam

2064 3553 2198 3622 post
2225 3548 2376 3604 hanc
2404 3548 2582 3604 vitam
2604 3546 2728 3603 fieri
2770 3546 3108 3603 incredibile
3146 3564 3260 3603 non
3283 3553 3390 3605 est.
3425 3549 3493 3605 Et
3514 3556 3714 3605 utrum

2064 3637 2145 3694 ita
2173 3637 2249 3693 sit
2278 3636 2456 3710 quaeri
2490 3641 2699 3710 potest,
2724 3640 2781 3692 et
2810 3641 2913 3692 aut
2942 3636 3200 3693 invenire
3231 3642 3333 3693 aut
3368 3637 3548 3694 latere
3567 3654 3713 3693 non-

2066 3725 2259 3783 nullos
2284 3726 2486 3782 ﬁdeles
2517 3743 2618 3799 per
2664 3725 2860 3799 ignem
2912 3726 3228 3798 quemdam
3287 3725 3713 3799 purgatorium.

2066 3816 2316 3887 (Quanto
2348 3814 2538 3887 magis
2561 3814 2827 3870 minusve
2849 3813 3002 3869 bona
3024 3814 3331 3887 pereuntia
3348 3814 3676 3870 dilexerunt
3701 3833 3714 3883 ;

2065 3907 2227 3959 tanto
2257 3903 2485 3958 tardius
2517 3901 2810 3974 citiusque
2854 3900 3091 3974 salvari)
3142 3920 3258 3959 non
3317 3907 3515 3958 tamen
3549 3900 3716 3970 tales,

2065 3993 2135 4048 de
2165 3991 2383 4063 quibus
2412 3990 2634 4045 dictum
2666 3995 2757 4045 est
2785 3991 2940 4061 quod
2973 4006 3219 4063 regnum
3252 3991 3354 4046 Dei
3389 4008 3501 4046 non
3535 3991 3719 4063 possi-

2065 4081 2306 4149 debunt,
2340 4079 2453 4135 nisi
2487 4077 2898 4133 convenienter
2928 4079 3347 4150 pcenitentibus
3376 4079 3577 4133 eadem
3611 4079 3718 4133 cri-

2066 4171 2228 4226 mina
2256 4168 2646 4224 remittantur.
2672 4165 3095 4221 Convenienter
3113 4168 3309 4222 autem
3341 4165 3480 4234 dixi,
3514 4169 3577 4218 ut
3607 4169 3719 4220 ste-

2066 4258 2203 4315 riles
2231 4257 2291 4313 in
2323 4255 2708 4328 eleemosynis
2737 4270 2853 4309 non
2885 4254 3024 4310 sint.

2706 4386 2937 4444 CAPUT
2977 4386 3076 4443 IlI.

2068 4509 2218 4579 Quod
2246 4510 2385 4565 alter
2421 4508 2495 4563 sit
2523 4507 2669 4576 ignis
2694 4505 3073 4579 purgatorius,
3111 4504 3255 4560 alter
3283 4504 3379 4579 ille
3401 4510 3714 4575 perpetuus,
3816 4570 3827 4575 _

2307 4583 2367 4636 in
2396 4595 2499 4651 quo
2519 4576 2827 4650 peccatores
2856 4578 2976 4632 sine
3006 4576 3113 4647 ﬁne
3142 4577 3484 4631 cruciantur.

2136 4706 2294 4762 Alter
2321 4702 2479 4760 enim
2511 4705 2602 4758 est
2632 4700 2785 4775 ignis
2815 4698 2911 4755 ille
2942 4700 3201 4766 futurus,
3234 4700 3305 4755 de
3347 4716 3465 4772 quo
3494 4696 3714 4770 impiis,

2067 4794 2313 4852 Domino
2336 4791 2662 4865 judicante,
2713 4789 3029 4846 dicendum
3060 4793 3149 4845 est
3176 4806 3189 4844 :
3222 4788 3502 4845 Discedite
3546 4802 3582 4841 a
3608 4801 3714 4853 me,

2066 4883 2431 4950 maledicti,in
2456 4883 2639 4949 ignem
2656 4887 2949 4937 aeternum.
2980 4877 3139 4934 Alter
3167 4878 3276 4933 iste
3307 4877 3407 4950 qui
3442 4878 3717 4950 purgato-

2068 4972 2192 5029 rius
2220 4968 2452 5044 proprie
2484 4966 2832 5041 appellatur,
2879 4971 3117 5039 propter
3145 4983 3244 5022 eos
3300 4965 3401 5038 qui
3452 4980 3556 5037 per
3584 4978 3719 5019 eum

2070 5061 2212 5117 salvi
2243 5055 2707 5116 ﬁunt.Perillum
2731 5055 2887 5113 enim
2908 5055 3008 5127 qui
3033 5055 3267 5111 futurus
3292 5058 3380 5111 est
3402 5052 3721 5126 impiorum

2066 5149 2265 5207 nullus
2297 5146 2636 5213 salvabitur,
2670 5144 2827 5217 quia,
2852 5145 3025 5216 juxta
3082 5144 3239 5217 quod
3288 5142 3570 5216 scriptum
3609 5145 3718 5209 est,

2064 5242 2227 5297 Ibunt
2253 5239 2314 5294 hi
2342 5239 2404 5293 in
2438 5238 2623 5305 ignem
2648 5242 2939 5291 aeternum.
2972 5233 3078 5288 Per
3099 5233 3279 5288 istum
3304 5237 3501 5288 autem
3522 5230 3720 5303 ignem

2068 5328 2168 5402 qui
2195 5331 2254 5385 et
2282 5326 2490 5399 probat
2518 5328 2575 5381 et
2604 5326 2836 5396 purgat,
2869 5320 3111 5378 salvatio
3142 5322 3506 5395 promittitur
3526 5320 3720 5376 mani-

2072 5419 2235 5483 festa,
2268 5417 2340 5472 de
2366 5430 2483 5488 quo
2514 5412 2737 5469 dictum
2769 5415 2858 5466 est
2880 5413 3032 5467 :Dies
3063 5414 3215 5468 enim
3242 5411 3560 5477 declarabit,
3590 5409 3719 5482 quia

2069 5509 2130 5563 in
2160 5508 2287 5577 igne
2312 5502 2662 5569 revelabitur,
2694 5507 2746 5556 et
2788 5500 3226 5575 uniuscujusque
3271 5516 3405 5572 opus
3434 5497 3597 5570 quale
3624 5497 3716 5563 sit,

2072 5597 2217 5670 ignis
2244 5594 2497 5674 probabit
2519 5594 2568 5666 (ι
2598 5589 2719 5649 Cor.
2753 5590 2862 5665 ιιι).
2896 5588 2959 5648 In
3017 5588 3186 5649 illum
3233 5589 3392 5648 enim
3436 5591 3717 5645 aeternum
