4102 6180
470 222 591 289 939

869 218 1272 283 HAYMONIS
1316 220 1854 285 HALBERSTAT.
1901 219 2143 282 EPISC.
2192 216 2363 282 OPP.
2409 220 2613 283 PARS
2658 220 2764 283 IlI.
2802 257 2879 266 —
2907 219 3458 285 MISCELLANEA.
3500 294 3511 297 _

3707 229 3803 291 940

469 354 830 430 dignaretur,
865 355 916 411 ei
959 354 1212 412 carnalis
1245 342 1441 425 frater;
1477 355 1576 429 qui
1608 359 1747 411 tunc
1780 356 1981 410 aderat
2013 353 2115 420 ibi,
2145 354 2200 420 Α
2231 340 2406 409 dubio
2423 353 2546 408 coeli
2565 354 2887 425 portaz,imo
2902 354 3298 427 potiusipsum
3312 355 3510 412 cmlum
3524 356 3808 418 aufereture

469 462 578 505 cur
608 446 680 500 ab
724 444 1001 500 omnibus
1052 443 1428 500 abominatus
1472 448 1647 511 esset,
1682 442 1976 499 indicavit.
2016 442 2124 507 Qui

471 532 743 609 protinus
766 533 835 588 de
852 536 1014 589 reatu
1039 549 1145 588 suo
1158 532 1531 589 vehementer
1551 531 2041 606 ingemuit,atque
2064 531 2125 587 in

470 622 605 697 ipsa
634 620 875 678 tristitia
902 638 933 678 e
964 638 1203 694 corpore
1232 622 1423 678 exivit.
1455 621 1803 678 Nullatenus
1828 621 1985 677 enim
2016 620 2126 676 hoc

471 714 684 770 beatus
704 711 1019 784 Gregorius
1038 710 1222 766 facere
1230 710 1607 781 juberet,nisi
1629 712 1701 767 ad
1720 709 2125 784 purgationem

474 800 781 861 morientis
822 799 933 854 hoc
963 800 1241 871 prodesse
1269 800 1655 872 cognovisset.
1691 800 1813 855 Huc
1845 815 2030 871 usque
2055 799 2127 854 de

473 890 611 965 igne
642 888 997 963 purgatorio,
1040 887 1254 944 abhinc
1298 889 1371 944 de
1419 893 1676 946 extremo
1712 889 1938 962 judicio
1980 886 2126 944 insi-

473 980 751 1040 stendum
782 982 889 1035 est.

1115 1102 1352 1159 CAPUT
1390 1103 1482 1159 XI.

558 1225 641 1278 De
664 1219 819 1276 valde
847 1217 1121 1275 tremendo
1154 1219 1355 1276 Christi
1382 1219 1615 1274 adventu
1645 1218 1713 1274 ad
1733 1218 2029 1290 judicium.

538 1335 864 1393 Audiamus
885 1335 1178 1409 quomodo
1192 1335 1492 1408 prophetis
1510 1333 1943 1405 nuntiantibus(
1950 1336 2013 1388 ut
2024 1348 2124 1387 an-

473 1424 731 1483 nuntiari
763 1424 1106 1480 hominibus
1135 1424 1223 1479 fas
1254 1423 1383 1496 fuit)
1417 1424 1765 1497 praedicetur
1785 1421 2001 1479 Christi
2032 1421 2128 1476 ad-

468 1517 701 1572 ventus.
734 1514 829 1569 Ait
848 1530 984 1586 ergo
1015 1514 1257 1586 quidam
1297 1530 1366 1569 ex
1395 1513 1478 1569 eis
1505 1530 1518 1569 :
1550 1515 1689 1569 Deus
1718 1513 2005 1584 manifeste
2034 1527 2128 1566 ve-

470 1605 606 1671 niet,
637 1605 780 1661 Deus
828 1611 1013 1660 noster
1060 1610 1262 1659 etnon
1312 1603 1519 1659 silebit.
1569 1604 1725 1672 Ignis
1773 1605 1900 1657 ante
1948 1602 2126 1671 ipsum

471 1692 707 1763 ardebit,
753 1701 804 1750 et
851 1694 911 1748 in
938 1694 1175 1749 circuitu
1223 1693 1340 1764 ejus
1376 1692 1619 1763 procella
1658 1690 1866 1746 valida.
1914 1689 2128 1745 Vocavit

469 1783 669 1841 caelum
705 1799 946 1848 sursum,
979 1789 1031 1838 et
1059 1789 1260 1838 terram
1301 1780 1610 1836 discernere
1658 1779 1922 1851 populum
1965 1794 2127 1833 suum

471 1872 645 1945 (Psal.
671 1874 841 1941 xuv).
878 1869 1045 1926 Alius
1064 1886 1197 1925 vero
1230 1868 1330 1940 qui
1358 1873 1411 1923 et
1437 1884 1739 1940 pmnarum
1782 1867 2003 1939 species
2029 1882 2128 1922 no-

470 1960 565 2015 bis
594 1959 834 2024 indicat,
868 1957 977 2012 hoc
1019 1962 1108 2012 est
1139 1957 1344 2024 Isaias,
1397 1956 1533 2011 audi
1585 1956 1878 2029 quomodo
1929 1955 2122 2011 dicat:

467 2051 603 2103 Ecce
631 2046 748 2102 dies
775 2046 1002 2101 Domini
1047 2046 1229 2100 veniet
1273 2046 1622 2112 insanabilis,
1658 2046 1773 2101 dies
1817 2046 2027 2117 furoris
2074 2053 2127 2100 et

468 2138 593 2202 irae,
621 2142 683 2190 ut
695 2142 863 2207 ponat
881 2135 1065 2191 orbem
1086 2142 1245 2191 terra:
1262 2134 1546 2201 desertum,
1582 2144 1634 2191 et
1672 2142 1973 2207 peccatores
1997 2151 2124 2205 per-

468 2224 561 2281 dat
591 2240 661 2280 ea:
706 2240 766 2280 eo
814 2224 943 2293 (Isa.
994 2223 1139 2297 xm).
1194 2222 1383 2280 Stellae
1432 2228 1629 2280 autem
1663 2222 1791 2279 coeli
1839 2227 1891 2279 et
1924 2223 2122 2287 Orion,

469 2318 526 2371 et
581 2313 775 2369 omnis
822 2315 1060 2368 ornatus
1108 2311 1235 2369 coeli
1272 2304 1483 2368 lumen
1535 2329 1711 2368 suum
1769 2328 1884 2367 non
1940 2311 2121 2380 dabit,

471 2405 529 2458 et
558 2400 970 2458 obscurabitur
1001 2400 1088 2457 sol
1143 2401 1202 2455 in
1233 2403 1363 2456 ortu
1398 2417 1527 2471 suo,
1559 2405 1615 2456 et
1644 2400 1787 2456 luna
1817 2417 1931 2456 non
1964 2399 2124 2456 dabit

468 2490 670 2548 lumen
700 2508 905 2559 suum;
929 2490 985 2547 et
1007 2490 1298 2546 mandabo
1324 2490 1591 2547 universo
1614 2490 1739 2546 orbi
1762 2489 1919 2547 mala
1940 2495 1996 2546 et
2017 2490 2123 2546 im-

470 2581 584 2654 piis
611 2585 846 2654 peccata
867 2596 1090 2647 eorum,
1112 2584 1169 2635 et
1188 2580 1428 2652 perdam
1456 2580 1874 2636 contumeliam
1898 2581 2124 2652 iniquo-

470 2685 624 2739 rum,
652 2673 710 2724 et
738 2666 1015 2740 injuriam
1049 2668 1436 2741 superborum
1470 2667 1814 2724 bumiliabo.
1855 2669 1923 2725 Et
1952 2673 2124 2725 erunt

469 2757 569 2830 qui
602 2757 787 2813 relicti
819 2757 1039 2814 fuerint
1070 2757 1310 2830 pretiosi
1356 2757 1545 2830 magis
1577 2775 1752 2830 quam
1788 2775 1996 2813 aurum
2048 2759 2120 2814 ab

465 2845 622 2918 igne,
640 2849 697 2901 et
725 2845 900 2901 homo
931 2844 1249 2918 pretiosior
1277 2845 1387 2902 erit
1415 2861 1594 2918 quam
1612 2844 1762 2919 lapis
1784 2845 2120 2919 sapphirus.

465 2933 683 2989 Caelum
715 2934 872 2989 enim
899 2933 1203 3006 quatietur
1218 2939 1276 2989 et
1299 2939 1453 2990 terra
1483 2935 1809 2991 movebitur
1839 2952 1873 2990 a
1910 2936 2119 2991 funda-

463 3021 679 3078 mentis
705 3021 849 3090 suis,
883 3026 1120 3095 propter
1149 3022 1405 3079 furorem
1436 3022 1534 3079 iraa
1580 3022 1812 3079 Domini
1839 3024 2117 3092 Sabaoth,

462 3110 522 3166 in
555 3110 649 3167 die
678 3127 796 3182 qua
844 3110 1260 3183 supervenerit
1295 3113 1459 3167 furor
1487 3113 1616 3184 ejus
1649 3116 1780 3182 (Isa.
1813 3114 1959 3185 xm).
2004 3114 2116 3170 Sed
2148 3097 2192 3165 C

461 3202 520 3256 et
544 3199 1174 3274 Malachias,propheta
1194 3218 1451 3257 consona
1471 3200 1564 3258 his
1583 3201 1861 3274 loquitur,
1881 3203 2116 3259 dicens:

461 3292 604 3346 Ecce
632 3290 791 3347 venit
821 3290 1104 3346 Dominus
1131 3290 1521 3362 omnipotens,
1556 3296 1614 3346 et
1644 3291 1779 3363 quis
1803 3291 2122 3348 sustinebit

464 3378 620 3434 diem
652 3379 965 3435 adventum
987 3378 1154 3449 ejus?
1174 3382 1276 3433 aut
1297 3378 1430 3450 quis
1447 3380 1819 3452 supportabit
1842 3397 2124 3453 conspec-

467 3471 598 3523 tum
647 3466 824 3537 ejus?
872 3467 1158 3533 Quoniam
1209 3467 1338 3539 ipse
1386 3467 1715 3540 ingreditur
1761 3468 1956 3542 ignem
1986 3486 2122 3525 con-

472 3555 789 3622 ﬂatorium,
823 3559 878 3611 et
934 3555 1089 3611 sicut
1144 3555 1370 3627 paleam
1428 3556 1838 3613 ventilantium
1900 3557 2126 3613 sedebit

475 3643 738 3700 conﬂans
769 3647 826 3698 et
846 3660 1105 3715 purgans
1136 3644 1289 3698 sicut
1318 3661 1528 3699 aurum
1559 3649 1616 3700 et
1632 3645 1786 3701 sicut
1816 3650 2124 3718 argentum

473 3731 724 3801 (Malaeh.
758 3733 856 3798 Iv).
884 3731 953 3785 Et
982 3731 1191 3785 iterum
1226 3730 1394 3786 dicit:
1428 3732 1572 3788 Ecce
1605 3733 1729 3789 dies
1765 3733 1995 3790 Domini
2026 3751 2125 3791 ve-

475 3817 599 3874 niet
618 3819 833 3874 ardens
854 3822 918 3873 ut
938 3818 1227 3887 clibanus,
1262 3825 1319 3875 et
1349 3824 1551 3876 exuret
1579 3838 1698 3890 eos,
1730 3826 1787 3878 et
1807 3827 1979 3879 erunt
2001 3841 2125 3879 om-

476 3924 581 3964 nes
601 3906 1025 3980 alienigenae,et
1044 3924 1249 3965 omnes
1279 3909 1378 3982 qui
1404 3909 1626 3965 faciunt
1645 3910 2038 3984 iniquitatem,
2064 3919 2130 3972 ut

471 3995 751 4068 stipulam
785 3995 1056 4052 incendet
1086 4013 1186 4052 eos
1206 3997 1331 4053 dies
1354 3997 1476 4067 illa,
1498 4015 1627 4070 quas
1660 4000 1819 4055 venit
1847 4000 1987 4057 dicit
2015 4002 2126 4059 Do-

472 4083 671 4140 minus
699 4084 1091 4157 omnipotens,
1123 4088 1316 4141 etnon
1340 4085 1706 4159 relinquetur
1726 4088 1913 4157 radix,
1937 4107 2127 4164 neque

468 4172 696 4246 palmes
725 4173 974 4247 (Malaeh.
1012 4176 1120 4243 In).
1144 4174 1309 4231 Alius
1329 4192 1462 4231 vero
1478 4177 1567 4231 vir
1587 4176 2010 4235 desideriorum
2044 4181 2127 4237 ita

468 4262 646 4318 dicit:
671 4263 741 4317 Et
771 4279 902 4319 ecce
921 4263 1191 4319 videbam
1218 4268 1274 4319 et
1300 4264 1495 4320 throni
1524 4267 1697 4337 positi
1731 4271 1869 4323 sunt
1889 4272 1945 4323 et
1975 4270 2125 4325 anti-

466 4366 623 4423 quus
639 4351 867 4407 dierum
885 4351 1208 4419 sedebat,et
1222 4352 1633 4408 indumentum
1656 4355 1784 4426 ejus
1806 4357 2124 4414 candidum

469 4439 625 4532 sicut
650 4439 775 4532 nis,
809 4443 867 4532 et
895 4438 1091 4532 capilli
1122 4439 1329 4512 capitis
1346 4442 1503 4532 ejus
1519 4441 1673 4532 sicut
1704 4442 1837 4500 lana
1869 4448 2121 4504 munda:
2153 4467 2201 4532 D

468 4526 662 4582 throni
695 4528 822 4598 ejus
853 4527 1008 4600 ignis
1036 4544 1305 4584 exurens.
1345 4529 1581 4586 Fluvius
1614 4530 1820 4603 igneus
1851 4536 2124 4592 currebat

468 4620 603 4671 ante
634 4616 1167 4689 ipsum.Judicium
1194 4616 1494 4673 constituit
1524 4623 1581 4674 et
1608 4619 1737 4675 libri
1771 4623 1953 4694 aperti
1986 4629 2125 4681 sunt

468 4706 638 4776 (Dan.
660 4707 777 4774 vn).
810 4706 881 4761 Et
910 4704 1084 4777 paulo
1116 4709 1275 4777 post:
1305 4706 1371 4760 Et
1401 4706 1539 4769 vidi.
1566 4708 1779 4780 inquit,
1813 4711 1869 4766 in
1901 4712 2121 4770 visione

465 4794 894 4872 noctis,et.ecce
920 4793 978 4849 in
1019 4793 1277 4849 nubibus
1304 4793 1431 4849 coeli
1465 4796 1618 4850 sicut
1650 4797 1833 4854 Filius
1866 4800 2123 4859 hominis

461 4882 811 4949 veniebat,et
832 4883 901 4938 de
920 4899 1105 4955 usque
1119 4882 1191 4938 ad
1208 4886 1501 4938 vetustum
1527 4883 1754 4941 dierum
1779 4889 2123 4959 pervenit,et

464 4969 523 5021 in
557 4976 866 5043 conspectu
893 4972 1021 5043 ejus
1054 4960 1285 5028 ablatus
1309 4977 1418 5038 est,
1444 4976 1500 5027 et
1527 4973 1637 5044 ipsi
1665 4974 1838 5033 datus
1859 4982 1950 5033 est
1968 4978 2126 5051 prin-

465 5055 718 5125 cipatus,
752 5065 809 5115 et
841 5060 1044 5129 honor,
1077 5065 1134 5116 et
1166 5076 1433 5132 regnum,
1457 5065 1514 5116 et
1541 5078 1743 5118 omnes
1768 5066 1988 5138 populi,
2022 5066 2121 5123 tri-

462 5142 573 5198 bus
599 5150 656 5199 et
676 5146 887 5219 linguae
909 5149 1017 5220 ipsi
1046 5149 1393 5205 servient.Et
1415 5153 1673 5221 potestas
1694 5152 1843 5223 ejus,
1865 5159 2120 5226 potestas

458 5233 672 5287 aeterna
705 5250 831 5305 quae
863 5252 977 5291 non
1010 5237 1304 5305 transibit,
1329 5240 1386 5291 ct
1419 5254 1661 5309 regnum
1696 5241 1827 5311 ejus
1860 5260 1974 5298 non
1992 5260 2117 5300 cor-

459 5334 593 5374 rum
601 5325 791 5391 petur.
815 5322 1109 5381 Inhorruit
1130 5325 1385 5398 Spiritus
1405 5328 1717 5400 meus.Ego
1736 5329 1935 5387 Daniel
1952 5332 2117 5388 terri-

454 5412 551 5464 tus
566 5424 699 5465 sum
724 5409 782 5465 in
806 5409 921 5477 his,
940 5416 999 5467 et
1011 5411 1263 5470 visiones
1276 5414 1484 5487 capitis
1499 5416 1611 5471 mei
1624 5421 2119 5479 conturbaverunt

455 5512 549 5560 me
562 5498 768 5579 (Ibid).
786 5498 931 5557 Cum
946 5513 1083 5574 ergo
1098 5499 1219 5558 haec
1236 5501 1330 5577 agi
1344 5504 1549 5580 coeperi
1558 5508 1979 5582 nt,pandentur
1991 5511 2037 5568 si
2047 5527 2117 5569 ne

2232 440 2422 496 medio
2443 446 2723 514 tanquam
2746 443 2796 498 si
2813 442 3187 499 tabernacula
3205 442 3444 516 alicujus
3456 443 3809 505 velaminacol-

2231 527 2509 601 ligantur,
2557 529 2778 586 scilicet
2808 535 2875 586 ut
2904 536 3205 604 reparetur
3239 537 3295 588 et
3320 532 3724 590 transformetur
3759 537 3809 594 in

2233 618 2463 675 melius.
2493 620 2659 675 Tunc
2688 637 2824 693 ergo
2854 620 3054 676 omnia
3084 625 3271 677 metus
3299 621 3539 690 habebit,
3566 621 3809 697 timorque

2232 723 2300 762 ac
2328 710 2547 763 tremor
2572 708 2838 781 implebit
2868 709 3161 765 universa.
3193 710 3353 765 Tunc
3381 709 3543 765 etiam
3563 710 3701 783 ipsos
3723 730 3810 769 an-

2232 795 2393 869 gelos
2420 796 2669 853 formido
2700 796 3025 869 quassabit,
3054 801 3111 853 et
3140 813 3253 854 non
3285 797 3469 854 solum
3498 799 3706 871 angelos
3730 802 3809 857 sed

2234 885 2503 942 fortassis
2525 889 2583 941 et
2603 884 3006 959 archangelos,
3029 892 3086 942 et
3115 886 3352 943 thronos
3373 891 3427 943 et
3444 887 3812 948 dominationes

2233 978 2291 1030 et
2318 974 2685 1048 principatus
2715 980 2771 1031 et
2800 979 3141 1048 potestates.
3173 976 3288 1032 Hoc
3310 976 3461 1032 enim
3489 976 3743 1033 indicatur
3765 979 3811 1035 in

2233 1079 2298 1119 eo
2320 1064 2476 1136 quod
2498 1064 2725 1133 dicit,et
2738 1064 2982 1121 virtutes
3000 1063 3279 1121 caalorum
3302 1066 3679 1122 movebuntur.
3699 1065 3813 1123 Con-

2233 1153 2382 1209 servi
2409 1153 2566 1210 enim
2594 1157 2735 1210 sunt
2763 1170 2967 1210 eorum
3001 1154 3100 1227 qui
3122 1153 3425 1227 judicandi
3466 1158 3610 1220 sunt,
3642 1159 3691 1210 et
3712 1155 3811 1210 vita

2233 1241 2414 1313 hujus
2431 1242 2677 1315 posituri
2696 1242 3069 1299 rationem.Si
3090 1243 3249 1299 enim
3264 1243 3415 1316 apud
3424 1243 3637 1315 judices
3658 1243 3813 1299 seculi

2234 1347 2367 1386 cum
2411 1331 2614 1388 civitas
2644 1349 2763 1388 una
2802 1331 3127 1403 judicanda
3173 1336 3282 1400 est,
3324 1336 3526 1405 pavent
3564 1335 3744 1387 cetera
3770 1337 3815 1389 et

2233 1420 2712 1489 contremiscunt,
2779 1421 2957 1477 etiam
3007 1421 3056 1478 si
3106 1420 3255 1477 nihil
3305 1419 3536 1495 periculi
3580 1424 3811 1492 metuant,

2234 1513 2456 1581 quanto
2478 1509 2669 1584 magis
2686 1526 2821 1566 cum
2844 1509 3003 1566 orbis
3013 1514 3181 1566 terrae
3195 1508 3814 1581 universusadjudicium

2233 1598 2442 1665 veniet,
2475 1602 2532 1655 et
2553 1598 2912 1671 judicandus
2940 1615 2973 1655 a
2995 1599 3215 1671 judice,
3249 1598 3349 1672 qui
3386 1601 3523 1655 teste
3546 1614 3647 1654 non
3667 1601 3812 1671 egeat,

2235 1686 2335 1758 qui
2354 1691 2703 1760 argumenta
2720 1704 2836 1743 non
2858 1692 3100 1760 quierat,
3123 1686 3228 1760 qui
3250 1692 3530 1745 oratorem
3549 1702 3709 1743 causa:
3724 1702 3813 1742 non

2235 1774 2510 1849 postulat.
2545 1777 2656 1832 Sed
2706 1776 2799 1832 his
2830 1776 3107 1833 omnibus
3143 1775 3348 1849 procul
3389 1774 3605 1845 amotis,
3649 1775 3749 1847 ipse
3771 1778 3815 1830 et

2235 1868 2400 1936 gesta
2429 1868 2487 1921 et
2512 1865 2690 1921 verba
2710 1870 2767 1921 et
2796 1865 3178 1939 cogitationes
3200 1865 3636 1938 denudet,atque
3661 1863 3710 1918 in
3728 1878 3817 1919 me-

2233 1954 2397 2010 dium
2430 1951 2690 2023 collocet,
2716 1959 2774 2011 et
2802 1959 3013 2011 cuncta
3031 1954 3189 2011 velut
3210 1955 3273 2009 in
3294 1954 3506 2011 talibus
3521 1951 3814 2026 quibusdam

2233 2042 2460 2115 depicta
2477 2043 2661 2100 oculis
2674 2060 2875 2100 eorum
2898 2060 3027 2116 quae
3043 2043 3551 2114 commiserunt,ea
3565 2045 3817 2113 atqueom-

2232 2131 2397 2187 nium
2421 2130 2519 2205 qui
2543 2132 2817 2189 assistere
2834 2133 3105 2189 videntur
3121 2133 3411 2188 ostendat.
3427 2129 3697 2199 Quomodo
3714 2132 3818 2184 tunc

2231 2220 2712 2288 commovebitur,
2743 2227 2802 2278 et
2832 2220 2891 2277 in
2919 2225 3079 2277 metu
3104 2220 3217 2277 erit
3233 2220 3501 2276 universa
3520 2217 3815 2276 creatura?...

2863 2337 3094 2394 CAPUT
3130 2337 3247 2394 XII.

2234 2443 2382 2512 Quod
2411 2443 2678 2500 secundus
2696 2445 2995 2502 Saluatoris
3023 2444 3296 2501 adventus
3343 2461 3448 2501 non
3480 2446 3535 2501 in
3562 2442 3817 2499 humilitate

2407 2523 2467 2570 ut
2493 2518 2673 2588 prius,
2704 2517 2795 2572 sed
2840 2520 2896 2573 in
2925 2516 3104 2588 gloria
3134 2516 3576 2574 demonstranda:
3598 2517 3677 2571 sit.

2301 2622 2454 2678 Sicut
2483 2623 2630 2679 enim
2649 2624 2845 2695 fulgur
2872 2625 2989 2679 exit
3006 2624 3075 2679 ab
3094 2625 3311 2680 oriente
3341 2623 3578 2696 (dicente
3604 2621 3655 2677 in
3680 2616 3815 2689 Evan)

2230 2710 2382 2784 gelio
2414 2711 2679 2783 Domino)
2711 2715 2767 2766 et
2812 2720 2973 2783 paret
2997 2728 3166 2785 usque
3203 2714 3273 2768 in
3301 2712 3628 2779 occidentem,
3655 2711 3718 2765 ita
3738 2707 3817 2763 erit

2231 2800 2492 2855 adventus
2547 2802 2683 2857 Filii
2738 2800 2977 2856 hominis
3006 2802 3218 2871 (Matth.
3251 2800 3431 2873 xxxv).
3490 2800 3595 2856 Hoc
3634 2809 3817 2871 quoque

2230 2889 2536 2944 sciendum
2564 2892 2653 2945 est
2681 2889 2835 2962 quod
2876 2890 3173 2946 secundus
3224 2890 3519 2947 Savntoris
3572 2888 3816 2949 adventus,

2230 2993 2344 3033 non
2378 2977 2436 3033 in
2486 2976 2821 3035 humilitate
2850 2983 2917 3034 ut
2956 2978 3143 3051 prius,
3175 2980 3286 3035 sed
3319 2979 3379 3034 in
3430 2976 3600 3052 gloria
3624 2976 3814 3031 demon-

2230 3067 2511 3123 strandus
2537 3066 2633 3123 sit.
2657 3067 2727 3122 Et
2751 3070 2884 3140 post
2906 3083 3093 3139 pauca
3121 3067 3305 3124 infert
3326 3067 3595 3124 Dominus
3616 3068 3663 3121 et
3687 3061 3819 3119 dicit:

2228 3154 2319 3210 Sol
2362 3155 2746 3211 obscurabitur
2774 3159 2826 3211 et
2874 3155 3010 3212 luna
3047 3171 3158 3212 non
3188 3156 3353 3213 dabit
3377 3157 3555 3211 lumen
3595 3156 3821 3218 summa

2227 3243 2405 3300 stellae
2444 3243 2635 3300 cadent
2678 3244 2743 3300 de
2770 3244 2902 3300 caelo
2932 3252 2984 3319 et
3010 3246 3238 3301 virtutes
3295 3245 3548 3302 calorum
3582 3253 3817 3299 commove-

2231 3334 2441 3388 buntur
2468 3332 2675 3405 (Ibid)
2700 3333 2825 3388 Non
2843 3332 3232 3390 diminutione
3253 3332 3503 3391 luminis
3522 3329 3741 3402 alioquin
3759 3325 3818 3381 le-

2229 3421 2425 3494 gimus
2439 3420 2620 3477 solem
2636 3421 2979 3494 septuplum
2991 3421 3343 3479 habiturum
3356 3418 3819 3489 luminis,sedcom-

2231 3510 2530 3582 paratione
2560 3526 2706 3566 vera:
2729 3510 2878 3566 lucis
2908 3510 3105 3567 omnia
3131 3511 3490 3568 videbuntur
3515 3507 3672 3565 visuri
3695 3510 3818 3562 tene-

2233 3599 2425 3654 brosa.
2449 3599 2509 3654 Si
2540 3598 2738 3672 itaque
2769 3599 2879 3656 iste
2910 3599 3018 3668 sol,
3040 3600 3139 3672 qui
3165 3618 3331 3657 nunc
3352 3617 3456 3673 per
3477 3603 3650 3656 totum
3666 3594 3819 3653 orbem

2232 3685 2518 3754 rutilat,et
2538 3687 2679 3745 luna
2699 3704 2825 3761 quis
2839 3688 3164 3744 secundum
3185 3692 3280 3745 est
3300 3688 3599 3755 luminare,
3620 3690 3669 3742 et
3682 3680 3819 3739 stella

2234 3792 2362 3847 qua?
2390 3777 2461 3831 ad
2493 3775 2770 3832 solatium
2819 3777 3008 3833 noctis
3055 3794 3319 3833 accensae
3367 3781 3526 3844 sunt,
3562 3784 3820 3843 omnestu

2233 3863 2474 3921 virtutes
2488 3864 2705 3937 quibus
2718 3864 3061 3938 angelorum
3075 3865 3489 3922 multitudines
3503 3860 3819 3934 intelligimus

2235 3953 2294 4008 in
2326 3954 2577 4009 adventu
2603 3953 2820 4011 Christi
2839 3954 2993 4011 inter
3014 3955 3288 4012 tenebras
3312 3954 3726 4029 reputabuntur,
3750 3945 3820 4001 de-

2233 4041 2488 4098 cutiatur
2510 4042 2889 4115 supercilium
2920 4060 3122 4100 eorum
3145 4044 3247 4117 qui
3267 4062 3330 4101 se
3353 4047 3577 4100 sanctos
3596 4038 3821 4096 arbitran-

2233 4134 2319 4187 tes
2350 4133 2721 4204 praasentiam
2745 4131 2968 4205 judicis
2998 4149 3114 4188 non
3141 4132 3487 4199 formidant,
3516 4136 3571 4188 et
3594 4134 3711 4186 tunc
3736 4124 3819 4197 (in-

2233 4220 2361 4292 quit
2381 4221 2688 4290 Dominus)
2706 4221 2933 4294 parebit
2953 4220 3190 4296 signum
3217 4222 3344 4278 Filii
3362 4221 3609 4279 hominis
3625 4218 3676 4273 in
3694 4211 3819 4271 calo.

2232 4309 2478 4381 Signum
2509 4308 2605 4365 hic
2635 4313 2833 4366 autem
2864 4310 3054 4368 crucis
3079 4309 3483 4385 intelligamus
3523 4313 3584 4365 ut
3618 4302 3820 4365 vide

2223 4398 2394 4469 juxta
2410 4397 2751 4455 Zachariam
2774 4403 2830 4455 et
2857 4399 3367 4468 Joannem,Juda3i
3402 4415 3570 4473 quem
3596 4404 3821 4465 compun-

2230 4487 2579 4542 xerunt.Aut
2591 4486 2865 4543 vexillum
2879 4487 3127 4545 victoriae
3141 4483 3822 4561 triumphantis,quiatunc

2231 4574 2725 4647 plangentomnes
2740 4576 2929 4633 tribus
2940 4575 3421 4650 terrm.Plangent
3436 4576 3495 4631 hi
3513 4573 3606 4647 qui
3625 4562 3824 4626 munici-

2229 4667 2435 4736 patum
2453 4679 2570 4719 non
2588 4663 2807 4721 habent
2823 4665 2882 4721 in
2899 4664 3086 4736 oculis,
3108 4666 3209 4723 sed
3233 4666 3438 4739 scripti
3462 4667 3592 4721 sunt
3618 4660 3669 4715 in
3686 4662 3820 4713 tam.

2844 4781 3075 4838 CAPUT
3112 4782 3258 4840 XIII.

2231 4886 2486 4959 Qualiter
2514 4888 2930 4962 intelligendum
2953 4893 3051 4956 est,
3076 4888 3215 4962 quod
3244 4889 3490 4946 Christus
3528 4890 3753 4943 venam”
3774 4870 3823 4928 δι

2467 4959 2621 5025 calo,
2644 4958 3000 5030 judicaturus
3029 4958 3099 5017 sit
3126 4963 3273 5019 vivos
3301 4965 3355 5019 et
3380 4967 3628 5017 mortuos.

2295 5064 2326 5120 J
2334 5080 2429 5120 am
2446 5081 2580 5121 vero
2601 5065 2672 5121 de
2687 5064 2918 5123 Christo
2940 5083 3045 5123 con
3054 5067 3287 5123 ﬁtemur
3303 5052 3819 5134 futurum,quonitm

2227 5154 2299 5209 de
2328 5153 2470 5210 cmlo
2493 5157 2772 5210 venturus
2803 5159 2910 5224 est,
2938 5161 2995 5212 et
3021 5156 3182 5214 vivos
3204 5156 3575 5228 judicaturus
3603 5166 3661 5207 ac
3698 5156 3819 5238 ωοιςτ

2225 5246 2383 5299 tuos.
2407 5243 2535 5298 Non
2575 5244 2828 5317 pertinet
2851 5247 2923 5302 ad
2946 5246 3125 5303 vitam
3148 5250 3412 5303 nostram
3441 5260 3563 5317 quis
3591 5238 3676 5295 hic
3701 5244 3819 5306 δεῖν

2225 5335 2341 5403 tur,
2383 5331 2524 5404 quia
2551 5343 2675 5388 nec‘
2702 5333 2762 5389 in
2794 5334 2971 5391 rebus
3001 5336 3185 5408 gestis
3224 5335 3354 5407 ejus
3385 5336 3493 5401 est,
3524 5327 3620 5386 sed
3646 5326 3697 5380 in
3733 5319 3820 5408 tino

2226 5419 2418 5476 saeculi
2450 5421 2740 5495 gerendis.
2770 5423 2857 5479 Ad
2895 5406 3301 5498 hoc—pertinet,
3355 5421 3511 5495 quod
3553 5406 3818 5489 Αροειοιιιί

2224 5513 2463 5568 secutus
2493 5511 2798 5586 adjunxit:
2834 5514 2970 5572 Cum
2993 5515 3240 5575 Christus
3264 5508 3596 5588 apparuerit,
3625 5503 3720 5560 vita
3746 5509 3815 5553 οε·
