4026 6180
258 343 373 403 9M

1186 351 1288 411 DE
1334 338 1786 416 VARIETA'I‘E
1833 354 2267 422 LIBnonUM.
2314 397 2391 407 --
2435 366 2580 427 LIB.
2626 367 2775 430 III.-

3547 384 3666 447 942

254 484 393 543 stra,
427 479 559 532 tunc
585 484 637 534 et
663 494 754 534 vos
784 481 1112 552 apparebitis
1166 498 1291 539 cum
1337 486 1436 542 illo
1487 487 1549 543 in
1579 487 1758 556 gloria
1788 490 1907 557 (Co-
1937 492 1993 560 Α
2022 494 2793 566 suspicamur,deducuntur
2814 504 3319 585 adjudicium,nisi
3339 511 3400 570 in
3420 514 3528 572 hac
3548 518 3668 578 vita

255 564 379 620 loss.
414 565 523 636 ιιι).
566 566 806 624 Duobus
856 572 1052 625 autem
1100 572 1289 628 modis
1320 574 1501 646 accipi
1534 580 1724 646 potest
1751 579 1907 648 quod

206 684 215 693 ι
250 652 412 711 vivos
442 658 499 711 et
527 660 793 712 mortuos
815 657 1112 728 judicabit
1143 676 1157 717 :
1193 661 1313 718 sive
1343 666 1406 717 ut
1433 662 1593 720 vivos
1623 663 1907 738 intelliga-

250 758 407 811 mus,
442 760 590 816 quos
624 744 718 802 hic
748 747 1010 803 nondum
1043 753 1326 818 mortuos,
1346 751 1447 807 sed
1479 752 1671 807 adhuc
1700 752 1760 809 in
1792 753 1906 811 ista

247 848 427 888 carne
456 833 711 891 viventes
743 835 1086 894 inventurus
1133 842 1222 894 est
1250 840 1378 911 ejus
1407 841 1709 909 adventus,
1743 860 1904 899 mor-

246 924 384 978 tuos
416 926 613 979 autem
645 925 745 996 qui
776 926 847 981 de
878 942 1117 999 corpore
1145 928 1493 1002 priusquam
1523 930 1718 987 veniat
1746 932 1902 989 exie—

244 1014 386 1066 runt
430 1010 521 1066 vel
573 1012 781 1068 exituri
827 1020 985 1070 sunt.
1017 1016 1143 1073 Sive
1190 1017 1348 1075 vivas
1387 1018 1607 1090 justas,
1638 1023 1902 1079 mortuos

242 1097 521 1170 injustas,
572 1100 850 1173 quoniam
884 1104 1037 1175 justi
1075 1106 1523 1177 judicabuntur.
1570 1107 1898 1181 Aliquando

242 1187 404 1243 enim
427 1189 723 1260 judicium
748 1190 849 1248 Dei
878 1193 1118 1264 ponitur
1146 1195 1206 1250 in
1229 1194 1402 1265 malo,
1423 1197 1579 1254 unde
1605 1195 1749 1253 illud
1769 1201 1893 1255 est:

240 1279 355 1346 Qui
400 1285 585 1335 autem
628 1280 775 1336 male
819 1286 1065 1353 egerunt,
1097 1284 1159 1338 in
1207 1287 1657 1342 resurrectionem
1692 1286 1902 1359 judicii

240 1365 427 1436 (Joan.
459 1367 536 1439 v).
567 1367 895 1442 Aliquando
926 1376 1121 1428 autem
1168 1377 1225 1429 et
1272 1377 1332 1429 in
1364 1373 1539 1443 bona,
1572 1376 1897 1431 secundum

232 1454 399 1526 quod
431 1456 654 1512 dictum
687 1461 777 1515 est
799 1475 812 1514 :
838 1461 998 1528 Deus,
1018 1461 1079 1516 in
1097 1464 1319 1518 nomine
1341 1469 1430 1518 tuo
1450 1463 1665 1519 salvum
1681 1479 1769 1520 me
1784 1465 1894 1535 fac,

236 1550 289 1598 et
311 1544 373 1598 in
402 1545 604 1601 virtute
633 1554 731 1601 tua
758 1548 948 1619 judica
990 1566 1078 1606 me
1122 1552 1293 1619 (Ps-al.
1328 1551 1584 1624 Lm).Per
1603 1552 1895 1625 judicium

235 1630 459 1705 quippe
486 1633 587 1690 Dei
620 1636 687 1689 ﬁt
705 1635 834 1709 ipsa
854 1636 1140 1695 bonarum
1164 1638 1572 1712 malarumque
1599 1641 1892 1710 discretio,

236 1724 303 1775 ut
330 1719 621 1778 liberandi
651 1741 686 1779 a
716 1724 890 1794 malo,
924 1743 1040 1783 non
1069 1727 1347 1800 perdendi
1379 1745 1514 1785 cum
1545 1729 1737 1797 malis,
1755 1730 1893 1787 boni

233 1809 308 1864 ad
342 1810 607 1867 dextram
640 1820 1039 1888 segregentur.
1060 1816 1298 1890 Propter
1322 1818 1479 1890 quod
1508 1817 1605 1874 ille
1635 1818 1850 1876 clamat
1874 1836 1887 1874 :

227 1899 430 1955 Judica
459 1916 563 1967 me,
597 1906 742 1959 Deus
768 1920 781 1971 ;
815 1908 872 1959 et
913 1904 1054 1977 quid
1101 1905 1309 1962 dixerit
1337 1906 1516 1963 veluti
1546 1923 1840 1981 exponens
1872 1925 1885 1964 :

227 1988 299 2044 Et
321 1988 585 2059 discerne,
618 1991 830 2064 inquit,
862 2009 1084 2050 causam
1112 2010 1288 2052 meam
1305 1995 1372 2051 de
1394 2004 1549 2068 gente
1566 2013 1675 2054 non
1699 2005 1890 2055 sancta

229 2079 410 2149 (Psal.
448 2079 607 2152 xm).

854 2170 1084 2228 CAPUT
1120 2172 1261 2228 XIV.

226 2257 395 2329 Quod
416 2258 605 2315 nullas
632 2261 1006 2346 excusationes
1020 2277 1132 2346 pro.
1147 2263 1301 2344 bonis
1330 2265 1581 2346 operibus
1601 2263 1887 2322 obtendere

644 2332 948 2403 poterimus
982 2334 1042 2388 in
1073 2332 1217 2390 diem
1237 2332 1463 2405 judicii.

296 2436 421 2508 Age
444 2435 570 2508 jam
602 2437 673 2492 ad
713 2436 988 2494 ultimum
1026 2439 1318 2511 judicium
1348 2442 1682 2498 venerimus
1714 2442 1786 2497 ab
1816 2458 1883 2499 eo

212 2524 423 2595 judice
436 2524 870 2599 judicandi,qui
896 2543 1003 2583 nec
1023 2527 1148 2584 falli
1165 2529 1547 2586 occultatione
1567 2530 1879 2586 criminum

219 2616 442 2684 potest,
476 2630 581 2670 nec
611 2615 682 2670 ad
707 2615 1115 2688 impunitatem
1138 2619 1586 2690 promerendam
1618 2618 1881 2676 muneris

220 2700 481 2773 alicujus
511 2701 799 2760 oblatione
821 2706 1137 2779 corrumpi,
1157 2723 1292 2762 cum
1313 2708 1592 2779 coeperint
1611 2708 1878 2764 omnium

218 2793 452 2846 secreta
480 2790 741 2861 revelari,
773 2796 830 2849 et
859 2810 974 2849 non
1005 2794 1197 2850 solum
1247 2800 1412 2852 actus
1460 2798 1517 2851 et
1557 2796 1735 2851 verba
1776 2797 1878 2852 sed

214 2877 406 2933 etiam
435 2878 579 2951 ipsa
606 2879 986 2954 cogitationes
1016 2884 1265 2951 ostendi,
1290 2883 1430 2955 quid
1465 2883 1745 2940 faciemus
1766 2884 1875 2940 sub

215 2966 377 3021 tanti
388 2966 608 3037 judicis
626 2970 933 3041 majestate
946 2970 975 3024 ?
991 2969 1132 3043 quid
1151 2970 1542 3028 excusationis
1564 2973 1877 3029 obtendere

212 3055 549 3127 poterimus
567 3055 596 3111 ‘l
624 3074 739 3130 qua
768 3074 877 3115 nos
909 3059 1267 3116 defensionis
1297 3064 1420 3116 arte
1450 3060 1878 3134 purgabimus?

215 3159 357 3215 qua:
388 3144 554 3201 nobis
601 3147 959 3204 subventura
988 3152 1077 3204 est
1099 3148 1441 3221 pcenitentia
1469 3166 1648 3221 quam
1675 3149 1735 3205 in
1766 3149 1875 3206 hac

2014 598 2118 653 per
2145 585 2569 658 penitentiam,
2603 593 2661 646 et
2690 596 2899 649 caetera
2938 595 3093 653 bona
3120 615 3295 670 opera
3322 601 3539 661 fuerint
3565 623 3664 664 ex-

2009 675 2277 759 purgatu.
2309 674 2455 731 Nam
2485 680 2542 732 et
2571 678 2773 737 otiosis
2803 683 2996 739 verbis
3045 686 3116 741 da
3167 688 3384 759 quibus
3416 709 3522 750 nos
3551 682 3662 752 mi-

2010 757 2169 815 nime
2199 777 2468 819 cavemus
2498 765 2783 825 Dominus
2812 769 2991 827 dicit:
3021 774 3097 830 De
3127 757 3284 833 omni
3308 780 3468 838 verba
3497 785 3663 842 otioso

2009 1040 2216 1081 sumus
2245 1026 2304 1081 in
2336 1026 2438 1084 illa
2467 1029 2579 1100 die,
2613 1032 2715 1104 qui
2746 1036 3022 1094 omnibus
3059 1039 3232 1098 malis
3261 1040 3508 1104 involuti
3556 1067 3658 1107 su-

2008 1114 2185 1170 mus?
2215 1115 2328 1172 Nec
2376 1117 2780 1192 desperemus,
2811 1125 2913 1181 sed
2963 1143 3209 1200 agamus
3252 1133 3656 1204 paenitentiam

2006 1206 2071 1257 ut
2100 1206 2300 1260 nostra
2328 1204 2633 1264 deleantur
2659 1216 2914 1283 peccata.

2628 1315 2857 1374 CAPUT
2892 1320 3034 1377 XVI.

2167 1410 2330 1499 emino
2372 1409 2558 1499 diuino
2578 1412 2814 1499 judicio.
2845 1418 2913 1499 Et
2937 1419 3080 1499 quod
3106 1423 3169 1477 in
3207 1423 3405 1499 ultimo
3440 1428 3655 1499 judicio

2003 1408 2089 1461 De
2114 1410 2330 1532 ἵρενηίπο
2372 1409 2558 1467 divino
2578 1412 2813 1484 judicio.
2845 1418 2913 1472 Et
2937 1419 3080 1490 quod
3106 1423 3169 1477 in
3207 1423 3405 1482 ultimo
3440 1428 3654 1499 judicio

2075 1475 2324 1603 [fisi-astus
2351 1483 2504 1537 mitis
2529 1488 2816 1556 apparebit
2840 1489 3041 1558 electis,
3075 1500 3125 1549 et
3167 1497 3438 1554 terribilis
3466 1516 3654 1572 repra-

2073 1635 2383 1694 Geminum
2417 1644 2505 1731 est
2552 1642 2816 1700 divinum
2839 1646 3153 1718 judicium.
3185 1652 3378 1713 Unum
3396 1660 3567 1731 quod
3596 1665 3656 1719 et

2001 1721 2096 1778 hic
2117 1725 2463 1795 judicantur
2493 1730 2760 1820 homines
2789 1739 2848 1791 et
2868 1735 2926 1791 in
2958 1738 3174 1798 futuro.
3196 1721 3652 1820 Alterum,quad

2000 1816 2304 1884 propterea
2328 1815 2424 1872 hic
2446 1817 2812 1892 judicantur,
2835 1841 2941 1882 nec
2970 1826 3091 1885 illic
3113 1830 3480 1901 judicentur,
3498 1815 3651 1894 i—deo-

1998 1916 2112 1973 quo
2143 1903 2498 1996 quibusdam
2520 1908 2593 1964 ad
2622 1913 3030 1984 purgationem
3056 1921 3399 1992 temporalis
3418 1925 3652 1996 proﬁcit

1996 2006 2188 2082 paena.
2220 1993 2585 2082 Quibusdam
2628 2015 2762 2056 vero
2810 2000 2903 2057 hic
2952 2003 3190 2063 inchoat
3237 1993 3559 2082 damnatio,
3593 2018 3652 2070 et

1995 2076 2115 2174 illic
2141 2080 2397 2174 perfecta
2425 2088 2695 2174 speratur
2734 2088 3001 2160 perditio.
3035 2093 3100 2149 In
3139 2095 3369 2166 judicio
3417 2076 3650 2174 reprobi

1994 2163 2423 2226 humanitatem
2437 2171 2655 2229 Christi
2672 2174 2731 2231 in
2751 2163 3250 2249 quajudicaturus
3267 2189 3359 2243 est
3367 2163 3651 2248 videbunt

1994 2257 2060 2310 ut
2086 2255 2339 2327 doleant,
2376 2258 2740 2320 divinitatem
2770 2281 2906 2323 vero
2941 2269 3069 2341 ejus
3095 2287 3213 2329 non
3242 2274 3542 2347 videbunt,
3574 2295 3648 2337 ne

1992 2344 2306 2440 gaudeant.
2340 2348 2564 2415 Quibus
2592 2352 2751 2410 enim
2782 2354 3061 2415 divinitas
3086 2344 3648 2440 ostenditur,utique

1992 2432 2064 2488 ad
2086 2434 2846 2506 gaudiumﬁemanstratur.
2867 2444 2975 2502 Pro
2995 2447 3330 2510 diversitate
3350 2432 3649 2515 conscien-

1990 2520 2207 2578 tiarum
2230 2527 2287 2580 et
2307 2525 2467 2583 mitis
2490 2531 2793 2602 apparebit
2811 2533 2872 2589 in
2885 2535 3112 2607 judicio
3133 2539 3404 2600 Christus
3425 2544 3644 2604 electis.

1988 2613 2047 2665 et
2084 2612 2364 2669 terribilis
2397 2618 2701 2702 ireprabis.
2748 2620 2895 2677 Nam
2942 2624 3177 2694 qualem
3225 2629 3478 2702 quisque
3506 2649 3644 2689 con-

1987 2699 2295 2756 scientiam
2325 2701 2547 2776 tulerit,
2579 2706 2760 2762 talem
2791 2711 2850 2763 et
2869 2710 3133 2780 judicem
3158 2699 3417 2787 habebit,
3433 2723 3500 2775 ut
3523 2736 3644 2777 ma-

1988 2790 2160 2844 nente
2190 2788 2247 2844 in
2280 2806 2389 2846 sua
2417 2792 2842 2866 tranquillitate
2871 2796 3119 2870 Christo,
3148 2800 3267 2860 illis
3300 2803 3441 2863 salis
3470 2807 3639 2863 terri-

1986 2876 2121 2932 bilis
2151 2883 2447 2951 appareat,
2478 2897 2627 2953 quos
2679 2886 3054 2944 canscientia'
3082 2890 3142 2947 in
3174 2892 3346 2951 malis
3378 2902 3633 2956 accusat.

2584 2989 2821 3047 CAPUT
2858 2992 3026 3051 XVII.

1985 3072 2139 3142 Quod
2170 3076 2231 3130 in
2250 3075 2463 3147 judicio
2489 3078 2679 3205 futuam
2724 3079 2830 3137 duo
2867 3092 3030 3210 egunt
3077 3086 3294 3145 ordines
3319 3091 3630 3165 electorum,

2515 3165 2545 3204 e
2628 3166 2699 3207 uo
2728 3167 2884 3210 reoro
2921 3170 3098 3210 orum.

2515 3165 2568 3205 et
2591 3165 2699 3207 auo
2728 3165 3098 3224 reprooorum.

210 3248 395 3289 carne
416 3235 1061 3309 cantempsimus?quie
1084 3254 1190 3293 nos
1213 3238 1522 3294 defensura
1541 3242 1680 3294 sunt
1695 3255 1870 3311 opera
1898 3226 1941 3293 C
2051 3240 2174 3296 Duo
2212 3248 2352 3300 sunt
2393 3244 2626 3304 ordines
2668 3247 2984 3307 electorum
3034 3252 3094 3309 in
3132 3255 3358 3325 judicio
3407 3259 3628 3320 mtura.

211 3322 394 3391 bona,
428 3339 556 3395 qua:
586 3323 645 3379 in
679 3325 787 3382 hac
817 3326 936 3382 vita
969 3344 1084 3391 non
1118 3326 1407 3382 fecimus?
1443 3327 1529 3383 Ad
1558 3344 1705 3400 quas
1736 3344 1872 3399 apa-

210 3409 422 3479 stalos,
446 3417 546 3468 aut
567 3414 638 3469 ad
663 3431 810 3486 quos
832 3414 979 3472 alios
1001 3419 1236 3473 sanctos
1258 3416 1613 3489 confugituri
1641 3433 1870 3486 sumus,

208 3517 470 3572 quorum
502 3502 768 3575 exempla
796 3504 973 3561 simul
1027 3522 1094 3561 ac
1143 3504 1318 3561 verba
1349 3505 1723 3577 despeximus
1742 3504 1771 3559 ‘l
1799 3521 1871 3561 an

208 3589 366 3645 forte
395 3590 617 3663 aliquid
649 3591 728 3648 ibi
774 3592 1056 3666 fragilitas
1087 3594 1348 3666 corporis
1386 3594 1733 3649 excusabit?
1762 3594 1873 3650 Sed

205 3680 589 3737 excusatione
621 3697 823 3736 eorum
875 3681 1274 3738 reclamabunt
1316 3683 1582 3739 omnium
1611 3682 1876 3757 exempla

206 3772 579 3835 sanctarum,
600 3769 700 3841 qui
725 3770 1097 3844 fragilitatem
1116 3772 1309 3828 carnis
1331 3773 1388 3827 in
1405 3788 1578 3829 carne
1593 3773 1876 3842 viventes,

208 3857 374 3930 quod
408 3856 667 3915 fecerunt
716 3860 919 3932 utique
949 3860 1142 3918 facere
1174 3878 1347 3934 posse
1377 3862 1720 3929 docuerunt,
1755 3878 1877 3947 ma:

205 3945 371 4001 xime
402 3947 543 4019 quia
573 3964 681 4003 nec
710 3947 824 4021 ipsi
854 3953 1094 4022 peccato
1122 3967 1233 4007 sua
1258 3950 1494 4018 virtute,
1522 3950 1624 4007 sed
1645 3945 1879 4006 Domini

205 4034 549 4092 miserantis
580 4036 801 4093 auxilia
832 4038 1177 4097 restiterunt
1209 4057 1221 4095 :
1262 4039 1362 4112 qui
1394 4055 1456 4096 se
1485 4043 1542 4096 et
1571 4056 1687 4095 non
1718 4055 1877 4111 quai-

202 4123 497 4197 rentibus,
518 4128 583 4182 ut
607 4130 904 4199 quaeratur
926 4132 1100 4202 atque
1130 4129 1190 4185 in
1220 4146 1355 4185 eum
1388 4129 1659 4185 credatur
1687 4131 1877 4185 osten.

202 4212 313 4280 dit,
350 4217 407 4269 et
445 4215 747 4272 credentes
801 4217 862 4272 in
915 4234 978 4274 se
1008 4234 1080 4274 ne
1114 4236 1148 4274 a
1176 4221 1414 4291 peccato
1444 4218 1753 4274 vincantur
1781 4215 1873 4272 in-

200 4302 358 4358 victa
411 4305 768 4375 pratectione
816 4306 1091 4363 defendit.
1144 4307 1294 4374 Quid
1345 4322 1482 4378 ergo
1532 4319 1872 4379 responsuri

197 4396 369 4462 sunt,
403 4392 455 4447 si
484 4393 570 4448 eis
601 4393 887 4451 Dominus
919 4396 1111 4452 dicat:
1139 4396 1199 4453 Si
1229 4395 1530 4469 potuistis,
1550 4411 1732 4467 quare
1752 4411 1868 4450 non

195 4478 499 4538 restitistis
529 4481 841 4540 desideriis
884 4488 1262 4557 peccatorum
1281 4484 1309 4541 ?
1338 4484 1387 4541 si
1420 4501 1537 4540 non
1571 4484 1864 4557 potuistis.

1984 3328 2145 3384 Unus
2187 3331 2581 3402 judicantium
2631 3352 2766 3393 cum
2814 3338 3081 3410 Domino,
3121 3344 3224 3414 qui
3269 3345 3636 3419 reliquerunt

1982 3418 2200 3485 omnia,
2223 3424 2281 3474 et
2312 3422 2494 3477 secuti
2526 3428 2664 3480 sunt
2689 3425 2878 3497 illum,
2911 3430 2981 3486 de
3008 3431 3225 3503 quibus
3258 3418 3506 3494 dicitur:
3538 3438 3635 3496 Vos

1986 3507 2084 3578 qui
2110 3507 2413 3579 reliquistis
2439 3513 2645 3581 omnia,
2677 3522 2729 3570 et
2752 3520 2925 3573 secuti
2952 3521 3082 3576 estis
3119 3538 3223 3590 me,
3254 3524 3317 3579 in
3344 3540 3635 3597 regenera-

1984 3596 2146 3664 tione,
2174 3613 2299 3687 cum
2337 3598 2536 3687 sedery'
2572 3603 2747 3659 Filius
2794 3604 3035 3663 hominis
3073 3610 3130 3665 in
3177 3611 3300 3668 sede
3333 3615 3638 3687 majestatis

1983 3699 2123 3753 suae,
2153 3685 2403 3745 sedebitis
2428 3697 2479 3744 et
2507 3685 2627 3757 'vos,
2658 3708 2820 3764 super
2844 3695 2995 3751 sedes
3024 3698 3306 3757 duodecim
3325 3685 3639 3775 judicantes

1984 3772 2267 3831 duodecim
2296 3777 2475 3834 tribus
2505 3780 2676 3836 Israel
2706 3781 2914 3854 (Matth.
2945 3790 3082 3856 XIX).
3114 3787 3283 3847 Alius
3307 3772 3448 3848 cii-do
3470 3793 3640 3865 judi-

1988 3866 2230 3920 caturus
2258 3882 2294 3921 a
2314 3866 2581 3939 Domino,
2615 3872 2716 3941 qui
2747 3888 2864 3929 non
2897 3875 3135 3947 quidem
3166 3880 3365 3938 omnia
3395 3898 3504 3939 sua
3533 3898 3638 3956 pa-

1989 3950 2130 4006 riter
2159 3952 2539 4026 reliquerunt,
2574 3960 2675 4014 sed
2704 3961 2774 4015 de
2804 3961 2898 4019 his
2941 3967 3140 4023 tamen
3184 3983 3311 4039 qua;
3340 3950 3639 4030 habebant

1987 4039 2361 4111 quotidianas
2392 4044 2530 4102 dare
2561 4046 2961 4125 eleemosynas
2990 4056 3368 4127 pauperibus,
3417 4059 3633 4116 Christi

1984 4128 2287 4198 curabant,
2322 4133 2478 4189 unde
2507 4134 2762 4193 audituri
2792 4143 2934 4196 sunt
2962 4141 3023 4196 in
3046 4142 3293 4213 judicio.
3318 4145 3519 4214 Venite,
3545 4148 3632 4204 be-

1979 4216 2187 4274 nedicti
2215 4222 2400 4279 Patris
2427 4224 2556 4292 mei,
2583 4225 2852 4296 possidete
2876 4232 3138 4300 paratum
3163 4231 3313 4288 vobis
3336 4248 3568 4304 regnum
3595 4252 3632 4292 a

1978 4309 2362 4366 constitutione
2410 4313 2623 4369 mundi.
2652 4314 2876 4372 Esurivi
2918 4320 3068 4375 enim
3110 4327 3165 4376 et
3208 4320 3432 4378 dedistis
3487 4323 3631 4379 mihi

1976 4396 2329 4468 manducare,
2361 4402 2534 4472 sitivi,
2561 4410 2614 4458 et
2635 4406 2866 4475 potestis
2892 4421 2999 4461 me.
3029 4407 3217 4465 Nudus
3245 4425 3400 4466 eram
3430 4420 3481 4468 et
3507 4428 3626 4470 ves-

1975 4485 2116 4541 tistis
2146 4503 2254 4556 me,
2288 4491 2396 4544 etc.
2445 4489 2649 4560 (Matth.
2682 4493 2838 4565 xxv.)
2890 4494 3002 4550 Sed
3048 4499 3106 4553 et
3150 4498 3533 4570 reprobarum
3563 4500 3625 4557 in

196 4585 593 4641 quaremeum
611 4576 813 4629 contra
830 4577 1067 4645 peccata
1085 4591 1199 4630 non
1219 4572 1509 4646 quaesistis
1526 4571 1806 4630 auxilium
1827 4571 1857 4626 ‘l
1884 4592 1933 4657 Β
1964 4571 2192 4643 judicio
2223 4576 2338 4632 duo
2369 4578 2602 4636 ordines
2629 4580 2859 4638 futuros
2887 4582 3135 4641 Domino
3164 4591 3438 4645 narrante
3468 4605 3626 4646 com-

197 4662 297 4713 aut
328 4658 823 4733 vulnerati,quare
844 4663 1177 4735 paenitendo
1204 4680 1319 4720 non
1342 4661 1696 4719 adhibuistis
1725 4660 1854 4717 vul-

196 4746 321 4803 neri
349 4752 543 4805 vestro
574 4751 899 4808 remedium
919 4752 947 4808 ‘l
978 4752 1253 4825 Nunquid
1297 4752 1371 4808 ad
1401 4752 1522 4807 haec
1553 4752 1857 4807 obmutes-

200 4836 446 4892 cemus?
466 4838 613 4904 Quid
661 4843 856 4896 autem
911 4841 1303 4898 excusationis
1344 4843 1567 4897 restet?
1596 4840 1721 4895 Non
1751 4838 1855 4894 ha-

203 4923 481 4981 bentibus
528 4926 670 4983 dicit
702 4946 716 4986 :
750 4929 949 5002 Ligate
996 4946 1095 4987 eos
1127 4929 1404 4986 manibus
1442 4932 1499 4985 et
1529 4928 1776 5002 pedibus
1805 4931 1863 4984 et

206 5013 418 5071 mittite
449 5030 547 5072 eos
577 5014 637 5072 in
670 5018 941 5075 tenebras
983 5018 1317 5087 exteriores,
1352 5018 1433 5074 ibi
1465 5018 1575 5074 erit
1604 5016 1775 5073 ﬂetus
1804 5018 1861 5072 et

206 5102 422 5159 stridor
449 5104 735 5175 dentium,
765 5106 848 5162 ibi
876 5109 1094 5164 vermis
1123 5124 1324 5164 eorum
1357 5124 1473 5164 non
1504 5105 1786 5163 morietur
1803 5109 1861 5162 et

204 5189 358 5263 ignis
392 5209 594 5249 eorum
626 5211 742 5251 non
772 5197 1197 5271 exstinguetur.

834 5304 1066 5361 CAPUT
1104 5304 1222 5360 XV.

200 5389 359 5475 W
385 5392 553 5446 etiam
602 5394 842 5475 minima
857 5403 1085 5475 peccata
1118 5394 1460 5475 deducuntur
1490 5392 1561 5448 ad
1579 5390 1859 5475 judicium

263 5461 541 5590 auram,
573 5465 690 5520 nisi
714 5461 928 5537 fuerint
958 5468 1018 5524 in
1060 5466 1163 5523 hac
1208 5467 1322 5523 vita
1357 5482 1458 5539 per
1481 5461 1859 5537 paenitentiam

311 5549 341 5590 ε
363 5549 395 5590 e
464 5575 476 5589 .

272 5638 455 5701 Parva
485 5641 700 5703 etenim
727 5649 985 5721 peccata,
1008 5649 1064 5704 et
1093 5661 1161 5706 ea
1191 5646 1262 5705 de
1295 5643 1512 5721 quibus
1544 5640 1720 5701 etiam
1753 5656 1859 5701 nec

1964 4661 2224 4733 perimus
2249 4681 2263 4719 :
2292 4682 2477 4722 unum
2507 4684 2709 4725 eorum
2738 4670 2841 4742 qui
2880 4671 3017 4728 ﬁdei
3047 4672 3393 4732 Christianas
3412 4680 3626 4748 myste-

1966 4748 2069 4805 riis
2095 4750 2332 4822 initiati,
2354 4770 2531 4826 opera
2550 4756 2685 4813 ﬁdei
2708 4774 2973 4816 exercere
2999 4764 3623 4836 contemnunt,quibus

1969 4838 2284 4897 dicendum
2310 4846 2399 4898 est
2424 4842 2482 4898 in
2498 4844 2723 4916 judicio
2746 4851 2997 4905 testatur
3019 4867 3032 4905 :
3056 4851 3328 4908 Discedite
3346 4869 3379 4908 a
3395 4869 3622 4922 me,ma-

1970 4927 2172 4997 ledicti,
2206 4933 2269 4986 in
2298 4933 2481 5001 ignem
2527 4942 2798 4992 alternum
2826 4940 2927 5010 qui
2956 4947 3186 5011 paratus
3217 4944 3298 4996 est
3324 4940 3542 4999 diabolo
3569 4947 3624 5000 et

1966 5017 2179 5086 angelis
2207 5020 2343 5089 ejus.
2376 5024 2600 5079 Esurivi
2645 5027 2795 5080 enim
2823 5034 2875 5082 et
2901 5043 3013 5083 non
3041 5027 3265 5085 dedistis
3290 5029 3435 5085 mihi
3459 5047 3623 5087 man-

1966 5103 2187 5193 ducare,
2220 5112 2329 5163 etc.
2363 5110 2551 5180 (lbid.)
2577 5112 2838 5169 Alterum
2868 5131 3071 5172 eorum
3102 5117 3203 5189 qui
3233 5117 3371 5175 ﬁdei
3400 5123 3619 5193 myste-

1967 5192 2055 5249 ria
2073 5193 2414 5252 Christiana:
2444 5198 2532 5255 vel
2564 5216 2868 5273 nunquam
2890 5220 3216 5277 suscepere,
3232 5204 3323 5262 vel
3344 5192 3622 5282 suscepta

1966 5298 2070 5354 per
2099 5284 2457 5355 apostasiam
2488 5288 2757 5361 rejecere,
2805 5291 2876 5346 de
2902 5291 3119 5363 quibus
3159 5294 3301 5352 dicit
3330 5313 3343 5353 :
3375 5298 3488 5367 Qui
3513 5314 3620 5354 au-

1963 5378 2072 5426 tem
2098 5389 2209 5429 non
2236 5374 2410 5431 credit
2427 5376 2548 5449 jam
2565 5377 2847 5449 judicatus
2874 5384 2954 5437 est
2983 5382 3159 5453 (Joan.
3192 5386 3300 5455 ιιι),
3332 5385 3472 5457 quia
3499 5402 3617 5443 non

1965 5461 2149 5517 credit
2178 5462 2238 5518 in
2270 5466 2505 5522 nomine
2551 5466 2839 5541 unigeniti
2888 5468 3019 5526 Filii
3050 5471 3174 5531 Dei.
3205 5474 3314 5540 Qui
3343 5489 3478 5531 cum
3509 5490 3616 5532 nec

1963 5550 2137 5608 verba
2166 5554 2341 5609 tenus
2370 5554 2662 5613 Christum
2708 5555 2897 5617 colere
2942 5559 3270 5633 voluerunt,
3302 5577 3409 5619 nec
3438 5562 3617 5618 verba

1965 5639 2175 5701 saltem
2194 5641 2245 5721 ej
2256 5659 2325 5702 us
2348 5643 2563 5725 quibus
2585 5653 2978 5730 coarguantur
2994 5649 3056 5710 in
3069 5650 3291 5726 judicio
3311 5651 3614 5713 merentur
