4026 6180
247 357 364 423 945

1178 364 1280 424 DE
1323 365 1770 426 VAllIE'I‘ATE
1815 364 2244 430 LIBllORUM.
2294 403 2370 413 —
2415 369 2561 431 LIB.
2609 369 2715 431 III.

3532 363 3654 433 946

248 493 413 582 rum;
449 493 695 568 utraque
747 494 943 552 tamen
989 496 1045 552 et
1090 495 1436 580 angelorum
1480 499 1536 552 et
1565 496 1892 554 hominum.
1925 497 1980 564 Α
2011 499 2160 556 mias
2191 500 2456 558 scribunt
2482 500 2842 575 plenissime,
2875 502 2945 560 Et
2973 493 3362 561 comminatur
3402 487 3651 582 Deusse

247 577 386 640 Istis
418 581 706 652 voluntas,
732 583 847 639 illis
861 578 1107 640 facultas
1132 602 1248 642 non
1266 585 1479 658 poterit
1495 585 1614 642 ulla
1629 603 1757 643 esse
1768 603 1897 659 pec-

248 671 418 728 eandi
447 670 535 727 vel
568 669 691 727 ulla
739 672 993 728 conditio
1043 673 1346 730 moriendi.
1392 675 1626 746 (Prosp.)
1676 674 1808 730 Istis
1835 675 1894 730 in

248 764 464 816 eterna
484 759 602 814 vita
631 777 762 816 vere
794 759 1154 833 feliciterque
1184 761 1542 829 viventibus,
1577 762 1898 819 illisinfeli-

243 847 391 904 citer
419 847 479 903 in
497 849 712 904 (eterna
733 847 918 905 morte
934 849 1059 906 sine
1078 850 1364 906 moriendi
1383 855 1666 924 potestate
1689 852 1899 907 duran-

242 937 670 1009 tibus,quando
683 937 917 1010 utrique
931 939 1055 995 sine
1069 938 1314 1007 ﬁne,sed
1331 939 1389 994 in
1403 939 1762 996 beatitudine
1775 940 1893 1007 isti,

244 1026 303 1082 in
337 1025 576 1082 miseria
604 1025 858 1093 veroilli,
891 1019 1088 1098 utjam
1102 1043 1208 1084 nee
1222 1029 1575 1084 remunerati
1588 1028 1895 1100 praemium

243 1110 478 1181 ﬁniant,
519 1128 624 1168 nec
671 1113 934 1169 damnati
983 1112 1359 1187 supplicium.
1411 1115 1896 1188 Quandoquidem

243 1202 553 1275 propterea
581 1199 943 1274 inccrruptio
965 1201 1445 1260 etimmortalitas
1458 1205 1895 1271 dabitur,etiam

242 1291 588 1364 corporibus
617 1290 990 1347 miserorum.
1026 1296 1090 1347 ut
1116 1309 1220 1348 nec
1242 1293 1357 1364 ipsi
1375 1296 1649 1348 aeternam
1663 1310 1896 1366 pmnam

245 1368 476 1449 ﬁniant,
511 1396 617 1436 nee
647 1379 807 1452 ipsos
840 1385 1150 1437 consumat
1179 1380 1534 1439 immortalis
1575 1399 1748 1455 poma
1795 1383 1894 1442 sed

244 1469 474 1543 puniat.
511 1469 641 1525 Ideo
671 1469 842 1526 beata
890 1469 1326 1543 incorruptione
1355 1475 1410 1527 et
1459 1470 1898 1527 immortalitate

237 1558 540 1630 justorum
571 1573 814 1630 corpora
836 1557 1589 1631 donabuntur,utet'ipsiin
1620 1558 1824 1631 gloria,
1841 1564 1898 1615 et

248 1645 310 1702 in
342 1645 492 1720 ipsis
524 1645 711 1718 gloria
739 1650 956 1704 κιαι-ηε.
986 1651 1344 1720 permaneat.

838 1743 1071 1810 CAPUT
1108 1753 1296 1809 XXIV.

382 1855 462 1916 De
491 1857 729 1930 inferno,
763 1857 906 1931 quod
933 1859 1124 1916 subtus
1155 1867 1357 1916 terram
1386 1875 1501 1916 esse
1525 1859 1768 1916 creditur

316 1959 598 2020 Nonnulli
631 1964 887 2037 namque
918 1964 978 2020 in
1011 1961 1267 2036 quadam
1297 1969 1583 2022 terrarum
1615 1969 1777 2038 parte
1803 1966 1897 2022 in-

243 2052 479 2111 I’ernum
512 2051 640 2109 esse
670 2052 1045 2126 putaverunt,
1097 2052 1194 2109 alii
1224 2071 1358 2110 vero
1400 2053 1557 2110 hunc
1589 2054 1700 2110 sub
1744 2058 1900 2111 terra

242 2151 375 2199 esse
407 2141 766 2210 existimant,
787 2141 887 2197 sed
905 2144 1101 2198 tamen
1117 2141 1226 2198 hoc
1243 2143 1508 2199 animum
1528 2143 1744 2216 pulsat,
1760 2143 1900 2215 quia

241 2230 465 2287 idcirco
493 2230 791 2286 infernum
823 2229 1092 2287 dicimus.
1118 2231 1259 2303 quia
1278 2230 1524 2288 inferius
1544 2232 1720 2302 jacet:
1739 2232 1896 2304 quod

240 2321 404 2376 terra
436 2319 507 2376 ad
541 2319 752 2376 ccelum
783 2323 890 2386 est,
924 2320 1034 2375 hoc
1063 2336 1192 2376 esse
1223 2319 1468 2377 inferius
1491 2321 1894 2377 debetaterra.

241 2405 416 2465 Unde
446 2411 502 2464 et
533 2407 780 2464 fortasse
811 2425 912 2480 per
944 2407 1318 2464 Psalmistam
1350 2408 1594 2464 dicitur:
1629 2411 1900 2466 Liberasti

241 2497 499 2553 animam
525 2513 704 2552 meam
759 2513 828 2551 ex
858 2494 1076 2566 inferno
1134 2498 1392 2568 infcriori
1448 2499 1621 2566 (Psal.
1675 2498 1894 2568 Lxxxv).

243 2585 522 2642 Infernus
555 2583 819 2658 superior
842 2589 1016 2652 terra,
1050 2584 1312 2641 infernus
1341 2602 1474 2641 vero
1521 2585 1760 2641 inferior
1787 2587 1897 2641 sub

239 2671 402 2735 terra
427 2691 555 2730 esse
583 2673 832 2728 videtur.
864 2673 934 2727 Et
962 2671 1205 2729 Joannis
1225 2691 1332 2729 vox
1360 2673 1417 2728 in
1433 2690 1500 2729 ea
1513 2674 1897 2730 aestimatione

237 2761 686 2834 concordat,qui
718 2778 851 2816 cum
883 2762 1179 2835 signatum
1203 2762 1418 2818 librum
1438 2767 1661 2835 septem
1678 2762 1896 2835 sigillis

237 2851 498 2908 vidissse
530 2867 592 2907 se
623 2851 861 2916 diceret,
893 2850 1034 2922 quia
1062 2868 1232 2906 nemo
1262 2851 1535 2907 inventus
1565 2845 1653 2907 eet
1683 2851 1896 2923 diguus

237 2956 435 3012 neque
465 2939 524 2994 in
556 2937 700 2995 cmlo
733 2953 922 3009 neque
952 2938 1011 2993 in
1042 2927 1218 3004 terra,
1252 2955 1439 3010 neque
1457 2939 1896 2995 subtusterram

236 3028 471 3102 aperire
501 3027 740 3093 librum,
776 3030 834 3081 et
863 3025 1082 3082 solvere
1113 3025 1416 3099 signacula
1446 3026 1894 3099 ejus,adjunxit:

235 3119 307 3173 Et
334 3133 430 3189 ego
452 3117 649 3187 ﬂebam
678 3117 913 3170 multum
943 3115 1121 3187 (Apoc.
1150 3119 1227 3184 v).
1249 3117 1429 3180 Quem
1461 3119 1658 3172 tamen
1679 3115 1896 3171 librum

2003 587 2198 645 locum
2225 590 2420 662 ipsum
2453 590 2837 663 impleturum
2868 592 3247 650 cadaveribus
3259 597 3646 677 mortuorum,

2004 680 2070 733 ut
2098 695 2467 751 nequaquam
2489 681 2998 754 voeeturTopbeth
3031 682 3254 751 etBaal,
3284 684 3384 740 sed
3414 688 3651 741 vocetur

2005 765 2390 840 Polyandron,
2412 768 2470 824 id
2483 770 2874 825 esttumultus
2889 759 3647 848 mortuorum.Futuraergo

2005 855 2294 927 supplicia
2328 861 2384 912 et
2413 874 2590 928 poenae
2609 863 2922 931 perpetuae,
2943 861 3158 930 quibus
3176 865 3507 932 peccatores
3525 879 3652 918 cru-

2005 943 2197 998 ciandi
2231 949 2389 1012 sunt,
2423 945 2601 1017 hujus
2631 945 2741 1001 loci
2771 946 3052 1003 vocabulo
3068 949 3653 1023 denotantur.Dupli-

2004 1048 2131 1088 cem
2153 1038 2280 1088 es'se
2309 1033 2637 1105 gehennam
2681 1033 2846 1090 nimii
2895 1035 3049 1108 ignis
3073 1041 3129 1092 et
3173 1037 3404 1110 frigoris
3451 1039 3512 1094 in
3541 1039 3651 1096 Job

2004 1113 2347 1193 plenissime
2377 1121 2649 1194 legimus.

2595 1229 2824 1286 CAPUT
2863 1229 3053 1286 XXVI.

2005 1334 2165 1408 Quod
2191 1333 2396 1407 duplex
2426 1334 2812 1393 damnatorum
2841 1354 2998 1409 pana
3021 1340 3094 1394 sit
3122 1339 3180 1392 in
3212 1338 3477 1407 gehenna,
3502 1339 3558 1395 id
3577 1325 3655 1396 est

2447 1410 2646 1463 men-tis
2672 1410 2838 1464 simul
2866 1414 2918 1465 et
2949 1411 3207 1481 corporis.

2072 1508 2296 1584 Duplex
2307 1513 2717 1570 damnatorum
2747 1515 3082 1587 poenaestin
3101 1517 3387 1588 gehenn'a,
3403 1531 3653 1588 quorum

2002 1603 2060 1654 et
2086 1604 2341 1656 mentem
2373 1601 2492 1657 urit
2521 1601 2776 1669 tristitia,
2809 1607 2865 1659 et
2886 1621 3097 1676 corpus
3123 1604 3362 1660 ﬂamma
3385 1604 3651 1676 juxtavi-

2002 1686 2433 1767 eissitudinem,
2465 1695 2529 1745 ut
2559 1691 2660 1762 qui
2684 1695 2875 1747 mente
2891 1695 3286 1749 tractaverunt
3300 1693 3454 1766 quod
3468 1693 3653 1766 perfe-

2004 1779 2210 1831 cerunt
2241 1791 2501 1848 corpore,
2523 1776 2698 1833 simul
2712 1783 2767 1835 et
2780 1778 2973 1836 animo
2987 1779 3310 1852 puniantur
3324 1783 3379 1836 et
3391 1785 3650 1855 corpore.

1925 1861 1973 1927 B
2003 1866 2206 1935 Ignem
2238 1864 2515 1936 gebenna
2548 1866 2618 1920 ad
2651 1865 2886 1938 aliquod
2919 1885 3032 1923 non
3063 1868 3423 1934 habere,hoe
3449 1867 3652 1924 estha-

2007 1951 2164 2017 bere,
2195 1950 2394 2007 lumen
2426 1953 2496 2008 ad
2511 1953 2971 2022 damnationem,
2992 1955 3299 2010 utvideant
3321 1955 3656 2026 impiiunde

2007 2039 2268 2108 doleant;
2304 2044 2360 2096 et
2388 2059 2503 2096 non
2535 2041 2750 2098 habere
2768 2043 2839 2098 ad
2862 2041 3320 2100 consolationem
3333 2059 3405 2099 ne
3423 2042 3659 2098 videant

2008 2128 2161 2183 unde
2191 2129 2504 2201 gaudeant.

2590 2235 2821 2293 CAPUT
2860 2236 3076 2293 XXVII.

2008 2339 2158 2407 Quod
2188 2356 2329 2395 unus
2359 2341 2626 2410 gehennae
2643 2342 2808 2411 ignis,
2831 2358 2944 2397 non
2969 2343 3668 2415 wquatiteromnescrucibt

2667 2417 2993 2485 peccatores.

2076 2517 2239 2573 Unus
2271 2518 2508 2590 quidem
2547 2522 2636 2574 est
2681 2519 2959 2591 gehennae
3010 2520 3185 2593 ignis,
3240 2521 3342 2576 sed
3388 2537 3505 2576 non
3537 2523 3656 2578 uno

2007 2605 2178 2660 modo
2193 2621 2396 2660 omnes
2409 2605 2970 2677 crueiatpeccatores
3007 2607 3485 2679 Uniuscujuspue
3500 2609 3658 2664 enim

2007 2695 2294 2763 quantum
2337 2693 2513 2764 exigit
2542 2692 2733 2765 culpa,
2783 2697 3013 2750 tantum
3043 2693 3162 2749 illic
3194 2694 3405 2750 sentiet
3450 2710 3656 2766 preme.

2005 2780 2152 2835 Nam
2184 2780 2339 2836 sicut
2370 2780 2428 2834 in
2460 2780 2569 2835 hoc
2601 2781 2821 2836 mundo
2848 2782 2958 2837 sub
2989 2798 3104 2838 uno
3128 2779 3250 2838 sole
3278 2781 3450 2837 multi
3468 2783 3658 2840 consi-

2007 2872 2188 2936 stunt,
2223 2885 2326 2925 nec
2357 2873 2552 2924 tamen
2579 2870 2843 2940 ejusdem
2875 2869 3018 2926 solis
3048 2871 3314 2927 ardorem
3355 2870 3657 2943 aequaliter

2007 2955 2287 3025 sentiunt,
2322 2956 2460 3028 quia
2491 2955 2642 3011 alius
2673 2956 2806 3028 plus
2831 2961 3042 3014 aestuat
3071 2962 3246 3030 atque
3267 2957 3419 3014 alius
3432 2957 3650 3027 minus;

2006 3044 2089 3100 ita
2119 3045 2238 3101 illic
2271 3045 2328 3100 in
2363 3062 2477 3101 uno
2509 3046 2642 3118 igne
2673 3061 2789 3101 non
2810 3063 2963 3102 unus
2995 3051 3086 3103 est
3115 3047 3327 3102 modus
3376 3046 3652 3113 incendii,

2007 3135 2162 3204 quod
2193 3133 2289 3194 hic
2314 3134 2622 3190 diversitas
2653 3151 2982 3206 corporum,
3015 3135 3125 3191 hoc
3155 3135 3274 3192 illic
3305 3135 3424 3209 agit
3462 3134 3655 3191 diVer-

238 3205 623 3278 postmodum
655 3220 758 3275 per
786 3202 1012 3259 leonem
1043 3204 1112 3258 de
1143 3204 1298 3259 tribu
1329 3204 1483 3260 Juda
1511 3203 1894 3276 dicitaperiri.

2015 3202 2153 3277 sitas
2185 3227 2575 3294 peccatorum,
2602 3228 2666 3278 ut
2678 3202 2872 3296 ignem
2886 3202 3000 3281 non
3015 3202 3372 3281 dissimilem;
3376 3224 3650 3292 habeant,

241 3299 309 3350 In
341 3311 460 3365 quo
486 3291 752 3348 videlicet
779 3291 950 3358 libro,
987 3291 1128 3363 quid
1162 3291 1320 3347 aliud
1351 3309 1529 3363 quam
1561 3309 1726 3348 sacra
1745 3292 1899 3347 Scri-

237 3387 420 3456 ptura
450 3382 737 3454 signatur,
763 3397 944 3452 quam
976 3380 1138 3436 solus
1163 3381 1514 3453 Redemptor
1546 3386 1744 3438 noster
1764 3397 1898 3453 ape-

236 3469 490 3542 ruit,qui
521 3468 697 3524 homo
720 3468 910 3526 factus
938 3468 1258 3535 moriendo,
1286 3470 1666 3542 resurgendo,
1693 3485 1899 3524 ascen-

236 3559 436 3616 dendo
449 3561 662 3614 cuncta
673 3557 969 3630 mysteria,
987 3574 1113 3630 quae
1126 3557 1187 3612 in
1200 3574 1266 3613 ea
1279 3559 1511 3613 fuerant
1521 3557 1901 3629 clausa,pate-

235 3647 400 3703 fecit.
422 3645 776 3703 Etnullusin
791 3644 955 3711 c0310,
977 3645 1116 3717 quia
1128 3662 1316 3718 neque
1331 3645 1598 3719 angelus,
1623 3646 1821 3701 nullus
1839 3646 1898 3700 in

236 3740 420 3802 terra,
456 3733 595 3806 quia
622 3749 812 3807 neque
844 3733 1022 3789 homo
1051 3734 1250 3790 vivens
1270 3733 1330 3789 in
1352 3725 1900 3806 eorpore,etnullus

240 3825 461 3880 subtus
473 3827 690 3878 terram
703 3821 920 3894 dignus
933 3821 1206 3878 inventus
1219 3823 1475 3894 est,quia
1489 3839 1678 3894 neque
1690 3823 1898 3877 animae

242 3928 491 3984 corpore
548 3915 730 3966 exutae
780 3910 1004 3982 aperire
1056 3910 1243 3978 nobis,
1295 3914 1506 3982 praeter
1562 3910 1897 3965 Dominum.

243 4000 399 4057 sacri
431 3998 645 4075 eloquii
680 4004 903 4054 secreta
933 4002 1268 4071 potuerunt.
1318 3999 1462 4054 Cum
1495 4015 1630 4071 ergo
1662 3999 1733 4054 ad
1783 3997 1898 4054 sol-

235 4081 499 4144 vendum
514 4085 730 4142 librum
745 4085 946 4142 nullus
958 4087 1390 4143 subtusterram
1405 4086 1674 4142 inventus
1686 4085 1901 4159 dignus

240 4176 483 4244 dicitur,
519 4175 657 4248 quid
677 4175 872 4232 obstet
902 4166 1194 4232 nonvideo
1217 4181 1281 4231 ut
1306 4177 1515 4232 subtus
1537 4179 1751 4231 terram
1773 4190 1902 4232 esse

240 4266 518 4322 infernus
549 4264 845 4320 credatur.
885 4336 890 4341 _

856 4351 1088 4408 CAPUT
1124 4351 1292 4407 XXV.

883 4462 978 4514 Dc
997 4459 1266 4530 gehenna.

317 4563 536 4640 (Βαία.)
567 4551 792 4622 Nomen
823 4564 1104 4638 gehennae
1136 4564 1196 4619 in
1228 4563 1524 4620 veteribus
1569 4563 1736 4620 libris
1788 4581 1901 4620 non
1933 4584 1980 4648 D

243 4653 566 4722 invenitur,
601 4653 714 4710 sed"
733 4653 990 4726 primum
1025 4671 1057 4707 a
1087 4651 1384 4708 Salvatore
1408 4653 1664 4724 ponitur.
1683 4656 1906 4719 Quaera-

243 4761 383 4800 mus
413 4757 552 4814 ergo
584 4759 710 4814 qua:
737 4741 814 4796 sit
844 4739 1135 4796 sermonis
1167 4740 1347 4812 hujus
1379 4741 1626 4797 occasio.
1670 4741 1898 4796 Idolum

247 4831 617 4889 Ba'alfuisse
656 4831 827 4902 juxta
879 4823 1239 4885 Hierusalem
1295 4830 1368 4885 ad
1412 4830 1638 4886 radices
1685 4831 1901 4886 montis

248 4920 466 4989 Marias,
501 4920 560 4974 in
592 4919 810 4991 quibus
842 4918 1000 4974 Siloa
1030 4918 1180 4986 ﬂuit,
1205 4917 1480 4990 legimus.
1503 4919 1633 4975 Haec
1663 4919 1831 4976 vallis
1847 4923 1904 4975 et

248 5009 411 5082 parvi
424 5007 618 5080 campi
635 5006 908 5080 planities
922 5006 1142 5080 irrigua
1153 5011 1278 5061 erat
1290 5011 1346 5062 et
1360 5023 1686 5075 nemorosa,
1705 5007 1902 5080 plena-

251 5115 362 5171 que
391 5095 643 5163 deliciis,
680 5099 738 5151 et
767 5095 938 5152 lucus
958 5095 1018 5151 in
1034 5094 1268 5152 eaidolo
1295 5099 1767 5152 consecratus.ln
1785 5101 1906 5153 tan-

251 5190 374 5243 tam
404 5183 894 5257 autemtp'opulus
941 5183 1121 5240 Israel
1171 5184 1531 5239 dementiam
1576 5189 1811 5241 venerat
1841 5190 1908 5241 ut

253 5271 810 5346 deserendo-templi
838 5272 1072 5348 vicinia,
1101 5271 1181 5328 ibi
1214 5273 1438 5328 hostias
1470 5272 1821 5341 immolaret,
1853 5277 1908 5328 et

252 5361 516 5438 rigorem
537 5361 836 5435 religionis
869 5361 1090 5417 delicia
1121 5362 1439 5429 vincerent,
1473 5361 1742 5432 filiosque
1766 5379 1905 5418 suos

256 5452 641 5509 incenderent
667 5450 922 5508 daemoni
952 5451 1040 5506 vel
1074 5450 1400 5516 initiarent;
1429 5455 1485 5505 et
1505 5449 1910 5521 appellabatur

255 5540 594 5613 lucus-ipse
619 5539 917 5607 Gehenon,
951 5540 1008 5595 id
1041 5543 1130 5595 est
1156 5538 1324 5595 vallis
1371 5537 1625 5592 filiorum
1676 5539 1903 5595 Ennon.

256 5629 372 5688 Hec
395 5629 634 5702 Regum
675 5627 972 5702 voiumen,
1003 5631 1062 5685 et
1117 5626 1618 5701 Paralipomenon,
1654 5633 1708 5684 et
1747 5629 1906 5684 Jere-

2007 3315 2064 3365 et
2093 3313 2288 3366 tamen
2321 3311 2558 3366 eosdem
2585 3310 2852 3383 singulos
2883 3311 3248 3368 dissimiliter
3276 3315 3498 3379 exurat,

2567 3417 2796 3472 CAPUT
2845 3417 3088 3473 XXVIII.

2469 3525 2542 3578 Dc
2569 3539 2856 3594 pce-narum
2893 3522 3177 3578 distantia.

2081 3627 2394 3684 Mitissima
2422 3645 2562 3685 sane
2593 3629 2858 3684 omnium
2912 3646 3114 3685 eorum
3168 3627 3278 3685 erit
3325 3646 3516 3702 pmna,
3550 3621 3656 3701 qui

2008 3723 2215 3788 praeter
2244 3719 2549 3789 peccatum
2579 3718 2733 3789 quod
2767 3717 3048 3790 originale
3079 3711 3398 3784 traxerunt,
3421 3713 3658 3775 nullum-

2007 3805 2248 3877 insuper
2267 3805 2636 3862 addiderunt.
2665 3807 2850 3862 Tanto
2863 3811 3057 3862 autem
3078 3805 3158 3862 ibi
3176 3799 3425 3879 quiSque
3445 3807 3656 3882 tolera-

2008 3893 2277 3948 biliorem
2296 3894 3008 3962 habebitdamnationem,
3029 3900 3246 3967 quanto
3262 3895 3356 3951 hic
3371 3895 3657 3952 minorem

2009 3980 2213 4035 habuit
2245 3980 2638 4050 iniquitatem.
2677 3983 3136 4038 Remanentibus
3159 3984 3354 4055 itaque
3367 3979 3659 4055 angelis'et

2009 4068 2347 4123 hominibus
2377 4068 2641 4139 rcprobis
2672 4068 2732 4121 in
2773 4072 2988 4123 aeterna
3035 4086 3226 4139 poena,
3272 4075 3412 4124 tunc
3466 4071 3654 4126 sancti

2010 4157 2198 4213 scient
2225 4156 2476 4228 plenius,
2510 4155 2649 4226 quid
2682 4155 2819 4210 boni
2853 4154 2936 4210 eis
2957 4153 3267 4210 contulerit
3293 4154 3656 4228 gratia.tune

2011 4246 2186 4302 rebus
2219 4242 2362 4316 ipsis
2401 4241 2727 4298 evidentius
2770 4243 3094 4314 apparebit,
3146 4245 3301 4314 quod
3332 4243 3391 4298 in
3423 4243 3655 4301 Psalmo

2012 4333 2294 4404 seriptum
2354 4335 2468 4387 est:
2530 4330 2959 4387 Misericordiam
3006 4339 3057 4387 et
3106 4323 3385 4404 judicium
3431 4320 3662 4389 cauta'bo'

2014 4423 2116 4479 tibi
2144 4423 2370 4477 Dommc
2402 4421 2575 4490 (Psat.
2609 4422 2683 4490 c).
2721 4419 2867 4486 Quia
2892 4419 3006 4476 nisi
3038 4420 3473 4492 perindebitam
3488 4420 3661 4477 mise-

2015 4511 2318 4566 ricordism
2354 4525 2524 4563 nemo
2556 4501 2920 4578 liberabitur,
2952 4513 3009 4565 et
3034 4508 3147 4566 nisi
3179 4516 3282 4582 per
3298 4509 3560 4566 debitum
3566 4510 3660 4582 ju-

2015 4600 2235 4656 dieium
2268 4613 2436 4654 nemo
2467 4598 2864 4653 damnabitur.

2611 4703 2844 4760 CAPUT
2881 4703 3066 4759 XXIX.

2272 4815 2459 4885 Quare
2487 4810 2714 4866 dicatur
2738 4813 2884 4882 ignis
2907 4808 3395 4880 incxstinguibilis.

2081 4919 2295 4990 (Chrys.
2306 4918 2320 4988 )
2332 4916 2485 4989 Ignis
2499 4919 2694 4972 autem
2709 4916 2802 4972 hic
2817 4916 2919 4988 qui
2931 4915 2991 4970 in
3005 4914 3274 4988 praesenti
3287 4914 3406 4970 vita
3418 4917 3666 4982 est,eon-

2012 5007 2198 5064 sumit
2227 5010 2578 5077 cunetaquae
2615 5005 2836 5077 recipit.
2862 5006 3182 5076 Perpetuus
3219 5002 3482 5076 illeignis
3517 4995 3667 5076 quos

2014 5095 2582 5168 susceperitsemper
2597 5095 2900 5161 eruciat,et
2912 5110 3092 5164 poenae
3118 5110 3235 5148 sua:
3264 5109 3496 5166 semper
3513 5094 3667 5150 inte-

2013 5200 2147 5257 gros
2161 5182 2689 5254 servat.Proptcrea
2715 5181 2872 5237 enim
2898 5179 3394 5254 inexstinguibilis
3433 5181 3666 5250 dicitur,

2018 5291 2131 5328 non
2146 5272 2336 5329 solum
2351 5272 2487 5344 quia
2502 5271 2623 5342 ipse
2639 5288 2750 5326 non
2765 5269 3283 5341 exstinguitur.sed
3299 5271 3438 5342 quia
3452 5288 3557 5327 nec
3570 5267 3670 5327 eos

2015 5379 2162 5434 quos
2193 5359 2517 5432 susceperit
2547 5359 2887 5430 exstinguit,
2921 5374 3025 5412 nec
3069 5359 3326 5430 perimit.
3371 5359 3672 5432 Scriptura

2016 5450 2230 5506 etenim
2264 5447 2485 5516 didicit,
2521 5448 2660 5520 quia
2690 5451 2746 5502 et
2791 5451 3124 5519 peccatores
3176 5448 3425 5504 induant
3468 5455 3669 5503 eorm-'-

2017 5540 2297 5612 ptionem,
2331 5537 2549 5591 scilicet.
2563 5554 2675 5592 non
2707 5537 2777 5591 ad
2791 5535 3073 5592 honorem
3091 5537 3219 5593 vitae
3235 5538 3334 5593 sed
3349 5537 3420 5592 ad
3442 5537 3667 5591 diutur-

2018 5629 2263 5686 nitatem
2292 5624 2525 5698 suplicii
2556 5626 2944 5697 profuturam.
3000 5626 3190 5698 Hujus
3239 5629 3434 5682 autem
3483 5636 3672 5695 pcenae
