4102 6180
408 310 535 411 ¹94ῖι

819 308 1226 373 HAYMONIS
1271 305 1804 369 HALBERSTAT.
1852 302 2099 369 EPISC.
2144 303 2316 367 OPP.
2356 303 2583 366 PAllS.
2631 304 2820 367 Ill.-—
2845 304 3410 369 MISCELLANEA.

3695 303 3812 366 948

413 445 532 504 vim
563 447 621 501 et
647 441 802 518 ignis
830 442 990 501 illius
1020 439 1340 515 potentiam
1390 436 1553 496 nulla
1595 455 1704 495 vox
1749 453 2052 510 exponere,
2085 436 2138 506 Α
2166 435 2843 505 ultravirescruciant,et
2858 437 3084 497 eisvitae
3098 436 3816 513 subsidiumexstinguen-

415 534 616 592 nullus
646 549 838 591 sermo
869 530 1081 605 poterit
1109 529 1437 602 explanare.
1487 527 1641 584 Nihil
1675 531 1764 584 est
1791 527 1947 584 enim
1998 526 2058 582 in

414 625 589 681 rebus
609 621 1091 695 corruptibilibus
1112 619 1230 676 sive
1246 619 1414 675 bonis
1427 618 1546 674 sive
1559 616 1731 674 malis
1746 616 1828 673 illi
1842 616 2054 681 simile,

411 714 816 769 verumtamen
842 712 907 765 ut
934 709 1192 781 aliquam
1224 708 1539 781 imaginem
1586 705 1739 780 ignis
1765 704 1925 763 illius
1970 704 2058 761 vel

415 818 483 858 ex
501 816 674 874 poena
701 800 881 872 hujus
911 796 1236 871 capiamus,
1269 796 1353 852 illi
1386 796 1875 870 comparavimus.

1016 903 1248 959 CAPUT
1291 902 1452 959 XXX.

630 993 778 1065 Quod
802 995 921 1049 sine
947 993 1056 1065 ﬁne
1082 995 1192 1048 sint
1239 996 1510 1050 tormenta
1549 993 1840 1049 malorum.

484 1103 649 1160 Sicut
675 1100 1033 1158 autemﬁnis
1061 1117 1178 1156 non
1206 1104 1313 1169 est,
1341 1099 1539 1173 gaudii
1557 1100 1863 1165 bonorum,
1896 1098 1978 1155 ita
1999 1103 2058 1155 et

410 1190 548 1247 ﬁnis
578 1207 694 1247 non
719 1192 810 1247 est
835 1193 1263 1245 tormentorum
1286 1188 1597 1244 malorum.
1620 1188 1768 1244 Nam
1795 1205 1929 1244 cum
1952 1188 2057 1244 Ve-

408 1279 551 1337 ritas
581 1279 768 1335 dicat:
800 1280 964 1335 Ibunt
1012 1279 1072 1334 hi
1118 1280 1176 1332 in
1223 1278 1557 1350 supplicium
1582 1285 1871 1345 arternum,
1912 1278 2059 1350 justi

405 1376 589 1425 autem
619 1369 682 1423 in
707 1368 883 1422 vitam
908 1372 1182 1425 aeternam
1223 1367 1433 1439 (Matth.
1464 1369 1617 1436 xxv),
1671 1365 1810 1438 quia
1850 1383 2055 1423 verum

407 1460 499 1514 est
526 1456 681 1529 quod
711 1455 1001 1528 promisit,
1051 1455 1265 1512 falsum
1314 1455 1516 1528 procul
1567 1455 1745 1511 dubio
1777 1472 1893 1511 non
1924 1455 2052 1525 erit,

408 1546 567 1619 quod
598 1544 860 1602 minatus
888 1548 978 1602 est
1006 1545 1182 1602 Deus.

1011 1652 1243 1708 CAPUT
1263 1650 1450 1708 XXXI.

408 1740 611 1799 Contra
632 1756 719 1798 eos
750 1742 848 1813 qui
872 1742 1080 1807 dicunt,
1116 1742 1173 1797 id
1191 1743 1333 1796 circo
1363 1745 1512 1797 Deus
1527 1741 1876 1812 peccantibus
1899 1750 2057 1799 aeter-

2168 529 2257 583 tes
2286 531 2538 594 servant,
2563 531 2632 583 ut
2655 526 2739 584 sic
2757 527 2934 584 vitam
2957 529 3245 585 terminus
3281 527 3489 600 puniat
3524 532 3816 601 quatenus

2168 631 2401 688 semper
2427 616 2678 672 termino
2701 617 2995 674 cruciatus
3024 632 3127 688 per
3156 620 3447 673 tormenta
3478 616 3820 690 proferat,et

2167 704 2293 760 sine
2324 704 2440 759 ﬁne
2470 704 2755 761 deﬁniens
2777 706 2964 761 duret.
2992 705 3077 761 Fit
3097 722 3233 779 ergo
3252 704 3485 762 miseris
3510 722 3671 762 mors
3693 707 3819 761 sine

2167 796 2373 859 morte,
2406 793 2544 848 ﬁnis
2591 793 2719 850 sine
2766 794 2901 861 ﬁne,
2936 794 3197 850 defectus
3230 795 3357 850 sine
3386 795 3635 861 defectu,
3680 796 3821 866 quia

2164 885 2223 937 et
2253 897 2411 937 mors
2440 880 2598 949 vivit,
2624 886 2682 937 et
2698 881 2833 937 ﬁnis
2863 898 3095 955 semper
3122 882 3345 955 incipit,
3369 886 3425 939 et
3445 883 3694 939 deﬁcere
3718 883 3817 939 de-

2165 969 2352 1025 fectus
2377 969 2581 1026 nescit.
2616 969 2794 1043 (Aug.)
2826 970 2906 1026 De
2936 971 3045 1026 hoc
3066 971 3218 1026 inter
3236 975 3441 1027 caetera
3461 971 3820 1043 conspicuus

2164 1059 2367 1114 doctor
2396 1058 2762 1132 Augustinus
2810 1060 2930 1116 ait:
2981 1059 3139 1116 Nihil
3170 1063 3260 1116 est
3302 1060 3471 1132 pejus
3512 1060 3574 1114 in
3606 1065 3817 1123 morte,

2165 1163 2343 1219 quam
2368 1164 2496 1204 esse
2516 1147 2576 1203 in
2600 1153 2784 1205 morte
2818 1149 2944 1205 sine
2968 1152 3236 1216 morte,et
3258 1148 3405 1205 mori
3425 1147 3573 1205 velle
3591 1153 3647 1204 et
3669 1148 3815 1204 mori

2163 1251 2355 1308 posse.

2733 1352 2964 1409 CAPUT
3007 1353 3240 1410 XXXIV.

2164 1459 2444 1532 Quomodo
2482 1460 2673 1515 anima
2709 1461 3036 1535 immortalis
3064 1463 3139 1517 sit
3178 1461 3310 1535 dum
3335 1469 3544 1519 constat
3586 1465 3729 1535 quod
3758 1465 3819 1519 in

2620 1540 2880 1603 perpetuo
2902 1533 3030 1601 igne
3058 1534 3346 1589 moriatur.

2237 1645 2441 1718 (Greg.)
2471 1645 2633 1701 Sicut
2662 1646 2895 1703 duobus
2925 1647 3118 1705 modis
3139 1648 3259 1704 vita
3287 1647 3521 1717 dicitur,
3552 1649 3635 1705 ita
3665 1650 3816 1706 duo-

2163 1734 2276 1790 bus
2306 1734 2496 1791 modis
2525 1733 2699 1790 etiam
2745 1736 2945 1792 anima
2971 1737 3141 1793 debet
3184 1735 3453 1811 intelligi.
3502 1738 3678 1795 Aliud
3727 1745 3821 1796 est

477 1831 610 1900 nam
636 1808 880 1900 minatus
908 1817 989 1869 est
1026 1829 1268 1900 poenam,
1302 1819 1361 1867 ut
1389 1828 1477 1868 eos
1506 1808 1541 1866 ἁ
1565 1821 1904 1885 peccatorum
1929 1830 2057 1886 per-
2087 1808 2133 1873 Β
2164 1840 2419 1894 namque
2451 1824 2605 1895 quod
2637 1822 2697 1879 in
2730 1824 2845 1880 Deo
2891 1824 3162 1894 vivimus,
3211 1808 3533 1884 aliud—vero
3564 1830 3722 1900 quod
3754 1829 3819 1884 in

473 1888 782 1957 petratione
810 1891 1178 1956 compesceret.

476 1989 687 2061 (Greg.)
703 1990 760 2044 Si
778 1989 993 2044 falsum
1006 1992 1096 2044 est
1107 1988 1260 2059 quod
1276 1987 1536 2045 minatus
1548 1991 1812 2057 est,utab
1826 1990 2054 2061 injusti-

405 2077 489 2134 tia
498 2074 1013 2149 corrigeret,etiam
1027 2076 1176 2132 falsa
1187 2080 1277 2132 est
1285 2076 1671 2149 pollicitus,ut
1682 2080 1752 2134 ad
1761 2080 2055 2151 justitiam

409 2168 768 2239 provocarat.
801 2164 912 2221 Sed
945 2164 1079 2237 quis
1110 2165 1219 2221 hoc
1240 2165 1432 2223 dicere
1451 2166 1537 2222 vel
1560 2166 1808 2224 insanus
1834 2186 2055 2241 prusu-

407 2258 533 2311 mat
552 2253 580 2308 ?
608 2255 679 2310 Et
703 2253 753 2308 si
785 2253 1045 2310 minatus
1075 2259 1165 2311 est
1193 2255 1348 2326 quod
1379 2272 1495 2311 non
1526 2260 1651 2312 erat
1680 2256 2054 2330 impleturus,

408 2343 553 2399 dum
582 2356 842 2398 asserere
860 2358 997 2399 eum
1020 2342 1454 2399 misericordem
1475 2343 1768 2417 volumus,
1791 2345 2056 2403 fallacem

409 2431 588 2503 (quod
620 2430 736 2487 dici
762 2430 927 2487 nefas
955 2433 1068 2499 est)
1090 2430 1404 2503 pradicare
1426 2432 1850 2504 compellimur.
1876 2435 2058 2507 (Aug.)

410 2519 493 2576 De
520 2518 631 2575 hoc
661 2519 870 2576 beatus
897 2518 1265 2591 Augustinus
1285 2519 1435 2575 inter
1455 2525 1663 2577 caetera
1681 2520 1795 2579 ait:
1818 2523 2059 2580 Frustra

406 2606 608 2680 itaque
630 2606 1042 2674 nonnulli,imo
1062 2607 1301 2679 quidem
1329 2607 1872 2680 plurimi,aeternam
1894 2612 2058 2669 dam-

411 2702 687 2753 natorum
705 2711 936 2768 pinnam
955 2698 1015 2752 et
1025 2693 1321 2752 cruciatus
1337 2696 1463 2751 sine
1480 2695 1914 2755 intermissione
1934 2715 2061 2772 per-

413 2788 622 2858 petuos
638 2783 897 2841 humano
914 2782 1270 2840 miserantur
1279 2784 1689 2857 alfectu,atque
1700 2784 1782 2842 ita
1794 2787 1851 2842 fu
1858 2790 2056 2844 turum

412 2889 541 2931 esse
554 2890 669 2930 non
680 2874 945 2930 credunt.
968 2872 1095 2929 Non
1108 2872 1348 2944 quidam
1362 2872 1682 2947 Scripturis
1694 2876 2055 2934 adversando

411 2961 646 3027 divinis,
678 2963 782 3019 sed
806 2978 910 3034 pro
941 2978 1049 3017 suo
1074 2966 1237 3018 motu
1267 2962 1417 3018 dura
1446 2978 1690 3036 quaeque
1740 2965 2054 3036 moliendo,

409 3055 468 3107 et
490 3050 551 3106 in
581 3049 860 3106 leniorem
886 3050 1168 3106 ﬂectendo
1192 3050 1539 3107 sententiam
1570 3069 1697 3125 quae
1727 3057 1972 3125 putatur
1992 3056 2054 3110 in

407 3137 494 3196 eis
521 3138 841 3196 terribilius
868 3155 997 3195 esse
1042 3138 1199 3195 dicta
1244 3155 1423 3212 quam
1461 3140 1676 3197 verius.
1709 3142 1861 3198 Num
1893 3144 2050 3200 enim

406 3226 1111 3301 obliviscetur(inquiunt)
1134 3227 1396 3285 misereri
1407 3229 1711 3287 Deus?aut
1730 3232 2053 3288 continebit

406 3316 468 3373 in
485 3316 573 3374 ira
587 3333 696 3374 sua
711 3316 1143 3373 misericordias
1160 3332 1300 3372 suas
1319 3318 1347 3372 ?
1366 3316 1478 3373 hoc
1503 3317 1741 3389 quidem
1764 3318 1823 3374 in
1852 3324 2053 3376 sancto

405 3405 622 3478 legitur
640 3403 888 3477 psalmo.
911 3404 1023 3460 Sed
1046 3404 1117 3460 de
1139 3404 1231 3459 his
1250 3404 1377 3461 sine
1392 3404 1511 3462 ullo
1546 3406 1820 3480 scrupulo
1842 3407 2054 3465 intelli-

405 3492 584 3566 gitur,
615 3491 717 3565 qui
743 3508 885 3548 vasa
915 3491 1326 3548 misericordiae
1358 3499 1791 3566 nuncupantur.
1822 3496 1967 3562 Quia
1997 3502 2055 3553 et

404 3579 520 3652 ipsi
548 3597 664 3637 non
694 3596 798 3652 pro
818 3579 1044 3635 meritis
1064 3579 1462 3648 suis,sed,Deo
1484 3581 1818 3650 miserante,
1842 3584 1913 3639 de
1941 3585 2051 3640 mi-

405 3666 559 3725 seria
608 3666 950 3724 liberantur.
1000 3669 1116 3722 Aut
1145 3666 1195 3722 si
1233 3666 1343 3723 hoc
1372 3668 1444 3722 ad
1476 3684 1679 3725 omnes
1716 3669 2052 3728 existimant

405 3755 716 3828 pertinere,
740 3771 857 3811 non
877 3753 1007 3809 ideo
1029 3769 1266 3809 necesse
1282 3758 1371 3810 est
1391 3758 1455 3810 ut
1476 3755 1911 3815 damnationem
1934 3760 2051 3834 opi-

404 3845 623 3898 nentur
642 3858 814 3914 posse
834 3839 990 3896 ﬁniri
1009 3857 1232 3909 eorum,
1252 3843 1324 3899 de
1344 3843 1563 3914 quibus
1578 3843 1800 3903 dictum
1817 3852 1908 3904 est
1928 3850 2045 3909 sic:

404 3929 567 3988 Ibunt
596 3931 688 3986 isti
717 3930 777 3985 in
805 3930 1138 4003 supplicium
1164 3938 1439 3988 wternum
1460 3950 1481 3987 :
1522 3932 1637 3988 nisi
1666 3939 1721 3990 et
1742 3935 1854 3993 isto
1875 3937 2047 3995 modo

403 4021 642 4091 putetur
688 4017 1040 4092 quandoque
1067 4018 1341 4076 habitura
1376 4021 1554 4077 ﬁnem
1594 4022 1860 4092 felicitas,
1910 4043 2046 4084 cum

402 4107 798 4182 subjungatur
808 4122 823 4165 :
834 4112 873 4168 J
876 4108 985 4164 usti
992 4112 1177 4165 autem
1193 4110 1254 4164 in
1264 4110 1437 4166 vitam
1445 4118 1712 4169 aeternam
1725 4114 2044 4186 (Muttinxv).

981 4213 1213 4271 CAPUT
1250 4215 1463 4273 XXXII.

401 4319 551 4389 Quod
567 4320 782 4391 justum
806 4321 882 4376 sit
908 4322 1176 4400 ut_culpa,
1196 4336 1322 4394 qua
1339 4339 1464 4400 cum
1482 4324 1591 4394 ﬁne
1605 4334 1920 4398 perpetrata
1944 4337 2041 4400 est,

931 4392 1052 4447 sine
1077 4392 1186 4462 ﬁne
1206 4392 1507 4465 puniatur.

2163 1911 2273 1967 hoc
2299 1928 2530 1984 quoque
2569 1911 2788 1969 conditi
2816 1912 2904 1969 vel
2937 1914 3113 1970 creati
3147 1933 3375 1984 sumus,
3407 1916 3466 1972 id
3511 1921 3625 1985 est,
3651 1917 3818 1974 aliud

2163 2004 2252 2056 est
2268 2001 2433 2056 beate
2453 2000 2661 2069 vivere,
2694 2000 2851 2057 aliud
2868 2002 3276 2060 essentialiter.
3296 2004 3506 2061 Anima
3530 2006 3731 2078 itaque
3758 2012 3822 2063 et

2165 2088 2432 2145 mortalis
2478 2106 2606 2146 esse
2636 2089 3000 2163 intelligitur,
3033 2096 3091 2148 et
3134 2092 3505 2151 immortalis.
3551 2095 3821 2151 Mortalis

2165 2177 2551 2251 quippe,quia
2570 2179 2735 2235 beate
2750 2178 2937 2234 vivere
2950 2198 3252 2253 nunquam
3270 2182 3571 2251 desinit,et
3591 2189 3817 2240 natura

2165 2283 2284 2322 sua:
2316 2265 2491 2322 vitam
2521 2267 2762 2339 perdere
2794 2284 2909 2322 non
2938 2267 3112 2335 valet,
3146 2286 3249 2326 nec
3277 2287 3411 2327 cum
3442 2272 3503 2326 in
3533 2277 3823 2345 perpetua

2165 2353 2342 2410 fuerit
2372 2359 2555 2410 morte
2587 2355 2883 2410 damnata.
2917 2355 3039 2412 Illic
3070 2358 3228 2414 enim
3262 2359 3452 2432 posita
3483 2361 3653 2417 beata
3684 2379 3822 2418 esse

2167 2442 2388 2515 perdet,
2421 2446 2478 2498 et
2497 2459 2624 2498 esse
2652 2460 2767 2499 non
2798 2444 3015 2516 perdet.
3048 2446 3129 2500 Ex
3159 2463 3276 2518 qua
3307 2464 3366 2503 re
3396 2464 3628 2522 semper
3656 2450 3819 2524 cogi-

2165 2533 2281 2598 tur,
2306 2534 2372 2586 ut
2400 2534 2457 2587 et
2481 2535 2726 2587 mortem
2760 2532 2885 2589 sine
2917 2538 3121 2602 morte,
3154 2539 3211 2590 et
3232 2536 3522 2593 defectum
3555 2539 3684 2594 sine
3713 2540 3817 2596 de-

2166 2619 2341 2688 fectu,
2375 2624 2432 2675 et
2461 2621 2637 2676 ﬁnem
2669 2622 2794 2676 sine
2838 2622 2953 2677 ﬁne
3010 2622 3285 2695 patiatur,
3316 2630 3609 2697 quatenus
3656 2628 3711 2684 ei
3757 2633 3823 2684 et

2165 2724 2326 2764 mors
2348 2708 2698 2766 immortalis
2722 2710 2819 2778 sit,
2837 2715 2894 2766 et
2915 2711 3174 2768 defectus
3197 2713 3557 2784 indeﬁciens,
3591 2720 3651 2772 et
3678 2716 3819 2773 ﬁnis

2166 2796 2453 2853 inﬁnitus.

2733 2914 2962 2971 CAPUT
2993 2915 3204 2973 XXXV.

2163 3019 2319 3089 Quod
2363 3019 2570 3077 animae
2615 3021 2932 3099 in_iquo_rum
2958 3038 3089 3099 mox
3116 3032 3176 3079 ut
3203 3024 3270 3099 de
3314 3041 3533 3099 corpore
3586 3038 3814 3096 exeunt,

2615 3091 2686 3146 ad
2712 3091 2993 3164 infernum
3015 3093 3358 3152 descendant.

2082 3171 2125 3240 α
2232 3196 2291 3252 Si
2320 3212 2449 3253 esse
2470 3200 2806 3254 sanctorum
2826 3198 3056 3256 animas
3078 3200 3136 3256 in
3159 3201 3301 3258 ccelo
3321 3204 3694 3262 attestatioue
3714 3223 3815 3262 sa-

2162 3284 2246 3340 cri
2260 3284 2477 3358 eloquii
2496 3285 3046 3360 credimus,oportet
3061 3292 3127 3344 ut
3145 3293 3202 3345 et
3219 3289 3557 3364 iniquorum
3581 3294 3815 3351 animus

2160 3373 2220 3429 in
2246 3373 2473 3431 inferno
2504 3391 2608 3447 per
2637 3375 2835 3431 omnia
2864 3392 2991 3433 esse
3012 3378 3340 3436 credamus.
3365 3380 3513 3445 Quia
3543 3399 3614 3438 ex
3644 3384 3814 3439 retri-

2160 3463 2401 3519 butione
2449 3466 2673 3519 aeterna;
2696 3463 2940 3535 justitiae
2973 3482 3041 3521 ex
3071 3483 3190 3539 qua
3222 3469 3347 3539 jam
3372 3470 3523 3541 justi
3548 3469 3806 3543 glorian~

2159 3554 2276 3619 tur,
2310 3567 2545 3608 necesse
2570 3556 2661 3608 est
2689 3569 2793 3624 per
2819 3553 3018 3609 omnia
3040 3560 3105 3610 ut
3132 3559 3191 3612 et
3211 3556 3419 3628 injusti
3442 3558 3803 3615 cruciantur.

2159 3638 2304 3695 Nam
2332 3639 2485 3697 sicut
2513 3639 2729 3698 electos
2756 3642 3054 3699 beatitudo
3085 3642 3358 3711 laetiﬁcat,
3391 3640 3472 3702 ita
3514 3648 3674 3704 credi
3706 3665 3804 3704 ne-

2157 3743 2319 3784 cesse
2373 3732 2482 3800 est,
2541 3730 2697 3802 quod
2727 3747 2763 3786 a
2818 3730 2913 3787 die
2969 3732 3157 3790 exitus
3187 3734 3281 3790 sui
3319 3735 3473 3807 ignis
3526 3738 3805 3809 reprobos

2156 3819 2379 3873 exurat.

2723 3907 2953 3965 CAPUT
2994 3909 3232 3967 XXXVI.

2157 4011 2306 4080 Quod
2325 4014 2571 4093 animam
2589 4013 2949 4093 egredientem
2967 4033 2997 4073 e
3014 4034 3254 4089 corpore,
3277 4021 3389 4076 sive
3402 4022 3580 4077 sancti
3599 4023 3797 4093 angeli,

2222 4099 2319 4139 seu
2346 4083 2633 4169 daemones
2669 4089 2992 4169 acceperint,
3034 4083 3219 4144 secum
3241 4083 3470 4163 semper
3515 4094 3643 4149 sine
3675 4083 3801 4150 ἰιιιά

2222 4163 2620 4226 permutatione
2648 4163 2937 4214 retineant.

2224 4260 2524 4333 Scriptura
2568 4264 2785 4319 etenim
2816 4264 2996 4322 dicit:
3043 4268 3110 4322 In
3163 4284 3545 4343 quamcunque
3587 4281 3796 4344 partem

2153 4349 2405 4405 ceciderit
2444 4351 2676 4423 lignum,
2732 4355 2848 4409 sive
2996 4360 3268 4424 austrum,
3326 4360 3443 4415 sive
3469 4360 3543 4415 ad
3585 4362 3792 4434 aquilo-

2151 4454 2295 4503 nem,
2329 4438 2411 4494 ibi
2432 4441 2539 4495 erit
2568 4441 2762 4513 (Eccle.
2797 4438 2911 4512 x1);
2945 4444 3186 4515 scilicet,
3218 4446 3358 4519 quia
3381 4465 3518 4504 cum
3540 4449 3791 4506 hominis

470 4496 679 4604 ((ξνθξο)
703 4496 821 4596 Ῑξοο
841 4496 1381 4604 Γθοίθὶἀξθθξθίυννεί
1403 4499 1900 4604 ἀίξίςίίξίυῆλυίξθε
1915 4522 2041 4604 ,ῐξοη
2072 4538 2119 4603 D
2150 4496 2403 4582 animam
2422 4496 2630 4584 mortis
2646 4496 2911 4602 tempore
2925 4496 3318 4604 egredientZam
3342 4552 3377 4591 a
3398 4534 3659 4594 claustro
3682 4555 3792 4595 car-

397 4585 574 4642 corda
592 4584 901 4640 hominum
918 4586 1020 4642 sed
1053 4585 1206 4642 facta
1225 4590 1713 4662 pensaret.Iniqui
1735 4591 1890 4648 enim
1913 4593 2041 4651 ideo

396 4689 531 4731 cum
562 4673 676 4729 ﬁne
706 4673 1097 4745 deliquerunt,
1129 4674 1270 4746 quia
1292 4692 1427 4731 cum
1450 4677 1564 4733 ﬁne
1583 4677 1868 4735 vixerunt.
1892 4682 2039 4739 Nam

392 4761 718 4819 voluissent
746 4761 973 4834 utique,
1005 4761 1053 4818 si
1076 4762 1425 4834 potuissent,
1459 4765 1585 4822 sine
1614 4766 1729 4823 ﬁne
1757 4769 2040 4838 vivere,ut

393 4849 725 4922 potuissent
744 4848 872 4906 sine
891 4850 1007 4906 ﬁne
1017 4866 1282 4923 peccare:
1306 4853 1625 4909 ostendunt
1644 4855 2037 4931 enim,quiain

393 4942 628 5010 peccato
653 4954 886 5013 semper
913 4939 1105 4995 vivere
1126 4938 1394 5012 cupiunt,
1426 4942 1527 5015 qui
1560 4960 1861 5017 nunquam
1893 4947 2041 5004 desi-

392 5028 540 5079 nunt
559 5043 798 5099 peccare
812 5027 956 5083 dum
969 5026 1191 5083 vivunt.
1205 5029 1289 5084 Ad
1304 5044 1578 5102 magnam
1594 5048 1729 5106 ergo
1737 5034 1762 5105 j
1770 5035 2036 5092 ustitiam

381 5112 706 5183 judicantis
730 5115 997 5187 pertinet,
1032 5121 1099 5173 ut
1127 5133 1429 5190 nunquam
1461 5124 1697 5176 careant
1724 5122 2033 5196 supplicio,

388 5198 571 5272 quiin
601 5200 710 5257 hac
738 5203 858 5259 vita
885 5220 1192 5277 nunquam
1212 5205 1521 5263 voluerunt
1549 5223 1744 5266 carere
1775 5217 2031 5283 peccato.

950 5310 1181 5368 CAPUT
1219 5311 1459 5369 XXXIII.

385 5411 535 5482 Quod
562 5413 622 5467 in
652 5412 754 5468 illa
781 5420 989 5494 aeterna
1018 5417 1367 5494 damnatione
1393 5436 1538 5476 mors
1567 5423 1642 5478 sit
1668 5425 1790 5480 sine
1834 5432 2027 5494 morte,

809 5493 860 5541 et
887 5488 1032 5542 mori
1056 5490 1194 5544 velle‘
1210 5496 1265 5545 et
1292 5508 1404 5548 non
1427 5508 1601 5564 posse.

458 5590 662 5667 (Greg.)
685 5591 985 5667 Supplicia
1011 5609 1267 5667 namque
1287 5600 1502 5657 aeterna
1519 5599 1580 5657 in
1602 5617 1665 5659 se
1685 5601 2031 5675 diversos,et

2150 4614 2239 4670 nis
2268 4615 2387 4671 sive
2417 4621 2657 4674 sanctus
2678 4635 2780 4674 seu
2808 4620 3104 4694 malignus
3132 4622 3376 4695 spiritus
3403 4627 3714 4699 acceperit,
3735 4627 3786 4682 in

2148 4707 2430 4759 aeternum
2453 4721 2653 4761 secum
2675 4706 2801 4763 sine
2819 4707 2940 4763 ulla
2962 4711 3387 4781 permutatione
3408 4713 3704 4787 retinebit,
3732 4720 3787 4771 ut

2150 4807 2255 4847 nec
2277 4791 2526 4849 exaltata
2546 4794 2618 4850 ad
2643 4794 2994 4869 supplicium
3014 4803 3274 4870 proruat,
3297 4817 3403 4857 nec
3425 4819 3622 4860 mersa
3642 4810 3787 4860 aiter-

2150 4878 2241 4935 nis
2288 4880 2591 4954 suppliciis
2645 4883 2799 4940 ultra
2845 4886 2918 4941 ad
2969 4887 3297 4945 remedium
3341 4891 3664 4964 ereptionis
3704 4908 3783 4948 as-

2147 4969 2377 5025 cendat.

2704 5060 2935 5119 CAPUT
2973 5064 3239 5123 XXXVII.

2144 5164 2298 5248 Quod
2321 5165 2563 5248 reprobi,
2595 5182 2828 5238 quorum
2867 5185 3035 5248 causa
3071 5188 3354 5230 communs
3381 5182 3464 5248 est
3505 5176 3570 5248 in
3614 5190 3779 5248 opere,

2214 5235 2284 5290 ad
2298 5235 2430 5293 loca
2473 5235 2639 5293 etiam
2680 5242 2992 5297 communia
3015 5251 3137 5315 post
3163 5253 3393 5301 mortem
3430 5235 3777 5303 deducantur;

2213 5342 2273 5397 Si
2305 5346 2500 5399 autem
2522 5344 2772 5417 reprobi,
2796 5362 3048 5418 quorum
3068 5365 3248 5408 causa
3266 5352 3601 5410 communis
3620 5356 3704 5410 est
3720 5351 3777 5407 in

2140 5446 2333 5503 opere,
2352 5432 2425 5488 ad
2441 5431 2567 5489 loca
2583 5433 2761 5490 etiam
2777 5438 3115 5495 communia
3134 5445 3269 5512 post
3288 5446 3539 5498 mortem
3560 5458 3671 5498 non
3689 5440 3778 5495 de-

2139 5520 2509 5590 ducerentur,
2542 5538 2916 5601 nequaquam
2939 5527 3122 5599 judex
3141 5531 3383 5588 veniens
3405 5530 3689 5587 dicturum
3709 5544 3776 5584 se

2140 5610 2500 5668 messoribus
2527 5627 2656 5669 esse
2704 5612 3069 5685 perhiberet:
3100 5619 3358 5690 Colligite
3385 5621 3673 5687 zizaniam,
3718 5633 3775 5692 et
