4026 6180
239 398 356 463 949

1161 366 1273 459 nsi
1307 391 1764 457 VABIILTATE
1808 388 2235 455 uanouU-M.
2286 423 2360 435 -
2401 390 2546 453 LIB.
2596 389 2699 453 ιιι.

3512 378 3649 450 95οη

242 535 406 606 ligate
433 550 554 592 eam
584 534 645 590 in
670 528 1045 607 fasciculosad
1067 526 1493 587 comburendum
1509 526 1713 602 (Matth.
1731 527 1879 597 xm).
1906 526 1964 595 Α
1991 523 2147 582 natis
2173 523 2409 599 injustis
2441 521 3151 607 minimecompatiuntur,
3179 538 3312 580 cum
3327 520 3519 579 adhuc
3532 517 3636 579 ali-

242 628 527 686 Messores
539 624 777 699 quidem
805 622 1017 697 angeli,
1032 620 1315 677 zizaniam
1329 620 1401 675 ad
1414 618 1624 674 combu
1632 617 1770 673 rend
1780 633 1878 672 um

237 719 295 775 in
320 715 632 774 fasciculos
660 714 865 788 ligant,
897 728 1033 770 cum
1062 727 1230 783 pares
1242 708 1483 782 paribus
1501 708 1560 763 in
1574 707 1882 763 tormentis

238 806 529 866 similibus
540 805 785 872 sociant,
799 801 1115 874 utsuperbi
1141 817 1274 856 cum
1288 797 1577 871 superbis,
1596 795 1878 852 luxuriosi

236 916 368 957 cum
397 894 740 962 luxuriosis,
771 893 927 949 avari
957 908 1092 948 cum
1124 889 1333 957 avaris,
1366 886 1750 943 faliacescum
1774 886 1877 955 fal-

234 983 663 1055 lacibus,invidi
686 999 818 1039 cum
841 980 1074 1050 invidis,
1097 977 1362 1035 inﬁdeles
1387 994 1521 1032 cum
1540 973 1878 1031 infidelibus

234 1079 495 1135 ardeant.
525 1079 668 1131 Cum
699 1089 834 1145 ergo
866 1070 1090 1129 similes
1120 1069 1179 1124 in
1210 1067 1383 1141 culpa
1399 1067 1469 1122 ad
1501 1068 1793 1122 tormenta
1806 1064 1879 1120 si-

233 1166 397 1224 milia
426 1165 819 1232 adducuntur,
852 1160 951 1234 qui
983 1177 1083 1217 eos
1104 1158 1163 1214 in
1186 1156 1329 1214 locis
1341 1155 1671 1230 poenalibus
1685 1152 1877 1227 angeli

231 1258 533 1330 deputant,
567 1251 736 1327 quasi
756 1250 1112 1308 zizaniorum
1134 1244 1439 1304 fasciculos
1451 1245 1523 1301 ad
1534 1244 1878 1299 comburen-

232 1347 373 1403 dum
406 1343 612 1417 ligant.

772 1445 1000 1504 CAPUT
1037 1443 1333 1501 XXXVIII.

298 1558 456 1632 Quod
483 1559 624 1615 sicut
650 1555 778 1613 boni
820 1555 980 1611 bonos
1118 1551 1323 1635 requie.
1357 1550 1436 1635 ita
1462 1547 1604 1603 mali
1629 1546 1802 1602 malos

648 1632 1035 1696 recognoscant
1064 1628 1124 1678 in
1153 1628 1454 1679 tormentis.

293 1747 463 1803 Sicut
490 1747 685 1801 autem
713 1739 851 1797 boni
880 1739 1065 1795 bonos
1094 1737 1155 1792 in
1186 1733 1406 1807 requie,
1424 1733 1506 1788 ita
1534 1729 1872 1788 malimalos

221 1838 281 1895 in
310 1833 624 1894 tormentis
657 1830 1035 1904 cognoscunt.
1077 1826 1137 1883 Si
1168 1824 1324 1880 enim
1374 1822 1667 1879 Abraham
1701 1821 1872 1876 Laza-

1989 615 2131 687 quid
2153 614 2473 687 judicabile
2504 616 2574 670 de
2604 632 2712 670 sua
2728 602 2919 671 causa
2936 630 3063 671 sese
3078 611 3297 685 perpeti
3321 611 3505 684 etjam
3520 610 3634 686 ipsi

1989 709 2295 773 noverunt,
2329 708 2549 777 quanto
2575 702 2899 760 districtius
2946 708 3085 758 tunc
3128 702 3469 774 iniquorum
3516 705 3632 757 tor-

1991 799 2188 850 menta
2219 794 2558 867 respiciunt,
2592 809 2727 849 cum
2758 792 2830 848 ab
2863 791 3023 848 omni
3059 790 3198 847 vitio
3248 789 3636 862 corruptionis

1989 883 2288 954 exutijam
2312 883 2556 955 justitias
2614 880 2864 937 vicinius
2906 884 3085 953 atque
3133 879 3350 936 arctius
3391 879 3641 936 inhaere-~

1987 971 2173 1027 bunt?
2202 972 2293 1027 Sic
2323 971 2539 1044 quippe
2568 987 2770 1026 eorum
2786 969 3248 1041 mentesperhoc
3261 970 3633 1041 quodjustis-

1988 1060 2136 1116 simo
2159 1059 2351 1132 judici
2381 1060 2665 1115 inhaerent
2693 1059 2779 1114 vis
2811 1056 3226 1114 destructionis
3256 1057 3548 1125 absorbet,
3569 1061 3635 1115 ut

1987 1149 2247 1206 omnimo
2279 1149 2363 1205 eis
2394 1166 2510 1205 non
2540 1146 3017 1220 libeatquidquid
3042 1147 3113 1203 ab
3127 1144 3286 1202 illius
3306 1148 3533 1203 aeternas
3550 1162 3634 1202 re-

1986 1238 2137 1312 gulae
2163 1237 2487 1295 subtilitate
2515 1237 2828 1301 discordat.

2616 1344 2847 1401 CAPUT
2885 1343 2997 1400 XL.

2262 1506 2264 1508 ,
2295 1455 2370 1510 De
2395 1469 2507 1509 non
2536 1454 2743 1509 renatis
2772 1460 2822 1509 et
2849 1468 3037 1509 eorum
3058 1451 3325 1507 cruciatu.

2054 1560 2395 1633 Quicunpue
2417 1572 2550 1616 vero
2582 1558 2786 1615 abillo.
2833 1558 3177 1632 perditionis
3227 1574 3447 1626 massa,
3502 1572 3629 1629 qum

1981 1646 2136 1705 facta
2166 1654 2255 1706 est
2284 1665 2386 1722 per
2414 1648 2709 1713 hominem
2746 1648 3004 1720 primum
3036 1664 3154 1703 non
3183 1645 3491 1712 liberatur,
3527 1662 3631 1718 per

1984 1756 2169 1794 unum
2203 1739 2583 1794 mediatorem
2614 1738 2712 1793 Dei
2746 1742 2802 1793 et
2835 1734 3631 1809 hominum,resurgentqui-

1982 1828 2115 1882 dem
2148 1828 2325 1883 etiam
2359 1827 2489 1899 ipsi,
2525 1826 2933 1898 unusquisque
2963 1842 3099 1880 cum
3131 1842 3241 1881 sua
3289 1841 3482 1892 carne,
3525 1823 3625 1879 sed

223 1943 360 1985 rum
390 1922 636 1981 minime
664 1916 1114 1992 recognovisset,
1149 1927 1520 1985 nequaquam
1543 1909 1615 1966 ad
1637 1908 1875 1964 divitem
1905 1904 1953 1969 Β
1984 1920 2049 1971 ut
2078 1933 2213 1971 cum
2246 1915 2478 1972 diabolo
2509 1917 2753 1987 ejusque
2783 1912 3010 1986 angelis
3040 1912 3382 1984 puniantur.
3422 1912 3629 1967 Utrum

221 2018 279 2073 in
312 2010 625 2072 tormentis
657 2007 915 2082 positum
948 2004 1018 2060 de
1048 2006 1344 2060 transacta
1372 2001 1501 2071 ejus
1530 1996 1876 2055 contritione

221 2106 567 2178 loqueretur
593 2099 813 2164 dicens,
847 2094 1003 2168 quod
1031 2091 1184 2149 mala
1216 2089 1496 2163 receperit
1526 2089 1584 2143 in
1620 2088 1736 2142 vita
1768 2104 1877 2143 sua

218 2196 377 2265 (Luc.
432 2192 572 2261 xvi).
633 2188 703 2243 Et
746 2185 795 2241 si
830 2181 968 2239 mali
1025 2179 1213 2237 malos
1267 2196 1382 2235 non
1440 2181 1873 2250 cognoscerent,

217 2296 605 2356 nequaquam
628 2277 788 2332 dives
817 2273 878 2328 in
907 2270 1215 2328 tormentis
1236 2269 1463 2342 positus
1489 2268 1734 2323 fratrum
1748 2281 1878 2321 suo—

218 2354 359 2431 rum
391 2375 449 2428 et
469 2369 597 2440 jam
617 2362 949 2423 absentium
976 2357 1359 2416 meminisset.
1394 2356 1695 2423 Quomodo
1717 2354 1874 2411 enim

216 2462 543 2537 praesentes
564 2473 681 2513 non
714 2457 910 2527 posset
920 2464 1235 2524 agnoscere
1252 2446 1351 2520 qui
1366 2447 1541 2503 etiam
1554 2463 1656 2518 per
1671 2445 1876 2501 absen-

216 2533 367 2610 tiam
400 2545 685 2605 memoria
716 2540 937 2599 curavit
967 2537 1239 2595 exorare?
1270 2539 1394 2603 Qua
1440 2535 1501 2591 in
1534 2552 1594 2590 re
1641 2538 1698 2590 et
1728 2533 1872 2590 illud

216 2655 461 2717 quoque
489 2633 879 2698 ostendditur,
913 2628 1051 2702 quia
1080 2631 1136 2684 et
1165 2624 1302 2683 boni
1335 2624 1614 2693 malos,et
1635 2622 1771 2679 mali
1787 2640 1876 2679 co-

214 2713 521 2807 gnoscunt
549 2726 754 2781 bonos.
787 2721 933 2776 Nam
964 2723 1020 2775 et
1051 2716 1210 2773 dives
1235 2732 1269 2771 a
1289 2714 1463 2770 divite
1478 2713 1768 2768 Abraham
1784 2728 1874 2767 co-

216 2803 552 2896 gnoscitur,
577 2812 671 2870 cui
702 2812 924 2868 dictum
956 2811 1072 2863 est:
1106 2806 1368 2877 Recepisti
1400 2804 1541 2859 bona
1562 2803 1752 2858 invita
1782 2808 1883 2859 tua

219 2891 438 2983 tibist).
471 2906 540 2962 Et
567 2903 785 2961 electus
816 2900 1067 2955 Lazarus
1098 2912 1133 2951 a
1163 2893 1405 2983 reprobo
1435 2891 1609 2983 divite
1650 2894 1739 2948 est
1780 2907 1873 2947 co-

215 2981 634 3073 gnitus,quem
658 2988 810 3046 mitti
842 2989 1112 3061 precatur
1141 3000 1209 3039 ex
1237 2982 1473 3038 nomine
1493 2981 1877 3037 dicenszMitte

219 3072 504 3146 tatarum
532 3090 594 3139 ut
621 3082 860 3148 intingat
890 3083 1194 3133 extremum
1231 3072 1392 3144 digiti
1436 3072 1527 3127 sui
1556 3072 1617 3126 in
1654 3085 1874 3141 aquam,

217 3187 281 3235 ut
314 3176 612 3248 refrigeret
642 3169 896 3240 linguam
923 3180 1103 3221 meam
1133 3161 1316 3235 (Ibid.)
1349 3161 1415 3216 In
1447 3177 1566 3232 qua
1610 3157 1879 3248 videlicet

1984 2022 2125 2061 sane
2154 2004 2267 2077 ipsi
2285 2022 2419 2060 cum
2432 2003 2586 2059 vitiis
2611 2002 3295 2060 etdeformitatesuorum
3318 2016 3630 2072 corporum

1985 2098 2318 2166 resurgant,
2378 2094 2716 2166 quicunque
2778 2091 2835 2145 in
2867 2091 2951 2146 eis
2983 2090 3193 2146 vitiosa
3249 2093 3307 2144 et
3348 2087 3634 2144 deformia

1986 2182 2254 2239 membra
2283 2185 2607 2257 gestarunt,
2638 2179 2986 2252 inquirendo
3016 2179 3282 2235 laborare
3313 2176 3454 2249 quid
3486 2192 3634 2248 opus

1985 2273 2113 2328 est?
2143 2273 2340 2343 Neque
2370 2270 2527 2327 enim
2559 2268 2802 2341 fatigare
2833 2285 2941 2325 nos
2973 2267 3144 2324 debet
3173 2267 3393 2322 incerta
3431 2281 3633 2322 eorum

1983 2360 2263 2417 habitudo
2277 2359 2362 2415 vel
2376 2358 2771 2432 pulchritudo,
2788 2374 3037 2430 quorum
3055 2356 3164 2413 erit
3178 2356 3397 2411 incerta
3412 2358 3468 2411 et
3479 2371 3631 2411 sem-

1984 2451 2213 2523 piterna
2242 2448 2560 2505 damnatio.
2594 2448 2709 2504 Nec
2738 2451 2965 2503 moveat
2996 2445 3289 2519 quomodo
3317 2444 3429 2500 erit
3457 2444 3519 2500 in
3550 2444 3634 2500 eis

1983 2556 2197 2611 corpus
2228 2537 2671 2609 incorruptibile
2701 2535 2750 2592 si
2780 2536 2976 2592 dolere
2992 2533 3224 2607 poterit.
3256 2533 3405 2590 Nam
3418 2550 3533 2589 non
3547 2537 3638 2590 est

1982 2645 2118 2684 vera
2148 2628 2283 2694 vita,
2323 2626 2433 2681 nisi
2468 2625 2567 2679 ubi
2598 2624 2840 2680 feliciter
2868 2623 3100 2689 vivitur,
3138 2638 3241 2676 nec
3270 2638 3405 2677 vera
3442 2621 3634 2678 incor-

1983 2715 2198 2789 ruptio,
2233 2715 2343 2770 nisi
2379 2713 2477 2770 ubi
2511 2708 3052 2768 salusnullodolerc
3080 2708 3501 2780 corrumpitur.
3524 2707 3632 2763 Ubi

1985 2810 2177 2862 autem
2212 2803 2412 2860 infelix
2433 2801 2580 2858 mori
2604 2817 2719 2857 non
2735 2799 2969 2866 sinitur,
2985 2801 3060 2867 et,
3076 2796 3456 2862 utitadicam,
3472 2811 3633 2853 mors

1984 2894 2110 2951 iosa
2139 2910 2252 2949 non
2287 2892 2555 2962 moritur,
2587 2894 2643 2945 et
2674 2888 2769 2944 ubi
2798 2887 3290 2960 dolorperpetuus
3304 2882 3631 2941 uoninteri-

1986 2983 2095 3040 mit
2124 2983 2225 3039 sed
2256 2981 2483 3054 afﬂigit,
2518 2980 2647 3053 ipsa
2678 2976 2971 3050 corruptio
3005 2993 3121 3032 non
3153 2974 3374 3030 ﬁnitur.
3407 2974 3538 3031 Haec
3568 2973 3629 3029 in
3696 3032 3713 3041 _

1984 3070 2211 3127 Sanctis
2240 3068 2554 3143 Scripturis
2583 3067 2840 3123 secunda
2870 3081 3029 3121 mors
3051 3063 3285 3129 dicitur,
3318 3079 3423 3118 nec
3443 3062 3636 3136 prima

1986 3166 2210 3230 tamen,
2241 3178 2368 3233 quae
2400 3176 2575 3216 suum
2588 3174 2799 3229 corpus
2826 3154 3359 3226 animarelinquere
3379 3152 3631 3227 cogiturd

218 3246 1881 3341 cognitioneutriusquepartiscumulusretributionisex—
1909 3272 1952 3339 α
1989 3268 2093 3307 nec
2126 3250 2385 3307 secunda
2412 3246 2781 3320 qua‘poenale
2812 3262 3025 3318 corpus
3065 3242 3264 3299 anima
3306 3240 3635 3314 relinquere

219 3338 462 3421 crescit,
494 3354 560 3407 ut
589 3347 725 3404 boni
759 3341 1013 3418 amplius
1043 3340 1355 3415 gaudeant,
1389 3338 1490 3410 qui
1539 3353 1739 3394 secum
1780 3352 1879 3392 eos

217 3418 413 3502 laetari
445 3418 818 3510 conscipiunt
845 3448 993 3506 quos
1022 3431 1397 3486 amaverunt:
1421 3431 1476 3483 et
1489 3425 1627 3483 mali
1647 3442 1782 3482 cum
1796 3425 1879 3481 eis

217 3533 583 3604 torquentur
612 3541 761 3600 quos
790 3522 852 3578 in
882 3521 992 3578 hoc
1023 3517 1527 3590 mundodespecto
1545 3513 1883 3571 Dcodilcxe—

219 3623 393 3689 runt,
425 3635 526 3674 eos
555 3633 672 3673 non
702 3612 894 3670 solum
923 3626 1050 3679 sua,
1083 3608 1185 3664 sed
1238 3606 1415 3663 etiam
1464 3621 1666 3661 eorum
1714 3621 1882 3677 pcena

218 3711 563 3770 consumat.

803 3804 1035 3864 CAPUT
1073 3803 1309 3860 XXXIX.

223 3928 430 3986 Utrum
459 3920 661 3977 animle
689 3923 1001 3972 sanctorum
1029 3915 1184 3986 orent
1204 3926 1304 3983 pro
1333 3910 1580 3986 inimicis
1619 3909 1758 3976 suis,
1787 3910 1886 3979 qui

653 3990 716 4045 in
741 3996 942 4045 aeterno
968 3985 1289 4041 cruciantur
1318 3983 1462 4053 igne.

296 4107 515 4187 (Greg.)
547 4106 727 4163 Orant
756 4120 861 4177 pro
883 4098 1140 4157 inimicis
1171 4097 1297 4155 suis
1326 4096 1536 4153 animae
1566 4093 1881 4150 electorum

221 4220 292 4261 eo
306 4182 591 4273 tempore
620 4210 735 4268 quo
756 4194 1005 4267 possunt
1025 4189 1095 4247 ad
1112 4189 1468 4243 fructuosam
1484 4182 1883 4256 paenitentiam

221 4306 435 4349 eorum
456 4270 646 4344 corda
674 4284 1027 4349 convertere,
1051 4282 1226 4350 atque
1243 4275 1372 4347 ipsa
1383 4270 1754 4329 conversione
1767 4270 1881 4326 sal-

218 4395 386 4437 vare.
421 4374 571 4442 Quid
601 4373 758 4430 enim
773 4369 931 4427 aliud
948 4383 1051 4440 pro
1078 4363 1332 4422 inimicis
1344 4361 1631 4420 orandum
1644 4364 1753 4427 est,
1769 4358 1883 4415 nisi

219 4469 341 4527 hoc
374 4465 531 4538 quod
563 4459 875 4535 Apostolus
905 4456 1012 4513 ait:
1050 4457 1115 4514 Ut
1152 4454 1241 4510 det
1268 4454 1383 4509 illis
1428 4452 1568 4507 Deus
1612 4450 1882 4523 paeniten-

219 4560 378 4614 tiam
430 4553 502 4610 ad
555 4547 981 4621 ceguoscendum
1032 4545 1348 4605 veritatem;
1374 4545 1427 4597 et
1482 4541 1807 4612 resipiscam
1852 4554 1885 4593 τι

219 4644 445 4702 diaboli
475 4640 704 4713 laqueis,
735 4655 771 4693 α
794 4652 898 4709 quo
928 4634 1133 4705 captivi
1160 4638 1411 4688 tenentur
1440 4630 1518 4685 ad
1564 4630 1737 4701 ipsius
1790 4643 1883 4683 vo-
1914 4641 1962 4706 Β

222 4736 504 4792 luntatem
533 4730 605 4801 (II
630 4730 763 4785 Tim.
798 4726 879 4797 ιι).
911 4724 981 4779 Et
1008 4720 1300 4795 quomodo
1331 4735 1435 4791 pro
1456 4717 1573 4773 illis
1604 4722 1883 4772 tuncora-

219 4823 415 4889 bitur,
451 4818 551 4892 qui
575 4818 703 4889 jam
736 4813 1070 4870 nu.latenus
1086 4812 1335 4883 possunt
1363 4806 1690 4892 adjustitiaa
1711 4821 1887 4877 opera

222 4912 303 4969 ab
336 4883 654 4981 iniquitate
684 4900 1075 4960 commutari?
1105 4899 1318 4954 Eadem
1347 4883 1545 4969 itaque
1592 4911 1772 4952 causa
1798 4898 1888 4949 est

223 5017 340 5057 cur
369 5014 488 5056 non
520 4999 720 5053 oretur
756 4997 898 5049 tunc
950 5006 1054 5063 pro
1102 4987 1442 5045 hominibus
1488 4989 1701 5041 aeterno
1753 4984 1887 5056 igne

221 5085 557 5153 damnatis,
592 5101 719 5157 quas
750 5096 906 5138 nunc
926 5078 1102 5135 etiam
1126 5091 1303 5132 causa
1318 5078 1407 5131 est
1434 5092 1550 5130 non
1568 5077 1762 5130 oretur
1783 5088 1886 5146 pro

223 5175 473 5235 diabolo
501 5171 844 5246 angelisque
872 5169 1002 5241 ejus
1031 5170 1244 5223 aeterno
1265 5162 1554 5236 supplicio
1571 5162 1885 5236 deputatis.

221 5266 375 5332 Qua:
404 5278 564 5320 nunc
592 5264 649 5318 et
669 5260 799 5333 jam
824 5272 1005 5315 causa
1032 5258 1123 5313 est
1152 5256 1218 5310 ut
1245 5269 1363 5308 non
1384 5254 1551 5308 orent
1579 5250 1767 5306 sancti
1782 5250 1886 5306 ho-

222 5355 433 5411 mines
460 5367 565 5425 pro
594 5347 938 5407 hominibus
968 5342 1306 5402 inﬁdelibus
1335 5339 1652 5411 impiisque
1681 5339 1887 5394 defun-

222 5443 373 5511 ctis,
405 5424 521 5497 nisi
548 5438 685 5512 quia
713 5438 786 5493 de
816 5436 903 5493 eis
930 5435 1132 5507 utique
1166 5448 1312 5505 quos
1352 5431 1566 5483 esterno
1599 5424 1886 5497 supplicio

222 5532 553 5605 deputatos
571 5529 698 5601 jam
723 5527 1031 5593 noverunt,
1051 5515 1890 5605 anteillumjudicisjuslicon-

223 5603 510 5695 spectum
542 5615 824 5673 orationis
854 5632 974 5672 sua:
1006 5609 1282 5669 meritum
1313 5604 1527 5663 cessari
1569 5603 1884 5676 refugiunt.

222 5693 409 5777 Quod
438 5704 491 5766 si
520 5721 676 5765 nunc
706 5720 939 5778 quoque
967 5702 1222 5761 viventes
1245 5694 1391 5771 justi
1404 5693 1890 5751 mortuisetdam-

1989 3356 2106 3396 non
2155 3337 2514 3412 permittitur
2561 3334 2786 3391 homini
2834 3332 3161 3399 accidisset,
3192 3332 3242 3388 si
3282 3346 3452 3387 nemo
3482 3344 3633 3411 'pec-

1987 3432 2197 3487 casset.

2605 3513 2837 3570 CAPUT
2876 3512 3014 3568 XLI.

1990 3617 2140 3687 Quod
2170 3633 2239 3673 ex
2256 3616 2465 3688 angelis
2495 3615 2630 3685 facti
2653 3612 2920 3688 daemones
2963 3616 3181 3688 propter
3226 3606 3543 3688 superbiam
3570 3604 3638 3662 de

2096 3690 2243 3745 caelis
2272 3682 2517 3759 prbjecti,
2554 3685 2903 3741 irrevocabili
2927 3682 3168 3755 percussi
3194 3687 3323 3736 sunt
3346 3695 3526 3752 poma.

2060 3797 2367 3852 Daemones
2394 3810 2533 3849 vero
2560 3790 2663 3864 qui
2693 3807 2851 3846 nunc
2879 3792 3040 3857 sunt,
3063 3788 3303 3843 fuerunt
3322 3783 3638 3857 aliquando

1991 3884 2117 3941 sine
2148 3887 2384 3956 peccato
2420 3881 2617 3946 creati,
2646 3884 2704 3934 et
2733 3879 2806 3934 ad
2838 3878 3211 3935 serviendum
3261 3876 3378 3932 Deo
3409 3891 3518 3931 suo
3557 3873 3641 3930 fe-

1990 3968 2761 4035 liciterinstituti,voluntate
2776 3966 3009 4038 propria
3020 3963 3315 4036 depravati
3329 3962 3645 4018 noluerunt

1993 4075 2334 4135 permanere
2362 4057 2518 4129 quod
2549 4054 2683 4110 facti
2718 4058 2876 4109 sunt.
2910 4055 2980 4108 Et
3009 4069 3144 4107 cum
3176 4054 3641 4106 secontrasuum

1992 4152 2321 4206 Creatorem
2351 4150 2487 4217 typo
2520 4141 2802 4214 superbiae
2836 4139 3037 4196 localis
3068 4137 3357 4193 hostiliter
3400 4134 3641 4191 extulis-

1993 4243 2142 4306 sent,
2175 4238 2246 4292 de
2277 4249 2531 4307 superna
2562 4229 2689 4286 coeli
2722 4229 2978 4303 regione,
3013 4225 3255 4300 projecti
3286 4227 3447 4287 sunt,
3492 4239 3640 4296 quos

1992 4327 2191 4384 divina
2220 4322 2505 4381 sententia
2535 4336 2601 4375 eo
2623 4319 2733 4374 sub
2739 4315 2963 4389 judicio
2979 4310 3643 4383 condemnavit,utquia

1993 4417 2309 4474 noluerunt
2338 4424 2704 4485 perseverare
2736 4423 2869 4463 cum
2904 4406 3162 4477 possent,
3196 4418 3303 4458 nec
3343 4399 3523 4456 velint
3552 4417 3640 4456 re-

1993 4504 2207 4580 parari,
2232 4519 2336 4558 nec
2348 4497 2665 4573 possint.Si
2681 4495 2916 4569 quidem
2931 4488 3422 4566 praevaricationis
3436 4504 3640 4544 eorum

1994 4576 2175 4668 (quod
2204 4591 2311 4647 fuit
2342 4582 2975 4657 irrevocabilisjudicii)
2991 4576 3493 4637 animadversione
3506 4593 3637 4650 per-

1993 4666 2150 4741 cussi
2183 4684 2341 4750 sunt,
2371 4684 2427 4734 et
2448 4678 2519 4733 ad
2533 4673 2966 4731 damnationem
2972 4669 3371 4743 justissimam
3388 4666 3645 4739 profecto

1994 4769 2294 4847 pertinuit,
2324 4767 2479 4839 quod
2510 4763 2868 4819 voluntatem
2898 4756 3179 4816 redeundi
3210 4772 3276 4811 ac
3306 4753 3642 4810 facultatem

1995 4842 2231 4935 penitus
2262 4856 2604 4913 amiserunt.
2642 4852 2805 4908 Sicut
2832 4842 3645 4906 econtrariovoluntatissan-

1997 4931 2221 5007 ctorum
2236 4944 2576 5019 angelorum
2594 4940 2883 5013 fuit,quod
2896 4937 3067 4994 malis
3083 4936 3288 5008 sponte
3300 4931 3645 4990 cadentibus

1994 5039 2108 5112 ipsi
2140 5038 2200 5093 in
2230 5052 2340 5092 sua
2369 5032 2651 5106 dignitate
2682 5030 3044 5085 manserunt.

2601 5135 2832 5193 CAPUT
2871 5132 3038 5189 XLII.

1995 5243 2150 5317 Quod
2173 5243 2422 5314 gehcnna
2447 5254 2559 5293 non
2580 5232 3097 5377 ἶέῧιρΐξῑθιῶιέἒιηέγὲῗδ,
3125 5228 3217 5285 sed
3241 5231 3466 5300 propter
3514 5226 3639 5282 dia-

2068 5424 2195 5479 Non
2226 5423 2420 5475 autem
2450 5431 2556 5471 nos
2587 5414 2659 5470 ad
2683 5412 2792 5468 hoc
2822 5409 2954 5465 fecit
2982 5408 3354 5481 omnipotens
3378 5409 3551 5471 Deus,
3583 5404 3650 5456 ut

1997 5530 2104 5570 nos
2135 5509 2412 5585 gehennae
2444 5503 2638 5560 tradat
2667 5501 2905 5573 ignique
2936 5502 3234 5572 perpetuo.
3265 5495 3528 5585 Regnum
3546 5505 3648 5585 coe-

1994 5579 2184 5658 lorum
2218 5599 2452 5671 propter
2464 5610 2592 5663 nos,
2608 5590 2875 5665 gehenna
2897 5592 3133 5661 propter
3154 5579 3642 5671 diabolumfacta.

1998 5692 2069 5748 Et
2104 5661 2484 5747 hocdta-e'sse
2515 5661 2583 5739 es
2611 5661 2940 5753 Evangeliis
2974 5676 3211 5734 docebo.
3252 5672 3383 5743 Ipse
3427 5661 3644 5722 etenim
