4102 6180
385 286 497 353 951

403 370 479 401 ﬁ".

381 504 514 565 dicti
540 510 726 566 Patris
753 511 881 575 mei,
909 512 1200 583 'perczpite
1227 528 1461 581 regnum
1499 513 1640 585 quod
1686 514 1944 585 paratum
1970 520 2049 570 est

382 598 534 654 vobis
563 614 599 653 a
626 600 1013 655 constitutione
1047 601 1243 656 mundi
1275 601 1482 674 (Matth.
1511 603 1666 670 xxv).
1700 601 1822 658 Illis
1852 604 2065 658 autem
2156 598 2173 639 ‘v

386 686 489 760 qui
520 704 555 742 a
577 687 838 744 sinistris
868 692 1026 757 sunt,
1053 688 1224 745 dicit:
1248 691 1519 747 Discedite
1547 709 1582 746 a
1609 706 1715 756 me,
1745 690 2044 757 maledicti,

386 776 448 831 in
476 776 664 846 ignem
689 781 979 843 aeternum,
1014 780 1113 850 qui
1135 788 1368 851 paratus
1398 788 1495 846 est,
1530 797 1646 836 non
1677 779 1824 835 dixit
1861 780 2050 846 vobis,

386 865 489 922 sed
508 865 733 923 diabolo
762 874 813 921 et
835 867 1048 937 angelis
1078 868 1196 939 ejus
1224 868 1432 939 (Ibid.).
1484 869 1578 925 Sic
1611 885 1770 942 ergo,
1818 872 2053 940 propter

388 953 687 1011 diabolum
707 954 974 1027 gehenna
1004 957 1184 1029 ignis,
1218 962 1457 1030 propter
1478 957 1781 1014 hominem
1805 973 2052 1029 regnum

388 1043 668 1100 calorum
712 1060 747 1099 a
775 1044 1194 1102 constitutione
1245 1046 1453 1102 mundi
1487 1050 1884 1118 praeparatum
1939 1050 2048 1123 est_

387 1134 642 1188 Tantum
672 1136 781 1201 est,
810 1150 884 1190 ne
904 1136 1305 1208 nosmetipsos
1332 1137 1405 1192 ab
1428 1136 1700 1209 ingressu
1735 1134 2048 1210 bonorum,

383 1221 751 1295 persistendo
781 1221 842 1279 in
873 1224 1052 1280 melis
1079 1223 1472 1296 pertinaciter,
1500 1223 1902 1281 excludamur.

983 1364 1225 1423 CAPUT
1264 1366 1457 1447 XLIII.

385 1468 528 1539 Quid
553 1470 628 1525 sit
663 1472 1017 1542 reproborum
1064 1487 1262 1527 manus
1309 1476 1363 1529 et
1392 1471 1547 1542 pedes
1582 1472 1773 1540 ligari,
1825 1479 1877 1526 et
1905 1471 2047 1542 quid

412 1543 750 1611 ("exteriores
796 1544 1054 1611 tenebrae,
1108 1544 1323 1615 etquid
1380 1546 1539 1615 ﬂetus
1579 1551 1629 1599 et
1677 1543 1882 1599 stridor
1909 1543 2047 1598 den-

453 1615 615 1687 tium,
647 1617 701 1672 et
729 1622 948 1683 caetera.

453 1746 756 1819 (Prosper.)
784 1747 943 1803 Dicet
970 1751 1165 1803 autem
1198 1764 1298 1804 rex
1328 1748 1619 1804 ministris
1650 1748 1710 1801 in
1746 1747 1941 1802 futuro
1971 1747 2042 1802 de

384 1835 692 1907 reprobis:
742 1839 933 1906 Ligate
982 1852 1081 1891 eos
1128 1837 1383 1893 manibus
1409 1841 1463 1892 et
1487 1836 1738 1909 pedibus,
1772 1844 1823 1893 et
1850 1837 2052 1892 mittite

383 1940 483 1980 eos
514 1926 576 1980 in
625 1925 874 1980 tenebras
921 1926 1256 1991 exteriores;
1286 1925 1367 1980 ibi
1392 1926 1498 1980 erit
1543 1928 1701 1994 ﬂetus
1748 1932 1798 1981 et
1846 1924 2051 1980 stridor

389 2011 656 2081 dentium,
692 2014 793 2068 ubi
819 2014 1020 2067 vermis
1049 2028 1237 2069 eorum
1263 2030 1373 2070 non
1398 2016 1682 2080 morietur,
1707 2018 1759 2070 et
1790 2016 1935 2083 ignis
1965 2029 2051 2083 eo_

385 2116 513 2155 rum
558 2116 671 2157 non
725 2102 1106 2172 exstinguetur
1162 2101 1367 2175 (Matth.
1423 2120 1578 2170 xxn;
1608 2105 1774 2160 Marc.
1821 2102 1921 2175 ix).
1978 2103 2051 2171 Et

386 2182 531 2261 'quid
554 2192 643 2244 est
672 2190 1143 2247 obmutescentes
1175 2192 1450 2248 manibus
1476 2197 1533 2249 et
1563 2193 1812 2265 pedibus
1842 2192 2045 2265 ligare,

392 2276 506 2336 u'isi
522 2271 582 2334 in
596 2282 878 2335 aeternum
894 2280 993 2336 ubi
1005 2278 1191 2336 Deum
1204 2279 1552 2336 conﬁteatur
1567 2282 1795 2338 actione
1806 2280 2052 2354 privari?

399 2362 495 2424 Sic
524 2368 583 2423 in
614 2367 929 2424 exteriores
949 2369 1224 2425 tenebras
1248 2369 1403 2425 mitti
1432 2369 1579 2425 nihil
1600 2370 1758 2427 aliud
1782 2371 1910 2437 erit,
1932 2368 2047 2425 nisi

370 2448 433 2514 la"
449 2450 721 2526 Domino,
757 2457 858 2530 qui
899 2460 989 2514 est
1020 2457 1308 2514 mentium
1337 2456 1559 2524 lumen,
1593 2458 1821 2532 expelli.
1855 2459 2049 2515 Fletus

381 2542 582 2603 autem
614 2551 673 2603 et
702 2546 920 2602 stridor
950 2545 1217 2603 dentium
1250 2546 1562 2604 acerrimos
1584 2565 1785 2604 eorum
1807 2547 2034 2605 dolores

378 2627 716 2703 ostendunt,
744 2635 844 2707 qui
868 2635 1158 2708 supplicio
1179 2637 1544 2709 sempiternae
1567 2638 1773 2693 mortis
1795 2638 2032 2706 addicti,

375 2740 490 2780 non
521 2721 751 2781 vivendi
774 2740 1018 2793 sensum
1050 2723 1310 2781 habituri
1343 2730 1500 2795 sunt,
1525 2727 1625 2782 sed
1649 2726 2036 2798 dolendiquo-

376 2829 509 2869 rum
549 2812 868 2869 continuus
907 2808 1184 2887 gemitus,
1228 2816 1524 2871 cruciatus
1563 2820 1840 2887 eternus,
1872 2816 2037 2872 dolor

377 2894 929 2970 su'mmusmoenalis
952 2919 1165 2959 sensus
1182 2906 1459 2977 torquent
1480 2905 1709 2961 animas
1731 2922 1837 2961 nec
1858 2908 2041 2964 exter.

380 2984 581 3064 quent,
619 2992 876 3063 puniunt
897 3009 1142 3065 corpora
1178 2993 1458 3050 damnata
1488 3010 1594 3050 nec
1624 2994 1857 3050 ﬁniunt.
1885 2998 2039 3061 Quos

378 3068 509 3137 ideo
532 3079 649 3136 sibi
673 3081 982 3153 deputatos
1005 3082 1161 3155 ignis
1182 3081 1676 3157 inexstinguibilis
1694 3100 1809 3140 non
1828 3085 2040 3139 exstin-

786 289 1191 351 HAYMONIS
1234 290 1752 355 HALBERSTAT
1800 292 2041 352 EPISC.
2090 292 2261 353 OPP.
2310 292 2512 354 PARS
2556 293 2661 353 Ill.
2710 327 2786 338 —-
2825 291 3397 395 lilISCELLANEA.

384 399 670 476 Dominus
691 417 835 476 dicit
863 418 957 476 his
989 419 1090 493 qui
1121 438 1155 477 a
1179 422 1400 479 dextris
1426 427 1602 480 sunt:
1640 423 1844 489 Venite,
1880 422 2039 479 bene-
2069 424 2123 492 Α

3684 295 3807 393 953

2756 442 2987 500 CAPUT
3024 442 3188 524 XLV,

2153 553 2290 639 Quae
2306 557 2363 605 et
2390 558 2610 623 quanta
2632 551 2790 606 mala
2805 551 3134 679 [habeant
3144 552 3248 624 qui
3258 552 3316 608 in
3339 551 3604 623 gehenna
3615 551 3817 617 dicun-

2834 638 2909 678 ur
2935 639 3057 679 oce:
3100 641 3140 679 ι.
3518 640 3523 647 ’

2834 638 2909 678 ur
2935 638 3140 680 occidi.
3518 640 3523 647 ’

2226 737 2481 809 (Prosp.)
2495 736 2711 793 Omnes
2725 738 2821 810 qui
2838 737 2895 793 in
2910 738 3686 811 gehennadicunturoccidi,
3703 757 3817 797 non

2158 823 2217 880 id
2249 841 2381 879 cum
2416 824 2534 881 illis
2556 826 2770 898 agitur,
2785 829 2850 880 ut
2868 826 3143 883 maximis
3164 828 3497 902 consumpti
3512 827 3819 886 doloribus

2159 912 2478 987 aliquando
2511 914 2920 982 deficiant,sed
2935 920 3001 971 ut
3031 915 3091 971 in
3121 915 3237 973 illis
3261 917 3571 991 poenaliter
3599 917 3816 974 vivant.

2160 1002 2293 1057 Haec
2322 1008 2378 1058 ct
2407 1003 2499 1058 his
2533 1003 2753 1060 similia
2780 1003 3030 1060 libenter
3063 1003 3265 1061 audire
3293 1005 3381 1061 vel
3413 1005 3606 1078 legere
3646 1007 3819 1062 debe-

2162 1107 2316 1157 mus,
2340 1092 2563 1164 jugiter
2591 1096 2725 1148 ante
2767 1092 2967 1149 oculos
3012 1094 3229 1150 mentis
3274 1092 3584 1162 adducere,
3620 1095 3822 1150 futura

2160 1181 2414 1246 credere,
2447 1180 2575 1236 sine
2604 1179 2728 1241 ulla
2756 1181 3195 1253 perturbatione
3239 1186 3516 1241 metuere.
3551 1182 3822 1258 Cogitare

2158 1268 2329 1341 quale
2360 1268 2582 1325 malum
2598 1270 2756 1325 sitab
2781 1269 2880 1326 illo
2902 1270 3118 1344 gaudio
3143 1270 3351 1327 divinae
3375 1270 3824 1345 contemplatio.

2156 1358 2250 1414 nis
2266 1357 2513 1425 excludi,
2538 1358 2879 1415 beatissima
2893 1363 3167 1416 sanctoru
3186 1376 3244 1415 m
3259 1361 3526 1416 omnium
3540 1362 3822 1417 societate

2155 1446 2388 1519 privari,
2422 1448 2623 1519 patriis
2655 1446 2905 1504 cmlestis
2967 1438 3254 1505 extorrem
3300 1449 3446 1518 ﬁeri,
3480 1449 3636 1505 mori
3685 1450 3822 1506 vita:

2154 1533 2355 1602 beatae,
2380 1536 2555 1591 morti
2581 1536 2774 1593 vivere
2804 1537 3270 1609 sempiternann'
3300 1538 3495 1612 ignem
3524 1542 3817 1594 aeternum

2153 1640 2288 1700 cum
2320 1623 2549 1681 diabolo
2581 1629 2639 1680 et
2667 1626 2797 1697 ejus
2846 1625 3072 1699 angelis
3114 1625 3353 1700 expelli.
3385 1625 3497 1683 Ubi
3543 1627 3625 1682 sit
3663 1644 3826 1683 mors

2151 1713 2410 1769 secunda
2439 1713 2736 1770 damnatis
2777 1713 3075 1781 exsilium,
3104 1715 3227 1772 vita
3283 1714 3681 1789 supplicium,
3703 1733 3823 1773 non

2079 1800 2127 1866 B
2158 1801 2375 1857 sentire
2405 1800 2463 1856 in
2503 1801 2603 1858 illo
2630 1802 2764 1875 igne
2814 1803 2971 1875 quod
3026 1802 3348 1872 illuminat,
3378 1804 3599 1861 sentire
3658 1806 3818 1876 quod

2157 1890 2395 1946 cruciat.
2428 1891 2750 1947 Exundatis
2774 1890 3028 1949 incendii
3068 1892 3359 1950 terribiles
3389 1892 3649 1966 crepitus
3671 1894 3817 1966 pati,

2157 1979 2417 2035 barathri
2446 1978 2730 2038 fumantis
2761 1997 2963 2037 amara
2992 1981 3242 2055 caligine
3270 1981 3471 2039 oculos
3507 1982 3816 2051 obcaecari,

2158 2068 2445 2139 profundo
2467 2068 2746 2142 gehennae
2769 2069 3108 2129 fluctuantis
3131 2070 3820 2144 immergi,edacissimis

2159 2156 2218 2211 in
2243 2161 2525 2213 aeternum
2558 2156 2828 2214 dilaniari
2848 2158 3165 2228 vermibus,
3199 2175 3307 2219 nec
3337 2159 3517 2223 ﬁniri.

2728 2271 2960 2328 CAPUT
2999 2272 3190 2328 XLVI.

2152 2379 2317 2449 Quod
2346 2388 2507 2434 tanta
2534 2379 2649 2437 sint
2677 2379 2737 2439 in
2768 2380 2996 2451 inferno
3024 2387 3334 2447 tormenta,
3367 2390 3430 2437 ut
3471 2380 3644 2438 nulla
3686 2399 3798 2440 vos

2296 2467 2606 2521 exponere,
2636 2453 2830 2508 nullus
2857 2453 3046 2509 valeat
3073 2468 3262 2509 sermo
3288 2455 3629 2526 explanare.

2214 2557 2434 2630 (Greg.)
2447 2562 2654 2614 Beatus
2680 2559 2835 2614 enim
2849 2559 3165 2633 Gregorius
3185 2576 3336 2633 papa
3356 2559 3417 2615 in
3436 2560 3589 2617 libro
3603 2561 3802 2619 Mora-

2144 2644 2288 2701 lium
2302 2646 2543 2713 non0,in
2557 2664 2671 2720 quo
2685 2648 2755 2703 de
2768 2647 2957 2705 verbis
2972 2648 3159 2704 sancti
3170 2649 3203 2704 ,Ι
3207 2649 3279 2704 ob
3295 2647 3795 2718 tractarevidetur,

2146 2735 2245 2789 ubi
2276 2734 2357 2791 ait
2372 2754 2384 2791 :
2399 2737 2711 2809 Antequam
2735 2737 2941 2793 cadam
2959 2743 3013 2792 et
3028 2754 3144 2793 non
3165 2747 3430 2793 revertar
3454 2738 3530 2794 ad
3544 2748 3801 2808 terram,

2145 2826 2504 2880 tenebrosam
2533 2831 2589 2881 et
2620 2835 2879 2895 opertam
2909 2826 3116 2883 mortis
3136 2827 3384 2897 caligine
3397 2829 3523 2897 (Job
3535 2828 3715 2899 x),ita
3734 2830 3807 2885 de

2147 2914 2444 2985 perpetuis
2476 2915 2665 2986 poenis
2696 2914 3015 2983 diffiniens,
3049 2915 3131 2971 ait
3162 2932 3178 2971 :
3212 2916 3376 2982 Quod
3409 2922 3609 2973 autem
3640 2922 3807 2973 terra:

2147 3003 2469 3059 tenebrosa;
2498 3004 2757 3071 nomine,
2777 3004 2886 3059 nisi
2900 3008 3051 3061 tetra
3063 3003 3267 3060 tartari
3286 3004 3542 3061 claustra
3564 3006 3805 3079 signan-

2147 3094 2266 3159 tur,
2299 3109 2425 3163 quze
2473 3096 2697 3147 aeternae
2740 3094 2954 3149 mortis
2993 3092 3178 3166 caligo
3218 3093 3422 3165 operit,
3458 3111 3586 3166 qua;
3633 3096 3798 3151 dam-

376 3162 537 3257 g’uet,
557 3174 623 3226 ut
640 3173 1018 3243 permanente
1040 3171 1328 3228 sentiendi
1346 3171 1464 3227 vita
1479 3188 1652 3242 poena
1674 3175 2032 3243 permaneat,
2066 3170 2108 3237 C
2150 3162 2330 3238 natos,
2350 3197 2612 3253 quosque
2640 3180 2699 3236 in
2733 3186 3080 3254 perpetuum
3110 3162 3145 3238 ξι
3168 3162 3296 3238 vitta
3341 3162 3800 3257 luce'disjungit

371 3250 847 3319 et'ad'dolendum
863 3259 1051 3333 magis
1065 3277 1241 3333 quam
1257 3261 1327 3317 ad
1343 3259 1649 3315 vivendum
1665 3260 1895 3316 aeternis
1906 3278 2027 3318 cor-

371 3349 613 3422 poribus
626 3346 986 3421 Compeditos
1000 3349 1373 3422 habeatquos
1387 3348 1444 3404 in
1460 3350 1714 3406 flammis
1726 3350 2024 3406 vivacibus

369 3436 782 3493 immortalitas
817 3438 1085 3492 secundae
1126 3438 1333 3493 mortis
1372 3438 1619 3493 occidat.
1653 3438 1786 3495 Jam
1825 3441 2024 3495 vermis

366 3543 555 3601 eorum
563 3542 673 3582 non
683 3526 1027 3593 morietur,et
1044 3527 1196 3599 ignis
1206 3542 1318 3582 non.
1333 3528 1814 3596 e.rstinguetur,ad
1838 3532 2021 3583 totam

367 3614 698 3671 referuntur
708 3615 973 3671 damnati
987 3614 1247 3670 hominis
1265 3632 1495 3687 pinnam
1511 3631 1685 3686 quem
1703 3615 2022 3674 inefficacia

365 3702 716 3775 paenitentiae
747 3702 905 3775 ignis
953 3701 1164 3769 exurit,
1195 3706 1253 3757 et
1283 3703 1686 3759 consumentis
1720 3703 2020 3760 conscien-

366 3792 511 3846 tiam
540 3790 758 3846 vermis
790 3789 1207 3846 immortalitas
1240 3789 1412 3847 rodit.

634 3980 639 3983 .
962 3921 1198 3979 CAPUT
1237 3923 1432 3979 XLIV.

439 4029 588 4098 Quod
615 4030 776 4086 nulla
802 4030 876 4086 sit
901 4034 1025 4103 post
1074 4037 1303 4087 mortem
1347 4031 1565 4087 utilitas
1591 4033 1959 4103 paenitentiae.

434 4164 628 4219 Donec
658 4162 814 4220 enim
852 4181 1071 4220 sumus
1102 4163 1160 4218 in
1205 4163 1315 4219 hac
1346 4164 1485 4231 vita,
1518 4164 1749 4233 fratres,
1783 4154 2029 4238 quanta:

363 4244 594 4327 cunque
622 4251 789 4307 nobis
821 4252 1146 4308 acciderint
1167 4256 1422 4325 peccata,
1456 4253 1737 4324 possibile
1760 4233 1850 4309 est
1869 4233 2033 4310 ablu1

362 4339 563 4397 omnia
592 4357 695 4413 per
720 4339 1155 4417 penitentiam.
1186 4344 1329 4395 Cum
1361 4345 1556 4396 autem
1583 4340 1821 4397 abducti
1846 4342 2028 4398 fueri-

362 4420 497 4485 mus
519 4429 591 4484 ab
617 4427 993 4495 hoc‘seeculo,
1030 4429 1110 4484 ibi
1162 4429 1342 4484 etiam
1378 4428 1428 4484 si
1476 4429 1642 4485 valde
1685 4430 1927 4502 pmnitet
1956 4433 2034 4503 (et

2134 3286 2238 3325 nec
2259 3269 2551 3326 immerito
2582 3270 2846 3327 infernus
2866 3275 3023 3327 terra
3044 3270 3275 3337 dicitur,
3290 3270 3427 3344 quia
3441 3271 3785 3345 quicunque

2131 3357 2204 3412 ab
2236 3375 2302 3414 eo
2334 3358 2487 3432 capti
2520 3359 2736 3414 fuerint
2764 3359 3052 3415 stabiliter
3081 3360 3154 3416 ab
3184 3377 3252 3416 eo
3299 3365 3596 3416 tenentur.
3630 3361 3782 3418 Scri-

2129 3450 2296 3518 ptum
2310 3448 2525 3520 quippe
2538 3452 2627 3503 est
2641 3467 2653 3504 :
2669 3449 2972 3505 Generatio
2983 3450 3247 3518 praeterit
3259 3458 3315 3505 et
3325 3452 3597 3520 cognatio
3612 3452 3786 3507 adve-

2127 3536 2234 3602 nit,
2267 3545 2431 3592 terra
2460 3554 2597 3594 vero
2626 3538 2685 3593 in
2713 3547 2992 3594 internum
3013 3540 3304 3610 stat(‘icct.
3323 3543 3384 3605 ι).
3402 3536 3575 3595 Recte
3594 3538 3779 3611 igitur

2130 3623 2340 3679 inferni
2375 3624 2634 3683 claustra
2663 3627 2978 3683 tenebrosa
3004 3630 3163 3683 terra
3212 3626 3621 3695 nominantur,
3651 3624 3792 3701 quia

2130 3729 2276 3785 quos
2308 3713 2635 3785 puniendos
2666 3714 2983 3788 accipiunt,
3005 3732 3382 3787 nequaquam
3404 3732 3584 3788 pmna
3612 3721 3803 3774 trans-

2128 3801 2322 3873 itoria,
2352 3802 2440 3858 vel
2473 3803 2786 3859 fantastica
2814 3803 3242 3877 imaginatione
3274 3803 3563 3871 cruciant,
3580 3805 3685 3861 sed
3717 3805 3801 3861 ul-

2135 3890 2293 3947 tione
2324 3888 2513 3947 solida
2541 3894 2826 3963 perpetua
2853 3892 3230 3948 damnatione
3260 3895 3514 3948 servant.
3547 3894 3687 3959 Quae
3700 3893 3798 3949 ali-

2138 3980 2373 4051 quando
2396 3984 2593 4036 tamen
2614 3979 2723 4036 laci
2754 3979 3142 4053 appellatione
3161 3981 3494 4054 signantur,
3509 3981 3795 4054 propheta

2138 4074 2472 4137 attestante,
2507 4070 2607 4143 qui
2638 4070 2721 4126 ait
2754 4090 2766 4126 :
2800 4078 3187 4128 Portaoerunt
3218 4070 3605 4142 ignominiam
3627 4087 3795 4129 suam

2134 4175 2266 4216 eum
2294 4160 2381 4216 his
2408 4160 2505 4230 qui
2532 4160 2879 4216 descendunt
2907 4161 2965 4215 in
3005 4166 3195 4217 lacum
3227 4163 3455 4229 (Ezech.
3488 4161 3667 4234 XXXI).
3700 4165 3793 4215 ln-

2137 4249 2338 4304 fernus
2349 4265 2484 4320 ergo
2505 4252 2562 4304 et
2582 4251 2739 4304 terra
2758 4249 3125 4316 nominatur,
3141 4238 3280 4321 quia
3293 4254 3606 4321 susceptos
3619 4250 3795 4305 stabi-

2136 4336 2269 4394 liter
2296 4341 2473 4407 tenet,
2506 4341 2565 4393 et
2604 4337 2767 4393 lacus
2807 4337 3043 4407 dicitur,
3077 4340 3218 4410 quia
3263 4336 3371 4393 hos
3412 4354 3564 4409 quos
3616 4337 3801 4411 semel,

2138 4426 2373 4497 ceperit,
2408 4442 2639 4498 semper
2675 4425 3029 4482 fluctuantes
3079 4429 3136 4482 et
3174 4424 3435 4498 trepidos
3482 4426 3793 4483 tormentis

356 4514 526 4573 valde
557 4520 691 4604 eum
715 4517 1059 4604 pmnitebit)
1095 4518 1199 4572 sed
1234 4516 1399 4572 nulla
1432 4517 1541 4573 erit
1588 4517 1815 4574 utilitas
1846 4519 2026 4593 poeni-
2059 4539 2105 4604 Ι)
2138 4514 2683 4604 circumfluentibus
2713 4515 3006 4604 absorbet.
3033 4515 3287 4604 sanctus
3325 4518 3542 4604 autem
3563 4516 3658 4570 vir
3693 4532 3788 4571 seu

357 4604 575 4662 tentia.
591 4602 680 4661 'Et
711 4603 851 4660 licet
874 4606 951 4661 sit
972 4606 1189 4660 stridor
1214 4605 1505 4672 dentium,
1536 4605 1674 4662 licet
1693 4606 1953 4665 ululatus
1973 4612 2030 4665 et
2060 4602 2091 4604 “
2138 4620 2265 4669 sua,
2281 4619 2384 4658 seu
2397 4602 2639 4658 humani
2654 4602 3262 4676 generisvocedimitti
3275 4619 3335 4659 se
3346 4602 3615 4676 postulat
3634 4610 3785 4660 ante-

361 4690 496 4751 ﬂetu
506 4676 694 4763 s‘,licet
706 4693 1028 4749 fundamus
1042 4708 1243 4765 preces
1258 4696 1315 4749 et
1329 4692 1672 4750 innumeras
1687 4697 2034 4765 obsecratio.

361 4778 487 4850 nes,
507 4782 576 4840 'e't
607 4783 655 4838 si
679 4781 1137 4856 proclamemus,
1162 4798 1335 4838 nemo
1376 4783 1597 4851 audiet,
1628 4800 1801 4839 nemo
1822 4786 2029 4842 subve.

361 4862 503 4945 niet,
529 4872 630 4929 sed
655 4889 727 4928 ne
749 4876 1005 4928 extremo
1029 4869 1265 4944 quidem
1305 4871 1489 4943 digito
1512 4887 1726 4943 aquam
1760 4874 1893 4945 quis
1933 4875 2026 4930 in-

362 4956 568 5016 fundet
597 4961 811 5035 lingua:
836 4965 1047 5015 l'lOStI‘tB
1080 4958 1282 5031 positis
1306 4958 1364 5013 in
1392 4959 1670 5027 flammis,
1697 4962 1796 5017 sed
1830 4963 2026 5020 audie-

363 5065 498 5103 mus
519 5048 665 5104 illud
701 5050 856 5121 quod
885 5050 1045 5105 dives
1070 5047 1165 5103 ille
1187 5047 1411 5103 audivit
1432 5048 1503 5104 ab
1526 5048 1815 5105 Abraham
1840 5068 1852 5106 :
1879 5052 2025 5117 Quia

362 5136 524 5192 chaos
544 5154 811 5206 magnum
831 5140 1214 5210 conﬁrmatum
1233 5138 1472 5192 estinter
1489 5153 1587 5193 nos
1602 5144 1653 5193 et
1662 5154 1770 5205 vos,
1784 5147 1835 5195 et
1852 5157 2024 5213 neque

362 5212 495 5280 hinc
527 5218 665 5280 iliuc
695 5228 932 5283 transiri
968 5233 1156 5299 potest,
1188 5241 1365 5297 neque
1407 5226 1535 5281 inde
1562 5227 1668 5282 huc
1697 5228 1847 5300 (Luc.
1879 5212 2017 5301 xvi).

356 5313 509 5369 Dum
539 5318 737 5369 autem
768 5315 828 5369 in
859 5315 967 5371 hac
999 5315 1129 5372 luce
1151 5313 1421 5383 vivimus,
1453 5315 1683 5371 veniam
1717 5334 1823 5373 nos
1844 5335 2018 5390 posse

358 5401 683 5475 prdmereri
706 5417 809 5472 per
828 5404 1229 5474 pmnitentiam
1253 5403 1531 5473 sciamus,
1557 5404 1614 5459 in
1647 5405 1872 5463 inferno
1893 5411 2017 5463 tan-

360 5495 488 5546 tum
523 5494 589 5545 ut
619 5488 874 5546 diximus
906 5492 1253 5564 poenitentia:
1286 5492 1713 5550 medicamenta
1734 5512 1849 5551 non
1880 5513 2011 5569 pro-

356 5581 588 5638 derunt.

2140 4708 2320 4763 quam
2352 4691 2544 4759 vadat,
2576 4707 2693 4747 non
2727 4692 2865 4764 quia
2896 4692 2969 4748 ad
2999 4696 3217 4748 terram
3259 4693 3661 4761 tenebrosam,
3693 4690 3787 4766 qui

2138 4778 2371 4852 culpam
2405 4780 2596 4845 deﬂet,
2620 4780 2815 4835 iturus
2844 4784 2955 4847 est,
2983 4780 3087 4836 sed
3118 4779 3259 4852 quia
3287 4780 3359 4835 ad
3389 4779 3547 4836 hanc
3589 4777 3781 4852 procul

2135 4868 2313 4924 dubio
2342 4868 2442 4940 qui
2467 4866 2741 4941 plangere
2763 4868 3006 4942 negligit
3035 4868 3392 4925 vadit.Sicut
3418 4867 3778 4925 debitorisuo

2134 4958 2384 5015 creditor
2411 4956 2757 5013 dIcit:Solve
2779 4957 3045 5014 debitum
3059 4956 3405 5030 priusquam
3445 4956 3644 5014 debito
3656 4973 3782 5012 con-

2132 5045 2588 5119 stringaris:qui
2620 5048 2818 5101 tamen
2850 5063 2966 5103 non
2996 5045 3424 5119 constringitur
3448 5044 3497 5101 si
3522 5044 3671 5119 qdod
3685 5045 3777 5100 de-

2131 5136 2228 5191 bet
2256 5133 2476 5191 solvere
2508 5151 2625 5189 non
2668 5138 2950 5191 moratur.
2984 5135 3096 5192 Ubi
3133 5138 3190 5191 et
3245 5136 3400 5191 recte
3461 5132 3727 5207 subditur
3758 5150 3775 5187 :

2129 5230 2252 5283 Non
2284 5232 2570 5279 revertar.
2603 5223 2751 5290 Quia
2778 5240 3152 5296 nequaquam
3197 5222 3353 5281 ultra
3382 5219 3780 5278 misericordia

2127 5313 2420 5386 parcentis
2451 5311 2661 5368 liberat
2692 5328 2840 5384 quos
2871 5312 3050 5368 semel
3077 5313 3139 5367 in
3166 5312 3312 5368 locis
3342 5310 3662 5385 poenalibus
3679 5309 3782 5381 ju-

2126 5403 2285 5459 stitia
2306 5400 2632 5473 judicantis
2665 5401 2925 5457 damnat.
2959 5401 3092 5464 Quae
3126 5400 3322 5457 adhuc
3346 5398 3622 5456 subtilius
3646 5396 3779 5453 loca

2124 5490 2559 5556 describuntur,
2593 5505 2725 5543 cum
2753 5487 3242 5559 diciturztcrram
3272 5485 3526 5563 miseriae
3550 5492 3777 5541 ettene-

2121 5584 2385 5638 orarum.
2413 5576 2649 5634 Miseria
2681 5576 2755 5635 ad
2783 5576 3042 5635 dolorem
3102 5575 3377 5651 pertinet,
3407 5573 3646 5632 tenebrae
3688 5572 3771 5627 ad
