4026 6180
235 271 343 340 961

1829 272 2010 332 ἮΤΑ
2023 317 2036 330 .

3514 278 3634 340 982

233 401 672 476 quodammodo
701 402 765 476 in
793 402 972 466 terris
994 402 1233 466 habebit
1263 404 1780 462 corﬂersationem.
1813 404 1872 460 Si
1904 404 1958 472 Α
1987 403 2081 471 rit,
2115 403 2374 477 quidque
2394 405 2466 464 de
2487 421 2553 462 eo
2579 404 2748 463 nobis
2775 406 3078 480 cognitum
3096 409 3404 478 exstiterit,
3426 414 3632 467 vestrae

233 491 655 575 quisdoctrina
677 492 810 563 ejus
829 492 1166 548 recordatus
1187 493 1380 559 fuerit,
1401 493 1555 550 viam
1577 493 1878 550 mandato-

228 596 358 650 rum
380 579 488 650 Dei
506 579 634 638 sine
655 580 1140 642 erroreincedere
1161 580 1390 654 poterit.
1414 581 1470 636 Si
1493 581 1629 652 quis
1651 581 1892 637 monita.

229 668 660 746 adhortationis
687 668 1021 736 attenderit,
1044 667 1288 740 laqueos
1308 669 1532 726 inimici
1559 686 1886 742 precavere.

225 757 501 826 studebit.
517 757 706 830 Huius
723 758 922 830 itaque
948 757 1305 816 sanctissimi
1322 759 1510 815 Patris
1529 759 1879 817 memoriam

228 845 374 922 style
396 862 634 914 exarare.
653 846 1017 914 decrevimus
1043 864 1057 916 ;
1082 849 1139 905 et
1159 847 1411 921 qualiter
1430 849 1585 926 apud
1605 865 1718 905 nos
1731 848 1880 908 vixe-

1984 493 2311 550 reverentia;
2327 494 2561 567 scriptis
2574 495 2867 567 intimare,
2890 513 3006 568 quo
3027 502 3085 553 et
3106 498 3365 555 divinam
3381 500 3635 557 clemen-

1983 582 2127 640 tiam
2146 581 2211 642 in
2227 583 2396 640 beato
2415 583 2538 639 viro
2551 588 2744 640 vestra
2765 600 3000 658 quoque
3017 585 3323 642 nobiscum
3345 586 3635 645 collaudet

1985 671 2233 739 affectio,
2265 676 2322 727 et
2349 671 2571 728 imitari
2589 671 2921 730 volentibus
2940 673 3276 748 exemplum
3299 674 3510 733 salutis
3533 677 3636 732 ﬁat

1985 760 2114 831 ejus
2143 759 2522 816 sanctissima
2538 760 2786 817 devotio.

1532 1179 1809 1293 VITA
1901 1178 2341 1294 INCIPIT

1720 1421 2144 1439 ...σῇ

406 1564 555 1630 Puer
583 1579 624 1619 α
651 1561 881 1630 ludicris
905 1563 1165 1620 inanibus
1183 1564 1395 1624 coalitus.
1415 1572 1698 1620 revocatur

869 1634 1219 1690 Ansebarius.

293 1743 351 1800 2i
385 1738 716 1814 Beatissimi
749 1739 934 1812 Patris
963 1739 1270 1802 Anseharii
1325 1738 1624 1813 religionis
1652 1741 1734 1812 [in
1767 1757 1870 1798 ms.

224 1830 413 1897 Corb.,
439 1828 609 1901 cuiius
640 1826 963 1902 religionis]
1016 1829 1321 1895 sanctitas,
1371 1827 1568 1886 divina
1597 1828 1878 1902 largiente

221 1917 440 1991 gratia,
475 1917 547 1975 ab
579 1916 816 1974 ineunte
847 1932 1105 1973 crescere
1130 1917 1306 1988 ccepit
1331 1921 1521 1986 aetate,
1554 1922 1613 1972 et
1635 1934 1737 1989 per
1755 1919 1876 1973 sin-

222 2005 369 2080 gula
398 2008 627 2060 etatem
660 2009 960 2061 momenta
987 2005 1270 2060 virtutum
1312 2004 1723 2076 multiplicavit
1745 2023 1880 2079 aug-

222 2099 448 2152 menta.
467 2094 732 2166 Namque
749 2094 822 2150 ab
836 2093 1082 2148 infantia
1103 2093 1178 2165 (a)
1202 2092 1568 2165 spiritalibus
1585 2095 1880 2150 revelatio-

227 2184 412 2240 nibus
433 2182 670 2246 celitus.
687 2182 1036 2254 inspiratus,
1059 2190 1115 2238 et
1135 2199 1236 2255 per
1256 2182 1489 2238 Domini
1511 2183 1758 2255 gratiam
1781 2201 1881 2238 su-

225 2289 416 2345 perna
435 2259 868 2328 visitationeest
883 2270 1098 2344 saepius
1121 2270 1478 2340 admonitus,
1499 2288 1613 2343 quo
1627 2277 1882 2328 mentem

223 2377 470 2434 suauia
489 2359 1135 2434 terrenisdisjungens,
1169 2364 1290 2417 toto
1349 2360 1522 2416 corde
1551 2359 1886 2433 ccelcstibus

222 2449 506 2524 inhiaret.
532 2451 686 2516 Quas
709 2449 947 2521 quidem
972 2447 1354 2506 revelationes
1375 2449 1500 2522 ipse
1529 2449 1885 2522 quibusdam

229 2542 531 2612 nostrum,
551 2537 653 2610 qui
674 2537 1095 2601 eifamiliarius
1116 2537 1883 2606 adhaerebant,innotuerat;

227 2645 299 2685 eo
334 2633 533 2688 tamen
557 2631 780 2698 tenore,
803 2631 1158 2699 netempore
1178 2627 1306 2682 vitae
1328 2643 1446 2683 sua:
1470 2626 1746 2698 cuiquam
1770 2644 1888 2682 ma-

228 2717 608 2784 nifestarent.
629 2714 783 2782 Quas
805 2731 911 2780 nos
923 2715 995 2778 ad
1017 2713 1258 2773 laudem
1275 2714 1503 2772 Domini
1516 2720 1648 2788 post
1659 2715 1888 2772 obitum

226 2807 384 2878 ejus,
421 2803 568 2878 huic,
614 2803 775 2876 operi
807 2802 1150 2860 interserere
1197 2802 1504 2875 elegimus.
1562 2807 1629 2859 ut
1670 2803 1890 2876 quique

231 2883 512 2968 legentes.
533 2895 874 2968 agnoscant,
906 2891 1333 2964 quanlagratia
1348 2891 1633 2948 Dominus
1653 2909 1892 2967 servum

227 2967 416 3050 enim.
446 2998 482 3040 a
508 2967 786 3054 primaeva
815 2985 981 3044 aetate
1012 2980 1322 3053 corrigere,
1354 2995 1418 3036 ac
1449 2978 1724 3053 deinceps
1755 2997 1886 3039 suc.

230 3038 583 3152 egeant;
609 3038 907 3136 bonorum
927 3038 1422 3144 operumvmeritis
1453 3038 1772 3124 clariﬁcare
1794 3068 1885 3124 di-
1917 3038 1958 3106 C

229 3147 456 3236 gnatus
486 3157 679 3226 fuerit.
713 3157 1012 3214 Referebat
1041 3173 1318 3229 namque,
1349 3158 1503 3230 quod
1534 3157 1602 3212 inv
1626 3162 1890 3231 tempore

232 3241 666 3323 puleritizesuaz,
689 3263 824 3308 cum
847 3246 1246 3318 quinquefere
1268 3251 1422 3302 esset
1439 3263 1752 3314 annorum,
1775 3263 1892 3302 ma-

355 3352 465 3400 sua
492 3333 684 3401 in.,Dei
717 3317 925 3398 timore
948 3317 1266 3394 admodum
1289 3333 1589 3412 religiosa.
1618 3334 1912 3390 defuncta.

234 3423 438 3494 fuerit,
464 3439 668 3492 annon
692 3422 876 3492 multo
897 3425 1031 3494 post
1049 3426 1310 3494 tempore
1323 3421 1523 3494 ipsum
1537 3426 1702 3494 pater
1722 3439 1889 3488 suus,

233 3501 715 3581 causariiscendi
736 3511 959 3576 litteras
976 3512 1046 3576 ad
1069 3510 1330 3568 scholam
1354 3511 1599 3569 miserit.
1624 3512 1731 3568 Ubi
1753 3529 1912 3570 cum.

231 3605 399 3676 esset
428 3600 685 3672 positus,
707 3599 900 3672 coepit,
953 3603 1019 3655 ut
1074 3599 1230 3668 aetati
1283 3599 1570 3656 familiare
1618 3604 1728 3668 est,
1755 3617 1891 3656 cum

230 3689 448 3768 optavi:
465 3689 592 3758 suis
606 3687 908 3771 pperiliter
928 3703 1120 3762 agere,
1144 3691 1202 3744 et
1223 3687 1593 3754 discursibus
1613 3689 1891 3745 inanibus
1910 3725 1913 3732 ι

228 3775 782 3857 atquejocismagis
798 3792 1035 3849 operam
1052 3776 1210 3844 dare,
1228 3792 1405 3848 quam
1419 3776 1706 3834 discenda:
1721 3777 1891 3833 disci-

229 3864 420 3937 plinae
443 3863 682 3926 instare.
716 3863 979 3936 Cumque
1008 3863 1217 3935 puerili
1250 3863 1403 3922 aetati
1434 3862 1630 3922 taliter
1657 3863 1910 3920 deditus.

229 3945 421 4021 esset,
441 3952 634 4016 visum
657 3955 746 4016 est
767 3951 819 4006 ei
843 3951 1095 4023 quadam
1119 3957 1303 4020 nocte,
1328 3951 1483 4024 quod
1497 3951 1727 4008 essetin
1751 3968 1894 4024 quo-

1985 1565 2132 1620 riam
2164 1565 2604 1633 cssecredebat,
2638 1564 2689 1622 ei
2721 1565 2974 1624 dixisse:
3011 1566 3140 1632 Fili,
3170 1566 3259 1622 vis
3283 1567 3356 1623 ad
3389 1569 3651 1624 matrem:

1906 1674 1954 1739 Β
1984 1656 2146 1708 tuam
2166 1652 2402 1709 venire?
2421 1653 2527 1709 Cui
2550 1670 2685 1710 cum
2703 1653 2799 1711 ille
2819 1655 3241 1728 respondisset,
3263 1655 3560 1712 inhianter
3579 1672 3652 1712 se.

1982 1740 2150 1807 velle,
2176 1758 2382 1798 rursus
2414 1741 2514 1797 illa
2536 1742 2770 1800 intulit:
2803 1743 2861 1800 Si
2885 1748 3103 1801 nostris
3120 1743 3442 1801 voluntatis
3458 1744 3642 1816 parti-

1985 1846 2120 1902 ceps
2146 1845 2276 1886 esse
2306 1828 2580 1896 volueris,
2616 1847 2850 1888 omnem
2863 1833 3040 1890 debes
3066 1833 3392 1891 vanitatem
3419 1833 3646 1906 fugere,

1986 1921 2043 1973 et
2063 1919 2231 1989 jocos
2263 1917 2516 1990 pueriles
2537 1918 2852 1986 dimittere,
2879 1937 2944 1976 ac
2967 1921 3345 1993 temetipsum
3368 1921 3639 1994 ingravi-

1993 2010 2113 2062 tate
2131 2006 2262 2061 vitae
2286 2006 2603 2063 custodire.
2628 2007 2808 2064 Valde
2832 2008 2988 2064 enim
3015 2025 3122 2063 nos
3143 2009 3510 2064 detestamur
3529 2025 3650 2064 om-

1989 2094 2088 2150 nia
2118 2111 2247 2166 quae
2268 2112 2416 2150 vana
2447 2101 2506 2150 et
2535 2095 2723 2151 otiosa
2755 2102 2933 2162 sunt;
2995 2114 3102 2153 nec
3135 2102 3327 2168 potest
3355 2098 3422 2152 in.
3447 2101 3647 2153 nostro

1991 2188 2280 2238 conventu
2300 2200 2450 2249 esse,
2477 2183 2817 2256 quicunque
2840 2183 2931 2240 his
2955 2185 3131 2240 fuerit
3153 2185 3495 2241 delectatus.
3516 2185 3658 2241 Post"

1959 2287 1962 2290 '
1992 2271 2144 2327 hanc
2166 2271 2364 2343 itaque
2378 2271 2686 2340 visionem,
2710 2271 2911 2328 statim
2927 2289 2990 2328 se
3011 2273 3183 2345 coepit
3203 2273 3437 2346 gravius
3453 2289 3644 2346 agere,

1993 2364 2048 2414 et
2068 2358 2318 2430 puerilia
2347 2360 2643 2416 consortia
2670 2361 2850 2419 vitare
2877 2377 2890 2415 :
2925 2361 3170 2418 lectione
3209 2365 3429 2428 autem,
3465 2362 3650 2418 medi-

1993 2447 2232 2515 tatione,
2259 2448 2598 2520 caaterisque
2618 2449 2971 2506 utilitatibus
2994 2451 3212 2506 arctius
3233 2467 3296 2506 se
3322 2466 3611 2522 occupare
3634 2465 3648 2506 :

1994 2535 2076 2591 ita
2109 2540 2171 2590 ut
2201 2536 2344 2591 socii
2377 2537 2507 2607 ejus
2536 2537 2703 2592 valde
2733 2537 3090 2594 mirarentur
3117 2538 3272 2609 quod
3299 2543 3424 2594 tam
3442 2538 3640 2594 subito

1996 2623 2054 2678 in
2081 2623 2254 2679 aliam
2289 2629 2551 2680 mutatus
2577 2624 2656 2678 sit
2684 2625 3206 2681 conversationem.
3253 2661 3266 2666 -

2139 2756 2433 2813 Monachus
2462 2755 2654 2812 audita
2688 2757 2882 2812 Caroli
2908 2764 3078 2812 morte
3097 2757 3160 2828 ﬁt
3182 2758 3504 2829 ferventior.

2077 2894 2129 2944 3.
2162 2889 2424 2961 Cumque
2454 2893 2589 2962 post
2616 2889 2738 2944 haec
2767 2889 2918 2962 apud
2950 2906 3051 2947 vos
3071 2894 3432 2958 tonsuratus,
3466 2893 3642 2963 atque

1997 2978 2058 3034 in
2073 2977 2413 3034 monasticis
2425 2978 2750 3051 disciplinis
2763 2977 2988 3051 positus
3001 2978 3642 3035 adolescentiorfuisset

1998 3067 2210 3134 factus,
2233 3066 2494 3122 humana
2516 3067 2866 3138 subrepente
2889 3065 3200 3139 fragilitate
3217 3065 3652 3140 aliquantulum

1995 3156 2170 3228 coepit
2196 3173 2229 3211 a
2256 3155 2535 3228 propositi
2566 3155 2777 3228 prioris
2808 3155 2998 3228 rigore
3030 3153 3359 3226 frigescere.
3411 3156 3664 3211 Interim.

1995 3261 2129 3302 vero
2151 3244 2398 3316 contigit
2417 3260 2551 3300 eum
2575 3243 2801 3299 domini
2825 3242 3297 3298 excellentissimi
3323 3243 3513 3300 Caroli
3541 3243 3652 3300 im-

1997 3332 2282 3406 peratoris
2304 3331 2524 3387 obitum
2546 3332 2803 3399 audisse,
2821 3348 2994 3404 quem
3016 3333 3138 3404 ipse
3161 3335 3331 3388 antea
3353 3332 3411 3388 in
3436 3348 3654 3404 magna

1997 3421 2253 3494 potentia
2282 3419 2605 3492 gloriosum
2635 3420 2878 3489 viderat,
2912 3424 3087 3493 atque
3113 3437 3247 3475 cum
3270 3436 3485 3493 magna
3513 3437 3650 3494 pru-

1998 3509 2194 3564 dentia
2224 3508 2386 3580 regni
2416 3513 2642 3581 sceptra
2674 3507 3045 3564 laudabiliter
3064 3509 3424 3580 gubernasse
3451 3509 3647 3564 audie-

2000 3603 2111 3653 rat.
2144 3597 2225 3653 De
2246 3597 2392 3652 tanti
2427 3597 2622 3669 itaque
2645 3596 3013 3670 imperatoris
3044 3613 3288 3653 excessu
3317 3595 3443 3668 ipse
3473 3597 3655 3653 nimio

1997 3691 2216 3745 terrore
2247 3690 2422 3758 atque
2448 3686 2686 3742 horrore
2716 3684 3042 3758 perculsus,
3065 3701 3274 3744 rursus
3296 3684 3470 3758 ccepit
3492 3685 3564 3740 ad
3588 3702 3651 3741 se

1996 3774 2204 3846 redire,
2238 3779 2295 3830 et
2317 3773 2736 3831 admonitionis
2758 3779 2970 3831 sanctae
2993 3774 3094 3830 Dei
3111 3772 3414 3846 genitricis
3433 3774 3505 3829 ad
3528 3790 3648 3830 me-

1999 3862 2244 3918 moriam
2279 3863 2453 3918 verba
2482 3863 2795 3919 reducere:
2857 3864 3062 3936 sicque
3115 3863 3273 3920 omni
3328 3862 3659 3936 postposita

1999 3950 2248 4017 levitate,
2263 3950 2735 4022 compunctionis
2747 3950 2954 4006 divinas
2969 3951 3140 4023 coepit
3162 3968 3358 4008 amore
3378 3951 3658 4024 langues-

233 4034 380 4119 dam
403 4039 568 4110 loco,
593 4039 774 4096 nimis
809 4039 1002 4097 lutoso
1035 4045 1091 4096 et
1120 4039 1367 4109 lubrico,
1401 4039 1484 4096 ita
1512 4044 1578 4096 ut
1610 4039 1745 4098 inde
1777 4056 1894 4095 non
2003 4054 2152 4104 cere,
2183 4042 2489 4108 totumque
2520 4053 2582 4093 se
2604 4037 2666 4092 in
2687 4037 2787 4092 Dei
2817 4037 3117 4093 servitium
3141 4042 3506 4103 convertens,
3533 4055 3670 4094 ora-.

237 4128 360 4199 nisi
392 4127 985 4202 magnadifllcultate
1013 4128 1166 4186 exire
1202 4127 1456 4188 valeret:
1510 4144 1678 4184 secus
1723 4127 1895 4184 illum
2003 4125 2149 4182 tioni
2179 4131 2234 4182 et
2261 4123 2506 4198 vigiliis,
2533 4128 2709 4196 atque
2767 4123 3132 4180 abstinentiae
3183 4139 3422 4195 operam
3453 4124 3652 4180 dabat.

239 4235 382 4288 vero
399 4217 592 4282 locum
607 4234 739 4288 esse
758 4217 914 4282 viam
938 4215 1424 4288 amoenissimam,
1446 4215 1506 4272 in
1530 4233 1646 4290 qua
1664 4216 1899 4274 videbat
2163 4216 2228 4271 In
2253 4217 2433 4271 extasi
2457 4232 2492 4269 a
2513 4215 2718 4270 sanctis
2747 4212 2966 4268 ducitur
2997 4214 3052 4268 in
3081 4212 3490 4284 purgatori-mn.

243 4305 1181 4382 procedentemquasiquamdam
1199 4306 1500 4364 dominam
1516 4305 1900 4363 omniornatu
2078 4305 2131 4360 4.
2165 4307 2425 4375 Cumque
2456 4302 2550 4358 his
2577 4302 2860 4357 virtutum
2902 4299 3190 4357 exercitiis
3219 4317 3392 4356 verus
3438 4298 3672 4356 athleta.

244 4391 307 4460 et
337 4396 643 4462 honestate
673 4385 1050 4468 praeclaram;
1084 4394 1280 4467 plures
1314 4411 1444 4452 vero
1477 4394 1622 4452 alias
1651 4395 1978 4474 feminasl)
2011 4393 2111 4450 Dei
2157 4391 2472 4459 insisteret,
2504 4395 2678 4463 atque
2721 4391 2781 4444 in
2812 4390 2921 4446 hac
2951 4389 3232 4463 gravitate
3287 4387 3654 4461 permanenti

244 4485 584 4556 dealbatas,
605 4501 738 4542 cum
772 4484 990 4556 quibus
1016 4488 1141 4542 erat
1169 4489 1232 4547 et
1256 4488 1442 4544 mater
1473 4500 1596 4541 sua.
1633 4484 1910 4556 Cumque.
2010 4482 2270 4538 mundus
2300 4479 2382 4536 illi
2416 4483 2686 4537 mortuus
2714 4479 2898 4547 ﬁeret,
2933 4483 2991 4535 et
3045 4478 3171 4551 ipse
3209 4477 3451 4544 mundo,
3485 4477 3670 4554 adve-g

237 4591 374 4645 eam
397 4573 862 4647 .recognovisset,
895 4574 1069 4645 erepit
1097 4572 1349 4636 vellead
1393 4588 1522 4629 eam
1555 4587 1893 4630 accurrere:

238 4663 348 4736 sed
377 4661 504 4720 loco
527 4662 627 4718 illo
643 4679 874 4726 caenoso
897 4666 952 4719 et
973 4661 1151 4720 nimis
1170 4661 1398 4720 lubrico
1416 4678 1532 4718 non
1556 4661 1722 4720 facile
1743 4663 1897 4719 exire

237 4756 502 4823 poterat,
517 4751 959 4824 Cborusautem
977 4751 1072 4812 ille
1094 4751 1447 4808 feminarum
1467 4767 1600 4806 cum
1621 4751 1674 4806 ei
1688 4768 1896 4825 appro-

236 4833 486 4914 piasset,
517 4841 822 4912 visumest
839 4840 950 4910 illi,
972 4857 1123 4909 eam,
1147 4857 1271 4912 Quae
1296 4840 1466 4912 quasi
1492 4840 1732 4897 domina
1752 4839 1897 4898 alia-

239 4947 391 5004 rum,
409 4930 942 5004 videbatur,.quam,
957 4928 1054 4986 ille
1075 4928 1476 4986 indubitanter
1491 4932 1760 4990 sanctam
1782 4929 1899 4988 Ma-

311 5065 396 5132 (α)
414 5062 502 5135 de
513 5062 849 5135 Anachariia
867 5061 1056 5135 patria
1083 5061 1217 5119 silet
1239 5064 1470 5135 auctor,-
1488 5063 1573 5118 uti
1595 5065 1653 5118 et
1673 5061 1898 5119 Gualdo

238 5139 436 5206 poeta.
449 5205 452 5206 ν
471 5133 1087 5206 CocheiGnsesiiGallos
1109 5137 1280 5193 tenet
1295 5133 1522 5205 opinio,
1536 5137 1826 5206 tanquam
1841 5138 1899 5190 et
1915 5173 1920 5180 ι

240 5201 425 5277 natus
444 5205 641 5276 ibisit.
665 5201 1413 5277 Antoniuschaulincom
1434 5201 1557 5277 (qui
1581 5201 1896 5277 aliquando

240 5222 425 5268 natus
444 5222 641 5276 misit.
665 5222 1449 5276 Antoniusaeuauuncoumi
1501 5222 1557 5260 ui
1581 5222 1896 5277 aliquando

238 5271 393 5360 mihi
423 5277 586 5360 visus
617 5281 708 5360 est
731 5267 1198 5360 Ιαοοὶξιμεᾘᾳω),
1216 5276 1275 5331 in
1308 5222 1738 5360 mshghronico
1757 5276 1898 5360 Cor-

242 5346 470 5424 beiensi
499 5349 764 5424 gorch
776 5348 970 5424 oppido
999 5346 1466 5424 oriundum-dicit
1487 5363 1502 5400 :
1523 5351 1586 5424 et
1602 5347 1664 5424 in
1684 5349 1895 5424 subur-

242 5419 402 5493 bane
419 5419 635 5493 Felisto
653 5417 876 5493 seeae
889 5423 1360 5493 usquetempora
1373 5417 1536 5493 vicus
1555 5421 1620 5493 S_.
1634 5418 1896 5493 Anscha-

245 5489 319 5564 ril
349 5491 688 5564 vocabatur,
722 5491 919 5549 forsan
950 5488 1107 5564 quod
1137 5488 1380 5564 ibi'olim
1395 5488 1631 5564 steterit
1652 5492 1897 5564 paterna

245 5563 378 5636 ejus
402 5562 633 5621 domus.
657 5564 822 5621 Certe
836 5559 1046 5620 veteris
1057 5561 1312 5620 Corbeia:
1329 5559 1632 5617 monachis
1646 5559 1896 5619 traditus

2008 4571 2203 4628 niente
2221 4573 2421 4626 sancto
2439 4569 2531 4626 die
2551 4569 2940 4634 Pentecostes,
2963 4568 3151 4641 gratia
3172 4566 3426 4639 Spiritus
3445 4564 3655 4636 sancti,

2005 4678 2134 4734 quae
2166 4661 2225 4716 in
2255 4659 2458 4715 eadem
2484 4657 2797 4715 festivi-tate
2826 4674 3003 4729 super
3023 4655 3318 4728 apostolos
3339 4655 3526 4710 eil‘usa
3544 4657 3670 4718 est,

2007 4751 2188 4807 etiam.
2215 4751 2472 4804 mentem
2504 4745 2661 4801 illius
2682 4747 2698 4817 (
2708 4750 2769 4801 ut
2789 4745 3106 4816 credimus)
3127 4744 3457 4800 illustrante
3480 4746 3654 4813 atque

2006 4837 2388 4902 exbilarante,
2421 4835 2620 4894 visum.
2645 4837 2734 4890 est
2755 4834 2837 4888 illi
2861 4834 3063 4890 eadem
3087 4837 3276 4899 nocte,
3307 4829 3462 4901 quod
3486 4827 3654 4900 quasi

2005 4944 2144 4984 casu
2176 4923 2480 4982 subitaneo
2511 4922 2660 4980 mori
2685 4921 2940 4988 deberet,
2973 4920 3110 4977 etin
3141 4920 3272 4992 ipso
3291 4915 3496 4974 mortis
3517 4914 3656 4972 arti-

2005 5066 2094 5118 est
2122 5076 2320 5132 puer,;
2351 5058 2476 5129 jam
2500 5055 2726 5128 aliquot
2769 5054 2940 5132 annis
2999 5057 3130 5110 ante
3183 5051 3432 5132 obitu.m_
3465 5047 3653 5132 Caroli

2006 5121 2223 5203 Magni,
2341 5121 2504 5209 patet
2527 5121 2616 5184 ex-
2639 5125 3022 5209 sequentibus
3047 5141 3060 5180 :
3113 5140 3203 5209 ιιοῆ
3219 5121 3478 5209 proinde
3519 5127 3680 5209 ante-

2007 5194 2226 5259 ann'um
2259 5194 2553 5256 decimum
2583 5194 2799 5256 aetatis:
2836 5213 2972 5254 nam
2999 5213 3152 5252 anno
3172 5196 3270 5252 81'!
3298 5194 3680 5258 natus,obiit.

2005 5290 2159 5330 anno
2189 5270 2402 5328 Christi
2452 5271 2579 5336 865,
2607 5286 2740 5324 cum
2772 5268 3066 5340 attigisset
3085 5281 3282 5340 annos
3311 5269 3566 5337 quatuor
3595 5269 3676 5340 et.

2005 5345 2328 5416 sexaginta.
2365 5335 2670 5416 Falluntur
2694 5335 2959 5416 qui‘eufm
2987 5338 3046 5394 in
3083 5336 3264 5393 Frisia
3283 5335 3674 5416 ortumetin'

2003 5406 2402 5473 CorbEianova
2418 5406 2772 5467 monachum
2796 5410 3014 5467 factum
3029 5412 3335 5480 asserunt:
3359 5406 3672 5480 siquidem"

1998 5489 2124 5560 jam
2167 5483 2491 5560 monachus
2521 5481 2845 5560 eratannis
2892 5481 3148 5558 amplius
3179 5479 3487 5538 duodecim
3518 5480 3669 5534 ante

2004 5553 2256 5617 Corbeize
2288 5572 2444 5614 novae
2475 5553 2890 5614 conditionem.
