4102 6180
357 274 474 337 963
534 347 537 350 _

1256 271 1320 331 S.
1371 270 1796 331 ANSCHARII
1845 268 2464 329 HAMBURGENSIS
2508 267 2679 328 EPIS
2707 267 2880 327 COPI

3642 260 3769 320 964

356 404 505 470 culo,
542 406 810 458 sanctum
843 401 1074 458 Petrum
1107 406 1460 475 apostolum,
1495 407 1550 456 et
1571 402 1804 457 beatum
1827 400 1997 457 Joan-
2024 401 2080 468 Α
2111 401 2272 456 intus
2301 399 2632 468 haberetur,
2661 372 3050 470 contemplari
3072 413 3186 453 non
3211 398 3494 468 poteram,
3518 395 3618 449 sed
3647 397 3778 449 tan-

357 509 490 547 nem
525 492 842 564 Baptistam
864 490 922 546 in
946 492 1301 564 adjutorium
1322 490 1433 546 sibi
1455 491 1804 547 invocasset.
1827 494 2000 545 Cum-

355 597 468 654 que
489 580 706 644 anima,
727 580 919 652 utipsi
941 580 1264 646 videbatur,
1289 581 1662 652 egrederetur
1683 598 1716 636 a
1741 596 1997 652 corpore,

355 689 421 726 ac
453 670 654 726 statim
685 670 745 724 in
777 669 892 724 alia
921 669 1317 742 pulcherrima
1346 670 1538 741 specie
1562 669 1820 742 corporis
1841 669 2000 724 omni

356 758 711 816 mortalitate
733 775 798 814 ac
825 757 1212 813 sollicitudine
1245 758 1496 814 carentis
1519 761 1855 831 appareret;
1891 759 2000 814 sub

357 849 560 905 eodem
584 851 876 903 momento
901 846 1106 902 mortis
1121 852 1177 901 et
1189 847 1592 903 admirationis
1605 850 2004 920 apparuerunt

359 937 580 1010 praefati
611 935 717 991 viri
741 953 753 991 :
786 951 1037 1007 quorum
1059 939 1183 991 erat
1204 953 1357 991 unus
1381 936 1596 1002 senior,
1625 952 1770 991 cano
1793 935 2000 1006 capite,

358 1025 565 1099 capillo
591 1025 763 1097 plano
785 1029 840 1080 et
861 1024 1072 1102 spisso,
1094 1024 1236 1080 facie
1251 1024 1500 1090 rubenti,
1523 1023 1685 1079 vultu
1710 1023 1999 1091 subtristi,

357 1119 515 1170 veste
546 1113 794 1169 candida
823 1116 879 1168 et
909 1113 1185 1180 colorata,
1212 1117 1438 1168 statura
1466 1113 1646 1183 brevi,
1683 1129 1855 1184 quem
1879 1111 2004 1184 ipse

359 1206 627 1258 sanctum
643 1203 877 1258 Petrum
909 1202 1297 1269 esse,nemine
1320 1207 1591 1257 narrante
1613 1202 1812 1257 statim
1837 1217 2011 1274 agno-

357 1291 476 1360 vit;
505 1291 655 1346 alius
687 1307 818 1346 vero
845 1291 1081 1362 juvenis
1109 1295 1249 1358 erat,
1285 1295 1507 1346 statura
1537 1290 1848 1363 procerior,
1881 1290 2008 1345 bar-

359 1380 494 1434 bam
518 1379 810 1446 emittens,
833 1380 1022 1452 capite
1036 1379 1314 1435 subfusco
1328 1384 1502 1450 atque
1513 1378 1841 1450 subcrispo,
1862 1376 2006 1433 facie

364 1468 695 1534 macilenta,
723 1467 884 1522 vultu
913 1468 1192 1538 jocundo,
1215 1468 1272 1522 in
1306 1471 1462 1522 veste
1485 1467 1692 1536 serica,
1714 1482 1886 1538 quem
1909 1464 2007 1521 ille

365 1561 634 1613 sanctum
667 1557 952 1612 Joannem
985 1573 1112 1612 esse
1143 1557 1382 1611 omnino
1413 1555 1676 1611 credidit.
1711 1555 1779 1610 Hi
1810 1556 2008 1626 itaque

361 1663 497 1703 eum
528 1645 663 1701 hinc
695 1646 830 1702 inde
859 1646 1389 1702 circumsteterunt.
1434 1650 1611 1701 Porro
1652 1644 1849 1699 anima
1878 1644 2007 1714 ejus

361 1736 806 1808 egressastatim
831 1736 890 1789 in
911 1734 1202 1791 immensa
1216 1734 1498 1804 claritate,
1523 1750 1637 1804 qua
1661 1737 1820 1788 totus
1842 1749 2010 1786 mun-

363 1825 473 1879 dus
497 1824 869 1895 implebatur,
897 1824 1009 1880 sibi
1039 1824 1345 1878 videbatur
1373 1838 1500 1877 esse
1526 1840 1538 1876 :
1571 1839 1674 1892 per
1689 1837 1865 1892 quam
1899 1820 2009 1875 cla-

361 1914 592 1968 ritatem
607 1912 770 1966 illum
790 1911 1126 1966 nullatenus
1149 1913 1204 1964 in
1223 1910 1418 1982 aliquo
1441 1910 1801 1965 laborantem
1820 1909 2008 1965 sancti

362 2000 684 2071 supradicti
716 2000 864 2054 miro
888 2003 944 2054 et
973 1999 1250 2054 ineffabili
1292 1999 1464 2054 modo
1521 1998 1820 2065 ducentes,
1873 2015 2007 2054 cum

361 2087 764 2161 pervenissent
793 2087 864 2142 ad
895 2086 1089 2142 locum
1109 2089 1447 2159 quemdam,
1469 2105 1640 2160 quem
1663 2087 1789 2160 ipse
1811 2087 2006 2160 ignem

361 2176 763 2249 purgatorium
794 2193 941 2244 esse,
960 2176 1193 2231 nemine
1226 2177 1848 2248 narrante,certissime
1871 2176 2011 2232 scie-

362 2266 481 2331 bat,
509 2265 587 2318 ibi
601 2281 734 2320 eum
748 2265 1119 2333 dimiserunt,
1141 2266 1239 2320 ubi
1253 2282 1386 2320 cum
1403 2265 1588 2320 multa
1607 2282 1816 2336 passus
1833 2269 2006 2332 esset,

361 2353 651 2425 praecipue
673 2357 866 2408 tamen
892 2354 1160 2409 tenebras
1181 2354 1564 2410 densissimas
1587 2369 2010 2426 pressurasque

361 2441 825 2497 immanissimas
854 2445 910 2497 et
941 2442 1354 2498 suffocationes
1380 2442 1542 2498 visus
1572 2446 1661 2498 est
1688 2441 2006 2511 tolerasse;

361 2534 536 2602 atque
559 2531 717 2585 omni
744 2531 1026 2587 memoria
1047 2531 1258 2598 ablata,
1284 2531 1406 2587 hac
1429 2531 1618 2587 solum
1641 2531 1735 2586 vix
1755 2532 2008 2604 cogitare

362 2619 712 2691 sufficiebat,
747 2620 1039 2692 quomodo
1074 2625 1193 2676 tam
1257 2620 1533 2676 immanis
1582 2625 1781 2693 posset
1812 2619 2009 2692 aliqua

363 2708 640 2764 exsistere
672 2726 864 2781 poena.
894 2708 1158 2781 Cumque
1183 2725 1285 2780 per
1305 2708 1587 2777 triduum,
1609 2713 1674 2764 ut
1698 2710 1822 2781 ipse
1848 2713 2010 2781 puta-

364 2797 481 2864 bat,
516 2797 596 2853 ibi
628 2799 1008 2864 cruciaretur,
1042 2799 1196 2869 quod
1229 2799 1489 2870 spatium
1522 2797 1605 2852 illi
1637 2797 1797 2854 mille
1837 2798 2007 2854 annis

362 2886 596 2959 longius
627 2891 862 2958 propter
890 2887 1241 2942 immensam
1263 2903 1494 2958 pmnam
1514 2886 1705 2942 visum
1727 2892 1849 2956 est;
1881 2905 2008 2942 rur-

365 2992 496 3031 sum
521 2976 830 3031 redeuntes
853 2976 979 3046 jam
1002 2974 1139 3031 dicti
1156 2975 1282 3044 viri,
1318 2977 1648 3048 iterumque
1679 2975 1845 3032 illum
1874 2976 2008 3031 hinc

366 3065 502 3119 inde
523 3063 1052 3131 circumstantes,et
1081 3064 1250 3137 longe
1274 3066 1480 3138 majori
1503 3083 1678 3136 quam
1701 3064 1865 3136 prius
1887 3064 2007 3121 ala-

2108 493 2235 544 tum
2269 487 2636 561 superficiem
2661 487 2978 543 cernebam
3003 505 3016 543 :
3042 486 3237 558 ipsum
3254 489 3448 540 tamen
3471 482 3617 538 inibi
3640 498 3775 539 esse

2110 579 2440 650 credebam,
2493 579 2563 633 de
2605 594 2720 650 quo
2779 577 2994 632 Petrus
3040 576 3153 631 ait:
3187 579 3250 631 In
3282 590 3440 646 quem
3459 571 3778 628 desiderant

2109 669 2296 736 angeli
2322 668 2627 739 prospicere
2684 667 2851 738 (Patr.
2917 682 2980 730 II,
3035 665 3149 733 4‘2).
3199 664 3282 718 Ab
3340 663 3468 735 ipso
3517 677 3780 733 namque

2113 757 2654 812 claritasimmensa
2685 754 3060 827 procedebat,
3095 769 3163 807 ex
3195 769 3310 824 qua
3339 751 3534 806 omnis
3579 749 3776 822 longi-

2112 846 2253 901 tudo
2283 849 2340 901 et
2367 845 2614 901 latitudo
2645 847 2984 900 sanctorum
3014 842 3443 898 illustrabatur.
3472 841 3601 912 Ipse
3633 855 3777 910 quo-

2112 952 2224 1007 que
2255 934 2688 1006 quodammodo
2719 936 2845 988 erat
2873 932 2932 987 in
2955 931 3253 998 omnibus,
3287 934 3342 985 et
3365 945 3572 984 omnes
3594 927 3655 982 in
3679 944 3773 998 eo;

2111 1023 2236 1096 ipse
2265 1040 2468 1078 omnes
2500 1021 2752 1078 exterius
2783 1020 3213 1084 circumdabat,
3251 1019 3375 1090 ipse
3424 1033 3632 1072 omnes
3673 1016 3775 1071 in-

2113 1112 2296 1168 terius
2308 1111 2574 1168 satiando
2587 1111 2973 1184 regebat;ipse
2988 1108 3257 1181 superius
3274 1107 3636 1180 protegebat,
3647 1106 3774 1178 ipse

2116 1200 2360 1256 inferius
2385 1200 2731 1256 sustinebat.
2755 1198 2853 1254 Sol
2874 1215 3008 1255 vero
3030 1203 3089 1254 et
3113 1197 3253 1270 luna
3274 1212 3651 1269 nequaquam
3676 1194 3773 1250 lu-

2116 1290 2322 1344 cebant
2344 1290 2445 1356 ibi,
2466 1306 2573 1344 nec
2595 1288 2806 1344 cealum
2827 1305 2893 1344 ac
2915 1292 3068 1344 terra
3089 1287 3306 1343 ibidem
3330 1285 3452 1341 visa
3474 1289 3634 1340 sunt.
3655 1284 3772 1340 Sed

2117 1395 2302 1451 neque
2334 1379 2464 1450 ipsa
2487 1377 2721 1433 claritas
2751 1377 2885 1433 talis
2915 1379 3058 1444 erat,
3092 1392 3223 1448 quae
3260 1373 3459 1431 oculos
3507 1378 3775 1429 contem-

2115 1467 2400 1540 plantium
2417 1466 2745 1539 impediret,
2761 1467 2861 1522 sed
2885 1483 3013 1538 quae
3030 1464 3232 1520 oculos
3250 1463 3586 1537 gratissime
3599 1463 3777 1517 satia-

2117 1560 2204 1611 ret
2255 1557 2323 1611 Et
2351 1555 2770 1627 cumseniores
2801 1555 3072 1610 sedentes
3096 1552 3363 1618 dixerim,
3387 1552 3448 1606 in
3477 1551 3607 1624 ipso
3634 1567 3775 1622 quo-

2117 1644 2430 1699 dammodo
2453 1644 2759 1700 sedebant:
2785 1659 2920 1699 nam
2945 1642 3029 1698 nil
3052 1658 3391 1714 corporeum
3409 1645 3534 1696 erat
3554 1639 3770 1705 ibi,sed

2115 1739 2281 1789 erant
2296 1737 2503 1788 cuncta
2522 1732 2884 1804 incorporea,
2909 1730 3046 1787 licet
3066 1731 3320 1803 speciem
3337 1745 3652 1802 corporum
3665 1727 3772 1782 ha-

2116 1823 2336 1890 bentia,
2371 1827 2427 1877 et
2448 1823 2573 1878 ideo
2591 1819 2928 1876 ineffabilia.
2949 1820 3112 1876 Circa
3132 1819 3402 1876 sedentes
3423 1833 3557 1873 vero
3581 1815 3774 1889 splen-

2116 1913 2225 1966 dor
2257 1912 2329 1966 ab
2360 1910 2486 1983 ipso
2517 1910 2855 1983 procedens,
2889 1908 3103 1965 similis
3133 1908 3291 1963 arcui
3319 1907 3775 1974 nubium,tene-

2116 2001 2313 2057 batur.

2355 2178 2645 2251 Martyrcm
2673 2195 2730 2234 se
2756 2179 2873 2250 fore
2916 2177 3210 2248 intelligit,-
3241 2175 3522 2247 quomodo.

2191 2361 2240 2412 6.
2276 2381 2302 2406 «
2329 2357 2474 2413 Cum
2504 2356 2702 2429 itaque
2734 2374 2764 2412 a
2799 2356 3059 2429 przefatis
3089 2354 3233 2410 viris
3264 2370 3458 2409 coram
3501 2352 3614 2408 hac
3662 2351 3770 2420 im-

2119 2445 2426 2502 mensitate
2459 2444 2720 2512 luminis,
2747 2445 2845 2500 ubi
2878 2445 3024 2500 mihi
3057 2445 3331 2516 majestas
3364 2442 3461 2498 Dei
3493 2442 3767 2513 omnipo-

2118 2535 2315 2606 tentis,
2339 2535 2572 2590 nemine
2585 2539 2971 2602 monstrante,
2994 2549 3122 2589 esse
3150 2532 3474 2598 videbatur,
3507 2547 3770 2602 praesen-

2118 2629 2273 2680 tatus
2305 2625 2570 2692 fuissem,
2603 2642 2710 2679 vox
2741 2623 3110 2690 suavissima,
3139 2622 3298 2677 omni
3323 2619 3640 2676 sonoritate
3663 2617 3772 2673 cla-

2117 2713 2253 2781 rior,
2283 2712 2423 2784 quia
2450 2713 2594 2768 mihi
2619 2729 2792 2768 omne
2816 2711 3096 2768 saeculum
3111 2710 3235 2766 visa
3255 2715 3345 2766 est
3365 2707 3766 2780 complevisse,

2119 2801 2189 2856 ab
2222 2801 2424 2856 eadem
2457 2802 2766 2872 majestate
2799 2801 3148 2873 prodedens,
3183 2800 3255 2854 ad
3287 2815 3380 2854 me
3402 2799 3552 2853 facta
3579 2800 3666 2852 est
3688 2795 3769 2849 di-

2118 2906 2255 2945 cens
2282 2908 2294 2946 :
2327 2890 2510 2956 Vade,
2542 2895 2598 2945 et
2627 2891 2907 2963 martyrio
2941 2894 3253 2945 coronatus
3285 2888 3357 2943 ad
3390 2904 3484 2942 me
3515 2889 3766 2940 reverte-

2119 2979 2219 3034 ris.
2243 2979 2326 3034 Ad
2361 2995 2538 3051 quam
2568 2995 2768 3035 vocem
2825 2979 3018 3034 omnis
3051 2982 3369 3034 conventus
3426 2979 3764 3031 sanctorum

2118 3071 2298 3123 Deum
2330 3067 2468 3122 hinc
2494 3067 2632 3123 inde
2662 3067 3057 3132 laudantium,
3091 3065 3390 3133 contiCuit,
3416 3069 3592 3135 atque
3624 3063 3766 3118 sub-

367 3153 569 3208 critatc
590 3151 1053 3226 laetantes,atque
1073 3153 1130 3208 in
1155 3154 1432 3209 omnibus
1453 3152 1639 3209 multo
1661 3153 1897 3209 suavius
1919 3154 2007 3208 in-
2038 3141 2081 3208 Ο
2118 3156 2318 3212 missis
2347 3156 2608 3212 vultibus
2668 3156 2946 3212 adoravit.
2984 3155 3242 3227 Denique
3276 3153 3548 3227 speciem,
3584 3170 3618 3207 a
3647 3168 3760 3224 qua

369 3241 1136 3314 cedentes,permajorem,si
1159 3242 1273 3298 diei
1296 3242 1828 3314 possit,claritatem
1850 3258 2010 3314 gres-

370 3347 439 3385 su
459 3329 744 3386 immobili
761 3331 886 3387 sine
898 3331 990 3385 via
1006 3347 1280 3403 corporea
1295 3331 1685 3402 ambulantes,
1701 3332 2008 3387 ducebant.

884 3465 1024 3520 Dein
1057 3465 1114 3518 in
1146 3464 1486 3536 paradisum.

438 3598 492 3652 5.
519 3598 606 3663 Et,
626 3599 691 3650 ut
706 3596 1098 3667 verbisipsius
1119 3601 1358 3651 utamur
1383 3615 1394 3652 :
1419 3621 1446 3646 «
1471 3596 1774 3663 Videbam,
1798 3596 2010 3667 inquit,

371 3704 405 3741 a
439 3686 606 3756 longe
638 3685 896 3738 diversos
928 3689 1265 3738 sanctorum
1297 3685 1551 3749 ordines,
1572 3684 1857 3754 quosdam
1880 3684 2014 3738 vici-

370 3774 526 3838 nius,
561 3772 848 3840 quosdam
875 3787 1004 3824 vero
1028 3770 1278 3842 longius,
1305 3772 1375 3825 ab
1397 3771 1619 3826 oriente
1646 3771 2008 3840 assistentes,

375 3860 445 3914 ad
479 3858 760 3913 orientem
792 3862 988 3912 tamen
1020 3857 1413 3930 respicientes,
1459 3860 1792 3932 ipsumque,
1827 3861 1923 3932 qui
1956 3861 2014 3916 in

373 3947 590 4002 oriente
612 3947 947 4018 apparebat,
972 3946 1374 4004 collaudantes
1400 3967 1412 4019 ;
1437 3947 1678 4020 quidam
1702 3949 2016 4005 submissis

374 4036 686 4108 capitibus,
703 4036 940 4108 quidam
956 4036 1476 4108 supinisvultibus,
1501 4039 1816 4111 pansisque
1837 4039 2020 4094 mani-

374 4125 484 4180 bus
515 4125 856 4181 adorabant.
890 4125 1155 4197 Cumque
1194 4127 1664 4198 pervenissemus
1713 4129 1784 4183 ad
1824 4127 2017 4184 locum

373 4214 636 4282 orientis,
667 4231 797 4270 ecce
826 4214 1031 4287 viginti
1085 4219 1334 4287 quatuor
1364 4216 1644 4282 seniores,
1695 4217 2018 4272 secundum

373 4304 529 4375 quod
560 4303 618 4358 in
643 4303 980 4376 Apocalypsi
1014 4304 1296 4376 scriptum
1315 4309 1424 4371 est,
1453 4305 1511 4358 in
1543 4305 1782 4360 sedibus
1811 4304 2019 4359 seden-

371 4393 975 4459 tes,servatointroitu
1001 4392 1379 4464 amplissemo
1399 4397 1824 4465 apparuerunt:
1853 4392 2022 4464 quiet

281 4560 290 4568 χ
373 4480 485 4552 ipsi
519 4485 848 4535 reverenter
864 4482 932 4536 ad
957 4481 1238 4537 orientem
1260 4486 1674 4554 respectantes,
1698 4480 2019 4537 ineffabiles
2048 4509 2093 4572 Β

376 4569 607 4624 Domini
621 4569 825 4624 laudes
838 4571 1201 4641 premebant.
1228 4571 1456 4627 Laudes
1476 4587 1606 4626 vero
1629 4570 1689 4625 in
1707 4586 2018 4625 commune

374 4656 710 4714 canentium
743 4657 1156 4714 suavissimam
1189 4659 1334 4716 mihi
1365 4658 1736 4715 refectionem
1788 4659 2020 4731 ingere-

373 4747 542 4814 bant;
580 4747 680 4803 sed
701 4752 834 4819 post
857 4747 1245 4803 reversionem
1271 4748 1342 4803 ad
1362 4764 1575 4819 corpus
1591 4748 1838 4803 retinere
1858 4746 2019 4803 nullo

375 4835 548 4890 modo
600 4840 882 4907 poteram.
942 4841 1006 4891 ln
1065 4837 1191 4907 ipso
1247 4853 1382 4891 vero
1431 4836 1670 4892 orientis
1716 4835 1864 4902 loco,
1898 4840 2023 4891 erat

376 4922 654 4994 splendor
675 4923 983 4991 mirabilis,
1016 4924 1115 4979 lux
1145 4924 1588 4991 inaccessibilis,
1621 4925 1814 4979 nimiae
1846 4929 2022 4996 atque

377 5009 677 5068 immensae
697 5013 997 5084 claritatis,
1018 5014 1111 5070 cui
1134 5015 1320 5070 inerat
1340 5013 1530 5070 omnis
1551 5013 2019 5086 colorpretiosis-

379 5098 588 5168 simus,
613 5103 1294 5175 omnisquejocunditas:
1321 5120 1523 5160 omnes
1539 5119 1672 5159 vero
1685 5108 2022 5160 sanctorum

379 5185 633 5254 ordines,
650 5192 746 5262 qui
764 5208 842 5245 un
857 5193 1031 5264 dique
1044 5191 1304 5248 laetantes
1317 5193 1795 5259 circumstabant,
1811 5192 1883 5247 ab
1897 5191 2024 5263 ipso

379 5274 661 5347 gaudium
675 5277 1044 5337 hauriebant.
1061 5283 1169 5348 Qui
1184 5281 1459 5354 splendor
1480 5286 1650 5337 tanta:
1665 5280 2025 5352 magnitudi-

381 5365 473 5420 nis
495 5368 637 5433 erat,
673 5369 858 5420 utnec
881 5367 1114 5425 initium
1141 5373 1290 5443 ejus,
1317 5387 1420 5426 nec
1445 5373 1620 5426 finem
1642 5369 2024 5442 contemplari

378 5452 653 5511 valerem.
686 5454 756 5510 Et
782 5469 914 5510 cum
942 5457 1400 5532 circumquaque
1421 5459 1591 5532 longe
1620 5460 1707 5516 vel
1738 5477 1915 5533 prope
1939 5478 2024 5517 re-

380 5543 600 5624 spicere
626 5560 882 5622 posscm,
916 5543 975 5602 in
1008 5546 1137 5622 ipsa
1167 5549 1558 5609 immensitate
1587 5549 1852 5626 luminis,
1885 5550 2027 5624 quid

2121 3245 2242 3301 haec
2261 3262 2366 3301 vox
2401 3245 2648 3300 formata
2669 3248 2840 3315 esset,
2867 3262 3109 3318 prorsus
3133 3261 3246 3299 non
3268 3243 3406 3298 vidi.
3429 3243 3566 3298 Post
3589 3256 3760 3312 quam

2117 3351 2316 3390 vocem
2329 3333 2515 3389 tristis
2535 3335 2751 3402 factus;
2777 3335 2916 3406 quia
2933 3335 3002 3390 ad
3018 3333 3295 3389 saeculum
3315 3331 3501 3388 redire
3518 3328 3765 3401 compel-

2120 3423 2300 3491 lebar,
2335 3423 2435 3479 sed
2469 3423 2538 3478 de
2569 3423 2889 3478 revertendi
2922 3421 3311 3495 promissione
3342 3435 3610 3486 securus,
3631 3433 3760 3472 cum

2120 3509 2412 3583 praedictis
2434 3509 2776 3566 ductoribus
2806 3510 3011 3565 exinde
3035 3508 3364 3565 remeabam
3387 3505 3518 3577 :qui
3536 3519 3763 3559 mecum

2119 3604 2238 3654 tam
2271 3603 2498 3665 euntes,
2531 3616 2707 3670 quam
2740 3599 3050 3654 redeuntes
3083 3596 3227 3651 nihil
3255 3595 3430 3651 locuti
3464 3598 3626 3659 sunt,
3669 3591 3763 3647 sed

2119 3693 2240 3743 tam
2274 3687 2367 3759 pio
2397 3688 2606 3743 affectu
2630 3688 2689 3742 in
2714 3704 2806 3743 me
2833 3687 3242 3760 respiciebant,
3267 3683 3762 3757 quemadmodum

2121 3781 2307 3832 mater
2336 3776 2578 3832 unicum
2611 3776 2798 3832 filium
2830 3765 3278 3849 contemplatur.
3305 3774 3517 3845 Sicque
3541 3771 3616 3827 ad
3638 3787 3766 3826 cor-

2125 3883 2237 3938 pus
2267 3865 2504 3920 redii.ln
2527 3865 2716 3921 eundo
2736 3883 2869 3922 vero
2897 3883 2960 3920 ac
2982 3864 3297 3929 redeundo,
3314 3879 3419 3917 nec
3437 3860 3604 3916 labor
3623 3862 3761 3927 erat,

2125 3971 2228 4009 nec
2259 3971 2456 4010 mora:
2482 3954 2619 4026 quia
2640 3971 2752 4026 quo
2774 3955 3181 4021 tendebamus,
3206 3950 3406 4008 statim
3429 3950 3761 4005 aderamus.

2123 4044 2194 4098 Et
2220 4042 2356 4098 licet
2375 4042 2572 4114 aliqua
2590 4042 2751 4099 visus
2773 4043 2886 4099 sim
2909 4043 2980 4098 de
2999 4045 3161 4097 tanta
3184 4039 3491 4096 dulcedine
3513 4035 3768 4092 dulcedi-

2127 4149 2268 4186 num
2281 4148 2607 4200 enarrasse,
2622 4133 2804 4188 fateor
2815 4136 3032 4199 tamen,
3050 4131 3186 4202 quia
3200 4145 3572 4201 nequaquam
3590 4125 3774 4198 stylus

2126 4224 2289 4275 tanta
2318 4220 2640 4292 exprimere
2669 4221 2880 4293 potuit,
2914 4223 3134 4293 quanta
3164 4219 3400 4274 animus
3433 4216 3633 4272 sentit.
3668 4213 3772 4270 Sed

2128 4325 2232 4364 nec
2261 4309 2385 4381 ipse
2417 4310 2650 4365 animus
2672 4310 2866 4376 sentit,
2887 4315 2951 4364 ut
2968 4309 3080 4364 fuit
3103 4325 3116 4364 :
3143 4308 3282 4379 quia
3306 4305 3452 4361 illud
3474 4321 3608 4360 esse
3639 4301 3775 4358 mihi

2124 4397 2453 4466 videbatur,
2485 4396 2640 4469 quod
2671 4395 2876 4452 oculus
2898 4413 3012 4451 non
3035 4395 3202 4462 vidit,
3225 4410 3328 4450 nec
3351 4392 3517 4447 auris
3542 4388 3776 4452 audivit,

2126 4503 2230 4542 nec
2247 4486 2306 4540 in
2330 4502 2429 4542 cor
2448 4486 2706 4542 hominis
2728 4485 3012 4541 ascendit.
3042 4506 3068 4533 »
3091 4485 3168 4538 Ex
3188 4483 3511 4552 bacitaque
3533 4479 3779 4542 visione,

2128 4592 2326 4647 quam,
2361 4575 2513 4630 sicut
2541 4576 2666 4647 ipse
2697 4575 3037 4644 dictaverat,
3092 4573 3286 4628 verbis
3317 4570 3456 4626 illus
3484 4566 3777 4624 enarravi-

2127 4681 2261 4719 mus
2291 4682 2304 4732 ;
2339 4664 2613 4735 praefatus
2646 4680 2846 4719 servus
2869 4663 2971 4719 Dei
2993 4667 3049 4719 et
3069 4661 3416 4736 perterritus
3437 4662 3495 4715 et
3516 4655 3776 4714 consola-

2125 4756 2243 4821 tus,
2269 4753 2443 4825 coepit
2474 4769 2536 4810 se
2565 4751 2876 4809 sollicitius
2906 4753 2964 4807 in
2997 4751 3192 4806 divino
3223 4765 3486 4806 exercere
3545 4748 3770 4810 timore,

2127 4842 2415 4914 bonisque
2429 4841 2704 4914 operibus
2721 4842 2792 4897 de
2808 4841 2900 4896 die
2914 4841 2972 4895 in
2991 4841 3145 4895 diem
3159 4837 3462 4894 ardentius
3475 4835 3775 4897 inhaerere,

2129 4947 2410 5003 spemque
2432 4932 2503 4986 de
2524 4930 2624 4987 Dei
2644 4928 3042 4987 misericordia
3063 4942 3438 5001 praesumere,
3459 4925 3620 4996 quod
3642 4938 3776 4994 qua-

2128 5020 2264 5076 dam
2291 5020 2416 5092 ipse
2446 5019 2780 5092 disponeret
2808 5019 3132 5085 occasione,
3167 5020 3224 5072 et
3253 5016 3325 5072 ad
3347 5013 3614 5096 palmam
3635 5027 3778 5066 mar-

2130 5108 2264 5180 tyrii
2296 5112 2496 5181 posset
2525 5109 2869 5180 pertingere.
2903 5107 3065 5174 Quod
3087 5110 3284 5161 tamen
3308 5104 3449 5177 quia
3469 5097 3776 5173 corporali-

2133 5201 2221 5251 ter
2249 5196 2442 5269 gladio
2473 5196 2816 5252 imminente
2846 5213 2961 5251 non
2988 5193 3251 5268 contigit,
3275 5191 3529 5264 qualiter
3549 5191 3607 5245 in
3630 5203 3772 5243 mor-

2133 5285 2450 5362 tiﬁcatione
2471 5285 2683 5353 crucis,
2717 5303 2895 5358 quam
2918 5284 3140 5357 jugiter
3171 5283 3229 5338 in
3261 5299 3367 5338 suo
3397 5295 3637 5352 corpore
3680 5289 3774 5348 pro

2135 5373 2351 5431 Christi
2392 5374 2647 5430 nominis
2701 5375 2918 5431 honore
2973 5371 3244 5446 portavit,
3301 5371 3417 5427 Deo
3473 5366 3774 5424 miserante

2138 5463 2494 5539 completum
2527 5464 2625 5535 sit,
2656 5480 2790 5519 cum
2823 5464 2894 5519 de
2914 5463 3076 5519 obitu
3109 5460 3270 5517 illius
3291 5474 3530 5516 narrare
3550 5450 3771 5528 cce-peri-

2143 5568 2295 5625 mus,
2328 5552 2504 5613 latius
2535 5552 2975 5631 explicabimus.
