4026 6180
243 298 355 359 965

1839 295 2048 361 VITA.

3531 308 3648 371 966

240 431 507 502 Magister
532 429 733 487 schola:
761 447 795 486 a
823 430 1039 489 Christo
1088 431 1410 489 admonetur
1459 432 1524 488 dc
1551 432 1890 504 confessio-ne
1916 429 1974 498 Α
2003 432 2368 488 venerandus
2402 423 2568 488 Pater
2593 431 2804 488 Witma
2816 451 2913 489 rus
2944 436 3065 506 (qui
3097 455 3229 494 cum
3244 456 3309 495 eo
3323 444 3459 496 tunc
3477 441 3646 498 scho-

885 530 1249 592 peccatorum.

305 611 362 666 7.
395 609 532 664 Post
561 607 681 663 hzec
709 625 862 677 vero,
897 625 1032 665 cum
1064 611 1566 684 magisterfuisset
1595 609 1805 666 scholae
1819 611 1892 666 ad

239 701 509 755 sanctum
542 697 1110 768 Petrum(a),eundo
1139 699 1226 755 vel
1262 700 1559 756 redeundo
1593 700 1662 755 ad
1697 699 1891 756 claus-

237 791 418 854 trum,
451 786 942 843 consuetudinem
975 786 1087 843 sibi
1120 788 1333 844 fecerat
1362 789 1421 843 in
1454 788 1704 844 oratorio
1734 787 1892 843 beati

238 874 762 949 Baptistanoannis
781 875 1064 932 secretius
1078 876 1579 949 insistere.ltaque
1588 879 1721 949 post
1745 877 1892 932 duos

240 981 426 1021 annos
445 963 1038 1038 superiorisvisionis,
1063 966 1317 1038 quadam
1334 971 1500 1022 nocte
1514 966 1703 1022 visum
1719 970 1806 1022 est
1817 965 1890 1033 ei,

239 1052 398 1125 quod
429 1053 501 1108 ad
536 1052 693 1109 idem
724 1053 1045 1110 oratorium
1077 1071 1255 1110 causa
1285 1055 1489 1111 orandi
1540 1047 1888 1112 dlvertissef.

239 1140 505 1213 Cumque
537 1140 798 1198 oratione
829 1142 1196 1212 surrexisset,
1229 1160 1361 1199 ecce
1403 1143 1491 1198 vir
1531 1160 1634 1216 per
1676 1143 1893 1200 ostium

155 1229 160 1234 ’
238 1229 532 1295 veniebat,
568 1233 797 1285 statura
825 1247 1124 1302 procerus,
1160 1231 1405 1288 Judaico
1439 1248 1598 1287 more
1626 1232 1894 1300 vestitus,

239 1317 405 1373 vultu
436 1317 710 1384 decorus;
745 1335 814 1373 ex
844 1319 1014 1390 cujus
1042 1319 1228 1376 oculis
1258 1319 1534 1393 splendor
1549 1321 1891 1388 divinitatis,

238 1404 398 1462 velut
427 1406 669 1462 ﬂamma
698 1407 873 1479 ignis,
908 1407 1214 1476 Radiabat,
1247 1426 1421 1481 quem
1447 1409 1892 1475 intuitus,omni

238 1495 611 1551 cunctatione
627 1496 970 1568 postposita,
987 1497 1283 1553 Christum
1297 1499 1610 1554 Dominum
1629 1515 1758 1554 esse
1770 1515 1891 1554 cre-

236 1584 436 1651 debat,
469 1587 643 1656 atque
674 1600 1025 1656 procurrens
1039 1587 1109 1640 ad
1123 1586 1300 1658 pedes
1317 1588 1444 1658 cjus
1461 1587 1695 1642 corruit.
1715 1587 1892 1642 Cum-

235 1672 354 1745 que
384 1675 714 1746 prostratus
743 1671 801 1727 in
836 1673 1413 1744 faciejaceret,illeut
1429 1675 1894 1748 surgeretimpe-

236 1761 405 1817 ravit.
439 1761 704 1833 Cumque
737 1778 989 1834 surgens
1019 1779 1214 1818 coram
1245 1762 1345 1819 illo
1376 1770 1704 1820 reverenter
1729 1769 1886 1820 asta-
1921 1794 1968 1860 Β

231 1855 345 1915 ret,
368 1853 542 1922 atque
555 1866 676 1922 prae
690 1849 871 1905 nimio
885 1850 1194 1923 splendore
1208 1851 1394 1909 oculis
1407 1852 1594 1925 ipsius
1607 1853 1893 1908 emicante

235 1939 294 1992 in
333 1938 538 1993 faciem
569 1938 698 2008 ejus
731 1936 1030 1994 intendere
1062 1956 1175 1994 non
1209 1938 1445 2005 valeret,
1496 1939 1712 1995 blanda
1759 1957 1893 1996 voce

233 2025 413 2080 illum
444 2024 732 2082 allocutus
764 2030 853 2081 est
873 2026 1104 2082 dicens:
1131 2027 1252 2094 Dic,
1273 2028 1372 2094 ait,
1389 2027 1725 2099 iniquitates
1740 2033 1893 2096 tuas,

235 2119 305 2170 ut
329 2114 696 2186 justiﬁceris,
731 2115 834 2170 Cui
867 2132 1070 2171 servus
1103 2116 1200 2170 Dei
1242 2117 1575 2188 respondit:
1629 2117 1893 2184 Domine,

236 2203 386 2276 quid
420 2219 654 2259 necesse
685 2207 774 2259 est
803 2202 906 2259 tibi
940 2204 1130 2260 dicere
1145 2204 1172 2258 ?
1200 2209 1258 2259 tu
1276 2205 1474 2260 omnia
1491 2205 1895 2272 nosti,etnihil

235 2297 291 2348 te
329 2291 487 2348 latet.
523 2291 624 2348 Ille
664 2296 862 2348 autem
919 2293 1270 2349 subsecutus
1319 2293 1429 2348 ait:
1478 2294 1608 2349 Scio
1657 2295 1894 2366 quidem

235 2381 466 2448 omnia,
503 2382 603 2436 sed
634 2381 763 2437 ideo
794 2381 919 2437 volo
951 2386 1016 2436 ut
1043 2382 1432 2438 confiteantur
1465 2382 1606 2438 mihi
1629 2383 1898 2439 homines

233 2489 269 2544 p
282 2476 495 2526 eccata
523 2487 650 2538 sua,
684 2475 749 2524 ut
762 2470 1168 2526 remissionem
1183 2469 1488 2541 accipiant.
1503 2470 1603 2526 Cui
1624 2488 1756 2526 cum
1771 2488 1894 2526 om-

235 2559 342 2614 nia
372 2576 499 2631 quae
531 2559 602 2614 ab
635 2559 882 2614 infantia
912 2563 1192 2630 gesserat,
1226 2559 1562 2628 indicasset,
1583 2560 1748 2614 etillo
1766 2564 1898 2632 post

235 2650 366 2704 haec
400 2648 459 2703 in
493 2647 813 2703 orationem
860 2652 1151 2720 prostrato
1200 2649 1323 2721 ipse
1375 2653 1603 2703 erectus
1659 2653 1894 2720 astaret,

235 2736 420 2794 dixit:
453 2735 580 2791 Noli
621 2735 844 2803 timere,
880 2735 1017 2808 quia
1047 2752 1151 2809 ego
1183 2753 1314 2791 sum
1345 2736 1626 2808 quideleo
1647 2736 1898 2809 inquita—

235 2831 330 2883 tes
365 2830 520 2882 tuas.
553 2825 690 2882 Post
721 2841 898 2896 quam
931 2841 1132 2880 vocem
1163 2824 1258 2880 ille
1290 2825 1390 2898 qui
1422 2830 1772 2898 apparuerat
1810 2843 1896 2882 re-

237 2914 452 2971 cessit:
487 2916 542 2969 et
569 2913 658 2968 vir
688 2914 780 2969 Dei
811 2913 1093 2969 excitatus
1123 2930 1352 2985 somno,
1385 2915 1454 2969 de
1469 2913 1681 2970 fiducia
1694 2915 1899 2971 remis-

239 3004 433 3060 sionis
453 3007 824 3075 peccatorum
839 3019 1078 3059 suorum
1098 3003 1478 3075 confortatus,
1493 3003 1781 3060 immenso
1796 3003 1899 3058 tri-

241 3091 536 3165 pudiabat
567 3091 803 3163 gaudio.

514 3181 757 3236 Fulberti
783 3181 1034 3235 animam
1063 3181 1189 3251 rapi
1218 3179 1360 3236 videt
1387 3182 1448 3235 in
1471 3181 1639 3236 caelis.

314 3272 372 3326 8.
411 3270 534 3334 Quo
566 3269 745 3324 etiam
771 3273 1032 3341 tempore
1061 3269 1320 3341 contigit,
1350 3270 1504 3341 quod
1536 3274 1901 3326 vestrae-reve-

245 3359 451 3416 rentiae
464 3357 841 3414 notissimum
855 3361 1032 3426 est,ut
1045 3357 1282 3428 quidam
1298 3357 1578 3430 puerulus
1601 3359 1659 3413 in
1677 3359 1896 3427 schola,

242 3447 563 3503 Fulbertus
594 3445 668 3519 (b)
700 3446 957 3514 nomine,
991 3463 1024 3502 a
1044 3446 1201 3502 socio
1232 3445 1895 3519 suotabulapercussus,

242 3537 314 3592 ad
351 3539 604 3592 mortem
617 3551 803 3607 usque
815 3536 952 3608 perd
964 3540 1134 3590 uctus
1151 3536 1247 3591 sit.
1263 3537 1371 3592 Pro
1385 3552 1501 3608 qua
1515 3553 1573 3592 re
1585 3537 1898 3609 praedictus

239 3641 453 3681 servus
480 3624 578 3680 Dei
613 3623 862 3680 nimium
893 3625 1078 3680 tristis
1091 3625 1330 3681 effectus
1343 3629 1450 3691 est,
1466 3626 1620 3698 quod
1636 3627 1744 3681 sub
1759 3642 1900 3682 cura

240 3712 572 3788 magisterii
604 3713 695 3769 sui
727 3717 887 3769 tanta
917 3713 1272 3786 negligentia
1304 3713 1458 3770 inter
1486 3715 1752 3771 subditos
1783 3714 1896 3771 sibi

239 3803 542 3859 acciderit.
576 3803 790 3858 Verum
823 3803 1326 3875 appropinquante
1353 3803 1494 3858 hora
1509 3803 1898 3876 exitusipsius

239 3891 434 3965 pueri,
466 3891 554 3946 vir
584 3891 815 3948 Domini
846 3891 990 3947 forte
1016 3892 1208 3963 sopori
1243 3892 1476 3947 deditus
1509 3891 1898 3946 lectuloincu-

237 3981 443 4048 babat,
479 3997 613 4036 cum
646 3997 775 4036 ecce
805 3980 948 4035 vidit
979 3980 1036 4034 in
1069 3979 1315 4035 sommis
1349 3970 1535 4052 ipsius
1577 3981 1834 4035 animam
1868 3997 1902 4034 a

238 4086 487 4143 corpore
518 4069 815 4126 sublatam
839 4068 1100 4142 angelico
1132 4068 1456 4124 ministerio
1487 4070 1558 4125 ad
1579 4067 1789 4124 caelum
1812 4069 1906 4124 de-

241 4159 419 4218 ferri:
453 4176 514 4214 se
545 4175 781 4231 quoque
819 4157 964 4214 miro
994 4163 1051 4214 et
1082 4156 1362 4214 ineffabili
1395 4157 1740 4226 ministerio,
1787 4158 1902 4214 Deo

241 4247 618 4320 disponente,
654 4246 872 4319 pariter
901 4245 1186 4303 comitari.
1222 4245 1484 4318 Cumque
1513 4245 1640 4302 cceli
1680 4251 1905 4303 secreta

243 4331 679 4409 penetrassent,
712 4336 877 4408 pueri
925 4336 1148 4408 praefati
1191 4327 1449 4392 animam
1483 4337 1540 4391 in
1585 4336 1904 4408 quamdam

241 4440 611 4498 purpuream
644 4423 1014 4480 mansionem
1047 4425 1671 4496 conspexitintroduci,
1688 4425 1906 4481 etinter

2003 518 2119 574 lam
2152 537 2466 591 puerorum
2497 522 2752 594 regebat,
2787 526 2841 578 et
2873 522 3051 594 hujus
3085 526 3162 580 rei
3195 529 3360 582 testis
3392 546 3647 601 praesens

2003 609 2189 677 adest)
2221 626 2354 665 cum
2391 627 2494 682 pro
2523 609 2633 665 hoc
2663 610 2788 682 ipso
2803 611 2967 668 illum
2983 613 3262 682 excitans,
3289 617 3512 673 obitum
3527 620 3647 674 dis-

2002 697 2181 769 cipuli
2216 699 2536 768 nuntiaret;
2572 698 2668 755 ille
2699 715 2761 754 se
2793 700 2902 755 hoc
2935 717 3167 774 quoque
3197 707 3332 758 ante
3363 705 3512 760 scire
3556 723 3650 762 re-

2002 787 2322 858 sponderit.
2357 788 2517 851 Quod
2550 788 2805 860 profecto
2820 789 3048 844 Domini
3062 791 3251 863 gratia
3263 809 3441 848 causa
3453 810 3652 850 conso-

2001 873 2237 930 lationis
2267 875 2317 930 ei
2351 875 2546 932 videre
2577 878 2886 944 concessit,
2922 882 2986 932 ut
3015 879 3153 949 quia
3183 897 3285 952 pro
3313 881 3422 937 hac
3453 899 3514 937 re
3555 883 3650 938 ni-

2004 963 2188 1018 mium
2222 964 2584 1037 tristabatur,
2618 982 2686 1022 ex
2717 965 2904 1022 salute
2935 966 3097 1040 pueri
3112 963 3655 1028 moestitiamsuire-

2002 1051 2218 1108 levaret
2250 1053 2452 1109 animi.

2003 1169 2047 1222 E
2092 1169 2320 1226 Corbeia
2373 1171 2581 1240 migrat
2636 1172 2696 1225 in
2750 1189 2967 1238 novam,
3030 1175 3128 1229 ubi
3167 1173 3236 1245 ﬁt
3292 1177 3554 1247 magister
3601 1181 3654 1233 et

2735 1261 2916 1318 doctor

2070 1366 2124 1420 9.
2159 1365 2260 1420 His
2292 1366 2487 1438 itaque
2516 1371 2573 1422 et
2593 1367 2723 1423 aliis
2737 1368 3652 1441 quamplurimisrevelationibus

2002 1459 2178 1526 atque
2205 1454 2531 1511 visionibus
2561 1457 2649 1510 vir
2678 1457 2778 1512 Dei
2812 1456 3038 1514 coalitus
3069 1459 3414 1532 inspiratus,
3434 1465 3655 1533 quanta

1999 1543 2151 1599 inter
2179 1560 2280 1598 vos
2314 1545 2686 1616 postmodum
2718 1547 3044 1602 sanctitatis
3071 1550 3259 1622 gratia
3279 1566 3344 1605 ac
3373 1549 3653 1606 bonitatis

2001 1632 2332 1700 excreverit,
2366 1638 2715 1701 vestrorum,
2752 1635 2849 1706 qui
2871 1641 3010 1691 tunc
3040 1636 3298 1704 adfuere,
3317 1638 3653 1694 testimonio

2001 1720 2210 1776 melius
2244 1721 2958 1792 comprobabitur.'Nobis
2989 1730 3185 1781 autem
3218 1743 3305 1793 ea,
3339 1744 3465 1799 quis
3496 1728 3651 1799 apud

2003 1827 2107 1864 nos
2137 1814 2304 1882 gesta
2324 1815 2483 1876 sunt,
2505 1827 2740 1866 narrare
2753 1813 3145 1884 cupientibus,
3167 1814 3357 1888 prima
3372 1816 3654 1889 indagan-

2003 1899 2144 1952 dum
2178 1899 2430 1968 videtur,
2465 1903 2702 1970 propter
2730 1915 2828 1954 eos
2861 1902 2961 1971 qui
2995 1901 3424 1973 hujusreiforte
3455 1905 3654 1960 minus

2003 1987 2220 2042 conscii
2255 1990 2417 2055 sunt,
2450 2004 2566 2058 qua
2597 1988 2900 2043 occasione
2930 2006 2965 2044 a
2994 1989 3116 2044 loco
3150 1991 3484 2048 stabilitatis
3534 2010 3653 2048 sua:

2005 2075 2119 2130 huc
2149 2076 2482 2143 secesserit;
2517 2079 2735 2131 etcum
2769 2078 2921 2149 apud
2973 2095 3073 2133 vos
3122 2078 3237 2134 Deo
3287 2079 3514 2135 oblatus
3557 2081 3653 2152 sit,

2005 2163 2204 2235 ibique
2236 2163 2624 2219 obedientiam
2657 2165 3013 2236 promiserit,
3033 2184 3146 2238 quo
3164 2167 3443 2224 instinctu
3459 2169 3529 2224 ad
3548 2169 3655 2226 has

2007 2257 2202 2324 partes
2233 2253 2623 2326 emigraverit,
2658 2258 2833 2326 atque
2864 2255 2935 2310 ad
2971 2255 3351 2328 EpiscOpatus
3394 2257 3654 2314 ofﬁcium

2007 2343 2158 2413 apud
2193 2358 2300 2396 nos
2326 2340 2683 2397 sublimatus
2713 2343 2809 2398 sit.
2845 2348 2963 2398 Hoc
2994 2349 3189 2399 autem
3242 2345 3371 2401 ideo
3403 2347 3655 2403 scribere

2008 2429 2404 2485 necessarium
2435 2429 2735 2499 duximus,
2769 2448 2839 2486 ne
2870 2431 3016 2487 forte
3048 2432 3263 2504 aliquis
3313 2433 3531 2490 levitati
3562 2451 3658 2491 as-

2007 2515 2216 2588 signat,
2251 2517 2406 2588 quod
2438 2515 2523 2570 vir
2551 2517 2652 2572 Dei
2671 2517 3656 2591 divinzecompunctionisinstinctu

2007 2609 2063 2659 et
2093 2604 2511 2676 peregrationis
2541 2621 2737 2659 amore
2759 2623 2862 2675 pro
2894 2607 3081 2661 salute
3113 2609 3444 2664 animarum
3464 2627 3659 2666 susce-

2008 2693 2113 2764 pit.
2137 2692 2402 2764 Coeptum
2416 2692 2713 2764 estitaque
2728 2692 2867 2747 olim
2882 2694 2940 2748 in
2956 2694 3051 2750 his
3063 2695 3350 2765 partibus,
3364 2697 3653 2767 videlicet,

2007 2781 2288 2847 Saxonize,
2321 2781 2743 2836 monasterium
2776 2781 3093 2854 ﬁeri,quod
3107 2783 3447 2839 auctoritate
3463 2790 3656 2840 etma-

2008 2868 2246 2940 gisterio
2280 2867 2609 2925 sanctitatis
2639 2872 2840 2924 vestra:
2893 2875 2950 2924 et
2978 2870 3169 2942 primo
3221 2871 3554 2940 fundatum,
3600 2877 3656 2928 et

2011 2957 2341 3012 succedenti
2375 2961 2655 3029 tempore,
2690 2960 2802 3014 Deo
2833 2959 3105 3028 donante,
3127 2959 3655 3017 feliciterconsum-

2010 3052 2234 3102 matum
2266 3050 2384 3112 est;
2405 3063 2732 3118 nomenque
2746 3051 3080 3102 mutuatum
3095 3066 3128 3103 a
3139 3048 3264 3104 loco
3276 3048 3656 3106 habitationis

1929 3157 1972 3223 ρ
2008 3140 2210 3192 vestrae
2245 3135 2485 3207 accepit,
2519 3139 2585 3190 ut
2612 3140 2915 3191 vocaretur
2945 3153 3090 3192 nova
3106 3138 3364 3223 Corbeia.
3395 3140 3480 3194 Ad
3498 3139 3657 3196 hunc

2009 3241 2144 3297 ergo
2176 3223 2370 3279 locum
2399 3223 2499 3278 Dei
2533 3223 2790 3279 famulus
2821 3243 2937 3280 una
2965 3243 3099 3282 cum
3129 3226 3260 3282 aliis
3273 3222 3550 3284 fratribus
3563 3246 3656 3284 ve-

2009 3313 2146 3369 stris
2179 3313 2366 3384 primo
2397 3313 2653 3368 directus
2677 3319 2785 3382 est,
2820 3321 2884 3370 ut
2913 3314 3055 3370 inibi
3086 3316 3276 3372 ofﬁcio
3319 3317 3659 3388 fungeretur

2008 3402 2271 3472 docendi,
2306 3402 2366 3457 in
2399 3418 2516 3473 qua
2545 3419 2605 3457 re
2632 3401 2758 3474 ipse
2790 3420 2892 3475 per
2911 3404 3108 3460 omnia
3128 3410 3242 3460 tam
3257 3405 3579 3477 probabilis
3599 3410 3659 3462 et

2007 3497 2279 3563 acceptus
2312 3491 2585 3547 inventus
2615 3496 2723 3559 est,
2754 3496 2817 3546 ut
2848 3493 3113 3548 omnium
3135 3492 3656 3566 electionepublice

2008 3596 2238 3652 quoque
2268 3580 2326 3634 in
2357 3578 2603 3635 ecclesia
2626 3581 2869 3636 verbum
2900 3581 3000 3636 Dei
3034 3581 3266 3654 populis
3295 3583 3652 3654 praedicaret.

2009 3669 2217 3741 Sicque
2251 3670 2468 3724 factum
2497 3674 2605 3736 est,
2640 3674 2706 3723 ut
2735 3670 3000 3740 ejusdem
3033 3670 3142 3726 loci
3175 3671 3299 3742 ipse
3331 3671 3560 3744 primus
3601 3677 3657 3728 et

2009 3759 2289 3830 magister
2317 3757 2526 3812 schola:
2558 3761 2616 3812 et
2644 3757 2845 3813 doctor
2874 3758 3037 3814 ﬁeret
3068 3758 3291 3831 populi.

2009 3875 2126 3942 Qua
2156 3876 2437 3930 occasione
2467 3876 2663 3928 missus
2694 3876 2748 3929 in
2783 3875 3020 3929 Daniam
3050 3891 3174 3931 cum
3217 3877 3477 3932 Heriolilo
3506 3893 3656 3950 rege,

2505 3962 2768 4018 Ludovico
2803 3965 2902 4018 Pio
2930 3972 3158 4036 petente.

2083 4069 2169 4123 10.
2206 4068 2340 4123 Post
2369 4067 2488 4122 bazc
2518 4084 2652 4123 vero
2682 4069 2926 4142 contigit
2959 4074 3024 4125 ut
3065 4070 3373 4126 Herioldus
3417 4071 3658 4143 quidam

2011 4174 2128 4227 rex,
2163 4157 2260 4229 qui
2293 4161 2519 4228 partem
2551 4157 2781 4213 tenebat
2825 4159 2988 4231 regni
3037 4159 3354 4228 Danorum,
3407 4161 3478 4216 ab
3528 4159 3659 4217 aliis

2011 4244 2198 4318 ipsius
2229 4245 2535 4317 provinciae
2570 4245 2806 4319 regibus
2837 4247 2968 4303 odio
2997 4251 3054 4303 et
3078 4247 3388 4304 inimicitia
3416 4266 3661 4306 conven-

2011 4339 2128 4403 tus,
2163 4350 2342 4407 regno
2372 4352 2478 4390 suo
2505 4335 2782 4406 expulsus
2814 4335 2908 4391 sit.
2929 4336 3036 4400 Qui
3055 4337 3500 4394 serenissimum
3517 4339 3662 4394 adiit

2011 4424 2425 4496 imperatorem
2459 4423 2836 4491 Ludovicum,
2871 4425 3177 4497 postulans
3209 4430 3274 4481 ut
3303 4426 3660 4498 ejusauxilio

243 4515 493 4588 agmina
521 4517 848 4586 martyrum
883 4512 1394 4586 collocari.1bique
1408 4515 1456 4570 ei
1490 4516 1693 4570 datum
1707 4518 1796 4570 est
1814 4531 1908 4588 ag-
1935 4521 1986 4590 D
2016 4513 2098 4568 uti
2134 4516 2476 4580 mereretur,
2509 4529 2623 4584 quo
2655 4530 2899 4585 regnum
2933 4531 3108 4570 suum
3131 4515 3320 4572 denuo
3336 4514 3661 4572 evindicare

243 4603 506 4670 novisse,
542 4603 721 4675 quod,
755 4603 895 4674 quia
926 4602 1050 4674 ipse
1079 4619 1222 4675 puer
1250 4601 1465 4660 vu‘lnus
1514 4604 1626 4660 sibi
1673 4602 1902 4659 illatum

241 4692 397 4748 satis
431 4689 838 4763 patientertuli
851 4695 890 4747 t.
904 4695 962 4747 et
977 4692 1234 4748 animam
1248 4692 1446 4749 fratris
1462 4709 1647 4765 usque
1663 4694 1732 4748 ad
1752 4709 1903 4749 mor-

239 4785 363 4836 tem
402 4779 677 4852 diligens,
712 4797 818 4853 pro
850 4797 1198 4854 percussore
1228 4798 1334 4837 suo
1365 4782 1615 4837 nimium
1655 4782 1905 4854 benigne

238 4868 602 4937 intercessit,
636 4870 978 4942 patientiam
1006 4875 1062 4926 et
1091 4871 1510 4944 benignitatem
1542 4873 1668 4944 ejus
1709 4871 1905 4927 divina

241 4962 662 5014 remunerante
679 4958 913 5031 pietate,
931 4959 1084 5015 inter
1097 4965 1424 5033 martyrum
1439 4960 1647 5017 choros
1666 4961 1906 5033 deputa-

240 5050 340 5100 tus
374 5046 476 5101 sit.
509 5046 625 5102 Hoc
657 5052 853 5104 autem
886 5053 1005 5103 tam
1037 5048 1281 5104 celerius
1313 5050 1371 5104 in
1399 5049 1758 5105 horamortis
1776 5050 1904 5120 ejus

242 5134 293 5190 ei
329 5135 804 5192 demonstratum
824 5142 933 5205 est,
952 5138 1031 5193 ita
1043 5143 1108 5194 ut
1132 5139 1273 5193 dum
1287 5139 1336 5194 is
1353 5138 1544 5194 adhuc
1559 5145 1900 5208 moreretur,

319 5278 498 5355 (a)_ld
530 5279 690 5355 estin
706 5279 1060 5335 monasterio
1073 5280 1603 5355 Corbejensi,cujus
1617 5283 1906 5355 praecipua

243 5348 588 5426 basilicarin
608 5350 841 5426 _hon_ore
874 5356 1219 5426 sanctorum
1242 5351 1391 5406 Petri
1423 5357 1480 5407 et
1503 5348 1692 5408 'Pauli
1728 5348 1905 5426 atque

240 5421 439 5493 sancti
467 5420 746 5493 §tephani
780 5427 1006 5478 sacrata
1035 5427 1144 5479 est.
1188 5423 1371 5493 Prope
1420 5428 1544 5478 erat
1586 5420 1904 5482 oratorium

240 5491 438 5568 sancti
470 5491 716 5568 Joannis
731 5494 1024 5568 Baptistae,
1039 5494 1194 5568 quod
1225 5491 1404 5568 modo
1413 5499 1612 5551 tenent
1624 5496 1903 5555 Renedic-

240 5562 383 5622 tinae
421 5562 929 5635 sanctimoniales,
964 5562 1024 5623 at
1057 5562 1308 5625 'vicinior
1357 5563 1612 5624 claustro
1664 5569 1906 5631 ecclesia

2013 4602 2244 4659 valeret.
2281 4601 2387 4665 Qui
2419 4617 2553 4656 eum
2585 4619 2784 4678 secum
2819 4603 3120 4659 detentum
3148 4608 3268 4659 tam
3300 4603 3447 4676 ipse,
3481 4621 3658 4676 quam

2014 4709 2119 4765 per
2148 4691 2292 4748 alios
2325 4692 2397 4746 ad
2429 4691 2862 4764 suscipiendam
2909 4691 3403 4749 Christianitatem
3453 4693 3656 4748 cohor-

2015 4785 2193 4850 tatus,
2229 4797 2344 4853 quo
2378 4780 2600 4836 scilicet
2630 4779 2774 4836 inter
2811 4798 2909 4838 cos
2941 4782 3024 4837 ita
3065 4783 3256 4854 major
3292 4781 3658 4838 familiaritas

2014 4887 2140 4928 esse
2152 4868 2826 4942 posset,populusqueCh
2835 4870 3036 4926 ristian
3045 4889 3115 4928 us
3128 4871 3236 4944 ipsi
3252 4889 3317 4927 ac
3331 4871 3456 4928 suis
3469 4887 3662 4944 prom-

2014 4959 2186 5032 ptiori
2217 4958 2511 5015 voluntate
2542 4959 2600 5013 in
2632 4959 2723 5030 adj
2737 4960 2989 5016 utorium
3023 4961 3107 5016 sic
3135 4961 3380 5027 veniret,
3422 4959 3472 5016 si
3504 4964 3659 5016 uter-

2017 5065 2128 5121 que
2158 5064 2342 5103 unum
2374 5046 2585 5102 coleret
2615 5048 2826 5115 Deum;
2856 5050 3114 5117 tandem,
3138 5049 3326 5121 gratia
3339 5050 3534 5105 divina
3555 5049 3661 5106 tri-

2015 5139 2250 5206 buente,
2285 5137 2356 5193 ad
2391 5136 2562 5192 iidem
2596 5136 2896 5204 convertit,
2916 5142 2972 5192 et
2992 5153 3156 5192 sacro
3168 5139 3518 5210 baptismate
3535 5157 3662 5213 per-

2016 5282 2201 5337 sancti
2232 5279 2476 5336 Joannis
2508 5278 2893 5351 evangelistze,
2929 5295 3056 5350 qua
3089 5280 3286 5336 forsan
3315 5280 3408 5338 hic
3440 5281 3660 5337 intelli-

2015 5353 2224 5426 senda.

2086 5425 2157 5497 (b)
2190 5423 2494 5497 ltiloertum
2523 5419 2930 5497 vocatGualdo
2953 5421 3154 5479 inVita
3166 5425 3427 5497 metrica,
3452 5423 3659 5480 sisana

2015 5493 2104 5556 est
2134 5493 2496 5552 membranei
2527 5493 2743 5552 codicis
2775 5493 3084 5570 scriptura.
