4102 6180
373 318 484 376 967-

1279 317 1342 376 s.
1391 314 1815 375 ANSCHAHII
1863 295 2479 376 HAMHURGENSIS
2526 315 2876 377 EPISCOPI

3585 289 3590 292 ’
3654 291 3786 373 96‘s

371 450 575 502 fusum
608 444 732 516 ipse
764 445 834 500 de
864 461 1029 500 sacro
1061 446 1217 502 fonte
1249 446 1324 518 (α)
1375 445 1650 516 suscepit,
1702 442 1931 516 sibique
1961 444 2018 498 in
2048 427 2111 513 Α
2133 445 2189 500 in
2221 449 2406 518 coepta
2426 445 2724 502 voluntate
2755 443 3073 502 immobilis
3105 443 3502 519 permanebat.
3520 445 3788 518 Denique

368 535 556 589 ﬁlium
591 533 911 605 adeptavit.
944 535 1127 598 Quem
1161 536 1520 590 cumitcrum
1545 534 1616 588 ad
1634 533 2030 590 suareducere

369 621 560 688 vellet,
597 626 651 678 et
685 623 814 693 ejus
847 623 1064 679 auxilio
1096 623 1360 679 munitus
1392 623 1554 696 regni
1587 621 1678 678 sui
1709 622 1854 678 ﬁnes
1876 639 2032 694 repe-

372 713 542 777 teret,
579 709 754 781 ceepit
785 709 1128 781 diligentius
1159 727 1435 782 quaerere,
1472 711 1519 766 si
1543 727 1715 783 quem
1745 710 2032 766 inveniret

375 801 589 856 sanctae
622 798 945 854 devotionis
987 799 1202 868 virum,
1257 800 1357 872 qui
1409 816 1542 855 cum
1583 816 1650 855 eo
1680 799 1764 855 ire
1810 802 2027 871 posset,

373 889 547 960 eique
576 888 850 943 continuo
883 887 1203 944 adhaereret
1243 888 1518 960 fieretque
1567 887 1651 943 illi
1682 891 1738 944 et
1785 887 1908 944 suis
1955 885 2026 943 ad

368 976 864 1033 corroborandam
901 977 1456 1050 suscipiendamque
1468 977 1640 1034 ﬁdem
1658 977 1889 1033 Domini
1904 992 2027 1032 ma-

367 1066 548 1140 gister
576 1065 855 1121 doctrinae
890 1065 1191 1122 salutaris.
1228 1071 1306 1122 De
1339 1067 1449 1124 hoc
1481 1067 1676 1138 itaque
1715 1065 2030 1138 praedictus

363 1156 667 1228 Augustus
700 1153 759 1209 in
796 1153 1032 1227 publico
1067 1159 1357 1210 conventu
1391 1156 1742 1228 optimatum
1766 1159 2029 1220 suorum,

369 1259 504 1299 cum
536 1243 943 1301 sacerdotibus
975 1245 1316 1316 caeterisque
1346 1244 1618 1300 fidelibus
1650 1245 2032 1300 suistractare

373 1331 568 1404 ccepit,
593 1336 650 1388 et
683 1335 748 1386 ut
780 1332 890 1387 sibi
907 1331 1163 1404 aliquem
1180 1334 1249 1389 ad
1266 1333 1380 1389 tale
1407 1350 1554 1406 opus
1566 1331 2030 1389 etvoluntarium

372 1425 432 1478 ct
463 1420 820 1493 condignum
854 1420 1199 1492 invenirent,
1233 1421 1541 1477 sollicitius
1572 1437 1772 1477 emnes
1804 1436 2026 1492 rogare.

459 1511 635 1582 Hujus
670 1510 1202 1581 peregrinationem,
1244 1510 1396 1565 Wala
1420 1518 1714 1577 annuente,
1745 1512 1939 1582 fratre,

1028 1599 1358 1671 improbant.

438 1687 524 1743 11.
556 1687 718 1752 Quod
751 1703 885 1742 cum
921 1687 1177 1743 universi
1212 1687 1556 1754 abnuerent,
1602 1686 1939 1742 nullatenus
1970 1701 2031 1741 se

369 1792 726 1848 quemquam
779 1775 928 1832 scire
958 1779 1135 1832 tanta:
1169 1776 1494 1832 devotionis
1522 1775 2028 1846 virum,quipere-

369 1865 759 1938 grinationem
797 1870 916 1920 tam
949 1864 1342 1936 periculosam
1375 1881 1478 1935 pro
1520 1863 1732 1919 Christi
1789 1861 2025 1918 nomine

367 1954 665 2024 suscipere
695 1952 901 2017 vellet;
937 1953 1158 2007 exstitit
1188 1957 1328 2007 tunc
1361 1951 1639 2024 temporis
1676 1949 2023 2006 venerabilis

368 2041 548 2097 abbas
580 2040 914 2094 monasterii
945 2040 1122 2094 vestri
1152 2039 1336 2108 Wala,
1372 2040 1470 2111 qui
1493 2044 1815 2095 memorato
1838 2039 2021 2111 impe-

367 2129 541 2184 ratori
574 2127 740 2196 dixit,
777 2144 958 2182 unum
990 2145 1052 2183 se
1082 2129 1230 2183 scire
1263 2129 1618 2183 monachum
1640 2129 1698 2182 in
1732 2133 2022 2183 monaste-

363 2219 450 2274 rio
482 2217 557 2290 (ὁ)
589 2233 714 2285 suo,
749 2218 848 2289 qui
883 2216 1067 2272 multo
1098 2219 1303 2272 ardore
1334 2217 1758 2272 circadivinam
1789 2217 2018 2290 religio-

364 2323 494 2362 nem
530 2306 792 2374 ferveret,
823 2323 887 2361 ac
923 2323 1024 2378 pro
1057 2307 1154 2361 Dei
1194 2306 1430 2361 nomine
1463 2305 1652 2362 multa
1701 2306 1820 2378 pati
1866 2305 2017 2361 desi-

362 2397 616 2450 deraret:
675 2396 963 2466 cujusque
1018 2395 1238 2466 pariter
1286 2394 1671 2450 instutionem
1704 2412 1770 2450 ac
1823 2411 2018 2449 mores

362 2482 642 2551 laudavit,
679 2488 736 2538 et
765 2483 920 2554 quod
953 2483 1026 2538 ad
1058 2483 1168 2538 hoc
1199 2500 1347 2555 opus
1380 2483 1524 2538 satis
1574 2488 1728 2539 esset
1772 2483 2021 2540 idoneus

361 2571 665 2637 indicauit,
697 2587 758 2627 se
789 2575 984 2626 tamen
1019 2571 1244 2626 nescire
1274 2576 1526 2626 testatus
1559 2575 1668 2638 est,
1703 2577 1903 2627 utrum
1945 2572 2018 2626 ad

362 2661 512 2716 hanc
543 2659 1070 2732 peregrinationem
1083 2659 1446 2715 tolerandam
1460 2659 1829 2716 voluntarius
1841 2664 2016 2716 esset.

363 2749 512 2813 Quid
544 2748 754 2822 plura?
784 2749 1034 2804 Jubente
1066 2765 1198 2822 rege
1227 2752 1499 2805 evocatus
1514 2753 1606 2805 est
1627 2749 1700 2804 ad
1732 2749 2018 2821 palatium

360 2837 740 2902 Anscharius,
774 2837 866 2892 cui
899 2838 1082 2892 abbas
1113 2841 1322 2893 cuncta
1338 2855 1465 2909 quas
1480 2842 1609 2893 acta
1623 2841 1780 2906 sunt,
1798 2837 2016 2904 retulit,

361 2931 418 2983 et
449 2928 519 2983 ad
553 2927 692 2999 quid
722 2930 1044 2997 vocaretur,
1078 2926 1324 2998 aperuit.
1359 2927 1466 2992 Qui
1499 2943 1562 2982 se
1593 2927 1664 2981 ad
1700 2926 1805 2982 Dei
1838 2925 2018 2982 servi-

358 3017 504 3072 tium
538 3015 598 3070 in
629 3015 926 3085 omnibus,
961 3031 1089 3087 quae
1112 3015 1171 3069 in
1205 3014 2022 3087 causaohedientiaeinjunge-

359 3109 583 3172 rentur,
617 3107 887 3176 paratum
920 3120 1049 3159 esse
1080 3103 1711 3176 respondit.Deductus
1736 3103 2016 3175 itaquead

2056 1821 2103 1886 B

2135 551 2268 590 cum
2301 535 2481 591 abbas
2514 553 2616 608 per
2643 536 2767 591 dies
2799 536 3062 609 singulos
3095 537 3165 592 ad
3199 535 3481 608 palatium
3510 535 3786 607 iret,ipse

2135 623 2293 679 domi
2343 624 2606 681 residens
2644 625 2936 681 consortia
2985 624 3251 680 omnium
3299 623 3580 697 fugiebat,
3627 628 3685 679 et
3723 624 3786 678 in

2135 713 2390 785 quadam
2419 713 2588 769 vinea
2619 713 2689 784 (e)
2712 715 2883 784 juxta
2913 714 3105 786 posita
3120 713 3449 771 solitarium
3463 712 3786 769 sibilocum

2132 801 2373 875 eligens,
2408 802 2657 858 orationi
2691 807 2748 857 et
2777 802 3011 858 lectioni
3044 803 3305 859 vacabat.

2557 892 2848 947 Autbertus
2875 893 2986 964 ipsi
3012 891 3352 964 adjungitur.

2205 980 2294 1036 42.
2327 981 2464 1037 Erat
2494 984 2686 1036 autem
2719 980 2895 1036 etiam
2935 986 3076 1036 tunc
3123 997 3259 1036 cum
3308 979 3526 1036 domno
3574 978 3792 1035 abbate

2135 1069 2375 1141 quidam
2424 1070 2600 1125 frater
2648 1069 2987 1126 monasterii
3035 1071 3230 1139 vestri,
3283 1069 3516 1125 nomine
3537 1069 3784 1124 Auther-

2138 1162 2255 1227 tus,
2291 1159 2390 1230 qui
2422 1175 2556 1214 cum
2586 1175 2720 1214 eum
2749 1157 3064 1215 sollicitum
3097 1158 3277 1215 nimis
3328 1171 3392 1214 a'c
3442 1159 3695 1226 tristem,
3726 1153 3790 1212 et

2139 1247 2397 1320 quotidie
2431 1247 2710 1303 secretius
2736 1248 2848 1304 sibi
2862 1248 3179 1304 consistere
3191 1247 3478 1303 etnullius
3490 1246 3785 1303 consortio

2137 1337 2226 1392 vel
2255 1335 2542 1408 colloquio
2573 1337 2659 1392 uti
2685 1336 2924 1404 videret,
2958 1337 3129 1409 coepit
3154 1337 3205 1393 ei
3236 1336 3506 1408 compati.
3540 1337 3611 1392 Et
3641 1352 3788 1406 qua—

2137 1426 2273 1481 dam
2305 1425 2398 1481 die
2427 1441 2676 1498 pergens
2707 1426 2779 1482 ad
2810 1425 3024 1495 locum,
3059 1425 3157 1480 ubi
3178 1425 3237 1480 in
3256 1425 3594 1498 supradicta
3618 1419 3790 1479 vinea

2137 1513 2298 1572 solus
2329 1515 2584 1584 sedebat,
2605 1515 2776 1586 cmpit
2787 1515 2858 1570 ab
2884 1531 2949 1570 eo
2964 1514 3276 1587 inquirere,
3292 1518 3490 1570 utrum
3505 1505 3794 1569 veraciter

2139 1602 2669 1676 peregrinationem
2699 1602 2862 1659 illam
2876 1603 3050 1660 vellet
3081 1603 3517 1676 suscipere.Qui
3542 1603 3795 1674 sperans

2137 1707 2271 1747 eum
2304 1691 2412 1747 hoc
2445 1709 2559 1747 non
2593 1692 2666 1748 ob
2697 1691 3188 1764 compassionem,
3225 1692 3327 1746 sed
3360 1695 3600 1764 propter
3631 1695 3794 1747 estut

2138 1781 2278 1836 tiam
2311 1779 2499 1852 magis
2530 1781 2846 1852 ianirere‘,
2879 1781 3213 1852 respondit:
3250 1781 3398 1846 Quid
3437 1780 3602 1836 vobis
3634 1775 3792 1836 cura?

2132 1873 2220 1924 est
2246 1885 2423 1940 super
2452 1867 2600 1923 hoc?
2621 1867 2798 1923 nolite
2813 1875 3067 1924 mentem
3088 1884 3280 1923 meam
3292 1867 3392 1922 tali
3407 1867 3790 1940 inquisitidne

2133 1958 2501 2013 conturbare.
2536 1956 2636 2012 Ille
2665 1973 2797 2012 vero
2830 1955 2974 2011 nihil
2999 1956 3259 2012 omnimo
3278 1955 3787 2028 sedeceptionisin

2131 2045 2240 2101 hac
2272 2063 2332 2101 re
2352 2047 2706 2118 protendere
2736 2046 3093 2102 testabatur:
3129 2047 3228 2102 sed
3272 2045 3460 2118 magis
3507 2046 3794 2101 veraciter

2131 2135 2279 2191 scire
2312 2135 2476 2202 velle,
2513 2139 2707 2190 utrum
2741 2134 2836 2190 ille
2862 2135 2919 2189 in
2945 2135 3244 2208 proposita
3264 2135 3558 2191 voluntate
3589 2135 3791 2206 dispo-

2131 2229 2291 2280 neret
2322 2209 2710 2296 perseverare.
2746 2225 2910 2279 Tun‘c
2943 2225 3067 2296 ipse
3099 2223 3511 2296 congratulans
3543 2225 3674 2295 ejus
3695 2224 3792 2278 be-

2131 2313 2494 2380 nevolentiaa,
2529 2312 2859 2384 respondit:
2891 2313 3009 2385 Ego
3041 2312 3430 2385 interrogatus
3449 2320 3584 2368 sum
3617 2313 3789 2384 sipro

2129 2401 2228 2458 Dei
2260 2402 2499 2458 nomine
2528 2401 2731 2457 vellem
2765 2402 2823 2456 in
2855 2407 3058 2474 gentes
3087 2401 3422 2474 peregrinas
3443 2402 3524 2456 ire
3551 2402 3624 2456 ad
3644 2419 3789 2474 prae-

2130 2491 2450 2546 dicandum
2481 2489 2860 2562 Evangelium
2891 2490 3128 2560 Christi,
3163 2489 3791 2563 cuipropositioniego

2128 2595 2506 2651 nequaquam
2555 2578 2726 2634 reniti
2762 2595 2942 2635 ausus
2991 2597 3146 2650 sum,
3196 2579 3313 2634 imo
3363 2579 3501 2635 totis
3552 2579 3780 2635 viribus

2128 2673 2356 2740 exopto,
2391 2671 2454 2722 ut
2489 2668 2634 2723 mihi
2667 2669 2737 2722 ad
2770 2668 2879 2724 hoc
2911 2669 3081 2723 detur
3112 2667 3278 2740 copia
3310 2668 3514 2723 eundi:
3552 2667 3783 2724 nullus-

2128 2773 2241 2828 que
2273 2758 2344 2812 ab
2384 2756 2494 2812 hac
2543 2756 2868 2812 intentione
2911 2759 3167 2811 mentem
3220 2771 3411 2811 meam
3463 2756 3783 2812 immutare

2126 2846 2357 2917 poterit.
2389 2845 2553 2900 Nunc
2586 2845 2862 2918 praefatus
2892 2845 3069 2901 frater
3099 2845 3149 2900 ei
3182 2844 3516 2917 respondit:
3569 2845 3640 2900 Et
3671 2857 3778 2917 ego

2125 2938 2182 2988 te
2211 2949 2518 3004 nunquam
2550 2933 2739 3004 patiar
2767 2931 2958 2987 solum
2984 2933 3088 3001 ire,
3109 2933 3206 2990 sed
3226 2949 3330 3005 pro
3357 2932 3455 2988 Dei
3472 2944 3669 2988 amore
3686 2937 3776 2988 te-

2126 3038 2258 3076 cum
2292 3021 2579 3093 proﬁcisci
2611 3021 2801 3094 cupio,
2822 3025 3054 3077 tantum
3071 3019 3777 3077 utdomniabbatislicen-

2127 3110 2270 3166 tiam
2303 3110 2446 3164 mihi
2479 3111 2778 3182 impetres.
2815 3111 3073 3166 Firmata
3097 3111 3296 3182 itaque
3336 3111 3487 3165 inter
3515 3127 3614 3166 eos
3663 3111 3778 3166 hac

349 3193 732 3267 praesentiam
763 3193 1034 3265 Augusti,
1087 3209 1220 3248 cum
1252 3193 1326 3248 ab
1381 3192 1508 3264 ipso
1556 3191 2012 3264 interrogaretur
2042 3186 2083 3253 C
2124 3199 2395 3271 religiosa
2425 3199 2813 3267 contentione,
2848 3199 3113 3255 redeunti
3145 3198 3340 3254 abbati
3392 3199 3516 3271 ipse
3563 3199 3772 3254 obvius

357 3289 556 3340 utrum
587 3299 692 3356 pro
725 3281 823 3338 Dei
848 3281 1104 3347 nomine,
1137 3298 1316 3336 causa
1344 3281 1403 3335 in
1425 3281 2008 3354 gentibusDanorum

356 3371 731 3446 Evangelium
767 3369 1144 3442 praedicandi,
1174 3385 1369 3425 comes
1396 3368 1518 3425 fieri
1535 3365 1707 3425 vellet
1728 3368 2005 3437 l-Ierioldi,

355 3463 595 3518 omnino
627 3477 688 3516 se
705 3459 851 3515 velle
877 3463 1120 3515 constan
1133 3463 1218 3514 ter
1231 3457 1858 3530 respondit.Cuietiam
1873 3475 2008 3514 cum

357 3551 539 3606 abbas
568 3548 886 3615 intulisset,
920 3547 1258 3603 nullatenus
1272 3563 1333 3601 se
1348 3550 1574 3602 tantum
1588 3547 2008 3618 onusjubendo

353 3638 438 3693 illi
470 3639 795 3709 imponere;
829 3636 879 3691 si
911 3639 1274 3708 ipsetantum
1289 3634 1398 3690 hoc
1413 3634 2004 3707 suasponteeligeret,

357 3727 466 3782 sibi
496 3729 728 3798 gratum
761 3739 913 3789 esse,
963 3727 1020 3778 et
1049 3740 1167 3776 suae
1216 3722 1584 3777 auctoritatis
1615 3721 1667 3777 ei
1711 3721 2006 3778 licentiam

358 3816 516 3879 dare,
550 3813 705 3884 quod
738 3812 836 3866 ille
868 3811 1052 3865 nihilo
1085 3810 1282 3865 minus
1314 3827 1375 3866 se
1407 3814 1464 3864 et
1489 3809 1718 3882 eligere,
1742 3815 1798 3865 et
1818 3811 2007 3867 modis

358 3901 636 3958 omnibus
675 3901 954 3972 perﬁcere
999 3897 1143 3954 velle
1195 3898 1516 3971 respondit.
1568 3899 1830 3971 Denique
1871 3917 2006 3955 cum

358 3990 479 4045 haec
491 3988 722 4061 publice
735 3992 1221 4061 protestarentur,
1236 3992 1503 4060 essetque
1515 3989 1813 4061 cognitum
1828 3989 2010 4045 omni-

359 4080 471 4135 bus
499 4078 601 4150 qui
630 4077 689 4133 in
721 4078 895 4133 domo
926 4077 1420 4133 conversabantur
1441 4077 1691 4145 abbatis,
1709 4081 2010 4150 coeperunt

357 4154 526 4224 multi
568 4170 796 4223 tantam
828 4168 957 4239 ejus
988 4166 1266 4222 admirari
1300 4165 1806 4221 immutationem:
1851 4167 2005 4239 quod

354 4256 577 4313 scilicet
609 4256 811 4311 relicta
839 4255 1049 4326 patria,
1085 4260 1141 4310 et
1175 4253 1524 4327 propinpuis
1567 4254 1712 4321 suis,
1759 4253 2006 4311 fratrum

355 4333 588 4419 quoque
617 4361 752 4401 cum
785 4345 1000 4416 quibus
1033 4345 1318 4398 educatus
1350 4341 2010 4410 fuerat,dulcissimaaf-

355 4437 622 4500 factione,
658 4433 879 4489 alienas
905 4437 1170 4504 expetere
1218 4431 1390 4487 vellet
1438 4431 1725 4498 nationes,
1774 4436 1830 4488 et
1872 4449 2018 4488 cum

2119 3288 2365 3357 adstitit,
2399 3291 2455 3342 et
2486 3288 2636 3360 quod
2675 3287 2785 3342 sibi
2821 3287 3045 3342 socium
3077 3287 3649 3356 inventumhaberet,
3669 3287 3770 3360 qui

2119 3376 2295 3448 hujus
2329 3376 2701 3448 profectionis
2732 3391 2926 3432 comes
2951 3375 3667 3445 essevoluntariusvel‘let,
3692 3378 3776 3431 in-

2117 3465 2348 3521 dicavit.
2373 3465 2550 3536 Cujus
2581 3481 2893 3537 personam
2926 3482 3059 3521 cum
3093 3467 3276 3522 abbas
3328 3466 3667 3537 requireret,
3718 3469 3778 3522 et

2117 3553 2212 3608 ille
2245 3555 2480 3609 fratrem
2509 3554 2859 3610 Authertum
2903 3556 3251 3624 nominaret,
3287 3553 3472 3610 multo
3491 3554 3774 3610 miraculo

2117 3642 2439 3714 obstupuit,
2475 3659 2848 3715 nequaquam
2882 3648 3102 3716 putans
3137 3660 3293 3712 eum,
3329 3644 3427 3715 qui
3459 3648 3516 3699 et
3555 3643 3790 3699 nobilis

2117 3731 2403 3805 prosapiae
2432 3730 2491 3785 in
2516 3731 2749 3803 saeculo,
2782 3737 2838 3788 et
2871 3733 3024 3806 apud
3058 3749 3191 3788 eum
3207 3732 3769 3796 tuncfamiliaris,ac

2118 3828 2244 3893 post
2275 3835 2411 3876 eum
2443 3820 2655 3876 domus
2687 3821 2815 3892 ejus
2846 3825 3188 3893 procurator
3234 3822 3581 3888 habebatur,
3632 3820 3788 3876 talia’

2117 3909 2283 3978 velle,
2319 3909 2665 3965 advocatum
2701 3913 2897 3966 tamen
2911 3928 3040 3966 eum
3059 3927 3236 3983 super
3251 3910 3359 3966 hoc
3372 3909 3769 3983 interrogavit.

2117 3997 2225 4063 Qui
2254 3998 2556 4071 respondit
2588 4015 2650 4054 se
2682 4015 3054 4072 nequaquam
3078 4001 3197 4072 pati
3212 4016 3405 4073 posse,
3427 3997 3780 4055 utilleolus

2117 4087 2258 4143 iret:
2295 4088 2395 4143 sed
2426 4105 2528 4159 pro
2561 4087 2769 4143 Christi
2805 4079 3043 4144 nemine
3091 4105 3154 4144 se
3202 4088 3345 4143 velle
3376 4088 3427 4143 ei
3481 4086 3689 4143 solatio
3720 4093 3777 4142 et

2116 4174 2404 4246 adjutorio
2427 4175 2629 4243 ﬁeri,si
2654 4193 2823 4232 suam
2845 4178 3159 4234 etfratrum
3178 4176 3418 4233 haberet
3453 4175 3780 4234 licentiam.

2119 4264 2223 4320 Cui
2271 4265 2526 4320 domnus
2559 4265 2740 4320 abbas
2758 4282 2835 4346 [se
2869 4267 3146 4322 daturum
3205 4264 3523 4333 licentiam,
3587 4265 3636 4320 si
3676 4265 3788 4322 ille

2117 4357 2437 4426 spontanee
2467 4353 2619 4408 hanc
2660 4354 3078 4425 profectionem
3135 4353 3394 4429 eligeret,
3447 4355 3775 4427 respondit,

2117 4441 2348 4497 nullum
2377 4447 2574 4498 tamen
2605 4442 2690 4498 eis
2716 4459 2783 4498 ex
2808 4443 3030 4499 familia
3050 4461 3157 4499 sua
3173 4445 3445 4500 comitem
3461 4444 3777 4515 deputatu-

356 4522 572 4596 ignotis
603 4539 669 4576 ac
699 4521 964 4577 barbaris
997 4518 1348 4576 COM'OI‘SBI‘i-
1595 4536 1824 4591 quoque
1871 4537 2013 4577 eum
2041 4537 2100 4621 Di
2124 4548 2253 4586 rum
2288 4531 2358 4586 ad
2384 4531 2732 4603 obsequium
2759 4531 3008 4587 servitii:
3045 4532 3154 4588 nisi
3186 4534 3331 4588 forte
3361 4533 3474 4604 ipsi
3517 4530 3778 4604 aliquem

356 4629 534 4684 super
563 4611 672 4666 hoc
701 4610 999 4676 detestari,
1034 4614 1090 4665 et
1119 4607 1490 4682 improperiis
1534 4606 1845 4677 lacessere;
1880 4611 2009 4684 qui-

357 4702 491 4757 dam
526 4718 559 4756 a
590 4699 887 4773 proposito
919 4715 1189 4754 revocare
1218 4697 1605 4754 conabantur.
1639 4698 1745 4753 Sed
1790 4698 1879 4753 vir
1907 4698 2006 4756 Dei

425 4817 501 4894 (ft)
535 4816 754 4888 Nempe
790 4813 1137 4894 Mogontiaci
1167 4813 1224 4894 in
1258 4811 1610 4894 monasterip
1633 4812 2011 4894 S.Albani,_et

356 4882 596 4959 quidem
629 4882 782 4943 anno
812 4882 937 4953 826,
971 4891 1036 4941 ut
1067 4889 1295 4940 constat
1325 4901 1394 4939 ex
1423 4882 1756 4956 Eginhardo
1781 4890 1917 4941 etex
1937 4887 2009 4942 li-

356 4961 463 5014 bro
493 4961 565 5014 de
578 4959 707 5014 Vita
722 4958 996 5014 Ludovici
1013 4957 1117 5015 Pii.
1131 4955 1230 5011 ubi
1248 4955 1555 5010 Herioldus
1567 4971 1701 5010 cum
1715 4973 1891 5012 uxore
1904 4958 2010 5015 Da-

359 5041 686 5111 norumque
697 5047 811 5086 non
833 4998 1722 5111 parvamanuM‘ogontiaci‘apud
1737 5033 2007 5111 sanctum

356 5099 640 5155 Albanum
673 5118 808 5157 cum
825 5099 948 5157 suis
963 5101 1240 5157 omnibus
1255 5099 1630 5224 bagtismatis
1646 5099 1804 5153 unda
1821 5101 2010 5172 perfu-

358 5185 482 5224 sus.
515 5170 900 5224 plurimisque
931 5171 1276 5224 muneribus
1300 5186 1332 5224 a
1387 5169 1740 5224 imperatore
1755 5169 2008 5224 donatus

358 5185 482 5250 sus,
515 5170 900 5250 plurimisque
931 5171 1276 5250 muneribus
1300 5169 1740 5250 abimperatore
1755 5169 2008 5250 donatus

358 5240 540 5315 fuisse
567 5240 920 5315 perhibetur,
956 5240 1475 5315 acceptoAquodam
1495 5240 1775 5315 comitatu
1801 5241 1860 5296 in
1880 5243 2008 5315 Fri-

359 5312 474 5392 sia,
501 5309 1047 5393 cujus_vocabulum
1079 5309 1474 5393 est_Rhiustri.
1495 5310 1810 5393 Theganus
1824 5313 2006 5393 addit,

359 5382 620 5456 reginam
644 5383 773 5507 ejus
803 5401 1037 5466 uxorem
1068 5386 1140 5440 ab
1162 5382 1403 5464 Juditha
1431 5382 1802 5463 imperatrice
1823 5385 1893 5440 de
1916 5382 2007 5441 saé

359 5471 455 5507 cro
491 5453 646 5507 fonte
700 5458 922 5507 evatam
958 5457 1157 5507 fuisse.
1193 5452 1446 5507 Harioldi
1481 5453 1717 5507 fratrem
1748 5455 2007 5507 Adamus

359 5452 455 5511 cro
491 5453 646 5509 fonte
677 5452 922 5509 levatam
958 5455 1157 5511 fuisse.
1193 5452 1446 5510 Herioldi
1481 5452 1717 5509 fratrem
1748 5455 2009 5513 Adamus

359 5524 523 5600 addit
553 5541 879 5600 perperam.
971 5595 984 5600 _
1048 5595 1058 5600 _
1282 5595 1291 5600 _
1398 5595 1411 5600 _
1748 5595 1758 5600 _
1827 5598 1838 5600 _

359 5526 523 5586 addit
593 5541 879 5600 crperam.

455 5598 531 5678 (ὁ)
553 5542 623 5657 id
653 5601 742 5658 est
770 5598 830 5658 in
861 5595 1101 5656 Corbeia
1121 5595 1317 5669 veteri,
1344 5595 1416 5654 ad
1431 5611 1605 5672 quam
1635 5595 2007 5674 proindejam

2120 4621 2191 4674 ad
2223 4619 2333 4675 hoc
2365 4635 2674 4691 provocare
2704 4623 2967 4692 possent,
3000 4626 3063 4675 ut
3093 4625 3418 4693 suasponte
3433 4635 3569 4677 cum
3593 4620 3675 4676 eis
3693 4620 3778 4676 ire

2120 4708 2310 4764 vellet.
2345 4709 2463 4763 Hoc
2493 4711 2688 4764 autem
2717 4708 3068 4766 venerabilis
3095 4711 3278 4767 abbas
3308 4728 3424 4766 non
3455 4712 3528 4766 de
3567 4711 3781 4766 inaffe-

2120 4841 2182 4879 se
2213 4827 2508 4905 receperat
2538 4824 3088 4905 @nscha_rius,__ante
3117 4826 3341 4905 aliquot
3366 4825 3644 4905 annos‘in
3672 4842 3778 4905 τις)-

2116 4911 2249 4969 vam
2285 4895 2506 4951 missus
2537 4895 3033 4969 docendigratia:
3069 4898 3168 4954 sed
3202 4895 3398 4954 forsan
3437 4895 3776 4954 Adalhardo

2118 4966 2328 5021 abbate
2361 4971 2591 5022 mortuo
2623 4984 2658 5022 a
2685 4966 2853 5025 Wala
2883 4969 3090 5024 exinde
3121 4975 3445 5026 revocatus.

2190 5038 2260 5113 (ε)
2282 5037 2342 5113 [ἃ
2373 5038 2635 5113 intelligo
2667 5039 2738 5113 de
2766 5037 2935 5113 vinea
2965 5040 3179 5113 palatio
3207 5041 3420 5113 vicina,
3453 5057 3567 5096 non
3595 5038 3664 5113 de
3684 5038 3779 5093 vi-

2120 5109 2250 5191 neis
2274 5109 2528 5191 Corbeige
2560 5109 2789 5191 veteris,
2821 5110 2892 5191 d‘e
2923 5109 3496 5191 quibusanonymus
3527 5110 3780 5191 quidam

2118 5180 2188 5254 de
2219 5181 2719 5254 destructigpibus
2751 5180 3004 5254 ecclesiae
3033 5180 3399 5240 Corbeiensis
3426 5180 3583 5254 apud
3602 5181 3782 5254 Ches-

2118 5251 2282 5305 nium
2314 5255 2473 5323 tomo
2507 5251 2584 5307 ll:
2620 5275 2648 5301 ‹‹
2679 5253 3102 5323 Appendehant
3131 5255 3202 5310 ad
3233 5251 3538 5310 Corbeiam
3560 5253 3777 5321 vinea,

2117 5339 2247 5448 quae
2275 5321 2429 5377 circa
2458 5321 2881 5378 monasterium
2895 5329 3080 5396 erant,
3095 5326 3535 5382 continentesin
3553 5341 3616 5381 se
3631 5324 3796 5381 duo-'

2159 5393 2307 5448 ecim
2338 5394 2586 5448 bunaria
2613 5399 2801 5448 terrae.
2833 5399 2891 5448 et
2913 5397 3200 5448 amplius:
3238 5398 3340 5448 ubi
3371 5394 3784 5448 notemntcol-

2159 5393 2307 5470 ecim
2338 5394 2586 5470 hunaria
2613 5399 2801 5470 terrae.
2833 5399 2891 5470 et
2913 5393 3200 5470 amplius:
3238 5398 3350 5470 ubi
3370 5394 3784 5470 poterantcol-

2118 5463 2241 5537 ligii
2263 5463 2450 5542 modii
2472 5465 2811 5542 monaginta
2826 5467 2896 5542 de
2927 5463 3081 5534 vin—0,
3097 5474 3154 5524 et
3178 5463 3451 5542 amplius.
3469 5489 3496 5518 υ
3519 5467 3782 5542 Nuncin

2118 5536 2699 5664 segetumtculturam
2733 5538 2908 5595 cessit
2935 5543 3093 5596 totus
3126 5536 3784 5616 ager-monasteriocir-

2118 5623 2380 5664 CUI‘IIDOSI
2415 5625 2501 5664 us.

2117 5623 2249 5665 cum
2257 5623 2501 5682 posntus.
