4026 6180
360 392 481 456 9Ἷὲ

1281 400 1344 460 S.
1392 398 1805 460 ANSCHARII
1851 394 2453 462 HAMBURGENSIS
2496 396 2845 460 EPISCOPI

3659 400 3778 463 976

361 546 557 587 errore
587 529 858 600 dolebat;
894 531 1326 589 ferventissimo
1349 532 1592 588 ardebat
1615 531 1924 597 desiderio,
1951 534 2008 587 et
2035 534 2091 600 Α
2116 530 2325 586 vitium
2357 528 2457 586 Dei
2501 531 2795 587 educeret.
2828 532 3088 595 Quorum
3139 531 3432 604 quosdam
3464 534 3538 589 ad
3570 532 3777 591 cellam

362 636 468 693 pro
499 619 711 676 Christi
744 620 978 677 nomine
1014 638 1075 677 se
1124 638 1349 694 suaque
1398 620 1596 677 omnia
1642 621 1714 676 ad
1764 619 2013 677 salutem

362 709 628 782 gentium
661 710 889 766 tradere
920 710 1211 785 cupiebat.
1234 709 1335 765 Cui
1358 709 1531 766 etiam
1554 709 1807 765 domnus
1838 708 2017 781 impe-

363 802 526 855 rator
545 798 738 855 locum
771 816 957 854 unum
990 798 1145 855 ultra
1174 799 1541 871 Albiam,qui
1571 802 1809 854 vocatur
1830 795 2016 853 Wela-

365 905 477 945 nao
500 888 599 961 (a),
623 889 881 961 dederat,
905 893 970 945 ut
1004 889 1231 962 quoties
1251 888 1384 945 illas
1414 888 1474 943 in
1505 891 1700 961 partes
1730 891 2011 960 pergeret,

364 977 559 1035 locum
582 978 945 1035 subsistendi
967 978 1047 1034 ibi
1074 979 1333 1035 haberet.
1359 977 1654 1033 Multoties
1676 978 1870 1049 itaque
1893 976 2016 1048 ipse

367 1067 441 1123 ad
463 1068 734 1123 eumdem
756 1068 916 1124 venit
942 1067 1157 1134 locum,
1175 1074 1231 1123 et
1246 1084 1350 1139 pro
1375 1064 1675 1121 lucrandis
1705 1065 2017 1121 animabus

368 1155 556 1211 multa
577 1156 635 1211 in
655 1156 966 1229 Aquilonis
980 1156 1246 1229 partibus
1268 1156 1717 1229 dispensavit,ac
1730 1154 2017 1227 plurimos

370 1245 636 1318 religioni
667 1246 1129 1302 Christianorum
1162 1245 1451 1317 adiunxit,
1485 1250 1658 1317 atque
1688 1244 1747 1299 in
1780 1245 1893 1299 fide
1925 1259 2017 1298 ca-

368 1326 585 1390 thblica
614 1334 921 1391 roboravit.

370 1444 761 1499 Gauzbertum
789 1443 1119 1514 episcopum
1146 1442 1478 1513 adjutorem
1506 1442 1745 1512 accipit,
1767 1441 2020 1513 aliosque

905 1532 979 1570 ex
1011 1516 1257 1572 Corbeia
1286 1514 1483 1571 veteri.

443 1622 533 1677 21.
564 1621 778 1678 Verum
805 1627 939 1695 post
961 1622 1387 1678 ordinationem
1406 1619 1605 1677 domui
1630 1624 1688 1677 et
1716 1617 1902 1675 Patris
1924 1634 2023 1673 no-

372 1709 480 1767 stri
508 1710 816 1768 Anscharii
857 1710 1128 1784 superius
1177 1710 1681 1784 comprehensam,
1712 1708 1902 1763 visum
1934 1710 2024 1762 est

375 1798 513 1869 illis,
538 1801 608 1857 de
633 1802 836 1857 eadem
866 1800 1156 1874 legatione
1188 1801 1339 1855 inter
1369 1816 1430 1854 se
1460 1796 1891 1854 conferentibus
1922 1810 2023 1849 ne-

2122 619 2458 692 przedictam
2492 621 2735 677 Turholt
2771 620 3118 677 nutriendos
3149 622 3347 694 posuit
3377 638 3391 676 :
3428 623 3782 696 fueruntque

2122 724 2257 764 cum
2285 724 2351 765 eo
2381 708 2477 764 hic
2508 726 2578 765 ex
2608 709 2885 766 societate
2910 712 3106 767 vestra
3134 711 3322 767 sancti
3351 710 3555 769 Patres
3600 714 3784 769 nostri

2123 801 2182 853 et
2211 797 2497 870 magistri,
2532 814 2785 870 quorum
2815 798 3083 854 doctrina
3110 804 3169 855 et
3196 799 3578 858 institutione
3606 801 3785 859 felici-

2122 890 2212 942 ter
2239 885 2547 943 nobiscum
2578 886 2878 960 religionis
2903 887 3113 943 divinas
3145 889 3328 945 crevit
3356 889 3580 962 opinio.

2125 994 2561 1064 IIammaburgo
2573 1009 2610 1049 a
2627 992 2835 1068 piratis
2845 1002 3092 1068 vastato,
3108 994 3367 1050 omnium
3381 1010 3589 1051 rerum
3596 998 3789 1068 jactu-

2445 1081 2575 1120 ram
2603 1066 2725 1136 fert
2753 1066 3046 1134 patienter
3083 1069 3463 1123 Ancharius.

2194 1173 2285 1225 22.
2316 1169 2535 1225 Verum
2568 1185 2702 1226 cum
2734 1168 2856 1226 haec
2876 1168 2936 1224 in
2960 1174 3207 1242 utraque
3228 1175 3391 1242 parte
3414 1170 3790 1229 laudabiliter

2127 1263 2185 1314 et
2220 1258 2335 1314 Deo
2384 1258 2560 1331 digne
2610 1261 2940 1331 agerentur,
2974 1258 3218 1333 contigit
3248 1276 3319 1316 ex
3347 1258 3674 1333 improviso
3704 1261 3790 1335 pi.

2127 1351 2285 1403 ratas
2316 1347 2693 1403 advenientes
2721 1346 3328 1421 Hammaburgensem
3360 1348 3662 1405 civitatem
3697 1367 3793 1405 na-

2126 1436 2178 1490 vi
2184 1436 2279 1509 gio
2293 1435 2942 1501 circumdedisse.0uod
2956 1453 3090 1491 cum
3105 1437 3402 1510 inopinate
3411 1443 3471 1495 et
3483 1439 3793 1495 subitanee

2129 1525 2457 1591 accidisset,
2473 1525 2729 1597 spatium
2754 1540 2868 1580 non
2900 1525 3013 1581 fuit
3041 1542 3328 1599 pagenses
3358 1528 3792 1601 congregandi;

2130 1614 2345 1687 quippe
2375 1630 2509 1669 cum
2541 1619 2600 1670 et
2630 1614 2967 1687 comes,qui
2992 1630 3059 1671 eo
3088 1620 3350 1688 tempore
3380 1616 3793 1689 prmfecturam

2129 1702 2239 1759 loci
2269 1700 2430 1758 illius
2456 1703 2710 1769 tenebat,
2728 1702 3170 1760 illustrissimus
3195 1706 3284 1760 vir
3312 1705 3638 1762 Bernarius
3659 1710 3797 1761 tunc

2132 1792 2389 1860 deesset;
2422 1792 2675 1847 domnus
2704 1808 2839 1847 vero
2868 1792 3180 1866 episcopus
3197 1792 3276 1847 ibi
3292 1794 3530 1866 positus
3551 1811 3692 1850 cum
3709 1794 3798 1850 his

375 1888 697 1945 cessarium
731 1906 879 1960 esse,
913 1893 977 1944 ut
1019 1888 1233 1959 aliquis
1265 1886 1347 1941 illi
1378 1886 1747 1940 ordinaretur
1772 1884 2021 1954 adjutor,
2053 1906 2102 1972 Β
2132 1881 2231 1953 qui
2264 1881 2506 1936 aderant
2535 1880 2594 1935 in
2625 1880 2771 1938 urbe
2803 1880 2952 1954 ipsa,
2984 1880 3071 1937 vel
3102 1880 3163 1937 in
3189 1882 3478 1938 suburbio
3510 1883 3801 1940 manenti-

377 1977 476 2048 qui
509 1978 567 2030 in
598 1976 864 2048 partibus
897 1978 1197 2031 Sueonum
1230 1972 1541 2028 ministerii
1572 1970 1919 2045 episcopalis
1941 1970 2024 2026 of-

377 2065 509 2118 ficio
542 2065 918 2136 fungeretur:
945 2062 1222 2136 quoniam
1247 2062 1305 2117 in
1339 2062 1572 2135 regione
1592 2067 1713 2118 tam
1744 2060 1915 2133 longe
1932 2076 2027 2133 po-

378 2151 492 2208 sita
522 2168 778 2225 praesens
825 2153 1029 2209 adesse
1059 2151 1291 2208 deberet
1316 2151 1593 2224 pontifex,
1627 2155 1684 2208 et
1711 2151 1836 2223 ipse
1866 2148 2027 2205 solus

368 2242 451 2297 ad
475 2246 790 2313 utrumque
811 2242 1005 2297 locum
1028 2240 1223 2297 minus
1244 2242 1555 2296 sufficeret.
1573 2240 1715 2294 Cum
1738 2254 2028 2294 consensu

382 2329 576 2401 itaque
597 2333 657 2385 et
676 2329 970 2386 voluntate
993 2329 1254 2401 prmdicti
1272 2327 1659 2400 imperatoris,
1681 2325 2029 2383 venerabilis

378 2419 501 2473 Ebo
526 2419 839 2489 quemdam
862 2418 1261 2490 propinquum
1285 2434 1482 2483 suum,
1498 2416 1889 2472 Gauzbertum
1906 2415 2029 2486 [al.,

384 2505 791 2573 Gautbertum]
823 2506 1083 2573 nomine,
1115 2506 1186 2561 ad
1220 2505 1329 2560 hoc
1356 2522 1503 2577 opus
1532 2504 1875 2570 electum,et
1896 2519 2034 2575 pon-

383 2594 583 2650 tificali
614 2594 962 2668 insignitum
1007 2595 1247 2660 honore,
1281 2594 1350 2649 ad
1382 2599 1577 2666 partes
1608 2592 1818 2648 direxit
1847 2593 2031 2648 Sueo-

384 2701 526 2739 num
546 2701 559 2753 ;
578 2684 786 2757 cuique
810 2684 1138 2739 ministeria
1167 2683 1559 2739 ecclesiastica
1587 2687 1643 2738 et
1672 2680 2034 2738 necessarios

383 2776 659 2846 sumptus
689 2777 809 2829 tam
832 2789 901 2829 ex
921 2790 1028 2829 sua
1050 2789 1227 2845 quam
1256 2789 1325 2828 ex
1351 2772 1585 2827 datione
1615 2770 1773 2844 regia
1804 2770 2036 2826 abunde

382 2862 610 2931 tribuit,
634 2879 887 2934 cumque
909 2863 1078 2935 quasi
1100 2861 1221 2917 vice
1243 2878 1351 2917 sua
1373 2862 1445 2933 (ιι)
1470 2862 1571 2933 qui
1592 2860 1808 2917 ibidem
1827 2860 2035 2933 praedi-

384 2951 555 3007 candi
585 2951 843 3006 officium
866 2951 1027 3024 prius
1051 2951 1393 3006 auctoritate
1411 2950 1728 3021 apostolica
1750 2948 2037 3022 suscepis-

383 3043 492 3108 set,
527 3037 785 3111 legatum
816 3038 875 3094 in
908 3039 1182 3113 gentibus
1223 3039 1522 3095 Sueonum
1554 3056 1681 3111 esse
1711 3036 2032 3104 constituit,

382 3126 477 3183 cui
507 3128 682 3184 etiam
714 3132 914 3201 postea
943 3128 1443 3185 clementissimus
1470 3130 1792 3201 Augustus,
1824 3143 2032 3201 sugge-

380 3221 542 3273 rente
567 3221 770 3274 eodem
792 3216 1105 3274 venerabili
1129 3218 1375 3290 praesule
1396 3219 1611 3287 Ebone,
1628 3217 1835 3273 cellam
1852 3233 2031 3288 quam

380 3306 505 3380 ipse
524 3306 584 3362 in
608 3306 732 3363 loco
763 3312 1086 3364 memorato
1108 3307 1389 3362 Welanao
1420 3311 1841 3374 construxerat,
1862 3305 2031 3377 quasi
2062 3276 2105 3342 Ο

380 3395 576 3452 locum
611 3396 893 3470 refrigerii
925 3396 1189 3463 tradidit,
1216 3400 1281 3451 ut
1311 3396 1533 3452 scilicet
1561 3397 1632 3451 ad
1664 3396 1851 3469 ipsius
1869 3394 2037 3450 mini-

384 3485 632 3541 sterium
661 3485 835 3541 officii
863 3488 1145 3557 perpetua
1176 3483 1493 3540 stabilitate
1524 3485 1857 3541 deserviret.
1892 3484 2036 3539 Prte-

385 3574 577 3630 dictus
590 3574 787 3645 itaque
798 3574 1180 3641 Gauzbcrtus,
1202 3582 1376 3644 quem
1389 3574 1500 3646 ipsi
1516 3578 1925 3629 consecrantes
1937 3573 2039 3627 ho-

382 3680 523 3717 nore
554 3661 854 3734 apostolici
887 3662 1143 3715 nominis
1175 3660 1473 3715 Simonem
1498 3662 1566 3732 (ε)
1589 3661 2033 3727 vocaverunt,ad

384 3754 581 3821 partes
621 3749 859 3804 veniens
907 3750 1226 3815 Sueonum,
1261 3747 1578 3803 honorifice
1609 3753 1665 3804 et
1694 3767 1729 3803 a
1758 3764 1889 3821 rege
1919 3754 1974 3804 et
2002 3768 2036 3806 a

386 3836 601 3908 populo
623 3840 933 3907 susceptus
954 3841 1061 3904 est,
1087 3836 1373 3907 coepitque
1400 3853 1532 3891 cum
1559 3836 1960 3893 benevolentia
1979 3843 2037 3894 et

386 3924 778 3980 unanimitate
810 3925 1074 3980 omnium
1107 3924 1407 3981 ecclesiam
1454 3926 1598 3981 inibi
1643 3926 1945 3997 fabricare,
1979 3932 2036 3984 et

384 4011 617 4086 publice
639 4012 1014 4086 Evangelium
1047 4013 1180 4069 fidei
1214 4013 1530 4087 praedicare
1555 4034 1568 4071 :
1592 4015 1881 4088 fiebatque
1899 4032 2036 4089 gau-

384 4102 550 4158 dium
581 4101 789 4158 salutis
822 4101 1168 4159 Christianis
1199 4103 1278 4158 ibi
1312 4104 1679 4178 degentibus,
1696 4111 1752 4161 et
1774 4106 1844 4161 de
1867 4104 2033 4161 diein

385 4192 541 4248 diem
574 4208 856 4248 numerus
886 4191 1247 4247 credentium
1280 4194 1879 4267 augebatur.lnterim
1897 4211 2037 4267 quo-

387 4296 499 4352 que
526 4281 779 4336 domnus
809 4284 865 4335 et
898 4285 1095 4352 pastor
1142 4285 1342 4337 noster
1380 4283 1438 4337 in
1470 4283 1701 4339 dioecesi
1732 4283 1844 4338 sibi
1875 4300 2034 4339 com-

385 4370 571 4426 missa
591 4375 649 4425 et
672 4368 731 4424 in
754 4370 1021 4443 partibus
1046 4370 1345 4427 Danorum
1372 4375 1607 4427 strenue
1637 4389 1811 4429 suum
1834 4372 2037 4445 imple-

356 4522 359 4527 ,
384 4459 486 4514 bat
505 4458 851 4529 officium,et
872 4459 1135 4532 exemplo
1157 4460 1322 4516 bonae
1344 4461 1798 4518 conversationis
1819 4461 2035 4519 multos

384 4548 457 4605 ad
482 4547 618 4603 fidei
639 4546 887 4620 gratiam
919 4549 1289 4621 provocabat.
1314 4550 1495 4621 Coepit
1512 4567 1746 4623 quoque
1766 4567 1833 4606 ex
1863 4556 2034 4624 gente

2132 1971 2267 2037 bus,
2299 1969 2487 2042 primo
2518 1968 2756 2042 quidem
2805 1969 3004 2026 audito
3050 1970 3301 2027 adventu
3347 1988 3558 2028 eorum
3603 1971 3800 2029 locum

2134 2059 2332 2132 ipsum
2364 2058 2660 2115 continere
2690 2058 2891 2125 voluit,
2925 2059 3111 2116 donec
3150 2061 3345 2132 majus
3376 2061 3609 2117 veniret
3637 2061 3802 2118 auxi-

2134 2148 2320 2217 lium;
2356 2149 2457 2204 sed
2504 2146 2944 2220 impellentibus
2994 2149 3261 2221 paganis,
3292 2154 3352 2205 et
3394 2149 3636 2206 civitate
3673 2152 3802 2223 jam

2138 2238 2535 2304 obsessa,cum
2550 2236 2635 2292 eis
2649 2237 2842 2292 resisti
2857 2254 2971 2292 non
2987 2253 3161 2309 posse
3182 2238 3803 2311 conspicit,quomodo

2137 2326 2382 2398 pignora
2420 2329 2757 2382 sanctarum
2802 2324 3186 2397 reliquiarum
3216 2327 3294 2399 (d)
3326 2332 3802 2401 asportarentur,

2139 2415 2500 2486 praeparavit.
2534 2413 2743 2487 Sicque
2773 2414 2898 2486 ipse
2929 2413 3157 2472 clericis
3203 2415 3319 2472 huc
3367 2422 3427 2472 et
3466 2416 3611 2472 illuc
3663 2419 3806 2490 fuga

2139 2503 2441 2576 dispersis,
2474 2503 2650 2560 etiam
2696 2503 2823 2560 sine
2866 2520 3051 2576 cappa
3093 2521 3203 2560 sua
3232 2504 3325 2559 vix
3355 2506 3562 2563 evasit.
3590 2506 3804 2580 Populi

2141 2608 2373 2665 quoque
2403 2610 2437 2648 a
2474 2591 2598 2649 loco
2628 2593 2755 2664 ipso
2785 2591 3060 2650 exeuntes
3086 2598 3143 2650 et
3170 2594 3279 2650 hac
3312 2593 3565 2668 illacque
3586 2595 3804 2669 palan-

2139 2686 2248 2751 tes,
2266 2680 2539 2753 plurimis
2571 2680 3289 2754 aufugientibus,quidam
3323 2683 3503 2757 capti,
3536 2683 3806 2757 plerique

2141 2771 2317 2827 etiam
2339 2770 2624 2843 perempti
2648 2771 3072 2843 sunt.Denique
3092 2770 3291 2828 hostes
3312 2771 3547 2846 direpta
3566 2775 3643 2843 (e)
3665 2773 3811 2828 civi-

2140 2863 2279 2928 tate,
2313 2865 2370 2916 et
2398 2859 2674 2915 omnibus
2719 2877 2847 2932 quae
2896 2860 2956 2915 in
3008 2877 3077 2916 ea
3123 2859 3210 2916 vel
3258 2859 3319 2915 in
3368 2860 3499 2917 vico
3540 2861 3808 2934 proximo

2142 2953 2309 3005 erant
2340 2948 2627 3022 spoliatis,
2664 2965 2797 3004 cum
2827 2948 3157 3022 vespertino
3187 2954 3456 3023 tempore
3484 2967 3553 3006 eo
3583 2951 3804 3007 adven-

2143 3042 2388 3106 tassent,
2412 3041 2638 3094 noctem
2664 3037 2857 3110 ipsam
2889 3053 3021 3094 cum
3050 3037 3315 3111 sequenti
3345 3039 3442 3095 die
3459 3044 3523 3095 et
3544 3044 3714 3096 nocte
3728 3040 3812 3095 ibi

2143 3128 2562 3183 consederunt:
2583 3128 2783 3199 sicque
2810 3128 3112 3183 succensis
3141 3126 3421 3184 omnibus
3440 3145 3511 3185 ac
3534 3128 3807 3201 direptis,

2143 3217 2361 3289 egressi
2394 3220 2551 3272 sunt.
2569 3215 2653 3271 Ibi
2684 3214 2931 3272 ecclesia
2961 3216 3110 3272 miro
3142 3232 3316 3289 opere
3349 3216 3811 3290 magisteriodo-

2145 3306 2265 3360 mni
2299 3304 2556 3377 episcopi
2587 3307 2943 3372 constructa,
2966 3321 3083 3361 una
3115 3321 3249 3360 cum
3276 3304 3561 3365 claustris
3594 3322 3808 3363 mona-

2145 3393 2307 3450 sterii
2337 3394 2582 3450 mirifice
2611 3391 2972 3466 compositis,
3001 3393 3122 3467 igni
3154 3410 3442 3450 succensa
3465 3400 3578 3451 est.
3604 3396 3692 3451 lbi
3719 3395 3806 3452 bi-

2145 3483 2453 3550 bliotheca,
2469 3499 2645 3555 quam
2664 3482 3080 3539 serenissimus
3097 3487 3461 3540 memoratus
3479 3485 3807 3558 imperator

2143 3572 2331 3629 eidem
2365 3571 2520 3627 Patri
2569 3577 2771 3627 nostro
2815 3571 3159 3641 contulerat,
3192 3572 3413 3645 optime
3443 3575 3802 3648 conscripta,

2144 3679 2262 3717 una
2291 3678 2425 3717 cum
2461 3660 2728 3733 pluribus
2760 3660 2892 3717 aliis
2920 3661 3242 3735 libris,igni
3273 3662 3577 3735 disperiit;
3600 3662 3805 3736 sicque

2144 3750 2360 3819 omnia,
2389 3768 2514 3823 quae
2548 3750 2829 3821 inibiaut
2860 3751 2917 3805 in
2966 3750 3375 3807 ecclesiasticis
3426 3752 3799 3819 ministeriis,

2144 3845 2245 3896 aut
2271 3840 2331 3895 in
2363 3838 2493 3895 aliis
2523 3840 2816 3896 thesauris
2846 3844 2903 3897 et
2932 3839 3309 3896 facultatibus
3342 3839 3636 3898 habuerat
3662 3861 3678 3911 ;
3702 3846 3801 3898 aut

2143 3927 2495 4003 prmdatione
2526 3932 2627 3983 aut
2656 3928 2809 4002 igne,
2822 3928 3022 3985 hostili
3052 3928 3273 4002 impetu
3304 3929 3538 4003 direpta
3570 3938 3805 3997 sunt,ut

2144 4017 2312 4091 quasi
2337 4018 2562 4072 nudum
2575 4034 2711 4073 eum
2734 4018 3318 4091 dimiserint.Quippe
3331 4035 3467 4074 cum
3488 4036 3644 4091 pene
3660 4018 3807 4075 nihil

2144 4106 2349 4163 exinde
2381 4107 2545 4179 prius
2576 4105 2795 4162 elatum
2828 4107 2925 4174 sit,
2957 4124 3063 4163 nec
3093 4113 3234 4164 tunc
3283 4108 3525 4181 quidem
3573 4108 3804 4183 aliquid

2144 4195 2637 4268 subventum,nisi
2656 4197 2809 4268 quod
2825 4197 3078 4270 quisque
3093 4196 3321 4271 fugiens
3335 4214 3473 4253 casu
3496 4203 3807 4271 arreptum

2143 4302 2343 4341 secum
2394 4285 2636 4341 forsitan
2686 4291 2989 4358 exportare
3034 4285 3242 4359 potuit.
3277 4285 3385 4342 Pro
3424 4286 3645 4358 quibus
3681 4303 3808 4343 om-

2144 4374 2319 4431 nibus
2344 4374 2599 4430 domnus
2628 4379 2685 4430 et
2714 4375 2883 4431 Pater
2912 4376 3327 4432 sanctissimus
3356 4374 3704 4432 nullatenus
3720 4374 3809 4431 vel

2143 4465 2341 4520 animo
2373 4463 2818 4533 molestabatur,
2850 4463 2938 4519 vel
2985 4463 3157 4520 labiis
3199 4463 3491 4537 peccavit;
3523 4464 3627 4521 sed
3667 4481 3807 4522 cum

2144 4551 2345 4608 omnia
2374 4553 2511 4621 fere,
2531 4569 2657 4624 quae
2680 4553 2753 4607 ab
2775 4552 2942 4607 initio
2972 4552 3348 4626 episcopatus
3376 4569 3703 4627 aggregare
3718 4553 3810 4610 vel

384 4638 683 4693 Danorum
706 4642 881 4709 atque
903 4637 1240 4694 Sclavorum
1265 4638 1781 4695 nonnullosemere
1798 4657 2031 4712 pueros,
2065 4637 2111 4704 D
2143 4641 2202 4696 in
2233 4640 2512 4696 fabricam
2558 4640 2935 4696 aedificiorum
2980 4657 3330 4713 componere
3356 4646 3647 4715 potuerat,
3687 4659 3807 4698 uno

386 4727 616 4801 aliquos
647 4726 821 4783 etiam
854 4744 922 4782 ex
953 4728 1285 4800 captivitate
1316 4728 1620 4798 redimere,
1646 4746 1794 4801 quos
1816 4730 1887 4785 ad
1919 4746 2036 4786 ser-

460 4888 756 4964 (a)_\_7ulgo
792 4889 947 4946 Wehl
968 4905 1071 4964 seu
1101 4888 1310 4964 IVedel
1328 4889 1479 4964 infra
1503 4889 2029 4964 Hammaburgum.

340 5005 351 5013 .
457 4960 530 5033 (ὑ)
552 4961 674 5017 Non
688 4960 891 5017 tamen
914 4960 1151 5017 assidue
1163 4962 1234 5016 ab
1248 4978 1401 5015 anno
1413 4962 1518 5015 823
1531 4979 1717 5033 usque
1730 4964 1800 5017 ad
1815 4960 2032 5019 idtem-

389 5047 500 5100 pus
548 5033 609 5087 in
656 5034 773 5088 illis
823 5033 1089 5104 partibus
1142 5033 1531 5104 perseveravit
1577 5034 1712 5090 Eho.
1763 5038 1924 5090 Certe
1973 5037 2032 5090 in

332 5154 333 5157 η
389 5104 747 5178 sua-dicecesi
780 5104 1093 5160 Rhemcnsi
1118 5105 1458 5178 versabatur
1479 5121 1630 5159 anno
1647 5108 1771 5178 827,
1788 5123 1901 5178 quo
1921 5106 2032 5162 Lu-

344 5204 353 5235 ί
387 5170 623 5229 dovicus
651 5178 951 5247 Augustus
980 5192 1112 5231 eum
1143 5175 1301 5230 misit
1330 5176 1399 5230 ad
1437 5170 1856 5233 monasterium
1887 5178 2035 5233 Der-

387 5250 735 5319 vense,tunc
752 5246 1207 5319 ’asaacularibus
1236 5246 1460 5302 clericis
1486 5254 1855 5319 occupatum,
1870 5254 1933 5304 ut
1950 5250 2033 5304 di-

342 5360 347 5365 .
386 5310 633 5398 ligenter
661 5317 1052 5398 consideraret
1082 5336 1152 5373 an
1186 5322 1340 5398 locus
1368 5328 1538 5398 aptus
1562 5310 1708 5398 esset
1731 5310 2035 5398 _a_d_inom_z-

335 5420 349 5453 _-
385 5388 882 5464 alicam-ordinem
908 5393 1344 5457 observandum,
1360 5395 1423 5445 ut
1439 5396 1596 5463 patet
1615 5408 1683 5446 ex
1714 5391 2033 5464 diplomate

389 5456 666 5513 Ludovici
696 5456 903 5528 ipsius.

338 5584 345 5601 ι
457 5528 544 5607 (ε).
565 5528 706 5607 Hinc
736 5532 895 5601 patet
925 5532 1102 5607 moris
1132 5532 1444 5606 aliquando
1467 5536 1591 5587 tum
1615 5532 2032 5607 fuisse,utepi-

385 5599 580 5674 scopis
610 5600 675 5674 in
684 5599 1132 5674 consecratione
1179 5599 1287 5660 sua
1320 5620 1532 5659 nomen
1566 5599 1910 5673 mutaretur,
1944 5599 2029 5664 sic

382 5671 623 5737 Sanctus
655 5671 1041 5734 Willibrodus
1073 5689 1107 5730 a
1132 5690 1285 5749 papa
1313 5675 1577 5733 Clemens
1607 5675 1798 5733 dictus
1827 5671 1936 5737 est.

2141 4729 2299 4785 velut
2324 4734 2619 4786 momento
2650 4728 3093 4803 perdidit,illud
3116 4730 3273 4786 beati
3295 4731 3406 4787 Job
3434 4732 3647 4804 saepius
3671 4748 3808 4787 ver-

2212 4891 2290 4962 (d)
2324 4891 2544 4963 Nempe
2565 4895 2903 4947 sanctorum
2929 4891 3091 4962 Xysti
3109 4897 3167 4947 et
3179 4892 3370 4948 Siricii
3392 4892 3806 4949 confessorum

2144 4962 2491 5036 pontificum
2538 4962 2980 5036 Rhemensium,
3014 4981 3083 5020 ex
3117 4964 3343 5020 Adamo
3376 4965 3437 5020 in
3464 4964 3561 5020 lib.
3587 4980 3623 5029 I,
3654 4979 3803 5036 cap.

2140 5033 2232 5108 23,
2260 5035 2317 5088 in
2336 5050 2586 5108 quorum
2610 5033 2887 5108 honorem
2912 5036 3243 5108 cmnobium
3267 5041 3473 5108 postea
3495 5033 3811 5108 constituit

2143 5107 2202 5160 in
2226 5106 2443 5177 praedio
2466 5105 2841 5173 Itamsolano,
2865 5107 3019 5178 quod
3036 5106 3160 5162 Ikia
3179 5105 3454 5190 matrona
3471 5106 3581 5189 ipsi
3609 5108 3811 5189 tguli-

2143 5177 2327 5231 derat.
2360 5176 2517 5231 haud
2540 5175 2710 5231 longe
2741 5178 2813 5231 ab
2850 5178 3303 5231 Hammaburzo.
3330 5179 3629 5231 Reliquias
3646 5183 3808 5231 istas

2143 5177 2327 5245 derat,
2360 5177 2517 5232 haud
2540 5177 2710 5303 longg
2741 5178 2813 5233 ab
2850 5177 3303 5251 H’ammaburgo.
3330 5177 3629 5251 Reliquias
3646 5177 3808 5233 istas

2140 5248 2520 5332 Anscharius
2539 5249 2611 5329 ab
2676 5250 3221 5332 _bone‘acceperat‘,.
3242 5267 3359 5306 una
3382 5266 3527 5332 cum
3557 5265 3809 5332 corpore

2143 5319 2328 5395 sancti
2352 5319 2715 5395 Martiniani,
2727 5319 3067 5395 quod‘apud
3101 5321 3477 5395 Helingastad
3510 5319 3804 5395 reposuit;

2141 5396 2200 5467 et
2229 5390 2466 5446 cimiliis
2497 5390 2649 5467 beati
2684 5390 2969 5464 Remigii;
2988 5409 3117 5465 qua;
3147 5390 3300 5448 cum'
3320 5393 3548 5467 ingenti
3576 5390 3808 5450 honore

2142 5462 2363 5518 Bremaa
2392 5462 2661 5518 servavit.

2210 5534 2280 5606 (ε)
2304 5535 2362 5589 Id
2389 5550 2461 5588 an
2470 5550 2543 5606 no
2554 5534 2661 5589 845
2673 5537 2961 5606 reponunt
2971 5533 3224 5591 Annales
3236 5534 3560 5606 Fuldenses
3575 5538 3630 5590 et
3644 5533 3807 5591 Met-

2140 5605 2353 5677 tenSes,
2377 5605 2588 5663 rectius
2610 5605 2787 5681 quam
2806 5606 3069 5664 Adamus
3086 5612 3144 5664 et
3163 5605 3473 5665 Krantzius
3493 5623 3650 5664 anno
3662 5608 3803 5664 840.
