4102 6180
328 264 451 335 977

1950 261 2137 329 VITA

3632 262 3753 334 978

333 396 429 462 bis
445 398 1094 476 replicabatzrDominus
1116 399 1263 459 dedit
1286 399 1549 459 Dominus
1567 400 1821 467 abstulit;
1839 401 1983 458 sicut
2008 396 2066 466 Α
2096 397 2413 457 sacerdotis
2442 403 2587 458 tunc
2616 398 2762 460 inibi
2794 400 2993 460 deerat
3020 403 3356 476 praesentia;
3385 404 3524 479 quid
3557 390 3629 465 de
3660 409 3754 465 eo‘

330 494 563 551 Domino
606 492 839 564 placuit,
873 492 952 547 ita
995 491 1211 567 factum
1249 499 1327 549 est
1356 507 1371 547 :
1402 493 1476 548 sit
1518 507 1716 548 nomen
1766 492 1993 548 Domini

334 582 680 639 benedictum
708 580 824 650 (Job
854 599 893 649 ι,
926 582 1039 654 21).

330 698 667 755 Gauzbertus
725 713 761 753 α
810 698 1116 754 Sueom'bus
1173 706 1426 763 vexatur,
1485 698 1791 756 Nithardus
1841 698 1993 769 peri-

1070 788 1262 843 mitur.

403 894 495 949 23.
521 892 625 947 His
655 891 854 964 itaque
876 891 956 947 ita
976 893 1386 965 peractis,cnm
1407 894 1663 950 domnus
1684 894 1995 966 episcopus

333 998 469 1039 eum
497 980 623 1037 suis
645 980 705 1036 in
736 979 940 1038 multis
962 985 1116 1038 esset
1140 980 1431 1055 pressuris
1460 987 1517 1039 et
1537 981 1993 1050 calamitatibus,

332 1075 390 1127 et
419 1070 628 1126 fratres
657 1068 1127 1143 congregationis
1150 1072 1281 1142 ejus
1303 1088 1421 1127 una
1441 1089 1575 1127 eum
1600 1070 1994 1128 sanctissimis

334 1158 684 1233 pignoribus
703 1158 865 1215 varia
885 1157 1009 1215 loca
1034 1158 1452 1233 circumeundo
1474 1160 1588 1216 huc
1612 1159 1867 1233 illucque
1896 1177 1993 1215 va-

336 1250 698 1322 garentur,et
720 1264 1013 1321 nusquam
1035 1249 1308 1304 sederent
1324 1249 1533 1321 quieti;
1555 1250 1995 1322 praevalescente

341 1335 529 1410 iniqui
561 1334 993 1393 machinatione
1017 1336 1261 1409 contigit
1280 1338 1457 1394 etiam
1475 1337 1758 1394 diabolico
1780 1337 1995 1393 instin-

341 1429 532 1490 ctu,ut
560 1424 816 1498 populus
836 1426 1381 1494 Sueonnm,fervore
1411 1427 1518 1482 zeli
1550 1443 1998 1499 accensus,pr¢e-

262 1554 270 1560 -
339 1514 528 1570 fatum
559 1514 949 1570 Gauzbertnm
998 1514 1338 1587 episcopum
1392 1515 1674 1572 insidiose
1724 1515 1995 1588 persequi

336 1603 574 1675 ceperit
604 1620 618 1658 :
651 1603 987 1675 factumque
1016 1608 1124 1671 est,
1159 1609 1224 1659 ut
1253 1604 1326 1659 ad
1359 1604 1698 1672 domum,in
1732 1621 1848 1677 qua
1877 1621 1998 1665 ma-

337 1693 538 1760 nebat,
570 1691 851 1747 nnanima
880 1692 1263 1748 conventione
1295 1709 1431 1765 pars
1463 1694 1731 1765 quaedam
1771 1693 1992 1766 populi,

336 1780 1223 1853 causadireptionis,irruerit,et
1246 1786 1516 1854 nepotem
1534 1781 1769 1854 quidem
1786 1782 1995 1854 ipsius,
2027 1771 2074 1835 B

337 1869 691 1926 Nithardum
723 1868 978 1939 nomine,
1012 1868 1205 1942 gladio
1236 1870 1567 1942 peremerit,
1590 1874 1649 1926 et
1678 1870 1810 1926 odio
1841 1870 1999 1926 Chri-

324 1956 517 2015 ‘stiani
549 1957 806 2013 nominis
829 1974 1176 2030 percussum
1200 1958 1301 2015 Dei
1334 1959 1421 2030 (ut
1451 1958 1766 2031 credimus)
1790 1963 2001 2033 marty-

337 2062 464 2103 rem
495 2046 711 2101 fecerit.
748 2046 947 2118 Ipsum
978 2063 1111 2103 vero
1144 2063 1279 2102 cum
1313 2048 1534 2103 czeteris
1564 2047 1758 2115 sociis,
1792 2048 1892 2120 qni
1924 2048 1997 2103 si-

339 2134 463 2192 mul
495 2136 757 2201 aderant,
790 2134 1139 2208 ligaverunt,
1173 2140 1230 2191 et
1260 2134 1602 2208 diripientes
1635 2136 1833 2192 omnia
1870 2153 1996 2209 quze

338 2224 495 2297 apud
526 2240 624 2279 eos
656 2222 915 2279 invenire
946 2227 1283 2296 potuerunt,
1313 2225 1669 2281 contumelia
1699 2229 1758 2281 et
1788 2243 1996 2298 oppre-

336 2312 484 2368 briis
502 2312 740 2368 affectos
766 2328 801 2368 a
820 2311 1039 2368 finibus
1062 2313 1188 2368 suis
1218 2313 1593 2387 expulerunt;
1619 2315 1775 2386 quod
1798 2318 1996 2370 tamen

335 2418 453 2457 non
483 2400 640 2475 regio
664 2401 837 2473 jussu
874 2400 1236 2470 factum,sed
1270 2401 1537 2474 populari
1566 2406 1797 2459 tantum
1826 2420 1996 2459 cons-

342 2489 633 2562 piratione
661 2494 750 2546 est
782 2495 1200 2563 perpetratum.
1238 2491 1456 2546 Divinze
1493 2508 1627 2547 vero
1670 2491 1996 2564 majestatis

340 2578 663 2636 clementiae
686 2578 796 2635 hoc
820 2596 1192 2652 nequaquam
1218 2579 1472 2635 inultum
1496 2580 1655 2636 abire
1675 2598 1851 2654 passa
1866 2585 1956 2637 est
1980 2597 1992 2637 :

336 2668 441 2724 sed
457 2684 603 2740 pene
624 2683 828 2724 omnes
846 2667 943 2739 qui
968 2667 1557 2741 adfuere,quamlibet
1573 2669 1801 2725 diversa
1822 2670 1996 2725 modo

335 2756 399 2812 in
428 2773 605 2830 parvo
634 2760 896 2829 tempore
919 2756 1109 2829 puniti
1142 2763 1279 2813 sunt
1300 2774 1311 2813 :
1333 2758 1404 2813 de
1430 2757 1648 2829 quibus
1678 2756 1865 2813 multa
1880 2757 1995 2813 dici

337 2850 635 2919 poterant;
666 2846 766 2901 sed
799 2862 873 2901 ne
922 2845 1225 2902 fastidium
1278 2845 1611 2920 legentibus
1648 2846 1992 2914 inferamus,

338 2934 518 2991 unius
545 2937 775 2990 tantum
803 2934 1161 2991 mentionem
1189 2935 1525 2991 curavimus
1558 2935 1764 3003 facere,
1784 2940 1849 2991 ut
1879 2953 1997 3008 qua

336 3040 513 3098 pcena
542 3023 731 3079 caeteri
763 3023 1072 3080 evindieati
1105 3024 1343 3092 fuerint,
1363 3041 1430 3080 ex
1460 3024 1640 3097 hujus
1673 3024 1996 3098 perditione

339 3114 601 3187 patefiat.

870 3222 1105 3276 Sucones
1130 3223 1459 3293 puniuntur.

412 3328 504 3383 24.
536 3326 784 3392 Quidam
820 3344 1075 3400 namque
1104 3327 1164 3382 in
1194 3332 1350 3384 terra
1379 3327 1480 3383 illa
1517 3332 1725 3401 potens
1756 3329 1996 3399 exstitit,

343 3417 516 3488 cujus
549 3415 705 3472 filius
730 3415 788 3471 in
808 3417 1010 3473 eadem
1032 3416 1459 3489 conspiratione
1481 3434 1616 3473 cum
1634 3418 1766 3474 aliis
1788 3419 1996 3487 fuerat,

337 3508 399 3562 et
427 3522 554 3578 qum
594 3504 705 3560 sibi
737 3505 809 3560 de
839 3504 1044 3578 spoliis
1070 3504 1215 3560 inibi
1265 3506 1450 3577 captis
1500 3510 1902 3578 provenerant,
1938 3507 1999 3563 in

339 3595 586 3650 domum
619 3593 801 3666 patris
829 3593 920 3649 sui
953 3593 1220 3649 contulit.
1244 3595 1381 3650 Post
1404 3595 1557 3666 quod
1589 3594 1804 3650 factum
1827 3596 2000 3667 coepit

339 3681 677 3739 substantia
696 3682 853 3738 illius
874 3683 1150 3751 minui,et
1166 3700 1375 3756 pecora
1386 3700 1452 3739 ac
1466 3682 1692 3739 familia
1703 3683 1994 3757 deperire:

341 3771 471 3844 ipse
502 3787 732 3843 quoque
754 3770 912 3828 ﬁlius
947 3772 1141 3827 divina
1167 3771 1388 3827 ultione
1407 3788 1721 3844 percussus
1740 3772 1996 3829 interiit:

343 3859 451 3916 sed
483 3862 542 3915 et
568 3875 711 3914 uxor
740 3860 867 3931 ejus
898 3876 1033 3916 eum
1064 3859 1183 3916 filio
1215 3877 1281 3916 ac
1311 3859 1449 3926 tilia,
1465 3877 1581 3915 non
1610 3859 1796 3916 multo
1827 3862 2002 3917 inter-

334 3949 572 4022 jacente
623 3948 810 4020 spatio
857 3948 1022 4005 obiit.
1065 3949 1211 4005 Cum
1242 3948 1437 4021 itaque
1468 3966 1549 4015 se,
1583 3952 1821 4021 excepto
1877 3949 1998 4005 ﬁlio

338 4035 604 4110 parvulo,
637 4037 914 4094 omnibus
944 4036 1114 4094 bonis
1145 4038 1270 4094 suis
1299 4037 1711 4093 defraudatnm
1754 4038 1994 4107 videret,

339 4125 519 4202 erepit
545 4124 725 4181 miser
755 4126 1001 4182 deorum
1033 4127 1151 4183 iras
1180 4141 1577 4198 expavescere,
1603 4129 1660 4182 et
1683 4127 1840 4198 quod
1877 4126 1998 4182 base

341 4213 543 4270 omnia
572 4213 826 4288 alicujus
853 4215 954 4271 Dei
986 4216 1305 4272 offensione
1335 4219 1649 4288 pateretur,
1671 4220 1865 4272 mente
1886 4220 1998 4273 tra-

341 4303 674 4369 etavit.Qua
702 4303 773 4360 de
795 4304 1038 4372 re,sieut
1067 4305 1146 4360 ibi
1180 4304 1359 4361 moris
1390 4306 1831 4377 est,quemdam
1853 4304 1999 4361 adiit

339 4390 630 4460 divinum,
664 4408 902 4465 rogans,
935 4398 1001 4450 ut
1031 4395 1203 4466 cujus
1235 4394 1335 4450 Dei
1362 4394 1645 4450 offensam
1676 4394 2000 4461 haberet,et

341 4478 594 4553 qualiter
621 4497 754 4536 enm
787 4480 1016 4553 placere
1047 4483 1300 4549 deberet,
1338 4483 1449 4555 ipsi
1479 4481 1782 4538 indicaret.
1806 4484 1998 4557 Agens

337 4567 542 4640 itaque
571 4567 690 4639 ille,
722 4586 851 4642 quae
882 4571 1035 4627 circa
1066 4570 1291 4627 cultum
1321 4566 1664 4643 hujusmodi
1695 4572 2000 4627 observare

340 4654 591 4718 solebat,
621 4673 826 4714 omnes
855 4658 995 4715 deos
1044 4657 1279 4714 illorum
1328 4658 1445 4731 ipsi
1494 4658 1782 4730 placatos;
1812 4660 1996 4715 Deum

339 4760 480 4800 vero
500 4743 966 4803 Christianorum
992 4747 1077 4803 illi
1099 4747 1457 4804 omnimodis
1483 4747 1781 4803 infensum
1807 4765 1820 4802 :
1844 4747 2001 4803 Chri-

341 4834 493 4900 stus,
523 4831 733 4906 inquit,
766 4834 851 4891 sic
880 4839 935 4892 te
965 4835 1142 4892 habet
1167 4835 1492 4909 perditum;
1527 4839 1584 4891 et
1615 4835 1753 4907 quia
1779 4835 2000 4907 quodli-

342 4919 445 4977 bet
472 4935 696 4993 eorum,
729 4923 885 4996 quod
933 4923 1016 4980 illi
1049 4927 1456 4981 consecratum
1499 4924 1706 4989 fuerat,
1737 4924 1795 4979 in
1826 4926 1999 4980 domo

339 5011 447 5064 tua
474 5013 674 5066 manet
701 5011 1024 5080 conditum,
1047 5012 1177 5069 ideo
1198 5015 1494 5081 venerunt
1523 5029 1700 5084 super
1727 5017 1783 5068 te
1803 5014 2002 5069 omnia

343 5096 505 5154 mala
535 5098 676 5170 hac,
709 5117 837 5174 qum
868 5118 1081 5175 passus
1111 5118 1173 5157 es
1207 5119 1220 5156 :
1255 5118 1360 5157 nee
1388 5100 1606 5173 poteris
1638 5101 1709 5157 ab
1740 5101 1833 5157 his
1854 5101 1998 5159 libe-

345 5184 689 5255 rari,donee
716 5189 862 5246 illud
892 5190 952 5246 in
986 5190 1158 5246 domo
1189 5195 1291 5244 tua
1322 5189 1619 5246 manserit.
1638 5193 1755 5246 Hoc
1786 5189 1882 5246 ille
1905 5208 2001 5246 au-

343 5274 491 5343 dito,
507 5282 702 5334 mente
732 5282 1097 5352 pertractans
1119 5277 1373 5335 sollicita
1394 5278 1535 5350 quid
1560 5278 1700 5333 illud
1725 5295 1852 5334 esse
1874 5297 2002 5352 pos-

345 5368 457 5434 set,
492 5364 565 5422 de
595 5366 714 5424 filio
746 5386 852 5425 suo
882 5369 1223 5426 recordatus
1253 5371 1361 5433 est,
1396 5367 1549 5438 quod
1582 5382 1651 5422 ex
1681 5367 1883 5439 spoliis
1906 5386 2002 5425 su-

345 5453 632 5526 pradictis
659 5459 973 5529 quemdam
1000 5458 1215 5514 librum
1251 5457 1309 5511 in
1344 5456 1583 5511 domum
1616 5472 1783 5511 suam
1832 5460 2000 5516 adve-

348 5540 519 5601 xerit.
552 5544 674 5609 Qua
704 5545 776 5603 de
806 5564 865 5604 re
897 5548 1133 5605 horrore
1164 5545 1346 5608 nimio
1395 5538 1728 5618 percussus,
1762 5550 1818 5602 ct
1865 5549 2004 5622 quia
2034 5621 2037 5624 q

2099 491 2230 546 dem
2263 489 2412 547 libro
2439 492 2651 549 faceret
2681 492 3037 549 omnimodis
3067 494 3320 561 nescius,
3346 513 3547 553 secum
3578 496 3746 555 illum

2096 579 2329 655 longius
2362 581 2608 638 retinere
2639 582 2974 638 nullatenus
3003 598 3184 638 ausus
3213 587 3321 639 est.
3354 585 3616 643 Tandem
3656 588 3752 644 vix

2100 674 2326 742 reperto
2352 670 2615 738 consilio,
2652 671 2711 726 in
2742 678 3059 744 conspectu
3108 688 3243 727 eum
3296 674 3516 745 pepuli,
3547 677 3647 747 qui
3688 677 3750 733 in

2100 760 2303 815 eadem
2329 759 2467 815 villa
2496 761 2787 829 manebat,
2804 760 3023 827 attulit,
3040 763 3098 816 et
3117 778 3243 833 quas
3267 778 3478 834 passus
3499 764 3757 832 sit,retu-

2100 848 2183 905 lit.
2204 849 2468 920 Cumque
2498 865 2559 905 se
2581 866 2786 905 omnes
2816 849 3050 922 ignaros
3081 849 3309 905 consilii
3343 868 3521 924 super
3551 852 3659 909 hac
3693 871 3754 909 re

2102 938 2380 1008 dicerent,
2413 943 2472 994 et
2500 938 2615 994 tale
2645 938 2866 1011 aliquid
2919 939 2978 994 in
3027 939 3201 994 domo
3243 956 3354 995 sua
3384 941 3637 1013 recipere
3665 942 3753 997 vel

2102 1027 2317 1083 habere
2366 1027 2867 1100 pertimescerent;
2901 1029 3025 1100 ipse
3074 1044 3208 1083 eum
3254 1028 3479 1085 diutius
3509 1031 3663 1101 apud
3693 1047 3754 1086 se

2103 1116 2351 1172 retinere
2363 1117 2531 1173 obstn
2541 1116 3050 1189 peseens,honeste
3063 1117 3450 1190 compositum
3466 1118 3537 1173 ad
3554 1136 3757 1191 quam-

2103 1205 2240 1261 dam
2263 1203 2464 1278 ligavit
2485 1222 2721 1277 saepem,
2743 1205 3098 1262 denuntians
3121 1209 3185 1261 ut
3205 1206 3542 1279 quicunque
3562 1207 3754 1274 vellet,

2103 1308 2239 1349 eum
2271 1294 2405 1350 inde
2438 1298 2714 1361 sumeret,
2749 1298 2805 1351 et
2832 1312 2936 1367 pro
2967 1299 3129 1350 reatu
3162 1295 3479 1350 commisso
3510 1296 3755 1352 Domino

2102 1382 2240 1439 Jesn
2254 1383 2482 1440 Christo
2499 1383 2887 1440 voluntariam
2906 1382 3363 1440 satisfactionem
3384 1384 3557 1440 vovit.
3574 1385 3755 1449 Quem

2104 1471 2322 1527 librum
2354 1473 2593 1545 quidam
2626 1472 3089 1529 Christianorum
3119 1472 3654 1529 exindesnblatum
3694 1474 3755 1529 in

2104 1577 2213 1618 sua
2243 1562 2470 1618 advexit
2499 1563 2777 1631 domo,ex
2804 1564 2975 1633 cujus
3004 1579 3103 1618 ore
3133 1562 3310 1617 etiam
3340 1562 3455 1618 ista
3485 1562 3753 1635 cognovi-

2107 1667 2239 1707 mus
2264 1668 2276 1705 :
2306 1651 2403 1723 qni
2438 1654 2636 1724 postea
2666 1669 2889 1724 magna:
2922 1651 3055 1708 fidei
3085 1656 3142 1707 et
3167 1650 3487 1708 devotionis
3511 1652 3752 1720 exstitit,

2105 1738 2186 1794 ita
2217 1744 2280 1794 ut
2313 1739 2572 1811 psalmos
2603 1741 2759 1812 apud
2794 1757 2898 1796 nos
2932 1744 3134 1813 postea
3155 1741 3494 1797 memoriter
3514 1741 3640 1797 sine
3665 1740 3759 1797 lit-

2108 1828 2249 1883 teris
2280 1827 2568 1884 didicerit.
2600 1828 2819 1884 Taliter
2844 1847 2980 1903 ergo
3030 1833 3087 1884 et
3136 1829 3346 1896 caeteri,
3381 1829 3500 1886 sive
3546 1833 3753 1898 morte,

2107 1916 2225 1971 sive
2258 1921 2437 1989 peste,
2461 1920 2517 1971 et
2546 1917 2760 1971 damno
2793 1932 2988 1971 rerum
3019 1934 3259 1972 suarum
3286 1917 3475 1989 puniti
3499 1922 3665 1986 sunt;
3701 1922 3757 1974 et

2105 2003 2330 2076 liquido
2363 2004 2638 2060 omnibus
2670 2003 3033 2076 patuit,quia
3061 2004 3162 2076 qui
3196 2009 3468 2060 sanetum
3495 2006 3595 2060 Dei
3620 2023 3758 2077 pon-

2104 2093 2319 2148 tiﬁcem
2351 2098 2411 2149 et
2438 2110 2577 2149 suos
2608 2092 2912 2149 inhoneste
2938 2096 3185 2149 tractare
3224 2097 3281 2149 et
3331 2092 3581 2164 spoliare
3612 2112 3754 2165 prae-

2106 2185 2498 2254 sumpserant,
2523 2180 2933 2254 gravissimam
2960 2181 3192 2237 Domini
3217 2182 3399 2237 nostri
3429 2183 3568 2238 Jesn
3599 2181 3756 2237 Chri-

2106 2270 2181 2325 sti
2212 2270 2505 2327 senserint
2530 2270 2833 2327 ultionem.

2104 2392 2235 2443 Post
2290 2403 2460 2444 annos
2510 2396 2712 2459 septem
2762 2387 3093 2457 Ardgarium
3147 2388 3217 2444 ad
3271 2377 3359 2445 eos
3401 2390 3577 2444 mittit
3621 2391 3763 2463 Aus-

2810 2478 3051 2533 citerius.

2176 2585 2264 2638 25.
2300 2584 2437 2638 Post
2468 2582 2586 2638 haec
2615 2582 2813 2655 itaque
2844 2582 3008 2638 locus
3037 2582 3135 2639 ille
3166 2588 3391 2656 septem
3424 2584 3541 2640 fere
3589 2583 3762 2642 annis

2105 2672 2232 2728 sine
2263 2672 2608 2728 sacerdotali
2641 2671 2753 2726 fuit
2772 2671 3114 2743 praesentia:
3136 2689 3238 2744 pro
3265 2688 3382 2743 qua
3413 2689 3472 2726 re
3504 2673 3759 2728 domnus

2104 2765 2161 2817 et
2190 2764 2388 2832 pastor
2416 2765 2615 2815 noster
2642 2759 3002 2815 Anscharins
3029 2759 3209 2815 nimio
3255 2776 3501 2816 mcerore
3548 2760 3756 2816 anxius

2103 2848 2441 2905 Christianas
2472 2847 2772 2922 religionis
2802 2849 2978 2905 fidem
3009 2849 3089 2904 ibi
3122 2852 3373 2922 emptam
3405 2848 3593 2921 perire
3637 2865 3755 2906 non

2103 2938 2408 3006 suﬂ'erens,
2431 2942 2488 2994 et
2518 2937 2771 2995 maxime
2803 2955 2905 3010 pro
2936 2937 3055 2993 ﬁlio
3087 2954 3195 2994 suo
3227 2955 3400 3010 quem
3431 2954 3612 3010 supra
3631 2955 3759 2994 me-

2103 3027 2478 3096 moravimus,
2499 3026 2791 3100 Herigario
2823 3025 3483 3099 condolens,qnemdam
3505 3027 3755 3084 anacho-

1995 3125 2064 3206 ’ρ
2100 3121 2306 3185 ratam,
2338 3116 2686 3206 Ardgarinm
2717 3115 3116 3206 noniine,illas
3146 3116 3206 3171 in
3239 3120 3432 3206 partes
3457 3115 3756 3206 direxit,et

2108 3210 2172 3262 ut
2195 3204 2508 3278 apeeialius
2531 3205 2721 3261 eidem
2752 3206 2820 3262 ad
2832 3205 3073 3260 haereret
3096 3204 3385 3277 praecepit.
3403 3205 3533 3276 Ipse
3556 3204 3756 3277 itaque

2106 3312 2172 3351 eo
2203 3293 2810 3361 adveniens,olﬁciose
2838 3299 3149 3366 snsneptns
3179 3298 3268 3349 est
3313 3294 3386 3348 ab
3433 3292 3561 3366 ipso
3591 3293 3758 3349 Heri-

2106 3383 2291 3455 gario,
2316 3387 2373 3438 et
2398 3382 2747 3437 Christianis
2781 3381 2882 3453 qui
2915 3381 2995 3437 ibi
3030 3382 3294 3450 aderant,
3321 3398 3604 3454 magnum
3637 3399 3759 3439 suae

2108 3471 2425 3543 praesentiae
2457 3471 2722 3527 exhibuit
2769 3470 3070 3543 gaudium.
3102 3475 3551 3543 Cmperuntqne,
3585 3470 3760 3527 sicuti

2108 3561 2297 3633 primo
2328 3561 2602 3627 fecerant,
2624 3578 2693 3615 ea
2722 3576 2850 3631 quae
2868 3561 2979 3615 Dei
3011 3565 3169 3629 sunt,
3186 3560 3387 3616 devote
3409 3576 3687 3631 quaerere,
3705 3563 3763 3616 et

2106 3650 2283 3706 ritum
2303 3648 2758 3706 Christianitatis
2778 3648 3004 3705 lubenti
3035 3650 3231 3704 animo
3261 3649 3762 3706 enstodire.Nemo

2108 3756 2341 3811 quoque
2370 3737 2708 3795 incredulus
2738 3739 2867 3810 ejus
2898 3737 3324 3811 praedicationis
3370 3739 3624 3794 audebat
3668 3755 3765 3794 re-

2107 3827 2333 3895 sistere,
2354 3827 2493 3899 quia
2522 3844 2639 3899 qua
2664 3844 2835 3899 poena
2864 3826 3129 3883 mulctati
3159 3826 3527 3900 fuerant,qui
3560 3844 3757 3883 servos

2107 3914 2210 3970 Dei
2257 3914 2391 3970 inde
2439 3915 2800 3987 expulerant,
2844 3920 3038 3971 mente
3088 3916 3297 3987 pavida
3344 3916 3756 3972 meminerant.

2107 4002 2481 4075 suggestione
2502 4019 2734 4074 quoque
2758 4003 2978 4074 praefati
3004 4003 3470 4075 Herigarii,regis
3493 4004 3593 4075 qui
3621 4008 3762 4061 tunc

2105 4097 2230 4148 erat
2254 4093 2429 4162 jussu
2456 4095 2513 4147 et
2540 4090 2794 4157 licentia,
2828 4091 3059 4162 publice
3098 4090 3272 4162 ccepit
3321 4090 3416 4147 Dei
3466 4091 3759 4147 celebrare

2108 4181 2406 4253 mysteria.
2430 4180 2537 4246 Qui
2568 4178 2834 4235 videlicet
2862 4178 3246 4235 fidelissimus
3276 4179 3363 4234 vir
3394 4178 3752 4251 Herigarius,

2106 4273 2366 4341 tempore
2398 4286 2510 4342 quo
2542 4266 2921 4324 sacerdotalis
2946 4268 3024 4324 ibi
3047 4268 3257 4323 deerat.
3274 4266 3763 4341 przesentia,mul-

2104 4362 2165 4414 ta
2187 4359 2259 4414 ab
2290 4357 2629 4414 inﬁdelibus
2661 4355 2945 4413 sustinuit
2974 4355 3288 4431 cpprobria
3311 4374 3323 4412 :
3350 4357 3450 4413 sed
3478 4354 3761 4429 largiente

2105 4446 2301 4503 divina
2331 4447 2541 4520 gratia,
2575 4446 2761 4519 signis
2795 4445 3129 4502 caelestibus
3158 4447 3286 4517 ejus
3321 4444 3595 4519 petitione
3614 4462 3762 4501 verte

2033 4509 2075 4573 θ
2108 4536 2243 4591 fidei
2273 4509 2565 4591 declarata
2592 4509 2732 4590 sunt
2759 4535 3161 4608 prieeonia.Ex
3185 4509 3516 4607 quibusmt
3544 4534 3762 4607 promi-

2108 4624 2317 4691 simus,
2349 4624 2547 4697 aliqna
2577 4623 2669 4679 hic
2700 4623 3045 4680 interserere
3077 4624 3433 4693 curavimus,
3467 4640 3582 4696 quo
3637 4624 3766 4695 ejus

2107 4714 2241 4770 ﬁdei
2274 4712 2523 4769 invictus
2554 4712 2879 4768 declaretur
2906 4712 3162 4768 animus.

2179 4821 2577 4891 Hertgariuset
2606 4821 2722 4891 ipse
2746 4820 2924 4875 multa
2948 4836 3163 4892 passus,
3181 4826 3371 4893 patrat
3399 4819 3689 4875 miracula.

2177 4929 2270 4985 26.
2304 4928 2563 4992 Quadam
2586 4944 2838 4998 namque
2860 4927 2980 4983 vice
2999 4927 3124 5000 ipse
3146 4927 3204 4983 in
3236 4926 3494 4999 quodam
3520 4926 3763 4982 sedebat

2112 5015 2341 5088 placito,
2376 5030 2549 5070 scena
2578 5013 2639 5068 in
2671 5031 2875 5087 eampo
2908 5016 2978 5071 ad
3012 5014 3371 5088 colloquium
3404 5018 3608 5087 parata
3631 5032 3644 5070 :
3670 5013 3751 5087 ibi

2109 5120 2242 5159 eum
2276 5104 2427 5158 inter
2448 5102 2931 5159 aliasloentiones
2956 5102 3040 5158 illi
3062 5105 3201 5160 deos
3231 5120 3370 5160 suos
3394 5102 3758 5168 laudassent,

2110 5209 2359 5265 quorum
2394 5192 2583 5246 favore
2614 5209 2892 5263 prospera
2923 5193 3037 5248 sibi
3072 5193 3259 5249 multa
3290 5190 3680 5266 provenirent,
3712 5197 3772 5250 et

2108 5281 2388 5353 illi,qnod
2422 5280 2584 5336 solus
2617 5297 2651 5335 a
2685 5282 2980 5335 consortio
3007 5285 3271 5338 omnium
3296 5282 3457 5337 inani
3482 5282 3596 5337 fide
3618 5283 3779 5340 aber.

2112 5374 2286 5440 raret,
2317 5369 2806 5441 imprcperarent;
2840 5369 2987 5440 ipse,
3014 5376 3081 5427 ut
3110 5376 3235 5427 erat
3265 5372 3481 5443 spiritu
3515 5372 3771 5437 fervens,

2110 5458 2483 5532 respondisse
2535 5457 2748 5512 dicitur
2776 5474 2787 5511 :
2813 5458 2868 5511 Si
2917 5463 3079 5514 tanta
3110 5465 3199 5515 est
3221 5460 3291 5515 de
3333 5459 3530 5515 divina
3561 5460 3771 5529 majes-

2118 5553 2239 5605 tate
2273 5545 2739 5618 dubietas,qnod
2768 5549 2964 5604 tamen
2985 5549 3233 5606 dubium
3262 5565 3391 5606 esse
3421 5547 3581 5604 nullo
3602 5547 3773 5613 modo
