4026 6180
247 304 361 369 981

1860 307 2045 372 VITA

3538 308 3660 378 982

246 456 353 527 nes
385 426 700 515 perterriti,
731 442 789 498 et
818 437 959 515 quid
1006 443 1245 516 agerent
1291 439 1493 506 nescii.
1543 439 1899 499 unanimiter
1924 444 1980 511 Α
2012 440 2167 499 ultra
2195 440 2487 505 culturam
2520 434 2985 521 superstitiosam
3009 463 3283 520 quaerere,
3306 452 3363 506 et
3383 446 3541 507 inani
3559 467 3656 508 sa-

245 532 681 611 responderunt
712 549 726 587 :
754 530 926 588 Salus
957 535 1160 588 nostra
1188 535 1246 588 et
1275 532 1587 589 consilium
1614 533 1691 588 sit
1710 532 1770 587 in
1798 534 1903 611 tua

236 608 683 689 deliberatione,
716 623 775 676 et
805 610 1091 693 quidquid
1140 621 1309 678 nobis
1357 621 1745 696 suggesseris,
1778 608 1901 677 sine

239 709 425 767 dubio
450 709 752 766 faciemus.
769 709 991 773 Quibus
1010 708 1107 765 ille
1124 727 1137 766 :
1160 710 1217 766 Si
1230 710 1601 783 ,inquit,vota
1617 710 1903 783 spondere

198 838 213 844 -
238 797 443 865 vultis,
462 801 663 854 vovete
693 799 750 853 et
772 797 996 853 reddite
1028 798 1415 871 omnipotenti
1438 799 1555 855 Deo
1579 800 1675 871 qui
1701 802 1904 871 regnat

236 887 299 943 in
327 885 512 957 caelis,
530 890 588 942 et
606 885 700 942 cui
724 902 830 959 ego
861 886 920 941 in
952 887 1309 943 conscientia
1344 905 1492 959 pura
1516 891 1573 943 et
1602 888 1714 942 ﬁde
1746 890 1903 942 recta

240 974 529 1033 deservio.
568 962 705 1048 Ipse
746 974 1012 1031 omnium
1044 975 1330 1032 Dominus
1353 980 1479 1044 est;
1514 975 1573 1030 in
1604 974 1901 1031 voluntate

237 1066 371 1143 ejus
401 1064 603 1120 omnia
632 1067 773 1120 sunt
802 1063 1010 1136 posita,
1036 1080 1139 1120 nec
1161 1065 1369 1139 estqui
1391 1065 1518 1136 ejus
1544 1064 1751 1120 ditioni
1773 1079 1907 1137 pos-

240 1155 324 1211 sit
346 1152 639 1211 resistere.
671 1152 732 1209 Si
763 1152 961 1231 itaque
989 1153 1118 1224 ejus
1148 1152 1433 1208 auxilium
1460 1158 1581 1208 toto
1611 1154 1781 1208 corde
1810 1168 1905 1227 pe-

239 1241 977 1314 tieritis,omnipotentiam
1009 1241 1196 1315 ipsius
1226 1242 1390 1297 vobis
1422 1259 1536 1297 non
1567 1241 1899 1297 defuturam

240 1331 532 1389 sentietis.
560 1331 811 1405 Accepto
837 1328 1017 1403 igitur
1046 1331 1118 1386 ab
1148 1346 1214 1385 eo
1244 1328 1509 1400 consilio,
1526 1333 1667 1386 tunc
1699 1332 1904 1386 unani-

241 1437 373 1477 mes
401 1423 460 1475 et
487 1418 796 1475 voluntarii
834 1422 1134 1485 exeuntes,
1168 1419 1319 1473 sicut
1348 1417 1427 1474 ibi
1458 1419 1900 1475 consuetudinis

240 1512 389 1577 erat,
434 1508 496 1564 in
540 1524 837 1580 campum,
870 1524 976 1580 pro
1004 1506 1347 1563 liberatione
1378 1508 1490 1563 sibi
1514 1508 1811 1580 jejunium
1845 1513 1903 1565 et

236 1596 645 1669 eleemosynas
674 1596 922 1652 Domino
952 1595 1183 1653 Christo
1214 1597 1586 1653 devoverunt.

434 1725 553 1792 Quo,
578 1722 721 1793 [acto
752 1720 1063 1776 liberantur
1089 1719 1158 1777 ab
1188 1720 1422 1776 hostium
1453 1722 1696 1776 incursu.

309 1849 403 1904 30.
433 1812 668 1905 Interim
698 1862 797 1902 rex
821 1846 1097 1919 praefatus
1127 1861 1261 1903 cum
1292 1827 1472 1901 Dahis
1502 1861 1672 1918 agere
1701 1847 1895 1918 carpit,

2006 1801 2357 1873 Frideburgis
2388 1806 2445 1859 in
2470 1805 2575 1875 ﬁde
2601 1822 2629 1861 ο

237 1940 310 2005 ut
330 1939 486 1993 sorte
508 1933 910 2008 perquirerent
930 1937 1129 1991 utrum
1151 1933 1448 1989 voluntate
1466 1934 1711 1990 deorum
1733 1934 1896 1992 locus

237 2026 369 2098 ipse
398 2024 472 2091 ab
493 2023 579 2081 eis
599 2020 995 2087 devastandus
1014 2025 1188 2077 esset.
1215 2020 1403 2089 Multi,
1423 2022 1634 2093 inquit,
1655 2022 1735 2087 dii
1758 2028 1897 2081 sunt

234 2112 321 2173 ibi
351 2114 637 2185 potentes,
663 2110 741 2167 ibi
764 2111 944 2169 etiam
974 2109 1220 2167 ecclesia
1249 2109 1389 2166 olim
1417 2114 1753 2167 constructa
1781 2116 1891 2181 est,

236 2206 297 2273 et
323 2200 557 2265 cultura
585 2197 800 2259 Christi
833 2216 868 2259 a
897 2198 1100 2257 multis
1121 2198 1468 2255 Christianis
1487 2197 1569 2254 ibi
1590 2200 1890 2270 excolitur,

239 2290 345 2364 qui
371 2286 730 2349 fortissimus
752 2290 843 2350 est
860 2287 1125 2354 deorum,
1145 2290 1202 2344 et
1222 2292 1426 2359 potens
1444 2288 1814 2361 sperantibus
1831 2288 1892 2344 in

238 2395 324 2446 se,
350 2392 703 2450 quocunque
732 2376 905 2431 modo
933 2374 1059 2431 vult
1086 2375 1725 2434 auxiliari.Necessario
1754 2394 1891 2451 ergo

238 2465 623 2540 querendum
652 2468 760 2529 est,
788 2468 986 2527 utrum
1017 2464 1215 2527 divina
1238 2465 1311 2520 ad
1342 2464 1451 2521 hoc
1479 2465 1778 2522 voluntate
1807 2466 1893 2522 in-

234 2553 519 2619 citemini.
544 2554 707 2621 Quod
739 2552 1004 2626 illi,quia
1032 2553 1116 2608 sic
1145 2554 1301 2626 apud
1331 2569 1429 2610 eos
1461 2553 1607 2609 mori
1638 2559 1892 2621 erat,ue-

234 2660 538 2719 quaquam
568 2644 823 2699 abnuere
876 2646 1209 2715 potuerunt.
1244 2642 1562 2709 Quaesitum
1591 2647 1682 2699 est
1710 2642 1891 2716 igitur

230 2733 588 2801 sortibus,et
607 2731 909 2797 inventum
927 2731 1082 2803 quod
1100 2747 1236 2795 cum
1254 2747 1363 2789 sua
1377 2730 1486 2787 hoc
1502 2732 1887 2807 prosperitate

228 2836 608 2894 nequaquam
640 2820 913 2891 perficere
943 2824 1201 2891 possent,
1234 2835 1422 2891 neque
1466 2819 1658 2876 locum
1690 2820 1885 2891 ipsum

227 2928 436 2979 eorum
464 2908 882 2982 deprzedationi
912 2926 947 2964 a
965 2909 1083 2971 Deo
1105 2925 1467 2965 concessum.
1495 2910 1711 2966 Iterum
1733 2927 1887 2981 qua:-

230 3000 416 3071 eitum
435 3001 542 3069 est,
558 2998 618 3053 in
640 3013 818 3069 quam
841 3001 1068 3077 partem
1091 2997 1228 3053 ituri
1245 2997 1565 3062 essent,ubi
1584 2996 1697 3052 sibi
1718 3014 1887 3069 pecu-

230 3090 396 3156 niam
427 3087 815 3160 acquirerent,
848 3101 921 3141 ne
943 3101 1093 3142 vana
1121 3101 1225 3157 spe
1257 3085 1519 3141 frustrati
1549 3086 1621 3142 ad
1649 3100 1757 3142 sua
1786 3104 1883 3143 va-

234 3180 330 3237 cui
363 3179 708 3233 remearent.
741 3173 956 3240 Cecidit
984 3191 1132 3241 sors,
1165 3174 1319 3246 quod
1350 3174 1420 3229 ad
1453 3174 1658 3230 urbem
1686 3191 1886 3247 quam-
1916 3178 1959 3245 α

236 3269 375 3333 dam
405 3263 639 3340 longius
663 3264 798 3320 inde
827 3263 1080 3335 positam
1112 3262 1171 3317 in
1203 3262 1421 3318 ﬁnibus
1446 3262 1783 3319 Sclavorum
1806 3264 1891 3321 ire

236 3342 538 3414 deberent;
571 3354 689 3419 Hoc
717 3369 855 3425 ergo
885 3350 1029 3408 Dani
1087 3350 1368 3407 divinitus
1398 3351 1509 3406 sibi
1541 3350 1891 3424 imperatum

231 3446 565 3511 credentes,
598 3460 634 3498 a
653 3441 779 3497 loco
810 3442 1132 3497 memorato
1164 3444 1560 3507 recesserunt;
1585 3440 1656 3495 ad
1687 3442 1889 3498 urbem

232 3535 435 3608 ipsam
466 3532 687 3588 directo
730 3530 936 3587 itinere
967 3531 1370 3602 properarunt,
1400 3528 1686 3585 irruentes
1716 3547 1894 3603 super

231 3623 472 3700 quietos
489 3624 546 3676 et
561 3636 763 3677 secure
783 3618 1138 3689 habitantes,
1157 3618 1472 3690 improvise
1500 3616 1663 3674 illam
1686 3620 1891 3675 urbem

230 3710 427 3779 armis
456 3711 752 3781 ceperunt,
785 3710 841 3763 et
871 3706 1057 3779 captis
1086 3706 1145 3761 in
1176 3724 1244 3762 ea
1273 3705 1478 3779 spoliis
1507 3724 1570 3763 ac
1600 3707 1893 3764 thesauris

231 3781 472 3869 inultis,
492 3797 561 3852 ad
591 3813 701 3852 sua
731 3796 944 3852 reversi
976 3798 1131 3852 sunt.
1150 3795 1268 3851 Rex
1286 3810 1420 3850 vero
1442 3794 1558 3863 ille,
1574 3797 1674 3867 qui
1699 3797 1771 3851 ad
1793 3812 1893 3853 eos

224 3868 587 3961 praedandos
616 3887 877 3956 venerat,
908 3899 1049 3956 pace
1081 3899 1216 3939 cum
1245 3882 1331 3938 eis
1363 3882 1658 3945 foederata,
1686 3899 1891 3955 argen-

224 3980 364 4051 tum
396 3975 554 4047 quod
583 3973 656 4029 ab
678 3973 764 4030 eis
783 3975 1103 4044 acceperat,
1127 3969 1402 4040 reddidit,
1421 3974 1480 4026 et
1500 3971 1653 4042 apud
1675 3987 1774 4026 eos
1796 3970 1895 4025 ali-

229 4062 504 4141 quandiu
536 4060 769 4133 resedit,
801 4059 1001 4125 volens
1031 4058 1189 4133 genti
1220 4075 1339 4114 suae
1369 4057 1749 4114 reconciliari.
1771 4059 1891 4115 Sic-

229 4169 353 4227 que
381 4150 616 4210 Domini
649 4149 857 4223 gratia,
883 4152 1120 4221 propter
1148 4148 1324 4203 fidem
1357 4147 1507 4203 servi
1539 4146 1630 4203 sui
1661 4147 1896 4221 Heriga-

230 4238 634 4315 rii,populum
666 4238 827 4306 illius
855 4236 966 4293 loci
998 4236 1070 4293 ab
1090 4236 1348 4292 hostium
1373 4235 1612 4292 incursu
1635 4235 1894 4296 liberans

228 4329 415 4395 bonis
450 4329 575 4385 suis
600 4326 881 4384 restituit.

231 4445 573 4515 Herigariu:
603 4441 811 4499 incolas
862 4440 1115 4515 hortatur
1136 4444 1205 4515 at
1236 4440 1448 4497 Christo
1477 4441 1736 4511 credant;
1767 4442 1895 4498 dein

881 4513 973 4585 pie
999 4513 1254 4568 moritur.

310 4631 405 4685 31.
438 4629 561 4693 Quo
592 4626 744 4683 facto
774 4626 899 4699 ipse
927 4625 989 4681 in
1033 4630 1322 4681 conventu
1371 4626 1604 4698 publico
1633 4628 1898 4684 eamdem

229 4736 370 4778 rem
401 4715 725 4790 proposuit,
749 4718 807 4773 et
835 4719 900 4769 ut
927 4714 1061 4787 quis
1090 4714 1245 4771 Deus
1274 4718 1448 4783 esset,
1468 4715 1749 4771 intentius
1774 4734 1900 4789 pro-

229 4808 510 4865 viderent
539 4802 789 4873 monuit,
811 4803 1010 4859 dicens
1036 4821 1049 4859 :
1074 4803 1197 4859 Heu
1229 4804 1449 4871 miseri,
1473 4803 1562 4860 vel
1586 4806 1711 4877 jam
1744 4823 1899 4861 nunc

226 4886 574 4968 intelligite,
609 4892 765 4965 quod
795 4908 1011 4956 vanum
1043 4891 1122 4947 sit
1150 4908 1184 4947 a
1212 4892 1579 4949 daamonibus
1617 4893 1899 4949 auxilium

230 4980 571 5061 petere,qui
588 4999 702 5038 non
722 4983 971 5055 possunt
985 4980 1043 5036 in
1061 4980 1541 5038 tribulationibus
1558 4982 1864 5039 subvenire
1884 4981 1897 5037 l

229 5062 538 5145 Suscipite
567 5071 742 5127 ﬁdem
768 5069 1001 5126 Domini
1022 5069 1137 5126 mei
1156 5069 1293 5126 Jesu
1324 5070 1745 5144 Christi,quem
1773 5088 1901 5144 pro-

232 5160 438 5231 hastis
448 5159 850 5231 verumDeum
862 5158 1117 5230 esse,qui
1133 5158 1296 5215 vobis
1308 5158 1539 5215 nullum
1556 5160 1907 5216 habentibus

232 5238 549 5329 refugium
581 5241 705 5317 suae
732 5246 1127 5333 miserationis
1160 5248 1366 5304 tribuit
1397 5248 1698 5305 auxilium.
1722 5249 1909 5305 Nolite

326 5449 409 5515 (a)
439 5444 606 5501 Hunc
627 5444 820 5501 locum
840 5458 944 5516 pro
966 5440 1174 5516 viatico
1199 5444 1309 5516 sub
1334 5447 1580 5515 utraque
1601 5444 1793 5516 specie
1814 5462 1913 5502 no-

241 5513 468 5576 tavi'in
499 5513 1071 5590 prafationejsgeculi
1092 5514 1270 5590 tartii,
1301 5531 1463 5570 num.
1485 5513 1585 5590 '7_5.
1618 5513 1808 5590 Longe
1839 5518 1911 5572 ab

242 5590 444 5663 hujus
456 5585 735 5646 matronis
747 5585 1029 5660 religione
1040 5585 1368 5644 defecerant
1381 5585 1590 5644 seculo
1607 5585 1913 5644 undecimo

2011 532 2226 588 criﬁcio
2239 533 2567 592 idolavobis
2582 535 3052 608 placare.Verum
3066 538 3374 614 Deum,qui
3389 538 3653 598 omnium

2012 638 2136 693 quas
2164 621 2221 677 in
2253 623 2411 680 ccelis
2441 628 2497 679 et
2526 625 2585 680 in
2616 625 2785 681 terris
2817 631 2975 694 sunt,
3009 626 3364 695 dominatur,
3389 628 3584 698 colite,
3602 634 3660 687 et

2011 709 2123 782 ipsi
2141 727 2242 766 vos
2260 712 2531 784 subjicite
2553 732 2565 782 ;
2587 714 2775 786 ipsius
2797 715 3283 787 omnipotentiam
3302 716 3664 774 adorate.De-

2012 798 2187 870 nique
2220 804 2351 872 post
2377 801 2515 867 haec,
2549 806 2709 858 tanto
2740 802 2983 858 alacrior
3012 807 3230 875 quanto
3261 805 3663 876 frequentibus

2011 886 2242 943 Domini
2276 889 2573 946 beneﬁciis
2605 892 2663 945 in
2709 892 2823 946 ﬁde
2857 891 3151 947 robustior
3180 893 3387 966 factus,
3434 893 3663 966 publice

2011 975 2345 1050 ubicunque
2401 980 2619 1046 aderat,
2681 981 2893 1051 partim
2957 979 3321 1047 exsultando,
3387 981 3661 1038 virtutem

2010 1062 2242 1119 Domini
2272 1070 2329 1121 et
2358 1067 2488 1123 ﬁdei
2520 1067 2770 1140 gratiam
2799 1069 3026 1124 cunctis
3076 1068 3404 1125 nuntiabat.
3452 1069 3661 1143 Sicque

2011 1151 2228 1209 bonum
2247 1159 2539 1212 certamen
2561 1162 2749 1228 usque
2766 1158 2836 1212 ad
2860 1157 3036 1212 ﬁnem
3064 1174 3181 1213 sua:
3202 1157 3471 1230 perduxit
3491 1158 3620 1213 vitae
3642 1176 3655 1214 :

2010 1248 2532 1317 consummatoque
2560 1244 2697 1300 boni
2729 1246 2921 1318 operis
2952 1245 3446 1319 cursu,languore
3472 1246 3660 1319 ingra-

2009 1337 2295 1401 vescente,
2329 1337 2555 1389 astante
2586 1335 2713 1406 jam
2745 1335 2898 1391 dicto
2929 1334 3213 1408 Ardgario
3244 1336 3540 1391 sacerdote
3572 1334 3657 1395 di-
3722 1392 3725 1395 ,

2008 1420 2153 1475 vinas
2185 1424 2630 1479 commendatus
2661 1423 3001 1491 clementiae,
3034 1423 3447 1480 communione
3491 1441 3658 1481 sacra

2008 1513 2297 1581 percepta,
2318 1510 2632 1567 feliciterin
2652 1512 2881 1568 Christo
2898 1512 3042 1568 obiit
3063 1530 3075 1567 :
3098 1513 3167 1569 de
3184 1514 3352 1585 cujus
3370 1512 3503 1569 ﬁdei
3527 1528 3659 1568 con-

2009 1598 2227 1653 stantia
2256 1598 2441 1654 multa
2470 1600 2663 1656 adhuc
2694 1600 2807 1656 dici
2838 1604 3135 1673 poterant;
3166 1602 3265 1658 sed
3299 1602 3438 1674 quia
3467 1601 3653 1657 brevi-

2007 1687 2112 1741 tati
2144 1688 2498 1757 studuimus,
2528 1689 2649 1745 haec
2680 1690 2836 1745 dicta
2864 1690 3179 1745 sufﬁciant.

2631 1813 2868 1889 ansatus,
2890 1807 3083 1861 vinum
3106 1807 3165 1861 in
3193 1807 3455 1863 viaticum
3484 1823 3653 1884 reseis

2660 1885 2783 1932 vari
2809 1885 2984 1932 curat.

2074 1990 2163 2043 32.
2182 1988 2303 2045 Illis
2321 2007 2553 2063 quoque
2568 1989 2926 2064 temporibus
2944 1993 3098 2063 apud
3112 2009 3212 2048 eos
3224 1997 3490 2049 matrona
3501 2012 3655 2066 (ιυωτ

2003 2077 2140 2131 dam
2172 2077 2283 2133 fuit
2311 2078 2477 2134 valde
2506 2078 2797 2150 religiosa,
2830 2097 3008 2152 quam
3039 2080 3203 2137 nulla
3248 2098 3510 2153 unquam
3542 2083 3651 2139 im-

2004 2167 2320 2239 proborum
2370 2167 2722 2239 perversitas
2755 2185 2788 2223 a
2818 2168 2953 2224 ﬁdei
2983 2186 3102 2224 suis
3136 2171 3481 2227 rectitudine
3519 2190 3653 2244 per-

2002 2259 2224 2311 vertere
2255 2254 2461 2328 potuit.
2490 2256 2595 2311 Cui
2626 2256 2958 2328 frequenter
2987 2258 3044 2313 in
3077 2275 3428 2331 quacunque
3459 2277 3656 2318 neces-

2002 2344 2173 2399 sitate
2222 2345 2443 2416 positae,
2495 2348 2560 2399 ut
2607 2362 2768 2401 more
2816 2363 3017 2402 eorum
3070 2347 3241 2403 idolis
3280 2348 3651 2416 sacriﬁcaret,

2001 2437 2346 2505 suggestum
2373 2437 2489 2500 est;
2523 2433 2623 2489 sed
2653 2432 2753 2488 illa
2782 2433 3099 2489 immobilis
3130 2436 3265 2492 ﬁdei
3298 2454 3417 2517 sua:
3450 2439 3652 2496 munia

2000 2537 2118 2577 non
2150 2520 2407 2593 reliquit,
2420 2537 2639 2576 vanum
2661 2537 2787 2578 esse
2814 2522 3034 2591 dicens,
3058 2541 3092 2579 a
3118 2524 3450 2582 simulacris
3471 2527 3653 2584 mutis

1998 2615 2055 2683 et
2078 2609 2274 2664 surdis
2303 2608 2586 2665 auxilium
2619 2626 2897 2681 quarere,
2922 2615 2979 2666 et
3008 2611 3396 2669 abominabile
3426 2614 3539 2670 sibi
3571 2616 3652 2671 vi-

1996 2696 2139 2765 deri,
2156 2701 2221 2752 ut
2241 2697 2335 2753 his
2355 2696 2569 2769 quibus
2589 2695 2651 2752 in
2671 2697 2963 2768 baptismo
2984 2699 3434 2766 renuntiaverat,
3454 2701 3648 2760 denuo‘

1996 2783 2318 2841 intenderet
2337 2805 2349 2853 ;
2368 2789 2425 2841 et
2440 2786 2817 2858 sponsionem
2835 2803 3011 2858 quam
3028 2786 3256 2843 Christo
3273 2787 3643 2859 promiserat,

1996 2872 2239 2930 falleret.
2259 2874 2319 2931 Si
2344 2874 2521 2940 enim,
2536 2873 2745 2946 inquit,
2766 2874 2988 2930 malum
3010 2880 3099 2931 est
3116 2874 3458 2933 hominibus
3477 2893 3642 2934 men-

1994 2963 2110 3028 tiri,
2143 2967 2363 3035 quanto
2394 2963 2583 3036 magis
2627 2968 2740 3018 Deo
2762 2963 2790 3018 ?
2819 2967 2874 3018 et
2905 2963 2953 3020 si
2987 2964 3208 3019 bonum
3238 2968 3328 3021 est
3364 2965 3517 3021 inter
3544 2966 3651 3023 ho-

1993 3052 2184 3107 mines
2196 3052 2371 3106 ﬁdem
2383 3055 2892 3123 constare,quanto
2907 3051 3093 3124 magis
3106 3053 3209 3124 qui
3221 3054 3398 3110 ﬁdem
3411 3054 3647 3123 Domini

1998 3140 2209 3212 accipit
2238 3139 2575 3196 nullatenus
2597 3141 2768 3196 debet
2788 3141 2862 3196 ab
2883 3156 2947 3196 ea
2974 3139 3321 3198 immutari?
3340 3142 3646 3213 Dominus,

2000 3228 2386 3301 inquit,meus
2406 3229 2578 3285 Jesus
2600 3228 2865 3284 Christus
2884 3229 3253 3301 omnipotens
3273 3235 3382 3286 est.
3397 3231 3525 3303 Ipse
3545 3232 3651 3289 mi-

2000 3317 2139 3389 hi,si
2155 3318 2215 3373 in
2238 3318 2287 3389 ej
2297 3335 2367 3372 us
2380 3318 2493 3373 fide
2504 3323 3025 3389 perseveravero,et
3036 3318 3346 3375 sanitatem
3356 3359 3370 3385 ,
3384 3320 3652 3376 etomnla

2001 3406 2140 3479 quib
2149 3423 2216 3462 us
2226 3406 2347 3461 indi
2354 3410 2836 3479 guero,prazstare
2848 3407 3365 3479 poterit.Przedicta
3380 3407 3654 3480 religiosa

2000 3496 2238 3559 femina,
2270 3494 2590 3567 Frideburg
2614 3494 2869 3562 nomine,
2898 3496 2958 3549 in
2988 3495 3245 3552 bonitate
3274 3495 3404 3552 vitea
3429 3500 3488 3552 et
3514 3497 3653 3553 fidei

1999 3583 2329 3640 constantia
2344 3583 2676 3650 laudabilis,
2691 3582 2815 3639 dies
2834 3583 2961 3638 vitae
2979 3601 3097 3640 suae
3119 3601 3306 3656 usque
3323 3585 3395 3641 ad
3418 3589 3655 3658 tempus

2000 3673 2274 3746 produxit
2305 3672 2637 3728 senectutis.
2679 3673 2823 3727 Cum
2846 3673 2973 3743 jam
3004 3673 3500 3746 appropinquaret
3528 3673 3653 3731 dies

2001 3761 2209 3817 mortis
2226 3778 2366 3827 suae,
2382 3764 2440 3816 et
2456 3765 2589 3832 post
2602 3759 2928 3816 discessum
2945 3761 3167 3816 domini
3182 3761 3438 3819 Simonis
3451 3762 3659 3821 nullus

2000 3852 2141 3905 tunc
2195 3848 2273 3904 ibi
2322 3850 2556 3905 adesset
2603 3850 2915 3917 sacerdos;
2950 3849 3080 3922 ipsa
3124 3867 3320 3907 amore
3360 3853 3652 3922 sacriﬁcii,

2002 3938 2157 4008 quod
2188 3936 2453 3992 audierat
2480 3937 2756 3991 viaticum
2791 3936 2869 4008 (a)
2899 3953 3027 3993 esse
3064 3937 3552 4009 Christianorum,
3583 3942 3663 3997 de

2000 4024 2135 4078 vino
2165 4021 2598 4094 aliquantulum
2640 4022 2699 4077 in
2734 4023 2988 4093 quodam
3037 4024 3170 4079 fecit
3221 4027 3503 4081 reservari
3554 4044 3667 4083 va--

2002 4111 2186 4179 sculo,
2202 4115 2261 4167 et
2280 4109 2411 4165 ﬁliae
2432 4126 2548 4166 suae
2571 4110 2629 4164 in
2655 4110 2770 4165 ﬁde
2790 4110 3233 4177 commendans,
3258 4117 3323 4166 ut
3342 4113 3391 4166 si
3419 4114 3653 4183 quando

2001 4201 2053 4256 ei
2076 4198 2352 4255 ultimum
2374 4202 2608 4270 tempus
2628 4198 2891 4265 instaret,
2906 4199 2977 4254 de
2998 4198 3125 4270 ipso
3145 4198 3301 4268 vino,
3317 4198 3661 4270 quia'sacri-‘

2002 4289 2200 4345 ﬁcium
2235 4304 2345 4343 non
2368 4286 2643 4355 habebat,
2666 4286 2718 4342 ei
2743 4286 2803 4341 in
2828 4303 2894 4341 os
2916 4285 3299 4342 distillaretur
3321 4304 3335 4343 :
3360 4291 3426 4342 ut
3452 4287 3539 4343 vel
3570 4287 3665 4344 sic!

2004 4376 2233 4434 Domini
2252 4374 2449 4448 gratia:
2467 4375 2688 4430 exitum
2706 4391 2881 4431 suum
2902 4374 3356 4430 commendaret.
3377 4373 3526 4431 Illud
3550 4376 3655 4432 ita-

2006 4482 2117 4539 que
2140 4466 2343 4519 vinum
2375 4463 2562 4519 tribus
2593 4465 2708 4519 fere
2730 4462 2899 4519 annis
2920 4463 3072 4534 apud
3095 4478 3223 4518 eam
3245 4466 3656 4520 conservatum

1925 4545 1973 4609 Ι)
2007 4559 2125 4621 est;
2155 4554 2353 4624 sicque
2382 4551 2622 4624 contigit
2652 4550 2789 4607 illuc
2820 4551 3163 4623 praadictum
3195 4552 3541 4608 adventasse
3560 4569 3663 4609 sa-

2010 4642 2300 4700 cerdotem
2329 4639 2698 4712 Ardgarium.
2719 4641 2841 4706 Quo
2870 4638 2952 4695 ibi
2984 4640 3195 4712 posito,
3229 4640 3381 4713 ipsa,
3399 4640 3665 4713 quandiu

2006 4732 2157 4787 vires
2191 4728 2415 4796 habuit,
2451 4728 2752 4801 religionis
2803 4745 2923 4783 suae
2972 4729 3336 4785 devotionem
3384 4728 3667 4796 exercuit,

2007 4818 2323 4874 missarum
2347 4815 2631 4871 solemnia
2650 4819 2706 4870 et
2727 4814 3008 4872 salutaria
3030 4816 3254 4873 monita
3276 4814 3480 4873 sedulo
3501 4817 3573 4871 ab
3596 4832 3664 4872 eo

2007 4904 2338 4977 exquirens.
2371 4903 2589 4959 Verum
2623 4904 2774 4959 inter
2805 4904 2947 4975 haec,
2972 4904 3252 4977 languore
3284 4921 3346 4960 se
3376 4920 3666 4977 praeoccu-

2008 4998 2204 5068 pante,
2227 4992 2400 5066 cmpit
2419 4992 2704 5048 inﬁrmari
2729 5011 2740 5048 :
2767 4991 3015 5048 sollicita
3035 4993 3105 5048 de
3128 4993 3289 5049 obitu
3318 5010 3425 5049 suo
3451 5009 3670 5050 memo-

2014 5089 2205 5140 ratum
2230 5083 2300 5139 ad
2332 5099 2394 5138 se
2425 5081 2693 5138 accersiri
2724 5081 2860 5137 fecit
2891 5080 3319 5153 presbyterum,
3349 5086 3406 5138 et
3435 5087 3668 5156 accepto

2016 5175 2086 5229 de
2115 5173 2243 5243 ejus
2273 5188 2452 5227 manu
2498 5169 2705 5226 viatico
2753 5173 2971 5243 optato,
3007 5169 3254 5227 feliciter
3296 5171 3568 5244 migravit
3596 5173 3670 5228 ad

2017 5261 2353 5317 Dominum.

2022 5456 2290 5513 Frisones
2322 5453 2582 5527 quidam,
2616 5469 2763 5525 quos
2792 5452 3109 5527 Aquaticos
3141 5458 3309 5512 vocat
3337 5455 3675 5514 Baldericus

2022 5528 2081 5582 in
2112 5523 2380 5583 Chroniéi
2412 5523 2983 5582 Cameracensis'lib.
3019 5543 3103 5597 III,
3138 5543 3263 5600 cap.
3296 5530 3384 5583 22.
