4102 6180
465 269 584 345 983
1164 282 1190 316 ⁸

1375 272 1436 336 S.
1485 272 1903 335 ANSClIARIl
1948 266 2564 333 HAMBURGENSIS
2610 268 2962 334 EPISCOPI

3699 277 3794 339 984

468 407 570 468 Res
605 421 734 461 suas
758 405 1091 478 pauperibus
1119 406 1379 462 distribui
1397 407 1572 480 jubet.
1605 408 1754 463 Filia
1782 407 1897 479 ejus
1929 406 1986 462 id
2014 422 2112 462 em-
2145 406 2199 475 Α
2230 401 2434 460 Ιίῐειῐ-ἱω
2465 415 2640 476 quam
2672 407 2842 459 antea
2889 403 3132 461 duxerat
3177 401 3300 460 vita
3348 404 3418 460 ab
3451 403 3559 462 illis
3583 409 3801 480 partibus

821 486 1074 550 sequente
1090 480 1330 550 pecunia
1355 495 1464 534 non
1495 478 1767 534 decrescit.

539 566 627 621 33.
659 567 789 638 Ipsa
816 583 949 622 vero
971 565 1350 639 eleemosynis
1376 567 1595 622 intenta
1619 583 1866 639 semper,
1887 567 2026 637 quia
2055 566 2112 620 in

469 653 664 711 saeculi
696 655 870 710 rebus
900 654 1060 710 dives
1089 659 1230 719 erat,
1267 655 1393 709 ﬁliae
1427 673 1544 709 sua:
1577 656 1860 727 prazdietze
1897 654 2114 709 Cathlze

468 743 705 798 nomine
726 743 1078 814 injunxerat,
1095 747 1156 797 ut
1183 749 1314 815 post
1338 760 1511 798 suum
1535 761 1602 798 ex
1625 744 1731 798 hac
1754 743 1882 798 luce
1904 743 2118 798 disces-

467 849 622 897 sum,
656 837 864 887 cuncta
895 849 1020 904 quae
1054 831 1210 886 illius
1233 836 1415 898 erant,
1437 832 1494 886 in
1518 849 1803 904 pauperes
1824 833 2121 903 dispensa-

469 924 574 976 ret.
607 922 678 975 Et
706 920 844 992 quia
875 920 968 975 hic
999 937 1284 992 pauperes
1314 921 1511 975 minus
1542 921 1952 976 inveniuntur:
1989 921 2123 976 Post

469 1008 1161 1080 obitum,inquit,meum,
1179 1026 1312 1064 cum
1330 1008 1431 1064 tibi
1451 1010 1705 1080 primum
1719 1009 2121 1082 opportunitas

471 1097 744 1163 evenerit,
773 1097 1023 1152 venditis
1055 1098 1350 1163 omnibus,
1374 1114 1501 1169 quae
1521 1098 1616 1153 hic
1639 1098 1976 1171 dispensata
2008 1115 2123 1153 non

475 1185 711 1249 fuerint,
732 1203 900 1242 sume
930 1191 1119 1242 tecum
1147 1189 1474 1260 argentum,
1494 1190 1550 1241 et
1568 1187 1710 1243 vade
1733 1187 2082 1243 Dorstadum
2111 1203 2123 1252 ;

482 1275 561 1329 ibi
594 1278 733 1330 sunt
763 1274 1016 1330 ecclesia:
1048 1276 1309 1348 plurima:
1341 1280 1397 1331 et
1443 1277 1770 1332 sacerdotes
1813 1294 1879 1332 ac
1910 1276 2125 1356 clerici:

471 1364 550 1419 ibi
569 1363 965 1436 indigentium
989 1363 1327 1420 multitudo.
1347 1364 1448 1420 Illo
1467 1365 1797 1432 adveniens,
1815 1382 2006 1437 quaere
2028 1364 2128 1437 qu1

473 1457 529 1509 te
559 1454 806 1509 doceant
835 1452 1038 1508 ﬁdeles
1061 1455 1353 1525 quomodo
1376 1471 1442 1509 ea
1463 1454 1786 1527 dispenses,
1803 1459 1859 1510 et
1880 1471 1981 1526 pro
2004 1454 2128 1510 ani-

475 1559 582 1598 mae
615 1559 756 1597 mea:
787 1542 1042 1598 remedio
1091 1544 1288 1597 omnia
1318 1543 1625 1600 distribue.
1661 1545 1792 1599 Post
1825 1560 2130 1599 excessum

472 1632 675 1702 itaque
707 1631 934 1698 matris,
968 1630 1088 1686 filia
1118 1648 1243 1703 qua:
1276 1636 1462 1688 mater
1483 1633 2131 1704 jusserat,strenue'ad-

471 1718 738 1791 implevit
767 1738 778 1774 :
809 1723 1156 1792 arreptoque
1189 1720 1391 1777 itinere
1423 1723 1761 1794 perveniens
1793 1723 1864 1776 ad
1897 1723 2130 1776 Dorsta-

469 1809 633 1875 dum,
660 1807 959 1880 religiosas
989 1808 1301 1879 exquisivit
1332 1808 1412 1864 ibi
1450 1811 1715 1876 feminas,
1742 1827 1869 1881 quae
1891 1827 2024 1864 cum
2057 1826 2124 1864 ea

474 1895 601 1953 loca
631 1901 833 1953 sancta
871 1896 1202 1963 circuirent,
1237 1901 1294 1952 et
1339 1898 1478 1968 quid
1527 1899 1736 1969 cuique
1783 1899 2122 1970 dispensare

472 1986 727 2049 deberet,
747 2000 874 2040 eam
908 1985 1284 2039 instruerent.
1311 1986 1452 2040 Cum
1485 1987 1736 2058 quadam
1767 1988 1861 2042 die
1888 1988 2123 2058 dispen-

474 2073 642 2138 sandi
669 2071 993 2127 causaloca
1024 2077 1227 2128 sancta
1257 2075 1592 2141 circuirent,
1612 2081 1669 2131 et
1702 2076 2120 2146 medietasjam

473 2161 785 2216 distributa
804 2160 1129 2227 esset,dixit
1151 2161 1322 2218 sociis
1346 2164 1500 2218 suis:
1522 2165 1684 2219 Nunc
1707 2164 1876 2221 lassa:
1893 2182 2121 2232 sumus,

473 2248 685 2306 melius
715 2253 802 2304 est
845 2252 910 2303 ut
938 2249 1160 2321 aliquid
1196 2252 1267 2306 de
1296 2252 1429 2307 vino
1460 2258 1708 2324 ematur,
1743 2257 1806 2308 ut
1838 2253 2124 2308 refocille-

475 2357 628 2412 mur,
661 2343 718 2394 et
749 2339 832 2393 sic
864 2339 1105 2393 demum
1137 2344 1325 2412 empta
1354 2358 1722 2414 peragamus.
1758 2342 1917 2396 Datis
1950 2343 2128 2413 igitur

473 2428 544 2483 ad
577 2427 686 2482 hoc
712 2429 962 2498 quatuor
991 2427 1265 2494 denariis,
1289 2431 1347 2482 et
1376 2429 1596 2484 viribus
1624 2431 2121 2503 resumptis,quod

471 2531 694 2587 cmpere
718 2519 1095 2587 peregerunt;
1117 2516 1331 2587 quibus
1350 2517 1674 2589 completis,
1691 2519 1818 2590 ipsa
1841 2521 1910 2574 ad
1935 2519 2127 2592 hospi-

471 2603 619 2658 tium
639 2620 813 2659 suum
834 2604 1085 2672 rediens,
1104 2621 1360 2669 saccum,
1380 2604 1440 2660 in
1461 2623 1574 2677 quo
1593 2612 1896 2679 argentum
1919 2609 2124 2674 fuerat,

473 2692 532 2746 in
553 2693 807 2764 quodam
822 2691 947 2746 loco
960 2709 1209 2747 vacuum
1227 2693 1423 2765 posuit
1440 2713 1452 2749 :
1470 2695 1569 2750 sed
1585 2693 2130 2769 largientesuperno

471 2796 716 2836 munere
733 2781 924 2835 denuo
943 2779 1136 2851 ipsum
1155 2780 1347 2836 locum
1369 2783 1751 2848 adiens,sicut
1770 2790 1903 2840 ante
1922 2787 2110 2842 fuerat

472 2867 713 2942 plenum
745 2868 998 2924 invenit:
1033 2886 1159 2940 quae
1190 2874 1349 2926 tanto
1383 2872 1782 2943 obstupefacto
1816 2861 2132 2957 miraculo:

473 2957 674 3012 ascitis
704 2958 776 3012 ad
809 2974 870 3012 se
892 2958 1126 3012 feminis
1157 2976 1282 3031 quae
1316 2977 1514 3015 secum
1547 2961 1709 3033 prius
1742 2962 1944 3030 ierant,
1970 2966 2126 3036 quod

474 3043 586 3100 sibi
635 3046 956 3118 contigerat
1005 3047 1278 3116 ostendit,
1321 3065 1514 3104 coram
1549 3049 1764 3121 quibus
1815 3052 1954 3124 quid
1989 3054 2130 3108 inibi

2225 509 2520 564 egressus,
2557 491 2748 546 locum
2782 507 2956 547 suum
2990 493 3457 565 repetiit;sicque
3484 495 3649 551 denuo
3674 498 3803 556 Chri-

2240 580 2412 637 stiani
2428 580 2570 635 inibi
2585 580 2755 652 positi
2769 581 3112 636 sacerdotali
3126 585 3260 636 sunt
3274 583 3562 655 prasentia
3571 586 3806 643 destituti.

2242 671 2427 736 Quare
2450 669 2758 724 manifesto
2785 669 2974 741 patuit
2997 669 3229 735 indicio,
3248 671 3396 742 quod
3417 672 3484 726 ad
3499 676 3807 730 corroboran'

2234 759 2375 813 dum
2399 757 2573 813 ﬁdem
2597 758 2816 829 praefati
2843 757 2948 811 viri
2972 758 3270 830 Herigarii,
3287 776 3498 814 necnon
3520 764 3807 833 supradicta

2229 850 2527 913 matrona),
2554 837 2884 918 pariterque
2915 853 2978 900 ut
3011 847 3230 901 exitum
3259 863 3452 902 eorum
3481 849 3662 904 divinae
3690 867 3810 906 com-

2232 935 2534 990 mendaret
2547 934 2952 996 clementiaz.et
2963 935 3119 1007 quod
3138 934 3376 991 ﬁdeliter
3389 936 3808 1006 desideraverant,

2234 1022 2577 1095 mysterium
2600 1022 2868 1078 videlicet
2891 1041 3066 1078 sacrae
3089 1023 3631 1096 communionis,pro
3649 1026 3809 1084 ultimo

2233 1111 2438 1166 viatico
2455 1111 2836 1184 perciperent,
2849 1112 2977 1183 jam
2995 1111 3190 1168 dictus
3206 1113 3541 1170 anachoreta
3554 1115 3810 1188 Ardgarius

2237 1201 2307 1255 ad
2337 1199 2467 1255 illas
2500 1205 2694 1272 partes
2724 1201 3054 1257 destinatus
3087 1202 3280 1258 fuerit.

2239 1308 2505 1362 Ludovico
2534 1309 2637 1363 Pio
2667 1316 2878 1363 mortuo
2899 1309 3234 1364 Anscharius
3255 1309 3409 1364 rebus
3427 1313 3712 1366 necessariis
3731 1312 3815 1368 des-

2652 1381 2891 1446 tituitur.
2923 1381 3201 1436 Deseritur
3227 1397 3261 1435 a
3288 1382 3462 1436 sociis.

2309 1486 2396 1538 35.
2429 1484 2647 1539 Verum
2676 1484 2828 1539 inter
2855 1485 2975 1539 haec
3005 1485 3277 1557 superius
3306 1485 3816 1558 comprehensa,con-

2239 1571 2371 1643 tigit
2387 1573 2548 1627 bona:
2562 1573 2856 1628 memoriae
2876 1573 3234 1630 Ludovicum
3254 1575 3666 1631 serenissimum
3682 1575 3820 1648 impe-

2241 1666 2489 1716 ratorem
2522 1661 2716 1715 divino
2757 1662 3064 1718 ordinante
3087 1661 3314 1732 judicio
3346 1663 3459 1718 vita
3487 1664 3721 1735 praesenti
3745 1665 3817 1718 de-

2241 1748 2507 1804 cessisse.
2544 1749 2676 1804 Post
2706 1750 2878 1820 cujus
2903 1751 3125 1806 obitum
3159 1768 3295 1806 cum
3323 1751 3392 1806 de
3421 1752 3568 1824 regni
3595 1752 3818 1807 divisione

2237 1853 2449 1908 magna
2488 1837 2651 1892 fieret
2697 1839 3077 1907 perturbatio,
3127 1838 3380 1910 pastoris
3427 1857 3640 1912 quoque
3680 1843 3818 1896 nostri

2231 1924 2546 1996 aliquando
2578 1924 2910 1981 labefactari
2944 1929 3114 2000 ccepit
3147 1927 3381 2000 legatio.
3417 1928 3551 1984 Nam
3579 1947 3692 1984 cum
3713 1929 3822 1984 cella

2233 2015 2567 2084 supradicta
2598 2015 2811 2070 Turbolt
2843 2016 2899 2070 in
2929 2021 3151 2087 partem
3177 2016 3449 2072 cessisset
3478 2018 3744 2072 venerandi
3762 2035 3822 2072 re-

2233 2101 2322 2172 gis
2353 2102 2565 2169 Caroli,
2587 2103 2709 2174 ipse
2735 2120 2861 2157 eam
2894 2122 2927 2159 a
2957 2103 3189 2160 servitio
3223 2105 3378 2177 quod
3412 2110 3562 2176 pater
3589 2122 3712 2160 suus
3735 2105 3823 2159 dis-

2235 2196 2524 2261 posuerat.
2547 2193 2796 2258 amovit;
2823 2197 2880 2246 et
2903 2194 3065 2247 vobis
3100 2194 3250 2250 bene
3281 2194 3504 2266 cognito
3533 2193 3674 2248 dedit
3693 2193 3824 2265 Hegi-

2235 2279 2417 2334 nario.
2449 2279 2553 2334 Pro
2575 2297 2692 2350 qua
2709 2297 2766 2335 re
2785 2297 2918 2336 cum
2940 2298 2972 2335 a
2994 2281 3280 2337 fratribus
3303 2280 3423 2337 suis
3444 2281 3817 2352 gloriosissimis

2236 2368 2490 2438 regibus,
2513 2373 2570 2422 et
2599 2386 2632 2422 a
2662 2368 2866 2423 multis
2894 2385 3126 2441 quoque
3159 2369 3296 2424 aliis
3327 2371 3532 2442 saepius
3559 2370 3732 2424 fuisset
3749 2370 3822 2422 ad-

2237 2457 2590 2522 monitus,ot
2609 2457 2734 2529 ipse
2765 2475 2968 2514 eorum
2993 2459 3264 2530 petitioni
3289 2458 3607 2515 nullatenus
3636 2459 3824 2514 assenti-

2237 2549 2340 2611 ret,
2351 2545 2476 2615 jam
2499 2545 2692 2601 dictus
2715 2547 2884 2601 Pater
2914 2552 3110 2602 noster
3140 2551 3285 2602 tunc
3306 2548 3475 2620 coepit
3500 2548 3648 2602 atteri
3677 2561 3825 2600 neces-

2238 2633 2508 2690 sitatibus
2539 2639 2596 2689 et
2625 2635 2982 2707 indigentiis.
3018 2635 3180 2692 Unde
3210 2637 3475 2708 contigit,
3514 2641 3569 2690 ut
3593 2639 3641 2691 et
3666 2636 3823 2690 fratres

2239 2723 2412 2777 vestri
2446 2723 2544 2795 qui
2579 2727 2714 2778 tunc
2745 2725 2880 2778 cum
2913 2741 2978 2780 eo
3009 2723 3102 2779 hic
3133 2725 3398 2792 aderant,
3416 2725 3484 2778 ad
3514 2728 3730 2779 vestram
3758 2739 3821 2776 so-

2240 2809 2505 2865 cietatem
2540 2811 2846 2878 redierint;
2871 2816 2928 2866 et
2957 2812 3125 2867 multi
3157 2830 3393 2885 quoque
3423 2812 3518 2868 alii
3541 2829 3694 2868 causa
3718 2827 3821 2882 pau-

2239 2898 2479 2969 pertatis
2509 2915 2644 2954 eum
2668 2900 3104 2972 dereliquerint.
3122 2905 3257 2972 Ipse
3283 2907 3504 2957 tantum
3526 2917 3644 2956 cum
3665 2898 3816 2971 paucis

2241 2987 2340 3058 qui
2372 3004 2504 3042 cum
2537 3004 2602 3043 eo
2633 2989 3038 3056 substiterant,
3064 2994 3241 3062 prout
3272 2994 3510 3062 poterat,
3543 3006 3597 3044 se
3622 2989 3787 3061 agebat
3806 3004 3820 3040 :~

2241 3080 2297 3130 et
2349 3075 2481 3132 licet
2510 3075 2568 3130 in
2595 3080 2934 3148 paupertate
2965 3078 3202 3150 degens,
3256 3079 3576 3151 injunctum
3604 3077 3695 3133 sibi
3721 3076 3818 3131 offi-

389 3154 392 3156 ·
474 3139 630 3217 esset
659 3137 1025 3206 computans,
1058 3140 1291 3191 tantum
1320 3136 1546 3194 invenit
1576 3143 1862 3211 quantum
1897 3141 1995 3196 illo
2027 3144 2128 3197 ad—
2169 3139 2211 3204 C
2243 3164 2396 3219 cium
2430 3136 2799 3238 nequgquam
2828 3136 3088 3222 desere};
3117 3136 3323 3224 voiuit:

475 3215 660 3289 duxit,
685 3223 938 3294 exceptis
969 3228 1220 3294 quatuor
1245 3225 1520 3282 denariis.
1547 3227 1799 3284 Consilio
1834 3230 2029 3302 itaque
2057 3234 2128 3286 ab

476 3312 561 3368 eis
593 3316 849 3384 accepto,
871 3312 971 3367 ivit
997 3313 1067 3367 ad
1100 3314 1434 3370 sacerdotes
1465 3316 1564 3386 qui
1600 3316 1678 3370 ibi
1709 3317 2128 3388 probabiliores

471 3401 840 3467 videbantur,
874 3405 932 3456 et
979 3402 1175 3472 ipsum
1209 3402 1560 3458 miraculum
1592 3405 1677 3460 eis
1706 3405 1983 3463 innotuit.
2019 3410 2124 3474 Qui

472 3490 722 3561 gratiam
754 3489 857 3545 Dei
891 3507 992 3561 pro
1013 3495 1176 3545 tanta
1197 3491 1325 3561 ejus
1347 3491 1602 3548 bonitate
1623 3492 1948 3560 laudantes,
1973 3499 2125 3568 quod

468 3578 598 3648 ejus
620 3577 804 3633 labori
823 3594 888 3633 ac
905 3579 1066 3632 bona
1084 3578 1676 3636 intentioniDominus
1692 3598 1758 3636 ea
1775 3585 2106 3640 retribuerit

472 3665 850 3720 intimabant.
871 3665 1014 3729 Quia
1037 3682 1192 3734 cum,
1208 3667 1502 3737 inquiunt,
1521 3670 1689 3722 matri
1714 3674 1825 3723 tua:
1848 3673 2125 3729 obediens

463 3751 647 3816 fuisti,
679 3756 738 3807 et
765 3753 939 3806 fidem
970 3757 1134 3806 tuam
1167 3755 1321 3808 circa
1370 3771 1498 3809 eam
1532 3755 1820 3812 illibatam
1855 3762 2122 3837 servasti,

465 3843 522 3894 et
566 3837 965 3910 eleemosynas
1017 3838 1178 3893 illius
1225 3844 1460 3896 strenue
1511 3843 1788 3916 implesti,
1840 3847 2125 3906 Dominus

461 3926 728 3982 omnium
761 3926 1047 3982 bonorum
1101 3927 1416 3984 retributor
1466 3947 1569 4002 pro
1615 3935 1980 3992 necessitatis
2011 3942 2123 3994 tuae

461 4014 968 4108 subsidioistatibi
983 4016 1245 4108 contulit,
1271 4017 1395 4108 ipse
1409 4021 2116 4108 estomnibussufticiens,

459 4103 682 4160 nullius
713 4103 932 4176 indiget
957 4123 969 4159 :
996 4105 1121 4176 ipse
1143 4107 1343 4160 omnia
1366 4125 1493 4179 quae
1518 4127 1620 4180 pro
1649 4111 1776 4181 ejus
1808 4103 2122 4172 distributa

459 4192 676 4249 fuerint
730 4193 987 4260 nomine,
1023 4192 1081 4247 in
1133 4194 1349 4250 caelesti
1404 4213 1582 4268 regno
1633 4204 2116 4274 recompensabit.

458 4281 620 4345 Quod
651 4280 732 4336 ita
760 4298 888 4337 esse
921 4298 993 4336 ne
1040 4281 1236 4354 aliquo
1285 4284 1459 4339 modo
1507 4285 1831 4355 dubitares,
1863 4295 1919 4344 et
1966 4309 2038 4348 ne
2067 4297 2121 4348 te

459 4386 672 4425 census
702 4371 821 4425 dati
849 4370 1184 4426 distributio
1216 4371 1541 4442 paeniteret,
1565 4373 1673 4430 hoc
1695 4381 1749 4431 te
1772 4377 1924 4434 Deus
1949 4381 2122 4436 mira-

458 4457 588 4513 culo
619 4458 934 4513 certiflcare
965 4457 1242 4530 dignatus
1290 4463 1398 4514 est.
1433 4461 1550 4516 Hoc
1576 4463 1701 4532 jam
1738 4465 1926 4538 signo,
1959 4471 2113 4540 quod

457 4549 645 4601 mater
672 4549 774 4600 tua
799 4563 932 4600 cum
955 4546 1203 4602 Domino
1223 4547 1383 4603 salva
1404 4549 1499 4616 sit,
1521 4550 1766 4608 firmiter
1783 4556 1981 4611 crede:
2006 4557 2115 4612 hoc

455 4633 738 4691 miraculo
764 4635 1080 4704 admonita,
1101 4639 1164 4691 tu
1196 4653 1426 4708 quoque
1458 4654 1562 4710 pro
1589 4639 1818 4697 Christo
1849 4647 1950 4700 tua
1970 4646 2107 4702 dare

455 4739 527 4779 ne
557 4723 846 4780 timueris.

654 4830 953 4903 Ardgarius
979 4847 1009 4887 e
1036 4831 1233 4887 Sueeia
1267 4833 1410 4888 redit
1439 4834 1499 4888 in
1527 4835 1899 4893 solitudinem.

521 4936 610 4991 34.
645 4937 827 5010 Igitur
869 4943 1000 5010 post
1042 4954 1346 5038 excessum
1384 4939 1664 5038 praedicti
1691 4941 1793 4997 viri
1827 4944 2110 5038 Herigarii

445 5023 570 5093 jam
601 5030 959 5082 memoratus
991 5027 1262 5083 sacerdos
1294 5027 1394 5083 Dei
1421 5028 1762 5102 Ardgarius,
1796 5050 1993 5090 amore
2023 5023 2109 5096 so:

523 5182 687 5268 (a)‘Id
711 5185 1024 5268 contigisse
1041 5203 1196 5268 anno
1215 5186 1322 5268 $49
1338 5188 1507 5268 docet
1523 5187 1845 5268 Qhronicon
1873 5194 2108 5268 saxoni-

451 5269 582 5306 cum
610 5253 700 5308 his
721 5253 912 5311 verbis
939 5275 951 5312 :
981 5259 1190 5312 «Anno
1215 5259 1524 5312 dominicae
1551 5261 1972 5318 lncarnationis
2003 5267 2106 5320 8/19

450 5323 804 5407 Laudericus
857 5326 1188 5407 Bremensis
1240 5329 1508 5407 Ecclesia:
1543 5332 1747 5407 tertius
1795 5336 2106 5407 episcOpus

448 5395 628 5472 obiit;
663 5395 755 5472 cui
789 5398 1072 5472 successit
1099 5400 1422 5472 Ansgarius
1454 5403 1797 5469 monachus,
1832 5395 2105 5462 llamma-

446 5466 521 5546 b_u
534 5466 757 5546 rgeusis
784 5465 1009 5546 primus
1031 5465 1530 5546 archiepiscopus,
1548 5474 1656 5546 sub
1680 5465 1795 5546 quo
1822 5479 2108 5534 coaduna-

450 5536 530 5594 tio
561 5536 712 5594 facta
761 5536 850 5596 est
880 5536 1317 5596 Bremensis'et
1347 5536 1908 5620 llammaburgensis
1938 5567 2104 5622 paro-

2236 3271 2502 3326 Ludovico
2550 3271 2858 3345 Gsnnaniaz
2903 3288 3024 3342 rege
3070 3282 3271 3341 agente
3307 3276 3502 3345 accipit
3544 3275 3820 3328 Brem-sem

2583 3344 2965 3414 episcopatum,
2993 3346 3264 3414 probante
3293 3344 3537 3400 concilio.

2308 3438 2396 3492 36.
2431 3438 2711 3496 Dominus
2742 3457 2972 3512 quoque
3003 3440 3399 3497 humilitatem
3425 3443 3545 3513 ejus
3573 3444 3622 3497 et
3650 3438 3818 3523 patien-

2237 3526 2327 3582 tia
2349 3527 2748 3582 fortitudinem
2771 3529 3153 3600 conspiciens,
3169 3531 3311 3601 quia
3335 3549 3432 3585 cor
3455 3531 3596 3602 regis
3615 3530 3663 3582 in
3685 3541 3819 3582 manu

2109 3638 2126 3664 ›
2204 3663 2210 3670 .
2234 3615 2463 3670 Domini
2489 3621 2598 3682 est,
2619 3616 3060 3672 clementissimi
3084 3618 3320 3674 Domini
3353 3624 3409 3674 et
3437 3617 3661 3675 senioris
3681 3614 3817 3671 nostri

2235 3704 2505 3758 Ludovici
2539 3705 2712 3776 regis,
2746 3706 2843 3777 qui
2877 3710 3009 3777 post
3049 3710 3279 3778 patrem
3315 3725 3486 3762 suum
3517 3706 3674 3776 hujus
3697 3700 3816 3773 regni

2231 3792 2627 3865 gubernacula
2656 3795 2933 3866 suscepit,
2964 3795 3035 3849 ad
3067 3795 3175 3850 hoc
3209 3795 3478 3852 animum
3509 3791 3747 3857 incitavit,
3773 3793 3820 3844 ut

2231 3898 2486 3953 quaerere
2513 3881 2808 3954 inciperet,
2844 3883 2998 3938 unde
3027 3883 3077 3939 ei
3105 3883 3386 3940 solatium
3418 3880 3738 3940 subsistendi
3764 3878 3819 3932 fa-

2230 3986 2358 4025 cere
2389 3973 2733 4042 posset,quo
2757 3970 3065 4043 legationis
3087 3990 3204 4028 suae
3229 3975 3572 4029 mandatum
3600 3970 3820 4044 perﬁcere

2231 4063 2442 4129 posset.
2464 4059 2531 4112 Et
2553 4058 2692 4130 quia
2714 4059 2770 4112 in
2795 4059 2902 4113 hac
2935 4060 3230 4132 provincia
3263 4062 3470 4118 cellam
3497 4059 3693 4116 nullam
3718 4055 3820 4110 huic

2227 4145 2498 4218 legationi
2519 4146 2770 4202 habebat
2785 4164 3125 4220 congruam,
3141 4155 3267 4204 erat
3284 4156 3479 4206 autem
3495 4149 3567 4204 ibi
3577 4149 3721 4219 juxta
3733 4140 3822 4215 epi-

2227 4239 2499 4306 scOpatus
2553 4235 2883 4292 Bremensis
2935 4236 3199 4293 Ecclesiae
3253 4242 3392 4294 tunc
3437 4237 3706 4294 desolatus
3741 4248 3820 4304 pa-

2226 4326 2381 4378 store
2409 4322 2690 4393 (a),illum
2723 4323 2774 4378 ei
2805 4324 2942 4379 dare
2971 4325 3284 4398 disposuit.
3313 4327 3474 4382 Unde
3499 4323 3705 4400 publico
3722 4335 3822 4375 con-

2225 4416 2400 4466 ventu
2430 4411 2836 4483 episcoporum
2865 4419 3328 4487 caeterorumque
3359 4415 3608 4471 ﬁdelium
3628 4422 3820 4468 suorum

2145 4505 2192 4570 D
2221 4504 2470 4554 tractare
2502 4516 2637 4554 cum
2668 4499 2754 4555 eis
2806 4501 2997 4573 cmpit,
3035 4508 3231 4558 utrum
3266 4504 3377 4560 hoc
3409 4505 3458 4560 ei
3491 4504 3662 4558 facere
3686 4511 3822 4554 cano-

2225 4588 2355 4643 nica
2385 4587 2731 4644 auctoritate
2753 4587 3248 4648 liceret.Domnus
3278 4593 3439 4649 enim
3465 4597 3521 4648 et
3549 4594 3723 4664 pastor
3747 4599 3821 4639 no-

2225 4683 2345 4733 ster
2374 4677 2484 4732 hoc
2515 4676 2624 4732 sibi
2657 4677 3052 4749 periculosum
3085 4697 3214 4737 esse
3245 4681 3445 4754 aliquo
3477 4680 3636 4736 modo
3663 4671 3820 4731 formi-

2217 4767 2385 4834 dans,
2408 4772 2463 4821 et
2489 4782 2559 4822 ne
2578 4783 2612 4822 a
2633 4765 2994 4838 quibuslibet
3015 4786 3174 4825 naevo
3197 4770 3543 4843 cupiditatis
3563 4763 3820 4840 reprehen-

2218 4855 2470 4925 deretur,
2486 4859 2653 4910 caute
2674 4856 3004 4927 providens,
3022 4875 3136 4914 non
3153 4857 3323 4914 facile
3345 4858 3482 4914 huic
3506 4846 3817 4928 dispositioni

2219 4943 2594 4998 assentiebat.
2625 4943 2876 4999 Jubente
2909 4946 3102 5018 itaque
3135 4963 3268 5020 rege
3305 4947 3430 5003 haec
3460 4947 3649 5004 eadem
3675 4934 3818 4997 resin

2219 5031 2462 5089 concilio
2494 5031 2897 5103 episcoporum
2929 5035 3205 5091 ventilata
3225 5040 3336 5092 est.
3364 5036 3470 5100 Qui
3502 5030 3686 5089 multis
3712 5040 3823 5099 pra?-

2217 5191 2378 5245 chize.
2417 5214 2442 5238 ››
2474 5190 2774 5246 Consentit
2803 5190 2951 5247 liber
2989 5194 3374 5250 donationum
3422 5193 3492 5248 ab
3539 5191 3732 5247 Adamo
3759 5180 3821 5237 ci-

2215 5267 2372 5316 tatus
2404 5262 2458 5315 in
2493 5261 2592 5316 lib.
2629 5279 2666 5326 ι,
2702 5265 2946 5334 ςθρ.24,
2973 5265 3073 5319 ubi
3108 5266 3226 5320 haec
3259 5265 3398 5321 unio
3432 5265 3576 5320 facta
3602 5254 3820 5334 perhibe-

2216 5339 2312 5406 tur
2342 5357 2367 5383 ‹‹
2403 5333 2910 5406 annoLuthe’wici
2943 5337 3180 5392 secundi
3207 5353 3382 5400 nono,
3409 5358 3435 5384 ι)
3463 5351 3620 5406 quos
3642 5333 3822 5406 ᾼοεεζι·

2218 5405 2340 5478 rius
2372 5405 2444 5478 ab
2475 5403 2702 5478 Aldrico
2735 5404 2940 5478 clerico
2972 5413 3027 5462 et
3047 5407 3254 5462 comite
3277 5401 3820 5478 Reginbaldolegalis

2216 5475 2457 5530 Caesaris
2489 5475 2698 5531 ductus
2743 5475 2801 5531 in
2833 5477 3234 5550 episcopatum
3261 5475 3391 5534 est:
3411 5501 3439 5526 ››
