4102 6180
297 296 414 364 989

1921 295 2106 359 VITA

3591 293 3711 359 9%

299 435 464 506 bant,
498 436 735 491 strenue
774 436 832 490 et
868 431 1119 499 ﬁdeliter
1155 431 1488 507 peragebat.
1513 433 1636 499 Qua
1666 434 1736 489 de
1768 447 1828 488 re
1857 448 1950 488 co-
1982 437 2037 501 Α
2065 445 2234 487 vacro
2265 430 2529 502 salutari,
2563 431 2692 504 puri
2734 435 2791 488 et
2819 431 3180 490 immaculati
3210 433 3336 493 vitae
3367 440 3590 494 internae
3615 440 3710 510 ja-

297 525 463 598 gnita
487 524 600 579 ﬁde
621 529 675 579 et
705 523 965 578 bonitate
995 523 1178 578 sancti
1212 524 1340 590 viri,
1369 523 1680 596 pradictus
1710 522 1954 578 Horicus

300 631 400 670 rex
431 612 619 670 multo
669 629 804 668 eum
854 613 1060 668 affectu
1107 613 1279 684 ccepit
1307 613 1588 679 venerari,
1621 616 1678 667 et
1705 611 1957 667 libenter

301 704 431 775 ejus
457 701 702 758 consilio
719 700 824 768 uti,
849 718 914 756 ac
937 701 1462 757 familiarissimum
1489 701 1546 756 in
1570 700 1846 756 omnibus
1860 699 1959 754 ha-

299 792 466 848 bere:
501 792 585 846 ita
633 795 698 844 ut
728 794 786 845 et
816 789 968 846 inter
1020 795 1244 846 secreta
1275 808 1401 857 sua,
1437 791 1578 846 dum
1609 792 1680 845 de
1711 787 1958 862 negotiis

299 881 465 953 regni
484 896 615 935 cum
641 878 992 936 consiliariis
1012 884 1195 936 tracta
1205 880 1427 952 ret,ipsi
1445 879 1953 936 liceretinteresse.

299 974 380 1025 Ea
412 985 648 1041 quoque
668 985 797 1040 qua:
818 969 972 1024 inter
994 969 1278 1040 populum
1301 969 1480 1041 hujus
1503 967 1963 1034 terrae,videlicet

299 1058 622 1124 Saxonum,
672 1074 739 1113 ac
771 1074 1016 1130 regnum
1064 1058 1270 1130 ipsius,
1316 1075 1495 1115 causa
1527 1058 1758 1114 foederis
1788 1057 1961 1113 debe-

301 1145 448 1201 bant
478 1145 780 1212 constitui,
814 1163 927 1202 non
962 1147 1131 1202 aliter
1159 1147 1273 1204 nisi
1305 1149 1375 1204 de
1407 1149 1518 1205 ﬁde
1545 1148 1702 1204 illius
1732 1147 1964 1211 volebat

305 1235 568 1291 ﬁrmari:
603 1235 713 1291 hoc
744 1235 858 1291 sibi
890 1236 1090 1292 dicens
1127 1237 1404 1294 omnimo-
1429 1237 1781 1295 ﬁdissimum
1813 1253 1963 1308 esse,

306 1325 462 1398 quod
488 1323 585 1380 ille
605 1324 653 1380 ei
677 1328 737 1379 et
757 1325 1057 1381 laudasset
1087 1331 1144 1381 et
1165 1327 1595 1399 spopondisset.
1621 1328 1737 1384 Hae
1767 1327 1965 1400 itaque

306 1412 711 1469 familiaritate
733 1414 977 1485 potitus,
1001 1415 1172 1486 cmpit
1193 1416 1368 1472 etiam
1392 1416 1476 1472 illi
1500 1418 1867 1488 persuadere,
1901 1420 1967 1471 ut

308 1504 474 1559 ﬁeret
504 1502 889 1558 Christianus.
926 1502 1028 1558 Ille
1059 1519 1293 1576 quoque
1321 1504 1520 1560 omnia
1538 1522 1664 1578 qua:
1696 1506 1746 1562 ei
1775 1523 1845 1562 ex
1874 1505 1966 1561 di-

306 1591 447 1646 vina
468 1589 779 1646 intimabat
799 1591 1119 1664 Scriptura,
1143 1593 1398 1666 benigne
1420 1594 1714 1661 audiebat,
1738 1600 1794 1650 et
1815 1596 1970 1652 bona

307 1696 561 1753 prorsus
590 1696 656 1735 ac
684 1696 813 1735 vere
845 1680 1126 1737 salutaria
1153 1699 1283 1738 esse
1331 1681 1630 1752 laudabat,
1666 1700 1844 1754 eque
1874 1683 1967 1738 his

307 1767 637 1840 plurimum
660 1767 1028 1836 delectari,ac
1047 1768 1300 1874 libenter
1315 1770 1532 1826 Christi
1552 1771 1695 1827 velle
1717 1773 1964 1844 gratiam
1995 1811 2043 1874 Β

309 1857 651 1929 promereri.
686 1857 790 1911 Cui
823 1862 955 1929 post
983 1857 1122 1914 talia
1163 1863 1296 1914 vota
1337 1860 1504 1915 Pater
1550 1861 1964 1916 sane-tissimus

312 1945 602 2018 patienter
641 1962 954 2019 suggerere
987 1947 1255 2019 ccepit,ut
1279 1948 1508 2005 Christo
1548 1950 1793 2006 Domino
1822 1967 1966 2006 con-

314 2035 546 2090 cederet
585 2034 736 2091 hanc
767 2035 1253 2103 benevolentiam,
1287 2039 1442 2109 quod
1480 2037 1530 2093 ei
1561 2039 1966 2111 gratissimum

312 2123 483 2189 foret,
505 2129 567 2177 ut
590 2123 647 2179 in
672 2140 977 2195 regnosuo
998 2124 1304 2181 ecclesiam
1328 2127 1448 2182 fieri
1472 2127 1852 2199 permitteret,
1867 2128 1966 2183 ubi

315 2213 589 2268 sacerdos
616 2212 777 2268 omni
825 2219 1084 2286 tempore
1123 2229 1381 2287 praesens
1409 2217 1658 2283 adesset,
1708 2222 1765 2274 et
1810 2217 1969 2274 verbi

315 2302 501 2357 divini
532 2302 780 2369 semina,
813 2320 882 2358 ac
911 2305 1188 2376 baptismi
1220 2305 1469 2376 gratiam
1520 2306 1970 2380 quibuscunque

317 2388 616 2460 suscipere
631 2390 958 2447 volentibus
973 2393 1414 2460 traderet.Quod
1435 2395 1528 2450 ille
1545 2397 1971 2469 benignissimo

317 2477 609 2532 concessit
641 2479 870 2542 affectu,
906 2482 963 2534 et
990 2479 1048 2533 in
1073 2485 1242 2552 portu
1269 2483 1429 2553 regni
1451 2483 1543 2538 sui
1568 2484 1638 2538 ad
1670 2483 1779 2539 hoc
1801 2483 1976 2555 aptis-

319 2565 366 2621 si
377 2582 492 2632 mo,
517 2571 573 2620 et
597 2566 732 2622 huic
759 2567 976 2638 regioni
995 2569 1289 2640 proximo;
1310 2572 1632 2629 Sclcaswich
1650 2573 1730 2644 (τι)
1752 2577 1972 2641 vocato,

321 2654 424 2709 ubi
454 2671 522 2710 ex
569 2655 731 2710 omni
764 2660 927 2727 parte
957 2663 1274 2714 conventus
1320 2659 1495 2716 ﬁebat
1524 2663 1973 2733 negotiatorum,

322 2743 630 2799 ecclesiam
656 2743 741 2798 illi
769 2744 1054 2802 fabricare
1077 2747 1366 2818 permisit,
1400 2749 1664 2806 tribuens
1692 2749 1885 2806 locum
1918 2751 1977 2806 in

325 2849 440 2904 quo
471 2833 774 2906 presbyter
821 2841 1123 2891 maneret:
1176 2837 1312 2894 data
1362 2838 1579 2910 pariter
1607 2839 1859 2908 licentia,
1915 2847 1980 2897 ut

324 2920 664 2993 quicunque
693 2921 865 2978 vellet
895 2923 952 2978 in
978 2940 1156 2997 regno
1180 2941 1308 2994 suo,
1335 2927 1498 2983 ﬁeret
1519 2928 1905 3006 Christianus.

325 3010 639 3081 Baptismus
666 3028 766 3067 cur
793 3029 830 3068 α
857 3013 1187 3084 quibusdam
1215 3015 1446 3082 dilatus,
1479 3019 1550 3072 ab
1581 3019 1713 3074 aliis
1742 3027 1981 3092 receptus

813 3119 942 3157 omn
964 3106 1202 3159 sanitate
1226 3107 1490 3177 corporis.

2063 538 2212 576 nues
2261 522 2480 594 absque
2529 521 2726 594 aliqua
2772 523 3164 578 retardatione
3207 525 3511 582 intrarent.
3544 526 3710 584 Multi

2065 626 2300 682 quoque
2319 611 2468 682 apud
2496 627 2594 666 eos
2617 611 3057 668 infirmitatibus
3081 612 3319 681 detenti,
3345 631 3478 670 cum
3499 631 3562 671 se
3593 616 3712 671 frus

2066 705 2190 756 stra
2211 699 2379 755 idolis
2402 717 2503 772 pro
2534 701 2722 758 salute
2751 719 2861 756 sua
2889 702 3253 758 sacriﬁcasse
3281 704 3562 771 viderent,
3594 709 3652 759 et
3683 723 3716 761 a

2065 788 2412 860 propinquis
2442 789 2565 844 suis
2595 790 3044 862 desperarentur
3068 809 3081 858 ;
3103 792 3179 846 ad
3209 791 3442 847 Domini
3486 794 3715 848 miseri-—

2068 877 2326 932 cordiam
2342 876 2740 950 confugientes
2753 878 3115 934 Christianos
3129 896 3190 935 se
3205 879 3354 934 ﬁerit
3365 880 3720 937 devovebant

2070 981 2320 1036 cumque
2343 966 2523 1021 accito
2545 967 2842 1022 sacerdote
2865 966 3141 1039 baptismi
3165 967 3412 1038 gratiam
3437 968 3718 1041 percepis-

2069 1055 2434 1122 scnt,statim
2467 1055 2789 1112 incolumes
2821 1055 3014 1110 divina
3045 1055 3313 1128 largitate
3341 1056 3578 1124 ﬁebant,
3607 1057 3717 1112 sic—

2073 1159 2185 1216 que
2219 1143 2399 1200 crevit
2419 1145 2478 1199 in
2503 1145 2703 1200 eodem
2736 1144 2859 1200 loco
2895 1145 2989 1200 Dei
3014 1144 3332 1214 miseratio,
3360 1150 3418 1201 et
3436 1148 3508 1202 ad
3541 1147 3716 1202 ﬁdem

2071 1233 2301 1289 Domini
2334 1249 2614 1289 conversa
2632 1238 2720 1289 est
2739 1233 3071 1289 multitudo.

2071 1321 2406 1378 Anacharius
2425 1325 2593 1393 petita
2614 1325 2800 1378 llorici
2825 1325 3066 1386 licentia,
3091 1332 3375 1380 recusante
3397 1323 3717 1394 Gauzberto,

2323 1395 2647 1465 legationem
2675 1395 2748 1450 ad
2776 1396 2970 1451 Succos
3001 1397 3201 1450 iterum
3227 1397 3470 1468 suscipit.

2147 1484 2232 1538 43.
2275 1485 2431 1539 [nter
2463 1484 2580 1540 hazc
2634 1500 2766 1539 vero
2799 1485 3051 1540 domnus
3082 1489 3138 1540 et
3168 1484 3334 1541 Pater
3381 1489 3578 1544 noster
3604 1487 3720 1544 An-

2076 1572 2342 1628 scharius
2359 1573 2533 1628 etiam
2567 1591 2668 1646 pro
2697 1576 2868 1646 gente
2900 1574 3220 1643 Sueonum,
3253 1591 3320 1630 eo
3351 1575 3507 1646 quod
3538 1591 3724 1632 sacer-

2076 1661 2228 1716 dotis
2260 1663 2567 1734 praesentia
2596 1667 2736 1718 tunc
2766 1663 3011 1718 desolati
3043 1667 3263 1729 essent,
3295 1664 3478 1720 nimio
3509 1665 3723 1722 condo-

2077 1748 2205 1806 lens
2235 1750 2464 1816 affectu,
2496 1768 2531 1806 a
2562 1751 2797 1823 praefato
2830 1769 3062 1824 poscere
3116 1752 3289 1825 coepit
3336 1769 3469 1826 rege
3519 1753 3724 1812 Horico

2075 1839 2184 1894 sibi
2214 1838 2272 1893 in
2305 1839 2582 1894 omnibus
2611 1839 3092 1910 familiarissime,
3119 1841 3202 1898 uti
3226 1842 3317 1897 sui
3345 1841 3558 1901 auxilio
3579 1843 3726 1898 fines

2075 1927 2236 1984 illius
2267 1927 2425 1999 regni
2472 1934 2663 2000 petere
2692 1933 2907 2000 posset.
2955 1931 3062 1995 Qui
3096 1948 3228 1985 cum
3276 1931 3532 1986 maxima
3551 1931 3726 1988 bene-

2076 2017 2328 2089 volentia
2366 2017 2517 2073 hanc
2548 2033 2780 2089 quoque
2828 2017 3166 2088 petitionem
3197 2019 3324 2089 ejus
3375 2018 3726 2089 suscipiens,

2078 2106 2159 2161 ita
2189 2124 2250 2161 Se
2283 2123 2383 2178 per
2411 2107 2609 2162 omnia
2640 2106 2934 2162 facturum
2975 2106 3261 2178 promisit.
3300 2109 3423 2173 Qua
3453 2107 3524 2161 de
3553 2122 3732 2170 causa

2080 2196 2331 2252 domnus
2362 2193 2673 2267 episcopus
2697 2201 2894 2251 noster
2923 2212 3058 2253 cum
3091 2196 3325 2266 prefeto
3356 2194 3528 2267 cmpit
3554 2195 3734 2254 Gauz-

2082 2285 2242 2338 berto
2277 2284 2548 2356 pontifice
2581 2285 2650 2340 de
2700 2285 2808 2340 hoc
2842 2285 2967 2356 ipso
3016 2287 3284 2351 tractare,
3334 2283 3731 2348 necessarium

2083 2390 2210 2430 esse
2241 2373 2461 2439 dicens,
2489 2379 2552 2428 ut
2584 2372 2795 2429 iterum
2824 2375 3185 2446 probaretur,
3211 2372 3258 2430 si
3291 2373 3437 2429 forte
3458 2389 3606 2447 gens
3636 2372 3737 2434 illa

2084 2461 2363 2518 divinitus
2387 2461 2608 2518 monita
2637 2463 2972 2518 sacerdotes
3002 2479 3202 2518 secum
3236 2479 3473 2520 manere
3501 2465 3734 2536 patere-

2085 2555 2199 2619 tur,
2225 2567 2296 2606 ne
2323 2552 2468 2607 ﬁdes
2499 2551 2710 2607 Christi
2751 2550 2866 2607 illis
2895 2551 2952 2606 in
2986 2550 3251 2623 partibus
3279 2556 3487 2625 empta,
3535 2568 3738 2613 eorum

2088 2639 2440 2711 negligentia
2452 2638 2767 2711 aliquando
2787 2639 3092 2711 deperiret.
3120 2639 3437 2696 Praedictus
3452 2657 3586 2696 vero
3603 2657 3742 2712 pon-

2087 2728 2224 2784 tifex
2249 2728 2630 2795 Gauzbertus,
2665 2728 2766 2800 qui
2792 2731 2850 2783 et
2878 2727 3099 2793 Simon,
3133 2744 3196 2784 se
3224 2727 3361 2784 inde
3404 2728 3736 2800 expulsum,

2089 2834 2324 2873 rursum
2359 2818 2548 2873 locum
2579 2816 2748 2872 illum
2772 2820 3030 2888 repetere
3051 2833 3165 2872 non
3189 2833 3400 2874 ausum
3419 2817 3738 2889 respondit:

2091 2923 2196 2962 nec
2227 2905 2283 2961 id
2314 2906 2479 2961 valde
2512 2907 2834 2979 proﬁcuum
2873 2903 2990 2960 fore
3040 2922 3229 2976 posse,
3266 2905 3384 2964 imo
3417 2906 3606 2979 magis
3639 2922 3742 2979 pe-

2091 2995 2436 3060 riculosum,
2469 2996 2519 3050 si
2543 2996 2736 3051 denuo
2764 2995 3023 3067 priorum
3052 2994 3737 3068 reminiscentes,aliquid

2091 3084 2548 3157 perturbationis
2569 3085 2722 3139 circa
2741 3100 2876 3140 eum
2895 3084 3359 3149 cxcitarent,sibi
3394 3083 3584 3157 magis
3613 3100 3746 3144 con-

398 3189 487 3245 42.
525 3188 642 3244 Hac
688 3205 825 3262 ergo
855 3191 1109 3249 domnus
1140 3171 1452 3268 episcopus
1503 3200 1700 3253 noster
1745 3203 1980 3270 accepta
2009 3179 2051 3246 C
2094 3189 2310 3246 ενιιυω
2342 3171 2545 3270 videri,
2571 3171 2752 3270 utille
2777 3171 3742 3270 ire,quihanclegatioinemprimo

325 3276 582 3342 licentia,
616 3279 817 3334 statim
853 3281 1008 3352 quod
1044 3281 1141 3336 diu
1175 3283 1604 3342 desideraverat
1632 3286 1905 3358 perfecit:
1930 3291 1988 3344 et

327 3366 648 3422 constituto
678 3367 758 3424 ibi
791 3370 1150 3442 presbytero,
1184 3372 1373 3444 gratia
1404 3373 1502 3429 Dei
1534 3375 1593 3430 in
1626 3376 1829 3432 eodem
1860 3376 1986 3434 loco

331 3455 697 3512 fructuosius
727 3473 986 3514 crescere
1019 3459 1210 3531 cmpit.
1238 3460 1404 3516 Multi
1431 3479 1685 3535 namque
1706 3464 1787 3520 ibi
1818 3469 1990 3522 antea

330 3549 501 3602 erant
522 3543 858 3611 Christiani,
891 3548 993 3618 qui
1022 3547 1106 3603 vel
1133 3549 1190 3604 in
1212 3549 1494 3607 Corstado
1520 3552 1609 3608 vel
1639 3552 1698 3607 in
1727 3556 1986 3610 Hamme-

335 3635 474 3702 burg
515 3634 788 3706 baptizati
821 3635 1089 3692 fuerant:
1125 3653 1376 3709 quorum
1421 3639 1658 3712 quidam
1705 3643 1988 3714 primores

335 3721 528 3793 ipsius
549 3722 656 3778 vici
679 3723 1064 3793 habebantur,
1089 3731 1142 3780 et
1165 3728 1499 3799 gaudebant
1519 3729 1854 3787 facultatem
1877 3732 1986 3789 sibi

339 3810 540 3865 datam
574 3809 1064 3870 Christianitatem
1111 3831 1282 3871 suam
1314 3818 1679 3874 observandi.
1730 3822 1988 3886 Quorum

338 3898 612 3970 exemplo
635 3899 798 3955 multi
823 3917 1056 3974 quoque
1076 3902 1173 3958 alii
1195 3908 1253 3959 et
1282 3903 1389 3959 viri
1407 3909 1465 3960 et
1505 3905 1755 3972 femina},
1786 3908 1992 3965 relicta

337 3987 750 4059 superstitiosa
765 3990 1054 4047 idolorum
1072 3992 1399 4061 cultura,ad
1415 3995 1590 4050 ﬁdem
1609 3995 1841 4051 Domini
1861 4013 1991 4053 con-

329 4075 485 4132 versi
517 4078 983 4150 baptizabantur.
1010 4081 1366 4155 Factumque
1396 4087 1483 4138 est
1510 4085 1795 4156 gaudium
1827 4101 1990 4159 mag-

334 4183 479 4221 num
503 4165 561 4220 in
585 4166 712 4238 ipso
735 4167 859 4224 loco
879 4186 890 4224 :
917 4169 999 4225 ita
1025 4175 1090 4226 ut
1109 4171 1284 4227 etiam
1307 4171 1498 4244 gentis
1519 4171 1700 4243 hujus
1723 4173 1990 4231 homines

334 4255 560 4326 absque
573 4254 692 4310 ullo
705 4263 999 4329 pavore,et
1013 4260 1190 4331 (quod
1205 4265 1376 4316 antea
1388 4277 1502 4315 non
1518 4259 1808 4333 licebat)et
1819 4279 1992 4338 nego-

328 4342 573 4399 tiatores
621 4347 741 4400 tam
781 4344 938 4416 hinc,
963 4365 1139 4419 quam
1168 4365 1236 4404 ex
1261 4350 1540 4405 Dorstado
1575 4351 1770 4406 vicum
1795 4351 1988 4424 ipsum

328 4431 512 4488 libere
535 4438 951 4505 expeterent,et
964 4435 1072 4492 hac
1084 4437 1387 4494 occasione
1403 4438 1651 4496 facultas
1663 4441 1841 4496 totius
1853 4442 1990 4497 boni

331 4517 477 4575 inibi
502 4523 864 4578 exuberaret.
890 4525 1110 4580 Etcum
1135 4526 1303 4582 multi
1323 4527 1465 4583 inibi
1490 4528 1766 4600 baptizati
1785 4547 1986 4602 super-

329 4608 604 4678 vixerint,
626 4609 1074 4669 innumerabilis
1096 4617 1290 4672 tamen
1317 4615 1649 4674 albatorum
1673 4602 1986 4674 multitudo

330 4696 540 4754 exinde
561 4699 633 4754 ad
667 4715 846 4772 regna
880 4704 1219 4760 conscendit
1239 4703 1538 4762 cailorum.
1569 4706 1716 4772 Quia
1744 4706 1991 4764 libenter

333 4787 576 4859 quidem
605 4787 972 4861 signaculum
996 4793 1186 4849 crucis
1217 4793 1592 4866 recipiebant,
1625 4799 1689 4851 ut
1719 4795 1988 4852 catechu-

332 4874 494 4930 meni
519 4875 590 4947 (ὁ)
610 4877 835 4945 ﬁerent,
860 4895 975 4951 quo
997 4879 1080 4938 eis
1109 4882 1414 4940 ecclesiam
1447 4882 1694 4957 ingredi,
1723 4889 1788 4940 et
1807 4885 1989 4942 sacris

332 4962 548 5020 ofﬁciis
577 4964 1115 5032 interesseliceret:
1151 4971 1429 5044 baptismi
1451 4975 1648 5028 tamen
1671 4973 1990 5046 susceptio-

333 5067 472 5108 nem
506 5051 874 5122 differebant,
897 5057 1006 5121 hoc
1037 5058 1149 5114 sibi
1172 5060 1392 5116 bonum
1412 5059 1824 5130 dijudicantes,
1844 5068 1909 5119 ut
1925 5064 1987 5118 in

319 5133 454 5194 'ﬁne
474 5139 602 5196 vitea
634 5159 752 5198 suae
785 5144 1252 5218 baptizarentur;
1285 5152 1573 5220 quatenus
1594 5150 1884 5222 puriﬁcati
1910 5151 1990 5208 la-

407 5296 488 5368 (a)
616 5299 1540 5381 hocemporiosuperiusactum.
1563 5307 1988 5381 Sleaawichpeu

332 5369 828 5452 Stestvicumplim
845 5369 1201 5452 Angelorum
1219 5379 1832 5444 sedes,nun’cducatus
1842 5369 1992 5437 Sles-

334 5441 478 5513 wici
506 5441 737 5513 titulus,
771 5446 835 5504 de
863 5441 1150 5506 S-lélswich.

411 5511 750 5591 (b)Quorri_tu
763 5518 942 5576 etiam
955 5520 1168 5579 seculo
1184 5536 1336 5577 nono
1348 5519 1552 5591 ﬁerent
1563 5521 1988 5591 catechumeni,

336 5581 476 5657 lege
488 5585 797 5658 epistolam
829 5591 1009 5649 Jessae
1030 5591 1442 5652 Ambianensis
1460 5589 1738 5665 episcopi,
1761 5593 1871 5650 .‘ubi
1902 5581 1992 5652 ea;

2094 3265 2448 3334 susceperat,
2483 3261 2702 3334 quique
2724 3260 3145 3333 benignissime
3165 3260 3243 3316 ibi
3267 3261 3507 3318 habitus
3534 3262 3742 3322 fuerat.

2095 3352 2225 3422 Ipse
2253 3367 2387 3405 vero
2401 3367 2534 3405 cum
2565 3367 2632 3406 eo
2664 3354 2934 3422 nepotem
2963 3367 3137 3406 suum
3171 3349 3418 3418 mittere,
3450 3349 3550 3422 qui
3583 3349 3663 3408 ibi
3694 3349 3745 3408 si

2094 3437 2256 3494 locus
2285 3438 2637 3511 praedicandi
2674 3437 3051 3507 inveniretur,
3087 3442 3433 3506 remaneret,
3468 3443 3526 3494 et
3556 3455 3744 3496 sacer-

2097 3526 2275 3583 dotali
2299 3527 2453 3598 apud
2475 3542 2573 3582 eos
2600 3526 2790 3582 ofﬁcio
2813 3528 3169 3600 fungeretur.
3194 3527 3312 3582 Hoc
3334 3527 3532 3598 itaque
3553 3533 3743 3584 ratum

2096 3617 2249 3672 inter
2273 3633 2334 3672 se
2356 3617 2955 3680 decernentes,coram
2977 3615 3286 3688 praesentia
3306 3614 3744 3674 clementissimi

2098 3705 2252 3779 regis
2279 3708 2562 3761 venerunt
2594 3704 2889 3771 Ludovici,
2936 3721 3294 3776 causamque
3339 3704 3745 3776 hujuscemodi

2097 3795 2148 3850 ei
2167 3794 2509 3861 retulerunt,
2533 3798 2706 3867 atque
2731 3798 2795 3850 ut
2814 3795 2943 3866 ejus
2975 3793 3210 3850 licentia
3238 3792 3320 3850 ita
3349 3794 3474 3850 ﬁeri
3506 3793 3744 3866 permit-

2097 3887 2316 3940 teretur
2343 3883 2796 3950 exorabant.Qui
2819 3882 3150 3942 sciscitatus
3181 3887 3383 3939 utrum
3414 3881 3527 3954 ipsi
3546 3883 3608 3939 in
3639 3882 3748 3940 hac

2097 3971 2393 4027 voluntate
2418 3972 2732 4027 concordes
2764 3971 3033 4040 fuissent,
3068 3989 3417 4043 responsum
3447 3988 3481 4026 a
3512 3985 3748 4032 venera-

2097 4059 2197 4116 bili
2223 4060 2546 4116 Gauzberto
2567 4059 2841 4130 pontiﬁce
2859 4058 2976 4114 tale
2999 4059 3248 4130 accepit:
3279 4059 3342 4114 In
3375 4058 3498 4126 Dei,
3533 4060 3745 4130 inquit,

2099 4148 2352 4216 servitio,
2387 4164 2495 4203 nos
2511 4163 2746 4218 semper
2765 4147 3084 4203 concordes
3111 4150 3171 4202 et
3197 4145 3419 4204 fuimus
3439 4151 3498 4202 et
3518 4161 3746 4213 sumus,

2099 4244 2155 4296 et
2179 4238 2336 4295 istud
2371 4236 2649 4292 unanimo
2667 4252 2956 4292 consensu
2987 4235 3070 4290 ita
3085 4235 3209 4291 ﬁeri
3233 4233 3528 4306 cupimus.
3547 4234 3749 4307 Itaque

2100 4324 2517 4385 serenissimus
2548 4341 2645 4380 rex
2676 4324 2734 4379 in
2765 4322 2866 4379 Dei
2899 4339 3080 4380 causa
3108 4339 3342 4396 semper
3360 4321 3745 4393 voluntarius,

2100 4416 2425 4473 secundum
2459 4413 2614 4486 quod
2665 4412 2818 4469 inter
2864 4429 2964 4468 eos
3019 4417 3388 4478 convenerat,
3437 4411 3746 4469 lectionem

2103 4506 2254 4563 hanc
2270 4522 2374 4577 pro
2396 4503 2607 4558 Christi
2632 4501 2867 4560 nomine
2887 4501 3106 4575 pastori
3125 4505 3325 4558 nostro
3345 4501 3427 4574 inj
3437 4501 3602 4557 unxit
3623 4499 3749 4557 reli-

2095 4592 2451 4667 giosissimo,
2487 4609 2604 4647 sua:
2635 4607 2869 4663 quoque
2899 4591 3104 4663 partis,
3137 4589 3310 4646 sicuti
3341 4594 3398 4646 et
3421 4593 3591 4662 pater
3619 4589 3748 4660 ejus

2098 4687 2329 4751 fecerat,
2378 4682 2451 4738 ad
2504 4697 2696 4752 regem
2751 4681 3048 4736 Sueouum
3083 4680 3372 4740 mandata
3399 4679 3450 4736 ei
3481 4677 3748 4736 commit-

2096 4777 2246 4829 tens.

2529 4861 2739 4916 Visions
2777 4859 2980 4915 caelesti
3012 4860 3316 4915 animatur.

2169 4951 2256 5005 44.
2289 4948 2472 5022 Igitur
2499 4947 2912 5005 devotissimus
2968 4947 3135 5004 Pater
3173 4949 3372 5003 noster
3398 4945 3471 5002 ad
3501 4944 3610 5002 hoc
3638 4943 3749 5001 iter

2098 5054 2422 5113 praeparare
2453 5053 2515 5094 se
2546 5037 2739 5110 cmpit,
2767 5041 2825 5092 et
2854 5040 2917 5091 ut
2948 5034 3298 5108 quantocius
3328 5034 3438 5091 hoc
3468 5033 3744 5107 expleret,

2095 5125 2421 5184 ferventiori
2444 5124 2799 5182 incitabatur
2823 5124 3056 5197 spiritu.
3089 5124 3391 5196 Siquidem
3423 5123 3611 5180 ethoc
3635 5141 3748 5180 ca:-

2096 5291 2229 5346 dem
2247 5287 2436 5344 fusius
2466 5285 2870 5359 exponit,quae
2896 5284 3256 5359 Augustinus
3279 5283 3746 5359 praestringithis

2096 5300 2229 5346 dem
2247 5300 2436 5344 tusms
2466 5300 2720 5359 exponit,
2746 5303 2870 5357 quae
2896 5300 3256 5356 angustlnus
3279 5300 3633 5411 praestringit
3655 5300 3746 5340 ms

2095 5361 2376 5432 verbisziu
2402 5358 2690 5432 Signabar
2711 5358 2836 5432 jam
2865 5356 3039 5432 rsigno
3081 5356 3292 5432 crucis,
3327 5361 3387 5412 et
3433 5373 3539 5432 con
3567 5355 3748 5432 _iebar

2098 5434 2226 5504 ejus
2257 5431 2375 5487 sale
2398 5426 2522 5504 jam
2548 5426 2784 5504 inde-ab
2808 5426 2978 5504 utero
3013 5427 3220 5484 matris
3251 5445 3411 5497 meae,
3440 5451 3468 5477 »
3488 5428 3545 5483 in
3567 5426 3667 5481 lib.
3705 5442 3741 5481 ι.

2099 5501 2565 5567 Confessionum,
2598 5517 2724 5573 cap.
2762 5501 2846 5557 11.
