4102 6180
386 286 496 350 991

1371 282 1434 346 S.
1480 285 1902 348 ANSCHARII
1948 283 2408 353 HAMBURGIS
2452 289 2811 354 EPISCOPI

3675 286 3798 354 992

383 419 525 478 litus
545 419 656 476 sibi
679 417 758 492 inj
771 422 1013 476 unctum
1031 416 1320 487 credebat,
1340 399 1560 475 visione
1577 418 1830 491 quadam
1850 417 2035 476 imbu-
2063 420 2118 488 Α
2147 423 2282 480 dicti
2317 424 2469 497 regis
2491 424 2682 481 Horici
2712 423 2960 483 missum
2993 423 3212 498 pariter
3240 426 3296 481 et
3331 421 3566 497 signum
3591 439 3794 482 secum

383 515 686 582 tus,quam
717 513 887 565 antea
908 509 1146 565 viderat.
1174 509 1378 565 Visum
1403 525 1657 580 namque
1687 514 1777 565 est
1796 509 2030 582 ei,quod

384 617 488 673 pro
519 600 646 672 ipso
675 599 883 655 itinere
913 598 1078 654 valde
1105 603 1260 653 esset
1303 597 1607 667 sollicitus,
1658 603 1714 654 et
1754 599 1909 670 quod
1959 600 2030 654 ad

385 689 700 762 quemdam
745 687 1039 744 deveniret
1078 687 1293 754 locum,
1327 686 1386 742 in
1419 703 1535 758 quo
1567 691 1690 742 erat
1739 692 2034 744 structura

385 777 761 834 aediﬁciorum
789 793 1025 849 magna,
1057 781 1113 831 et
1143 777 1480 832 mansiones
1509 776 1770 839 diversae,
1805 777 1905 831 ubi
1936 778 2036 833 ob-

382 866 514 922 vius
545 865 657 922 sibi
689 865 927 937 quidam
976 865 1162 920 factus
1195 864 1427 919 locutus
1457 869 1545 921 est
1572 864 1644 930 ei,
1679 865 1916 921 dicens:
1952 866 2032 921 De

387 954 593 1010 itinere
615 971 728 1027 quo
751 953 1106 1019 sollicitaris,
1142 959 1198 1009 et
1229 954 1298 1009 de
1330 953 1424 1009 his
1457 971 1582 1026 qua:
1615 959 1755 1009 sunt
1781 955 1838 1008 in
1862 955 2033 1010 corde

385 1048 508 1109 tuo,
532 1059 604 1099 ne
625 1060 805 1115 supra
828 1043 1066 1098 modum
1091 1042 1491 1098 contristeris:
1518 1043 1656 1114 quia
1672 1043 1765 1098 hic
1787 1047 1875 1098 est
1897 1044 2031 1115 qui-

385 1132 520 1187 dam
552 1131 853 1203 propheta,
887 1131 987 1202 qui
1021 1135 1074 1186 te
1105 1132 1175 1186 de
1206 1131 1300 1186 his
1332 1131 1606 1187 omnibus
1639 1136 1863 1187 certum
1900 1133 2032 1188 red-

386 1220 519 1286 det;
552 1223 609 1274 et
639 1236 709 1274 ne
740 1219 938 1291 aliqua
959 1219 1139 1274 menti
1167 1224 1276 1274 tuae
1317 1236 1494 1292 super
1515 1220 1622 1276 hoc
1644 1221 1897 1276 insideat
1925 1222 2030 1276 du-

384 1308 608 1375 bitatio,
633 1308 823 1363 dicam
847 1309 950 1363 tibi
975 1309 1108 1380 quis
1132 1309 1210 1364 sit
1229 1307 1325 1363 ille
1351 1309 1650 1380 prOpheta.
1684 1310 1878 1366 Abbas
1902 1309 2034 1382 qui-

385 1399 520 1452 dam
539 1397 822 1452 clarissim
836 1415 903 1452 us
926 1396 1294 1453 Adalhardus
1317 1399 1440 1468 ipse
1461 1415 1616 1454 nunc
1639 1403 1729 1453 est
1748 1399 2035 1471 propheta

384 1504 418 1541 a
450 1486 695 1542 Domino
729 1487 799 1542 ad
834 1491 888 1542 te
919 1486 1264 1558 missus,qui
1296 1486 1402 1541 tibi
1431 1504 1498 1542 ea
1523 1505 1650 1559 quae
1684 1492 2033 1560 proventura

384 1579 543 1643 sunt,
565 1575 960 1631 annuntiabit.
979 1578 1099 1641 Quo
1114 1575 1211 1631 ille
1225 1576 1424 1631 audito
1441 1576 1799 1632 exhilaratus
1813 1578 2030 1643 animo,

380 1665 545 1721 visus
571 1669 661 1720 est
688 1664 772 1720 illi
822 1665 1224 1736 respondisse:
1278 1665 1542 1731 Domine,
1588 1666 1688 1721 ubi
1738 1666 2030 1722 inveniam

2143 513 2474 586 habuit,qui
2492 513 2610 586 regi
2631 514 2947 581 Sueonum,
2974 514 3212 569 nomine
3233 513 3655 586 Olef(a),partis
3675 530 3796 570 sua!

2143 603 2485 658 mandatum
2517 602 2632 658 tale
2674 602 2936 658 intimari
2958 603 3164 676 jussit,
3188 619 3418 660 servum
3441 603 3562 670 Dei,
3596 604 3699 676 qui
3729 619 3798 659 ex

2141 695 2304 762 parte
2335 691 2488 764 regis
2520 691 2792 746 Ludovici
2828 691 3073 758 missus,
3108 693 3256 748 fines
3289 691 3450 765 regni
3479 692 3605 764 ejus
3636 698 3798 765 pete-

2141 783 2246 845 ret,
2271 779 2384 835 sibi
2415 796 2516 852 per
2545 780 2745 835 omnia
2767 781 3070 852 cognitum
3103 780 3245 847 fore,
3274 797 3339 836 ac
3369 797 3430 837 se
3459 780 3519 836 in
3540 781 3660 836 vita
3691 798 3800 836 sua

2143 885 2444 941 nunquam
2475 874 2595 923 tam
2613 869 2835 925 bonum
2857 870 3075 926 vidisse
3098 870 3427 938 hominem;
3453 870 3633 926 necin
3657 886 3799 940 quo-

2139 957 2283 1013 libet
2313 956 2646 1013 mortalium
2676 957 3000 1030 aliquando
3022 962 3246 1014 tantam
3276 958 3449 1014 fidem
3481 957 3794 1026 invenisse,

2139 1047 2385 1118 ideoque
2432 1046 2664 1119 cognita
2694 1048 2824 1117 ejus
2859 1047 3239 1104 sanctissima
3267 1047 3548 1113 bonitate,
3597 1048 3800 1104 omnia

2141 1153 2269 1207 quae
2292 1135 2374 1191 illi
2406 1135 2466 1190 in
2500 1152 2675 1208 regno
2709 1154 2814 1191 suo
2869 1153 3048 1192 causa
3100 1135 3444 1192 Christianae
3493 1136 3796 1210 religionis

2139 1223 2448 1296 disponere
2478 1223 2666 1292 vellet,
2701 1241 2763 1281 se
2810 1225 2862 1281 ei
2896 1227 3294 1282 concessisse:
3327 1224 3644 1298 ipsumque
3694 1243 3802 1297 pe~

2139 1317 2280 1380 tere,
2306 1317 2370 1368 ut
2390 1312 2662 1368 similiter
2683 1313 2741 1368 in
2773 1330 2953 1386 regno
2987 1331 3096 1369 suo
3129 1314 3183 1370 ei
3215 1313 3574 1386 permitteret
3603 1313 3798 1369 cultu-

2139 1419 2264 1456 ram
2298 1401 2772 1468 Christianitatis,
2823 1419 3000 1474 quam
3053 1403 3291 1474 optabat
3337 1406 3611 1466 statuere,
3657 1403 3802 1475 quia

2140 1491 2263 1563 ipse
2294 1490 2440 1545 nihil
2463 1490 2622 1546 aliud
2648 1508 2825 1563 quam
2857 1492 3012 1562 quod
3045 1492 3268 1548 bonum
3302 1495 3360 1548 et
3382 1497 3604 1548 rectum
3627 1492 3796 1558 foret,

2139 1579 2311 1635 vellet
2340 1580 2636 1651 perﬁcere.
2687 1583 3035 1652 Susceptum
3088 1580 3286 1653 itaque
3338 1597 3624 1654 peragens
3665 1581 3798 1647 iter,

2137 1668 2342 1739 viginti
2373 1669 2555 1724 ferme
2585 1669 2794 1725 diebus
2816 1669 3047 1743 navigio
3079 1670 3415 1736 transactis,
3441 1669 3705 1742 pervenit
3725 1670 3799 1725 ad

378 1754 646 1852 eum?Et
667 1753 794 1810 ille:
829 1755 939 1852 Tu,
972 1754 1324 1852 inquit,cum
1349 1754 1544 1810 labore
1566 1753 1825 1810 invenies
1870 1772 2026 1822 eum,
2063 1789 2111 1852 Β
2142 1759 2404 1830 Byrcam,
2438 1757 2536 1812 ubi
2569 1756 2790 1812 invenit
2820 1773 3014 1830 regem
3041 1762 3099 1813 et
3121 1757 3562 1814 multitudinem
3597 1757 3800 1830 populi

381 1861 486 1899 nec
506 1842 836 1899 estlicitum
862 1842 968 1898 tibi
991 1842 1269 1914 cuiquam
1294 1843 1616 1898 insinuare.
1649 1845 1814 1898 Tunc
1844 1843 2034 1899 visum

380 1935 470 1988 est
489 1931 560 1997 ei,
587 1933 741 2003 quod
755 1933 980 2002 iretper
999 1931 1312 1986 circuitum
1333 1930 1656 1987 mansionis
1671 1931 1864 2003 ipsum
1889 1950 2040 2004 quie-

382 2021 582 2086 rendo,
631 2023 688 2074 et
733 2020 792 2075 in
839 2023 1030 2074 mente
1058 2036 1166 2075 sua
1196 2023 1489 2075 tractaret.
1525 2021 1607 2087 Si,
1657 2021 1866 2093 inquit,
1918 2039 2034 2078 non

381 2107 774 2180 interrogatus
804 2125 838 2163 a
869 2124 961 2164 me
986 2109 1420 2165 annuntiaverit
1451 2109 1594 2164 mihi
1629 2127 1755 2182 quae
1788 2117 1928 2167 sunt
1974 2113 2032 2166 in

382 2195 578 2252 animo
610 2212 758 2261 meo,
792 2201 930 2251 tunc
960 2213 1161 2252 verum
1199 2197 1364 2252 illum
1396 2199 1742 2270 prophetam
1775 2217 2035 2272 compro-

383 2286 554 2341 babo.
584 2285 670 2340 Ad
719 2286 1037 2356 quamdam
1069 2303 1205 2358 ergo
1254 2288 1594 2358 perveniens
1643 2289 2029 2366 mansionem,

381 2372 899 2447 speciosissimam,
920 2374 1061 2429 vidit
1083 2391 1218 2431 eum
1238 2375 1319 2431 ibi
1345 2376 1402 2430 in
1423 2376 1568 2432 solio
1587 2393 1692 2432 suo
1711 2379 2029 2446 sedentem,

382 2467 440 2518 et
469 2463 668 2519 statim
700 2463 1048 2535 recognovit.
1075 2463 1175 2520 Ille
1196 2481 1428 2537 quoque
1450 2465 1755 2522 confestim
1780 2485 2032 2538 pronun-

381 2553 556 2619 tians,
581 2551 842 2608 intentus
875 2553 933 2607 in
957 2569 1090 2608 eum
1131 2553 1321 2610 dicere
1353 2571 1582 2626 quoque
1613 2556 1822 2628 cmpit:
1858 2580 1885 2606 α
1915 2558 2031 2612 Au-

381 2641 522 2708 dite,
555 2640 783 2706 insulze,
807 2646 864 2698 et
885 2643 1187 2709 attendite,
1212 2643 1410 2715 populi
1435 2645 1507 2700 de
1534 2643 1723 2717 longe.
1747 2645 2032 2702 Dominus

381 2730 454 2786 ab
476 2735 639 2786 utero
661 2731 884 2786 vocavit
905 2734 980 2798 te,
1007 2732 1078 2786 de
1103 2736 1298 2788 ventre
1321 2733 1528 2789 matris
1557 2738 1670 2789 tuae
1695 2735 2032 2791 recordatus

379 2825 468 2876 est
500 2819 758 2876 nominis
789 2820 895 2886 tui,
931 2824 987 2876 et
1016 2821 1212 2892 posuit
1242 2838 1306 2877 os
1347 2825 1515 2877 tuum
1557 2822 1726 2893 quasi
1769 2822 2030 2895 gladium

378 2911 616 2964 acutum
642 2925 655 2963 :
689 2907 748 2963 in
780 2909 994 2964 umbsa
1017 2926 1227 2965 manus
1249 2927 1366 2965 suae
1389 2910 1633 2982 protexit
1657 2916 1730 2980 te,
1757 2915 1814 2967 et
1837 2911 2033 2984 posuit

380 3001 436 3052 te
464 2996 632 3069 quasi
665 2997 936 3069 sagittam
971 2997 1243 3066 electam;
1269 2998 1326 3054 in
1359 2998 1633 3070 pharetra
1655 3018 1763 3056 sua
1789 3002 2033 3057 abscon-

379 3084 465 3139 dit
484 3089 560 3152 te,
591 3088 650 3140 et
677 3085 820 3140 dixit
851 3085 995 3142 tibi:
1031 3088 1243 3144 Servus
1301 3105 1468 3144 meus
1516 3105 1578 3145 es
1608 3093 1692 3156 tu,
1726 3089 1865 3161 quia
1884 3089 1944 3144 in
1975 3093 2034 3146 te

2146 1845 2328 1902 nimio
2359 1862 2551 1901 errore
2593 1846 2920 1902 confusam.
2967 1847 3285 1919 lnstigante
3332 1848 3488 1902 enim
3541 1846 3798 1913 diabolo,

2145 1937 2459 1992 adventum
2484 1935 2635 1990 beati
2661 1934 2766 1990 viri
2791 1935 3148 1992 omnimodis
3170 1936 3527 2008 praesciente,
3549 1935 3800 2008 contigit

2145 2043 2210 2081 eo
2242 2025 2368 2097 ipso
2400 2029 2678 2096 tempore,
2712 2027 2777 2079 ut
2807 2024 3046 2096 quidam
3078 2023 3178 2080 illo
3207 2024 3524 2080 adveniens
3555 2024 3798 2091 diceret,

2145 2130 2207 2168 se
2237 2112 2295 2167 in
2331 2112 2910 2182 conventuzdeorum,
2927 2113 3028 2184 qui
3051 2112 3239 2184 ipsam
3261 2117 3474 2169 terram
3497 2114 3802 2186 possidere

2145 2203 2548 2266 credebantur,
2581 2201 2864 2267 adfuisse,
2898 2205 2956 2257 et
2989 2201 3060 2257 ab
3106 2202 3192 2257 eis
3242 2201 3514 2270 missum,
3567 2206 3635 2256 ut
3678 2201 3803 2257 haec

2145 2291 2263 2364 regi
2293 2295 2350 2347 et
2379 2290 2612 2363 populis
2645 2289 2959 2347 nuntiaret.
2992 2290 3132 2357 Vos,
3166 2291 3460 2363 inquiunt,
3494 2308 3602 2348 nos
3631 2290 3801 2347 vobis
3829 2301 3836 2316 "

2144 2379 2424 2452 propitios
2453 2381 2552 2435 diu
2587 2379 2899 2446 habuistis,
2932 2384 2991 2436 et
3039 2384 3257 2436 terram
3289 2379 3577 2436 incolatus
3619 2378 3800 2436 vestri

2144 2486 2278 2524 cum
2310 2467 2498 2524 multa
2527 2469 2887 2524 abundantia
2926 2473 3124 2525 nostro
3158 2469 3447 2540 adjutorio
3481 2470 3539 2524 in
3571 2485 3714 2541 pace
3743 2473 3803 2524 et

2143 2558 2526 2630 prosperitate
2556 2557 2730 2629 longo
2762 2562 3022 2630 tempore
3063 2557 3376 2624 tenuistis;
3407 2574 3510 2614 vos
3560 2573 3800 2630 quoque

2143 2646 2312 2703 nobis
2331 2646 2618 2703 sacrificia
2637 2651 2695 2702 et
2722 2647 3081 2703 vota'debita
3111 2645 3493 2719 persolvistis,
3515 2650 3801 2720 grataque

2143 2735 2311 2792 nobis
2327 2740 2519 2792 vestra
2539 2736 2773 2791 fuerunt
2805 2735 3107 2807 obsequia.
3138 2738 3208 2791 At
3239 2752 3395 2795 nunc
3425 2739 3484 2791 et
3505 2735 3800 2791 sacriﬁcia

2142 2823 2316 2880 solita
2349 2823 2719 2894 subtrahitis,
2751 2828 2808 2880 et
2836 2828 2970 2880 vota
2997 2828 3318 2896 spontanee
3348 2823 3588 2898 segnius
3618 2825 3797 2880 otl‘er-

2143 2912 2254 2980 tis;
2287 2916 2364 2980 et,
2402 2913 2558 2984 quod
2602 2913 2792 2986 magis
2824 2912 2993 2970 nobis
3024 2912 3578 2985 displicet,alienum
3607 2913 3794 2968 Deum

2141 3018 2320 3074 super
2345 3019 2447 3058 vos
2468 3001 2861 3058 introducitis.
2894 3002 2953 3058 Si
2975 3001 3174 3069 itaque
3195 3018 3303 3058 nos
3323 3002 3486 3058 vobis
3509 3001 3798 3074 propitios

2147 3091 2359 3148 habere
2385 3090 2586 3156 vultis,
2619 3090 2907 3147 sacriﬁcia
2933 3091 3155 3147 omissa
3179 3094 3406 3163 augete,
3424 3095 3483 3146 et
3508 3095 3638 3147 vota
3667 3107 3798 3146 ma-

379 3172 688 3247 gloriabor.
714 3197 742 3225 ››
774 3175 895 3238 Quo
925 3177 1100 3244 dicto,
1120 3181 1348 3233 extento
1367 3177 1604 3234 brachio
1627 3195 1869 3235 manum
1891 3179 2026 3235 dex-
2059 3161 2102 3228 (ἶ
2129 3181 2264 3251 jora
2292 3179 2619 3251 persolvite,
2651 3179 2893 3236 alterius
2922 3197 3160 3252 quoque
3190 3161 3292 3236 Dei
3317 3179 3630 3247 culturam,
3665 3196 3798 3251 quas

375 3265 562 3320 teram
584 3264 655 3319 ad
683 3279 818 3320 eum
845 3265 1018 3337 ccepit
1038 3266 1277 3339 erigere.
1300 3266 1398 3322 Ille
1424 3267 1757 3336 autem,hoc
1782 3268 1926 3334 viso,
1961 3269 2032 3324 ad

377 3368 569 3424 genua
588 3353 716 3424 ejus
735 3354 1251 3426 accessit,sperans
1272 3371 1407 3410 eum
1426 3372 1487 3411 se
1509 3355 1653 3411 velle
1669 3357 2028 3412 benedicere.

377 3442 449 3495 At
475 3441 572 3497 ille
601 3442 942 3514 subjunxit:
993 3466 1022 3493 «
1056 3444 1197 3499 Dedi
1229 3448 1285 3499 te
1316 3445 1374 3500 in
1407 3444 1599 3501 lucem
1643 3446 1929 3518 gentium,
1967 3449 2033 3502 ut

379 3527 461 3584 sis
483 3527 598 3584 illis
619 3530 679 3585 in
702 3530 952 3587 salutem
970 3549 1158 3604 usque
1185 3533 1256 3588 ad
1285 3538 1612 3589 extremum
1633 3538 1820 3590 terrae.
1847 3536 2032 3608 Reges

377 3617 678 3686 videbunt,
718 3623 775 3674 et
823 3625 1181 3692 consurgent
1223 3621 1541 3694 principes,
1593 3626 1652 3676 et
1700 3624 2032 3680 adorabunt

379 3706 565 3760 Deum
589 3710 758 3762 tuum
787 3711 844 3762 et
873 3712 1140 3762 sanctum
1165 3707 1507 3780 Israel.quia
1527 3709 1869 3781 gloriﬁcavit
1896 3712 1972 3767 te.
1997 3734 2024 3763 »

381 3791 540 3848 Hanc
569 3809 705 3865 ergo
724 3794 1008 3849 visionem
1031 3811 1232 3850 servus
1270 3795 1369 3852 Dei
1394 3813 1527 3852 cum
1565 3801 1698 3853 ante
1729 3799 2029 3870 profectio-

382 3896 515 3934 nem
544 3879 705 3936 illam
727 3881 897 3955 longe
918 3881 1176 3952 vidisset,
1200 3888 1423 3940 certum
1445 3885 1680 3941 tenebat
1701 3886 2025 3957 anim0,Dei

381 3984 443 4022 se
473 3966 717 4039 imperio
747 3970 817 4025 ad
870 3975 1063 4042 partes
1106 3971 1236 4028 illas
1270 3973 1536 4042 incitari;
1589 3979 1646 4030 et
1685 3975 1935 4032 maxime
1966 3978 2026 4033 in

378 4057 551 4113 verbo
598 4058 753 4129 quod
803 4059 1025 4115 dictum
1072 4065 1160 4117 est
1192 4061 1312 4118 illi:
1362 4063 1593 4131 Audite,
1630 4065 1856 4132 insulae,
1889 4066 2028 4139 quia

379 4145 570 4201 omnis
600 4146 718 4202 fere
747 4148 936 4220 patria
981 4148 1083 4205 illa
1120 4150 1179 4204 in
1211 4149 1423 4206 insulis
1451 4156 1541 4207 est
1587 4154 1924 4209 constituta.
1960 4156 2028 4210 Et

379 4235 537 4306 quod
553 4235 937 4306 subjunctum
957 4242 1073 4293 est:
1101 4239 1225 4294 Eris
1248 4238 1364 4294 illis
1387 4239 1445 4294 in
1467 4239 1718 4296 salutem
1743 4259 1930 4314 usque
1951 4243 2024 4298 ad

379 4327 705 4378 extremum
729 4327 914 4390 terrae,
945 4325 1084 4396 quia
1109 4326 1244 4383 ﬁnis
1267 4327 1473 4383 mundi
1496 4329 1554 4383 in
1574 4328 1878 4400 Aquilonis
1900 4349 2028 4403 par-

379 4411 537 4468 tibus
560 4412 616 4467 in
642 4413 940 4470 Sueonum
963 4416 1220 4486 conjacel
1243 4416 1598 4489 regionibus.
1629 4418 1888 4491 Denique
1908 4437 2029 4476 ver-

381 4500 544 4595 bum,
579 4503 892 4595 quod
918 4501 1200 4595 propheta
1215 4504 1469 4595 Jeremia
1490 4506 1548 4561 in
1575 4507 1689 4562 fine
1709 4512 2027 4564 commuta-
2057 4530 2104 4595 Β

383 4592 508 4644 tum
539 4594 647 4654 est,
679 4589 918 4660 scilicet,
951 4591 1091 4664 quia
1118 4592 1465 4666 gloriﬁcabit
1486 4598 1559 4662 te,
1583 4596 1849 4652 ardorem
1876 4598 2027 4653 desi-

381 4677 547 4744 derii,
570 4676 655 4732 illi
673 4677 995 4736 maximum
1013 4679 1471 4755 nutriebat,quia
1491 4682 1747 4756 palmam
1767 4686 2031 4759 martyrii

381 4765 523 4822 olim
550 4766 661 4822 sibi
692 4768 1045 4840 promissam
1081 4769 1190 4826 hoc
1220 4769 1553 4843 signiﬁcare
1584 4773 1847 4844 putabat.

454 4873 730 4930 Sueonum
776 4876 899 4943 regi
927 4876 994 4929 ab
1036 4877 1228 4933 Horico
1251 4878 1674 4945 commendatus,
1707 4881 1858 4935 venit
1899 4883 1962 4937 in

490 4945 740 5000 Sueciam
752 4946 1062 5004 daemon-um
1086 4948 1462 5004 instinctinctu
1481 4951 1541 5005 in
1554 4966 1611 5004 se
1625 4953 1921 5008 turbatam.

456 5050 543 5105 45.
575 5051 995 5108 Prolectionem
1041 5052 1237 5126 itaque
1276 5054 1428 5110 hanc
1457 5060 1858 5127 suscepturus,
1903 5059 2031 5130 jam

389 5280 429 5336 ι,
439 5210 536 5336 (ξξέ
557 5211 636 5266 Ita
653 5212 828 5266 etiam
846 5213 1090 5268 Gualdo.
1111 5213 1318 5270 Olaum
1337 5219 1541 5271 vocant
1558 5220 1823 5274 auctores
1840 5235 2034 5274 recen-

416 5298 433 5334 1
541 5298 588 5334 s.

416 5298 588 5334 lOPeS.

459 5351 537 5432 (ὁ)
559 5350 702 5406 Hinc
720 5353 976 5432 Adamus
994 5356 1064 5410 de
1076 5357 1375 5432 Sueonum
1397 5361 1652 5414 veterum
1673 5361 2033 5432 superstitio-

389 5422 564 5504 nibus
594 5439 772 5504 agens
804 5423 864 5504 in
907 5443 1031 5504 cap.
1064 5429 1195 5484 233:
1224 5451 1250 5476 »
1282 5427 1490 5504 Colunt
1519 5422 1766 5504 etdees,
1817 5432 2032 5504 inquit-

388 5510 458 5549 ex
480 5493 815 5579 horninibus
837 5493 1039 5579 factos,
1063 5515 1211 5579 quos
1232 5501 1708 5579 _pr(_)__ingenti_bus
1728 5493 2034 5579 tactisim-

392 5565 743 5624 mortalitate
774 5568 1015 5642 donant,
1045 5565 1199 5626 sicut
1228 5565 1288 5628 in
1319 5565 1537 5631 VitaVS.
1569 5574 1876 5633 Anscharii
1897 5575 2035 5649 legi-

2140 3268 2433 3324 contraria
2464 3267 2633 3324 nobis
2665 3268 2924 3333 docetur,
2958 3285 3030 3325 ne
3061 3269 3215 3340 apud
3245 3285 3348 3324 vos
3388 3267 3701 3340 recipiatis,
3733 3272 3800 3322 et

2141 3357 2271 3428 ejus
2302 3356 2534 3414 servitio
2561 3374 2634 3412 ne
2676 3356 3014 3414 intendatis.
3048 3357 3223 3413 Porro
3273 3356 3323 3412 si
3369 3355 3544 3413 etiam
3594 3356 3798 3429 plures

2139 3445 2279 3502 deos
2300 3447 2516 3502 habere
2541 3445 2907 3512 desideratis,
2922 3451 2979 3502 et
2990 3446 3154 3502 vobis
3177 3463 3284 3503 nos
3300 3463 3414 3502 non
3440 3445 3795 3512 sufﬁcimus,

2141 3535 2372 3590 Ericum
2403 3534 2700 3607 quondam
2732 3551 2927 3608 regem
2959 3538 3220 3591 vestrum
3251 3552 3358 3591 nos
3389 3535 3702 3590 unanimes
3731 3535 3794 3589 in

2100 3661 2116 3677 ._
2138 3623 2456 3696 collegium
2490 3629 2758 3681 nostrum
2791 3624 2870 3694 (ὁ)
2903 3622 3312 3690 adsciscimus,
3342 3627 3410 3679 ut
3439 3624 3515 3679 sit
3533 3640 3693 3679 unus
3722 3623 3796 3679 de

2139 3728 2383 3768 numero
2415 3713 2676 3768 deorum.
2728 3713 2847 3767 Hoc
2876 3728 3012 3785 ergo
3045 3712 3400 3768 diabolicum
3446 3712 3790 3767 mandatum

2138 3801 2368 3872 publice
2417 3801 2849 3868 denuntiatum,
2893 3801 2951 3856 in
2981 3801 3232 3857 adventu
3280 3801 3481 3856 domni
3532 3800 3790 3873 episcopi

2139 3893 2362 3947 mentes
2395 3894 2739 3946 cunctorum
2771 3889 3170 3961 perturbabat,
3206 3893 3263 3946 et
3293 3905 3455 3945 error
3482 3888 3706 3945 nimius
3726 3906 3793 3944 ac

2137 3978 2495 4051 perturbatio
2527 3979 2702 4034 corda
2731 3995 2932 4035 eorum
2968 3978 3232 4035 omnium
3263 3979 3623 4035 confuderat.
3643 3979 3791 4034 Nam

2135 4071 2192 4124 et
2219 4067 2505 4140 templum
2534 4068 2593 4122 in
2625 4067 2844 4124 honore
2875 4067 3196 4140 supradicti
3247 4068 3402 4141 regis
3431 4067 3659 4123 dudum
3691 4068 3795 4122 de-

2135 4157 2316 4212 functi
2366 4160 2716 4224 statuerunt,
2747 4161 2805 4213 et
2832 4156 2946 4230 ipsi
2976 4161 3264 4229 tanquam
3299 4156 3408 4212 deo
3454 4160 3588 4211 vota
3618 4159 3677 4210 et
3697 4172 3796 4211 sa-

2134 4245 2350 4302 criﬁcia
2380 4245 2584 4302 offerre
2617 4249 2937 4318 coeperunt.

2134 4369 2335 4425 Amicis
2382 4367 2851 4434 dissuadentibus,
2904 4384 3087 4437 regem
3114 4366 3185 4422 ad
3214 4369 3404 4439 epulas
3436 4368 3654 4429 invitat,
3699 4366 3803 4436 qui

2206 4441 2537 4510 legationem
2607 4441 2892 4511 approbat,
2950 4441 3183 4495 sortium
3241 4438 3557 4495 conditione
3622 4440 3801 4494 inter-

2201 4513 2400 4584 posita.

2209 4619 2297 4673 46.
2329 4615 2654 4672 Adveniens
2675 4615 2875 4689 itaque
2903 4615 3046 4672 illuc
3075 4616 3329 4672 domnus
3359 4616 3692 4688 episcopus,
3725 4615 3801 4671 ab

2139 4705 2344 4762 amicis
2375 4704 2519 4772 suis,
2553 4705 2852 4777 quondam
2882 4704 2963 4760 ibi
3006 4705 3277 4778 cognitis,
3311 4719 3568 4776 quaerere
3595 4702 3796 4774 coepit,

2140 4794 2430 4868 quomodo
2484 4809 2680 4866 regem
2735 4809 2912 4866 super
2941 4793 3051 4849 hac
3091 4810 3152 4849 re
3208 4791 3622 4864 interpellaret.
3682 4791 3798 4858 Qui

2139 4899 2344 4940 omnes
2372 4884 2493 4938 toto
2524 4881 2734 4938 adnisu
2764 4881 3251 4947 contradicentes,
3274 4881 3616 4937 asserebant
3643 4879 3798 4935 nihil

2141 4970 2378 5029 omnino
2398 4986 2466 5026 ea
2482 4970 2604 5026 vice
2626 4969 2976 5044 legationem
2999 4972 3128 5042 ejus
3146 4971 3426 5044 proﬁcere
3440 4985 3640 5042 posse:
3663 4969 3799 5037 sed,

2142 5060 2190 5117 si
2223 5059 2363 5131 quid
2396 5059 2636 5115 haberet
2663 5058 2856 5130 pretii,
2887 5075 2956 5117 ea
2985 5059 3208 5115 ratione
3239 5075 3376 5114 eum
3398 5059 3535 5114 dare
3555 5055 3798 5125 debere,

2138 5225 2236 5275 tur
2262 5218 2504 5275 Hericus
2536 5235 2636 5275 rex
2664 5217 2888 5288 fecisse,
2921 5218 3196 5275 omnibus
3227 5217 3449 5274 scilicet
3478 5217 3593 5273 diis
3623 5219 3803 5273 attri-

2140 5293 2312 5347 butos
2343 5289 2693 5362 sacerdotes,
2729 5289 2829 5362 qui
2876 5290 3164 5362 sacriﬁcia
3211 5288 3414 5362 populi
3437 5289 3735 5362 efferant.
3773 5311 3804 5339 π

2141 5363 2270 5435 Ubi,
2307 5361 2353 5416 si
2389 5363 2533 5417 bene
2562 5360 2760 5432 hujus
2781 5360 2892 5416 loci
2922 5377 3163 5417 sensum
3195 5360 3480 5435 expressit
3507 5360 3804 5435 Adamus,

2142 5433 2382 5489 Hericus
2396 5450 2493 5488 rex
2514 5431 2923 5506 praecessorem
2945 5431 3354 5506 cognominem
3376 5431 3643 5506 suum‘in
3668 5432 3812 5506 deo-

2142 5523 2271 5561 rum
2304 5501 2613 5577 numerum
2637 5501 2926 5577 retulisse,
2951 5501 3122 5577 eique
3143 5521 3310 5561 sacra
3330 5508 3388 5560 et
3417 5501 3696 5559 flamines
3719 5505 3814 5562 di-

2142 5593 2306 5635 casse
2334 5575 2752 5648 intelligendus
2782 5579 2889 5632 est.
