4026 6180
248 393 364 455 993

1863 381 2048 446 VITA

3531 382 3664 488 sei~

248 532 311 584 ut
363 525 529 582 vivus
578 525 714 579 inde
751 523 1035 580 evaderet.
1069 518 1293 588 Quibus
1318 518 1414 576 ille
1446 511 1643 586 :Noni,
1679 519 1890 592 inquit,
1921 521 1976 586 Α
2008 518 2228 573 factum
2262 533 2494 572 unusex
2516 514 3134 588 primoribus,amicus
3156 517 3354 573 domni
3371 519 3648 592 episcopi,

246 634 351 691 pro
383 615 514 673 vita
530 629 673 670 mete
690 612 1089 685 redemptione
1115 611 1335 684 aliquid
1363 609 1716 665 hicdaturus
1729 625 1890 664 sum:

246 706 388 779 quia
418 703 466 760 si
497 702 784 758 Dominus
815 718 984 758 meus
1014 702 1096 757 ita
1121 699 1618 773 disposuerit,pro
1635 699 1765 769 ejus
1796 715 1896 752 no-

245 795 406 851 mine
438 797 678 866 paratus
710 809 842 848 sum
873 791 969 847 hic
995 795 1050 847 et
1079 793 1369 846 tormenta
1399 787 1615 853 subire,
1645 791 1702 841 et
1738 802 1898 840 mor-

242 889 362 940 tem
394 881 698 956 pati.Cum
731 897 866 953 ergo
893 898 996 953 pro
1022 880 1132 936 hac
1163 895 1224 936 re
1255 879 1313 934 in
1348 877 1603 932 maxima
1631 879 1785 932 esset
1798 891 1898 947 po-

250 972 405 1028 situs
437 969 747 1037 anxietate,
783 969 1021 1024 tandem
1053 971 1287 1040 accepto
1319 966 1562 1022 consilio
1602 981 1794 1037 regem
1829 963 1899 1018 ad

249 1077 430 1123 suum
463 1058 728 1114 invitavit
757 1056 1217 1129 hospitium.Cui
1243 1054 1569 1111 convivium
1598 1053 1900 1118 exhibens,

249 1151 407 1206 dona
439 1165 569 1220 quae
601 1146 795 1220 potuit
824 1145 1125 1211 obtulit,et
1154 1144 1461 1217 legationis
1487 1160 1603 1200 sua:
1627 1143 1905 1198 mandata

251 1237 454 1296 retulit
485 1253 498 1291 :
535 1253 673 1292 nam
719 1239 775 1290 et
824 1239 997 1290 antea
1044 1251 1150 1306 per
1196 1234 1444 1289 missum
1471 1233 1685 1296 Horici,
1717 1237 1774 1288 et
1803 1247 1907 1302 per

252 1326 458 1384 fideles
490 1325 688 1381 domui
715 1324 991 1397 episcopi,
1024 1322 1124 1395 qui
1148 1323 1226 1377 ibi
1259 1323 1592 1391 manebant,
1607 1340 1784 1378 causa
1813 1323 1908 1377 ad-

254 1421 467 1471 ventus
491 1415 682 1487 ipsius
706 1413 896 1468 eidem
921 1412 1041 1484 regi
1067 1411 1409 1467 denuntiata
1426 1411 1630 1465 fuerat.
1651 1410 1910 1465 Delecta-

254 1510 352 1561 tus
384 1505 652 1576 itaqueet
675 1500 954 1557 claritatis
981 1499 1169 1573 ipsius
1202 1498 1616 1563 benevolentia,
1633 1504 1689 1554 et
1710 1515 1910 1554 mune-

255 1611 391 1649 rum
425 1592 680 1656 datione,
714 1607 776 1645 se
807 1589 1044 1661 quidem
1077 1605 1205 1660 quae
1234 1587 1331 1644 ille
1375 1591 1748 1660 suggesserat
1777 1604 1908 1660 gra-

256 1687 458 1739 tanter
486 1679 631 1736 velle
662 1678 1182 1752 respondit.Antea
1209 1682 1405 1732 tamen
1431 1676 1908 1748 hic,inquit,fue-

257 1777 400 1828 runt
431 1769 650 1835 clerici,
675 1769 775 1841 qui
803 1766 1067 1840 populari
1095 1766 1379 1822 seditione
1409 1765 1563 1834 hinc,
1598 1782 1712 1820 non
1755 1765 1911 1838 regio

2009 607 2208 662 statim
2235 606 2298 674 ei,
2317 606 2592 672 innotuit,
2615 609 2671 660 et
2701 610 2764 659 ut
2790 603 3189 660 consolaretur
3219 607 3414 661 animo
3445 609 3653 662 admo-

2010 696 2162 764 nuit,
2209 695 2411 751 dicens
2447 713 2459 750 :
2489 694 2845 762 Confortare,
2877 693 3120 749 viriliter
3166 711 3292 766 age,
3324 695 3460 765 quia
3499 696 3653 752 Deus

2008 784 2294 840 voluntati
2326 788 2382 840 et
2409 783 2684 856 legationi
2715 787 2826 839 tuas
2873 800 2989 837 non
3044 782 3269 837 abnuit.
3302 783 3509 854 Sicque
3533 784 3658 855 ipse

2009 873 2225 929 fiducia
2264 877 2501 944 sumpta
2527 872 2733 945 spiritn
2768 871 3024 928 interiori
3057 870 3386 926 laetificatus
3403 870 3657 926 exsulta-
3691 859 3700 872 ’

2010 962 2111 1018 bat
2141 962 2200 1017 in
2233 961 2497 1018 Domino.

2332 1069 2536 1124 Placiti
2563 1070 2727 1124 etiam
2759 1067 2965 1123 accedit
2992 1083 3296 1123 censemus.

2087 1177 2174 1231 48.
2205 1175 2422 1232 Deinde
2453 1191 2586 1230 cum
2618 1175 2742 1230 dies
2769 1175 2966 1248 placiti
3009 1175 3356 1244 advenisset,
3391 1176 3544 1248 quod
3600 1177 3660 1233 in

2016 1266 2289 1336 praadicto
2320 1264 2444 1320 vico
2476 1269 2652 1336 Byrca
2676 1263 2944 1320 habitum
2976 1267 3085 1329 est,
3108 1258 3260 1318 sicut
3289 1264 3549 1335 ipsorum
3573 1270 3663 1320 est

2017 1352 2698 1423 consuctudo,prmconis
2730 1369 2866 1408 voce
2898 1367 2995 1407 rex
3027 1369 3153 1424 quae
3174 1357 3329 1407 esset
3350 1369 3549 1407 eorum
3580 1353 3662 1409 le-

2026 1442 2207 1513 gatio,
2240 1441 2498 1496 intimari
2532 1441 2667 1496 fecit
2710 1440 2945 1513 populo.
2975 1443 3095 1507 Quo
3127 1439 3211 1494 illi
3263 1442 3483 1508 audito,
3515 1443 3667 1498 sicut

2019 1534 2184 1585 erant
2214 1537 2390 1585 antea
2421 1545 2612 1584 errore
2628 1529 3122 1598 confusi,diversa
3151 1530 3367 1586 sentire
3387 1531 3666 1586 ettumul-

2019 1623 2183 1674 tuare
2215 1622 2536 1690 cmperunt.
2554 1618 2778 1682 Quibus
2795 1619 2875 1673 ita
2894 1619 3414 1691 perstrepentibus,
3429 1635 3667 1676 consur-

2021 1723 2164 1779 gens
2195 1725 2371 1775 unus,
2406 1706 2658 1778 quierat
2701 1707 2895 1762 senior
2941 1712 3101 1775 natu,
3133 1708 3192 1762 in
3245 1708 3436 1764 medio
3478 1709 3666 1781 plebis

2023 1796 2168 1850 dixit
2202 1813 2215 1851 :
2251 1796 2460 1851 Audite
2495 1813 2606 1860 me,
2639 1813 2740 1851 rex
2771 1801 2827 1852 et
2857 1795 3092 1869 populi:
3128 1798 3198 1852 de
3229 1797 3457 1854 cultura
3482 1798 3668 1870 ipsius

248 1863 453 1934 jussu'
488 1857 653 1960 eiecti
687 1856 1239 1960 suntLQuapmpmr
1266 1859 1324 1910 et
1347 1871 1453 1927 ego
1481 1854 1632 1910 hanc
1672 1854 1911 1960 lega‘tio‘
1943 1888 1992 1952 B
2023 1885 2120 1941 Dei
2153 1883 2424 1956 pluribus
2456 1854 2723 1940 nostrum
2758 1854 2903 1941 bene
2923 1854 3012 1941 est
3025 1887 3149 1956 jam
3175 1854 3667 1960 eognituquuod

257 1967 404 2006 nem
435 1951 682 2004 vestram
723 1945 1070 2001 confirmare
1111 1961 1216 2000 nec
1257 1960 1517 2016 possum,
1552 1961 1657 2000 nec
1704 1945 1911 2012 audeo,

259 2039 620 2112 priusquam
651 2034 906 2089 sortibus
939 2034 1077 2089 deos
1108 2037 1336 2088 nostros
1363 2031 1688 2098 consulam,
1722 2037 1778 2088 et
1815 2049 1915 2104 po-

258 2126 388 2201 puli
425 2141 654 2197 quoque
686 2140 863 2195 super
893 2122 1001 2177 hoc
1040 2121 1394 2177 voluntatem
1432 2120 1802 2194 interrogem.
1835 2121 1920 2176 Sit

263 2216 494 2271 missus
511 2213 720 2268 tuusin
749 2212 960 2284 placito
993 2227 1220 2266 mecum
1252 2211 1607 2281 proximo,et
1630 2227 1734 2282 ego
1751 2228 1852 2283 pro
1867 2216 1920 2266 te

265 2305 480 2376 loquar
503 2301 740 2376 populo,
774 2305 830 2356 et
861 2299 1153 2372 siquidem
1186 2299 1298 2354 diis
1327 2299 1653 2354 fautoribus
1692 2299 1775 2353 illi
1811 2305 1920 2354 tum

266 2392 681 2450 consenserint
711 2388 1018 2456 voluntati,
1053 2389 1206 2460 quod
1241 2387 1523 2460 quaesiisti
1555 2389 1921 2460 prosperabi-

265 2488 412 2538 tur:
463 2482 555 2536 sin
608 2485 827 2544 autem,
873 2482 929 2533 et
977 2478 1086 2533 hoc
1135 2477 1238 2532 tibi
1291 2480 1494 2532 notum
1546 2477 1779 2532 fuciam.
1830 2477 1923 2532 sic

268 2571 494 2644 quippe
510 2569 662 2641 apud
679 2585 776 2624 eos
798 2567 979 2622 moris
1009 2571 1116 2633 est,
1132 2566 1601 2637 utquodcunque
1625 2567 1922 2638 negotium

266 2658 579 2732 publicum
613 2657 800 2728 magis
831 2656 887 2710 in
909 2653 1405 2727 populiunanima
1423 2653 1720 2710 voluntate
1744 2671 1922 2726 quam

263 2750 328 2804 in
365 2747 529 2820 regia
561 2745 843 2801 consistat
873 2747 1175 2816 potestate.

262 2854 602 2911 Anscharius
647 2852 838 2907 divina
907 2852 1268 2923 inspiratione
1315 2853 1691 2922 conﬁrmatur.
1746 2851 1926 2907 Sortes

805 2924 998 2998 favent
1026 2924 1211 2995 coeptis
1238 2923 1376 2993 ejus.

339 3032 570 3105 47.:Hoc
602 3046 735 3105 ergo
763 3034 962 3102 pastor
985 3033 1186 3105 noster
1213 3027 1626 3085 devotissimus
1649 3046 1926 3102 responso

264 3123 436 3194 regis
471 3124 728 3192 accepto,
755 3123 940 3174 totum
967 3135 1028 3174 se
1060 3118 1131 3173 ad
1159 3118 1386 3173 Dsmini
1436 3119 1719 3173 convertit
1776 3120 1926 3174 refu-

2027 1974 2084 2029 in
2117 1991 2178 2030 se
2205 1974 2579 2045 sperantibus
2611 1989 2890 2045 magnum
2906 1974 3092 2046 possit
3117 1975 3669 2032 faceresubsidium.

2025 2064 2170 2118 Nam
2200 2061 2367 2116 multi
2393 2063 2519 2133 jam
2545 2066 2810 2116 nostrum
2846 2062 3060 2133 saepius
3082 2067 3139 2116 et
3168 2062 3226 2116 in
3257 2063 3501 2118 marinis
3523 2065 3672 2135 peri-

2029 2151 2199 2222 culis,
2232 2155 2288 2206 et
2317 2149 2376 2204 in
2408 2149 2584 2205 variis
2620 2150 3066 2206 necessitatibus
3114 2150 3222 2206 hoc
3263 2151 3672 2222 probaverunt.

2030 2242 2218 2304 Quare
2248 2255 2384 2312 ergo
2410 2239 2743 2310 abjicimus,
2778 2239 2932 2311 quod
2965 2240 3362 2295 necessarium
3415 2242 3584 2297 nobis
3621 2245 3678 2298 et

2032 2329 2173 2384 utile
2201 2328 2457 2384 scimus?
2490 2327 2819 2400 Aliquando
2855 2344 3063 2400 nempe
3095 2329 3335 2399 quidam
3387 2345 3454 2384 ex
3506 2330 3676 2393 nobis

2035 2418 2386 2472 Dorstadum
2412 2417 2712 2484 adeuntes,
2728 2416 2907 2487 hujus
2930 2415 3227 2488 religionis
3260 2435 3524 2474 normam
3542 2435 3678 2490 pro-

2035 2508 2295 2562 futuram
2328 2505 2436 2560 sibi
2461 2507 3135 2577 sentientes,spontanea
3161 2504 3464 2564 voluntate
3492 2509 3679 2564 susci-

2033 2595 2478 2668 piebant.1\'unc
2510 2594 2706 2649 multae
2739 2594 3086 2664 interjacent
3111 2593 3355 2662 insidiae,
3379 2601 3436 2650 et
3464 2597 3682 2668 pirata-

2035 2701 2167 2739 rum
2198 2682 2570 2738 infestatione
2599 2681 2994 2752 periculosum
3019 2681 3183 2737 valde
3215 2682 3506 2738 nobisiter
3534 2675 3680 2740 illud

2035 2773 2251 2829 factum
2281 2775 2389 2826 est.
2406 2771 2565 2836 Quod
2586 2787 2721 2842 ergo
2739 2775 2858 2825 tam
2876 2768 3048 2842 longe
3071 2769 3328 2841 positum
3354 2773 3518 2843 prius
3533 2789 3684 2844 quaa-

2036 2859 2440 2929 rebamus,hic
2475 2860 2642 2916 nobis
2673 2859 2844 2914 modo
2868 2858 3347 2931 oblatum,quare
3364 2877 3479 2916 non
3501 2861 3685 2918 susci-

2037 2949 2271 3022 pimus?
2301 2953 2357 3005 et
2388 2948 2487 3021 qui
2513 2949 2694 3019 hujus
2726 2948 2826 3004 Dei
2868 2947 3118 3020 gratiam
3175 2948 3345 3004 nobis
3373 2950 3430 3004 in
3479 2950 3683 3006 multis

2038 3038 2242 3094 utilem
2266 3038 2662 3110 probavimus,
2679 3053 2859 3108 quare
2882 3053 3080 3092 servos
3102 3039 3230 3109 ejus
3243 3038 3546 3094 nobiscum
3562 3055 3686 3095 ma-

2039 3143 2176 3183 nere
2206 3143 2322 3181 non
2357 3125 2606 3181 libenter
2645 3124 3039 3182 assentiamus
3068 3127 3095 3180 ?
3118 3127 3431 3195 Attendite,
3465 3129 3685 3201 populi,

267 3213 464 3286 gium.
493 3207 742 3281 ieiuniis
774 3211 832 3263 et
862 3206 1222 3263 orationibus
1253 3212 1678 3279 VacanS,atqne
1708 3209 1766 3262 in
1792 3224 1926 3263 con-
2040 3213 2352 3270 consilium
2383 3216 2670 3279 nostrum,
2695 3216 2752 3267 et
2781 3211 2956 3267 nolite
2979 3212 3226 3283 abjicere
3257 3212 3570 3269 utilitatem
3593 3231 3688 3270 ve-

268 3307 282 3318 ι
335 3301 509 3318 ⁸.·κη-
546 3303 591 3318 ,ι
632 3297 939 3318 -Ρηξ-11---
979 3296 1165 3318 --μ-13-
1220 3295 1469 3318 --Ξ----μ
1527 3296 1577 3318 2..
1623 3302 1923 3318 -____-_A__
1999 3296 2010 3318 ι
2076 3307 2084 3318 ι
2258 3302 2305 3318 ιγ
2347 3301 2401 3318 ι·
2463 3317 2470 3318 ,
2528 3299 2540 3312 ³
2587 3317 2593 3318 ,
2636 3317 2674 3318 κγ
2749 3317 2768 3318 η
2804 3300 2849 3318 I,
2900 3304 3008 3318 ,_,n
3063 3317 3149 3318 ,,,,
3278 3300 3335 3318 0-.

267 3301 517 3356 tritione
540 3303 595 3354 et
627 3297 945 3353 afﬂictlone
974 3296 1167 3352 cordis
1217 3295 1475 3368 seipsum
1527 3296 1584 3350 in
1617 3302 1927 3369 conspectu
1969 3295 2010 3318 υ

271 3388 383 3444 Dei
413 3386 756 3443 bumilians.
791 3385 1008 3440 Verum
1033 3385 1158 3456 ipso
1187 3384 1338 3439 inter
1363 3384 1468 3441 has
1519 3402 1927 3458 pressurarum

275 3477 590 3548 angustias
623 3475 834 3548 posito,
868 3489 1002 3528 cum
1033 3473 1157 3529 dies
1188 3472 1384 3544 placiti
1411 3472 1925 3545 appropinquaret,

277 3566 540 3638 quadam
574 3564 666 3619 die
690 3564 1017 3618 intersacra
1040 3561 1355 3617 missarum
1371 3560 1674 3629 solemnia,
1691 3563 1832 3617 dum
1845 3579 1932 3618 sa-

277 3655 492 3711 cerdos
524 3653 688 3709 altari
722 3656 921 3708 astans
953 3651 1230 3720 mysteria
1257 3667 1423 3706 sacra
1445 3651 1931 3719 benediceret,illi

282 3744 346 3798 in
383 3749 537 3797 terra
567 3745 852 3814 prostrato
885 3739 1137 3796 coelestis
1163 3738 1360 3794 infusa
1389 3743 1476 3795 est
1509 3740 1831 3812 inspiratio.
1855 3741 1932 3794 Si-

279 3831 530 3905 quidem
560 3830 808 3902 Spiritus
853 3827 1036 3885 sancti
1066 3829 1215 3883 dono
1245 3827 1489 3882 interius
1521 3828 1846 3892 roboratus,
1879 3832 1936 3882 et

274 3908 502 3976 ﬁducia
533 3919 786 3974 maxima
814 3919 874 3973 in
912 3917 1108 3972 anima
1137 3917 1515 3983 confortatus,
1541 3915 1934 3988 cognovitsibi

272 4009 481 4067 omnia
502 4011 852 4080 proventura
881 4006 966 4062 uti
994 4005 1186 4061 vellet.
1219 4004 1381 4060 Unde
1413 4005 1600 4060 eidem
1650 4003 1935 4060 sacerdoti

277 4100 394 4155 sibi
432 4099 491 4152 in
525 4096 799 4152 omnibus
823 4094 1288 4151 familiarissime
1310 4097 1440 4166 post
1457 4093 1700 4148 missam
1719 4094 1937 4149 denun-

275 4188 472 4253 tiavit,
516 4185 663 4241 nihil
713 4185 1125 4257 trepidationis
1168 4199 1230 4239 se
1278 4182 1492 4238 habere
1539 4183 1766 4249 debere,
1800 4181 1941 4254 quia

276 4276 474 4351 gratia
505 4274 603 4330 Dei
636 4291 837 4329 secum
865 4271 1379 4328 comitaretur.Cui
1401 4271 1937 4344 interrogantiquo-

279 4366 462 4422 modo
494 4364 551 4419 id
582 4363 777 4430 sciret,
803 4362 1084 4418 divinitus
1116 4361 1224 4416 sibi
1253 4360 1601 4432 inspiratum
1621 4361 1937 4433 respondit.

281 4459 477 4522 Quam
512 4451 724 4509 mentis
756 4453 882 4523 ejus
907 4450 1358 4506 illustrationem
1382 4449 1557 4505 frater
1579 4449 1672 4505 ille
1698 4450 1842 4505 satis
1857 4467 1941 4507 re-

284 4543 584 4616 cognovit,
601 4541 738 4614 quia
766 4540 962 4596 taliter
992 4557 1124 4596 eum
1143 4538 1429 4594 consolari
1451 4538 1729 4594 divinitus
1743 4539 1943 4595 multis

2039 3307 2242 3359 stram.
2258 3301 2437 3356 Nobis
2451 3299 2605 3356 cnim
2625 3300 2859 3372 quando
2883 3304 3114 3355 nostros
3127 3300 3408 3373 propitios
3431 3320 3544 3358 non
3563 3320 3690 3375 pos-

2040 3407 2247 3448 sumus
2279 3390 2490 3445 habere
2520 3391 2681 3456 deos,
2715 3389 2935 3444 bonum
2966 3393 3054 3444 est
3082 3388 3260 3461 hujus
3293 3390 3394 3446 Dei
3431 3391 3685 3464 gratiam

2038 3479 2384 3550 habere,qui
2418 3495 2660 3550 semper
2688 3479 2743 3532 in
2772 3477 3047 3533 omnibus
3078 3483 3268 3550 potest
3297 3483 3353 3535 et
3379 3479 3502 3535 vult
3532 3481 3603 3536 ad
3630 3498 3691 3536 se

2041 3568 2433 3624 clamantibus
2459 3565 2746 3622 auxiliari.
2762 3565 2880 3621 Hoc
2901 3582 3037 3638 ergo
3062 3566 3142 3621 ita.
3156 3574 3481 3639 perorante,
3497 3570 3693 3625 omnis

2043 3656 2359 3712 multitudo
2385 3654 2584 3727 populi
2608 3654 2907 3710 unanimis
2937 3654 3158 3724 effecta,
3192 3655 3371 3728 elegit
3399 3662 3460 3711 ut
3490 3674 3692 3713 secum

2041 3752 2098 3802 et
2127 3745 2456 3801 sacerdotes
2478 3747 2692 3812 essent,
2729 3747 2784 3798 et
2807 3761 2933 3815 quae
2968 3745 3377 3816 competebant
3402 3746 3695 3818 mysteriis

2044 3834 2275 3901 Christi,
2305 3833 2430 3889 sine
2460 3832 2580 3887 ulla
2609 3833 3068 3890 contradictione
3101 3835 3321 3890 fierent.
3357 3836 3474 3890 Rex
3500 3836 3699 3908 itaque

2043 3939 2078 3976 a
2108 3921 2318 3992 placito
2346 3936 2612 3991 surgens.
2632 3921 2831 3976 statim
2852 3939 2986 3976 cum
3007 3923 3200 3979 misso
3221 3925 3423 3979 domni
3440 3927 3698 4001 episcopi

2043 4024 2220 4064 suum
2245 4007 2454 4062 direxit
2483 4007 2777 4074 nuntium,
2804 4010 3093 4064 mandans
3117 4011 3319 4081 populi
3344 4014 3700 4071 unanimita-

2045 4102 2161 4153 tem
2193 4096 2263 4152 ad
2299 4112 2468 4150 suam
2516 4093 2877 4150 voluntatem
2926 4112 3291 4162 conversam,
3321 4098 3559 4169 sibique
3596 4119 3702 4174 per

2047 4185 2245 4242 omnia
2274 4184 2500 4257 placere
2525 4201 2538 4238 :
2565 4184 2812 4239 necdum
2862 4188 3057 4240 tamen
3081 4201 3142 4239 se
3173 4183 3408 4255 plenam
3436 4187 3484 4241 ei
3519 4186 3698 4244 licen-

2047 4275 2193 4331 tiam
2226 4272 2539 4329 concedere
2570 4288 2762 4343 posse,
2791 4271 2973 4327 doncc
3019 4272 3077 4326 in
3133 4272 3246 4328 alio
3277 4272 3514 4344 placito,
3542 4277 3698 4348 quod

2050 4368 2172 4420 erat
2203 4363 2261 4418 in
2293 4362 2474 4418 altera
2501 4365 2664 4433 parte
2690 4361 2852 4432 regni
2887 4361 2978 4416 sui
3010 4361 3568 4434 futurum,idipsum
3597 4382 3698 4438 po-

2052 4450 2208 4524 pulis
2227 4449 2306 4505 ibi
2326 4449 2534 4522 positis
2553 4448 2866 4504 nuntiaret.
2883 4450 3048 4504 Tunc
3062 4449 3272 4504 iterum
3299 4450 3463 4505 bona:
3479 4463 3700 4509 memo-

2053 4541 2150 4596 riae
2182 4541 2348 4598 Pater
2379 4543 2578 4594 noster
2606 4542 2884 4593 consueta
2905 4555 3013 4593 sua
3038 4539 3147 4594 sibi
3181 4540 3486 4611 requirens
3509 4541 3698 4598 subsi-

288 4637 470 4686 antea
492 4629 760 4702 probavit
780 4628 1034 4685 indiciis.
1068 4628 1226 4683 Hanc
1255 4644 1390 4699 ergo
1424 4627 1600 4682 animi
1639 4629 1767 4699 ejus
1796 4628 1947 4684 fidu-
1978 4619 2024 4682 D
2056 4629 2440 4694 dia,divinam
2473 4626 2840 4686 clementiam
2863 4626 3146 4682 intentius
3168 4629 3462 4685 exorabat.
3486 4631 3551 4685 Et
3571 4647 3701 4686 ecce

285 4720 448 4776 ciam
474 4719 674 4775 statim
707 4719 785 4774 rei
819 4717 1183 4774 conﬁrmavit
1209 4721 1468 4772 eventns.
1499 4716 1644 4772 Nam
1673 4733 1790 4784 rex,
1809 4735 1947 4772 con-

284 4808 552 4885 gregatis
563 4808 755 4880 primo
776 4807 1139 4879 principibus
1171 4805 1400 4874 suis,de
1423 4804 1529 4860 hac
1558 4805 1742 4860 Patris
1765 4807 1950 4862 nostri

282 4897 584 4972 legatione
615 4913 750 4954 cum
789 4897 874 4952 eis
922 4899 1169 4951 tractare
1214 4894 1406 4966 cmpit,
1439 4895 1537 4966 qui
1590 4895 1846 4950 sortibus
1875 4896 1946 4968 (τι)

281 4987 674 5061 quaerendum
704 4987 1058 5053 statuerunt,
1078 5000 1206 5055 quae
1239 4999 1418 5054 super
1449 4983 1557 5038 hoc
1594 4983 1834 5039 deorum
1857 5002 1949 5040 vo-

273 5077 491 5134 ‘luntas
517 5079 693 5131 esset.
713 5075 1001 5130 Exeuntes
1029 5073 1206 5145 igitur
1224 5088 1382 5127 more
1427 5071 1690 5144 ipsorum
1714 5073 1771 5128 in
1794 5091 1947 5130 cam-

282 5183 435 5239 pum
469 5165 759 5220 miserunt
788 5166 994 5230 sortes,
1027 5160 1354 5233 ceciditque
1381 5178 1508 5216 sors
1535 5162 1690 5233 quod
1717 5162 1816 5217 Dei
1849 5180 1946 5219 vo-

285 5254 521 5322 luntate
548 5252 750 5326 religio
784 5251 1250 5308 Christianorum
1275 5250 1750 5316 ibifundaretur.
1783 5253 1947 5317 Quod

368 5468 447 5541 (α)
476 5468 636 5541 More
663 5466 970 5541 Germanis
1001 5464 1295 5541 familiari,
1307 5467 1544 5541 auctore
1561 5464 1947 5541 Tacitoin‘lib.

288 5534 658 5595 de‘Moribus
677 5539 1123 5595 Germanorum.
1139 5537 1210 5608 Et
1227 5535 1422 5592 Julius
1441 5534 1632 5608 Gaesar
1642 5539 1795 5608 apud
1811 5537 1953 5594 Ger-

271 5627 510 5668 -manos
521 5627 652 5668 eam
666 5610 847 5668 fuisse
868 5607 1353 5666 consuetudinem
1376 5606 1573 5674 tradit,
1592 5627 1620 5656 «
1636 5606 1701 5663 ut
1717 5612 1958 5666 matres-

290 5682 558 5744 familias
585 5698 788 5743 eorum
819 5681 1077 5741 sortibus
1093 5676 1668 5742 etvaticinationibus
1704 5678 1958 5739 declara-

2058 4718 2256 4792 placiti
2288 4722 2520 4788 tempus
2548 4715 2800 4784 advenit,
2835 4721 2892 4771 et
2915 4733 3012 4771 rex
3044 4716 3326 4789 praeconis
3359 4735 3492 4774 voce
3545 4718 3700 4792 lega-

2061 4808 2277 4863 tionem
2309 4806 2508 4860 domni
2540 4804 3007 4876 episcoPi,atque
3038 4806 3236 4859 omnia
3260 4805 3476 4877 pariter
3500 4808 3701 4879 qumin

2058 4897 2236 4969 priori
2270 4893 2483 4967 placito
2515 4894 2671 4948 dicta
2699 4898 2752 4948 et
2783 4897 2911 4949 acta
2951 4894 3184 4950 fuerant
3231 4893 3489 4950 intimari
3545 4897 3698 4952 fecit.

2053 4985 2258 5041 Divina
2274 5000 2409 5057 ergo
2437 4981 2797 5056 providentia
2819 4981 3400 5056 largiente,omnium
3427 4969 3701 5042 cordaita

2057 5074 2314 5130 adunata
2338 5076 2498 5136 sunt,
2531 5075 2596 5125 ut
2622 5069 2833 5142 prioris
2858 5069 3056 5142 placiti
3105 5087 3454 5127 consensum
3507 5073 3702 5130 cuncti

2055 5161 2383 5228 laudarent,
2404 5162 2461 5215 et
2491 5175 2552 5214 se
2584 5175 2814 5230 quoque
2864 5158 2957 5214 his
3004 5158 3273 5214 assentiri
3319 5159 3464 5217 velle
3511 5162 3703 5219 modis

2057 5251 2333 5307 omnibus
2364 5248 2702 5304 faterentur.
3153 5301 3170 5314 ,
3443 5303 3466 5334 τ
3509 5309 3514 5314 _

2061 5470 2208 5531 rent,
2226 5468 2425 5519 utrum
2449 5461 2710 5533 praelium
2742 5463 3004 5520 commiti
3035 5481 3104 5520 ex
3129 5479 3240 5522 usu
3271 5473 3443 5533 esset,
3465 5482 3703 5532 necne,»

2056 5539 2120 5594 in
2149 5537 2301 5611 lib._i
2332 5537 2402 5611 de
2435 5533 2590 5611 Bello
2620 5533 2855 5592 Gallico.
2890 5535 3041 5611 Lege
3072 5540 3211 5595 Acta
3257 5542 3352 5596 SS.
3375 5534 3704 5594 Vulframni

2064 5614 2122 5668 et
2149 5605 2531 5664 Vuillebrodi.
