4102 6180
395 360 516 420 995

585 493 844 550 Ecclesiae
871 492 1252 551 construenda
1279 494 1481 565 accipit
1509 491 1828 564 facultatem

463 600 554 653 49.
585 603 706 654 Hoc
731 599 931 672 itaque
962 599 1136 666 facto,
1162 604 1473 654 convocato
1505 600 1576 654 ad
1607 615 1672 654 se
1703 615 1799 654 rex
1831 600 2046 654 domno

393 689 690 760 episeopo,
707 704 836 760 quae
869 688 1100 744 fuerant
1121 692 1284 761 gesta
1314 687 1533 744 retulit.
1550 687 1761 760 Sicque
1779 687 2047 744 omnium

391 776 675 832 unanima
702 776 1070 833 voluntateet
1089 793 1379 833 consensu
1400 777 1671 843 decrevit,
1688 780 1752 832 ut
1777 777 1929 848 apud
1949 791 2049 831 eos

391 869 448 922 et
470 864 730 922 ecclesiae
751 865 1197 930 fabricarentur,
1230 871 1288 921 et
1317 866 1646 922 sacerdotes
1669 865 1943 921 adessent
1963 883 1976 932 ;
1993 869 2051 920 et

392 954 728 1026 quicunque
757 953 929 1009 vellet
960 955 1029 1010 de
1061 953 1298 1027 populo,
1324 955 1546 1026 absque
1589 954 2049 1010 contradictione

391 1044 554 1098 fieret
583 1042 976 1100 Christianus.
1014 1043 1278 1099 Domnus
1309 1047 1506 1100 autem
1536 1048 1593 1098 et
1616 1048 1815 1115 pastor
1851 1047 2050 1098 noster

391 1132 733 1204 priedictum
766 1137 1038 1204 nepotem
1067 1132 1418 1187 venerabilis
1436 1133 1742 1188 Gauzberti
1763 1131 2045 1204 episcopi,

389 1219 782 1276 Erimbertum
815 1220 1070 1290 nomine,
1104 1221 1376 1277 manibus
1407 1221 1559 1294 regis
1619 1218 2050 1277 commendavit

396 1312 462 1364 ut
490 1326 596 1365 suo
629 1308 846 1364 auxilio
877 1313 934 1364 et
967 1307 1303 1364 defensione
1325 1307 1824 1373 munitus,divina
1839 1312 2044 1378 myste,

388 1397 474 1454 ria
504 1399 723 1454 ibidem
757 1404 973 1470 ageret.
1007 1397 1111 1452 Cui
1164 1398 1339 1453 etiam
1397 1414 1494 1452 rex
1542 1396 1600 1451 in
1646 1396 1882 1468 przefato
1922 1395 2048 1451 vico

389 1485 603 1542 atrium
629 1503 813 1542 unum
839 1487 910 1541 ad
925 1486 1247 1542 oratorium
1265 1485 1423 1542 dedit
1439 1484 1865 1541 fabricandum.
1883 1488 2050 1539 Dom-

392 1591 505 1630 nus
537 1590 770 1646 quoque
793 1574 1116 1647 episcopus
1151 1574 1491 1647 presbytero
1537 1574 1609 1629 ad
1660 1572 2048 1629 habitandum

393 1663 643 1720 alterum
661 1681 794 1719 cum
815 1665 989 1719 domo
1013 1664 1176 1731 emit,
1196 1664 1580 1736 prmbensque
1600 1663 1753 1719 idem
1768 1679 1866 1718 rex
1883 1662 2047 1718 beni-

391 1751 743 1829 gnissimum
768 1753 921 1808 circa
933 1753 1217 1808 domnum
1231 1751 1570 1824 episcopum
1588 1749 1916 1812 dilectionis
1929 1767 2046 1806 suae

1302 357 1366 420 S.
1415 356 1838 421 ANSCHARII
1886 351 2501 422 HAMBURGENSIS
2548 351 2900 417 EPISCOPI

2083 489 2138 557 Α
2171 488 2505 546 Sueonibus
2536 487 2822 561 patefacta
2849 486 2947 549 sit.
2977 489 3131 543 Gens
3155 485 3320 544 enim
3343 482 3609 556 quaedam
3638 481 3810 555 longe

3692 345 3810 409 996

2156 579 2229 634 ab
2260 577 2347 634 eis
2377 575 2993 650 posita,vocata~Cho.ri
3015 575 3426 647 (a),‘Sueonum
3449 569 3810 644 principatui

2156 653 2294 724 olim
2335 668 2604 738 subjecta
2660 667 2877 733 fuerat;
2911 665 3016 722 sed
3036 665 3165 736 jam
3197 669 3339 720 tunc
3371 662 3470 719 diu
3493 661 3812 733 erat,quod

2156 755 2491 814 rebellando
2522 755 2607 812 eis
2630 754 2840 826 subjici
2873 753 3323 827 dedignabatur.
3360 751 3621 824 Denique
3653 748 3803 806 Dani

2158 846 2313 901 soien
2322 849 2408 902 tes
2419 847 2678 916 tempore
2691 843 3046 915 supradicto,
3064 842 3222 914 quod
3233 842 3487 898 domn-us
3497 840 3813 912 episcopus

2150 936 2277 1007 jam
2311 935 2369 990 in
2403 938 2596 1006 partes
2627 935 2926 990 Sueonum
2948 932 3281 996 advenerat,
3306 927 3543 986 navium
3563 943 3812 1000 congre-

2157 1027 2292 1096 gata
2321 1021 2702 1078 multitudine
2728 1022 2798 1077 ad
2833 1021 3100 1076 eamdem
3133 1023 3510 1092 perrexerunt
3533 1017 3810 1090 patriam,

2155 1112 2415 1170 volentes
2449 1117 2506 1167 et
2535 1112 2688 1168 bona
2720 1127 2922 1166 eorum
2951 1108 3231 1181 diripere,
3251 1111 3308 1163 et
3337 1107 3448 1164 sibi
3481 1123 3580 1162 eos
3611 1107 3812 1177 subju-

2157 1218 2312 1273 gare.
2339 1201 2617 1273 Regnum
2647 1216 2782 1256 vero
2814 1199 3009 1270 ipsum
3044 1197 3304 1269 quinque
3335 1195 3587 1251 habebat
3609 1193 3812 1256 civita-

2155 1294 2264 1346 tes.
2299 1289 2500 1362 Populi
2545 1290 2743 1360 itaque
2783 1285 2926 1343 im'bi
2979 1290 3306 1349 manentes,
3331 1285 3563 1356 cognito
3607 1298 3810 1338 eorum

2156 1379 2427 1444 adventu,
2442 1377 2775 1450 conglobati
2793 1377 2852 1430 in
2873 1392 3060 1433 unum
3083 1378 3382 1446 ceperunt
3400 1371 3812 1443 viriliter.resi~

2157 1472 2417 1536 stere,-et
2439 1485 2546 1524 sua
2578 1466 2886 1522 defendam
2919 1465 3210 1536 :dataque
3238 1462 3351 1518 sibi
3389 1461 3648 1528 victoria,
3683 1477 3811 1515 me-

2156 1555 2368 1612 dietate
2397 1555 2596 1628 populi
2622 1555 2917 1612 Danorum
2952 1553 3106 1610 caede
3134 1550 3646 1624 prostrata,media
3670 1566 3814 1621 quo-

2158 1661 2272 1717 que
2309 1645 2548 1701 navium
2597 1660 2798 1699 eorum
2845 1641 3236 1714 diripuerunf,
3266 1657 3409 1696 auro
3458 1643 3517 1695 et
3564 1643 3809 1710 argento

2155 1733 2480 1806 spoliisque
2519 1731 2725 1788 multis
2766 1732 2840 1788 ab
2889 1732 2974 1787 eis
3009 1730 3298 1802 acceptis.
3345 1727 3506 1792 Quod
3554 1725 3807 1782 audiens

391 1813 643 1897 favorem
695 1840 1106 1897 ﬁdelissimum
1157 1857 1389 1912 quoque
1435 1841 1496 1895 in
1546 1838 1705 1894 omni
1757 1844 1918 1910 parte
1951 1839 2041 1893 sui

2158 1823 2470 1894 praedictus
2502 1836 2599 1876 rex
2629 1819 2761 1876 Olef
2792 1819 3162 1892 populusque
3204 1822 3520 1884 Sueonum,
3550 1813 3810 1870 volentes

386 1929 540 1985 circa
567 1929 1244 2000 Christianaereligionis
1275 1927 1498 1984 cultum
1531 1944 1592 1984 se
1625 1928 1741 1983 fore
1770 1927 1912 1986 velle
1940 1944 2041 1999 pro

390 2017 573 2072 misit.
607 2017 817 2089 Sicque
847 2035 950 2088 per
979 2017 1211 2072 Domini
1242 2016 1492 2088 gratiam
1530 2015 1638 2072 rite
1668 2017 1950 2073 omnibus.
1965 2034 2042 2090 pe

384 2104 583 2172 ractis,
619 2105 874 2160 domnus
906 2104 1216 2178 episcopus
1237 2107 1310 2161 ad
1345 2124 1452 2162 sua
1483 2123 1749 2162 reversus
1789 2110 1895 2162 est.

453 2213 732 2268 Passionis
760 2212 1196 2267 consideratio-ne
1223 2212 1387 2268 disci!
1407 2214 1642 2268 tolerare
1682 2213 1930 2269 adversa.

454 2321 546 2374 50.
582 2320 755 2375 Porro
787 2319 1125 2390 angustiam
1160 2319 1481 2374 maximam
1517 2320 1754 2387 mentis,
1781 2335 1956 2391 quam
1981 2317 2040 2373 in

388 2409 514 2480 ipso
547 2425 860 2480 perpessus
890 2412 980 2463 est
1008 2407 1392 2475 itinere,dum
1412 2408 1553 2464 illud
1575 2408 1686 2464 iter
1715 2411 2038 2480 pararetur,

389 2499 636 2553 Domino
669 2496 977 2563 revelante,
1010 2497 1180 2552 Pater
1213 2501 1414 2553 noster
1457 2497 1870 2553 sanctissimus
1907 2501 2041 2552 ante

389 2586 696 2660 prazscivit.
711 2586 922 2641 Visum
944 2585 1395 2657 namqueestilli
1410 2587 1665 2658 quadam
1685 2591 1870 2652 nocte,
1885 2585 2040 2657 quod

386 2681 620 2748 tempus
644 2680 800 2731 esset
825 2675 1117 2747 passionis
1147 2674 1402 2742 Domini,
1419 2680 1473 2731 et
1496 2676 1648 2748 quod
1669 2674 1764 2730 ille
1786 2690 2042 2747 praesens

389 2765 639 2833 adesset,
655 2782 787 2821 cum
813 2763 1098 2820 Dominus
1126 2764 1156 2819 J
1165 2781 1300 2819 esus
1332 2764 1600 2819 Christus
1622 2780 1655 2818 a
1676 2762 2042 2819 Pilatoduce-

391 2859 554 2909 retur
575 2855 645 2909 ad
678 2853 1058 2917 Herodem,et
1071 2870 1278 2908 rursus
1308 2853 1380 2908 ab
1403 2853 1625 2908 Herode
1657 2851 1728 2907 ad
1761 2851 2037 2920 Pilatum;

393 2943 643 3014 denique
669 2958 804 2997 cum
837 2958 871 2996 a
897 2941 1118 2997 Judaais
1138 2947 1196 2997 et
1225 2940 1512 2997 militibus
1544 2946 1718 3014 sputa
1748 2945 1806 2996 et
1825 2958 2040 3013 oppro-

382 3030 511 3086 bria
532 3030 780 3102 patiens,
819 3046 925 3102 per
951 3029 1149 3085 omnia
1174 3029 1438 3085 membra
1462 3029 1900 3097 verberibus,ut
1931 3029 2040 3101 ipsi

381 3120 707 3186 videbatur,
743 3119 1108 3186 afficeretur;
1142 3119 1267 3191 ipse
1298 3135 1412 3174 non
1445 3119 1727 3175 sutl'erens
1760 3118 2032 3175 sicillum

2151 1912 2262 1966 sibi
2278 1927 2489 1967 nomen
2505 1909 2825 1981 acquirere,
2857 1909 3016 1981 quod
3039 1908 3226 1963 facere
3238 1909 3498 1979 possent,
3513 1921 3641 1977 quae
3663 1903 3811 1960 Dani

2152 2015 2266 2054 non
2289 1999 2572 2066 fecerant;
2597 2002 2654 2054 et
2683 1997 2824 2069 quia
2854 1996 2962 2052 sibi
2987 1997 3165 2052 etiam
3197 2000 3372 2050 antea
3405 1992 3658 2064 subjecti
3693 1993 3810 2048 fuc-

2152 2091 2302 2155 rant,
2336 2085 2750 2144 innumerabili
2781 2088 3131 2158 congregato
3161 2083 3437 2149 exercitu,
3470 2081 3598 2138 illas
3641 2082 3810 2137 adie-

2151 2181 2291 2233 runt
2316 2181 2531 2249 partes.
2565 2175 2633 2230 Et
2662 2175 2852 2247 primo
2883 2174 3122 2245 quidem
3145 2170 3459 2244 improvise
3487 2170 3556 2225 ad
3592 2186 3807 2241 quam-

2150 2266 2284 2322 dam
2317 2265 2521 2321 urbem
2554 2264 2712 2336 regni
2746 2263 3033 2336 ipsorum.
3061 2265 3327 2317 vocatam
3353 2260 3700 2329 Scitin-mw),
3738 2259 3802 2314 in

2152 2371 2269 2426 qua
2298 2358 2464 2408 erant
2493 2356 2714 2424 septem
2757 2351 2919 2406 milia
2957 2354 3374 2423 pugnatorum,
3405 2348 3803 2414 devenientes,

2152 2442 2387 2515 penitus
2403 2440 2558 2496 illam
2581 2441 2936 2496 devastando
2961 2444 3017 2494 et
3031 2437 3336 2511 spoliando
3352 2436 3806 2493 succenderunt.

2150 2531 2372 2588 Exinde
2421 2529 2729 2586 confortati
2781 2529 2998 2596 animo,
3051 2526 3314 2583 dimissis
3375 2525 3638 2590 navibus,
3690 2523 3809 2580 iter

2153 2619 2414 2692 quinque
2443 2618 2669 2674 dierum
2693 2617 3060 2690 arripientes,
3094 2617 3163 2672 ad
3196 2615 3371 2671 aliam
3406 2614 3609 2670 urbem
3640 2613 3804 2686 ipso-

2151 2727 2304 2776 rum,
2328 2725 2452 2780 qua:
2472 2706 2763 2780 Apulia(c)
2787 2705 3298 2772 dicebatur,eifero
3331 2703 3501 2759 corde
3531 2719 3809 2774 propera-

2151 2799 2313 2854 bant.
2345 2797 2519 2853 Erant
2550 2800 2746 2852 autem
2769 2795 2827 2850 in
2861 2811 2927 2851 ea
2958 2795 3100 2850 urbe
3131 2791 3462 2866 quindecim
3478 2789 3668 2846 millia
3693 2789 3807 2846 bel-

2149 2887 2424 2943 latorum.
2473 2886 2618 2941 Cum
2664 2885 2862 2956 itaque
2910 2881 3008 2938 illo
3069 2881 3458 2946 advenissent,
3510 2878 3806 2936 conclusis

2152 2976 2295 3049 ipsis
2329 2976 2385 3030 in
2419 2974 2669 3041 civitate,
2704 2973 2801 3028 isti
2849 2989 2882 3028 a
2935 2971 3075 3028 furis
3109 2971 3313 3026 urbem
3366 2968 3658 3025 debellare
3721 2967 3808 3023 illi

2155 3066 2226 3120 de
2257 3065 2418 3120 intus
2450 3080 2670 3136 cmpere
2701 3060 2941 3118 viriliter
2971 3057 3420 3133 repugnarezilli
3445 3056 3804 3113 intrinsecus

2151 3153 2555 3217 defendebsnt,
2609 3151 2706 3206 isti
2775 3149 3027 3206 exterius
3100 3145 3547 3220 impugnabant,
3599 3141 3808 3218 sicque

384 3214 1321 3309 .pumrilaccurren?’Opposuit”
1352 3211 1484 3278 poet
1773 3224 2038 3309 eius?”
2074 3227 2117 3294 C
2147 3241 2505 3299 transierunt
2530 3240 2652 3294 dies
2686 3243 2834 3303 octo,
2855 3243 2918 3292 ut
2939 3237 3096 3294 omni
3130 3237 3222 3291 die
3253 3253 3287 3290 a
3319 3251 3492 3290 mane
3523 3233 3801 3307 usquead

382 3297 747 3398 Pera‘Ttibus'
767 3294 2036 3403 Omniaquevel‘ber";quaillfinnigﬁb?"furi
2480 3294 2832 3382 dimicantes
2856 3325 3006 3380 bello
3039 3325 3341 3391 instarent,
3377 3328 3433 3379 et
3465 3294 3631 3378 multi
3652 3322 3798 3377 hinc

386 3387 514 3458 ipse
540 3387 599 3442 in
635 3403 874 3459 corpore
904 3403 1011 3442 suo
1029 3386 1370 3458 susciperet,
1385 3390 1622 3457 excepto
1644 3384 1797 3456 quod
1817 3388 2040 3440 statura

390 3475 702 3547 procerior,
719 3474 909 3547 capite
926 3474 1023 3530 illo
1037 3473 1388 3530 eminentior
1403 3473 1726 3542 videbatur,
1745 3476 1803 3528 et
1823 3471 2039 3528 idcirco

385 3563 531 3620 illud
566 3564 878 3620 defendere
912 3581 1026 3618 non
1061 3565 1304 3635 poterat.
1339 3562 1500 3616 Hanc
1529 3561 1725 3633 itaque
1755 3560 2040 3616 visionem

389 3653 562 3708 miles
595 3653 847 3707 invictus
878 3651 1114 3718 Christi,
1149 3650 1286 3722 quid
1318 3649 1674 3721 signiﬁcaret
1711 3649 1875 3720 prius
1925 3666 2040 3705 non

391 3741 679 3812 cognovit,
711 3757 889 3811 quam
921 3740 993 3794 de
1023 3739 1128 3793 hoc
1161 3739 1368 3793 itinere
1398 3754 1663 3792 reversus
1691 3743 1885 3793 mente
1926 3744 2040 3794 tra-

389 3827 584 3892 ctavit,
599 3833 818 3897 quanta
847 3827 1158 3898 opprobria
1178 3831 1235 3882 et
1257 3825 1556 3880 irrisiones
1577 3825 1652 3880 ibi
1675 3825 2042 3893 sustinuerit,

389 3919 446 3971 et
466 3915 522 3970 in
537 3919 758 3987 quanta
769 3915 1044 3987 angustia
1064 3915 1634 3986 fuerit,quantasque
1647 3913 2044 3987 blasphemiae

394 4005 453 4059 in
479 4003 662 4059 Deum
684 4003 878 4060 illatas
897 4004 976 4059 ibi
1000 4003 1324 4060 sustulerit.
1344 4004 1491 4060 Nam
1519 4008 1809 4076 quantum
1833 4005 1902 4060 ad
1917 4005 2046 4075 ejus

389 4091 1176 4166 pertinuitanimum,ibiille
1191 4093 1508 4148 sinedubio
1534 4110 1638 4166 pro
1662 4093 1890 4148 Christo
1912 4110 2044 4165 pas-

390 4199 493 4238 sus
513 4186 695 4249 est,et
718 4181 798 4238 ibi
831 4181 1099 4238 Christus
1130 4183 1190 4238 in
1225 4199 1391 4238 servo
1423 4199 1530 4238 suo
1559 4181 1725 4254 prius
1756 4181 2048 4238 sibiillata

393 4271 587 4327 denuo
618 4269 906 4326 sustinuit
935 4271 1307 4343 iniproperia.
1326 4271 1506 4327 Porro
1527 4271 1681 4342 quod
1701 4270 2046 4342 caputillius

361 4359 705 4416 'defendere
735 4377 849 4416 non
881 4360 1252 4432 poterat,hoc
1274 4359 1606 4432 signiﬁcem
1634 4359 1895 4432 putabat,
1913 4359 2051 4431 quia

389 4453 566 4521 caput
594 4448 804 4504 Christi
825 4456 993 4517 Deus,
1015 4449 1182 4521 quod
1206 4449 1558 4520 pressiones,
1592 4464 1742 4519 quas
1773 4451 1957 4503 sancti
1991 4449 2048 4503 in

391 4536 500 4593 hoc
535 4539 754 4592 mundo
786 4555 888 4610 pro
920 4537 1149 4592 Cbristo
1181 4537 1496 4604 sustinent,
1520 4536 1731 4609 partim
1765 4536 1940 4592 etiam
1972 4537 2044 4592 ad

391 4627 582 4699 ipsam
618 4626 714 4681 Dei
744 4626 1073 4698 pertineant
1100 4626 1473 4696 majestatem
1509 4641 1520 4680 :
1555 4641 1704 4696 quas
1735 4625 1860 4697 ipse
1890 4625 1949 4679 in
1983 4642 2043 4682 se

335 4774 344 4782 ,
389 4715 826 4787 quodammodo
858 4713 1270 4785 compatiendo
1301 4714 1650 4787 suscipiens,
1686 4715 1757 4769 ad
1809 4717 2044 4786 tempus

390 4805 626 4876 quidem
657 4804 884 4869 tolerat,
917 4803 1020 4858 sed
1055 4803 1407 4874 quandoque
1437 4802 1697 4860 districto
1719 4804 1971 4875 judicat.

498 4911 797 4968 Curlamlos
827 4910 891 4967 de
919 4911 1095 4968 Danis
1128 4912 1354 4966 victores
1385 4909 1544 4966 Succi
1568 4916 1906 4982 oppugnant.

463 5023 473 5063 ῖ
503 5020 548 5072 1.
582 5018 695 5074 Nec
727 5017 1196 5090 praetereundum
1246 5031 1482 5088 quoque
1527 5016 1761 5072 videtur
1791 5017 2042 5089 qualiter

392 5105 575 5162 virtus
610 5108 835 5164 Domini
871 5111 1002 5180 post
1033 5105 1184 5162 hanc
1232 5104 1650 5177 profectionem
1693 5105 1819 5177 jam
1871 5107 2042 5163 dictis

469 5291 543 5418 sa)
564 5291 782 5372 lidamo
813 5291 1144 5374 Curiandia,
1170 5308 1308 5375 quae
1340 5307 1504 5372 gens,
1537 5293 1622 5372 uti
1656 5291 1790 5374 ipse.
1813 5292 1894 5347 ait
1914 5309 2042 5374 cru-

394 5361 464 5420 de
489 5379 720 5444 lemma,
748 5364 1184 5444 plagitur_mari
1213 5362 1516 5444 D‘alticoet
1555 5380 1688 5444 sinu
1733 5364 2001 5444 Livonico
2027 5381 2042 5431 ;

397 5433 969 5507 contigua'Livoniae,
1001 5435 1356 5507 Samogitiaa,
1375 5434 1762 5507 iLituan_ize_.A
1785 5444 1888 5491 toto
1917 5438 2046 5491 orbe

394 5509 478 5580 ibi
505 5505 1286 5580 responsapetunlnr,inquit
1307 5505 1658 5580 Adamusin
1682 5505 1884 5580 lib.i1i,
1915 5523 2042 5580 cap.

391 5575 483 5643 75,
516 5575 760 5634 maxime
787 5575 856 5632 ab
882 5577 1135 5648 Hispanis
1155 5575 1469 5648 etiGraecis,
1499 5577 1600 5648 qui
1648 5580 1706 5634 et
1751 5577 1915 5637 addit
1957 5575 2044 5635 ifi-

396 5651 552 5712 colas
583 5652 780 5710 vestitu
810 5645 1122 5709 monachico
1150 5646 1354 5704 induto
1385 5645 1531 5704 esse}

2149 3423 2206 3475 et
2231 3418 2363 3473 inde
2394 3417 2686 3484 caderent,
2703 3419 2912 3471 neutra
2939 3419 3134 3470 tamen
3166 3430 3301 3485 pars
3333 3412 3634 3468 victoriam
3657 3411 3805 3467 obti-

2150 3511 2332 3564 neret.

2153 3597 2278 3652 Diis
2323 3597 2532 3666 [instra
2598 3594 2878 3660 invocatis,
2912 3592 2981 3648 ad
3029 3592 3306 3648 Christum
3361 3607 3420 3646 se
3465 3597 3803 3647 convertunt.

2220 3685 2308 3738 52.
2334 3688 2474 3738 Cum
2507 3698 2639 3739 ecce
2671 3699 2823 3738 nono
2856 3681 2946 3736 die
2977 3679 3227 3753 populus
3243 3683 3537 3736 Sueonum
3570 3678 3800 3734 diutina

2153 3773 2306 3828 czede
2356 3771 2652 3844 fatigatus,
2688 3771 2859 3842 coepit
2906 3768 3251 3842 angustiari,
3288 3773 3345 3823 et
3393 3767 3602 3822 timido
3634 3766 3804 3822 corde

2153 3877 2541 3934 expavescens
2590 3859 2699 3914 hoc
2749 3858 2943 3914 solum
3005 3857 3258 3930 cogitare
3317 3856 3613 3929 quomodo
3672 3855 3806 3910 inde

2153 3950 2438 4005 evaderet.
2488 3947 2608 4014 Hic,
2638 3947 2938 4018 inquiunt,
2971 3963 3086 4001 non
3121 3946 3500 4018 proficimus,
3525 3950 3583 3999 et
3634 3960 3807 3999 naves

2155 4043 2366 4094 nostra:
2397 4037 2568 4109 longe
2594 4037 2829 4091 absunt.
2847 4035 2993 4090 Nam
3025 4033 3284 4106 quinque
3315 4034 3650 4102 dierum,ut
3671 4049 3810 4104 pra:-

2154 4127 2431 4194 diximus,
2465 4124 2575 4180 iter
2603 4128 2727 4180 erat
2756 4123 2828 4180 ad
2859 4129 3114 4196 portum,
3150 4123 3209 4178 in
3250 4140 3366 4196 quo
3403 4139 3580 4180 naves
3603 4137 3806 4178 eorum

2158 4216 2414 4272 stabant.
2435 4215 2577 4269 Cum
2596 4229 2733 4285 ergo
2767 4213 2906 4284 quid
2933 4212 3050 4268 sibi
3079 4218 3234 4269 esset
3266 4211 3806 4286 agedum,nimium

2156 4303 2374 4360 turbati
2406 4301 2758 4359 omnimodis
2783 4301 3095 4367 nescirent,
3138 4302 3520 4374 quaerendum
3550 4299 3805 4355 sortibus

2159 4397 2510 4460 statuerunt,
2527 4397 2726 4447 utrum
2747 4391 2827 4446 dii
2860 4407 3062 4446 eorum
3092 4389 3303 4446 vellent
3325 4388 3618 4454 auxiliari,
3639 4392 3701 4444 ut
3721 4385 3805 4442 vel

2158 4481 2460 4538 victoriam
2494 4483 2794 4552 caperent,
2823 4478 2911 4534 vel
2943 4479 3054 4534 vivi
3087 4479 3222 4534 inde
3251 4478 3579 4536 evaderent.
3612 4476 3809 4534 Missis

2163 4571 2359 4643 itaque
2391 4570 2670 4635 sortibus,
2702 4567 3000 4624 neminem
3023 4569 3262 4624 deorum
3295 4569 3395 4640 qui
3429 4567 3514 4622 eis
3545 4564 3807 4622 subsidio

2155 4677 2282 4716 esse
2314 4657 2505 4725 vellet,
2539 4658 2790 4730 reperire
2821 4662 3155 4730 potuerunt.
3189 4656 3352 4722 Quod
3399 4671 3534 4712 cum
3581 4655 3806 4709 denun-

2157 4745 2472 4805 tiareturin
2504 4745 3083 4820 populo,ululatuset
3107 4745 3693 4820 gemitusimmensus
3708 4758 3808 4800 ex-

2155 4838 2369 4894 citatus
2384 4835 2553 4891 estin
2584 4835 2813 4902 castris,
2831 4836 3138 4908 omnisque
3151 4835 3338 4890 virtus
3356 4835 3428 4891 ab
3450 4835 3535 4890 eis
3547 4830 3805 4888 recessit.

2154 4924 2636 4997 Quid,inquiuut,
2656 4923 2918 4980 infelices
2951 4923 3135 4980 acturi
3170 4923 3430 4981 sumus?
3461 4923 3540 4978 dii
3561 4935 3811 4980 recesse-

2153 5021 2342 5071 runta
2372 5013 2562 5078 nobis,
2587 5017 2645 5067 et
2676 5011 2875 5069 nullus
2888 5030 3087 5070 eorum
3104 5013 3438 5084 adjutorest
3454 5006 3650 5066 nostri!
3668 5008 3812 5072 Quo

2153 5101 2492 5177 fugiamus?
2524 5102 2665 5156 Ecce
2688 5119 2866 5158 naves
2895 5109 3110 5158 nostrae
3141 5099 3374 5175 longius
3423 5104 3561 5156 sunt
3599 5094 3813 5169 posita

2227 5292 2301 5363 (ὁ)
2323 5290 2650 5363 Seburgum
2676 5288 2796 5363 sive
2819 5289 3165 5363 Selburgum
3187 5288 3512 5363 etiamnum
3527 5285 3595 5342 ad
3609 5283 3808 5363 d‘extef

2155 5357 2293 5418 ram
2315 5357 2729 5432 ripamDuina:
2764 5360 2918 5416 fluvii
2951 5357 3056 5416 ari
3077 5366 3166 5416 est
3189 5361 3358 5415 ducis
3379 5357 3726 5422 Curlandite,
3744 5358 3813 5408 ut

2157 5431 2386 5490 notavit
2411 5431 2834 5489 Hensohenius.

2227 5505 2297 5576 (ε)
2321 5503 2610 5561 Gualdoni
2630 5504 2888 5575 Appulia.
2906 5503 3312 5562 Henscbeaius
3333 5502 3812 5576 suspicaturesse

2157 5575 2341 5632 Pilam
2392 5575 2596 5640 urbem
2641 5575 2702 5630 in
2737 5575 3005 5634 conﬁniis
3064 5574 3388 5636 Curlaudiae
3437 5579 3495 5632 et
3544 5573 3810 5642 Sanies!-

2202 5592 2341 5632 nam
2392 5592 2596 5640 urbem
2641 5592 2702 5630 in
2737 5592 3005 5634 οοηιιωιε
3064 5592 3388 5636 Cumanam
3437 5592 3495 5632 ει
3544 5592 3568 5630 ἒ

2156 5648 2272 5706 tim.
