4026 6180
238 355 358 415 997

1857 353 2041 415 VITA

3526 367 3647 433 998

237 483 720 561 fugientibusque
738 483 1011 560 nobisisti
1028 484 1402 558 insequentes
1419 500 1606 557 usque
1623 485 1694 541 ad
1715 485 1884 540 inter—
1914 485 1971 554 Α
1999 487 2086 539 ter
2105 501 2139 540 a
2159 498 2330 542 carne
2349 486 2766 546 abstinentiam
2785 493 3205 563 agerenLQuod
3227 501 3284 553 et
3300 499 3516 556 factum
3533 505 3643 568 est,

240 573 544 630 necionem
569 591 675 629 nos
698 573 998 643 delebunt;
1026 575 1166 647 quid
1199 575 1334 648 ergo
1365 574 1534 630 nobis
1565 574 1713 630 erit?
1743 573 1888 628 Cum

234 661 436 735 itaque
467 661 526 717 in
555 666 723 717 tanta
742 666 938 718 essent
951 662 1227 736 angustia
1247 661 1891 740 positi,quidamlnego-

234 752 516 808 tiatorum
548 767 837 807 memores
864 751 1140 807 doctrinis
1185 755 1242 807 et
1273 750 1661 826 institutionis
1690 750 1889 806 domni

235 839 516 914 episcopi,
551 856 865 914 suggerere
898 840 982 896 eis
1030 845 1350 913 coeperunt.
1383 840 1558 908 Deus,
1594 839 1890 914 inquiunt,

240 929 728 994 Christianorum,
754 928 1225 985 multoties-ad-se
1249 927 1636 984 clamentibus
1659 927 1898 985 auxilia-

240 1022 364 1086 tur,
395 1023 454 1074 et
475 1018 929 1090 {potentissimus
961 1022 1049 1074 est
1077 1017 1136 1072 in
1175 1018 1523 1090 adjuvando.
1557 1019 1895 1082 Quaramus

242 1126 317 1163 an
346 1106 445 1163 ille
467 1099 775 1164 nobiscum
798 1101 925 1162 esse
947 1106 1106 1173 velit,
1124 1111 1182 1162 et
1201 1111 1334 1163 vota
1353 1106 1437 1162 illi
1461 1106 1673 1179 placita
1692 1106 1897 1162 libenti

243 1196 443 1253 animo
466 1195 882 1268 spondeamus.
899 1195 1174 1251 Omnium
1198 1195 1395 1266 itaque
1417 1200 1622 1268 rogatu
1643 1194 1897 1268 supplici

245 1285 435 1340 missa
465 1301 614 1358 sors,
643 1287 699 1340 et
728 1284 1028 1339 inventum
1077 1284 1233 1356 quod
1279 1283 1546 1339 Christus
1595 1283 1678 1339 eis
1726 1282 1900 1339 vellet

248 1373 539 1429 auxiliari.
572 1373 734 1436 Quod
768 1372 1165 1445 cum-publice
1211 1373 1621 1428 denuntiatum
1671 1372 1898 1428 cunctis

247 1460 898 1531 innotuisset,omnium
925 1461 1100 1516 corda
1123 1461 1204 1516 ita
1232 1461 1426 1516 subito
1449 1462 1718 1517 roborata
1737 1465 1900 1529 sunt,

248 1557 313 1607 ut
343 1549 653 1606 confestim
685 1549 758 1605 ad
792 1549 995 1605 urbem
1018 1549 1467 1623 expugnandam
1491 1549 1765 1622 intrepidi
1789 1549 1900 1606 vel-

246 1640 371 1696 lent
402 1639 694 1695 accedere.
729 1637 898 1706 Quid,
930 1637 1225 1710 inquiunt.
1260 1637 1429 1694 nobis
1481 1655 1638 1694 nunc
1694 1638 1900 1694 formi-

243 1728 535 1797 dandum,
552 1727 765 1800 quidve
798 1726 1125 1799 pavendum
1148 1731 1237 1782 est
1255 1726 1282 1780 ?
1313 1727 1580 1782 Christus
1602 1732 1690 1783 est
1710 1728 1904 1802 nobis-

248 1835 408 1886 cum,
443 1832 774 1890 pugnemus
803 1819 859 1871 et
887 1814 1129 1870 viriliter
1150 1831 1415 1888 agamus,
1441 1815 1586 1871 nihil
1609 1816 1778 1872 nobis
1801 1817 1902 1872 ob-

249 1906 651 1978 stare'poterit
685 1923 696 1961 :
731 1921 834 1960 nec
864 1903 1047 1960 deerit
1075 1904 1244 1959 nobis
1275 1907 1432 1960 certa
1469 1904 1731 1973 victoria,
1765 1906 1904 1977 quia

248 1987 732 2069 potentissimum
763 1993 1005 2049 deorum
1039 1993 1222 2048 nostri
1245 1993 1573 2064 adjutorem
1595 1993 1902 2051 habemus.

250 2082 599 2156 Conglobati
628 2098 762 2154 ergo
793 2099 996 2137 omnes
1029 2081 1156 2137 laeto
1187 2085 1244 2136 et
1274 2081 1406 2137 forti
1445 2082 1642 2138 animo
1685 2083 1755 2139 ad
1807 2083 1904 2139 de-

249 2171 586 2230 bellandam
613 2171 854 2243 profecti
886 2175 1027 2226 sunt
1055 2171 1282 2227 urbem.

257 2262 556 2319 Victoriam
585 2261 830 2316 obtinent
855 2259 1058 2331 [ledere
1084 2262 1228 2332 [acto
1254 2261 1502 2332 ;jejunia
1525 2266 1751 2328 vovent;
1776 2263 1910 2318 etce-

843 2350 1083 2422 mosynis
1108 2354 1322 2404 vacant.

318 2438 711 2510 53.'Cumque
739 2437 795 2492 in
851 2437 1096 2493 circuitu
1156 2442 1416 2494 astantes
1471 2455 1728 2512 pugnam
1760 2440 1908 2496 inire

242 2528 479 2595 vellent,
496 2521 684 2582 abhis
717 2526 816 2599 qui
840 2525 1195 2583 intrinsecus
1218 2533 1404 2594 erant,
1434 2527 1797 2599 postulatum
1819 2534 1910 2584 est

245 2623 313 2673 ut
343 2617 514 2688 capia
542 2616 628 2672 eis
657 2617 896 2672 daretur
923 2615 1418 2687 loquendi.'Quod
1450 2633 1584 2672 cum
1617 2635 1713 2672 rex
1735 2619 1909 2674 Sueo-

249 2723 399 2761 num
432 2704 761 2771 annuisset,
791 2703 875 2758 illi
906 2704 1206 2760 subsecuti
1237 2710 1377 2760 sunt
1408 2722 1421 2761 :
1455 2705 1632 2762 Nobis
1649 2707 1775 2777 jam
1798 2724 1909 2778 pax

250 2795 448 2868 magis
471 2811 656 2867 quam
691 2810 890 2866 pugna
909 2793 1117 2866 placet,
1150 2794 1337 2849 et'fmd
1347 2811 1416 2848 us
1437 2794 1738 2850 vobiscum
1762 2795 1908 2852 inire

251 2885 549 2956 cupimus.
565 2882 836 2955 Etprimo
848 2881 1086 2954 quidem
1099 2882 1386 2954 quidquid
1408 2899 1477 2938 ex
1499 2883 1702 2954 spoliis
1717 2889 1908 2940 Dano-

248 2990 383 3041 rum
397 2972 690 3049 prasterito
707 2988 861 3027 anno
872 2971 931 3026 in
949 2987 1090 3026 auro
1103 2975 1158 3026 et
1170 2970 1350 3026 armis
1361 2971 1909 3043 acquisivimus,vo-

248 3063 342 3129 bis
353 3053 716 3134 promunere
731 3059 960 3116 foederis
972 3060 1431 3116 damus.Deinde
1439 3078 1543 3133 pro
1557 3078 1909 3135 unoquoque

248 3151 564 3210 hominum
596 3149 655 3205 in
691 3149 800 3204 hac
829 3149 974 3204 urbe
1003 3145 1453 3204 constitutorum
1498 3149 1805 3206 dimidiam
1839 3152 1907 3206 li-

2000 589 2318 646 omnesque
2350 576 2449 647 qui
2480 575 2557 632 ibi
2592 578 2919 648 adfuerant,
2949 581 3057 638 hoc
3107 588 3393 643 statutum
3429 588 3646 646 libenti

1999 662 2367 743 perfecerunt
2387 664 2620 722 animo:
2645 667 2814 723 multi
2836 670 3009 726 etiam
3024 677 3167 744 .post
3187 673 3295 730 hac
3328 679 3648 736 reverentia
3702 713 3710 720 π

2000 754 2059 805 et
2090 768 2285 808 amore
2316 752 2528 809 Christi
2563 757 2717 828 apud
2749 773 2847 813 eos
2870 758 3136 831 jejuniis,
3169 780 3300 835 qum
3337 765 3649 824 Christiani

2003 840 2406 909 observabant,
2457 841 2728 900 insistere
2777 846 3138 919 incipientes,
3173 851 3652 928 et-eleemosynis

2003 930 2279 1001 (namque
2293 930 2632 987 hocChristo
2645 937 2876 1006 gratum
2891 937 3188 1011 didicere),
3208 942 3504 1012 quoslibet
3515 961 3654 1017 pau-

2005 1033 2171 1090 peres
2202 1018 2476 1090 adjuvare
2524 1029 2845 1096 cmperunt.
2892 1025 3101 1099 Sicque
3149 1029 3340 1087 favore
3387 1032 3652 1090 omnium

2006 1107 2320 1178 praedictus
2350 1109 2713 1167 Erimbertus
2734 1115 3206 1174 sacerdos-libere
3227 1121 3380 1191 apud
3403 1137 3504 1177 eos
3525 1139 3656 1194 quae

2006 1194 2108 1250 Dei
2139 1200 2279 1251 sunt
2301 1213 2488 1269 agere,
2505 1203 2562 1254 et
2589 1202 2814 1258 cunctis
2840 1203 3054 1260 Christi
3077 1207 3656 1278 potentiam'landen-

2007 1282 2186 1351 tibus,
2212 1283 2509 1356 religionis
2540 1288 2747 1363 divina:
2778 1291 2836 1346 in
2872 1290 2988 1368 illis
3008 1296 3273 1366 partibus
3300 1297 3526 1354 devotio
3557 1316 3662 1355 au-r

2008 1375 2313 1444 gmentum
2346 1375 2437 1430 sui
2471 1377 2542 1432 ab
2573 1376 2672 1434 illo
2702 1382 2960 1454 tempore
2989 1382 3116 1440 sine
3146 1384 3325 1442 ullius
3365 1388 3655 1444 contradi-

2008 1461 2199 1540 ctione
2228 1464 2400 1535 cmpit
2430 1465 2666 1522 habere.

2008 1545 2198 1606 llorico
2219 1551 2449 1622 juniore
2474 1558 2630 1626 patri
2656 1559 2988 1628 succedente,
3023 1562 3258 1618 ecclesiae
3285 1565 3467 1620 aditus
3483 1567 3660 1624 occlu-

2079 1652 2189 1704 sus,
2222 1637 2347 1693 dem
2377 1656 2499 1712 rege
2530 1643 2737 1700 volente
2764 1661 3038 1703 concessus
3057 1667 3078 1703 :
3108 1649 3338 1706 alterius
3362 1654 3660 1713 condenda:

2080 1725 2314 1794 facultas
2343 1728 2488 1784 data.

2082 1813 2171 1868 54.
2204 1814 2360 1904 Inter
2389 1816 2508 1873 haec
2531 1835 2662 1875 vero
2683 1820 2876 1878 divino
2898 1824 3142 1898 contigit
3154 1827 3400 1899 judicio,
3421 1835 3485 1885 ut
3505 1831 3660 1904 pira-

2015 1903 2206 1957 tarum
2238 1903 2605 1963 infestatione
2637 1913 3240 1972 memoratusvllorous
3270 1934 3386 1986 rex,
3423 1903 3664 1993 quibus-

2015 1990 2148 2045 dam
2183 1993 2527 2067 propinquis
2571 1996 2749 2068 hujus
2779 2017 3024 2073 regnum
3059 2004 3242 2075 ipsius
3272 1990 3542 2064 invadere
3569 2027 3662 2066 oo-

2017 2080 2314 2152 nantibus,
2348 2082 2499 2141 bello
2530 2086 2914 2160 interemptus
2943 2091 3290 2163 (a)sit:cum
3313 2083 3428 2167 quo
3450 2097 3668 2169 pariter

2016 2172 2535 2242 omnesprimores
2569 2179 2732 2230 terra:
2765 2177 2944 2246 illius,
2980 2181 3078 2252 qui
3107 2181 3246 2238 olim
3277 2185 3509 2241 domno
3539 2188 3666 2258 epi-

2017 2274 2190 2330 sc0po
2210 2260 2526 2318 familiares
2547 2267 2603 2318 et
2623 2264 2794 2320 amici
2819 2266 3205 2340 habebantur,
3220 2272 3414 2344 gladio
3439 2275 3668 2331 interie-

2017 2353 2171 2402 runt.
2202 2348 2417 2404 Deinde
2447 2356 2578 2422 post
2609 2352 2729 2408 haec
2778 2357 3096 2414 constituto
3146 2359 3203 2414 in
3249 2378 3428 2434 regno
3469 2364 3665 2435 ipsius

2017 2435 2224 2492 Horico
2245 2438 2749 2514 juniore,quidam
2775 2443 3184 2519 illorum,quos
3207 2449 3302 2505 ille
3324 2456 3464 2508 tunc
3489 2452 3666 2509 habe-

2017 2525 2120 2580 bat-
2141 2525 2520 2599 principes,et
2543 2531 2740 2586 minus
2764 2537 2936 2589 antea
2958 2535 3182 2592 domno
3197 2540 3414 2610 cogniti
3439 2542 3669 2597 fuerant

2017 2613 2309 2687 episcopo,
2344 2619 2692 2687 persuadere
2721 2620 2770 2674 ei
2804 2629 3105 2693 capt-runt
3135 2629 3198 2679 ut
3227 2627 3471 2682 ecclesia
3511 2631 3663 2702 apud

2017 2719 2115 2758 eos
2149 2704 2298 2759 facta
2327 2705 2743 2775 destrueretur,
2777 2714 2831 2764 et
2865 2709 3068 2782 religio
3100 2713 3552 2770 Christianitatis
3585 2717 3665 2772 ibi

2019 2796 2204 2864 empta
2234 2793 2678 2862 annihilaretur,
2711 2797 2970 2854 dicentes
3001 2799 3140 2857 deos
3165 2819 3312 2858 suos
3342 2803 3452 2859 sibi
3484 2804 3665 2862 iratos

2017 2897 2165 2947 esse,
2195 2886 2252 2937 et
2282 2883 2596 2954 quod'ideo
2628 2890 2790 2942 tanta
2819 2905 2916 2943 eos
2951 2888 3107 2944 mala
3152 2889 3497 2963 invenerint,
3525 2895 3666 2966 quia

2017 2969 2729 3056 altertiusetincogniti-Dei
2747 2975 3037 3033 culturam
3057 2981 3212 3052 apud
3237 2994 3299 3037 se
3321 2985 3665 3056 receperint.

2019 3063 2141 3126 Qua
2163 3053 2242 3116 ‘de
2273 3078 2333 3116 re
2362 3077 2554 3117 comes
2587 3064 2806 3135 praefati
2857 3065 2984 3135 vici,
3018 3069 3339 3125 Scleaswich
3376 3053 3664 3138 videlicet,

2017 3149 2254 3204 nomine
2274 3149 2541 3223 Hovi,qui
2564 3151 2700 3207 huic
2722 3153 2988 3227 celigioni
3011 3157 3299 3230 praecipue
3335 3160 3662 3229 resistebat,

248 3241 420 3296 bram
452 3239 675 3312 argenti
709 3238 1008 3294 offerimus
1039 3255 1053 3305 ;
1086 3241 1142 3293 et
1170 3237 1414 3309 insuper
1440 3255 1706 3308 censum,
1728 3257 1901 3312 quem
1943 3223 1985 3291 (ἶ
2014 3242 2070 3293 et
2095 3239 2170 3293 ad
2197 3240 2620 3296 destruendam
2650 3223 3106 3301 Christianitatis
3127 3223 3300 3302 fidem
3321 3265 3515 3321 regem
3539 3223 3664 3322 pro;

248 3334 426 3384 antea
457 3327 790 3388 solebamus
820 3327 984 3382 vobis
1015 3327 1175 3394 dare,
1211 3327 1599 3399 persolvimus
1624 3347 1636 3383 :
1665 3334 1722 3384 et
1751 3329 1905 3384 datis

249 3416 585 3484 obsidibus,
600 3416 808 3471 abhinc
832 3415 1080 3486 subjecti
1102 3419 1158 3470 et
1186 3415 1542 3482 obedientes,
1567 3417 1718 3472 sicut
1737 3422 1906 3474 antea

250 3506 722 3573 fuimus,"-vestro
747 3504 990 3577 imperio
1020 3520 1145 3559 esse
1175 3502 1626 3562 volumus.Cum
1652 3506 1774 3562 haec
1797 3507 1904 3563 ita-

249 3611 370 3667 que
400 3593 599 3650 oblata
628 3593 864 3660 fuerint,
898 3594 1148 3649 necdum
1182 3598 1375 3650 tamen
1415 3595 1597 3650 animi
1619 3595 1906 3667 juvenum

249 3682 452 3739 sedari
478 3687 746 3755 poterant
781 3700 792 3738 :
825 3699 1025 3738 verum
1058 3681 1367 3738 alacriores
1400 3683 1554 3750 facti,
1589 3688 1645 3739 et
1684 3685 1906 3758 absque

255 3775 418 3828 metu
457 3759 858 3843 imperterriti,
891 3787 1150 3843 pugnare
1189 3775 1416 3826 tantum
1450 3771 1795 3842 desirantes,
1833 3791 1906 3830 se

253 3859 676 3916 armisurbem
705 3865 764 3915 et
801 3859 998 3914 omnia
1044 3877 1170 3932 quae
1220 3859 1520 3929 haberent,
1553 3864 1906 3931 vastaturos,

250 3950 534 4022 ipsosque
562 3947 822 4021 captivos
851 3949 1206 4004 abducturos
1236 3947 1525 4003 dicebant.
1551 3948 1670 4004 Rex
1697 3966 1830 4005 vero
1852 3956 1909 4007 et

253 4037 553 4111 principes
569 4036 800 4093 ‘saniori
818 4037 1064 4093 concilio
1082 4036 1313 4092 dextras
1334 4037 1406 4092 ab
1427 4037 1514 4092 eis
1535 4037 1905 4110 accipientes,

251 4128 448 4182 fmdus
481 4125 758 4198 inierunt,
778 4131 835 4181 et
857 4111 1156 4182 thesauris
1178 4125 1909 4200 innumerabilibus,atque

251 4214 564 4271 obsidibus
584 4215 826 4286 triginta
847 4213 959 4270 sibi
981 4213 1372 4283 collatis,cum
1384 4215 1598 4287 gaudio
1613 4217 1683 4271 ad
1703 4233 1813 4272 sua
1829 4233 1912 4272 re-

242 4304 402 4360 .versi
428 4309 589 4360 sunt.
613 4303 874 4375 Denique
893 4319 1033 4375 pace
1075 4304 1230 4359 inter
1248 4319 1349 4360 eos
1386 4304 1681 4360 fcederata.
1710 4306 1908 4373 statim

247 4391 965 4449 SueonesChristiDomini
985 4393 1167 4448 nostri
1185 4394 1671 4464 omnipotentiam
1691 4393 1907 4450 collau-

249 4483 483 4549 dantes,
516 4483 762 4554 ejusque
793 4480 1484 4554 magnificentiam,quod
1508 4499 1637 4538 vere
1659 4500 1909 4556 magnus

2003 3327 2278 3396 vocabat,
2299 3329 2602 3385 ecclesiam
2635 3331 2712 3386 ibi
2747 3332 2960 3388 factam
2983 3335 3166 3405 jussit
3196 3335 3410 3405 claudi,
3431 3337 3663 3410 religio-

2014 3431 2266 3488 nemque
2283 3417 2741 3476 Christianitatis
2760 3421 2987 3490 ibidem.
2999 3423 3298 3495 prohibuit
3317 3427 3610 3483 observari
3649 3444 3660 3484 :

2015 3505 2169 3560 unde
2185 3510 2242 3560 et
2271 3507 2575 3580 presbyter
2589 3509 2690 3582 qui
2715 3509 2796 3566 ibi
2821 3512 3041 3580 aderat,
3062 3515 3481 3585 persecutionis
3509 3533 3667 3572 acer-

2015 3592 2193 3649 bitate
2225 3593 2585 3668 compulsus,
2621 3599 2754 3655 inde
2785 3601 3073 3657 reccessit.
3101 3602 3209 3658 Pro
3241 3602 3349 3659 hac
3376 3603 3574 3676 itaque
3605 3622 3666 3660 re

2014 3681 2588 3759 domnusepiscopus
2602 3687 2851 3743 nimium
2864 3688 3148 3746 sollicitus
3161 3695 3216 3746 et
3228 3691 3413 3748 tristis
3426 3693 3666 3750 effectus

2016 3769 2234 3840 fuerat;
2251 3774 2391 3850 quia
2412 3775 2639 3831 nullum
2659 3781 2799 3832 tunc
2821 3794 2955 3833 cum
2971 3778 3422 3850 Horicojuniore
3438 3782 3510 3838 de
3525 3783 3668 3837 ami-

2018 3860 2102 3917 cis
2121 3861 2548 3935 habebat,quos
2566 3870 2735 3922 antea
2755 3866 3106 3939 largissimis
3122 3869 3538 3927 donationibus
3555 3871 3667 3927 sibi

2018 3949 2336 4006 familiares
2369 3954 2744 4023 acquisierat,
2763 3973 2866 4026 per
2890 3973 3039 4027 quos
3069 3975 3204 4012 eum
3228 3959 3299 4013 ad
3317 3959 3546 4014 Domini
3570 3978 3666 4015 vo-

2016 4036 2301 4094 luntatem
2320 4040 2628 4097 conciliare
2645 4047 2860 4112 posset.
2877 4043 3039 4099 Unde
3057 4045 3194 4114 quia
3210 4045 3468 4101 humano
3486 4047 3668 4102 desti-

2014 4130 2181 4190 tutus
2201 4119 2409 4196 fuerat,
2433 4129 2506 4183 ad
2531 4128 2795 4185 divinum
2818 4129 2988 4185 solito
3015 4147 3176 4186 more
3197 4134 3493 4188 concurrit
3512 4135 3670 4189 auxi-

2015 4217 2183 4273 lium.
2202 4219 2315 4273 Nec
2331 4235 2465 4290 spes
2485 4233 2738 4273 suaeum
2754 4218 3329 4275 fefellit.Consolatus
3347 4224 3435 4276 est
3451 4221 3666 4294 quippe

2017 4323 2156 4362 eum
2176 4306 2456 4364 Dominus
2478 4306 2725 4379 spiritali
2747 4307 2803 4362 in
2827 4307 3023 4364 animo
3047 4307 3525 4375 consolatione,et
3543 4326 3667 4365 cer-

2016 4401 2112 4453 tus
2142 4397 2384 4452 omnino
2416 4397 2604 4452 factus
2634 4400 2742 4463 est,
2776 4397 2929 4468 quod
2961 4395 3122 4453 nullo
3156 4398 3348 4465 modo,
3375 4402 3440 4453 ut
3467 4397 3667 4455 hostes

2017 4485 2230 4541 Christi
2259 4484 2736 4541 machinaron'tur
2767 4484 2969 4557 religio
2999 4484 3080 4540 ibi
3112 4490 3300 4558 empta
3329 4486 3617 4558 deperiret
3647 4502 3662 4542 :

248 4561 1907 4644 esSetsuperomnesdeos,totisviribuspraedicantes,quid
1940 4590 1985 4654 ι)
2017 4574 2172 4646 quod
2193 4573 2527 4629 itaDomino
2551 4577 2845 4629 annuente
2877 4590 2990 4628 non
3024 4572 3208 4628 multo
3237 4576 3371 4645 post
3401 4573 3664 4645 contigit.

244 4660 263 4713 i
270 4659 378 4731 psi;
387 4675 493 4732 per
511 4675 686 4733 quem
709 4663 933 4714 tantam
957 4658 1352 4715 obtinuissent
1369 4660 1693 4729 victoriam,
1709 4677 1908 4717 vovere

243 4748 548 4816 deberent,
577 4747 829 4805 sollicite
861 4763 1120 4820 quaerere
1149 4753 1467 4820 coeperunt.
1493 4747 1653 4805 Unde
1685 4766 1719 4804 a
1749 4749 1906 4804 Chri-

244 4836 667 4900 stianisedocti
692 4836 1152 4910 negotiatoribus
1163 4837 1262 4908 qui
1278 4836 1456 4892 simul
1476 4833 1825 4906 aderant,Ch
1835 4837 1906 4892 ri-

243 4930 344 4984 sto
364 4925 612 4986 Domino
633 4919 914 4999 placitum
937 4926 1289 4982 devoverant
1301 4926 1707 4998 jejunium,ita
1730 4930 1813 4998 ut,
1831 4926 1905 4982 ad

244 5028 364 5073 sua
381 5017 619 5084 reversi,
637 5019 949 5088 postquam
973 5015 1132 5072 domi
1153 5019 1375 5088 septem
1397 5015 1522 5071 dies
1542 5019 1739 5072 essent
1758 5014 1905 5072 alios

241 5108 544 5184 septemc
568 5119 742 5160 carne
771 5121 978 5161 omnes
1003 5103 1221 5176 pariter
1267 5105 1647 5173 abstinerent,
1698 5105 1799 5161 sed
1847 5109 1906 5161 et

242 5181 525 5266 postuhoc
549 5193 947 5267 qu-‘adroginta
975 5193 1203 5262 diebus,
1228 5193 1494 5262 evolutis,
1529 5195 1642 5266 ipsi
1673 5211 1907 5266 quoque

240 5279 533 5339 unanima
546 5282 1108 5355 'conveatione'quad
1118 5281 1346 5354 raginta
1365 5287 1674 5354 sequentes
1697 5281 1904 5339 simili-

277 5419 628 5550 ”S'a')‘A‘iinno
649 5419 871 5482 scilicet
892 5423 1099 5491 8511‘,ut
1146 5423 1445 5500 scribitur
1473 5421 1530 5478 in
1579 5422 1904 5480 Annalibus

235 5495 328 5551 Fu
356 5495 660 5566 densibus,
686 5496 1059 5564 Bertinianis‘,
1085 5493 1468 5561 Metensibus,
1493 5498 1549 5550 et
1575 5494 1635 5549 in
1657 5494 1903 5552 libro'de

232 5566 974 5644 geStisHortmannorum,
1009 5583 1258 5644 quorum
1288 5567 1404 5644 duit
1433 5566 1900 5644 G_udur_m,fratre

231 5633 624 5717 Horiéi‘iiegis
657 5644 854 5710 natus,
889 5633 1045 5716 po'st'
1067 5638 1344 5717 piraticas
1389 5636 1794 5697 infestationes
1834 5638 1898 5699 in

2018 4664 2165 4720 Nam
2197 4680 2339 4719 cum.
2363 4680 2466 4735 pro
2497 4663 2606 4717 hac
2637 4661 2763 4718 sola
2791 4662 2994 4718 eadem
3026 4678 3204 4718 causa
3228 4662 3302 4717 ad
3322 4663 3665 4733 praedictum

2019 4766 2213 4826 regem
2245 4752 2327 4808 ire
2359 4752 2711 4826 dieponeret,
2744 4749 2976 4806 Domini
3027 4750 3408 4824 praeveniente
3456 4748 3664 4822 gratia,

2017 4842 2172 4899 idem
2204 4859 2321 4910 rex,
2343 4841 2584 4912 expulso
2606 4841 2770 4913 prius
2791 4841 2863 4896 de
2887 4840 3011 4895 vico
3030 4843 3349 4894 memorato
3359 4838 3487 4908 jam
3511 4837 3664 4894 dicto

2017 4933 2249 5002 comite,
2266 4931 2350 4988 ita
2370 4935 2433 4987 ut
2457 4947 2760 5003 nunquam
2775 4928 3048 5001 posteain
3069 4928 3197 4999 ejus
3208 4927 3666 5000 gratiam‘redire

2017 5021 2366 5094 potuerit,ad
2381 5022 2666 5076 domnum
2689 5018 3031 5091 episcopum
3055 5032 3240 5073 suum.
3253 5016 3438 5089 gratis
3455 5015 3666 5072 direxit

2015 5109 2590 5184 legatum,mandans
2611 5111 2675 5164 ut
2691 5107 3052 5164 sacerdotem
3073 5105 3342 5162 suumlad
3363 5105 3665 5178 propriam

2014 5200 2338 5257 remitteret
2351 5197 2659 5255 ecclesiam
2683 5213 2696 5252 :
2723 5209 2840 5252 non
2861 5213 2924 5252 se
2945 5195 3143 5250 minus
3165 5210 3343 5266 quam
3371 5193 3663 5250 seniorem

2014 5290 2288 5346 Horicnm
2320 5286 2534 5344 Christi
2565 5285 2708 5343 velle
2739 5285 2988 5358 gratiam
3020 5282 3336 5356 promereri
3369 5299 3657 5350 asserens,

2014 5415 2276 5489 partibus
2307 5411 2619 5468 Gallicanis
2649 5414 2908 5489 patratas
2937 5408 3274 5489 in‘patriam
3300 5405 3658 5489 retium-Dori

2012 5477 2146 5544 cum
2178 5491 2453 5558 patrnam
2483 5477 2863 5558 Oppugnavit,
2895 5477 3660 5558 tantamquerwdemvfeoit

2009 5576 2113 5632 per
2136 5547 2422 5622 triduum,
2448 5561 2510 5610 ut
2522 5547 2601 5610 de
2622 5547 2800 5632 stripe
2818 5547 2978 5627 regia
3002 5547 3295 5611 Godéfridi
3320 5547 3518 5606 nullus
3542 5547 3655 5604 nisi

2010 5630 2178 5690 unus
2195 5639 2340 5706 puer
2353 5630 2718 5685 A‘rsmaueret.
