4026 6180
382 379 507 447 θαυ-

1293 385 1358 445 s.
1401 380 1820 447 ANSCHARII
1866 373 2476 442 HAMBURGENSIS
2521 333 2872 444 episcoel

3645 379 3812 446 1000

382 517 701 589 domuique
731 515 985 588 episcopi
1019 513 1336 571 amicitiam
1377 514 1658 571 obtinere.
1691 515 1813 579 Quo
1857 512 2028 577 facto,
2060 512 2115 580 Α
2145 512 2347 567 cadem
2381 510 2688 584 legatione,
2724 518 2788 566 ut
2817 512 3154 584 praedictum
3185 515 3296 580 est,
3326 529 3562 586 semper
3612 514 3811 588 inspi-

382 626 515 663 cum
553 608 676 678 ipse
708 621 941 676 quoque
973 602 1492 660 reverendissimus
1525 603 1692 658 Pater
1728 605 1929 658 noster
1959 601 2032 656 ad

381 697 646 766 ejusdem
673 693 825 764 regis
849 692 1214 764 praesentiam
1235 707 1370 747 cum
1392 690 1681 762 adjutorio
1708 689 2032 745 Burchardi

379 781 768 840 illustrissimi
800 780 1029 836 comitis
1049 779 1439 851 venisset,qui
1468 778 1643 835 etiam
1676 783 1847 834 antea
1876 777 2031 850 apud

379 871 657 928 Horicum
683 869 966 924 seniorem
991 869 1224 940 adjutor
1246 856 1416 922 illi’in
1439 868 1714 923 omnibus
1747 867 1953 932 fuerat,
1977 870 2034 922 et

379 961 532 1033 apud
553 975 747 1031 regem
767 961 1083 1030 utrumque
1099 958 1246 1012 bene
1259 957 1652 1029 poterat,quia
1665 957 2032 1029 prepinquus

377 1054 504 1105 erat
530 1048 813 1120 ipsorum,
847 1051 1013 1102 tanta
1043 1047 1232 1119 gratia
1261 1063 1294 1101 a
1316 1046 1551 1118 juniore
1582 1049 1894 1118 susceptus
1943 1048 2034 1100 est

378 1138 606 1214 Hor-ica,
637 1141 701 1191 ut
732 1135 931 1191 statim
982 1136 1032 1191 ei
1084 1135 1284 1191 omnia
1329 1151 1456 1206 quae
1507 1138 1840 1190 antecessor
1886 1151 2032 1189 suus

375 1243 554 1284 causa
582 1224 1043 1280 Christianitatis
1075 1225 1133 1278 in
1155 1237 1332 1296 regno
1357 1240 1463 1278 suo
1496 1222 1618 1277 fieri
1650 1223 2034 1295 permisserat

375 1316 499 1388 ipse
530 1330 762 1387 quoque
791 1313 1150 1368 concederet.
1189 1312 1433 1384 Insuper
1461 1311 1829 1382 etiam,quod
1862 1314 2033 1366 antea

375 1403 692 1458 nefandum
725 1401 970 1473 paganis
990 1401 1320 1468 videbatur,
1337 1405 1401 1454 ut
1421 1399 1615 1455 clocca
1642 1399 1953 1454 haberetur
1972 1399 2031 1453 in

373 1491 615 1546 ecclesia
646 1490 961 1546 consensit.
997 1489 1056 1544 In
1093 1489 1206 1544 alio
1248 1505 1477 1560 quoque
1526 1489 1650 1543 vico
1702 1487 1862 1560 regni
1915 1488 2030 1553 sui,

376 1579 524 1652 Ripa
550 1585 770 1646 vocato,
807 1578 1033 1633 similer
1064 1578 1256 1632 locum
1296 1577 1394 1632 ubi
1429 1575 1674 1632 ecclesia
1719 1575 2031 1632 fabricare-

371 1674 490 1738 tur,
505 1669 746 1723 tribuit:
775 1673 832 1722 et
855 1672 920 1721 ut
952 1667 1028 1722 ibi
1063 1667 1336 1722 sacerdos
1370 1682 1625 1738 praesens
1657 1666 2032 1736 adesset,suaa

374 1756 682 1830 potestatis
713 1756 1010 1811 licentiam
1042 1754 1220 1810 dedit.

712 1845 970 1902 Ministri
992 1844 1138 1898 varii
1165 1843 1234 1898 ad
1262 1842 1498 1898 Sueones
1525 1843 1703 1896 missi.

443 1937 532 1992 55.
569 1934 827 2005 Denique
852 1932 993 1986 dum
1025 1931 1146 1985 haec
1169 1933 1499 2002 agerentur,
1523 1929 1836 2000 praedictus
1854 1944 2023 1984 vene-

374 2023 577 2080 rabilis
606 2021 967 2077 Gauzbertus
997 2017 1308 2090 episcopus
1339 2019 1410 2073 ad
1443 2022 1676 2091 gentem
1726 2018 2025 2073 Sueonum

374 2111 686 2185 quemdam
720 2108 882 2163 misit
912 2107 1305 2180 prsbyterum,
1327 2107 1562 2162 nomine
1585 2106 2026 2178 Anfridum,qui

373 2219 441 2258 ex
471 2204 640 2274 gente
665 2203 956 2252 Danorum
980 2195 1265 2252 oriundus
1286 2200 1430 2263 erat,
1463 2200 1520 2251 et
1541 2214 1574 2250 a
1595 2197 1810 2252 domno
1834 2195 2026 2251 Ebone

373 2292 442 2346 ad
478 2288 779 2345 servitium
813 2283 1038 2340 Domini
1071 2285 1355 2339 educatus
1388 2284 1592 2338 fuerat.
1627 2284 1734 2348 Qui
1769 2300 1902 2338 cum
1929 2283 2025 2338 illo

373 2377 723 2436 advenisset,
750 2378 1108 2428 memoratus
1141 2371 1504 2426 Erimbertus
1527 2372 1797 2427 sacerdos
1819 2373 2025 2427 exinde

374 2482 640 2523 reversus
653 2469 759 2529 est,
777 2466 834 2517 et
856 2461 948 2516 ille
972 2461 1050 2515 ibi
1075 2477 1208 2515 cum
1223 2459 1412 2516 multa
1426 2459 1691 2514 omnium
1705 2459 2024 2518 ambitione

369 2556 560 2610 tribus
612 2554 948 2608 demoratus
990 2554 1078 2604 est
1109 2549 1278 2605 annis
1311 2553 1412 2605 aut
1442 2547 1715 2620 amplius.
1753 2549 1887 2604 Post
1914 2549 2024 2606 hoc

368 2661 501 2701 vero
533 2642 730 2698 audito
761 2637 982 2695 domini
1015 2637 1321 2694 Gauzberti
1365 2637 1550 2691 obitu.
1604 2637 1728 2708 ipse
1788 2654 2023 2710 quoque

369 2733 576 2790 exinde
598 2733 946 2795 reversus,et
969 2727 1121 2800 apud
1142 2744 1248 2782 nos
1264 2725 1606 2798 aliquandiu
1621 2731 2017 2795 conversatus,

369 2823 814 2896 aggravescente
844 2816 1040 2872 dolore
1072 2816 1385 2870 defunctus
1414 2819 1521 2870 est.
1547 2814 1668 2878 Quo
1691 2815 1840 2870 facto
1862 2816 2022 2870 dom-

369 2909 954 2982 nusepiscopus,non
977 2904 1261 2958 sutferens
1285 2901 1916 2958 tidemChristianitatis
1938 2902 2018 2958 ibi

368 3003 613 3072 emptam
646 2996 852 3069 perire,
886 3009 1059 3048 suum
1091 2992 1228 3047 illuc
1285 2991 1448 3046 misit
1485 2991 1878 3064 prebyterum,
1910 3008 2020 3049 no-

367 3088 521 3144 mine
553 3084 996 3157 Raginbertum,
1030 3081 1129 3154 qui
1163 3097 1294 3136 cum
1329 3080 1473 3134 satis
1505 3081 1572 3136 ad
1611 3079 1718 3135 hoc
1749 3080 2014 3150 idoneus,

365 3181 424 3231 et
452 3179 626 3230 tantae
653 3170 1028 3246 profectionis
1060 3168 1225 3224 valde
1254 3173 1407 3224 esset
1436 3167 1819 3235 voluntarius,
1855 3175 1912 3225 et
1943 3170 2014 3225 ad

2145 599 2366 656 ratione
2398 601 2790 670 roboraretur,
2809 617 2879 656 ne
2900 619 2934 655 a
2952 606 3136 674 ccepto
3158 601 3474 658 desisteret
3494 619 3694 675 opere;
3717 609 3812 659 ta—

2146 705 2278 745 men
2341 688 2498 744 omni
2547 706 2780 761 quoque
2829 689 3043 746 Ebonis
3086 691 3397 747 memorati
3457 691 3812 748 Rhemensis

2144 776 2695 850 archiepiscopi,qui
2709 777 2860 832 hanc
2875 777 3224 851 legationem
3239 778 3430 852 primo
3446 787 3806 852 susceperat,

2143 884 2257 921 non
2290 866 2518 922 modice
2551 883 2682 921 eum
2711 866 2767 920 in
2801 866 2910 922 hac
2942 884 3120 922 causa
3149 872 3205 924 et
3239 868 3468 924 devotio
3501 869 3717 924 mentis
3748 876 3808 926 et

2143 955 2329 1011 fervor
2359 954 2772 1010 consolabatur
2802 956 2982 1011 animi
3016 972 3029 1012 :
3067 957 3114 1012 si
3149 957 3390 1029 quidem
3417 959 3550 1030 ipse
3597 960 3810 1016 intimo

2142 1060 2245 1116 pro
2274 1043 2575 1098 vocatione
2605 1043 2872 1116 gentium
2905 1044 3160 1117 flagrans
3183 1045 3414 1118 spiritu,
3424 1046 3653 1119 jugiter
3672 1065 3809 1104 eum

2141 1133 2212 1187 ad
2247 1132 2635 1203 ﬁdeigratiam
2665 1132 2725 1187 in
2748 1137 2943 1205 partes
2966 1133 3112 1190 istas
3136 1134 3631 1208 promulgandam
3667 1137 3809 1192 inci-

2141 1221 2323 1288 tabat,
2356 1225 2410 1275 et
2437 1225 2502 1276 ut
2533 1225 2722 1293 empta
2749 1237 2862 1277 non
2902 1223 3216 1288 desereret,
3262 1231 3498 1280 strenue
3545 1242 3806 1282 commo-

2142 1309 2336 1366 nebat.
2362 1309 2541 1380 Cujus
2563 1309 2755 1365 verbis
2776 1309 3218 1379 exhartationis,
3239 1317 3296 1368 et
3319 1312 3576 1368 maxime
3599 1313 3808 1369 ardore

2142 1398 2373 1464 mentis,
2411 1415 2526 1470 quo
2557 1398 2626 1453 ad
2661 1397 2769 1453 hoc
2801 1399 3079 1466 fervebat,
3115 1399 3224 1455 iste
3257 1400 3469 1456 beatus
3499 1400 3589 1456 vir
3605 1419 3810 1474 provo-

2141 1491 2328 1553 catus,
2353 1486 2758 1542 indubitanter
2777 1487 2952 1542 officii
2984 1487 3096 1542 sibi
3120 1491 3423 1545 commissi
3444 1506 3646 1545 curam
3671 1507 3805 1563 age-

2142 1575 2242 1630 bat
2262 1592 2273 1629 :
2292 1591 2396 1630 nec
2418 1573 2618 1646 aliqua
2639 1592 2902 1647 unquam
2923 1575 3427 1633 incommoditatis
3450 1578 3810 1634 adversitate

2143 1680 2175 1716 a
2197 1668 2382 1736 empto
2406 1680 2577 1736 opere
2599 1664 2778 1718 averti
2803 1668 3048 1737 poterat.
3075 1666 3144 1720 Et
3173 1665 3306 1722 licet
3338 1668 3648 1724 innumera
3679 1669 3810 1723 fue-

2143 1750 2259 1806 rint
2316 1751 2573 1822 praedicti
2631 1751 2928 1822 pontificis
2979 1753 3242 1809 suasoria
3286 1753 3530 1820 monita,
3575 1756 3810 1828 quibus

2067 1834 2099 1914 ξ)
2142 1839 2309 1895 Pater
2335 1843 2531 1895 noster
2562 1837 2770 1894 intimo
2801 1839 3213 1896 consolabatur
3235 1841 3464 1914 gaudio,
3497 1841 3661 1899 illius
3710 1847 3809 1898 ta-

2052 1879 2100 1946 B

2139 1944 2272 1982 men
2303 1943 2532 1999 semper
2562 1927 2985 1983 recordabatur
3010 1930 3493 2002 sermonis,quem
3515 1931 3587 1986 de
3605 1930 3809 2002 hujus

2137 2015 2444 2088 legationis
2466 2032 2644 2071 causa
2665 2015 2725 2069 in
2748 2015 2957 2072 ultimo
2976 2015 3378 2074 collocutionis
3396 2035 3516 2074 suae
3536 2019 3805 2076 habuere

2137 2105 2568 2176 tempore.Nam
2599 2121 2732 2159 cum
2766 2105 3025 2161 domnus
3056 2106 3366 2178 episcopus
3397 2109 3801 2176 noster,dinu-

2137 2192 2375 2248 meratis
2408 2192 2612 2248 multis
2635 2209 2760 2264 quae
2783 2193 2894 2247 sibi
2918 2195 3282 2266 contigerant
3305 2197 3618 2269 angustiis,
3655 2198 3799 2270 quid

2137 2282 2207 2338 de
2237 2283 2439 2336 eadem
2464 2281 2754 2354 legatione
2777 2282 2886 2336 sibi
2909 2281 3205 2338 videretur
3224 2283 3424 2356 ipsum
3448 2285 3793 2357 requireret.

2137 2369 2488 2442 qualemque
2518 2369 2974 2426 consolationem
3001 2371 3114 2426 sibi
3139 2389 3318 2444 super
3340 2373 3446 2428 hoc
3471 2374 3660 2430 dicere
3681 2375 3798 2431 vel-

2134 2459 2231 2530 let,
2266 2460 2336 2514 ab
2359 2475 2425 2513 eo
2458 2457 2702 2513 sollicite
2730 2463 3084 2531 exposceret,
3117 2459 3214 2516 ille
3248 2462 3416 2532 quasi
3449 2463 3793 2534 prophetico

2134 2547 2367 2604 afﬂatus
2400 2547 2630 2619 spiritu,
2666 2547 2983 2619 respondit.
3016 2551 3221 2604 Certus
3255 2550 3628 2622 sum,inquit,
3646 2553 3790 2623 quia

2133 2638 2286 2709 quod
2318 2653 2426 2692 nos
2458 2653 2562 2708 pro
2592 2635 2805 2691 Christi
2844 2635 3080 2692 nomine
3126 2637 3428 2693 elaborare
3477 2640 3784 2710 cmpimus,

2131 2727 2480 2782 fructificare
2510 2725 2684 2780 habet
2707 2725 2762 2779 in
2787 2725 3205 2781 Domino.Nam
3239 2727 3319 2781 ita
3345 2732 3433 2782 est
3456 2728 3600 2783 ﬁdes
3631 2746 3785 2797 mea,

2129 2819 2185 2872 et
2214 2815 2296 2870 sic
2327 2814 2573 2869 firmiter
2601 2814 2791 2881 credo,
2815 2813 2996 2870 immo
3026 2815 3311 2870 veraciter
3333 2815 3456 2870 scio
3490 2832 3505 2871 :
3539 2817 3697 2888 quia,
3732 2821 3790 2873 et

2128 2904 2176 2960 si
2206 2903 2520 2975 aliquando
2552 2906 2787 2974 propter
2816 2907 3052 2973 peccata
3081 2904 3781 2978 quodammodoimpedi-

2126 2996 2253 3048 tum
2286 2991 2636 3064 fuerit,quod
2669 3008 2775 3046 nos
2806 2991 2864 3045 in
2895 2990 3011 3045 illis
3041 2991 3324 3064 ccepimus
3352 2993 3638 3065 gentibus,
3655 3010 3773 3050 non

2127 3087 2320 3138 tamen
2353 3097 2616 3152 unquam
2641 3079 2873 3151 penitus
2893 3085 3253 3160 extenuetur,
3275 3082 3381 3136 sed
3411 3081 3780 3139 fructiﬁcabit

2125 3171 2185 3226 in
2217 3171 2315 3226 Dei
2348 3171 2535 3242 gratia
2561 3174 2616 3224 et
2646 3170 3108 3242 prosperabitur,
3142 3187 3455 3243 usquequo
3489 3173 3786 3244 perveniat

367 3270 601 3338 portum
634 3245 1020 3316 memoratum
1057 3258 1350 3313 Sleaswich
1395 3262 1677 3330 pergeret,
1729 3256 2020 3314 diabolica
2048 3245 2091 3310 C
2130 3277 2341 3315 nomen
2374 3259 2602 3313 Domini
2625 3259 2695 3313 ad
2718 3259 2862 3313 fines
2884 3258 3043 3314 orbis
3066 3261 3388 3315 ωτι-δε.ιίωο
3411 3259 3619 3332 itaque
3641 3262 3778 3316 fides

367 3347 896 3419 machinatione,in
928 3347 1019 3417 via
1042 3351 1336 3402 Danorum
1371 3345 1846 3401 latrocinantium
1879 3346 2018 3402 insi-

363 3441 476 3497 diis
507 3440 922 3506 circumactus,
955 3439 1013 3491 et
1043 3435 1135 3490 his
1165 3452 1296 3506 quae
1327 3434 1578 3490 habebat
1601 3433 2015 3505 spoliatus,die

361 3526 796 3600 Assumptionis
813 3529 1024 3580 sanctze
1040 3522 1232 3578 Mariae
1247 3521 1373 3594 ipse
1395 3539 1625 3594 quoque
1646 3522 1704 3578 in
1729 3523 1891 3578 bonae
1914 3541 2014 3578 vo-

361 3618 610 3673 luntatis
642 3631 816 3670 cursu
841 3612 1082 3669 feliciter
1103 3617 1551 3667 consummatus
1573 3615 1679 3666 est.
1695 3612 1855 3676 Quod
1879 3629 2013 3666 cum

359 3703 569 3758 Domni
600 3699 858 3772 episcopi
889 3699 1152 3755 animum
1183 3696 1364 3752 nimio
1421 3696 1711 3752 affecisset
1749 3715 2014 3766 mmrore,

362 3805 734 3862 nequaquam
758 3793 953 3842 tamen
973 3804 1006 3839 a
1027 3789 1214 3856 ccepta
1237 3784 1453 3840 retrahi
1478 3785 1665 3856 potiut
1689 3785 2012 3843 voluntate:

359 3894 559 3932 verum
594 3876 652 3930 in
683 3874 791 3930 hoc
821 3891 969 3946 opus
999 3871 1180 3928 alium
1212 3873 1504 3929 ordinavit
1535 3873 1842 3947 episcopus
1874 3877 2014 3932 Pre-

361 3965 681 4037 sbyterum,
707 3979 775 4018 ex
803 3966 974 4036 gente
1001 3961 1300 4017 Danorum
1350 3961 1745 4034 progenitum,
1778 3966 2014 4023 nomine

360 4053 724 4109 Rimbertum
749 4051 844 4124 (a),
865 4067 1042 4122 quem
1068 4066 1204 4105 cum
1227 4050 1296 4105 ad
1316 4049 1448 4106 illas
1466 4054 1660 4123 partes
1677 4069 1781 4124 pro
1799 4053 2012 4110 Christi

358 4143 593 4199 nomine
641 4141 1020 4206 destinasset,
1055 4139 1304 4211 benigne
1355 4139 1431 4195 ibi
1485 4157 1520 4195 a
1549 4158 1679 4213 rege
1709 4147 1766 4196 et
1794 4143 2011 4215 populo

357 4235 690 4304 susceptus,
727 4230 922 4285 divina
953 4229 1107 4300 apud
1140 4245 1239 4284 eos
1270 4228 1546 4300 mysteria
1579 4228 1856 4302 largiente
1901 4232 2014 4288 Do-

358 4321 517 4376 mino
547 4318 730 4375 libere
755 4318 1042 4374 hactenus
1062 4317 1388 4372 celebravit.
1415 4317 1678 4390 Denique
1700 4325 1756 4373 et
1775 4319 1907 4391 ipsi,
1933 4322 2012 4376 si-

357 4414 455 4465 eut
475 4413 533 4464 et
553 4407 796 4471 ceteris,
819 4423 966 4478 quos
992 4407 1146 4461 inter
1168 4422 1427 4477 paganos
1449 4410 1583 4461 ante
1605 4407 2011 4478 constituerat,

359 4495 723 4552 denuntiavit
754 4493 1177 4562 sacerdotibus,
1214 4500 1275 4548 ut
1306 4492 1528 4548 nullius
1559 4493 1778 4566 aliquid
1808 4513 2016 4573 concu_

355 4585 626 4675 pisceret,
651 4601 836 4675 neque
854 4588 1079 4675 peteret
1103 4600 1115 4637 :
1141 4583 1242 4638 sed
1269 4587 1330 4638 ut
1354 4583 1542 4675 magis
1565 4583 1826 4675 exemplo
1860 4586 2014 4657 beati
2045 4610 2090 4675 D

357 4673 523 4730 Pauli
555 4672 822 4745 apostoli,
851 4672 963 4744 ipsi
997 4687 1228 4743 quoque
1262 4671 1535 4726 manibus
1565 4671 1924 4741 laborarent,
1957 4678 2014 4730 et

353 4761 509 4816 victu
541 4777 608 4816 ac
640 4759 984 4814 vestimento
1017 4757 1272 4812 contenti
1306 4762 1523 4824 essent,
1557 4759 1650 4830 pie
1681 4776 1779 4815 eos
1809 4761 2014 4818 adhor-

354 4852 515 4906 tatus
545 4853 667 4905 est:
702 4849 918 4920 quibus
944 4850 1139 4902 tamen
1173 4846 1297 4918 ipse
1329 4851 1383 4901 et
1410 4848 1761 4918 sequacibus
1784 4865 2008 4919 eorum,

357 4938 644 5012 quidquid
681 4936 1075 4993 necessarium
1108 4935 1420 4999 habebant,
1455 4935 1699 5008 insuper
1719 4943 1774 4992 et
1797 4940 1845 4994 si
1868 4941 2011 5011 quid

360 5042 465 5096 pro
496 5025 700 5081 amicis
733 5024 1106 5097 acquirendis
1135 5023 1396 5080 dandum
1427 5025 1663 5089 erat,..de
1694 5042 1800 5081 suo
1825 5028 2009 5083 abun-

359 5113 564 5168 danter
597 5115 987 5171 ministrabat.

356 5201 690 5258 Anscharius
719 5204 786 5259 ab
817 5205 996 5260 Ebone
1023 5201 1318 5258 identidem
1347 5203 1724 5273 conﬁrmatur.
1776 5205 2014 5265 Adversa

925 5296 1035 5364 fert
1062 5307 1212 5364 aequo
1242 5292 1450 5346 animo.

427 5379 517 5434 56.
552 5377 725 5433 Porro
753 5379 903 5435 inter
942 5381 1050 5437 has
1098 5377 1459 5452 multiplices
1491 5380 1798 5452 variasque
1828 5401 2011 5458 angu-

357 5468 606 5528 stiarum
639 5482 946 5539 pressuras
985 5486 1154 5540 quas,
1197 5469 1282 5525 uti
1307 5471 1913 5542 commemoravimus,
1942 5476 2013 5532 de

429 5615 507 5688 (ιι.)
526 5609 862 5669 Rimbertus
884 5608 992 5665 iste
1014 5610 1314 5682 presbyter
1343 5609 1493 5666 alius
1524 5614 1614 5668 est
1643 5628 1678 5666 a
1706 5611 2006 5672 Rimberto

360 5698 940 5777 diacono,Anscharii
976 5697 1260 5774 discipulo
1268 5714 1625 5770 ,successore
1641 5703 1698 5758 et
1709 5717 1973 5776 praecone
1994 5726 2006 5770 :

2124 3348 2236 3403 fuit
2265 3363 2488 3423 eorum,
2522 3346 2631 3401 hac
2650 3345 2946 3402 voluntate
2976 3351 3300 3402 exterarum
3333 3348 3608 3418 gentium
3641 3349 3786 3404 ﬁnes

2125 3436 2434 3509 petierunt,
2458 3435 2636 3506 hujus
2658 3435 2957 3508 religionis
2981 3452 3179 3490 amore
3201 3452 3302 3507 pro
3325 3437 3577 3491 Domino
3597 3441 3779 3492 certa-

2123 3529 2391 3606 ve’runt,a
2411 3542 2525 3596 quo
2542 3529 2598 3580 et
2614 3523 2920 3596 praemium
2942 3523 3156 3580 laboris
3185 3524 3276 3580 sui
3303 3523 3425 3580 sine
3444 3524 3622 3580 dubio
3648 3541 3786 3597 per-

2125 3613 2348 3685 cepturi
2375 3617 2530 3668 sunt.
2570 3613 2752 3682 Hujus
2780 3613 3101 3669 devotionis
3139 3612 3408 3669 voluntas
3450 3613 3522 3668 ab
3571 3613 3785 3669 animo

2125 3701 2356 3758 Domini
2389 3706 2445 3757 et
2475 3701 2663 3756 Patris
2685 3701 2870 3757 nostri
2895 3719 3200 3774 nunquam
3224 3705 3551 3768 recessit,et
3572 3719 3677 3775 pro
3701 3720 3792 3758 sa-

2125 3791 2245 3847 lute
2275 3791 2536 3864 gentium
2569 3806 2875 3862 nunquam
2909 3807 3074 3846 orare
3103 3790 3349 3846 cessavit
3377 3807 3390 3844 :
3421 3790 3567 3863 quin
3592 3791 3782 3863 potius

2125 3897 2257 3935 cum
2291 3879 2532 3936 assidua
2561 3879 2678 3934 fere
2723 3879 3045 3952 piratarum
3105 3878 3502 3949 infestatione,
3535 3897 3663 3952 qua
3717 3896 3788 3936 ex

2125 3969 2399 4042 gentibus
2421 3969 2548 4039 jam
2582 3968 2756 4024 dictis
2789 3968 3076 4031 veniebat.
3097 3967 3376 4040 parochia
3397 3967 3561 4024 illius
3590 3969 3649 4024 in
3672 3969 3782 4024 cir-

2125 4057 2284 4114 cuitu
2315 4061 2662 4125 vastaretur,
2697 4074 2762 4112 ac
2795 4056 3018 4113 familia
3048 4056 3428 4128 diriperetur;
3459 4056 3558 4112 ille
3590 4063 3783 4114 tamen

2126 4163 2227 4218 pro
2259 4145 2700 4201 adversantibus
2734 4150 2789 4200 et
2819 4145 3237 4201 insidiantibus
3271 4144 3382 4200 sibi
3397 4147 3626 4218 jugiter
3653 4162 3782 4203 exo-

2125 4235 2372 4302 rabat,et
2401 4251 2504 4306 pro
2531 4234 2906 4290 conversione
2935 4250 3139 4290 eorum
3173 4234 3273 4306 qui
3300 4234 3412 4289 sibi
3452 4233 3780 4290 malefacie-

2124 4323 2284 4391 bant,
2309 4323 2462 4394 apud
2496 4324 2594 4378 Dei
2628 4322 3090 4379 misericordiam
3115 4323 3240 4379 sine
3265 4323 3592 4378 cessatione
3614 4323 3785 4394 roga!

2123 4413 2223 4467 bat
2249 4430 2261 4480 ;
2295 4415 2500 4484 petens
2532 4428 2603 4466 ne
2635 4415 2994 4468 statueretur
3024 4411 3145 4468 illis
3177 4412 3236 4466 in
3269 4417 3593 4484 peccatum,
3621 4410 3778 4482 quod

2123 4501 2460 4574 ignorantes
2497 4501 2594 4556 Dei
2619 4501 2937 4572 justitiam,
2973 4517 3168 4556 errore
3198 4500 3490 4556 diabolico
3532 4501 3780 4572 decepti,

2123 4588 2586 4644 Christianorum
2619 4590 2796 4645 rebus
2826 4594 3021 4646 essent
3052 4589 3270 4644 infesti.
3298 4589 3482 4660 Cujus
3508 4587 3787 4644 sollicitu-

2121 4678 2278 4733 dinis
2308 4693 2486 4732 causa
2516 4677 2574 4732 in
2605 4682 2836 4732 tantum
2871 4678 3219 4743 fervebat,ut
3249 4678 3428 4733 etiam
3451 4677 3511 4732 in
3539 4677 3784 4734 inﬁrmi—

2122 4772 2240 4822 tate
2251 4764 2960 4839 positusnovissimaJam
2983 4765 3150 4821 dictas
3170 4784 3288 4822 suae
3309 4766 3626 4840 legationis
3646 4781 3783 4822 cau-

2121 4873 2248 4912 sam
2277 4872 2582 4927 nunquam
2613 4860 2783 4910 antea
2813 4860 3063 4911 tractare
3087 4859 3145 4911 et
3165 4855 3479 4929 disponam
3499 4854 3779 4923 omiserit,

2121 4957 2428 5016 quousque
2450 4943 2726 4999 ultimum
2746 4943 3098 4999 exhalaverit
3119 4944 3396 5017 spiritum
3417 4945 3641 5000 viteJn
3665 4959 3783 5016 quo

2121 5031 2423 5105 religionis
2439 5033 2644 5088 ardore
2669 5049 2702 5088 a
2723 5031 2934 5088 saeculo
2957 5032 3783 5106 susceptus,credimus,quod

2121 5120 2376 5176 maxima
2395 5136 2594 5176 secum
2614 5119 2929 5176 comitante
2943 5120 3206 5176 ﬁdelium
3220 5121 3786 5193 multitudine,quos

2121 5227 2190 5265 ex
2222 5213 2391 5281 gente
2413 5209 2707 5264 Danorum
2738 5212 2910 5280 atque
2923 5209 3485 5266 SueonumDominc
3514 5208 3782 5267 lucratus

2123 5299 2330 5365 fuerat,
2355 5298 2588 5352 initium
2621 5296 2757 5351 boni
2789 5298 3127 5354 certaminis
3158 5298 3347 5366 illius;
3373 5297 3578 5354 divina
3597 5311 3788 5354 remu-

2123 5391 2361 5443 nerante
2392 5385 2720 5454 clementia,
2754 5385 2814 5441 in
2847 5385 2939 5442 die
2989 5385 3434 5443 resurrectionis
3488 5387 3782 5455 omnium,

2121 5475 2371 5550 gloriose
2401 5481 2458 5532 et
2487 5473 2729 5531 feliciter
2760 5491 2939 5548 regna
2969 5477 3313 5548 penetravit.

2121 5621 2339 5696 quibus
2369 5620 2600 5677 duobus
2629 5618 2781 5676 alius
2802 5619 3426 5696 acceditRaginbertus
3449 5621 3782 5698 presbyter,

2121 5712 2192 5772 de
2222 5729 2336 5788 quo
2367 5726 2564 5786 supra.
3134 5710 3137 5712 ’
