4102 6180
265 326 414 388 i001

1882 325 2067 388 VITA

3521 336 3678 403 1002

268 459 649 518 Ακαδοιιανίυδ
674 457 976 529 monachus
1000 456 1238 530 probus;
1281 458 1559 531 episcopus
1606 466 1922 516 sanctorum
1949 460 2004 528 Α
2033 457 2696 532 convallelacrymarum
2712 465 3050 536 procreatus
3064 463 3236 521 sit?et
3248 460 3530 541 quidquid
3545 458 3685 528 boni

334 551 587 607 aemulus.
614 546 808 603 Cilicio
835 545 1057 604 assidue
1076 547 1265 603 utitur.
1296 548 1451 603 Amat
1473 547 1844 605 solitudinem.

337 640 427 696 57.
461 639 611 696 Sane
659 637 800 711 quia
828 636 900 693 de
929 635 1237 711 legationis
1282 637 1412 708 ejus
1454 653 1632 693 causa
1673 642 1730 694 et
1758 654 1917 707 cura,

267 746 386 804 qua
414 728 559 785 alios
607 743 839 784 servare
883 726 1175 799 cupiebat,
1224 725 1412 781 multa
1452 726 1580 798 jam
1623 727 1916 797 diximus;

267 818 463 892 qualis
493 818 552 873 in
585 816 923 890 semetipso.
974 819 1032 871 et
1060 832 1165 889 pro
1196 815 1385 872 salute
1433 817 1679 890 propriae
1711 817 1918 872 animm

264 907 571 974 exstiterit,
604 905 972 980 qualiterque
996 922 1205 977 corpus
1254 922 1428 961 suum
1484 905 1770 974 affiixerit,
1791 906 1919 978 jam

264 1015 420 1073 nunc
449 1001 686 1073 tempus
714 996 775 1051 in
803 994 964 1051 omni
993 994 1320 1051 devotionis
1345 1012 1464 1051 suae
1504 995 1701 1051 studio
1752 994 1918 1052 ell'ul-

263 1070 429 1153 serit,
457 1070 625 1143 vobis
644 1085 863 1159 optime
886 1087 975 1140 est
998 1089 1388 1156 compertum.
1408 1084 1651 1152 Tamen,
1681 1089 1749 1141 ut
1762 1084 1922 1140 audi-

262 1181 391 1233 tum
421 1174 732 1243 habemus,
765 1174 890 1247 ipse
923 1172 1260 1230 adolescens
1292 1177 1349 1230 et
1360 1174 1598 1246 juvenis
1613 1174 1922 1232 senibuset

264 1264 593 1339 grandaevis
626 1263 933 1319 mirandus
959 1261 1266 1318 videbatur
1293 1268 1349 1321 et
1396 1263 1737 1320 imitandus.
1784 1263 1919 1319 Jam

263 1371 401 1411 vero
427 1357 664 1426 sumpto
692 1352 844 1425 apud
858 1368 965 1407 nos
977 1352 1459 1425 episcopatu,hoc
1489 1353 1747 1408 omnimo
1764 1352 1918 1425 quod

268 1446 327 1500 in
362 1436 717 1500 monasterio
736 1442 1127 1508 inchoaverat,
1156 1442 1345 1499 modis
1359 1442 1634 1498 omnibus
1646 1458 1922 1516 augmen-

266 1539 414 1600 tare,
448 1535 506 1589 et
533 1533 714 1588 vitam
744 1531 1011 1586 omnium
1043 1536 1380 1587 sanctorum
1411 1532 1629 1587 imitari
1670 1532 1917 1600 studuit,

266 1620 583 1696 specialius
609 1625 801 1677 tamen
830 1618 986 1676 beati
1016 1616 1272 1676 Martini.
1313 1618 1510 1676 Cilicio
1557 1636 1814 1692 namque
1846 1620 1918 1676 ad

264 1727 506 1769 carnem
538 1726 652 1765 non
680 1708 869 1765 solum
899 1709 957 1764 in
991 1708 1104 1775 die,
1138 1709 1237 1765 sed
1270 1709 1446 1765 etiam
1477 1709 1535 1765 in
1566 1714 1732 1765 nocte
1772 1724 1918 1766 usus

262 1806 375 1868 est,
393 1803 468 1900 et
497 1814 850 1900 magnopere
882 1797 1114 1900 populis
1139 1798 1380 1900 verbum
1430 1797 1663 1854 Domini
1708 1798 1916 1871 pradi-
1947 1835 1994 1900 Β

264 1889 449 1945 cande
476 1887 749 1945 studebat
763 1886 1060 1960 prodesse.
1082 1886 1380 1943 Interdum
1394 1892 1612 1956 tamen,
1630 1892 1686 1944 ut
1704 1892 1916 1945 semet-

267 1981 468 2053 ipsum
498 1978 557 2033 in
588 1976 786 2033 divina
810 1979 1099 2033 exerceret
1117 1976 1583 2049 philosophia,in
1602 1975 1919 2033 solitudine

271 2066 575 2123 manebat:
607 2064 679 2122 ad
713 2063 868 2136 quod
893 2080 1041 2137 opus
1070 2064 1275 2120 cellam
1294 2069 1490 2138 aptam
1518 2065 1628 2120 sibi
1651 2069 1918 2121 constru-

270 2161 430 2213 ctam
460 2153 730 2211 habebat.
759 2170 938 2226 quam
970 2152 1300 2226 appellabat
1338 2153 1601 2226 quietum
1643 2153 1839 2210 locum
1865 2156 1923 2209 et

272 2246 531 2303 amicum
551 2242 803 2299 maerori.
818 2241 925 2298 Ubi
940 2257 1075 2297 cum
1088 2243 1288 2315 paucis
1300 2242 1657 2311 demoratus,
1671 2241 1924 2315 quoties-

271 2350 508 2406 cunque
538 2351 572 2388 a
596 2332 1004 2405 praedicatione
1031 2335 1087 2387 et
1132 2329 1540 2387 ecclesiasticis
1592 2331 1821 2397 officiis,
1851 2331 1924 2387 ab

269 2421 681 2496 inquietudine
706 2436 1068 2494 paganorum
1100 2419 1246 2476 liber
1275 2437 1403 2477 esse
1424 2423 1668 2494 poterat,
1695 2420 1924 2476 habita-

270 2514 388 2569 vit:
422 2513 503 2569 ita
528 2516 724 2567 tamen
755 2513 821 2565 ut
849 2525 1155 2582 nunquam
1197 2510 1501 2582 proprium
1549 2509 1925 2565 commodum

270 2606 334 2660 et
358 2599 693 2658 solitudinis
722 2614 981 2655 amorem
1013 2598 1207 2671 gregis
1236 2598 1347 2654 sibi
1378 2597 1680 2654 commissi
1703 2612 1924 2672 praepo-

276 2694 446 2747 neret
473 2688 733 2745 utilitati.

268 2789 484 2843 Parcus
514 2787 574 2842 in
605 2788 770 2853 victu,
804 2786 869 2842 ob
896 2785 953 2842 id
984 2801 1125 2840 vana
1153 2784 1340 2855 gloria
1370 2792 1627 2851 tentatus,
1660 2784 1928 2840 divinitus

271 2892 342 2932 eo
374 2877 507 2931 vitio
536 2875 824 2932 liberatur.
855 2875 1034 2931 Senex
1084 2874 1491 2948 parcimoniam
1525 2874 1740 2947 supplet
1790 2873 1928 2931 elea-

275 2965 523 3038 mosym's
546 3002 563 3021 .

350 3063 442 3119 58.
475 3062 650 3118 Porro
663 3077 972 3135 quousque
977 3061 1001 3134 j
1011 3061 1306 3118 uventutis
1324 3059 1696 3134 aliquatenus
1709 3060 1932 3133 potitus

280 3154 373 3210 est
402 3151 626 3219 robore,
653 3167 911 3224 persaepe
942 3167 1152 3223 panem
1180 3151 1238 3206 in
1262 3150 1516 3223 pondere
1545 3154 1604 3207 et
1632 3166 1848 3222 aquam
1870 3149 1929 3204 in

284 3257 565 3297 mensura
596 3238 897 3307 sumebat;
932 3239 1183 3296 maxime
1223 3239 1483 3312 quandiu
1532 3238 1848 3296 solitudine
1879 3240 1931 3295 ei

286 3330 376 3386 uti
404 3330 630 3386 licitum
661 3331 806 3384 erat.
840 3327 963 3392 Quo
992 3332 1252 3401 tempore
1280 3344 1394 3383 non
1427 3327 1674 3398 modice,
1717 3333 1781 3383 ut
1813 3329 1938 3401 ipse

281 3418 635 3489 afﬁrmabat,
669 3436 704 3475 a
735 3417 948 3490 spiritu
982 3421 1241 3474 tentatus
1272 3422 1361 3474 est
1403 3418 1750 3473 cenodoxiae.
1799 3419 1936 3473 Stu-

284 3505 465 3563 debat
494 3518 747 3581 namque
775 3504 1049 3563 inimicus
1078 3506 1324 3562 humani
1355 3507 1586 3579 generis
1628 3510 1790 3579 peste
1810 3506 1938 3578 jam

284 3597 445 3653 dicta
473 3597 733 3654 animam
764 3595 925 3653 illius
949 3595 1203 3663 iniicere,
1236 3599 1292 3651 et
1321 3612 1571 3669 magnus
1598 3596 1721 3669 ipse
1755 3594 1940 3653 oculis

286 3686 422 3743 suis
453 3685 775 3754 videbatur,
809 3686 948 3759 quia
980 3684 1173 3741 taliter
1221 3685 1562 3742 abstineret.
1613 3686 1738 3750 Qua
1762 3685 1832 3742 de
1880 3700 1942 3741 re

288 3773 486 3830 tristis
513 3773 722 3840 factus,
754 3778 810 3830 et
863 3775 934 3831 ad
968 3774 1197 3830 Domini
1252 3773 1526 3847 pietatem
1576 3773 1636 3828 in
1684 3772 1942 3830 oratione

288 3878 634 3934 conversus,
662 3862 994 3935 postulabat
1042 3868 1111 3919 ut
1138 3880 1247 3920 sua
1294 3879 1427 3919 eum
1480 3862 1669 3936 gratia
1715 3862 1786 3918 ab
1834 3862 1944 3918 hac

288 3951 799 4026 perniciosissima
822 3950 1427 4025 impietateliberaret,
1452 3950 1607 4024 quod
1639 3958 1695 4007 et
1722 3951 1944 4007 factum

290 4044 405 4097 est.
438 4042 699 4113 Cumque
727 4050 833 4114 pro
878 4040 988 4097 hac
1028 4058 1089 4097 re
1131 4040 1440 4098 sollicitius
1486 4040 1748 4096 intentus
1796 4042 1950 4096 esset

290 4128 854 4203 precibus,quadam
884 4134 1052 4186 nocte
1068 4132 1262 4203 sopori
1277 4128 1532 4197 deditus,
1547 4127 1689 4185 vidit
1704 4145 1765 4184 se
1780 4127 1947 4201 quasi

296 4234 490 4290 usque
519 4219 575 4274 in
608 4217 816 4275 caelum
847 4217 993 4292 rapi,
1027 4223 1086 4276 et
1104 4222 1291 4275 totum
1320 4217 1599 4274 saeculum
1617 4234 1682 4273 ac
1712 4216 1844 4274 siin
1865 4220 1950 4273 te-

290 4307 582 4364 terrinam
617 4306 829 4363 vallem
860 4307 1205 4375 collectum;
1239 4324 1308 4363 ex
1338 4324 1455 4379 quo
1470 4310 1662 4363 tamen
1681 4305 1952 4377 etjbeato-

296 4412 437 4453 rum
467 4395 699 4465 animae,
731 4395 868 4452 licet
890 4413 1042 4463 raro,
1089 4395 1348 4469 angelico
1393 4394 1717 4452 ministerio
1766 4395 1953 4467 rapie-

2030 546 2322 616 habuerit,
2357 566 2470 607 non
2503 569 2536 606 a
2565 567 2646 620 se,
2681 553 2782 608 sed
2831 553 2902 608 ab
2937 569 3002 609 eo
3034 572 3069 610 a
3109 569 3225 626 quo
3265 558 3435 612 omne
3478 559 3682 615 datum

2031 635 2320 709 optimum
2352 643 2409 695 et
2438 655 2611 696 omne
2635 641 2855 696 donum
2886 644 3209 713 perlectum
3239 647 3348 712 est,
3362 648 3679 720 acceperit?
3733 642 3737 646 ’

2028 724 2085 778 Si
2116 724 2298 798 igitur
2328 726 2595 797 ulterius,
2626 728 2841 802 inquit,
2873 730 2946 786 ab
2977 729 3365 789 ullatentatus
3392 733 3570 790 fueris
3586 751 3676 791 ce-

2029 812 2287 868 nodoxiaa
2318 820 2499 886 peste,
2533 816 2689 873 istud
2711 817 2771 873 in
2786 823 3041 875 mentem
3058 818 3154 875 red
3164 832 3342 876 uceus
3356 837 3678 903 memorare

1978 930 1981 933 <
2030 902 2185 957 unde
2215 905 2555 983 progenitus
2588 905 2689 975 sis,
2719 912 2775 963 et
2803 923 2937 964 cum
2972 909 3069 965 Dei
3098 907 3286 982 gratia
3313 902 3674 968 liberaberis.

2030 989 2193 1055 Quod
2223 991 2305 1048 ita
2333 996 2390 1049 et
2420 994 2638 1052 factum
2671 1000 2777 1053 est.
2809 998 2937 1054 Jam
2967 1013 3100 1054 vero
3128 1001 3442 1071 postquam
3458 999 3676 1070 senuit,

2029 1095 2146 1135 non
2177 1080 2318 1137 adeo
2349 1084 2540 1155 potuit
2571 1085 2640 1140 de
2670 1085 2798 1141 cibo
2829 1086 3150 1142 abstinere:
3182 1091 3357 1160 potus
3396 1091 3592 1145 tamen
3624 1088 3675 1144 ei

2029 1184 2261 1242 semper
2289 1186 2442 1243 aqua
2472 1172 2602 1240 fuit,
2636 1173 2749 1230 nisi
2783 1175 2936 1247 quod
2958 1177 3415 1248 proptervanam
3429 1175 3676 1249 gloriam

2029 1258 2330 1316 vitandam
2362 1262 2570 1334 magis,
2602 1279 2779 1336 quam
2805 1262 3064 1336 aliquam
3095 1265 3681 1339 suavitatemeapien-

2028 1346 2186 1416 dam,
2220 1348 2651 1423 aliquantulum
2684 1352 2795 1425 ipsi
2826 1369 2989 1425 aqua:
3022 1368 3200 1426 quam
3227 1353 3676 1423 bib’ituruserat,

2029 1435 2100 1490 de
2131 1441 2269 1509 potu
2302 1438 2367 1510 [f.
2401 1438 2471 1495 de
2498 1440 3034 1512 vino]admisceret.
3054 1441 3409 1510 Quiatamen
3441 1442 3500 1498 in
3518 1450 3683 1509 sene—

2030 1528 2186 1581 ctute
2218 1543 2327 1583 sua
2357 1528 2529 1585 solita
2549 1530 2812 1603 nequivit
2833 1531 2919 1587 uti
2934 1530 3315 1603 parcimonia,
3332 1529 3679 1588 stu‘duithoc

2028 1612 2414 1689 eleemosynis
2440 1621 2498 1674 et
2545 1619 2909 1676 orationibus
2956 1619 3277 1693 multisque
3327 1620 3459 1678 aliis
3506 1618 3677 1678 bonis

2028 1718 2426 1776 compensare.
2460 1707 2649 1779 Hujus
2681 1708 2763 1765 rei
2789 1709 2977 1783 gratia
2999 1709 3217 1768 multos
3248 1709 3495 1767 redemit
3524 1709 3678 1783 capti

2027 1807 2149 1863 vos,
2206 1794 2422 1865 quibus
2479 1794 2807 1853 libertatem
2863 1790 3055 1866 dedit;
3111 1798 3427 1855 nonnullos
3480 1802 3678 1854 tamen

2025 1897 2228 1937 eorum
2260 1883 2333 1939 ad
2362 1884 2460 1939 Dei
2492 1885 2796 1941 servitium
2827 1886 3184 1959 educandos,
3228 1886 3438 1944 litteris
3467 1885 3680 1944 divinis

2027 1969 2319 2027 instruere
2336 1972 2539 2043 jussit,

2026 2067 2334 2125 Devotiouis
2361 2071 2541 2127 studio
2570 2072 2738 2130 libros
2765 2073 2959 2129 scribit
2990 2073 3354 2130 Just-Iturius.
3399 2074 3685 2146 Lacrymis

2207 2158 2438 2216 deditus.
2470 2176 2602 2217 usus
2631 2162 2701 2217 ad
2733 2162 2830 2218 hoc
2854 2164 3153 2235 Scriptura:
3188 2165 3498 2220 sententiis.

2099 2256 2190 2312 59.
2225 2256 2399 2313 Porro
2431 2258 2504 2313 ad
2534 2259 2899 2315 devotionem
2918 2260 3027 2317 sibi
3044 2260 3103 2316 in
3129 2260 3232 2317 Dei
3258 2266 3455 2317 amere
3468 2274 3678 2319 acuen-

2033 2345 2167 2401 dam
2195 2361 2382 2418 quam'
2396 2347 2701 2405 studiosus
2714 2348 2910 2417 fuerit,
2925 2353 3213 2406 testantur
3234 2349 3465 2406 codices
3477 2351 3679 2423 magni

2033 2435 2190 2507 apud
2223 2451 2505 2508 nos,quos
2535 2435 2661 2509 ipse
2689 2437 2926 2510 propria
2947 2454 3123 2493 manu
3139 2454 3243 2511 per
3263 2443 3434 2495 notas
3462 2440 3691 2511 (a)con-

2033 2524 2145 2579 scri
2153 2524 2399 2597 psit,qui
2410 2524 2497 2580 sol
2505 2527 2779 2582 ummodo
2793 2525 2892 2582 illa
2900 2525 3196 2583 continere
3209 2531 3686 2600 noscuntur,qua

2034 2612 2107 2668 ad
2137 2611 2374 2668 laudem
2405 2613 2823 2686 omnipotentis
2847 2614 2948 2670 Dei
2980 2614 3363 2688 pertinent,et
3391 2616 3464 2672 ad
3479 2632 3683 2688 pecca-

2034 2704 2229 2756 torum
2261 2702 2754 2774 redargutiouem,
2787 2703 2859 2759 ad
2891 2703 3125 2761 laudem
3153 2720 3386 2778 quoque
3416 2704 3600 2760 beatis
3625 2711 3685 2760 et

2036 2794 2261 2846 aeternae
2286 2790 2438 2859 vitae,
2470 2795 2527 2847 et
2553 2797 2835 2849 terrorem
2864 2792 3175 2865 gehennae;
3209 2797 3267 2850 et
3296 2779 3582 2867 quidquid
3605 2794 3679 2849 ad

2038 2880 2550 2952 compunctionem
2578 2881 2850 2953 pertinet,
2883 2885 2940 2938 et
2968 2882 3530 2940 lamentum.Testes
3542 2886 3685 2939 sunt

2038 2971 2097 3025 et
2124 2967 2333 3024 fratres
2364 2969 2518 3042 apud
2553 2984 2660 3026 nos
2690 2971 2768 3042 (b)
2801 2975 2858 3026 et
2884 2970 2945 3027 in
2959 2988 3108 3028 nova
3124 2971 3367 3029 Corbeia
3384 2972 3683 3046 degentes,

2040 3072 2187 3128 quos
2217 3073 2319 3128 pro
2343 3056 2451 3113 hoc
2480 3074 2650 3130 opere
2662 3057 2996 3131 frequenter
3006 3059 3339 3132 postulavit:
3355 3060 3577 3133 quique
3590 3059 3686 3116 ille

2042 3144 2325 3202 nonnulla
2362 3145 2769 3219 hujuscemodi
2828 3148 3157 3221 conscripta
3213 3149 3523 3206 miserunt.
3574 3149 3687 3205 Sed

2043 3251 2349 3307 nunquam
2378 3234 2463 3290 illi
2493 3238 2586 3292 sat
2610 3253 2739 3293 esse
2770 3241 3015 3310 poterat,
3049 3238 3193 3311 quin
3223 3255 3458 3295 omnem
3506 3238 3690 3295 vitam

2044 3341 2214 3381 suam
2246 3325 2305 3380 in
2337 3324 2498 3381 luctu
2526 3329 2585 3380 et
2613 3324 2887 3399 laerymis
2918 3326 3145 3400 exigere
3172 3327 3363 3384 vellet.
3386 3327 3534 3384 Nam
3556 3326 3692 3384 licet

2045 3412 2129 3468 illi
2161 3414 2535 3486 compunctio
2551 3415 2744 3471 cordis
2755 3415 3041 3488 laerymas
3054 3416 3347 3485 excitaret,
3364 3433 3482 3473 non
3492 3420 3692 3473 tamen

2046 3500 2099 3558 ei
2130 3519 2392 3575 unquam
2424 3503 2785 3562 sufﬁcientes
2807 3504 3178 3575 videbantur,
3211 3504 3326 3562 nisi
3351 3505 3582 3579 quodin
3600 3504 3691 3562 ul-

2048 3590 2192 3647 timo
2216 3592 2402 3648 tetotis
2427 3609 2545 3649 sua:
2578 3610 2730 3650 anno
2762 3594 2914 3651 hanc
2957 3595 3208 3668 gratiam
3253 3594 3352 3651 diu
3383 3595 3693 3668 quaesitam

2050 3680 2590 3756 Dominolargiente
2601 3683 3017 3755 promeruit,ut
3027 3681 3696 3757 quotiescunquevellet,

2051 3768 2326 3842 ploraret.
2359 3771 2621 3844 Denique
2646 3790 2717 3829 ex
2745 3772 2892 3845 ipsis
2940 3773 3371 3847 eompunctivis
3406 3773 3603 3841 rebus,
3629 3788 3701 3829 ex

2054 3859 2521 3930 sacraScriptura
2531 3877 2664 3916 sum
2668 3861 2915 3934 ptis,per
2925 3879 3129 3919 omnes
3139 3863 3699 3937 psalmospropriam

2055 3946 2814 4020 aptavitoratiunculam(c),
2829 3950 2983 4020 quod
2998 3949 3121 4022 ipse
3138 3949 3441 4022 pigmenta
3450 3950 3704 4006 vocitare

2056 4034 2307 4092 solebat:
2345 4039 2410 4091 ut
2437 4035 2489 4091 ei
2519 4036 2731 4108 psalmi
2763 4036 2873 4093 hac
2899 4037 2971 4092 de
3000 4050 3179 4093 causa
3206 4036 3703 4094 dulcesserent.ln

2058 4124 2275 4198 quibus
2304 4123 2574 4181 videlicet
2597 4124 2935 4199 pigmentis,
2952 4141 3066 4181 non
3079 4124 3563 4199 cOmpositionem
3576 4140 3704 4181 ver-

2060 4214 2269 4271 borum
2293 4215 2555 4282 eurabat,
2588 4216 2690 4270 sed
2716 4214 3229 4286 compunctionem
3260 4214 3454 4270 cordis
3474 4216 3705 4270 tantum

2062 4303 2384 4376 quaerebat:
2418 4307 2477 4357 in
2508 4302 2725 4375 quibus
2738 4302 3384 4376 pigmentisaliquando
3399 4303 3497 4359 Dei
3509 4302 3711 4358 laudat

2063 4392 2220 4448 omni
2228 4392 2572 4464 potentiam,
2599 4391 2950 4463 etjudieium
2968 4410 2982 4460 ;
2998 4390 3313 4464 aliquando
3325 4391 3711 4464 semetipsum

301 4486 541 4553 bantur,
574 4489 631 4541 et
658 4484 1027 4541 ducebantur
1056 4485 1116 4539 in
1149 4484 1384 4552 coelum,
1434 4485 1490 4540 in
1536 4501 1652 4557 qua
1689 4482 1957 4540 videlicet
2065 4480 2387 4554 vituperat;
2420 4480 2736 4552 aliquando
2749 4481 3562 4554 sanctos,quiDeoobediunt,
3576 4482 3713 4538 bea-

296 4574 614 4630 tenebrosa
638 4572 808 4642 valle,
836 4577 1138 4630 ostensum
1171 4577 1259 4631 est
1275 4574 1327 4630 ei
1353 4574 1530 4630 etiam
1548 4573 1958 4647 quasisemen-
1991 4570 2037 4636 D
2068 4570 2278 4638 tilicat;
2312 4569 2625 4642 aliquando
2638 4568 3717 4644 miserosetpeccatoreslugct,quibus

296 4661 498 4717 tinum
526 4662 844 4734 quoddam,
877 4680 947 4719 ex
975 4679 1090 4735 quo
1108 4679 1296 4736 genus
1324 4662 1651 4719 humanum
1670 4665 1832 4720 ducit
1847 4663 1962 4718 ori-

295 4750 529 4823 ginem.
560 4756 822 4824 Cumque
851 4750 972 4807 baac
1001 4752 1199 4807 omnia
1214 4751 1513 4807 admirans
1530 4756 1587 4807 et
1618 4752 1963 4809 horrescens

292 4836 614 4910 aspiceret,
631 4840 845 4911 jussus
874 4844 965 4895 est
977 4843 1041 4896 ut
1056 4840 1398 4907 attenderet,
1428 4839 1798 4912 quoinitioin
1813 4841 1964 4897 hanc

294 4924 490 4979 vitam
523 4925 776 4995 veniret;
810 4942 877 4982 ac
907 4926 1129 4983 dictum
1162 4931 1281 4983 est:
1312 4925 1495 4996 Unde,
1514 4928 1964 5001 inquit,homini

298 5011 434 5070 ulla
448 5013 741 5086 jactantia
768 5031 898 5072 esse
927 5014 1159 5089 poterit,
1188 5014 1290 5088 qui
1319 5014 1390 5072 de
1410 5019 1531 5072 tam
1548 5016 1884 5092 viliorigine
1906 5019 1966 5077 in

2071 4658 2346 4714 omnibus
2378 4659 2761 4732 semetipsum
2796 4675 3028 4732 semper
3073 4659 3419 4717 deteriorem
3466 4658 3716 4716 dicebat.

2072 4748 2206 4812 Quae
2237 4752 2455 4815 tameu,
2488 4748 2623 4804 aliis
2653 4749 3001 4806 canentibus
3029 4749 3444 4819 cumeo,finito
3467 4746 3719 4822 psalmo,

2074 4839 2200 4911 ipse
2226 4837 2388 4894 solus
2419 4839 2633 4895 tacitus
2664 4840 2962 4895 ruminare
2996 4838 3235 4896 solebat.
3256 4839 3373 4895 Nec
3387 4837 3494 4895 ulli
3522 4854 3724 4896 eama-

2076 4927 2353 4985 nil’estare
2382 4927 2630 4985 volebat.
2665 4927 2908 4994 Quidam
2957 4933 3155 4987 tamen
3204 4932 3494 4997 nostrum,
3538 4927 3639 5001 qui
3669 4927 3723 4983 ei

2077 5015 2577 5074 familiarissimus
2606 5021 2750 5085 erat,
2783 5034 2998 5091 magna
3022 5017 3076 5074 vi
3099 5018 3445 5092 precumvix
3472 5017 3727 5076 obtinuit

406 5175 945 5254 a)_Quales_scilicet
978 5177 1278 5235 adinvenit
1296 5177 1592 5254 _(_:icer_onis
1616 5179 1882 5254 libertus,
1908 5188 1974 5241 ut
2081 5178 2412 5254 Qisterium.
2466 5179 2527 5254 I_d
2573 5180 2945 5254 observatum
2990 5178 3306 5254 aliquando
3349 5196 3384 5235 a
3425 5180 3730 5254 monachis

382 5177 693 5302 {a)00uales
723 5177 945 5263 scilicet
978 5177 1278 5235 adinvenit
1296 5177 1592 5262 picerpnis
1616 5179 1882 5254 libertus,
1908 5188 1971 5241 ut

301 5264 379 5305 ce
401 5251 675 5324 feritatem
698 5248 919 5324 linguas
952 5266 1166 5324 manus
1196 5251 1506 5324 scribentis
1538 5260 1971 5324 assequeretur.

386 5318 545 5403 (lpid
576 5324 667 5403 est
696 5318 1363 5403 in_eeclesial3remeusi,
1397 5318 1846 5403 in‘quaprdinde
1859 5344 1979 5384 mo-

300 5388 491 5449 nachi
521 5407 592 5446 ex
618 5390 992 5451 institutione
1019 5392 1325 5450 Anscbarii
1357 5388 1623 5448 collocati
1655 5400 1813 5451 sunt.

389 5460 461 5534 (ε)
476 5462 824 5540 _ln_vetustis
840 5464 1209 5540 Paulinorum
1222 5462 1390 5540 libris
1406 5468 1537 5540 post
1551 5464 1816 5540 singulos
1830 5469 1982 5540 psal-

2085 5251 2359 5325 Orientis,
2388 5255 2454 5307 ut
2474 5251 2600 5308 loco
2627 5267 2830 5307 versus
2862 5250 3046 5325 Gloria
3073 5250 3252 5321 Patri,
3269 5268 3441 5325 quem
3463 5253 3736 5311 Occiden-

2085 5322 2232 5396 tales
2263 5328 2397 5395 post
2412 5339 2893 5396 unumquemque
2906 5324 3137 5396 psalmu
3147 5340 3204 5380 m
3217 5322 3526 5393 canebant,
3551 5326 3736 5382 oratio

2088 5394 2399 5461 diceretur,
2426 5399 2573 5450 teste
2620 5394 2923 5451 Cassiano’
2952 5395 3013 5451 in
3042 5394 3146 5454 lib.
3179 5413 3221 5452 ιι
3268 5396 3736 5462 Institutionum,

2091 5482 2217 5550 gap.
2244 5465 3131 5550 9.8.edaetribuunturejusmodi
3146 5470 3445 5545 pigmenta
3478 5467 3743 5525 Scintilla

304 5532 449 5592 mos
476 5532 772 5591 habentur
795 5535 1056 5610 singulae
1111 5532 1544 5610 orationes;__ut
1576 5532 1848 5610 in'libro‘
1881 5540 1981 5597 illo
2091 5532 2274 5609 dicta‘;
2309 5536 2531 5596 similia
2554 5538 2731 5596 etiam
2761 5532 3025 5599 Alcuino.

310 5620 500 5683 quem
533 5610 777 5665 sanctus
794 5605 1120 5676 Rotbertus,
1136 5608 1318 5667 abbas
1342 5605 1756 5681 Melismeusis,
1774 5610 1985 5671 detulit

653 5734 917 5801 PATROL.
968 5734 1228 5799 CXVIII.

3348 5741 3429 5827 32.
