4102 6180
409 345 562 406 1003
1380 330 1480 390 AN
1491 327 1801 392 SCHARII
1846 322 2458 386 HAMBURGENSIS
2503 320 2847 384 EPISCOPI
3664 320 3823 382 1004

418 475 490 532 ab
522 491 609 543 eo,
642 476 707 529 ut
736 470 787 529 ei
817 469 947 543 ipsa
975 466 1290 540 pigmenta,
1325 464 1480 521 sicut
1500 462 1597 519 ille
1610 458 2062 518 c'antaresolitus
2094 461 2146 527 Α
2177 461 2235 512 et
2263 456 2632 529 dispensator
2661 456 3039 528 eleemosyna:
3080 469 3200 509 sum
3222 452 3491 543 deesset,
3509 452 3662 543 “ipse
3694 452 3828 543 sine

417 568 562 631 erat,
595 538 859 617 dictaret:
887 538 1020 622 Quae
1043 538 1982 627 tamenﬁpseconscriptavivente
1995 566 2061 606 eo
2169 562 2334 602 mora
2364 545 2519 617 quod
2552 546 2716 602 daret
2743 544 3003 601 haberet.
3037 540 3487 631 Studebatenim
3505 538 3648 598 illud
3661 541 3829 631 baati

414 651 633 712 nemini
663 646 935 715 innotuit,
970 646 1070 702 sed
1102 648 1235 717 post
1264 644 1487 700 obitum
1503 639 2064 715 cjusquicusquele-

415 757 552 816 gere
581 737 911 795 volentibus
942 734 1224 791 exhibuit.

556 828 799 884 Psalmos
823 842 924 899 pro
954 826 1066 880 loco
1096 831 1146 880 et
1176 830 1410 894 tempore
1440 823 1620 877 varios
1648 820 1925 877 recitabat.

456 918 578 974 ~60.
593 917 749 973 Inter
773 914 1032 988 psalmos
1054 917 1250 970 autem
1268 911 1624 968 cantandum
1645 912 1721 982 (α)
1735 910 2065 982 frequenter

418 1007 594 1065 etiam
625 1006 900 1061 manibus
926 1003 1151 1077 operari
1166 1001 1407 1069 solebat,
1442 1017 1580 1057 nam
1595 998 2065 1071 histemporibus

420 1100 540 1153 rete
571 1094 939 1168 operabatur.
974 1094 1054 1149 De
1084 1092 1229 1165 ipsis
1257 1108 1391 1147 vero
1421 1090 1667 1163 psalmis
1711 1087 2065 1160 dispositum

422 1185 650 1251 habuit,
679 1200 826 1257 quos
858 1183 917 1238 in
947 1183 1061 1249 die,
1098 1199 1244 1255 quos
1287 1181 1345 1236 in
1376 1184 1545 1236 nocte
1574 1181 1865 1245 cantaret;
1894 1194 2063 1249 quos,

423 1274 566 1332 dum
593 1292 656 1331 se
686 1274 760 1329 ad
792 1273 1035 1330 missam
1050 1272 1430 1345 praeparabat,
1446 1268 2067 1349 cantaret;quos,dum

424 1364 807 1422 disealceatus
837 1363 908 1418 ad
924 1363 1138 1419 lectum
1165 1362 1248 1418 ire
1260 1360 1507 1417 volebat.
1523 1360 1691 1415 Mane
1704 1376 1776 1413 au
1786 1362 1901 1414 tem
1916 1374 2069 1413 sem-

424 1469 527 1526 per
554 1453 791 1526 quando
822 1470 885 1509 se
916 1450 1228 1519 calceabat,
1262 1454 1320 1506 et
1340 1450 1573 1505 lavabat
1586 1445 2070 1516 manus,litanias

427 1543 727 1599 cantabat:
763 1545 820 1598 et
850 1541 933 1597 sic
964 1541 1035 1596 ad
1085 1538 1391 1597 ecclesiam
1446 1538 1758 1612 profectus,
1807 1540 1928 1593 tres
1971 1539 2075 1591 aut

427 1635 680 1705 quatuor
708 1631 923 1687 missas
952 1630 1227 1686 celebrari
1283 1629 1551 1695 faciebat,
1602 1627 1727 1701 ipse
1774 1630 1974 1682 astans
2017 1629 2075 1681 et

427 1722 687 1778 ofﬁcium
716 1736 924 1794 agens:
959 1724 1174 1776 statuto
1204 1723 1403 1775 tamen
1432 1718 1692 1789 legitimo
1725 1716 1929 1788 (b)tem
1937 1730 2075 1788 pore

426 1810 487 1866 in
518 1811 611 1867 die
642 1810 938 1882 publicam
972 1808 1236 1877 missam,
1272 1808 1383 1863 nisi
1409 1806 1606 1878 aliqua
1629 1802 2077 1861 eiincommodi-

432 1904 519 1957 tes
551 1899 882 1967 accidisset,
917 1899 1040 1971 ipse
1072 1898 1362 1953 cantabat.

432 1989 701 2043 Liberalis
729 1990 791 2057 in
812 2003 1098 2059 pauperes,
1129 1985 1521 2040 xenedochium
1565 1984 1710 2039 dotat
1742 1985 1802 2059 in
1845 1984 2080 2054 gratiam

502 2056 828 2129 pauperum:
865 2056 1134 2115 ornm'um
1160 2074 1349 2111 curam
1378 2059 1536 2125 gerit.
1576 2056 1869 2113 Saeculum
1907 2062 2085 2123 portat

504 2130 565 2183 in
594 2145 753 2185 zona.
781 2131 843 2185 lu
876 2129 1300 2201 Quadragesima
1330 2129 1502 2199 reﬁcit
1520 2144 1786 2201 pauperes
1815 2134 2079 2198 quatuor,

506 2222 557 2273 et
586 2220 663 2273 cis
688 2219 987 2275 ministrat.

506 2309 595 2363 61.
631 2307 694 2363 In
724 2306 1111 2380 eleemosynis
1140 2325 1273 2364 vero
1303 2308 1514 2363 dandis
1532 2322 1709 2379 quam
1741 2304 2084 2378 ipselibcra-

442 2396 710 2452 lissimus
737 2395 927 2464 fuerit,
960 2396 1094 2467 quis
1125 2412 1395 2452 enarrare
1440 2395 1668 2467 poterit,
1700 2411 1835 2451 cum
1885 2393 2085 2449 omnia

434 2502 564 2557 quae
593 2484 849 2539 habebat
872 2483 932 2538 in
957 2483 1188 2540 Domini
1218 2484 1537 2551 voluntate,
1562 2483 1967 2540 necessitatem
1987 2500 2085 2556 pa-

436 2573 717 2630 tientibus
745 2573 1194 2629 subministrare
1223 2573 1532 2645 cupiebat?
1554 2573 1894 2645 Ubicunque
1926 2573 2082 2628 enim

439 2663 693 2735 aliquem
720 2663 779 2718 in
806 2662 1152 2719 necessitate
1184 2664 1440 2735 positum
1473 2662 1714 2732 sciebat,
1748 2679 1815 2719 ex
1865 2667 2084 2734 quanto

335 2806 341 2812 .
439 2757 668 2825 poterat
696 2768 831 2808 eum
862 2752 1139 2824 adjuvare
1171 2753 1492 2824 satagebat.
1527 2753 1595 2807 Et
1625 2770 1740 2808 non
1792 2751 1983 2807 solum
2026 2752 2086 2807 in

441 2841 677 2915 propria
709 2841 1002 2914 parochia,
1018 2842 1119 2897 sed
1134 2842 1309 2896 etiam
1323 2841 1381 2896 in
1396 2840 2088 2914 longinquisregionibus

440 2929 649 3003 positis
675 2930 1003 2986 subsidium
1018 2930 1108 2986 sui
1123 2930 1395 3001 adjutorii
1415 2928 1846 2986 ministrabant:
1872 2931 2091 3001 specia-

444 3019 769 3075 liustamen
782 3019 1069 3092 hospitale
1094 3035 1417 3092 pauperum
1431 3019 1501 3090 (ιτ)
1516 3019 1574 3075 in
1593 3024 1800 3075 Brema
1813 3019 2091 3076 constitu-

447 3114 575 3163 tum
607 3106 878 3176 habebat,
912 3108 981 3163 ad
1015 3108 1169 3180 quod
1201 3109 1458 3165 decimas
1488 3109 1559 3164 de
1593 3108 1893 3164 nonnullis
1938 3108 2093 3164 villis

445 3197 757 3270 disposuit,
789 3200 857 3252 ut
882 3196 963 3253 ibi
994 3214 1127 3253 cum
1143 3198 2091 3270 quotidianasusceptionepaupe—
2129 3205 2173 3272 ρ

444 3302 576 3342 rum
608 3285 806 3359 azgroti
837 3292 1253 3342 recrearentur.
1288 3287 1394 3342 Per
1422 3303 1658 3342 omnem
1689 3287 2089 3359 episcopatum

446 3392 621 3431 suum
651 3374 909 3431 decimas
939 3374 1283 3431 animalium
1296 3375 1627 3432 etomnium
1642 3376 1975 3432 reddituum
1991 3376 2093 3449 (ιι),

447 3464 823 3537 decimasque
851 3464 1233 3533 decimarum,
1269 3482 1395 3537 quae
1427 3466 1497 3521 ad
1530 3482 1667 3521 eum
1700 3466 2090 3538 pertinebant,

446 3553 507 3608 in
539 3570 864 3627 pauperum
881 3554 1292 3626 expensionem
1306 3554 1694 3611 distribuebat
1708 3570 1721 3607 :
1736 3559 1792 3611 et
1805 3554 2091 3627 quidquid

445 3642 671 3714 argenti
698 3642 786 3698 vel
818 3643 1355 3713 cujuslibetccnsus
1371 3643 1452 3697 illi
1471 3643 1861 3715 proveniebat,
1878 3644 1936 3697 in
1950 3660 2094 3699 usus

447 3730 836 3801 indigentium
869 3731 1217 3785 decimabat.
1280 3732 1525 3803 Insuper
1576 3732 1633 3785 in
1693 3732 1898 3803 quinto
1939 3748 2092 3787 anno

452 3815 717 3872 omnium
750 3815 1117 3885 animalium,
1143 3816 1757 3876 licetanteadecimata
1770 3820 2004 3888 fuerint,
2022 3820 2094 3875 ad

452 3903 953 3977 eleemosynarum
984 3905 1278 3962 dationem
1314 3907 1525 3963 iterum
1557 3925 1626 3964 ex
1663 3908 1890 3982 integro
1940 3910 2094 3965 deci-

450 3992 767 4050 mationem
797 3994 1071 4051 faciebat:
1107 3996 1177 4051 de
1208 4002 1447 4069 argento
1476 3997 1650 4054 etiam
1665 4000 1820 4071 quod
1837 4000 1907 4055 ad
1921 3999 2097 4055 eccle-

450 4082 569 4139 sias
599 4082 659 4137 in
692 4084 1061 4141 monasteriis
1072 4085 1638 4158 veniebat,quartam
1654 4093 1878 4160 partem
1902 4088 1974 4143 ad
1988 4088 2097 4144 hoc

449 4172 647 4245 ipsum
677 4172 1028 4229 destinabat.
1062 4174 1274 4230 Curam
1306 4192 1442 4247 ergo
1459 4176 1810 4249 pupillorum
1827 4177 2096 4233 etvidua-

452 4278 586 4317 rum
616 4262 932 4318 maximam
964 4280 1195 4336 semper
1224 4264 1495 4331 habebat,
1526 4271 1584 4321 et
1616 4267 1948 4339 ubicunque
1964 4284 2098 4323 aua-

457 4351 724 4408 choretas
749 4368 876 4408 esse
906 4353 1145 4421 sciebat,
1174 4353 1292 4409 sive
1321 4354 1500 4422 viros,
1535 4355 1653 4411 sive
1684 4355 1953 4428 feminas,
1986 4356 2096 4412 fre-

454 4440 773 4512 quentibus
802 4441 1233 4498 visitationibus
1264 4446 1320 4497 et
1350 4443 1520 4499 donis
1552 4444 1711 4516 ipsos
1745 4444 1801 4500 in
1834 4445 1931 4500 Dei
1976 4462 2098 4501 ser-

452 4527 593 4584 vitio
624 4530 1004 4586 confortabat.
1033 4535 1090 4587 et
1120 4531 1464 4588 necessariis
1496 4533 1778 4589 subsidiis
1821 4535 2099 4606 adjuvare

456 4617 751 4674 studebat.
787 4619 1044 4675 Habebat
1072 4638 1306 4693 quoque
1336 4621 1395 4676 in
1426 4638 1572 4677 zona
1596 4623 1833 4695 propria
1869 4639 2101 4696 semper

455 4706 754 4763 sacculum
786 4724 920 4763 cum
944 4711 1323 4779 nummis,ut,
1343 4712 1391 4767 si
1420 4712 1654 4783 quando
1667 4727 1843 4784 egens
1856 4712 2098 4781 veniret,

527 4842 606 4913 (α)
638 4841 737 4925 Sic
751 4842 1005 4925 ngyptii
1032 4844 1301 4925 monachi
1317 4863 1464 4925 opus
1478 4863 1761 4925 manuum
1762 4846 2098 4925 gtpsalmo-

455 4930 595 4990 rum
618 4916 909 4990 orationes
938 4916 1155 4990 pariter
1184 4916 1546 4982 exercebant,
1569 4920 1724 4990 apud
1755 4916 2099 4976 Cassianum

454 4985 513 5060 in
546 4987 821 5060 ejusdem
845 4985 973 5041 libri
1002 5004 1126 5060 cap.
1181 4990 1245 5060 13
1275 4993 1332 5044 et
1378 4990 1465 5044 44.
1500 4985 1623 5046 Ξίο’
1647 4995 1885 5045 sanctus
1933 4990 2104 5046 Adal-

458 5054 680 5144 gardus
703 5057 770 5139 in
799 5054 1161 5144 Statuto-rum
1326 5078 1388 5127 ιι,
1421 5078 1549 5144 cap.
1583 5062 2102 5144 lizpraecipitutqui

459 5129 807 5207 inoco_quina:
841 5130 1165 5207 ministerio
1191 5131 1475 5207 laborant,
1491 5129 1770 5207 psalmos
1791 5129 2104 5207 sincinter-

459 5202 749 5277 missione
766 5206 1020 5277 cantent,
1053 5202 1110 5258 id
1143 5208 1229 5259 est
1256 5202 1527 5258 recitent:
1552 5205 1673 5268 Quo
1704 5221 1882 5261 sensu
1927 5205 2102 5261 etiam

458 5269 707 5346 ista-vo}
737 5270 844 5326 hoc
876 5272 932 5328 in
965 5273 1090 5329 loco
1118 5278 1449 5346 usurpatur.

505 5336 609 5422 “((1)
643 5339 789 5410 Ergo
811 5359 926 5422 non
954 5336 1344 5422 quotidie,sed
1363 5345 1810 5422 solemnioribus
1824 5348 2107 5403 duntaxat

461 5408 673 5491 diebus
704 5408 887 5491 sacris
912 5408 1261 5491 operabatur
1285 5417 1665 5491 Anscharius.

499 5480 601 5563 .(e)
632 5480 711 5536 E0
742 5480 814 5563 in.
833 5480 967 5539 loco
988 5491 1188 5563 postea
1218 5488 2107 5563 institutumcollegiumduode—

462 5560 577 5638 cim
606 5560 1045 5638 canopicorum,
1078 5562 1134 5613 et
1166 5560 1450 5638 templum
1482 5560 1849 5638 sub_no_mine
1870 5562 2105 5638 §.Ans-

461 5623 665 5700 pharii,
699 5624 875 5685 etiam
910 5623 1066 5684 nunc
1098 5623 1386 5704 perstans,
1418 5635 1565 5689 teste
1584 5632 2104 5710 PhilippoCazsare,

2168 634 2279 691 Job
2312 634 2533 691 dictum
2567 652 2669 708 per
2697 633 2894 691 omnia
2915 632 3177 706 implere,
3203 635 3384 687 utnec
3403 629 3610 687 saltem
3623 629 3830 688 oculos

2168 724 2356 779 vidum
2386 723 2703 797 aliquando
2733 726 3067 796 exspectare
3099 722 3341 778 faceret:
3374 719 3575 793 sicque
3604 723 3661 776 et
3680 736 3831 778 ocu—

2172 812 2266 869 lus
2298 830 2446 870 caeco
2476 817 2534 870 et
2560 830 2665 887 pes
2695 813 2903 869 claudo
2935 816 2991 868 et
3021 814 3188 885 pater
3216 826 3542 884 pauperum
3559 808 3831 866 omnimo

2174 919 2303 959 esse
2332 904 2629 960 studebat.
2663 907 2726 959 In
2758 900 3226 975 Quadragesimaa
3256 916 3390 956 vero
3405 903 3833 972 temporequa—

2173 996 2308 1048 tuor
2336 1009 2621 1066 pauperes
2652 991 2913 1064 quotidie
2943 990 3001 1046 in
3035 995 3245 1047 Brema
3269 989 3342 1045 ad
3376 1004 3574 1045 escam
3601 988 3833 1062 suscipi

2167 1081 2436 1153 jubebat,
2468 1082 2615 1138 duos
2644 1080 2865 1137 scilicet
2892 1080 3046 1137 viros
3067 1084 3124 1136 et
3152 1079 3300 1135 duas
3322 1078 3597 1147 feminas,
3618 1076 3834 1135 etviris

2177 1170 2414 1243 quidem
2446 1170 2571 1244 ipse
2602 1187 2735 1227 cum
2769 1169 3050 1239 fratribus
3082 1168 3259 1242 pedes
3279 1167 3545 1236 lavabat;
3578 1166 3834 1223 feminas

2179 1263 2373 1316 antem
2404 1259 2463 1315 in
2497 1260 2771 1332 praedicto
2795 1257 3074 1331 hospitali
3107 1273 3455 1330 pauperum,
3485 1256 3607 1313 vice
3642 1254 3832 1323 illius,

2179 1350 2447 1421 quaidam
2479 1349 2593 1406 Deo
2624 1352 2857 1405 sacrata
2884 1365 3062 1421 quam
3093 1347 3219 1420 ipse
3249 1347 3310 1402 in
3341 1346 3444 1403 Dei
3465 1345 3835 1402 voluntateet

2180 1438 2479 1512 religionis
2510 1455 2707 1495 amore
2737 1438 3043 1512 probatam
3073 1436 3346 1492 habebat.
3387 1435 3646 1509 Denique
3692 1451 3834 1491 cum

2180 1527 2485 1601 parochias
2511 1544 2672 1584 more
2701 1525 3015 1600 episcopali
3046 1524 3336 1595 circuiret,
3361 1528 3669 1597 antequam
3702 1524 3836 1597 ipse

2182 1618 2254 1674 ad
2288 1616 2615 1673 convivium
2647 1616 2964 1683 accederet,
3000 1630 3285 1688 pauperes
3316 1613 3689 1688 principiebat
3732 1612 3835 1667 in-

2183 1707 2308 1762 trod
2318 1704 2409 1761 uci
2426 1722 2439 1760 :
2474 1705 2690 1777 quibus
2712 1720 2926 1776 aquam
2942 1702 3116 1759 etiam
3129 1703 3203 1759 ad
3222 1720 3433 1758 manus
3444 1700 3723 1758 levandas
3736 1718 3842 1757 ex-

2185 1794 2442 1865 hibebat,
2473 1798 2529 1849 et
2548 1792 2796 1868 eulogiis
2824 1792 2978 1848 datis
3002 1791 3682 1863 miscebat(e):etmensa
3697 1793 3847 1846 ante

2193 1884 2351 1955 ipsos
2380 1883 2590 1955 posita,
2623 1882 2706 1939 sic
2736 1883 2975 1939 demum
3006 1881 3079 1938 ad
3111 1881 3432 1938 convivium
3478 1897 3652 1936 suum
3690 1895 3849 1936 cum

2189 1971 2523 2045 hospitibus
2556 1972 2957 2043 arcedebat.(f)
2984 1972 3055 2027 Et
3086 1975 3148 2026 ut
3161 1969 3564 2026 misericordiae
3578 1968 3856 2041 acpieta-

2190 2061 2267 2115 tis
2279 2061 2329 2132 ej
2339 2078 2406 2116 us
2417 2061 2639 2119 viscera
2650 2058 2931 2132 exemplis
2946 2060 3360 2132 approbemus,
3374 2058 3637 2114 vidimus
3648 2074 3847 2129 quou-

2192 2151 2348 2218 dam,
2381 2167 2517 2206 cum
2548 2150 2700 2205 inter
2725 2149 2945 2205 multos
2963 2148 3108 2205 alios
3122 2148 3433 2221 cujusdam
3450 2146 3848 2204 viduasﬁlium

2192 2240 2251 2296 in
2282 2238 2604 2313 longinqua
2630 2239 2863 2312 regione
2894 2238 3190 2311 captivum
3208 2238 3549 2307 abductum,
3582 2236 3641 2293 in
3655 2236 3849 2293 Sueo-

2192 2346 2336 2385 num
2364 2327 2652 2400 videlicet,
2683 2328 2869 2400 pretio
2921 2328 3316 2400 redemptum,
3368 2326 3494 2399 ipse
3540 2342 3745 2383 secum
3771 2326 3847 2381 ad

2192 2418 2427 2491 propria
2458 2418 2786 2474 reduxisset
2803 2435 2816 2486 ;
2832 2421 3033 2473 etcum
3048 2416 3244 2489 ipsum
3258 2419 3446 2472 mater
3457 2433 3564 2472 sua
3574 2415 3853 2489 gaudens

2190 2508 2412 2564 videret
2442 2523 2762 2579 reversum,
2795 2506 2969 2580 (sicut
2999 2522 3126 2563 mos
3155 2509 3246 2563 est
3298 2505 3671 2575 feminarum)
3718 2520 3847 2577 prae

2191 2597 2408 2675 gaudio
2440 2598 2497 2651 in
2530 2601 2845 2670 conspectu
2876 2601 3078 2653 astans
3108 2595 3430 2669 lacrymata
3456 2594 3683 2661 fuisset;
3705 2592 3848 2666 ipse

2200 2703 2434 2760 quoque
2467 2686 2779 2759 episcopus
2808 2689 3194 2759 compunctus
3215 2702 3334 2742 non
3351 2684 3546 2740 minus
3576 2682 3713 2738 tlere
3734 2698 3853 2738 cm-

2197 2775 2364 2849 perit,
2387 2776 2704 2847 statimque
2736 2774 2924 2830 filium
2955 2775 3149 2847 ipsum
3174 2774 3360 2829 viduae
3381 2772 3850 2829 libertatedona-

2198 2868 2327 2920 tum
2358 2862 2531 2922 matri
2562 2863 2833 2932 reddidit,
2858 2864 3217 2935 domumque
3245 2862 3569 2935 gaudentes
3597 2862 3682 2917 ire
3720 2877 3852 2934 per-

2200 2954 2381 3010 misit.

2198 3047 2407 3101 Futura
2454 3046 2773 3115 praenoscit;
2815 3045 2876 3098 in
2922 3041 3148 3112 agendis
3188 3043 3369 3115 Deum,
3399 3039 3664 3115 consulit.
3714 3040 3852 3115 Bre-

2270 3112 2472 3171 mensis
2502 3116 2751 3171 Ecclesia:
2771 3116 2956 3186 scfore
2964 3121 3235 3186 pastorem
3249 3113 3459 3168 cwlitus
3474 3112 3780 3184 praedixit.

2270 3206 2357 3261 62.
2392 3204 2460 3259 Et
2484 3204 2623 3276 quia
2651 3202 3010 3260 convsrsatio
3041 3203 3191 3274 ejus,
3223 3202 3549 3272 secundum
3599 3200 3846 3256 beatum

2202 3293 2447 3349 Paulum
2480 3292 2811 3366 apostolum
2861 3292 3029 3365 (Phil.
3062 3310 3145 3362 In,
3194 3292 3308 3362 20),
3341 3307 3575 3363 semper
3626 3294 3752 3347 erat
3794 3290 3857 3346 in

2203 3382 2363 3451 cmlo,
2396 3398 2825 3454 nonnunquam
2857 3380 2984 3453 ipse
3013 3380 3350 3436 ccelestibus
3397 3379 3862 3435 revelationibus

2202 3472 2378 3541 (sicut
2400 3472 2525 3543 jam
2558 3471 2780 3544 praefati
2814 3486 3042 3538 sumus,
3067 3469 3200 3525 licet
3234 3467 3423 3524 multa
3453 3466 3860 3539 omiserimus)

2202 3560 2608 3616 illustrabatur
2633 3560 2690 3614 in
2722 3564 2898 3627 terra,
2932 3560 3011 3615 ita
3044 3563 3107 3615 ut
3140 3558 3257 3613 fere
3285 3557 3480 3614 omnia
3508 3557 3864 3629 queeipro-

2203 3651 2448 3704 ventura
2481 3651 2664 3713 erant,
2698 3652 2869 3703 antea
2912 3661 3161 3719 semper,
3212 3645 3334 3701 sive
3384 3661 3481 3717 per
3524 3641 3863 3711 somnium,

2203 3734 2322 3791 sive
2352 3734 2745 3807 perintimam
2777 3732 3188 3791 revelationem
3218 3732 3275 3787 in
3320 3736 3532 3791 mente.
3584 3730 3707 3785 sive
3757 3746 3864 3803 per

2203 3840 2526 3889 excessum,
2555 3822 2667 3896 ipsi
2698 3822 2930 3895 cognita
2958 3822 3182 3877 fierent.
3209 3822 3353 3877 Nam
3392 3820 3548 3892 quod
3600 3817 3855 3874 diximus

2204 3911 2410 3967 ﬁeriin
2442 3914 2657 3977 mente,
2691 3908 3032 3981 hujusmodi
3085 3924 3215 3964 esse
3262 3911 3568 3979 putamus,
3616 3905 3773 3960 sicut
3801 3904 3859 3959 in

2203 4000 2444 4056 Actibus
2476 3997 2873 4071 apostolorum
2906 3997 3148 4071 legitur:
3183 3994 3860 4068 Dixit,inquit,Spirim

2204 4089 2459 4161 Philippo
2492 4088 2624 4151 (Act.
2654 4103 2777 4155 VIII,
2811 4088 2927 4153 29).
2968 4086 3055 4142 Ad
3105 4085 3304 4140 omnia
3327 4083 3486 4139 enim
3536 4100 3667 4155 quae
3717 4083 3860 4138 forte

2206 4177 2496 4251 praecipua
2517 4177 2628 4232 deti
2638 4175 2760 4231 nire
2776 4175 3043 4242 debebat,
3061 4174 3317 4247 spatium
3337 4172 3630 4245 cogitandi
3646 4171 3863 4228 habere

2204 4266 2460 4333 volebat;
2494 4269 2551 4321 et
2580 4263 2726 4320 nihil
2753 4269 2970 4319 temere
2999 4262 3366 4335 disponebat,
3392 4266 3865 4334 antequamgra-

2206 4356 2290 4413 tia
2318 4355 2417 4411 Dei
2446 4353 2802 4420 illustratus,
2836 4353 2961 4426 ipse
2990 4352 3049 4407 in
3083 4354 3279 4407 mente
3309 4367 3417 4406 sua
3449 4350 3691 4406 sentiret
3715 4346 3867 4420 quid

2208 4443 2418 4501 melius
2450 4447 2637 4499 esset:
2672 4442 2873 4515 sicque
2888 4440 3486 4514 supernavisitatione
3508 4437 3870 4496 certiﬁeatus

2207 4534 2266 4588 in
2301 4537 2513 4597 mente,
2548 4532 2673 4588 sine
2703 4531 3074 4587 cunctatione
3103 4546 3230 4601 quis
3261 4529 3486 4603 agenda
3513 4532 3657 4584 erat.
3673 4526 3873 4599 dispo~

2208 4623 2401 4678 nebat.
2437 4622 2612 4676 Porro
2645 4636 2713 4676 ea
2741 4637 2867 4693 qua:
2898 4636 3000 4691 per
3039 4619 3338 4675 somnium
3379 4617 3635 4684 videbat,
3691 4613 3862 4671 sicuti

2200 4714 2328 4785 jam
2359 4709 2631 4783 superius
2660 4708 2849 4764 multa
2877 4707 3304 4780 comprehensa
3350 4710 3515 4772 sunt,
3562 4710 3682 4761 tam
3727 4718 3871 4761 vera

2211 4846 2311 4919 qui
2371 4861 2506 4919 cum
2557 4843 2748 4900 adhuc
2786 4850 3074 4907 ἀκαθολιτιός
3120 4846 3297 4919 esset,
3359 4840 3577 4897 ibidem
3629 4838 3879 4919 canopi-

2212 4910 2345 4973 éuln
2405 4916 2525 4989 egit
2575 4920 2630 4970 et
2671 4920 2991 4989 pastorem:
3056 4918 3645 4989 posteauconversus
3680 4910 3879 4981 hujus

2212 4980 2502 5070 praecipue
2560 4980 2908 5070 sanctikuti
2964 4980 3881 5070 ipsencredidithprec‘ibps:ac

2214 5054 2461 5124 meritis,
2492 5059 2665 5129 cujus
2721 5056 2915 5112 Vitam
2969 5054 3231 5113 studiose
3268 5072 3335 5111 ac
3389 5054 3695 5128 diligenter
3736 5068 3879 5125 per.

2256 5131 2518 5186 uisierat.

2216 5150 2634 5274 quiil‘ﬁiigéum
2667 5196 3444 5274 ordinaverat_Adal_l_iardus
3484 5191 3879 5274 abbasapud

2212 5268 2514 5331 Corbeiafn
2545 5276 2815 5339 veterem,
2850 5275 2915 5325 ut
2941 5268 3288 5344 _ex_Stat_utis
3317 5268 3506 5341 ipsius
3540 5270 3803 5344 constat.
3842 5333 3856 5344 .

2285 5346 2353 5419 (ε)
2372 5345 2433 5419 ld
2464 5348 2554 5400 est
2584 5337 3134 5419 potum'prtsbebat.
3163 5340 3279 5395 Hoc
3311 5337 3489 5419 sensu
3505 5337 3885 5419 verbum-imi-

2215 5405 2372 5473 scere
2406 5405 2679 5487 frequens
2707 5418 2799 5487 est
2820 5405 3477 5487 apud_at1_ctores_mediaa
3491 5407 3701 5465 aetatis.
3726 5405 3884 5461 Vide

2215 5482 2579 5544 Glossarium
2610 5485 2681 5540 V.
2714 5484 2795 5539 Cl.
2828 5482 3016 5539 Caroli
3045 5482 3288 5539 Fresnii.

2289 5560 2354 5633 (ﬂ
2385 5558 2611 5633 Abhinc
2639 5571 2828 5633 usque
2860 5555 2933 5612 ad
2969 5571 3134 5633 num.
3165 5555 3237 5611 68
3260 5550 3672 5622 infra,Gualdo
3698 5552 3888 5624 poeta

2215 5625 2470 5688 transilit
2500 5625 2828 5707 prosaicam
2862 5625 3208 5686 orationem.
