4026 6180
328 359 487 420 10Οό

1949 352 2136 416 VITA

3585 354 3743 419 1006

327 495 514 558 erant,
545 494 608 544 ut
635 503 940 560 nunquam
965 501 1033 542 ea
1057 491 1290 543 cassata
1332 487 1796 544 reminiscamur.
1829 487 1974 541 Nam
2007 506 2058 572 Α
2098 485 2315 557 pariter
2343 488 2399 540 et
2428 483 2738 558 Reginario
2769 502 2780 540 :
2814 485 3015 557 Cujus,
3048 485 3264 558 inquit,
3297 487 3392 542 hic
3439 487 3742 545 hominem

326 584 392 636 ut
418 579 490 635 ad
520 578 928 652 probationem
961 577 1142 650 hujus
1175 578 1255 632 rei
1283 577 1503 632 omissa
1526 580 1604 646 (a)
1631 576 1976 647 referamus,

325 673 648 740 antequam
661 667 732 724 ad
753 668 1124 723 Bremensem
1141 665 1826 732 invitareturEcclesiam,
1843 682 1984 738 qua-

325 758 464 814 dam
492 760 660 814 nocte
685 755 877 812 visum
907 759 998 811 est
1027 755 1078 810 ei
1105 755 1259 828 quod
1291 754 1545 810 venisset
1569 753 1629 810 in
1663 754 1980 826 quamdam

327 847 626 919 regionem
656 843 1141 911 amoenissimam,
1171 845 1229 898 in
1257 861 1373 916 qua
1399 842 1616 899 invenit
1636 842 1979 898 beatumPe-

325 940 485 992 trum
499 933 851 1008 apostolum.
868 934 1130 1006 Cumque
1143 931 1310 988 illum
1323 931 1981 998 admiraretur,veniunt

326 1025 572 1097 quidam
607 1022 877 1079 homines
903 1026 1184 1094 petentes,
1219 1026 1284 1077 ut
1308 1020 1431 1093 ipse
1470 1022 1675 1077 beatus
1715 1019 1981 1076 videlicet

326 1117 535 1169 Petrus
561 1113 645 1168 eis
670 1115 964 1185 pastorem
990 1115 1047 1166 et
1071 1111 1367 1166 doctorem
1401 1111 1694 1166 destinare
1720 1110 1976 1166 deberet.

327 1201 552 1269 Quibus
583 1218 717 1256 cum
751 1199 845 1256 ille
871 1200 1425 1273 respondissetzlste
1447 1205 1742 1271 est,quem
1756 1199 1979 1255 debetis

327 1292 545 1348 habere
578 1295 894 1364 pastorem,
929 1290 1213 1345 domnum
1270 1289 1611 1362 episcopum
1665 1306 1860 1345 coram
1917 1305 1979 1344 se

327 1385 582 1437 stantem
611 1395 943 1452 pr0ponens
960 1396 972 1445 ;
990 1378 1182 1434 visum
1197 1379 1311 1434 esti
1319 1379 1576 1451 psiquod
1606 1383 1769 1434 terra:
1783 1383 1978 1434 motus

327 1471 496 1525 ﬁeret
521 1485 795 1542 magnus,
819 1472 875 1524 et
896 1467 1020 1540 ipse
1050 1468 1111 1523 in
1143 1473 1357 1523 terram
1389 1467 1714 1536 cecidisset,
1739 1468 1975 1538 etquod

324 1559 697 1615 venissetvox
723 1574 900 1629 super
929 1559 1158 1622 eum,et
1185 1573 1398 1628 magna
1420 1555 1746 1611 suavitasin
1763 1561 1974 1622 mente,

326 1647 524 1702 unctio
555 1645 826 1702 videlicet
848 1645 1102 1718 Spiritus
1129 1644 1435 1712 sancti,ita
1454 1649 1515 1700 ut
1538 1661 1599 1700 se
1632 1643 1978 1716 quasiinno-

325 1741 523 1792 vatum
554 1736 796 1792 sentiret
817 1735 873 1790 in
901 1735 1090 1808 gratia
1115 1733 1488 1799 Christi,Vox
1506 1751 1636 1788 vero
1659 1751 1784 1805 qua:
1799 1733 1974 1802 venit,

325 1825 496 1898 quasi
531 1823 993 1880 benedictionem
1021 1840 1195 1896 super
1217 1839 1350 1878 eum
1386 1822 1552 1877 fudit.
1578 1823 1715 1877 Post
1744 1821 1976 1877 haeeite-

2095 592 2196 630 vos
2241 579 2361 629 tam
2415 575 2667 648 turpiter
2717 575 3162 632 dehonestatis?
3197 575 3420 646 scitote,
3453 577 3589 650 quia
3634 578 3744 635 iste

2095 663 2408 718 Dominum
2424 663 2618 732 habet,
2635 667 2692 718 et
2718 681 2818 720 vos
2844 664 2914 719 de
2943 664 3053 720 hac
3083 681 3262 720 causa
3291 681 3403 719 non
3441 664 3602 721 eritis
3631 665 3741 721 im-

2093 751 2380 808 mulctati.
2411 755 2535 820 Quo
2564 753 2718 810 dicto
2751 753 2862 825 ipsi
2907 753 3161 808 exterriti
3221 753 3356 808 facti
3413 754 3742 809 conturbati

2091 847 2230 896 sunt
2264 843 2557 898 :domnus
2587 859 2720 898 vero
2747 843 3059 914 episcopus
3093 841 3408 914 evigilavit.
3441 842 3604 906 Quod
3652 843 3739 897 illi

2089 935 2393 986 ostensum
2427 947 2604 1002 quam
2633 947 2835 987 verum
2863 931 3056 1003 fuerit,
3082 935 3328 986 testatur
3351 929 3494 986 ultio
3522 931 3739 1000 divina,

2089 1036 2215 1092 quae
2247 1037 2424 1091 super
2445 1019 2640 1092 ipsum
2663 1020 2820 1076 venit
2847 1020 3409 1093 chinarium.Nam
3424 1036 3540 1076 non
3555 1018 3742 1076 multo

2087 1114 2220 1181 post
2263 1109 2409 1164 iram
2442 1109 2596 1182 regis
2629 1109 2861 1176 meruit,
2889 1114 2948 1165 et
2979 1108 3185 1165 cellam
3216 1109 3406 1182 ipsam
3455 1125 3574 1164 una
3603 1125 3740 1164 cum

2087 1198 2381 1264 omnibus,
2417 1215 2543 1270 quae
2574 1215 2642 1254 ex
2664 1202 2827 1271 parte
2855 1198 3006 1270 regis
3031 1198 3309 1268 habebat,
3343 1197 3616 1270 perdidit,
3635 1213 3739 1253 nec

2086 1286 2333 1343 ulterius
2373 1287 2430 1342 in
2463 1288 2714 1360 gratiam
2748 1286 3059 1360 pristinam
3091 1286 3280 1343 redire
3311 1285 3520 1359 potuit.

2083 1404 2156 1458 De
2203 1420 2365 1473 grege
2411 1420 2573 1474 quam
2629 1404 2895 1460 sollicitus
2916 1423 2938 1466 ;
2965 1405 3024 1459 ἰη
3080 1403 3470 1475 ρνέειίἰοαιιοηθ
3525 1403 3731 1466 suavis,

2743 1515 2795 1566 et
2824 1527 3060 1566 severus.

2153 1626 2242 1679 64.
2275 1625 2485 1680 Verum
2519 1625 2589 1680 de
2622 1625 2896 1696 pastorali
2926 1626 3054 1698 ejus
3084 1625 3273 1698 gratia
3303 1624 3494 1697 qualis
3545 1641 3738 1697 quan-

2086 1717 2297 1784 tusque
2341 1712 2643 1780 exstiterit,
2679 1714 3004 1785 praeterisse
3044 1730 3116 1769 ne
3171 1713 3509 1782 videamur;
3545 1714 3604 1769 in
3638 1713 3736 1768 illo

2085 1807 2237 1856 certe
2255 1802 2650 1874 probavimus,
2666 1820 2842 1874 quam
2856 1819 3055 1858 verum
3072 1803 3166 1870 sit,
3187 1803 3342 1874 quod
3361 1801 3567 1858 beatus
3597 1802 3734 1858 Gre-

325 1932 458 1969 rum
472 1914 648 1983 ,sicut
670 1913 782 1985 ipsi
797 1913 1124 1978 videbatur,
1131 1913 1255 1984 jam
1272 1911 1409 1966 dicti
1427 1911 1528 1966 viri
1544 1911 1611 1966 ad
1623 1915 1974 1966 monuerunt

2087 1890 2283 1963 gorius
2311 1891 2367 1945 in
2402 1890 2588 1963 ﬁgura
2622 1890 3049 1962 pastorum,qui
3083 1890 3143 1944 in
3175 1890 3483 1946 Nativitate
3500 1891 3734 1946 Domini

325 2003 680 2076 apostolum,
707 2019 823 2075 quo
854 2001 938 2058 eis
969 2002 1265 2057 doctorem
1297 1999 1619 2073 quemlibet
1653 2001 1976 2056 destinaret

324 2092 621 2164 (contrarii
650 2091 803 2151 enim
831 2108 958 2147 esse
985 2090 1332 2145 videbantur
1351 2089 1422 2144 iis
1449 2107 1574 2162 quae
1599 2088 1693 2143 ille
1725 2089 1808 2144 cis
1841 2092 1974 2144 ante

321 2182 747 2252 proposuerat);
762 2180 977 2252 quibus
991 2179 1084 2234 ille
1097 2179 1265 2251 quasi
1277 2177 1636 2252 indignando
1649 2177 1968 2250 respondit:

322 2270 524 2325 Nonne
573 2269 690 2324 dixi
736 2269 901 2325 vobis
940 2269 1078 2340 quia
1140 2268 1233 2323 hic
1286 2285 1413 2324 esse
1465 2268 1722 2335 deberet,
1769 2267 1870 2338 qui
1913 2267 1971 2322 in

320 2357 764 2431 praesentiarum
797 2361 912 2413 stat
931 2356 1110 2428 ‘?quid
1142 2356 1494 2412 dubitastis?
1509 2373 1700 2412 nonne
1723 2355 1972 2412 audistis

319 2463 517 2503 vocem
549 2464 729 2519 super
756 2463 891 2503 eum
922 2446 1176 2518 Spiritus
1203 2446 1390 2502 sancti
1412 2446 1482 2501 ad
1511 2445 1619 2500 hoc
1643 2445 1969 2518 delapsam,

322 2541 386 2592 ut
441 2553 577 2592 eum
630 2536 794 2592 vobis
840 2539 1204 2591 consecraret
1243 2534 1580 2606 pastorem?
1622 2537 1744 2599 Quo
1795 2534 1968 2600 dicto,

322 2643 529 2681 somno
565 2625 1025 2697 expergefactus,
1057 2624 1214 2696 quod
1259 2623 1510 2679 triennio
1561 2627 1695 2677 ante
1747 2622 1972 2678 viderat

322 2731 499 2786 quam
528 2714 599 2770 ad
628 2715 1001 2769 Bremensem
1031 2713 1342 2785 regendam
1392 2712 1738 2767 invitaretur
1783 2709 1969 2765 eccle-

324 2802 493 2871 siam,
519 2808 713 2859 certus
739 2803 978 2858 omnino
1008 2803 1194 2858 factus
1221 2807 1331 2869 est,
1360 2801 1514 2873 quod
1543 2799 1757 2855 alicubi
1792 2801 1847 2853 in
1877 2817 1972 2854 no-

324 2895 480 2950 mine
505 2892 735 2949 Domini
767 2893 850 2948 ire
877 2892 1111 2947 deberet
1143 2910 1154 2947 :
1185 2891 1285 2947 sed
1313 2908 1449 2962 quo,
1474 2889 1788 2947 nesciebat.
1808 2889 1967 2943 Post-

325 3000 500 3055 quam
531 2999 666 3038 vero
697 2979 854 3054 regio
869 2983 1042 3053 jussu
1101 2981 1172 3035 ad
1234 2981 1607 3035 Bremensem
1663 2977 1967 3034 ecclesiam

323 3073 497 3137 venit,
531 3076 588 3127 et
615 3087 742 3126 eam
776 3070 834 3124 in
886 3069 1104 3125 honore
1148 3069 1334 3125 sancti
1367 3067 1521 3124 Petri
1567 3070 1967 3123 consecratam

325 3161 548 3226 didicit,
583 3165 639 3216 et
670 3157 984 3216 nonnullos
1019 3175 1250 3231 quoque
1282 3157 1520 3223 invenit,
1554 3155 1654 3228 qui
1685 3173 1818 3211 eum
1853 3172 1967 3210 non

2085 1996 2262 2051 super
2290 1996 2526 2052 gregem
2569 1997 2742 2034 suum
2773 1978 3114 2051 vigilabant,
3149 1980 3220 2034 de
3250 1979 3586 2050 pastoribus
3629 1980 3734 2034 Ec-

2083 2068 2271 2124 clesiae
2305 2068 2449 2123 dixit
2471 2067 2646 2132 :Quid
2675 2073 2782 2136 est,
2818 2066 3736 2140 inquit.hoc,quodvigilantibus

2083 2158 2417 2232 pastoribus
2461 2157 2706 2230 angelus
2759 2157 3055 2229 apparuit,
3088 2173 3305 2228 eosque
3354 2157 3454 2212 Dei
3505 2155 3737 2213 claritas

2083 2245 2516 2302 circumfulsit‘?
2544 2246 2654 2300 nisi
2681 2246 2834 2318 quod
2865 2245 3074 2317 illiprae
3091 2245 3313 2300 caeteris
3339 2245 3533 2300 videre
3559 2244 3738 2300 subli-

2085 2337 2206 2391 mia
2236 2339 2554 2402 merentur,
2580 2335 2680 2406 qui
2715 2334 2986 2390 ﬁdelibus
3011 2334 3290 2406 gregibus
3313 2350 3560 2405 praeesse
3575 2333 3731 2389 solli-

2086 2426 2198 2481 cite
2224 2424 2721 2496 sciunt?Dumque
2750 2423 2863 2496 ipsi
2895 2424 2986 2495 pie
3017 2440 3194 2496 super
3213 2438 3449 2496 gregem
3464 2421 3729 2495 vigilant,

2081 2513 2277 2569 divina
2307 2531 2484 2585 super
2512 2530 2610 2568 eos
2641 2513 2828 2584 gratia
2858 2511 3080 2584 largius
3131 2514 3418 2568 coruscat.
3452 2511 3516 2567 In
3571 2510 3732 2567 omni

2080 2602 2236 2658 enim
2267 2603 2492 2656 actione
2524 2601 2682 2655 illius
2712 2600 2964 2672 gratiam
2991 2600 3090 2655 Dei
3139 2617 3276 2655 cum
3315 2615 3382 2655 eo
3413 2599 3731 2656 comitasse

2081 2690 2285 2746 multis
2306 2689 2717 2762 experimentis
2741 2688 3299 2761 probavimus.Nam
3325 2689 3480 2760 quod
3504 2687 3732 2758 ipsesu-

2079 2795 2184 2852 per
2211 2779 2403 2852 gregis
2438 2779 2527 2834 sui
2560 2778 2827 2834 custodia
2871 2775 3179 2844 sollicitus,
3211 2776 3399 2832 multa
3448 2776 3731 2831 sublimia

2076 2869 2271 2923 videre
2304 2867 2644 2941 promeruit,
2678 2872 2733 2922 et
2764 2868 2821 2920 in
2857 2870 3049 2922 mente
3080 2883 3333 2938 superna
3364 2864 3729 2937 frequentius

2006 2965 2007 2972 ‘
2075 2956 2407 3014 visitatione
2465 2956 2786 3028 inspiratus
2818 2955 2914 3025 sit,
2948 2954 3221 3027 superius
3267 2955 3393 3026 jam
3435 2953 3495 3008 in
3524 2952 3728 3008 multis

2079 3045 2566 3118 comprehensum
2591 3044 2977 3100 ostendimus.
2995 3044 3256 3115 Denique
3279 3042 3452 3099 etiam
3475 3042 3728 3098 exterius

2078 3133 2266 3207 gratia
2288 3134 2388 3188 Dei
2413 3135 2468 3189 in
2499 3151 2566 3190 eo
2595 3133 2815 3206 largius
2859 3136 3224 3200 coruscante,
3259 3148 3450 3188 sermo
3494 3147 3728 3204 quoque

323 3249 526 3306 libenti
572 3249 892 3323 reciperent
935 3248 1151 3315 animo,
1204 3248 1538 3302 recordatus
1587 3250 1677 3301 est
1729 3245 1969 3299 visionis

2087 3222 2483 3293 praedicatione
2509 3221 2666 3277 illius
2682 3221 2868 3278 multa
2889 3221 3174 3277 suavitate
3195 3221 3492 3293 perfusus,
3511 3220 3726 3292 partim

322 3339 713 3410 suzezhacque
745 3339 816 3393 de
847 3353 1023 3392 causa
1053 3336 1448 3403 consensit,ut
1471 3335 1629 3390 illam
1656 3335 1968 3405 regendam

321 3428 654 3500 susciperet
682 3426 1138 3482 dimcesim.Non
1164 3423 1333 3480 aliter
1355 3439 1658 3494 nunquam
1686 3439 1746 3476 se
1771 3422 1876 3476 hoc
1897 3423 1972 3476 fa-

323 3533 455 3573 cere
485 3515 739 3571 voluisse
769 3515 1097 3571 attestando
1129 3513 1379 3569 dicebat.

326 3624 572 3678 Turholtz'
599 3625 776 3678 nutrit
801 3639 998 3695 pueros
1035 3622 1470 3676 Nortmannicos.
1504 3618 1774 3676 Prwvidet
1815 3617 1970 3688 Regi-

621 3714 774 3767 narii
798 3727 1022 3783 pamam
1049 3712 1114 3766 ob
1141 3727 1226 3766 eos
1257 3710 1383 3765 inde
1412 3710 1684 3765 abductas.

397 3820 488 3874 63.
513 3819 590 3873 Eo
615 3835 846 3890 quoque
873 3823 1132 3890 tempore
1155 3815 1389 3889 quando
1404 3814 1607 3872 cellam
1636 3815 1967 3886 praedictam

327 3906 575 3963 Turholt
603 3907 908 3973 habuerat,
938 3905 1216 3978 quoniam
1242 3905 1434 3961 omnis
1463 3903 1511 3959 ei
1541 3920 1682 3958 cura
1711 3904 1781 3958 de
1806 3919 1972 3958 voca-

315 3997 483 4053 ‘tione
513 3997 779 4070 gentium
809 3999 1032 4064 erat,ut
1056 3995 1139 4050 eis
1162 3995 1221 4050 in
1252 4012 1359 4049 sua
1389 3992 1675 4065 legatione
1697 3992 1974 4064 prodesse
2035 4019 2048 4036 ι

328 4086 638 4159 potuisset,
694 4084 1010 4141 nonnullos
1059 4101 1291 4156 pueros,
1344 4099 1411 4139 ex
1458 4081 1838 4137 Nortmannis
1885 4079 1974 4136 vel

319 4175 543 4232 'Sclavis
573 4175 895 4248 emptos,in
911 4175 1114 4231 eadem
1146 4173 1291 4230 cella
1317 4189 1496 4228 causa
1519 4171 1870 4227 discendiad
1883 4186 1974 4225 sa-

337 4282 496 4321 cram
524 4264 794 4321 militiam
827 4263 1172 4319 nutriendos
1203 4266 1499 4335 posuerat.
1517 4263 1774 4329 Quorum
1807 4275 1978 4331 quos-

336 4355 474 4410 dam
502 4354 816 4426 praedictus
845 4353 1212 4426 Reginarius,
1245 4352 1478 4424 quando
1519 4349 1602 4405 illi
1659 4349 1804 4405 cella
1851 4350 1980 4422 ipsa

325 4443 464 4499 data
492 4448 600 4511 est,
634 4442 769 4498 inde
798 4442 1060 4508 abstulit,
1077 4447 1132 4497 et
1157 4442 1227 4496 ad
1257 4457 1431 4497 suum
1460 4438 1763 4495 servitium
1796 4438 1977 4494 misit.

339 4535 465 4598 Qua
495 4533 566 4588 de
598 4549 794 4599 causa,
811 4548 944 4587 cum
960 4530 1207 4586 nimium
1225 4535 1380 4586 esset
1400 4530 1653 4584 domnus
1675 4528 1984 4600 episcopus

2081 3314 2202 3363 erat
2235 3308 2533 3364 horribilis
2568 3326 2580 3362 :
2617 3314 2681 3364 ut
2718 3315 2874 3365 certo
2924 3309 3270 3381 probaretur
3289 3307 3536 3379 judicio,
3567 3307 3729 3362 infu-

2080 3398 2242 3452 sione
2272 3397 2520 3469 spiritali
2554 3399 2727 3453 verba
2749 3399 2877 3470 ejus
2901 3397 3300 3453 moderari:in
3327 3414 3443 3469 quo
3475 3397 3730 3453 miscens

2081 3485 2399 3540 terroribus
2431 3485 2855 3553 blandimenta,
2881 3487 2998 3542 vim
3031 3486 3210 3542 divini
3243 3486 3726 3558 pratenderetju-

2081 3575 2238 3641 dieii,
2256 3575 2313 3629 in
2331 3591 2446 3646 quo
2458 3575 2694 3631 veniens
2709 3576 2989 3630 Dominus
3015 3573 3291 3631 terribilis
3307 3574 3730 3647 peccatoribus,

2082 3669 2137 3719 et
2169 3663 2424 3720 blandus
2455 3665 2757 3736 apparebit
2786 3665 2987 3736 justis.
3023 3665 3140 3720 Hac
3194 3664 3410 3735 quippe
3463 3662 3649 3735 gratia
3672 3662 3732 3717 in

2082 3751 2270 3808 verbis
2296 3757 2353 3808 et
2383 3753 2545 3808 vultu
2573 3753 2956 3809 admirandus
2981 3754 3455 3809 eratzitauteum
3471 3755 3734 3823 potentss

2081 3844 2138 3896 et
2166 3841 2392 3907 divites,
2429 3842 2682 3898 maxime
2714 3847 2910 3897 tamen
2951 3847 3328 3897 contumaces
3377 3843 3435 3896 et
3483 3838 3733 3911 protervi

2081 3929 2398 3984 terribilem
2414 3931 2779 3985 attenderent
2799 3949 2812 3998 ;
2831 3931 3153 3987 mediocres
3163 3947 3298 3987 vero
3311 3929 3479 4002 quasi
3495 3929 3734 3984 fratrem

2083 4015 2634 4088 complecterentur:
2651 4035 2936 4090 pauperes
2959 4023 3156 4073 autem
3173 4018 3339 4090 quasi
3355 4022 3581 4088 patrem
3598 4017 3736 4088 piis-

2083 4105 2232 4161 simo
2259 4109 2610 4160 venerantur
2639 4105 2872 4162 affectu.

2084 4220 2346 4277 Prohibet
2393 4221 2630 4277 laborem
2682 4223 2740 4276 in
2787 4220 2876 4276 die
2916 4224 3072 4293 festo.
3123 4223 3270 4275 Deus
3314 4226 3736 4287 transgressores

2761 4329 3020 4399 puniens.

2164 4446 2254 4500 65.
2281 4444 2456 4501 Porro
2486 4445 2620 4500 licet
2643 4443 2814 4516 signa
2834 4439 3312 4508 virtutum,velut
3343 4440 3738 4496 instrumenta

2081 4534 2401 4605 jactantiae,
2437 4537 2602 4590 caute
2630 4534 2871 4606 fugeret,
2905 4537 3102 4588 tamen
3134 4547 3200 4587 eo
3231 4546 3347 4586 non
3374 4530 3736 4601 quasrenteet

328 4621 769 4693 anxiatus,post
791 4618 1299 4692 paululumvisum
1313 4623 1401 4674 est
1431 4616 1512 4672 illi
1538 4618 1692 4690 quod
1725 4617 1977 4672 venisset
2005 4621 2052 4686 D
2084 4623 2203 4678 haec
2236 4624 2363 4696 ipsa
2387 4641 2502 4680 non
2535 4624 2774 4678 deerant
2807 4639 2820 4677 ;
2849 4621 3005 4693 quod
3036 4620 3285 4676 evidenti
3309 4619 3618 4692 probatum
3646 4620 3736 4672 est

329 4709 389 4765 in
420 4710 739 4781 quamdam
771 4707 1485 4779 domum,invenissetque
1503 4706 1583 4760 ibi
1617 4711 1672 4760 et
1697 4722 1971 4762 veneran-

331 4799 472 4852 dum
507 4813 702 4870 regem
735 4797 1006 4853 Carolum
1040 4801 1097 4852 et
1150 4797 1346 4868 ipsum
1396 4795 1791 4867 Reginarium.
1820 4796 1976 4859 Quos

327 4888 476 4960 ipse,
512 4891 576 4941 ut
605 4886 655 4942 ei
681 4886 1000 4954 videbatur,
1029 4887 1101 4942 de
1140 4885 1346 4942 iisdem
1393 4884 1588 4958 pueris
1635 4884 1974 4956 increpavit,

329 4993 600 5032 asserens
632 4977 788 5048 quod
823 4992 920 5032 eos
955 4976 1026 5031 ad
1065 4974 1163 5031 Dei
1207 4975 1628 5046 omnipotentis
1673 4973 1976 5029 servitium

328 5065 555 5120 nutrire
602 5064 992 5136 disposuerat,
1035 5081 1151 5120 non
1201 5069 1266 5119 ut
1317 5063 1625 5136 Reginario
1673 5062 1972 5118 servirent.

329 5155 454 5222 Quo
485 5154 641 5210 dicto
671 5154 863 5211 visum
896 5158 984 5209 est
1009 5153 1080 5223 ei,
1106 5153 1260 5226 quod
1292 5153 1446 5208 idem
1499 5152 1864 5225 Reginarius,
1897 5151 1976 5208 le-

326 5248 463 5299 vato
517 5243 661 5316 pede
715 5259 822 5299 suo
868 5243 940 5298 ad
979 5259 1044 5298 os
1097 5241 1426 5298 calcitraret
1469 5235 1668 5296 domni
1701 5239 1978 5312 episcopi.

313 5331 594 5404 Denique
624 5331 733 5387 hoc
791 5333 940 5387 facto
985 5347 1118 5387 mox
1171 5331 1365 5386 visum
1407 5334 1496 5386 est
1525 5330 1598 5398 ei,
1625 5317 1778 5401 quod
1810 5329 1982 5385 Jesus

311 5420 599 5478 'Cbristus
625 5437 803 5493 prope
825 5437 960 5477 eum
991 5419 1574 5490 astaret,diceretque
1597 5419 1715 5490 regi
1745 5419 1980 5490 praefato

401 5592 478 5663 (a)
498 5595 572 5646 De
592 5591 882 5648 Remberti
899 5589 1342 5663 successoribus
1361 5587 1760 5663 designatione
1775 5582 1970 5663 aliqua

328 5659 426 5726 hic
457 5659 658 5726 addita
685 5667 870 5734 erant,
900 5668 964 5722 ut
992 5668 1252 5736 patet'ex
1280 5660 1422 5718 Vita:
1452 5659 1638 5720 sancti
1667 5659 1964 5727 Rembérti

2080 4712 2472 4785 indicio,quia
2501 4711 2724 4768 scilicet
2755 4711 3099 4765 mandatum
3122 4708 3356 4764 Domini
3377 4724 3446 4763 ex
3465 4703 3735 4762 oreillius

2086 4801 2143 4856 in
2176 4801 2408 4856 irritum
2441 4800 2732 4873 prolatum
2760 4817 2872 4855 non
2907 4799 3102 4854 cessit.
3135 4799 3281 4853 Nam
3304 4811 3438 4851 cum
3474 4793 3733 4866 quodam

2083 4896 2343 4963 tempore
2374 4890 2432 4946 in
2469 4890 2668 4956 Frisia,
2694 4889 2752 4944 in
2787 4905 2934 4961 pago
2964 4889 3240 4959 Ostergao
3272 4883 3734 4957 [al.,Ostargao],

2086 4980 2144 5034 in
2177 4981 2270 5034 die
2305 4979 2605 5034 Dominica
2655 4976 2993 5050 praedicaret
3043 4973 3278 5048 populo,
3314 4977 3371 5030 et
3424 4971 3578 5027 inter
3623 4969 3738 5027 alia

2087 5068 2438 5141 prohiberet,
2474 5084 2542 5122 ne
2574 5067 2786 5139 quisin
2824 5065 2917 5121 die
2967 5066 3114 5120 festo
3161 5079 3308 5135 opus
3340 5059 3546 5118 servile
3576 5075 3736 5116 exer-

2090 5162 2264 5226 ceret,
2281 5157 2521 5229 quidam
2540 5154 2772 5211 illorum
2784 5198 2796 5221 ,
2813 5158 2877 5210 ut
2889 5157 3026 5210 sunt
3056 5155 3432 5208 contumaces
3445 5152 3503 5206 et
3517 5147 3734 5218 stolidi,

2091 5247 2330 5302 domum
2363 5245 2597 5312 reversi,
2634 5244 2772 5315 quia
2803 5259 3044 5299 serenus
3073 5245 3197 5296 erat
3225 5257 3342 5308 aer,
3380 5239 3438 5294 in
3501 5241 3736 5312 pratum

2090 5340 2312 5402 euntes,
2329 5333 2568 5390 collecto
2586 5333 2714 5388 feno
2733 5348 2967 5388 acervos
2999 5332 3277 5386 fecerunt.
3293 5327 3517 5397 Quibus
3543 5326 3737 5392 factis,

2091 5426 2609 5497 advesperascente
2645 5423 2757 5489 die,
2787 5435 2992 5476 omnes
3021 5418 3105 5474 illi
3159 5418 3368 5492 acervi,
3397 5418 3498 5492 qui
3528 5416 3737 5472 eadem

2087 5597 2284 5726 capp,
2299 5611 2426 5667 quae
2441 5593 2788 5650 Rcmbertus
2801 5589 2924 5666 ipse
2943 5590 3241 5648 modestiae
3255 5603 3432 5646 causa
3455 5582 3737 5644 delevisse

2087 5685 2144 5726 γι
2189 5683 2219 5726 e
2248 5683 2342 5726 ur.

2087 5683 2318 5730 videtur
2328 5707 2342 5732 ο
