4102 6180
382 368 538 431 10οἹ

1346 361 1763 424 ANSCHARII
1809 357 2419 422 HAMBURGENSIS
2464 359 2809 424 EPISCOPI

3632 362 3788 425 1008

390 502 483 559 die
509 500 644 558 facti
667 499 915 564 fuerant,
940 494 1354 569 divinitusigni
1367 493 1702 567 consumpti
1723 493 2028 563 sunt,illae-
2042 493 2110 561 Ἀ
2138 508 2305 565 usque
2336 495 2405 549 ad
2430 495 2954 552 consummationem
2980 494 3177 552 saeculi
3204 493 3412 565 (lauit.
3444 511 3645 563 xxvm,
3666 496 3787 567 ἥ).

389 591 472 648 sis
499 589 618 646 illis
630 585 1111 661 permanentibus
1124 585 1223 657 qui
1253 585 1310 640 in
1338 584 1733 640 anterioribus
1750 583 2029 640 diebusin

390 679 582 735 medio
614 674 921 750 praparati
951 675 1315 731 constabant.
1346 674 1467 738 Quo
1516 674 1686 742 facto,
1719 673 1918 747 populi
1965 674 2028 730 in

389 767 636 824 circuitu
666 770 990 831 manentes,
1006 765 1282 820 fnmuma
1300 762 1472 838 longe
1494 768 1814 830 cernentes,
1832 764 2031 820 hostes

387 855 590 912 adesse
601 857 897 926 putantes,
913 855 1241 910 timuerunt
1258 854 1450 910 valde:
1472 853 1573 910 sed
1589 853 1929 927 diligentius
1949 853 2031 910 rei

383 942 687 1015 veritatem
700 946 1152 1015 perscrutantes,
1166 943 1597 1001 contumaciam
1616 942 2031 1000 nonnullorum

386 1030 779 1103 probaverunt
806 1047 935 1088 esse
954 1031 1283 1088 multatam.

674 1122 1023 1192 Captivorum
1052 1122 1434 1179 liberationem
1456 1132 1737 1195 procurat.

456 1210 545 1265 66.
568 1209 683 1265 Nec
714 1209 1009 1266 silendum
1040 1211 1395 1267 arbitramur
1425 1213 1563 1284 quia
1592 1229 1726 1267 cum
1776 1213 2032 1285 quodam

386 1302 501 1354 tem
509 1315 647 1371 pore
659 1315 803 1372 gens
815 1299 1343 1374 Nordalbingorum
1360 1300 1680 1373 plurimum
1695 1301 2037 1374 deliquisset

391 1403 644 1459 quorum
658 1386 936 1445 delictum
947 1388 1049 1460 buj
1059 1390 1289 1446 usmodi
1307 1393 1449 1461 erat,
1464 1389 1731 1451 videlicet
1747 1406 1884 1446 cum
1897 1406 2037 1447 non-

391 1474 537 1531 nulli
559 1475 759 1532 miseri
780 1477 990 1550 captivi
1005 1478 1075 1534 de
1088 1477 1457 1545 Christianis,
1473 1477 1573 1550 qui
1586 1479 1740 1551 apud
1754 1479 2035 1536 barbaros

393 1565 822 1640 afﬂigebantur,
858 1567 992 1623 inde
1023 1568 1359 1640 effugerent,
1392 1570 1449 1623 et
1477 1568 1549 1631 ad
1573 1567 1934 1625 Christianos
1949 1585 2038 1625 ve-

394 1653 589 1710 nirent
617 1656 689 1712 ad
721 1656 1028 1729 pradictos
1059 1656 1510 1731 Nordalbingos,
1535 1658 1635 1730 qui
1667 1658 2032 1731 proximino-

394 1746 641 1799 scuntur
669 1760 797 1801 esse
818 1744 1061 1818 paganis
1086 1763 1099 1814 ;
1129 1744 1239 1819 ipsi
1273 1762 1372 1802 eos
1398 1745 1789 1818 capiebant,et
1819 1746 1878 1801 in
1909 1745 2039 1802 vin-

2138 583 2327 639 Tanta
2353 584 2737 656 prosperitate
2764 588 2822 640 et
2848 583 3060 657 gaudio
3093 584 3245 641 inter
3268 582 3413 640 illud
3444 584 3708 658 perfecit,
3724 589 3793 642 ut

2139 671 2380 744 quidam
2411 689 2547 728 cum
2565 690 2632 730 eo
2644 674 2989 730 comitantes
3006 674 3287 741 dicerent,
3302 689 3613 746 nunquam
3630 690 3700 738 se
3726 673 3790 732 in

2138 760 2255 817 vita
2286 778 2394 817 sua
2422 766 2544 817 tam
2567 763 2787 818 bonum
2819 767 2878 819 et
2907 766 3028 819 tam
3061 778 3238 819 suave
3268 762 3380 819 iter
3403 762 3618 837 egisse.

2319 851 2444 907 01cc
2470 860 2633 908 sanat
2657 856 2905 922 mgretos.
2934 857 3149 910 Vanam
3176 852 3416 922 gloriam
3441 854 3611 925 fugit.

2210 941 2299 996 67.
2332 940 2545 1004 Quanti
2572 957 2706 998 vero
2738 941 3000 998 oratione
3038 940 3202 998 illius
3246 944 3305 997 et
3350 941 3627 999 unctione
3673 942 3795 1000 elei

2142 1029 2333 1085 sanati
2364 1034 2522 1097 sunt,
2554 1046 2899 1087 enumerare
2932 1048 3049 1087 non
3097 1046 3440 1104 possumus.
3473 1029 3594 1087 Hoc
3635 1030 3797 1088 enim

2142 1116 2463 1174 multorum
2475 1119 2798 1175 assertione
2809 1124 3129 1192 comperto,
3149 1120 3415 1176 certatim
3430 1120 3502 1181 ad
3525 1137 3662 1177 eum
3676 1137 3795 1178 non

2143 1207 2335 1264 solum
2384 1208 2455 1263 de
2498 1208 2686 1280 ipsius
2730 1208 2985 1275 dioecesi,
3018 1209 3118 1265 sed
3161 1209 3337 1264 etiam
3368 1210 3442 1265 de
3473 1207 3798 1284 longinquo

2141 1298 2337 1354 venire
2368 1297 2636 1354 solebant
2654 1302 3020 1371 aegrotantes,
3035 1298 3391 1355 medicinam
3407 1299 3482 1354 ab
3498 1316 3565 1355 eo
3585 1299 3799 1365 salutis

2144 1384 2619 1457 poscentes.Ipse
2634 1389 2832 1443 tamen
2862 1384 2985 1441 haec
3014 1385 3214 1441 omnia
3244 1402 3478 1459 semper
3505 1387 3796 1445 occultari

2145 1473 2355 1530 maluit
2375 1491 2554 1546 quam
2579 1473 2826 1547 vulgari.
2850 1475 3070 1548 Nempe
3081 1492 3216 1535 cum
3238 1476 3311 1532 de
3322 1475 3668 1550 bujusmodi
3679 1478 3798 1534 vir-

2143 1568 2339 1620 tutum
2370 1562 2556 1636 signis
2587 1562 2900 1637 aliquando
2922 1580 3117 1621 coram
3148 1582 3214 1622 eo
3244 1565 3411 1622 ﬁeret
3436 1582 3654 1638 sermo,
3672 1567 3801 1641 ipse

2146 1652 2378 1708 cuidam
2411 1669 2517 1708 suo
2548 1651 2696 1708 dixit
2716 1651 2990 1708 familiari
3023 1670 3036 1707 :
3071 1653 3130 1708 Si
3162 1653 3380 1728 dignus
3403 1670 3595 1713 essem
3639 1657 3799 1729 apud

2148 1748 2328 1798 Deum
2360 1758 2581 1810 meum,
2606 1758 2871 1815 rogarem
2896 1746 3188 1814 quatenus
3212 1759 3396 1800 unum
3423 1744 3566 1800 mihi
3594 1759 3804 1802 conce-

394 1831 542 1888 culis
574 1833 895 1933 ponebant:
929 1833 1351 1933 quorumOalios
1382 1834 1614 1933 iterum.
1625 1834 1870 1933 paganis
1900 1852 2036 1933 ven-
2071 1868 2118 1933 Β
2146 1833 2307 1933 deret
2335 1830 2593 1933 signum,
2625 1830 2893 1887 videlicet
2924 1835 2987 1887 ut
3012 1832 3083 1888 de
3115 1848 3210 1889 me
3231 1834 3544 1919 suabgratia
3574 1834 3805 1892 faceret

397 1922 631 1989 debant,
665 1921 811 1977 alios
859 1939 966 1979 suo
1009 1922 1425 1994 mancipabant
1470 1922 1723 1989 servitio,
1766 1927 1867 1978 aut
1909 1922 2040 1979 aliis

398 2009 746 2065 Christianis
776 2011 1215 2066 venundabant.
1246 2010 1391 2065 Cum
1438 2010 1618 2084 igitur
1665 2011 1775 2069 hoc
1823 2013 2039 2070 domno

395 2096 749 2153 innotuisset
776 2097 1069 2170 episcopo,
1102 2103 1158 2154 et
1190 2098 1260 2155 de
1298 2099 1406 2155 hac
1438 2117 1497 2156 re
1536 2100 1787 2157 nimium
1833 2102 2040 2159 anxius

395 2189 572 2253 esset,
604 2186 758 2258 quod
786 2186 845 2242 in
876 2204 985 2243 sua
1016 2187 1248 2244 dimcesi
1280 2192 1509 2245 tantum
1549 2191 1713 2247 nefas
1762 2192 2039 2265 contigis-

398 2279 485 2331 set
514 2292 527 2343 ;
558 2275 659 2331 sed
686 2274 934 2348 qualiter
963 2276 1020 2333 id
1053 2278 1350 2334 emendari
1384 2279 1694 2352 potuisset,
1729 2298 1845 2337 non
1896 2281 2040 2338 satis

398 2364 623 2420 ratione
653 2364 964 2438 colligebat
996 2382 1009 2421 :
1044 2366 1322 2439 quoniam
1362 2368 1421 2423 in
1453 2368 1562 2424 hoc
1618 2370 2040 2427 nefandissimo

399 2451 617 2508 scelere
656 2457 822 2507 erant
877 2452 1114 2525 plurimi
1166 2455 1395 2523 irretiti,
1428 2457 1529 2529 qui
1564 2461 1829 2530 potentes
1885 2460 2042 2533 apud

400 2557 499 2597 eos
545 2545 603 2596 et
647 2540 873 2598 nobiles
920 2542 1306 2600 habebantur.
1341 2545 1602 2618 Denique
1650 2563 1783 2603 cum
1833 2549 1903 2605 de
1936 2550 2043 2606 hac

400 2646 463 2685 re
494 2628 745 2685 nimium
775 2634 930 2687 esset
979 2631 1207 2700 anxius,
1243 2634 1498 2706 quadam
1550 2640 1716 2692 nocte
1770 2637 1964 2695 divina
1993 2639 2044 2696 ei

401 2719 673 2791 apparuit
708 2719 1048 2777 consolatio.
1079 2721 1397 2778 Videbatur
1448 2742 1705 2798 namque
1750 2726 1855 2795 illi,
1889 2730 2043 2801 quod

402 2808 690 2865 Dominus
753 2809 930 2866 Jesus
988 2815 1143 2866 esset
1190 2811 1246 2866 in
1294 2815 1567 2884 praesenti
1621 2815 1852 2885 saeculo,
1896 2818 2049 2874 sicut

404 2896 543 2953 olim
601 2897 728 2967 fuit,
788 2900 1024 2971 quando
1083 2917 1201 2956 suae
1254 2902 1572 2972 praesentia}
1623 2904 1947 2963 doctrinam
1991 2912 2049 2977 et

406 2986 670 3059 exempla
738 2987 969 3061 populis
1028 2989 1382 3062 praedicabat
1415 3008 1427 3045 :
1460 2992 1770 3067 visumque
1830 3000 1918 3052 est
1973 2996 2048 3064 ei,

405 3076 559 3148 quod
603 3080 758 3132 esset
816 3094 951 3155 cum
1013 3078 1387 3136 multitudine
1459 3081 1740 3151 ﬁdelium,
1787 3088 1846 3141 et
1893 3088 2048 3159 quod

404 3163 530 3236 ipse
577 3165 830 3221 domnus
863 3167 1172 3240 episcopus
1217 3185 1351 3224 cum
1414 3185 1480 3224 eo
1523 3170 1582 3226 in
1630 3173 1834 3229 eodem
1894 3178 2048 3232 esset

403 3252 610 3310 itinere
662 3253 829 3312 laetus
886 3260 942 3312 et
1006 3258 1269 3329 gaudens
1301 3262 1397 3313 :et
1451 3263 1514 3314 ut
1560 3260 1672 3333 ipsi
1719 3262 2042 3331 videbatur,

402 3346 527 3399 erat
577 3343 636 3399 in
685 3346 959 3402 omnibus
1024 3347 1470 3403 contumacibus
1534 3352 1720 3405 terror
1766 3350 2043 3410 divinitus

397 3429 618 3502 illatus,
650 3437 707 3488 et
727 3433 943 3507 ereptio
974 3434 1148 3491 fiebat
1176 3452 1610 3508 oppressorum,
1644 3444 1701 3494 et
1729 3440 1895 3513 quies
1921 3459 2043 3499 ma-

399 3536 517 3593 gna
562 3520 623 3576 in
654 3522 955 3591 omnibus,
1001 3523 1083 3579 ita
1130 3523 1278 3579 nihil
1326 3526 1757 3584 contrarietatis
1807 3529 1865 3585 in
1917 3531 2043 3604 ipso

395 3608 688 3666 videretur
733 3618 860 3667 ease
902 3610 1123 3667 itinere.
1158 3613 1293 3668 Post
1336 3613 1488 3669 hanc
1536 3615 1731 3687 itaque
1763 3617 2043 3675 visionem

397 3698 800 3767 confirmatus,
816 3700 887 3755 ad
901 3700 1240 3772 praadictum
1258 3701 1540 3773 populum
1555 3721 1729 3759 suum
1743 3705 1867 3777 ipse
1882 3724 2046 3779 para-

397 3785 480 3839 vit
510 3786 944 3857 perfectionem,
978 3803 1046 3842 ea
1072 3788 1339 3843 videlicet
1367 3789 1763 3859 voluntate,ut
1791 3799 1848 3849 et
1876 3796 2046 3853 mise-

399 3888 496 3928 ros
526 3873 626 3944 qui
658 3873 1134 3931 irrationabiliter
1162 3877 1426 3933 servituti
1454 3880 1670 3936 addicti
1730 3883 1960 3940 fuerant
1989 3891 2045 3944 et

397 3961 636 4031 venditi,
670 3979 904 4035 quoquo
933 3967 1103 4037 pacto
1128 3964 1436 4036 liberaret;
1473 3973 1531 4025 et
1553 3987 1623 4026 ne
1655 3971 1713 4027 in
1742 3979 2044 4045 posterum

398 4049 615 4122 aliquis
630 4054 858 4107 tantum
881 4052 1101 4109 malum
1126 4056 1491 4113 committere
1517 4059 1916 4131 audcret,cum
1938 4063 2045 4121 Do-

399 4139 544 4196 mini
571 4140 760 4213 gratia
789 4142 1140 4214 prohiberet.
1175 4144 1237 4200 In
1270 4162 1386 4217 qua
1430 4147 1784 4218 profectione
1817 4156 2042 4209 tantam

396 4228 483 4284 illi
511 4228 797 4285 Dominus
827 4230 1075 4303 gratiam
1099 4234 1409 4304 concessit,
1425 4238 1773 4310 tantumque
1794 4242 2044 4297 auctori-

400 4318 536 4375 tatis
565 4320 693 4391 ejus
723 4320 1168 4377 contumacibus
1198 4326 1477 4380 terrorem
1506 4325 1775 4395 incussit,
1811 4334 1874 4384 ut
1913 4330 2046 4388 licet

398 4408 832 4464 essentnobiles
846 4414 901 4465 et
915 4409 1064 4466 mele
1078 4416 1365 4484 potentes,
1381 4413 1583 4471 nullus
1597 4421 1792 4473 tamen
1807 4418 2043 4476 illorum

398 4513 505 4553 suo
524 4496 770 4570 imperio
795 4499 1035 4555 auderet
1063 4502 1487 4559 contradicere:
1506 4504 1607 4561 sed
1637 4508 2047 4578 quaerebantur

2150 1923 2370 1978 bonum
2402 1920 2723 1977 hominem.

2148 2011 2355 2084 Martyr
2411 2018 2521 2067 tota
2575 2012 2709 2066 vita.
2752 2010 2981 2083 Aﬂ‘eclus
3034 2010 3366 2084 dysenteria.
3403 2015 3681 2070 Tristalur
3736 2014 3805 2073 ob

2538 2100 2876 2172 martyrium
2895 2100 3006 2155 sibi
3027 2109 3383 2172 praereptum.

2218 2191 2307 2246 68.
2342 2190 2623 2246 Praeterea
2652 2206 2787 2245 eum
2815 2187 2952 2245 talis
2991 2189 3041 2246 ei
3073 2194 3230 2246 esset
3268 2190 3406 2259 vita,
3440 2192 3500 2247 in
3547 2192 3802 2249 inﬁmi-

2148 2284 2265 2335 tate
2294 2284 2487 2335 tamen
2520 2278 2778 2351 corporis
2804 2278 3023 2351 proprii
3046 2280 3445 2352 peneassidue
3466 2272 3798 2339 laborabat.

2149 2368 2352 2424 Omnis
2370 2368 2586 2440 quippe
2615 2367 2733 2423 vita
2760 2368 2890 2439 ejus
2921 2368 3038 2424 fere
3060 2369 3405 2443 martyrium
3424 2369 3554 2437 fuit,
3576 2372 3800 2444 quippe

2152 2458 2211 2513 in
2243 2456 2543 2513 laboribus
2554 2455 2991 2529 plurimisinfra
3012 2457 3309 2514 dimcesim
3335 2459 3801 2533 propriam,pro-

2153 2551 2283 2620 pter
2311 2544 2679 2603 incursiones
2695 2549 2751 2601 et
2771 2546 3230 2619 depraedationes
3249 2548 3653 2616 barbarorum,
3671 2567 3811 2607 neo-

2155 2654 2271 2692 non
2319 2640 2377 2692 et
2423 2635 2914 2692 contradictiones
2962 2636 3413 2709 malignantium
3469 2638 3709 2712 insuper
3747 2644 3807 2697 et

2156 2725 2511 2781 cruciatione
2540 2725 2794 2798 propria,
2839 2742 3017 2798 quam
3039 2725 3150 2782 sibi
3181 2726 3307 2800 ipse
3336 2727 3395 2782 in
3428 2743 3671 2801 corpore
3700 2745 3808 2786 suo

2156 2832 2261 2888 pro
2292 2830 2490 2871 amore
2520 2813 2732 2870 Christi
2765 2831 3067 2889 nunquam
3100 2815 3349 2872 cessavit
3380 2817 3807 2874 inducere.8ed

2159 2904 2299 2977 quid
2331 2902 2598 2971 facimus,
2633 2903 2733 2975 qui
2765 2907 2896 2976 post
2926 2907 3011 2959 tot
3036 2903 3228 2960 dulcia
3257 2909 3315 2960 et
3345 2905 3610 2962 salubria
3661 2906 3806 2964 illud

2159 2994 2423 3066 cogimur
2450 2993 2681 3060 referre,
2715 2993 2870 3064 quod
2904 2993 3030 3050 sine
3062 3000 3259 3051 nostro
3298 2994 3457 3052 luctu
3499 3013 3616 3053 non
3651 2997 3808 3055 vale.

2160 3100 2293 3139 mus
2321 3081 2648 3155 explicare?
2676 3082 2823 3138 Nam
2856 3083 3042 3139 aetatis
3072 3101 3192 3140 sum
3238 3100 3392 3140 anno
3440 3086 3807 3159 sexagesimo

2160 3176 2388 3246 quarto,
2402 3170 2773 3245 episcopatus
2795 3188 2930 3228 vero
2952 3172 3251 3244 trigesimo
3268 3179 3497 3245 quarto,
3512 3174 3681 3247 gravi
3703 3192 3809 3232 em-

2077 3236 2120 3302 C
2158 3236 2245 3335 pit
2300 3236 2558 3334 corporis
2600 3236 2818 3317 .morbo
2875 3236 3156 3332 laborare,
3192 3236 3548 3337 dysenteria“
3580 3265 3807 3322 scilicet

2146 3351 2298 3425 jugi,
2334 3368 2450 3423 qua
2480 3366 2613 3405 cum
2646 3367 2747 3423 per
2776 3349 2993 3406 multos
3024 3351 3168 3420 dies,
3201 3354 3510 3410 mensibus
3535 3354 3811 3412 videlicet

2155 3446 2405 3515 quatuor
2428 3445 2485 3497 et
2515 3438 2789 3512 amplius,
2805 3440 3336 3511 acriterlaboraret,
3359 3446 3416 3499 et
3446 3461 3509 3500 se
3537 3445 3613 3501 ad
3646 3461 3806 3501 mor-

2153 3534 2271 3587 tem
2314 3529 2508 3603 urgeri
2554 3528 2817 3595 sentiret,
2849 3546 3083 3602 semper
3135 3530 3251 3587 Deo
3299 3532 3517 3605 gratias
3567 3534 3805 3605 agebat,

2153 3621 2557 3691 minoremque
2584 3620 2781 3691 ipsum
2810 3619 3068 3675 laborem
3084 3635 3215 3677 esse
3241 3620 3488 3690 dicebat,
3502 3637 3811 3693 quamsua

2153 3710 2474 3765 mereretur
2502 3706 2786 3779 iniquitas
2810 3725 2822 3776 ;
2852 3705 2998 3762 illud
3026 3706 3183 3763 beati
3215 3707 3323 3764 Job
3349 3708 3566 3780 saepius
3596 3708 3809 3764 decan-

2152 3803 2285 3854 tans
2318 3815 2331 3853 :
2364 3797 2426 3853 Si
2455 3797 2597 3853 bona
2621 3798 2951 3868 suscepimus
2980 3796 3046 3852 de
3073 3813 3246 3853 manu
3275 3799 3397 3864 Dei,
3430 3813 3606 3871 quare
3656 3799 3807 3855 male

2152 3903 2263 3944 non
2292 3885 2849 3959 suscipiamusi’Uob
2898 3902 2981 3954 xu,
3010 3885 3124 3955 l0.)
3181 3886 3404 3943 Tamen
3446 3903 3511 3942 se
3566 3893 3810 3961 propter

2152 3974 2518 4046 supradictas
2548 3973 2798 4031 visiones
2819 3974 3098 4047 martyrio
3118 3975 3315 4049 potius
3333 3992 3512 4048 quam
3532 3975 3808 4032 taliinlir-

2152 4064 2357 4120 mitate
2386 4062 2657 4119 credebat
2675 4062 3093 4132 consummari,
3126 4063 3315 4137 tristis
3347 4064 3676 4122 admodum
3688 4066 3805 4123 fac-

2152 4157 2270 4223 tus,
2299 4150 2649 4224 sibimetipsi
2663 4156 2721 4207 et
2742 4151 2995 4224 peccatis
3011 4152 3137 4209 suis
3150 4151 3323 4226 ccepit
3339 4157 3635 4225 reputare,
3648 4153 3807 4226 quod

2153 4240 2321 4314 quasi
2351 4258 2455 4314 spe
2497 4240 2826 4299 certissima
2855 4258 2964 4297 sua
3012 4245 3168 4298 esset
3195 4241 3373 4313 culpa
3398 4242 3803 4311 defraudatus,

2152 4330 2297 4385 illud
2317 4329 2745 4402 Psalmigraphi
2779 4329 2993 4402 saepius
3024 4331 3572 4393 decantansﬂuslus
3598 4347 3674 4395 es,
3704 4332 3808 4387 Do-

2150 4420 2319 4488 mine,
2365 4426 2417 4475 et
2457 4428 2664 4475 rectum
2701 4419 2981 4491 judicium
3022 4424 3180 4477 tuum
3209 4421 3379 4493 (Ρωι.
3412 4437 3609 4488 cxvm,
3639 4419 3795 4491 137).

2153 4510 2335 4574 Quem
2357 4507 2623 4564 videlicet
2644 4525 2953 4565 maerorem
2976 4525 3111 4565 cum
3135 4525 3243 4566 suo
3262 4508 3707 4581 ﬁdelissimo(a)
3722 4509 3812 4569 die

396 4584 598 4640 miseri
631 4586 965 4660 ubicunque
994 4589 1214 4645 venditi
1244 4590 1473 4647 fuerant
1505 4608 1519 4648 :
1554 4597 1611 4650 et
1639 4594 1839 4651 donati
1867 4596 2046 4653 liber-
2076 4607 2122 4672 D
2154 4595 2401 4669 scipulo,
2425 4597 2525 4668 qui
2557 4596 2609 4653 ei
2640 4597 3808 4669 conscius,quaerendorevelaret;eteum

398 4676 537 4743 tate,
571 4674 1032 4747 dimittebantur,
1049 4681 1115 4733 ut
1144 4678 1297 4735 irent
1326 4697 1677 4754 quocunque
1707 4684 2044 4742 vellent.ln-

396 4780 574 4837 super
600 4781 671 4821 ne
700 4764 822 4821 ulla
846 4766 1006 4822 fraus
1038 4766 1098 4822 in
1131 4768 1394 4824 futurum
1424 4788 1528 4842 pro
1549 4772 1751 4829 eadem
1774 4791 1834 4830 re
1847 4775 2045 4832 obten-

395 4853 646 4921 deretur,
668 4855 1106 4913 conventionem
1139 4855 1317 4914 talem
1342 4858 1739 4927 fecereunt,ut
1760 4879 1871 4919 non
1883 4864 2045 4935 jura-

395 4948 593 4999 mento
623 4960 728 5000 nec
759 4943 1008 5001 testibus
1040 4962 1101 5001 se
1132 4944 1290 5003 ullus
1320 4950 1660 5022 eorum,qui
1685 4951 1744 5007 in
1770 4952 2046 5024 praedicta

394 5030 710 5103 rapacitate
740 5032 1017 5089 maculati
1036 5033 1665 5108 fuerant,defcnderet;
1700 5040 1799 5096 sed
1816 5040 2044 5112 judicio

394 5119 810 5191 omnipotentis
840 5122 938 5178 Dei
971 5140 1032 5180 se
1063 5126 1471 5193 committeret,
1505 5131 1606 5183 aut
1630 5128 1775 5201 ipse,
1808 5129 1908 5202 qui
1938 5148 2044 5203 pro

392 5204 495 5262 tali
544 5208 762 5271 scelere.
800 5210 1211 5284 impetebatur,
1238 5218 1339 5270 aut
1386 5220 1538 5271 certe
1571 5218 1836 5290 captivus
1866 5235 2042 5291 quem

393 5293 546 5350 alius
578 5295 912 5367 impetebat.
930 5300 1045 5356 Hoc
1076 5319 1212 5375 ergo
1245 5304 1396 5359 facto
1424 5303 1483 5359 in
1523 5304 1651 5376 ipso
1682 5306 1889 5364 itinere
1932 5308 2041 5365 Do-

391 5382 590 5440 minus
614 5385 895 5440 veraciter
921 5389 1205 5459 exbibuit,
1242 5392 1396 5464 quod
1426 5392 1699 5450 ﬁdelibus
1741 5395 2038 5469 pollicitus

390 5477 500 5542 est,
531 5471 731 5529 dicens
764 5490 776 5530 :
803 5475 935 5530 Ecce
960 5493 1056 5546 ego
1080 5483 1356 5537 vobiscum
1384 5498 1507 5539 sum
1536 5485 1789 5542 omnibus
1845 5485 2036 5543 diebus

2149 4685 2276 4758 ipse
2297 4684 2582 4741 consolari
2614 4685 2897 4743 intentius
2918 4686 3263 4754 studuisset,
3278 4686 3499 4754 dicens,
3515 4686 3806 4761 quodnon

2152 4775 2204 4830 ei
2236 4774 2595 4847 promissum
2636 4774 2865 4841 fuisset,
2888 4780 2956 4830 ut
3010 4774 3204 4849 gladio
3259 4775 3652 4833 trucidaretur
3705 4779 3812 4832 aut

2151 4862 2285 4936 igne
2310 4867 2685 4931 cremaretur,
2701 4868 2805 4919 aut
2831 4863 2889 4918 in
2911 4880 3065 4936 aqua
3079 4869 3413 4931 necaretur;
3443 4865 3547 4922 sed
3577 4869 3642 4922 ut
3666 4880 3807 4921 cum

2152 4968 2371 5026 corona
2394 4951 2660 5024 martyrii
2677 4952 2750 5008 ad
2780 4953 3094 5010 Dominum
3113 4954 3311 5010 venire
3322 4954 3585 5023 deberet;
3611 4952 3806 5010 nulla—

2150 5045 2321 5096 tenus
2338 5044 2530 5097 tamen
2554 5040 3012 5099 consolationem
3034 5043 3292 5116 recipere
3312 5044 3523 5118 potuit.
3539 5041 3810 5116 Denique

2153 5147 2286 5186 cum
2317 5130 2530 5202 sacpius
2560 5131 2630 5187 de
2660 5131 2865 5187 eadem
2894 5148 2954 5188 re
2980 5148 3114 5189 cum
3144 5131 3439 5206 discipulo
3459 5130 3710 5205 suo,qui
3750 5132 3807 5188 ei

2149 5219 2422 5276 conscius
2438 5219 2653 5292 penein
2667 5219 2944 5276 omnibus
2956 5221 3086 5290 fuit,
3108 5221 3558 5295 colloqueretur;
3572 5225 3633 5278 et
3643 5237 3809 5279 sum-

2148 5324 2383 5381 mopere
2411 5325 2547 5365 eum
2577 5309 2864 5366 consolari
2894 5309 3193 5378 voluisset,
3210 5311 3283 5368 ad
3307 5310 3653 5369 memoriam
3670 5310 3808 5383 ejus

2146 5413 2412 5454 revocare
2442 5398 2707 5467 studens,
2723 5401 3008 5471 quantum
3038 5399 3100 5467 in
3124 5399 3225 5461 Dei
3248 5399 3486 5457 servitio
3508 5400 3810 5465 sustinue-

2144 5486 2656 5560 rit,quantamque
2686 5488 2946 5562 corporis
2976 5488 3069 5545 sui
3098 5487 3409 5562 pertulerit
3438 5487 3803 5557 molestiam,

459 5655 929 5743 (aﬂtembertum
953 5656 1390 5735 scilicet,hujus
1407 5661 1549 5719 Vita:
1564 5664 2031 5741 δατήριοι-θωμιιὶ
2052 5666 2298 5743 explicat
2317 5665 2578 5731 Adamus
2606 5666 2667 5724 in
2697 5666 2798 5727 lib.
2833 5685 2873 5744 1,
2907 5684 3033 5746 cap.
3064 5668 3155 5731 3t.
