4026 6180
299 285 460 355 1009

1903 292 2109 357 νιΤΑ.

3558 288 3715 356 ΙΟΙΟ

284 428 362 484 at
388 423 545 499 quod
575 423 753 484 etiam
783 421 916 501 ipsa
943 420 1258 486 infirmitas
1284 423 1604 486 novissima
1638 425 1833 503 gravis
1864 425 1952 485 ni-
1980 430 2032 499 Α
2068 427 2254 487 cebat.
2289 425 2663 487 Illucescente
2705 443 2840 486 vero
2879 425 3004 501 jam
3044 426 3209 486 dictae
3240 426 3568 487 festivitatis
3599 426 3712 500 die,

302 515 490 575 mium
519 519 577 573 et
597 515 878 573 diuturna
896 520 954 574 et
972 516 1116 575 satis
1136 517 1248 591 ipsi
1270 535 1375 590 pro
1398 518 1677 592 martyrio
1700 519 1957 592 reputari

301 605 626 678 potuisset;
671 606 796 679 ipse
844 610 1041 663 tamen
1091 607 1253 664 nullo
1284 609 1456 665 modo
1497 607 1958 666 consolationem

303 694 613 768 recipiens,
645 697 747 752 sed
779 696 839 752 in
871 697 1210 770 supradicto
1247 698 1521 755 manebat
1548 715 1814 755 mmrore.

282 805 345 860 Α
386 805 498 859 Deo
525 805 882 874 confortatur.
928 806 1232 876 Privilegia
1278 807 1390 861 sibi
1433 823 1683 863 concessa
1731 806 1963 863 describi

537 884 716 942 curat,
747 877 1147 933 exsecutionem
1174 880 1299 948 regi
1322 879 1724 934 commendans.

374 972 475 1037 69.
502 981 666 1037 Unde
697 982 916 1039 factum
949 986 1056 1051 est,
1087 988 1153 1039 ut
1181 984 1465 1041 Dominus
1495 1001 1726 1041 servum
1762 1002 1962 1053 suum,

303 1084 424 1127 non
447 1072 576 1143 jam
603 1074 669 1126 ut
698 1072 863 1145 prius
893 1089 997 1145 per
1025 1073 1344 1141 somnium,
1364 1075 1463 1130 sed
1482 1075 1742 1147 apertius
1763 1090 1960 1130 conso-

305 1157 416 1215 lari
447 1159 726 1232 dignatus
756 1160 854 1228 sit,
875 1165 1165 1234 quatenus
1186 1166 1348 1219 tanto
1369 1164 1603 1219 mmrori
1624 1181 1743 1219 suae
1764 1163 1962 1237 gratiae

296 1251 607 1319 praestaret
630 1249 977 1306 remedium.
995 1251 1141 1306 Nam
1165 1268 1298 1307 cum
1322 1253 1577 1324 quadam
1611 1253 1703 1309 die
1733 1253 1804 1309 ad
1828 1254 1964 1308 mis-

290 1353 436 1393 ‘sam
469 1338 527 1393 in
559 1337 811 1394 oratorio
854 1339 1201 1407 consistens,
1235 1357 1341 1413 pro
1378 1340 1489 1397 hoc
1537 1341 1665 1414 ipso
1710 1341 1963 1398 nimium

309 1424 600 1483 sollicitus
629 1430 819 1496 esset;
862 1427 1056 1483 subito
1090 1428 1149 1484 in
1181 1445 1486 1486 excessum
1519 1431 1732 1486 mentis
1761 1434 1965 1503 raptus

309 1515 534 1573 audivit
544 1522 742 1572 Vocem
761 1517 930 1589 quasi
946 1517 1217 1590 vigilans,
1235 1536 1360 1591 qum
1379 1519 1574 1592 ipsum
1590 1520 1968 1575 vehementer

310 1605 673 1678 increpabat,
693 1606 850 1678 quod
882 1606 1218 1664 nullatenus
1238 1608 1309 1664 de
1330 1609 1431 1665 Dei
1454 1608 1844 1681 promissione
1864 1609 1967 1664 du-

290 1695 503 1752 bitare
522 1694 847 1775 debuisset,
861 1695 1028 1767 quasi
1048 1695 1244 1769 aliqua
1260 1696 1544 1770 iniquitas
1562 1697 1663 1753 Dei
1680 1698 1968 1770 potuisset

2069 528 2173 593 pro
2204 534 2270 576 eo
2303 520 2536 587 missas,
2571 520 2725 576 sicut
2753 519 3013 593 quotidie
3039 517 3193 576 soliti
3238 520 3486 587 fuerant,
3518 518 3714 576 cuncti

2068 609 2169 682 qui
2201 610 2437 666 adfuere
2467 610 2817 675 sacerdotes,
2841 608 3230 665 celebrarunt.
3248 613 3380 681 Ipse
3406 626 3539 667 vero
3570 610 3721 667 ordi-

2069 716 2209 755 nare
2238 700 2428 772 coepit,
2450 697 2701 771 qualiter
2728 699 2799 754 ad
2834 699 3118 770 populum
3148 699 3311 755 ﬁeret
3338 716 3550 770 sermo,
3569 716 3720 756 asse-

2070 804 2205 845 rens
2235 806 2296 845 se
2328 787 2475 844 nihil
2503 789 2705 844 eodem
2737 787 2831 843 die
2860 790 3259 861 gustaturum,
3277 788 3459 844 donec
3489 788 3721 860 publica

2071 878 2341 933 finiretur
2371 878 2573 933 missa.
2607 879 2731 944 Qua
2760 877 2947 945 finita,
2982 891 3117 932 cum
3167 893 3483 949 parumper
3531 893 3720 933 come-

2071 967 2254 1023 disset
2284 970 2340 1023 et
2371 966 2638 1033 bibisset,
2660 983 2762 1038 per
2791 982 3024 1021 omnem
3054 965 3210 1021 diem
3241 965 3567 1022 studiosius
3583 981 3721 1022 suos

2071 1071 2460 1125 commonere,
2481 1059 2538 1110 et
2558 1055 2630 1110 ad
2662 1053 2891 1110 Domini
2924 1054 3227 1110 servitium
3257 1055 3575 1110 accendere
3604 1056 3725 1111 stu-

2072 1145 2218 1214 duit,
2255 1161 2409 1200 nunc
2441 1143 2850 1214 communiter,
2884 1160 3040 1199 nunc
3071 1142 3375 1216 sigillatim
3406 1158 3720 1215 quemque,

2072 1237 2245 1306 prout
2302 1237 2546 1306 poterat,
2605 1233 2677 1288 ad
2737 1232 3003 1288 divinum
3069 1231 3340 1287 animans
3397 1230 3720 1297 servitium,

2074 1323 2326 1377 maxime
2356 1325 2553 1377 tamen
2584 1322 2713 1392 ejus
2743 1337 2885 1377 cura
2930 1324 2987 1377 et
3015 1320 3347 1376 sollicitudo
3379 1320 3489 1375 fuit
3516 1320 3588 1375 de
3617 1336 3725 1375 sua

2073 1410 2361 1485 legatione
2400 1411 2472 1466 ad
2502 1414 2723 1483 gentes.
2756 1411 2995 1467 Noctem
3029 1426 3261 1482 quoque
3292 1411 3633 1481 sequentem
3664 1408 3723 1463 in

2074 1500 2290 1556 talibus
2322 1499 2824 1557 admonitionibus
2847 1499 3119 1573 perduxit
3147 1498 3509 1555 continuam.

2078 1635 2313 1690 Litaniis
2341 1633 2520 1700 dictis,
2565 1638 2682 1706 post
2711 1635 2903 1688 missas
2945 1635 3209 1706 viaticum
3236 1632 3453 1706 recipit.
3486 1631 3726 1700 Ingemi-

2308 1709 2409 1761 nat
2430 1704 2614 1778 preces
2633 1721 2734 1777 pro
2764 1722 2821 1761 se
2850 1714 2899 1761 et
2924 1721 3027 1776 pro
3055 1705 3206 1760 aliis.
3239 1704 3489 1759 Moritur.

310 1784 1245 1892 Ρίθιδδθβῖξηθθταξίωξίθδίωθ
1267 1786 1757 1892 θξίῗξίῗνξηίῖυίίνθί
1786 1786 1969 1892 “nl-19'
1997 1807 2044 1871 Β
2143 1822 2233 1876 71,
2268 1822 2496 1877 Fratres
2526 1837 2658 1877 vero
2689 1819 2789 1892 qui
2822 1820 3082 1888 aderant,
3118 1836 3251 1875 cum
3283 1818 3551 1874 litaniam
3577 1817 3727 1874 face-

307 1876 490 1942 tenus
516 1872 770 1940 dubites,
796 1873 937 1945 quia
965 1877 1283 1946 utrumque
1312 1875 1420 1932 tibi
1454 1875 1609 1932 Deus
1640 1893 1749 1932 sua
1779 1876 1971 1949 gratia

314 1962 513 2031 faciet,
544 1961 603 2017 id
641 1964 729 2018 est
755 1966 814 2017 et
842 1966 1079 2035 peccata
1106 1962 1379 2031 dimittet,
1413 1981 1517 2036 pro
1548 1965 1763 2038 quibus
1795 1965 1968 2021 modo

314 2050 608 2108 Sollicitus
636 2066 717 2119 es,
740 2054 798 2107 et
827 2052 1027 2108 omnia
1054 2068 1181 2125 qua:
1212 2053 1501 2126 promisit,
1526 2052 1813 2127 implebit.
1846 2055 1970 2120 Qua

313 2138 713 2198 consolatione
733 2145 1025 2214 suscepta,
1044 2141 1170 2215 ipse
1191 2159 1422 2215 quoque
1452 2142 1866 2199 consolabatur
1885 2159 1971 2199 se-

315 2229 657 2302 metipsum.
690 2230 762 2286 Et
791 2230 1000 2287 exinde
1028 2230 1335 2288 sollicitius
1366 2248 1613 2305 quaeque
1643 2232 1704 2289 in
1734 2233 1967 2289 dioecesi

315 2335 427 2377 sua
457 2319 824 2391 procurando
855 2319 1028 2393 cmpit
1047 2320 1354 2394 disponere
1373 2339 1386 2378 :
1406 2322 1649 2395 insuper
1668 2321 1972 2395 privilegia

316 2406 649 2481 apostolica:
681 2407 860 2479 sedis,
893 2426 1021 2482 quae
1046 2414 1211 2466 erant
1239 2410 1310 2466 de
1337 2409 1627 2484 legatione
1647 2412 1775 2483 ejus
1797 2410 1968 2478 facta,

316 2488 378 2553 in
426 2495 632 2553 multis
686 2495 901 2554 libellis
942 2497 1130 2570 jussit
1172 2499 1520 2568 describere,
1553 2503 1609 2555 et
1637 2516 1741 2573 per
1768 2515 1972 2555 omnes

315 2594 466 2660 pene
494 2585 717 2642 domini
749 2585 1024 2642 Ludovici
1056 2587 1209 2660 regis
1230 2587 1533 2661 episcopos
1555 2590 1849 2645 destinare
1870 2588 1968 2660 (τι).

296 2675 433 2748 'Ipsi
465 2690 701 2748 quoque
731 2674 851 2748 regi
880 2676 1191 2743 Ludovico,
1223 2676 1459 2749 ﬁlioque
1488 2678 1617 2749 ejus
1656 2677 1970 2750 aaquivoco,

320 2763 432 2820 hoc
460 2764 655 2836 ipsum
687 2764 966 2843 dirigens,
986 2764 1207 2821 addens
1230 2768 1285 2820 et
1316 2766 1407 2821 sui
1437 2766 1695 2823 nominis
1726 2765 1970 2833 litteras,

292 2852 540 2925 quibus
587 2851 921 2925 postulavit,
955 2856 1021 2908 ut
1049 2854 1171 2909 haec
1202 2854 1260 2910 in
1292 2857 1635 2911 memoriam
1668 2856 1971 2924 haberent,

294 2940 503 2998 ‘simul
531 2941 732 3008 etiam,
767 2926 940 3015 prout
976 2943 1217 2999 dictaret
1266 2961 1378 3012 res,
1410 2944 1699 3015 adjutorio
1730 2949 1926 3000 essent
1960 2961 1972 2999 :

323 3034 618 3103 quatenus
646 3029 863 3103 legatio
890 3031 1038 3104 ipsa,
1059 3032 1157 3089 Dei
1181 3032 1500 3089 auxiliante
1529 3033 1737 3106 gratia,
1754 3036 1811 3088 et
1829 3032 1975 3104 ipsis

324 3119 762 3192 adjuvantibus,
794 3119 1142 3178 fructiﬁcare
1189 3124 1246 3178 et
1294 3138 1551 3179 crescere
1600 3123 1658 3177 in
1701 3121 1976 3194 gentibus

326 3207 635 3282 potuisset.

327 3314 490 3388 Optat
513 3315 659 3388 mori
706 3314 797 3371 die
824 3315 1235 3387 Puriﬁcationis
1286 3318 1458 3375 beatae
1493 3317 1703 3384 Maria,
1736 3319 1797 3373 in
1824 3320 1983 3388 cujus

293 3394 299 3400 '
400 3387 601 3456 vigilia
626 3388 934 3472 {respersos
972 3388 1203 3472 accendi
1219 3388 1402 3472 jubet.
1436 3388 1495 3443 In
1525 3389 1613 3472 die
1635 3392 1773 3472 [esto
1798 3390 1985 3444 missis

400 3472 505 3529 pro
532 3472 591 3513 se
616 3457 795 3526 dictis,
816 3460 1043 3515 missam
1064 3457 1350 3531 publicam
1376 3457 1647 3532 exspectat
1661 3462 1910 3533 jejunus.

288 3560 295 3563 ’
403 3564 495 3617 70.
527 3563 702 3619 Porro
748 3580 883 3620 cum
928 3566 1056 3637 jam
1103 3584 1207 3639 per
1253 3570 1373 3623 tres
1414 3583 1649 3624 menses
1677 3567 1987 3623 continuos

332 3651 613 3725 praedicta
638 3652 930 3711 laboraret
957 3654 1315 3723 infirmitate,
1331 3660 1389 3712 et
1408 3656 1738 3730 Epiphania
1754 3656 1987 3713 Domini

334 3741 666 3808 transisset,
691 3747 893 3815 optare
921 3744 1112 3816 cmpit,
1137 3749 1428 3818 quatenus
1458 3762 1594 3801 eum
1623 3745 1684 3801 in
1719 3746 1991 3802 Purifica-

340 3828 500 3886 tione
528 3835 739 3887 sanctis
757 3831 953 3888 Marias
973 3834 1045 3889 ad
1067 3833 1297 3890 Domini
1320 3835 1570 3908 gratiam
1590 3836 1843 3890 transire
1862 3834 1993 3891 lice-

301 3920 447 3975 ‘ret.
474 3920 606 3986 Qua
634 3936 772 3994 ergo
802 3920 1113 3979 festivitate
1160 3923 1685 3997 appropinquante,
1720 3923 1994 3995 praecepit

339 4007 496 4064 eiero
513 4011 573 4064 et
587 4009 945 4083 pauperibus
967 4012 1296 4067 convivium
1319 4028 1665 4085 praeparare,
1695 4016 1760 4066 ut
1780 4012 1836 4065 in
1862 4011 1991 4083 ipso

340 4097 720 4153 sanctissimo
761 4098 855 4154 die
900 4099 1297 4172 epularentur.
1329 4100 1520 4157 Jussit
1566 4100 1741 4155 etiam
1775 4115 1841 4154 ut
1876 4102 1994 4154 tres

340 4186 550 4242 ﬂerent
576 4186 725 4243 cerei
754 4186 954 4260 magni
983 4205 1052 4244 ex
1082 4205 1190 4244 sua
1219 4189 1455 4262 speciali
1482 4205 1632 4245 cera.
1654 4189 1878 4254 Quibus
1909 4189 1994 4243 fa-

343 4274 476 4343 ctis,
506 4275 572 4330 in
600 4276 731 4347 ipsa
767 4275 968 4349 vigilia
1014 4278 1301 4349 prasdicta:
1342 4277 1674 4334 festivitatis
1722 4278 1859 4334 fecit
1896 4293 1996 4334 eos

342 4367 479 4420 ante
512 4380 575 4420 se
604 4364 760 4434 ferri,
784 4374 843 4421 et
865 4382 1048 4421 unum
1078 4370 1212 4423 ante
1241 4366 1423 4423 altare
1452 4372 1668 4423 sanctae
1697 4367 1889 4423 Mariae
1911 4383 2000 4422 ac-

227 4522 235 4533 ‘
344 4452 595 4509 cendere
625 4454 917 4527 praecepit,
949 4454 1196 4511 alterum
1236 4470 1372 4512 vero
1421 4460 1557 4512 ante
1602 4455 1782 4512 altare
1811 4454 1997 4511 sancti

2080 1914 2228 1980 rent,
2243 1914 2302 1966 et
2320 1910 2579 1982 psalmos
2600 1927 2668 1966 ex
2697 1926 2859 1965 more
2882 1926 2984 1982 pro
3006 1910 3134 1980 ejus
3154 1908 3309 1964 exitu
3331 1906 3728 1973 decantarent,

2077 1999 2384 2055 admonuit
2415 2000 2558 2072 ipse,
2593 2002 2658 2054 ut
2686 1997 2862 2054 etiam
2892 1998 3177 2070 hymnum
3230 1997 3303 2052 ad
3347 1995 3579 2051 laudem
3634 1993 3731 2049 Dei

2078 2087 2489 2159 compositum,
2519 2087 2577 2142 id
2600 2091 2689 2143 est
2722 2089 2788 2142 Te
2814 2088 2987 2143 Deum
3016 2086 3324 2154 laudamus,
3349 2083 3569 2157 pariter
3595 2099 3731 2139 can-

2076 2179 2268 2232 tarent
2292 2193 2304 2231 :
2329 2176 2503 2232 {idem
2528 2192 2761 2248 quoque
2783 2174 3130 2231 catholicam
3154 2191 3184 2229 a
3216 2175 3384 2230 beato
3416 2170 3733 2227 Athanasio

2078 2264 2481 2336 compositam.
2502 2265 2670 2321 Mane
2690 2281 2823 2319 vero
2849 2263 2999 2319 facto
3031 2262 3307 2318 omnibus
3339 2260 3437 2333 qui
3469 2260 3731 2325 aderant,

2079 2352 2479 2411 sacerdotibus
2510 2369 2675 2409 sacra
2702 2351 2988 2409 solemnia
3013 2351 3331 2407 missarum
3364 2364 3468 2421 pro
3499 2364 3565 2404 eo
3594 2344 3736 2402 cele-

2079 2441 2406 2509 brantibus,
2440 2440 2728 2498 Dominici
2760 2440 3022 2513 corporis
3054 2442 3110 2495 et
3140 2436 3446 2511 sanguinis
3478 2452 3735 2492 commu-

2081 2531 2254 2586 nione
2302 2534 2589 2603 percepta,
2641 2529 2880 2586 elevatis
2933 2526 3208 2584 manibus
3259 2524 3627 2599 precabatur,
3672 2525 3740 2579 ut

2081 2619 2417 2693 quicunque
2444 2620 2501 2674 in
2534 2636 2669 2675 eum
2693 2617 3105 2691 quoquomodo
3128 2617 3445 2687 peccasset,
3465 2613 3665 2668 divina
3685 2613 3738 2668 ei

2081 2709 2190 2765 hoc
2221 2709 2405 2782 pietas
2431 2708 2769 2763 dimitteret.
2789 2704 3007 2761 Deinde
3040 2702 3358 2760 versiculos
3390 2702 3534 2757 istos
3565 2699 3738 2772 cmpit

2082 2798 2449 2870 frequentius
2465 2794 2752 2870 repetere.
2786 2785 3095 2851 Secundum
3122 2789 3560 2848 misericordiam
3585 2795 3739 2843 tuam

2082 2892 2348 2943 memento
2374 2888 2485 2943 mei
2532 2894 2610 2951 tu,
2657 2889 2883 2958 propter
2923 2884 3223 2940 bonitatem
3264 2887 3434 2944 tuam,
3465 2878 3735 2943 Domine;

2084 2982 2178 3035 et:
2212 2979 2367 3042 Deus,
2394 2976 2667 3047 propitius
2696 2981 2804 3029 esto
2830 2973 2974 3028 mihi
2997 2971 3308 3044 peecatori;
3339 2971 3396 3024 et
3419 2984 3433 3023 :
3456 2968 3517 3025 In
3538 2981 3738 3022 manus

2085 3074 2223 3134 tuas,
2257 3066 2503 3132 Domine,
2534 3062 2845 3137 commendo
2887 3061 3148 3136 spiritum
3193 3074 3397 3114 meum.
3443 3057 3584 3113 Cum
3617 3054 3740 3110 haec

2009 3172 2052 3239 ρ
2089 3155 2216 3229 ipse
2245 3154 2458 3228 saepius
2489 3156 2791 3226 repeteret,
2826 3155 2883 3207 et
2912 3148 3211 3239 frequenti
3232 3145 3495 3239 anhelitu
3518 3145 3645 3239 jam
3676 3157 3746 3239 ea

2092 3245 2458 3316 frequentare
2487 3260 2604 3298 non
2632 3241 2849 3297 valeret
2873 3258 2886 3309 ;
2920 3238 3153 3294 cuidam
3186 3233 3350 3292 fratri
3382 3231 3653 3308 praecepit
3682 3235 3748 3287 ut

2091 3332 2213 3389 haec
2233 3332 2437 3388 eadem
2458 3331 2580 3387 vice
2606 3330 2764 3386 illius
2788 3327 3212 3401 frequentando
3234 3325 3512 3381 cantaret.
3536 3320 3748 3393 Sicque

2092 3420 2279 3477 oculis
2318 3421 2376 3475 in
2408 3419 2617 3476 coelum
2648 3417 2913 3485 intentis,
2947 3414 3174 3472 Domini
3221 3411 3419 3487 gratim
3450 3424 3748 3467 commen-

2094 3510 2298 3566 datum
2327 3509 2602 3583 Spiritum
2633 3506 2922 3563 exhalavit
2952 3505 3049 3577 (b).

2360 3627 2588 3695 ,Lugent
2617 3640 2819 3681 omnes.
2853 3623 3108 3695 Epilogus
3136 3619 3251 3691 ejus
3280 3617 3470 3687 etogii.

2166 3747 2257 3799 72.
2289 3743 2470 3814 Cujus
2501 3757 2740 3814 corpore
2771 3755 2839 3795 ex
2870 3753 3031 3794 more
3060 3739 3282 3801 curato,
3302 3733 3627 3802 feretroque
3649 3729 3755 3784 im-

2099 3833 2310 3904 posito,
2325 3848 2458 3889 cum
2483 3832 2553 3886 ad
2582 3829 2887 3887 ecclesiam
2918 3821 3465 3890 deferretur,iterari
3484 3820 3647 3875 visus
3667 3820 3757 3874 est

2099 3921 2292 3975 luctus
2325 3921 2612 3984 omnium,
2649 3922 2706 3973 et
2747 3934 2857 3973 vox
2901 3933 3019 3971 una
3044 3912 3471 3987 plangentium,
3504 3906 3757 3964 maxime

2099 4013 2296 4064 tamen
2329 4006 2695 4072 clericorum,
2717 4004 3141 4076 orphanorum,
3161 4001 3495 4064 viduarum,
3513 3994 3759 4068 pupillo-

2102 4113 2234 4152 rum
2265 4100 2320 4152 et
2350 4094 2761 4167 indigentium.
2784 4090 3059 4158 Quamvis
3089 4089 3244 4145 enim
3278 4087 3351 4141 de
3380 4083 3540 4138 illius
3569 4082 3757 4137 salute

2104 4203 2216 4241 non
2252 4186 2329 4240 sit
2359 4182 2766 4247 dubitandum,
2787 4180 2919 4252 quis
2941 4177 3347 4249 religiosorum
3370 4174 3472 4227 aut
3491 4168 3755 4226 ﬁdelium

2106 4292 2168 4332 se
2197 4293 2229 4331 a
2261 4274 2396 4330 ﬂetu
2430 4271 2728 4328 continere
2757 4268 2988 4341 poterit,
3021 4281 3156 4322 cum
3187 4263 3283 4319 ille
3329 4277 3437 4317 nos
3466 4256 3757 4315 desolatas

2107 4361 2430 4437 reliquerit,
2462 4361 2522 4415 in
2575 4375 2690 4432 quo
2720 4357 2843 4413 solo
2874 4372 3021 4429 pene
3069 4353 3335 4409 omnium
3381 4348 3758 4437 antiquorum

2107 4434 2380 4527 vigebant
2411 4448 2677 4522 exempla
2701 4449 3037 4503 sanctorum
3051 4443 3079 4498 ?
3098 4440 3421 4515 Siquidem,
3441 4441 3506 4493 ut
3536 4435 3608 4492 ab
3630 4434 3761 4527 ipso

316 4540 524 4610 Petri,
555 4522 978 4599 tertium'ante
1007 4542 1188 4600 altare
1218 4544 1404 4601 sancti
1432 4544 1677 4602 Joannis
1704 4544 2001 4617 Baptistae,
2033 4542 2078 4606 D
2108 4522 2426 4600 electorum
2445 4539 2710 4594 omnium
2729 4532 3304 4608 capiteincipiamus,
3323 4527 3622 4617 Christum
3641 4522 3764 4617 ino-

349 4633 562 4704 optans
592 4635 657 4686 ut
686 4632 796 4704 ipsi
820 4649 955 4689 eum
978 4633 1048 4689 de
1070 4649 1308 4707 corpore
1330 4634 1695 4707 susciperent
1712 4633 2007 4707 egredien-

352 4723 495 4789 tem,
529 4720 630 4792 qui
661 4719 721 4777 in
765 4722 1101 4794 supradicta
1149 4723 1373 4779 visione
1421 4723 1561 4780 olim
1604 4725 1733 4795 ejus
1777 4724 2007 4778 fuerant

354 4810 646 4866 ductores.
674 4808 954 4866 Caeterum
985 4810 1264 4883 praedicta
1290 4811 1629 4869 inﬁrmitate
1658 4812 1740 4868 ita
1769 4816 1891 4868 erat
1922 4811 2004 4867 fa-

356 4898 577 4972 tigatus
608 4903 665 4954 et
685 4899 941 4969 attritus,
966 4905 1033 4956 ut
1052 4916 1199 4973 pene
1212 4901 1339 4973 jam
1365 4901 1423 4956 in
1446 4918 1685 4974 corpore
1709 4902 1837 4973 ejus
1859 4901 2006 4956 nihil

356 4991 704 5057 remaneret,
735 4989 991 5061 exceptis
1021 4988 1255 5046 ossibus
1286 4991 1480 5047 nervis
1519 4990 1735 5064 ligatis,
1767 4994 1825 5047 et
1852 4990 2007 5047 corio

353 5076 545 5133 tectis.
568 5076 838 5135 Attamen
857 5078 983 5151 ipse
1001 5095 1231 5152 semper
1250 5080 1309 5136 in
1333 5078 1563 5136 Domini
1584 5080 1756 5137 laude
1778 5096 1839 5136 se
1855 5095 2008 5136 exer-

429 5236 510 5314 (_a)
542 5237 666 5314 Iino
695 5241 955 5314 spectare
973 5239 1204 5314 videtur
1219 5240 1525 5314 Anacharii
1547 5240 1793 5314 epistola
1810 5240 1872 5314 in
1896 5242 2011 5297 {ine

358 5308 541 5390 hujus
564 5308 947 5391 .Vitze—relata,
963 5328 1080 5391 qua
1109 5312 1229 5367 haec
1250 5312 1551 5385 privilegia
1570 5308 1858 5385 episcOpis
1881 5314 2014 5369 Ger-

360 5383 612 5436 manicis
642 5383 1089 5438 commendavit.

2114 4648 2246 4705 pem
2278 4630 2449 4701 inops
2475 4628 2602 4701 ipse
2650 4629 2887 4682 secutus
2918 4627 3026 4691 est,
3057 4637 3192 4678 cum
3236 4616 3519 4705 apostolis
3567 4610 3766 4668 omnia

2114 4703 2444 4791 dereliquit,
2461 4722 2668 4773 etcum
2688 4718 2888 4770 sancto
2903 4712 3127 4768 Joanne
3147 4707 3408 4781 Baptista
3423 4703 3764 4777 primaevum

2113 4815 2348 4882 tempus
2378 4825 2413 4863 a
2455 4807 2762 4862 turbarum
2807 4800 3135 4874 frequentia
3184 4799 3473 4882 remotum
3522 4792 3763 4854 ducens,

2115 4881 2458 4956 monasterii
2516 4894 2893 4951 solitudinem
2951 4886 3244 4961 expetiit:
3306 4881 3574 4939 videlicet
3629 4893 3765 4934 cum

2114 4987 2397 5060 temporis
2429 4999 2702 5059 processu
2735 4975 3367 5054 quotidianoprofectu
3395 4967 3764 5060 excrevisset,

2117 5082 2175 5134 et
2204 5058 2275 5132 de
2299 5058 2509 5130 virtute
2556 5072 2615 5127 in
2644 5070 2921 5128 virtutem
2968 5068 3189 5133 ivisset,
3219 5080 3320 5120 vas
3363 5058 3662 5118 electionis
3692 5058 3767 5115 ad

2117 5238 2281 5294 tricis
2313 5234 2524 5298 Mariae,
2558 5254 2586 5281 »
2619 5230 2815 5303 inquit
2840 5229 3099 5303 Adamus
3118 5226 3185 5303 in
3216 5223 3383 5303 lib.1,
3411 5238 3540 5295 cap.
3572 5218 3769 5303 31:Al-

2118 5292 2319 5365 bertus
2343 5292 2646 5361 Stadensis
2676 5292 2732 5359 et
2761 5300 3082 5357 Chronicon
3115 5292 3768 5353 Saxonicum'eumdem

2121 5396 2343 5437 annum
2374 5377 2609 5449 signant
2634 5393 2646 5430 :
2671 5396 2699 5449 ς(
2724 5373 2885 5449 Sedit
2911 5386 3115 5427 omnes
3147 5384 3333 5449 annos
3362 5366 3602 5449 triginta
3632 5377 3771 5449 qua:

561 5435 784 5526 «ί
809 5435 1222 5526 ann'oVDomini
1250 5457 1374 5521 865,
1407 5455 1608 5510 indict.
1642 5472 1764 5526 xm,
1798 5455 1898 5526 qui
1927 5458 2017 5510 est
2121 5435 2273 5526 tuor,
2296 5435 2464 5526 (ζυῄυὲ
2494 5446 2777 5526 depositio
2809 5460 3046 5526 summa
3073 5435 3681 5498 veneratione'colitur
3707 5447 3770 5487 ιιι

365 5516 693 5606 buthevvici
710 5525 976 5606 secundi
968 5527 1281 5606 vicesimus
1296 5516 1913 5606 seatusﬁepultusque
1929 5529 2017 5606 est
2123 5516 2271 5579 Non.
2306 5516 2620 5585 Februarii,
2656 5540 2684 5568 »
2716 5534 2783 5573 ex
2816 5516 3059 5571 Adamo.

368 5596 430 5652 in
458 5594 706 5653 basilica
729 5596 917 5654 sancti
937 5597 1090 5656 Petri
1111 5602 1246 5656 ante
1268 5597 1451 5655 altare
1482 5594 1691 5655 sancta-
1725 5594 1835 5653 Dei
1856 5595 2015 5670 geni-
