4102 6180
348 292 503 393 'iou

1193 292 1611 357 ANSCHARII
1658 288 2267 355 HAMBURGENSIS
2311 289 2664 353 EPISCOPI
2706 290 2913 353 VlTA.

3608 288 3767 355 1012

352 430 703 508 portandum
721 427 937 488 Christi
955 444 1166 486 nomen
1181 445 1374 485 coram
1393 426 1667 502 gentibus
1679 443 1813 483 cum
1832 424 2003 482 beato
2032 425 2086 495 Α
2115 428 2174 481 et
2202 424 2463 482 nuditate
2494 443 2507 482 :
2541 429 2748 498 praeter
2776 423 2876 481 illa
2909 440 3037 498 quas
3062 422 3422 482 extrinsecus
3451 428 3609 492 sunt,
3641 425 3772 483 ins-

351 521 615 597 apostolo
674 520 851 577 Paulo
904 519 1256 593 deputatus;
1307 517 1732 591 pascendarum
1788 515 2005 572 Christi

350 613 545 669 ovium
564 609 939 684 postmodum
959 624 1158 664 curam
1177 624 1311 663 cum
1330 606 1592 679 principe
1609 605 2003 679 apostolorum

349 702 518 758 Petro
548 699 807 772 suscepit
835 715 847 753 :
882 698 941 753 in
973 714 1088 770 quo
1137 695 1419 769 regimine
1463 694 1695 768 qualem
1728 711 1788 750 se
1818 711 2005 767 quan—

347 795 594 862 tumque
613 785 958 853 exhibuerit,
973 786 1081 841 hoc
1104 783 1191 840 vel
1216 783 1466 840 maxime
1484 784 1731 857 probare
1750 782 1999 849 videtur,

348 879 506 952 quod
538 877 689 934 inter
717 875 924 931 malum
957 878 1016 930 et
1044 878 1259 930 terram
1294 872 1541 942 medius,
1561 872 1712 929 inter
1732 874 1916 929 Deum
1946 876 2004 929 et

347 965 679 1040 proximum
701 968 1021 1036 sequester,
1038 982 1193 1020 nunc
1215 963 1421 1020 divinae
1443 963 1655 1019 visioni
1676 967 1733 1018 et
1753 961 2001 1018 coelesti-

348 1056 461 1112 bus
476 1052 925 1111 revelationibus
941 1053 1236 1121 intererat,
1253 1069 1407 1108 nunc
1419 1051 1869 1108 commissorum
1889 1051 2001 1107 sibi

348 1148 513 1201 actus
529 1147 586 1200 et
602 1142 780 1199 vitam
804 1142 1183 1215 disponebat:
1209 1142 1280 1197 ad
1303 1159 1451 1214 quas
1467 1141 1649 1197 active
1671 1145 1726 1196 et
1747 1145 2002 1196 contem-

347 1232 560 1306 plativa
588 1233 854 1305 geminas
885 1231 1010 1287 alas
1041 1231 1169 1287 ideo
1193 1231 1317 1304 ipse
1344 1228 1841 1302 suﬁiciebat,quia
1863 1246 1999 1285 eum

348 1321 761 1378 mundicordes
786 1319 895 1377 soli
920 1322 1090 1393 juxta
1120 1319 1564 1393 Evangeliorum
1593 1319 1767 1374 fidem
1798 1318 1999 1374 Domi-

347 1426 490 1466 num
521 1411 833 1467 credantur
859 1409 1205 1482 visuri,ipse
1225 1409 1388 1484 virgo
1420 1408 1493 1464 ab
1523 1424 1589 1465 eo
1620 1407 1999 1476 electus,cum

347 1501 552 1553 sancto
580 1495 844 1569 apostolo
876 1500 933 1553 et
962 1496 1318 1570 evangelista
1345 1496 1589 1562 Joanne,
1619 1499 1675 1551 et
1706 1499 1899 1551 mente
1946 1499 2003 1551 et

344 1602 583 1659 corpore
612 1586 773 1659 virgo
804 1585 864 1641 in
896 1603 1082 1642 aevum
1117 1586 1474 1659 permansit;
1500 1588 1737 1642 ettanta
1761 1584 2004 1658 insuper

346 1674 417 1729 ad
440 1677 680 1730 cunctos
701 1673 985 1730 charitate
1005 1674 1410 1740 tenebatur,ut
1440 1691 1575 1730 cum
1605 1674 1773 1730 beato
1805 1678 2001 1747 proto-

346 1765 601 1836 martyre
619 1762 911 1835 Stephano
932 1763 1110 1820 etiam
1131 1768 1324 1819 oraret
1346 1780 1448 1835 pro
1471 1763 1595 1819 suis
1616 1762 2000 1835 persecutori-

342 1852 477 1908 bus.
496 1850 541 1908 Ο
560 1851 947 1919 vere,beatum
979 1855 1036 1909 et
1056 1850 1216 1907 omni
1244 1851 1438 1907 laudis
1470 1852 1755 1924 preconio
1784 1851 2005 1924 dignis~

347 1940 566 1996 simum
587 1939 799 2006 virum,
817 1956 991 2011 quem
1012 1939 1189 1995 talem
1211 1957 1278 1995 ac
1300 1944 1531 1996 tantum
1558 1940 1795 2007 imitari,
1824 1957 1999 2013 quem

350 2027 545 2083 solum
575 2027 986 2100 plurimorum,
1008 2032 1095 2085 tot
1123 2028 1300 2084 simul
1323 2029 1537 2086 habere
1558 2030 1800 2086 virtutes
1822 2030 2003 2086 conti-

346 2113 433 2188 git
458 2113 471 2169 !
504 2114 605 2187 qui
637 2118 828 2172 mente
859 2120 1102 2173 sanctus
1132 2120 1189 2173 et
1218 2134 1458 2192 corpore
1488 2122 1706 2183 castus,
1730 2135 1863 2174 cum
1894 2118 2003 2175 vir-

345 2202 583 2278 ginibus
600 2220 839 2277 agnum,
859 2222 1209 2279 quocunque
1232 2206 1380 2275 ierit,
1397 2212 1705 2280 sequetur:
1727 2208 1825 2280 qui
1851 2224 2000 2264 sem-

345 2310 450 2366 per
492 2293 550 2348 in
600 2293 963 2351 confessione
1011 2295 1225 2351 Christi
1257 2312 1634 2369 perseverans
1676 2296 1997 2370 gloriosum

345 2382 666 2438 admodum
698 2382 849 2438 inter
876 2383 1239 2441 eonfessores
1268 2384 1461 2440 locum
1491 2384 1731 2441 habebit
1760 2403 1772 2441 :
1806 2384 1907 2458 qui
1938 2384 1997 2442 in

345 2468 586 2525 sublimi
618 2468 720 2525 illa
746 2487 879 2525 cum
906 2472 1186 2543 apostolis
1207 2472 1477 2543 judicum
1510 2474 1645 2529 sede
1673 2472 1733 2529 in
1766 2489 1999 2546 regene-

332 2556 571 2615 ratione
601 2572 876 2614 sessurus
904 2562 1015 2627 est,
1046 2576 1112 2615 ac
1145 2562 1454 2630 mundum,
1487 2578 1660 2634 quem
1691 2565 1997 2634 contemp-

347 2648 523 2715 serat,
566 2646 964 2721 judicaturus,
998 2652 1054 2703 et
1084 2665 1218 2705 cum
1251 2649 1605 2723 martyribus
1628 2650 1874 2724 justitiaa
1901 2667 1996 2707 co-

343 2751 547 2791 ronam
578 2738 635 2792 et
662 2734 918 2808 palmam
951 2738 1213 2811 martyrii
1248 2739 1587 2813 adepturus.

901 2878 1112 2951 Martyr
1140 2879 1421 2952 quomodo.

413 3011 505 3066 73.
539 3009 798 3083 Martyrii
828 3010 944 3067 duo
979 3026 1195 3084 genera
1241 3028 1369 3070 esse
1416 3017 1663 3082 constat,
1696 3032 1881 3072 unum
1932 3017 1994 3073 in

344 3115 485 3172 pace
506 3098 773 3156 Ecclesiae
796 3099 1115 3170 occultum,
1133 3100 1380 3158 alterum
1404 3104 1827 3176 persecutionis
1858 3105 1994 3162 arti-

346 3166 476 3245 culo
523 3188 831 3262 ingruente
878 3166 1254 3247 manifestum
1288 3207 1301 3247 z
1336 3166 1651 3266 utrumque
1698 3193 1998 3252 voluntate
2027 3166 2070 3234 Ο

341 3276 568 3346 tenuit;
592 3278 665 3334 ad
696 3276 944 3335 alterum
971 3280 1180 3337 effectu
1201 3282 1478 3354 pervenit.
1504 3283 1651 3349 Quia
1671 3283 1827 3340 enim
1851 3301 1993 3357 quo-

339 3366 481 3423 tidie
510 3383 743 3441 semper
770 3366 1078 3441 lacrymas,
1105 3369 1356 3443 vigilias,
1373 3371 1620 3443 jejunia,
1645 3374 1839 3430 carnis
1869 3391 1993 3431 ma-

336 3454 711 3522 cerationem,
724 3458 782 3511 et
809 3455 1235 3514 desideriorum
1255 3459 1581 3517 carnalium
1601 3462 1993 3521 mortificatio-

337 3558 472 3599 nem
492 3542 551 3600 in
568 3560 672 3602 ara
688 3545 881 3601 cordis
898 3545 1012 3602 Deo
1030 3549 1692 3624 mactabat,martyrium
1712 3554 1987 3624 profecto,

334 3632 492 3704 quod
524 3632 686 3705 pacis
706 3636 966 3707 tempore
988 3652 1103 3692 non
1126 3637 1333 3709 potuit,
1357 3644 1487 3695 voto
1510 3645 1859 3697 consecutus
1878 3644 1987 3698 est.

336 3719 486 3786 Quia
512 3736 647 3776 vero
676 3721 749 3776 ad
782 3728 1050 3793 apertum
1070 3725 1329 3796 corporis
1352 3728 1695 3800 martyrium
1719 3745 1986 3801 persecu-

337 3806 483 3861 toris
511 3806 625 3861 sibi
655 3807 890 3866 animus
923 3826 1038 3866 non
1060 3812 1266 3882 defuit,
1284 3815 1439 3886 quod
1463 3831 1634 3887 opere
1664 3817 1864 3874 minus
1884 3835 1986 3891 po-

335 3891 469 3959 tuit,
481 3892 779 3953 voluntate
795 3897 1044 3971 adeptus
1060 3904 1165 3956 est.
1186 3903 1460 3968 Quamvis
1472 3903 1581 3961 hoc
1597 3922 1828 3979 quoque
1838 3924 1989 3964 mar-

336 3981 554 4055 tyrium
583 4000 755 4058 opere
785 4002 920 4042 eum
947 3986 1224 4047 habuisse
1246 3992 1485 4049 omnino
1507 4010 1718 4068 negare
1740 4013 1986 4070 nequea-

334 4088 488 4141 mus,
514 4071 564 4129 si
585 4076 780 4131 tantos
811 4075 941 4147 ejus
973 4094 1076 4150 pro
1108 4081 1353 4137 Domino
1382 4081 1611 4140 labores
1632 4084 1804 4156 juxta
1831 4091 1979 4159 Apo-

329 4159 549 4218 stolum
596 4164 991 4234 attendamus,
1044 4166 1103 4222 in
1147 4168 1456 4228 itineribus
1504 4190 1678 4246 saape,
1706 4175 1981 4246 periculis

330 4248 665 4319 fluminum,
722 4252 999 4325 periculis
1057 4254 1371 4327 latronum,
1424 4261 1698 4332 periculis
1756 4281 1825 4320 ex
1880 4282 1977 4339 ge-

325 4355 483 4407 nere,
515 4340 791 4413 periculis
823 4359 891 4399 ex
942 4344 1236 4417 gentibus,
1287 4348 1563 4420 periculis
1612 4350 1671 4407 in
1720 4353 1972 4425 civitate,

2104 514 2299 571 'tantia
2321 515 2449 587 ejus
2472 513 2834 587 quotidiana,
2853 513 3184 570 sollicitudo
3205 514 3470 570 omnium
3490 514 3777 571 Ecclesia-

2114 621 2267 660 rum.
2302 604 2443 671 Quis
2473 604 2902 671 infirmabatur,
2926 608 2983 659 et
3012 603 3137 676 ipse
3167 620 3280 659 non
3314 603 3424 659 fuit
3453 604 3777 662 inﬁmus?
3842 648 3845 651 -

2114 692 2247 766 quis
2267 692 2790 759 scandalizabatur,
2810 697 2867 748 et
2886 692 3012 765 ipse
3036 710 3150 748 non
3170 693 3609 757 urebatur‘ioui
3630 709 3772 768 ergo

2094 784 2197 837 tot
2224 798 2291 837 ac
2321 781 2497 837 tantis
2528 785 2619 838 est
2648 798 2751 854 pro
2780 781 3029 838 Domino
3051 786 3110 838 et
3128 782 3387 856 corporis
3408 782 3775 838 adversitati-

2111 871 2243 939 bus,
2278 875 2334 927 et
2362 871 2545 927 animi
2577 870 2817 927 aestibus
2864 875 3155 938 excoctus,
3199 872 3494 944 quomodo
3545 876 3773 945 martyr

2110 976 2238 1017 esse
2251 960 2386 1032 jure
2409 959 2759 1034 negabitur?
2777 961 2924 1015 Nam
2947 960 2995 1016 si
3019 959 3143 1017 sola
3156 961 3275 1016 vita
3305 977 3408 1033 per
3428 962 3767 1033 passionem

2111 1049 2424 1105 terminata
2446 1049 2725 1122 martyrio
2754 1050 3153 1122 deputaretur,
3186 1065 3561 1122 nequaquam
3603 1067 3770 1107 sanc-

2110 1142 2237 1194 tum
2268 1138 2687 1212 evangelistam
2716 1138 3000 1195 Joannem
3024 1136 3262 1195 calicem
3285 1155 3461 1195 suum
3482 1140 3766 1195 Dominus

2109 1227 2437 1283 bibiturum
2459 1244 2588 1283 esse
2607 1232 2940 1296 testaretur,
2956 1244 3129 1300 quem
3148 1227 3392 1283 minime
3411 1228 3596 1284 vitam
3620 1246 3770 1284 mar-

2109 1316 2257 1390 tyrio
2274 1316 2533 1373 finivisse
2552 1316 3050 1373 scimus.Proinde
3069 1317 3119 1373 si
3139 1316 3307 1372 illum
3319 1317 3491 1389 juxta
3510 1318 3768 1374 domini-

2109 1422 2238 1461 cam
2263 1405 2613 1461 sententiam
2636 1405 2787 1462 inter
2804 1411 3127 1479 martyrum
3144 1422 3457 1462 numerum
3477 1406 3770 1463 ascribeu-

2110 1494 2251 1548 dum
2283 1511 2412 1550 esse
2436 1511 2550 1550 non
2582 1495 2944 1563 dubitamus,
2968 1495 3041 1551 de
3061 1511 3128 1550 eo
3150 1511 3405 1567 quoque,
3430 1512 3606 1568 quem
3630 1513 3770 1569 pras-

2112 1580 2406 1653 misimus,
2422 1588 2625 1639 sancto
2639 1583 2809 1655 plane
2822 1601 2887 1639 ac
2912 1585 3078 1639 beato
3098 1584 3418 1640 admodum
3437 1583 3562 1641 viro
3583 1585 3770 1641 omni-

2112 1688 2186 1726 no
2224 1671 2519 1745 ambigere
2547 1689 2661 1729 non
2688 1673 2993 1729 debemus.
3030 1673 3248 1746 Martyr
3272 1672 3429 1729 enim
3461 1674 3594 1743 fuit,
3629 1674 3770 1747 quia

2104 1760 2275 1831 juxta
2295 1760 2637 1833 Apostolum
2660 1766 2717 1817 et
2734 1760 2846 1835 ipsi
2868 1761 3127 1818 mundus
3147 1765 3206 1817 et
3224 1760 3322 1817 ille
3343 1762 3561 1818 mundo
3582 1764 3771 1819 cruci-

2111 1848 2264 1903 ﬁxus
2284 1853 2426 1905 erat.
2442 1851 2659 1923 Martyr
2681 1849 2809 1919 fuit,
2825 1849 2963 1923 quia
2980 1849 3135 1906 inter
3149 1849 3361 1907 diaboli
3377 1854 3767 1918 tentamenta,

2110 1937 2264 1993 inter
2292 1938 2485 1996 carnis
2512 1938 2834 2007 illecebras,
2859 1939 3011 1995 inter
3038 1943 3449 2013 persequentes
3474 1956 3764 2014 paganos,

2110 2025 2263 2080 inter
2290 2026 2641 2085 obsistentes
2668 2026 3027 2084 Christianos
3049 2044 3280 2099 semper
3309 2028 3762 2101 imperterritus,

2109 2120 2165 2169 et
2182 2114 2523 2183 immobilis,
2540 2120 2596 2171 et
2613 2115 2863 2172 invictus
2885 2118 2944 2172 in
2962 2116 3177 2174 Christi
3194 2117 3556 2174 confessione
3574 2135 3764 2192 usque

2108 2203 2179 2258 ad
2213 2204 2430 2259 exitum
2461 2205 2588 2259 vitae
2638 2205 2980 2277 permansit.
3015 2207 3231 2279 Martyr
3278 2206 3406 2277 fuit,
3437 2206 3579 2278 quia
3601 2208 3760 2264 ’dum

2107 2302 2297 2367 μάρτυρ
2328 2296 2472 2350 testis
2523 2295 2771 2362 dicatur,
2825 2294 2950 2368 ipse
2992 2294 3170 2352 divini
3220 2312 3452 2368 semper
3490 2297 3673 2364 verbi,
3707 2301 3764 2353 et

2107 2381 2430 2439 Christiferi
2465 2384 2722 2441 nominis
2753 2385 2973 2442 exstitit
3003 2384 3192 2443 testis.
3243 2388 3367 2452 Qua
3397 2385 3457 2441 in
3489 2402 3549 2442 re
3589 2401 3761 2442 nemo

2107 2471 2354 2527 miretur
2381 2488 2515 2529 eum
2547 2473 2617 2528 ad
2649 2473 2782 2543 hoc,
2833 2475 2989 2547 quod
3039 2491 3272 2531 summo
3316 2475 3441 2547 ipse
3470 2474 3761 2532 desiderio

2107 2560 2365 2633 optabat,
2394 2565 2452 2617 et
2481 2562 2592 2618 sibi
2627 2562 3048 2635 repromissum
3098 2564 3363 2636 putabat,
3406 2563 3757 2637 martyrium

2106 2665 2222 2705 non
2254 2651 2585 2723 pervenisse
2612 2670 2624 2719 ;
2658 2652 2800 2724 quia
2828 2669 2933 2709 nec
2963 2652 3072 2709 hoc
3097 2652 3221 2709 sibi
3239 2651 3562 2725 pollicitum
3586 2654 3763 2724 juxta

2104 2737 2284 2810 hujus
2315 2739 2572 2797 nominis
2607 2741 3145 2814 interpretationem
3176 2743 3476 2816 probatur.
3511 2742 3579 2798 Et
3606 2747 3762 2799 certe

2104 2831 2331 2900 poterat
2359 2829 2417 2885 in
2450 2834 2686 2904 accepto
2729 2831 2990 2904 corporis
3039 2831 3316 2906 martyrio
3365 2830 3567 2903 aliqua
3614 2830 3764 2888 forte

2103 2932 2221 2972 sua;
2253 2917 2434 2974 menti
2465 2917 2639 2976 elatio
2670 2920 2985 2993 subrepere
3005 2937 3018 2977 :
3037 2921 3194 2993 quod
3216 2924 3282 2977 ut
3310 2924 3630 2987 caveretur,
3650 2919 3760 2976 hoc

2102 3005 2299 3064 divina
2319 3009 2629 3081 prudentia
2652 3012 2710 3066 et
2733 3010 3049 3083 spopondit
3068 3015 3125 3066 et
3145 3009 3464 3077 concessit;
3486 3008 3761 3067 videlicet

2101 3098 2167 3150 ut
2195 3096 2419 3153 meritis
2449 3098 2575 3156 suis
2604 3098 2750 3154 nihil
2780 3099 3164 3169 minueretur,
3184 3104 3241 3156 et
3258 3098 3604 3169 humilitati,
3628 3116 3758 3171 qua

2101 3185 2367 3242 omnium
2398 3190 2487 3243 est
2517 3191 2713 3244 custos
2743 3186 3048 3257 virtutum,
3081 3188 3502 3262 provideretur.

2173 3284 2263 3338 74.
2287 3283 2587 3354 Quocirca,
2611 3286 2750 3359 quia
2771 3288 2899 3360 jam
2929 3304 2997 3344 ex
3025 3287 3120 3343 his
3150 3304 3277 3360 quas
3307 3285 3584 3360 superius
3604 3300 3763 3342 com-

2103 3375 2578 3441 memoravimus,
2631 3376 2809 3433 claret
2854 3381 3084 3450 quanta:
3131 3376 3221 3433 vir
3259 3377 3369 3432 iste
3399 3376 3756 3443 sanctitatis,

2102 3462 2306 3535 quanti
2328 3465 2484 3537 apud
2507 3465 2689 3522 Deum
2713 3466 2905 3522 meriti
2929 3466 3139 3531 fuerit;
3170 3469 3351 3522 restat
3371 3469 3436 3521 ut
3456 3464 3612 3521 sicut
3629 3464 3760 3536 ipse

2098 3552 2313 3609 Christi
2334 3552 2592 3610 imitator
2611 3555 2670 3609 in
2692 3554 2967 3611 omnibus
2991 3556 3119 3622 fuit,
3134 3555 3218 3611 sic
3239 3571 3347 3611 nos
3366 3569 3595 3627 quoque
3620 3553 3761 3624 ejus

2099 3640 2424 3698 imitatores
2461 3660 2588 3700 esse
2619 3644 2986 3700 studeamus.
3014 3645 3108 3700 Sic
3136 3644 3354 3716 quippe
3383 3642 3507 3698 ﬁeri
3535 3640 3757 3714 quibit,

2098 3735 2162 3786 ut
2183 3734 2239 3786 et
2260 3730 2382 3803 ipse
2408 3748 2639 3805 semper
2659 3749 2846 3805 usque
2867 3733 2939 3789 ad
2961 3732 3531 3789 consummationem
3554 3729 3755 3787 saeculi

2097 3819 2401 3877 nobiscum
2422 3821 2608 3879 vivere
2622 3822 2809 3895 possit
2822 3821 2883 3878 in
2900 3822 3153 3890 terris,et
3170 3838 3281 3878 non
3301 3824 3436 3894 post
3450 3817 3756 3893 pmsentis

2095 3909 2221 3965 vita:
2242 3914 2647 3967 transcursum
2676 3928 2809 3968 cum
2833 3928 2900 3968 eo
2919 3911 2979 3968 in
3001 3910 3162 3968 caelis
3181 3911 3370 3967 vivere
3394 3925 3753 3966 mereamur.

2092 3998 2256 4055 Vivet
2287 4017 2540 4073 namque
2570 4001 2877 4057 nobiscum
2908 4000 2965 4056 in
2997 4000 3191 4067 terris,
3221 4000 3272 4057 si
3301 4015 3440 4056 eum
3470 3998 3602 4054 vita:
3622 4014 3758 4055 san-

2092 4087 2265 4145 ctitas
2312 4092 2370 4145 et
2415 4090 2693 4146 doctrina:
2734 4090 3051 4146 recordatio
3102 4090 3270 4147 nobis
3317 4091 3748 4162 repraesentat:

2090 4177 2351 4234 vivemus
2383 4196 2489 4235 nos
2518 4196 2653 4235 cum
2687 4179 2814 4252 ipso
2847 4179 2906 4235 in
2939 4177 3120 4250 coalis,
3143 4178 3193 4236 si
3214 4178 3344 4251 ejus
3372 4175 3642 4250 exempla
3661 4191 3750 4232 se-

2089 4271 2351 4339 quentes,
2373 4268 2445 4323 ad
2467 4284 2601 4324 eum
2624 4283 2855 4340 semper
2874 4272 2992 4324 toto
3011 4266 3301 4325 desiderio
3323 4271 3381 4323 et
3398 4271 3523 4323 tota
3534 4265 3747 4321 virtute

2087 4357 2421 4423 tendamus,
2455 4357 2525 4412 ad
2560 4372 2735 4430 quem
2766 4373 2874 4412 nos
2905 4355 3000 4412 ille
3033 4356 3329 4429 praecessit
3354 4356 3559 4412 Jesum
3580 4353 3739 4409 Chri-

321 4427 596 4519 periculis
621 4429 699 4519 Ain
729 4429 1062 4499 solitudine,
1099 4434 1373 4506 periculis
1404 4437 1465 4494 in
1497 4440 1664 4510 mari,
1698 4442 1973 4513 periculis
2084 4447 2241 4501 stum
2273 4427 2594 4502 Dominum.
2619 4450 2909 4513 nostrum,
2936 4427 3202 4519 qui—cum
3233 4446 3403 4502 Patre
3432 4449 3489 4501 et
3516 4442 3735 4517 Spiritu

320 4514 381 4571 in
414 4516 594 4609 falsis
609 4517 891 4609 fratribus
924 4539 937 4577 :
968 4522 1027 4578 in
1056 4521 1255 4581 labore
1283 4529 1342 4582 et
1370 4544 1651 4601 aerumna,
1673 4529 1732 4586 in
1758 4531 1973 4606 vigiliis
2003 4535 2049 4601 D
2081 4538 2280 4591 sancto
2300 4534 2437 4591 vivit
2460 4538 2517 4591 et
2546 4539 2751 4608 regnat
2781 4536 2935 4592 Deus
2954 4514 3062 4609 per
3089 4535 3290 4592 omnia
3319 4533 3536 4593 secula
3559 4514 3739 4591 siccu-

322 4604 550 4679 multis,
579 4606 639 4664 in
672 4608 827 4667 fame
854 4613 911 4667 et
939 4610 1057 4680 siti,
1082 4612 1141 4669 in
1162 4613 1409 4686 jejuniis
1438 4617 1661 4688 multis,
1683 4620 1742 4677 in
1760 4604 1974 4695 frigore
2080 4622 2290 4680 lorum.
2319 4626 2521 4681 Amen.
