4102 6180
391 339 545 402 1017
625 371 628 374 -

385 470 606 531 sanctis
637 466 902 542 reliquiis
933 483 994 524 in
1021 463 1170 523 collo
1199 481 1549 538 suspensam
1572 461 1824 518 habebat
1848 477 1860 516 :
1885 477 2044 516 cum-
2073 457 2130 524 Α

387 578 500 636 que
529 561 683 617 ictus
715 557 977 616 ferientis
998 573 1175 628 super
1195 554 1411 612 collum
1433 555 1562 626 ejus
1588 551 1897 620 decideret,
1921 567 2045 607 cor-

387 651 597 724 rigiam
629 647 866 720 quidem
900 663 1086 719 capsae
1119 643 1608 717 praecidit,ipsum
1630 659 1763 698 vero
1797 641 1855 695 in
1879 639 2040 696 nullo

387 741 622 815 penitus
652 737 955 793 vulnerare
987 735 1192 808 potuit.
1239 735 1359 799 Quo
1390 731 1671 788 miraculo
1701 730 1913 803 pagani
1946 747 2040 786 ex-

385 828 596 895 territi,
637 827 836 899 ipsum
886 841 953 880 ac
999 824 1187 880 socios
1235 825 1363 895 ejus
1411 822 1624 878 illaesos
1670 821 1831 876 abire
1881 818 2039 892 passi

385 923 544 985 sunt,
581 932 685 972 nec
718 912 963 970 ulterius
994 913 1053 968 in
1085 912 1283 986 aliquo
1313 912 1398 969 eis
1446 909 1677 968 molesti
1725 926 1853 967 esse
1897 925 2039 982 prae-

366 1007 789 1079 sumpserunt.

1046 1108 1278 1165 CAPUT
1318 1110 1388 1164 V.

380 1220 660 1293 Quomodo
687 1237 722 1274 a
753 1220 944 1275 Carolo
977 1220 1299 1289 imperatore
1343 1216 1647 1271 Saxoniam
1698 1217 1894 1269 missus
1945 1215 2037 1269 sit.

453 1337 590 1394 Post
620 1336 742 1392 ilth
773 1351 905 1391 vero
933 1332 1399 1407 gloriosissimus
1423 1332 1780 1387 Francorum
1813 1347 1910 1385 rex
1942 1329 2042 1386 Ca-

381 1427 560 1493 rolus,
582 1425 824 1500 quijam
847 1423 1144 1479 multoties
1175 1421 1242 1476 in.
1262 1426 1433 1494 gente
1462 1425 1754 1477 Saxonum
1789 1419 2044 1475 elabora-

379 1520 540 1574 verat
570 1531 687 1588 quo
719 1514 789 1570 ad
825 1513 999 1568 fidem
1032 1511 1376 1567 Christiana
1409 1510 1706 1584 religionis
1747 1513 2042 1566 converte-

383 1609 619 1673 rentur;
651 1603 753 1660 sed
776 1601 861 1659 illi
887 1601 1110 1659 adversi
1137 1618 1369 1674 semper
1392 1599 1688 1667 cordibus,
1707 1603 2044 1671 susceptam

384 1696 560 1750 ﬁdem
579 1695 790 1766 saepius
806 1693 1162 1759 deserentes,
1180 1689 1445 1763 pristinis
1460 1689 1647 1762 magis
1665 1688 2045 1762 implicabaw

381 1787 478 1841 tur
508 1783 801 1838 erroribus
826 1799 840 1850 ;
869 1780 1070 1837 audita
1100 1781 1257 1836 fama
1284 1778 1388 1834 viri
1423 1779 1546 1846 Dei,
1579 1779 1650 1834 ad
1685 1796 1746 1834 se
1772 1795 1904 1834 eum
1937 1795 2037 1834 ac-

379 1872 579 1930 cersiri
613 1870 905 1945 praecepit.
941 1872 1119 1937 Quem
1155 1869 1226 1924 ad
1260 1887 1322 1925 sc
1351 1869 1680 1925 venientem
1718 1866 2037 1923 honoriﬁce

379 1979 445 2019 ac
504 1965 830 2017 reverenter
887 1959 1242 2033 suscipiens,
1278 1960 1407 2030 ejus
1463 1956 1918 2013 confabulationi
1976 1973 2041 2011 ac

379 2049 654 2106 doctrinae
676 2048 927 2105 libenter
949 2048 1214 2103 animum
1238 2049 1597 2111 attendebat,
1613 2047 2042 2120 probatumque

381 2139 600 2195 sanctis
631 2137 896 2194 moribus
928 2154 995 2193 ac
1028 2137 1158 2193 fidei
1195 2155 1310 2192 non
1344 2138 1488 2192 fictae
1515 2134 2042 2203 constantia,misit

385 2229 444 2284 in
458 2232 652 2301 partes
669 2226 930 2283 Saxonis:
943 2227 1014 2283 ad
1029 2243 1247 2300 pagum
1263 2225 1362 2299 qui
1377 2225 1591 2282 dicitur
1603 2225 2038 2298 Wigmodia(a):

386 2334 504 2390 quo
535 2316 679 2372 inibi
711 2316 1056 2372 auctoritate
1091 2314 1266 2389 regali
1297 2319 1355 2372 et
1383 2314 1658 2372 ecclesias
1707 2314 2040 2379 instrueret,

387 2411 444 2463 et
474 2405 706 2478 populis
735 2404 1061 2461 doctrinam
1095 2409 1306 2460 sanctae
1357 2403 1785 2478 praadicationis
1815 2402 2042 2476 impen-

387 2496 568 2561 deret,
589 2499 762 2566 atque
793 2493 946 2549 viam
978 2493 1186 2550 salutis
1208 2498 1433 2550 mternaa
1465 2493 1644 2548 libere
1674 2493 1902 2548 cunctis
1925 2492 2044 2547 illic

393 2582 797 2640 habitantibus
816 2601 890 2639 nu
901 2583 1295 2650 ntiaret.Quod
1316 2583 1409 2638 ille
1426 2581 1822 2638 ministerium
1845 2581 2045 2637 devote

395 2676 732 2745 susceptum
783 2671 1210 2728 ofﬁciosissime
1254 2672 1476 2745 peregit
1508 2689 1520 2726 :
1555 2687 1619 2726 ac
1651 2670 2048 2744 pertransiens

394 2768 664 2819 cunctam
712 2761 769 2817 in
817 2761 1064 2817 circuitu
1114 2761 1433 2828 dimcesim,
1481 2760 1696 2816 multos
1749 2760 1820 2814 ad
1872 2759 2044 2814 fidem

393 2851 604 2908 Christi
637 2849 1087 2924 evungelizando
1118 2851 1420 2920 convertit,
1452 2851 1533 2906 ita
1573 2855 1638 2905 ut
1682 2850 1740 2906 in
1790 2850 2045 2906 secundo

394 2958 546 3000 anno
577 2945 695 2996 tam
727 2941 1007 3008 Saxones,
1041 2957 1216 3012 quam
1264 2945 1320 2996 et
1368 2941 1647 2996 Fresones
1693 2940 1750 2995 in
1799 2939 2045 2995 circuitu

392 3034 841 3096 commorantes,
875 3045 1080 3086 omnes
1127 3046 1190 3085 se
1219 3029 1438 3101 pariter
1469 3029 1590 3085 fieri
1642 3029 2049 3102 promitterent

390 3119 771 3176 Christianos.
792 3119 908 3174 Hoc
932 3117 1127 3190 itaque
1150 3118 1367 3174 factum
1389 3122 1478 3174 est
1505 3136 1657 3176 anno
1689 3118 2046 3174 Incarnatio-

391 3208 484 3265 nis
534 3207 762 3264 Domini
793 3208 902 3262 780
933 3208 1029 3280 (b),
1065 3207 1224 3279 regni
1258 3225 1390 3264 vero
1423 3208 1730 3264 memorati
1762 3208 2044 3281 principis
2074 3200 2118 3267 C

390 3296 577 3354 Caroli
609 3295 1067 3370 quartodecimo,
1101 3295 1200 3370 qui
1231 3301 1428 3354 tamen
1461 3296 1749 3370 imperiali
1792 3298 2042 3354 necdum

391 3386 578 3441 fuerat
598 3387 760 3458 apice
783 3386 1160 3453 sublimatus,
1179 3403 1356 3459 quem
1377 3391 1576 3460 postea
1597 3403 1699 3460 per
1720 3404 1931 3443 manus
1956 3403 2043 3442 re-

390 3475 794 3532 verendissimi
827 3475 1034 3531 Leonis
1065 3475 1366 3548 apostolici
1406 3477 1817 3548 imperatorem
1850 3477 2042 3532 Romae

392 3569 816 3630 consecratum,
840 3582 992 3620 anno
1027 3565 1188 3636 regni
1219 3565 1347 3634 ejus
1379 3564 1676 3620 tricesimo
1702 3571 1929 3637 quarto,
1955 3582 2045 3620 ca-

362 3653 606 3712 .tholica
635 3655 874 3726 Europae
904 3653 1228 3709 consistens
1260 3653 1471 3710 Christi
1524 3660 1798 3710 venerata
1829 3655 2046 3728 pariter

394 3746 450 3797 et
481 3741 911 3814 gratulabunda
940 3742 1199 3814 suscepit
1227 3742 1502 3798 Ecclesia.
1522 3743 1580 3798 Si
1605 3743 1843 3814 quidem
1864 3743 2044 3816 impe-

395 3829 558 3886 rialis
590 3834 864 3902 potestas,
897 3848 1025 3903 quae
1056 3836 1189 3903 post
1225 3831 1673 3886 Constantinum
1707 3832 2043 3904 piissimum

389 3921 720 3991 Augustum
753 3921 908 3993 apud
937 3920 1165 3976 Graecos
1194 3920 1254 3975 in
1286 3919 1929 3990 Constantinopolitana
1949 3921 2046 3976 ha-

390 4013 596 4065 ctenus
622 4013 962 4081 regnaverat
993 4010 1150 4077 sede,
1174 4026 1310 4066 cum
1332 4008 1736 4065 deficientibus
1753 4009 1878 4078 jam
1898 4007 2042 4064 inibi

386 4096 528 4151 viris
560 4097 770 4171 regalis
801 4098 1375 4171 prosapiaeJeminea
1397 4097 1583 4170 magis
1613 4097 1929 4154 directione
1953 4115 2044 4154 res

386 4185 900 4242 administraretur
928 4186 1196 4260 publica;
1220 4186 1583 4260 temporibus
1607 4187 1791 4260 ipsius
1815 4203 1915 4259 per
1934 4186 2045 4242 ele-

389 4274 642 4330 ctionem
677 4276 922 4331 Romani
958 4275 1174 4349 populi,
1222 4276 1280 4331 in
1330 4275 1586 4332 maximo
1634 4276 2041 4349 episcoporum

388 4362 758 4436 aliorumque
787 4363 887 4420 Dei
931 4381 1228 4421 servorum
1278 4363 1548 4433 concilio,
1583 4366 1654 4420 ad
1687 4366 2041 4420 Francorum

387 4451 743 4508 translatum
775 4457 864 4508 est
893 4453 1218 4509 dominium
1255 4472 1267 4510 :
1320 4453 1597 4526 quoniam
1643 4459 1700 4509 et
1726 4454 1850 4526 ipse
1880 4471 2043 4509 eam-

389 4539 521 4596 dem
552 4557 680 4613 quae
712 4545 887 4614 caput
914 4541 1145 4614 imperii
1177 4543 1386 4611 fuerat,
1406 4547 1464 4598 et
1490 4541 1706 4599 multas
1737 4542 1881 4599 alias
1902 4548 2042 4600 tunc

387 4628 446 4684 in
478 4629 616 4685 orbe
646 4631 950 4687 videbatur
979 4636 1172 4688 tenere
1192 4632 1542 4705 provincias,
1563 4633 1636 4688 ob
1657 4633 1812 4704 quod
1837 4638 1895 4688 et
1906 4634 2042 4705 jure

387 4716 651 4774 Caesarea
678 4719 894 4792 dignus
925 4725 1080 4777 esset
1109 4719 1520 4793 appellatione.
1566 4721 1807 4779 Praefato
1848 4722 2044 4796 itaque

389 4806 553 4879 regni
584 4807 713 4878 ejus
742 4811 1003 4880 tempore
1024 4826 1226 4865 servus
1249 4808 1349 4865 Dei
1371 4809 1737 4866 Willehadus
1755 4826 1858 4883 per
1877 4811 2043 4885 Wig-

385 4895 648 4951 modiam
679 4895 954 4954 ecclesias
983 4899 1156 4972 coepit
1187 4903 1543 4965 construere,
1576 4915 1642 4954 ac
1673 4900 2042 4974 presbyteros

385 5000 568 5056 super
596 5003 695 5043 eas
724 4987 1012 5055 ordinare,
1037 4988 1138 5060 qui
1160 4987 1340 5044 libere
1370 4987 1604 5061 populis
1634 4987 1843 5046 salutis
1864 5007 1928 5046 ac
1949 4991 2043 5046 ba-

387 5071 684 5143 ptismatis
713 5076 1043 5132 conferrent
1071 5077 1340 5149 gratiam.

462 5270 874 5354 (alPhilippus
905 5275 1072 5345 putat
1100 5289 1229 5354 esse
1259 5277 1508 5354 tr_a_ctu_m
1540 5273 1901 5354 illumtgans
1938 5275 2041 5330 Vi-

387 5345 628 5424 surgim;
643 5345 1019 5424 Saxonicum,
1041 5345 1140 5424 qui
1147 5345 1290 5424 jam
1302 5345 1675 5424 Verdensern
1682 5352 1739 5403 et
1770 5348 2041 5424 gramen:

388 5427 516 5468 sem
539 5416 910 5487 episcopatus
927 5416 1120 5473 habet.
1141 5416 1417 5473 Coaferdi
1465 5417 1622 5473 loma
1637 5417 1824 5476 Caroli
1847 5419 2040 5491 Magni

389 5500 590 5559 supra.
623 5487 775 5558 (Vide
805 5490 1136 5559 Patrologiae
1165 5497 1274 5545 tom
1301 5435 1521 5559 Χσνῗι.)

389 5500 456 5538 su
509 5502 590 5540 ra.
623 5487 775 5558 (Vide
805 5490 1136 5560 Patrologiae
1165 5497 1274 5545 tom
1301 5487 1521 5559 XCVII.)
1947 5487 1973 5491 ⁷

463 5502 736 5641 fma-uno
759 5561 972 5641 780Jid
1032 5563 1208 5641 refert
1236 5560 1634 5641 Eginhardus,
1649 5561 1758 5641 _qui
1791 5564 2044 5618 omnium

388 5629 749 5687 orientalium
763 5634 1009 5704 partium
1029 5634 1268 5696 Savones
1285 5629 1372 5707 ait
1391 5631 1590 5692 Carolo
1613 5629 1822 5709 Magno
1843 5650 2042 5704 occur-

1309 330 1413 392 DE
1455 329 1641 392 VITA
1687 327 1786 388 E'l‘
1831 321 2253 386 MIRACULIS
2299 323 2364 384 S.
2412 313 2882 384 WILLEHADI.

3648 303 3804 375 i018

2151 563 2432 636 Quomodo
2489 562 2786 619 Widikindi
2833 561 3264 634 persecutionem
3303 557 3532 631 fugerit,
3576 562 3628 613 et
3671 551 3805 628 quid

2663 653 2800 708 socii
2823 652 2940 723 ejus
2968 651 3118 723 passi
3145 649 3275 705 sint.

2221 760 2435 816 Verum
2469 760 2735 832 sequenti
2781 775 2955 823 anno,
2989 756 3306 829 instigante
3347 752 3577 808 diabolo
3619 751 3802 810 totius

2150 849 2286 904 boni
2334 848 2549 913 invido,
2602 849 2842 922 quidam
2887 844 3107 903 exstitit
3152 841 3528 916 perversioris
3575 839 3803 896 consilii

2151 937 2552 1006 Widikindus,
2577 938 2678 1010 qui
2702 936 2978 995 rebellare
3003 937 3204 990 contra
3235 947 3428 1003 regem
3456 929 3620 984 visus
3640 928 3807 984 Caro~

2151 1025 2559 1092 lum,multam
2582 1043 2779 1083 secum
2803 1027 3096 1082 Saxonum
3129 1019 3570 1078 multitudinem
3601 1032 3803 1090 aggre-

2135 1116 2308 1188 gavit
2341 1116 2477 1188 :qui
2511 1116 2689 1172 etiam
2721 1115 3078 1171 unanimiter
3103 1128 3202 1168 eos
3233 1108 3332 1182 qui
3363 1108 3419 1163 in
3453 1107 3566 1163 ﬁde
3588 1105 3806 1162 Christi

2151 1204 2391 1260 stabiles
2413 1204 2763 1260 videbantur
2792 1202 3060 1276 persequi
3092 1216 3158 1256 ac
3177 1198 3416 1272 punire;
3447 1212 3642 1252 servos
3659 1210 3803 1265 quo-

2150 1311 2263 1366 que
2290 1293 2388 1349 Dei
2423 1309 2525 1366 per
2552 1293 2680 1350 loca
2701 1309 2946 1365 quasque
2967 1293 3243 1364 vagantes
3265 1288 3805 1359 dispergere,atque

2151 1400 2186 1439 a
2214 1383 2434 1439 ﬁnibus
2463 1383 2588 1438 suis
2618 1383 2873 1454 eﬂ'ugare
2904 1383 3218 1453 coeperunt.
3253 1379 3378 1442 Qua
3405 1371 3806 1448 persecutione

2151 1477 2443 1528 commota
2466 1487 2696 1526 servum
2716 1471 2816 1526 Dei
2835 1469 3099 1542 contigit,
3119 1467 3440 1524 secundum
3461 1463 3801 1518 mandatum

2152 1560 2382 1616 Domini
2415 1559 2801 1634 praecipientis
2835 1577 2847 1615 :
2881 1559 2944 1615 Si
2969 1575 3059 1614 vos
3087 1557 3356 1630 persecuti
3381 1554 3593 1626 fuerint
3611 1553 3672 1607 in
3691 1566 3806 1605 una

2149 1652 2390 1717 civitate,
2419 1652 2602 1723 fugite
2631 1652 2693 1705 in
2721 1651 2896 1705 aliam
2936 1648 3158 1720 (Matth.
3190 1662 3244 1713 x,
3280 1646 3366 1714 15)
3393 1660 3406 1711 ;
3441 1643 3512 1698 de
3539 1639 3804 1712 “’igmo-

2151 1739 2251 1793 dia
2279 1739 2528 1794 transire
2551 1739 2610 1794 in
2644 1740 2908 1797 Utriustri
2936 1738 3150 1809 [Corb.,
3177 1734 3388 1804 Utristi]
3412 1750 3426 1800 ;
3452 1731 3652 1802 ibique
3671 1744 3808 1784 con-

2070 1831 2114 1895 B
2147 1827 2436 1882 scandens
2468 1828 2683 1894 navim,
2704 1843 2865 1883 mare
2895 1827 3049 1882 circa
3079 1823 3336 1881 Fresiam
3365 1815 3802 1877 transfretavit:

2150 1915 2374 1988 sicque,
2425 1915 2748 1988 opitulante
2802 1915 3010 1971 Christi
3071 1913 3275 1987 gratia,
3338 1906 3804 1984 persecutionem

2148 2021 2352 2060 eorum
2366 2005 2750 2061 evasit.Porro
2764 2005 3018 2060 Saxones
3031 2001 3538 2068 crudelitatem,qu
3546 2012 3640 2051 am
3653 1993 3808 2050 circa

2150 2094 2500 2166 magistrum
2524 2094 2925 2165 nequiverant,
2944 2093 3002 2147 in
3024 2089 3347 2164 discipulos
3365 2086 3556 2160 ipsius
3576 2083 3809 2139 exarde-

2150 2187 2349 2238 scente
2379 2183 2464 2238 ira
2494 2183 2810 2239 ferventius
2830 2184 3233 2238 exercuerunt.
3257 2176 3557 2250 Siquidem
3580 2170 3808 2229 Folcar-

2151 2271 2294 2326 dum
2350 2271 2754 2344 presbyterum
2803 2287 2938 2327 cum
2990 2267 3294 2340 Emmingo
3326 2265 3537 2321 comite
3567 2262 3625 2317 in
3656 2275 3805 2334 pago

2152 2358 2528 2415 denominato
2561 2358 2709 2426 Leri,
2744 2357 3048 2432 Benjamin
3095 2361 3291 2414 autem
3323 2355 3383 2410 in
3432 2347 3806 2414 Cibhriustri,

2152 2448 2509 2503 Atrebanum
2532 2465 2664 2504 vero
2686 2448 2963 2504 clericum
2982 2449 3041 2504 in
3065 2441 3808 2515 Thiatmaresgao,Gerwa-

2153 2535 2274 2592 lum
2305 2553 2539 2609 quoque
2561 2555 2696 2593 cum
2727 2536 2902 2595 sociis
2925 2537 3049 2594 suis
3071 2535 3129 2591 in
3154 2529 3527 2600 Brema,odio
3549 2525 3808 2585 nominis

2153 2625 2470 2681 Christiani
2519 2625 2711 2697 gladio
2761 2629 3154 2699 peremerunt.
3188 2625 3254 2680 Et
3284 2622 3432 2694 ipsis
3457 2619 3694 2692 quidem
3727 2615 3811 2671 ita

2155 2715 2226 2770 ad
2251 2731 2426 2788 regna
2449 2713 2704 2772 ccelestia
2733 2714 3014 2770 effusione
3045 2711 3262 2786 proprii
3293 2708 3604 2781 sanguinis
3631 2703 3812 2761 felici-

2153 2808 2240 2860 ter
2261 2805 2533 2870 evocatis,
2569 2803 2992 2877 persecutionis
3037 2808 3233 2859 tamen
3285 2797 3536 2873 procella
3582 2793 3807 2851 diutius

2155 2895 2529 2966 postmodum
2563 2893 2982 2966 rebellantibus
3013 2891 3250 2947 desaevit
3267 2885 3623 2946 Saxonibus.

2785 2999 3018 3055 CAPUT
3056 2997 3177 3052 VII.

2156 3107 2445 3176 Quomodo,
2476 3106 2708 3162 durante
2733 3106 3118 3177 persecutione,
3164 3105 3387 3160 Romam
3411 3103 3683 3174 profectus
3710 3102 3802 3164 sit,

2631 3204 2682 3250 et
2712 3197 2776 3250 in
2802 3197 3050 3254 Fresiam
3078 3193 3324 3252 redierit.

2223 3303 2344 3368 Quo
2376 3302 2524 3358 facto
2557 3300 2645 3354 vir
2692 3300 2792 3356 Dei
2843 3316 3200 3372 cognoscens
3247 3296 3472 3354 nullam
3520 3295 3630 3351 sibi
3665 3299 3804 3351 tunc

2153 3391 2432 3465 temporis
2459 3389 2813 3462 praedicandi
2835 3387 3324 3462 opportunitatem
3356 3387 3803 3458 inesse,arrepto

2153 3479 2378 3547 itinere,
2401 3479 2714 3552 Pippinum
2749 3479 3264 3552 Langobardorum
3297 3493 3490 3550 regem
3525 3473 3802 3542 adiit,sic-

2153 3587 2266 3642 que
2282 3585 2558 3642 prospero
2569 3585 2745 3624 cursu
2762 3569 3005 3624 Romam
3025 3567 3312 3639 pervenit:
3334 3566 3431 3622 ubi
3451 3565 3802 3632 consistens,

2153 3657 2356 3714 multis
2373 3657 2649 3731 lacrymis
2664 3663 2722 3714 et
2741 3656 3010 3730 precibus
3031 3657 3102 3711 ad
3125 3656 3320 3712 sedem
3341 3653 3802 3712 sacratissimam

2153 3748 2307 3805 beati
2347 3749 2496 3804 Petri
2530 3747 2929 3821 apostolorum
2977 3746 3262 3820 principis
3311 3762 3373 3800 se
3417 3748 3804 3815 cunctamque

2154 3837 2419 3893 ﬁdelium
2478 3843 2733 3894 turmam
2768 3837 3006 3894 sedulus
3036 3853 3104 3892 ac
3134 3836 3378 3891 devotus
3407 3833 3614 3888 divinae
3645 3847 3802 3888 com-

2154 3927 2471 3981 mendabat
2489 3925 2843 3993 clementia;
2876 3926 3009 3982 illos
3039 3926 3349 3998 praecipue,
3383 3939 3633 3996 quorum
3667 3937 3808 3977 cura

2154 4014 2406 4068 maxime
2435 4013 2595 4068 cordi
2627 4018 2770 4080 erat,
2804 4030 2875 4068 ne
2907 4014 3102 4068 forsan
3135 4015 3407 4083 suscepta
3449 4012 3508 4064 in
3539 4010 3805 4082 partibus

2153 4101 2414 4157 Saxonica
2446 4101 2856 4158 Christianitas
2887 4101 3320 4156 machinatione
3351 4098 3639 4154 diabolica
3666 4102 3805 4153 tunc

2151 4189 2387 4263 penitus
2420 4187 2996 4245 annullaretur.lnde
3027 4192 3222 4243 autem
3255 4186 3648 4250 discedens,et
3666 4201 3803 4240 con-

2151 4278 2435 4336 solatione
2461 4276 2808 4334 venerabilis
2840 4293 3000 4349 papae
3029 4274 3268 4332 Adriani
3291 4291 3405 4330 non
3429 4273 3655 4329 modice
3675 4289 3803 4329 cor-

2151 4368 2461 4424 roboratus
2493 4382 2696 4422 servus
2730 4365 2848 4432 Dei,
2881 4366 3144 4437 gaudens
3173 4363 3488 4437 repedabat
3515 4360 3574 4417 in
3624 4361 3801 4416 Fran-

2151 4456 2322 4513 ciam.
2343 4459 2465 4523 Quo
2494 4455 2698 4511 itinere
2729 4455 2971 4528 contigit
2999 4454 3260 4514 divinam
3291 4453 3349 4507 in
3380 4468 3445 4508 eo
3467 4451 3642 4507 etiam
3665 4465 3800 4523 ope-

2074 4569 2119 4631 D
2152 4551 2337 4604 ratam
2369 4546 2549 4602 fuisse
2595 4545 2888 4602 virtutem.
2934 4544 3197 4618 Namque
3239 4541 3509 4598 minister
3537 4539 3647 4596 viri
3675 4537 3798 4606 Dei,

2149 4635 2429 4693 vocabulo
2478 4634 2644 4706 Aldo,
2675 4633 2776 4706 qui
2826 4633 3105 4689 alimenta
3133 4632 3480 4704 procurabat
3511 4628 3798 4702 magistri,

2152 4725 2468 4798 quamdam
2488 4723 2742 4779 habebat
2759 4727 3030 4796 patenam
3051 4721 3462 4795 ligneam,qua
3484 4717 3654 4790 vulgo
3676 4734 3804 4774 scu-

2150 4813 2288 4870 tella
2316 4819 2572 4879 vocatur,
2595 4829 2773 4884 quam
2792 4812 3014 4886 jugiter
3040 4811 3323 4872 mundam
3355 4825 3420 4865 ac
3449 4807 3694 4863 nitidam
3723 4806 3799 4868 ad

2153 4917 2420 4959 mensam
2451 4902 2640 4976 ipsius
2669 4919 2864 4958 coram
2895 4919 2961 4957 eo
2993 4916 3204 4974 ponere
3231 4897 3438 4956 solitus
3463 4899 3605 4964 erat,
3620 4911 3799 4968 quam

2153 4993 2426 5065 praefatus
2457 4991 2726 5048 minister
2745 4991 2998 5063 quodam
3022 4990 3114 5047 die
3133 5005 3273 5045 casu
3299 4989 3543 5044 fractam
3565 4984 3796 5058 reperit.

2152 5083 2436 5153 Tempore
2469 5079 2666 5151 itaque
2695 5079 3025 5137 refectionis
3055 5095 3188 5134 cum
3217 5093 3347 5133 eam
3376 5076 3463 5131 vir
3491 5076 3596 5132 Dei
3613 5075 3801 5149 requi-

2151 5277 2298 5333 risse
2329 5277 2398 5332 ad
2428 5277 2695 5333 Obacrum
2720 5277 2974 5348 ﬂuvium,
3005 5275 3102 5330 ubi
3128 5274 3378 5348 maxime
3422 5287 3618 5348 eorum
3651 5271 3800 5348 mul-

2151 5349 2322 5404 titudo
2353 5350 2409 5403 in
2455 5349 2566 5403 loco
2596 5350 2692 5420 qui
2720 5343 2989 5420 'Horheim
3026 5347 3352 5420 appellatur,
3384 5345 3546 5401 solita
3569 5343 3798 5420 simula:

2151 5422 2295 5476 tione
2325 5413 2842 5490 baptizata'dicitur
2875 5437 2887 5473 :
2921 5435 3036 5473 non
3061 5413 3225 5488 quod
3257 5433 3482 5490 omnes,
3512 5413 3798 5490 sedquod

2153 5490 2320 5547 exiis
2355 5485 2523 5546 multi
2579 5490 2942 5562 baptismum
2991 5485 3121 5562 ﬁcte
3171 5487 3566 5562 susceperint;
3603 5485 3802 5562 Exstat

2152 5562 2330 5636 huius
2360 5553 3229 5636 argumenfilepistolaAdriani
3253 5553 3411 5636 pars
3433 5553 3798 5636 Ψὲᾩαηρξιξιξι

2150 5625 2660 5709 Μθῖεηυτῐινοι-ὰὶιιθ
2689 5625 2775 5690 80“
2803 5633 2861 5689 in
2890 5633 3088 5694 codice
3136 5625 3404 5693 Carolina
3434 5627 3585 5699 (Vide
3617 5625 3797 5696 ibid).
