4026 6180
335 345 488 406 4021

1257 348 1358 409 DE
1400 347 1586 409 VITA
1630 350 1730 411 ET
1775 349 2196 413 MIRACULIS
2239 348 2301 411 S.
2351 349 2823 414 WILLEHADI.

3593 348 3748 415 1822

329 483 456 537 erat
487 478 656 554 panis
687 481 744 534 et
775 477 910 548 mel,
942 477 1100 536 olera
1127 484 1185 537 et
1211 498 1404 553 poma.
1444 481 1707 557 Namque
1757 483 1830 541 ab
1881 501 1982 541 esu
2015 485 2069 552 Α
2099 501 2230 540 rum
2262 487 2456 557 pateat
2486 484 2783 542 morsibus
2805 483 3200 555 devorandus;
3225 485 3344 544 noli
3367 503 3474 544 nos
3492 485 3748 546 humiles

330 569 622 635 carnium,
657 585 690 624 a
719 567 865 624 lacte
894 573 953 624 et
981 570 1243 642 piscibus
1273 575 1660 644 temperabat:
1694 573 1807 630 nisi
1833 576 1988 647 quod

330 662 694 715 memoratus
710 658 1068 730 apostolicus
1082 660 1374 716 Adrianus
1388 661 1438 717 ei
1453 663 1579 734 jam
1594 663 1652 718 in
1672 664 1988 720 novissimo

330 751 571 820 propter
600 746 978 817 valitudines,
1011 765 1158 820 quas
1191 749 1249 804 in
1300 766 1537 823 corpore
1565 751 1848 808 tolerabat
1879 754 1988 810 fre-

331 839 602 908 quentes,
652 853 766 908 quo
816 837 1038 908 piscem
1087 839 1415 894 comederet
1463 841 1768 913 praecepit:
1819 844 1990 914 cujus

333 925 668 982 auctoritati
686 925 810 998 ipse
830 925 1576 999 obtemperans,paululum
1591 928 1990 1003 indulgentius

331 1014 392 1070 in
414 1015 524 1070 hac
546 1019 710 1087 parte
751 1030 922 1087 agere
963 1015 1154 1087 ccepit.
1179 1016 1459 1072 Praeterea
1488 1017 1687 1074 nullus
1719 1019 1835 1074 fere
1867 1018 1991 1076 dies

332 1103 590 1172 transiit,
605 1121 721 1177 quo
740 1120 857 1159 non
879 1121 1046 1160 sacra
1067 1105 1383 1161 missarum
1408 1106 1695 1162 solemnia
1718 1125 1851 1164 cum
1875 1126 1994 1164 ma-

333 1211 450 1267 gno
481 1193 618 1249 fletu
653 1210 720 1248 ac
750 1192 1098 1249 contritione
1129 1194 1320 1252 cordis
1355 1195 1690 1254 celebraret.
1728 1199 1991 1256 Intentus

335 1288 460 1339 erat
482 1283 707 1355 jugiter
752 1281 989 1338 lectioni
1021 1288 1194 1356 atque
1226 1284 1589 1341 meditationi
1642 1292 1854 1344 sancte:
1887 1291 1989 1346 do-

331 1371 556 1438 ctrinm,
588 1370 927 1443 psalmodiaa
959 1389 1193 1445 quoque
1213 1374 1428 1445 pariter
1449 1375 1880 1434 studiosissime
1900 1378 1988 1434 in-

331 1459 700 1533 vigilans,ita
729 1465 795 1516 ut
816 1477 960 1533 pene
991 1461 1249 1534 quotidie
1271 1461 1637 1535 psalterium,
1669 1465 1988 1539 aliquando

328 1548 506 1605 etiam
540 1549 656 1605 duo
685 1549 773 1606 vel
805 1549 918 1606 tria
946 1551 1302 1608 decantaret.
1346 1552 1447 1609 His
1498 1552 1698 1626 itaque
1751 1559 1808 1612 et
1857 1556 1987 1613 aliis

329 1640 621 1694 bonorum
635 1648 878 1712 o‘perum
891 1639 1180 1696 exercitiis
1197 1639 1285 1695 vir
1298 1642 1391 1697 Dei
1407 1643 1986 1718 suﬂ‘ultus,magnam

329 1727 564 1800 populis
586 1727 644 1782 in
671 1729 890 1784 suimet
906 1729 1292 1786 ostentatione
1313 1731 1562 1804 gratiam
1585 1733 1817 1789 Domini
1843 1751 1986 1807 pras-

328 1817 610 1873 tendebat
635 1835 647 1872 :
682 1817 881 1889 sicque
911 1817 1176 1874 doctrina
1206 1820 1334 1890 ejus
1366 1819 1582 1893 duplici
1607 1822 1986 1895 przefulgebat

329 1905 589 1975 oraculo,
639 1907 781 1961 dum
841 1907 994 1978 quod
1053 1908 1408 1980 praedicabat
1447 1926 1566 1978 ore,
1599 1913 1985 1968 conﬁrmabat

334 1994 622 2068 exemplo.
645 1995 1018 2052 Pertransivit
1049 1997 1246 2069 itaque
1279 1997 1335 2052 in
1369 1998 1612 2055 circuitu
1639 2018 1756 2055 sum
1783 2000 1985 2057 dicace-

334 2084 419 2138 sis
443 2085 530 2139 vir
547 2083 654 2139 iste
667 2085 890 2151 beatus,
907 2086 1262 2142 confirmans
1282 2086 1562 2160 populum
1585 2088 1981 2144 Christianum

330 2171 430 2244 qui
466 2171 606 2226 olim
637 2173 964 2245 baptizatus
996 2175 1202 2243 fuerat,
1237 2178 1294 2230 et
1336 2175 1762 2249 praedicationis
1809 2179 1982 2234 verbo

333 2260 655 2317 multorum
675 2263 746 2317 ad
768 2261 917 2318 viam
938 2262 1145 2318 salutis
1167 2265 1488 2320 errantium
1512 2267 1688 2322 corda
1708 2282 1984 2339 compun-

329 2367 494 2423 gens.
523 2350 842 2407 Ediﬁcavit
875 2369 1108 2425 quoque
1140 2354 1380 2408 domum
1404 2354 1504 2409 Dei
1532 2355 1692 2410 mirae
1727 2355 1983 2427 pulchri-

329 2439 556 2495 tudinis
589 2440 648 2495 in
671 2439 796 2496 loco
818 2439 919 2512 qui
942 2440 1155 2496 dicitur
1181 2442 1407 2507 Brema,
1434 2443 1532 2497 ubi
1559 2447 1614 2498 et
1635 2445 1831 2500 sedem
1855 2461 1983 2502 esse

330 2528 638 2584 constituit
685 2528 1098 2602 episc0palem,
1134 2546 1198 2584 ac
1231 2531 1520 2587 dedicavit
1549 2549 1674 2588 eam
1706 2533 1981 2591 Kalendis

332 2617 699 2686 Novembris,
719 2618 813 2674 die
829 2619 905 2690 (a)
928 2618 1249 2684 Dominico,
1270 2619 1326 2674 in
1344 2619 1624 2677 honorem
1640 2622 1869 2679 Domini
1886 2641 1983 2680 no-

329 2706 433 2760 stri
466 2706 608 2762 Jesu
630 2705 868 2778 Christi,
899 2708 1012 2763 sub
1041 2706 1406 2765 invocatione
1438 2710 1624 2766 sancti
1655 2711 1806 2767 Petri
1843 2728 1979 2784 apo-

328 2793 485 2851 stoli.

988 2903 1220 2960 CAPUT
1248 2905 1314 2960 X.

331 3011 602 3080 Quomodo
634 3013 690 3066 in
725 3013 948 3068 Plemem
998 3013 1069 3084 (b)
1101 3014 1452 3082 aegrotaverit
1494 3022 1545 3070 et
1591 3023 1837 3072 mortuus
1882 3019 1978 3084 sit,

793 3086 1005 3156 Brema?
1033 3093 1215 3140 autem
1255 3085 1515 3156 sepultus.

398 3190 535 3245 Post
554 3189 677 3245 haec
697 3206 830 3246 vero
851 3205 984 3245 cum
1009 3190 1202 3246 studio
1217 3190 1323 3264 pia:
1342 3190 1682 3248 intentionis
1705 3198 1976 3252 cunctam

325 3277 386 3334 in
421 3278 667 3334 circuitu
715 3278 1094 3352 perlustraret
1123 3279 1480 3352 parochiam,
1527 3298 1593 3337 ac
1652 3283 1866 3340 docens
1913 3302 1981 3341 ea

325 3383 454 3439 quae
477 3367 577 3422 Dei
603 3371 739 3423 sunt
769 3367 1056 3441 plurimos
1094 3367 1154 3424 in
1185 3370 1298 3425 ﬁde
1328 3371 1744 3439 corroboraret,
1779 3390 1978 3446 perve-

325 3456 416 3511 nit
440 3456 511 3511 ad
545 3455 732 3512 locum
756 3457 856 3529 qui
880 3457 1096 3513 dicitur
1116 3459 1525 3526 Pleccatesfwm,
1563 3460 1761 3532 ibique
1792 3464 1979 3518 consi-

323 3547 510 3612 stens,
543 3544 703 3616 gravi
744 3545 917 3618 ccepit
963 3546 1223 3618 corporis
1255 3546 1412 3602 febre
1440 3548 1651 3616 vexari,
1687 3552 1744 3604 et
1771 3551 1841 3606 de
1885 3551 1977 3608 die

320 3630 380 3686 in
414 3632 572 3686 diem
603 3632 849 3706 languor
878 3635 1173 3690 crescebat
1202 3635 1584 3704 fortissimus,
1617 3636 1698 3693 ita
1737 3643 1802 3693 ut
1841 3657 1976 3695 cum

324 3737 391 3775 eo
421 3720 596 3791 positi
640 3721 910 3794 discipuli
956 3721 1116 3778 illius
1149 3723 1219 3778 de
1249 3722 1365 3778 vita
1394 3726 1521 3795 ejus
1553 3724 1826 3783 ulteriore
1848 3729 1975 3800 jam

326 3809 634 3881 desperare
664 3811 992 3884 ccepissent.
1027 3815 1285 3877 Quorum
1320 3830 1494 3879 unus,
1529 3815 1630 3885 qui
1657 3816 1824 3872 beato
1855 3818 1976 3874 viro

321 3897 472 3954 forte
498 3897 845 3955 familiarius
864 3899 1021 3972 loqui
1041 3900 1286 3968 solebat,
1311 3901 1548 3958 nomine
1567 3903 1980 3976 Egisriki[Phi-

320 3988 490 4059 lippo,
514 3987 788 4059 Egisrik],
809 3990 1089 4045 accedens
1111 3990 1181 4044 ad
1206 4006 1362 4057 eum,
1387 3991 1553 4062 quasi
1576 3992 1647 4048 de
1664 3993 1822 4049 obitu
1847 3995 1975 4066 ejus

318 4075 709 4147 trepidatione
758 4082 1103 4144 metuerent,
1139 4079 1188 4134 ei
1222 4077 1677 4152 lacrymabiliter
1705 4099 1771 4138 ac
1819 4099 1972 4155 quee-

320 4169 526 4220 stuose
555 4164 846 4234 innotuit;
880 4165 1176 4224 intentans
1207 4169 1384 4223 etiam
1415 4168 1602 4240 plebis
1645 4171 1974 4227 commissae

322 4253 764 4310 destitutionem
796 4256 1114 4311 admodum
1148 4256 1559 4329 periculosam,
1592 4276 1718 4330 quae
1742 4261 1850 4315 sub
1872 4277 1974 4332 pa-

317 4340 498 4398 storis
532 4341 815 4414 rcgimine
860 4348 1002 4400 tunc
1033 4345 1268 4400 tandem
1299 4345 1493 4402 divino
1538 4346 1723 4402 cultui
1772 4365 1974 4420 parere

315 4430 689 4486 videbantur.
713 4430 862 4499 Noli,
898 4433 1111 4504 inquit,
1146 4435 1475 4489 venerande
1508 4436 1799 4503 sacerdos,
1825 4454 1973 4509 quos

315 4526 506 4592 nuper
555 4519 804 4576 Domino
835 4521 1161 4593 acquisisti,
1196 4525 1317 4576 tam
1352 4521 1464 4578 cito
1513 4523 1811 4592 deserere;
1853 4525 1971 4581 noli

312 4608 602 4680 populum
632 4608 718 4665 vel
743 4592 960 4666 elerum
979 4614 1081 4666 tuo
1101 4610 1295 4666 studio
1313 4617 1690 4685 aggregatum
1710 4616 1827 4669 tam
1853 4630 1974 4669 ma-
2005 4592 2047 4657 D

312 4701 443 4753 ture
467 4695 818 4770 relinquere,
843 4716 915 4755 ne
935 4715 1076 4772 grex
1104 4699 1297 4756 adhuc
1322 4699 1382 4755 in
1401 4700 1513 4756 ﬁde
1529 4701 1778 4758 tenellus
1801 4702 1968 4775 lupo-

305 4855 469 4984 άίἔαὲ
492 4858 660 4984 21138ῗο
679 4857 925 4930 proinde
942 4859 1198 4932 789,{qui
1214 4859 1408 4917 littera
1421 4860 1766 4918 Dominicali
1779 4866 1974 4936 Dprae-

397 4945 434 4982 u
633 4971 646 4983 .

351 4944 469 4984 ιιυε
499 4944 646 4984 erat.

380 4999 459 5070 (b)
481 4999 547 5055 In
571 5003 730 5057 textu
750 5001 1133 5058 Plecawshem.
1159 5002 1382 5059 Adamo
1400 5003 1461 5058 in
1476 5003 1612 5059 villa
1627 5005 1970 5063 Pleccazzem

305 5084 433 5142 qua?
458 5071 567 5146 sita
618 5080 694 5146 est
743 5074 804 5129 in
850 5075 1083 5130 Rustris.
1127 5073 1576 5146 Suriushedidit
1618 5077 1967 5146 Bleckensee,

306 5141 468 5222 iique
489 5141 617 5222 loco
644 5142 822 5200 haeret
838 5161 1055 5222 nomen
1085 5146 1329 5202 Plexem.
1349 5144 1418 5200 Et
1438 5150 1526 5222 est
1547 5145 1642 5222 ibi_
1650 5147 1708 5202 in
1731 5141 1968 5222 Visurgi

304 5211 464 5270 infra
489 5214 764 5296 Aremam
785 5220 858 5298 et
873 5232 1090 5298 novum
1115 5221 1585 5298 eorum‘portunl
1597 5219 1862 5288 Fegesack
1884 5211 1968 5277 sc-

301 5300 448 5340 cura
478 5285 716 5342 navium
748 5287 946 5356 statio,
981 5287 1175 5359 inquit
1205 5285 1362 5344 Phili
1403 5305 1515 5360 pus
1547 5285 1755 5346 Caesar.

372 5357 448 5415 (ε)
468 5358 636 5413 Anno
666 5358 870 5415 eodem
889 5359 1017 5415 789.
1035 5363 1168 5415 post
1183 5363 1315 5415 octo
1342 5306 1466 5415 dies
1489 5376 1667 5415 uuam
1695 5361 1755 5415 Βι

372 5357 448 5425 (c)
468 5358 636 5432 Anno
659 5358 870 5432 eodem
889 5359 1017 5432 7,89,
1035 5357 1168 5432 post
1183 5363 1315 5415 octo
1342 5357 1466 5416 dies
1489 5376 1667 5432 quam
1695 5361 1965 5418 Bremen-

299 5443 430 5503 sem
453 5427 776 5503 ecclesiam
799 5427 1188 5503 dedicaverat,
1213 5447 1393 5503 supra
1416 5427 1541 5503 cap.
1566 5433 1620 5486 9.
1645 5432 1854 5488 Confer
1875 5451 1965 5489 ca-

342 5502 410 5554 ut
444 5501 468 5553 1
505 5499 643 5556 libri
667 5501 737 5556 de
759 5501 1078 5559 Miraculis.
1103 5503 1172 5558 Et
1191 5499 1387 5558 tamen
1419 5499 1615 5559 in'ms.
1641 5503 1960 5561 Choronico

343 5570 588 5647 agonja
618 5572 974 5647 ejus_obitus
1010 5573 1312 5647 reponitur
1339 5591 1490 5647 anno
1520 5576 1647 5629 790.

373 5641 448 5717 (ά)
474 5641 698 5718 Corpus
719 5643 868 5716 ejus,
891 5641 1094 5721 inquit
1104 5646 1386 5716 Adamus,
1407 5646 1676 5721 Bremam
1695 5646 1960 5720 deporta-

2097 572 2408 630 clientulos
2441 578 2550 629 tuae
2581 575 2912 630 sanctitatis
2943 575 3288 632 defraudare
3315 577 3641 649 praesentia,
3676 593 3750 634 ne

2096 663 2419 729 videamur,
2455 663 2606 719 sicut
2635 681 2768 720 oves
2797 681 2914 719 non
2944 664 3229 720 habentes
3250 673 3562 737 pastorem,
3596 684 3749 724 erra-

2097 751 2281 806 bundi
2310 751 2527 825 vagari.
2559 752 2663 808 Cui
2695 753 2899 809 beatus
2949 753 3035 808 vir
3074 753 3130 808 in
3194 754 3316 809 haec
3365 760 3748 827 compunctus

2101 841 2273 896 verba
2295 842 2595 913 respondit
2618 858 2631 896 :
2657 841 2809 911 Noli,
2833 841 2912 897 ﬁli
2936 842 3038 910 mi,
3065 859 3157 898 me
3179 860 3213 899 a
3234 844 3466 899 Domini
3493 844 3602 899 mei
3627 845 3751 900 diu-

2099 929 2216 985 tius
2247 947 2484 986 avocare
2511 936 2850 1003 conspectu,
2883 930 2998 986 noli
3034 931 3179 986 mihi
3213 931 3554 1003 temporalis
3581 931 3751 988 mole-

2100 1017 2273 1074 stiam
2304 1019 2432 1073 vita;
2464 1019 2815 1091 quaastuosis
2845 1019 3182 1091 depromere
3211 1019 3484 1076 vocibus:
3521 1036 3627 1076 nec
3655 1019 3750 1076 hic

2099 1104 2332 1179 longius
2355 1106 2540 1163 vivere
2563 1112 2792 1180 appeto,
2817 1123 2921 1163 nec
2945 1107 3091 1163 mori
3117 1107 3492 1180 pertimesco;
3517 1112 3750 1165 tantum

2099 1195 2283 1250 Deum
2332 1212 2551 1264 meum,
2586 1212 2761 1268 quem
2792 1199 2914 1252 toto
2945 1197 3118 1252 corde
3149 1213 3380 1270 semper
3409 1195 3603 1265 dilexi,
3655 1198 3750 1253 cui
3816 1233 3818 1235 ›

2099 1287 2222 1340 tota
2252 1283 2570 1340 intentione
2620 1285 2848 1353 servivi,
2882 1285 3102 1357 precari
3136 1285 3284 1352 volo,
3330 1290 3394 1341 ut
3424 1287 3749 1342 mercedem

2098 1373 2262 1428 bonae
2312 1373 2823 1441 remunerationis,
2856 1375 3088 1447 qualem
3121 1374 3232 1448 ipsi
3265 1374 3569 1447 placuerit,
3602 1374 3750 1430 mihi

2097 1478 2202 1533 pro
2240 1462 2541 1518 laboribus
2573 1463 2719 1520 meis
2750 1463 3006 1520 clemens
3056 1481 3121 1520 ac
3152 1463 3439 1537 propitius
3485 1465 3748 1520 conferre

2097 1549 2388 1623 dignetur.
2422 1551 2793 1623 Oveslautem
2827 1569 2972 1625 quas
2997 1553 3141 1609 mihi
3165 1553 3431 1619 credidit,
3452 1552 3564 1626 ipsi
3585 1557 3749 1609 tuen-

2097 1641 2203 1695 das
2233 1642 2536 1696 committo
2562 1660 2574 1697 :
2611 1643 2748 1720 quia
2779 1647 2836 1698 et
2869 1642 3013 1714 ipse,
3048 1643 3260 1714 siquid
3284 1642 3422 1698 boni
3442 1642 3631 1698 facere
3652 1658 3748 1714 po-

2093 1729 2201 1800 tui,
2227 1728 2385 1786 illius
2417 1731 2611 1802 potius
2642 1731 2852 1788 virtute
2883 1732 3100 1804 peregi.
3136 1732 3259 1788 Non
3293 1731 3474 1788 deerit
3492 1732 3620 1804 ejus
3641 1731 3749 1787 cle-

2095 1817 2334 1885 mentia,
2369 1820 2538 1891 cujus
2570 1819 2972 1876 misericordia
3000 1819 3192 1876 omnis
3224 1819 3398 1892 plena
3445 1824 3534 1876 est
3564 1824 3743 1876 terra.

2095 1906 2196 1961 Pia
2216 1923 2352 1980 ergo
2371 1907 2669 1963 devotione
2685 1908 2772 1963 vir
2791 1908 3022 1964 Domini
3045 1909 3186 1966 coelo
3211 1925 3444 1982 semper
3460 1909 3742 1978 intentus,

2093 2000 2149 2051 et
2179 1995 2457 2052 orationis
2490 2014 2608 2051 sua:
2642 1998 2712 2052 ad
2746 1997 2931 2053 Deum
2957 1997 3182 2070 jugiter
3211 2002 3339 2053 vota
3362 1999 3743 2070 praemittens,

2094 2088 2256 2140 sexto
2289 2086 2426 2140 Idus
2475 2086 2838 2152 Novembris,
2872 2087 2965 2142 die
3001 2086 3297 2142 Dominico
3322 2087 3409 2158 (ε),
3442 2091 3574 2158 post
3604 2085 3746 2142 solis

2093 2178 2307 2240 ortum,
2341 2175 2641 2230 confessor
2687 2175 2914 2230 Domini
2975 2176 3266 2246 pretiosus
3326 2175 3382 2229 in
3415 2173 3624 2231 Christi
3658 2191 3746 2229 re-

2092 2263 2311 2335 quievit
2342 2265 2595 2319 nomine.
2629 2265 2807 2335 Cujus
2848 2265 2918 2318 ad
2952 2263 3258 2335 exsequias
3288 2263 3455 2335 plebs
3486 2263 3745 2334 undique

2093 2354 2296 2408 devota
2326 2369 2656 2418 accurrens,
2681 2358 2904 2425 patrem
2929 2370 2993 2408 ac
3016 2353 3309 2408 doctorem
3334 2351 3744 2409 beatissimum

2093 2458 2227 2496 cum
2256 2441 2534 2497 laudibus
2565 2446 2621 2496 et
2651 2441 2885 2514 hymnis
2917 2443 2989 2497 ad
3022 2441 3220 2497 sedem
3260 2440 3556 2496 devehunt
3602 2441 3743 2498 Bre-

2092 2547 2354 2586 mensem
2378 2547 2390 2585 :
2425 2529 2623 2602 ibique
2645 2532 2780 2586 eum
2805 2532 2860 2584 in
2887 2529 3132 2585 basilica
3155 2546 3300 2585 nova
3319 2529 3398 2602 (d)
3419 2546 3596 2602 quam
3618 2529 3745 2602 ipse

2091 2619 2636 2687 aediﬁcaverat,cum
2660 2619 2879 2676 honore
2907 2624 2963 2674 et
2993 2619 3317 2674 reverentia
3337 2618 3628 2692 condigna
3658 2635 3745 2675 se-

2089 2707 2255 2779 pultu
2265 2725 2336 2763 ra:
2366 2706 2752 2764 tradiderunt.

2729 2814 2958 2871 CAPUT
2996 2815 3087 2871 XI.

2088 2921 2355 2976 Miracula
2401 2923 2548 2977 circa
2594 2938 2720 2977 eum
2768 2926 2887 2994 post
2928 2929 3154 2978 mortem
3201 2921 3336 2992 ejus,
3391 2922 3597 2976 tamin
3641 2938 3743 2978 sua.

2227 3009 2391 3066 quam
2423 2994 2596 3049 altera
2626 2996 2686 3049 in
2716 3010 2880 3065 quam
2905 2995 3205 3050 translatus
3235 2997 3315 3050 est
3346 2994 3594 3049 basilica.

2159 3101 2224 3152 In
2256 3115 2370 3170 quo
2402 3097 2525 3154 loco
2547 3097 2826 3165 multislet
2847 3098 3214 3155 evidentibus
3231 3115 3487 3172 persaepe
3503 3101 3742 3156 demon-

2092 3191 2344 3244 stratum
2377 3192 2464 3244 est
2494 3188 2680 3261 signis
2711 3189 2864 3260 quod
2903 3187 3086 3244 isdem
3111 3189 3317 3245 beatus
3347 3188 3436 3244 vir
3464 3206 3596 3245 vere
3625 3189 3738 3245 Do-

2093 3277 2234 3332 mini
2254 3277 2334 3332 sit
2367 3276 2534 3332 miles
2558 3276 2776 3333 electus
2801 3295 2813 3332 :
2850 3294 2976 3348 quae
3006 3281 3200 3333 tamen
3223 3277 3451 3333 incuria
3480 3282 3536 3332 et
3557 3277 3739 3350 negli-

2087 3366 2284 3439 gentia
2306 3366 2717 3438 przetermissa.
2739 3383 2855 3422 non
2873 3371 3012 3422 sunt
3033 3365 3242 3422 alicubi
3259 3355 3578 3439 descripta:
3604 3365 3740 3423 licet

2086 3471 2201 3510 non
2225 3454 2394 3526 pauci
2424 3455 2771 3510 exstiterunt
2800 3455 2899 3527 qui
2934 3472 2996 3510 se
3027 3455 3209 3511 scisse
3240 3456 3561 3511 faterentur
3589 3455 3734 3511 divi-

2085 3562 2220 3600 nam
2243 3545 2301 3599 in
2325 3546 2526 3600 eodem
2545 3543 2668 3600 loco
2682 3544 2918 3617 sazpius,
2933 3546 3307 3618 apparuissse
3319 3545 3733 3601 virtutem.Sed

2085 3638 2143 3688 et
2161 3635 2219 3689 in
2237 3624 2476 3690 alteram
2497 3637 2698 3706 postea
2714 3633 3034 3690 translatus
3053 3634 3176 3706 ipse
3197 3633 3496 3690 basilicam
3515 3633 3738 3706 (e)tem-

2087 3724 2328 3795 poribus
2359 3723 2718 3780 successoris
2740 3723 2926 3796 ipsius
2948 3723 3113 3779 bona:
3147 3723 3437 3779 memoriae
3459 3721 3737 3779 Willerici

2085 3812 2362 3885 episcopi,
2396 3830 2530 3868 cum
2583 3812 2726 3868 inibi
2759 3811 3112 3886 quamplura
3140 3813 3315 3868 etiam
3347 3828 3450 3884 per
3480 3812 3738 3868 divinam

2084 3902 2314 3956 dicatur
2343 3907 2616 3974 operatus
2647 3903 2995 3973 potentiam,
3029 3919 3144 3959 non
3173 3905 3313 3958 sunt
3340 3903 3412 3957 ab
3438 3901 3634 3973 aliquo
3659 3918 3742 3958 re-

2083 3989 2319 4044 condita
2336 3990 2787 4060 memoriamque?
2808 3990 3127 4045 multorum
3151 3989 3394 4045 assertio
3407 3990 3593 4045 veraci
3618 4007 3740 4062 pro-

2083 4079 2183 4134 bat
2212 4075 2452 4149 impleta
2481 4077 2785 4132 miraculo.
2814 4078 2940 4132 Non
2972 4082 3060 4132 est
3088 4082 3285 4132 tamen
3316 4075 3734 4132 occultandum

2083 4165 2336 4231 silentio,
2372 4165 2525 4236 quod
2558 4165 2628 4230 ad
2660 4164 2907 4237 gloriam
2939 4164 3091 4220 beati
3121 4162 3229 4218 viri
3260 4162 3543 4218 divinitus
3572 4168 3735 4234 pate-

2084 4254 2322 4319 factum,
2355 4253 2639 4309 hactenus
2674 4253 2732 4308 in
2768 4252 3068 4309 Bremensi
3098 4255 3504 4308 conservatum
3536 4255 3735 4308 manet

2082 4342 2342 4399 ecclesia.
2376 4343 2432 4397 Si
2464 4340 2700 4414 quidem
2734 4341 2976 4398 baculus
3006 4340 3264 4397 hominis
3305 4341 3513 4408 sancti,
3556 4357 3730 4412 quem

2082 4430 2397 4504 episcOpali
2427 4446 2586 4486 more
2619 4430 2742 4501 ipse
2773 4433 3000 4503 gestare
3030 4432 3430 4496 consueverat,
3465 4434 3597 4500 post
3623 4429 3730 4484 ob-

2080 4520 2228 4577 itum
2261 4523 2390 4591 ejus
2413 4519 2671 4575 fidelium
2696 4517 2998 4575 devotione
3023 4517 3080 4572 in
3104 4518 3358 4590 quadam
3388 4517 3576 4572 fuerat
3597 4532 3732 4572 arca

2080 4610 2388 4683 repositus.
2409 4608 2659 4680 Contigit
2679 4611 2874 4664 autem
2894 4609 3161 4674 domum,
3176 4606 3234 4662 in
3259 4624 3374 4679 qua
3389 4605 3511 4662 haec
3525 4606 3727 4661 eadem

2080 4716 2211 4756 arca
2240 4699 2507 4772 degebat,
2542 4697 2846 4754 subitaneo
2887 4697 3132 4770 flagrare
3162 4695 3450 4762 incendio,
3484 4698 3539 4750 et
3591 4710 3728 4750 cum

2078 4865 2225 4937 tum,
2259 4860 2318 4915 in
2352 4858 2683 4937 basilica__S.
2715 4858 2869 4937 Petri
2897 4857 3236 4937 quam-ipse
3277 4854 3601 4937 aediﬁcavit,
3636 4869 3726 4911 se-

2121 4926 2313 4988 ultum
2338 4936 2449 4987 est.
2483 4932 2544 4986 In
2577 4930 2860 4987 Chronico
2892 4926 3176 4986 Saxonico
3197 4945 3325 4984 eam
3343 4926 3650 4984 ecclesiam
3670 4944 3726 4983 v1

2104 5005 2215 5060 dus
2227 5002 2591 5069 Novembris,
2606 5002 2698 5057 die
2712 5002 3015 5057 Dominico
3028 5000 3331 5056 dedicasse
3343 5004 3724 5054 memoratur.

2152 5077 2357 5153 (syllae
2380 5079 2643 5153 spectant
2660 5073 2865 5129 Adami
2890 5072 3010 5153 haec
3022 5073 3194 5153 verba
3215 5089 3282 5152 ex
3303 5069 3403 5124 lib.
3423 5087 3463 5136 ι,
3483 5087 3608 5142 cap.
3626 5071 3722 5153 ωε

2079 5170 2106 5196 ‹‹
2129 5142 2439 5202 Villericus
2460 5149 2578 5200 tres
2597 5146 2809 5200 Bremee
2823 5145 3003 5200 erexit
3022 5142 3317 5214 ecclesias,
3335 5157 3585 5214 quarum
3615 5144 3726 5214 pri-

2077 5234 2256 5284 mam,
2308 5216 2530 5273 scilicet
2567 5217 2808 5287 domum
2838 5220 2893 5287 S.
2929 5214 3101 5287 Petri,
3135 5215 3205 5287 de
3236 5213 3395 5286 ligno
3422 5213 3724 5287 lapideam

2075 5289 2226 5357 fecit,
2260 5294 2316 5360 et
2345 5305 2557 5360 corpus
2595 5289 2663 5360 S._
2685 5286 2972 5360 Villehadi
3019 5285 3225 5360 exinde
3249 5284 3628 5360 translatum,
3664 5285 3722 5340 in

2072 5359 2339 5417 orientali
2371 5357 2524 5431 quod
2560 5358 2696 5414 fecit
2716 5359 2968 5431 oratorio
2992 5357 3334 5431 recondidit.
3359 5358 3722 5431 Narrantque
3771 5417 3778 5421 ,

2074 5432 2286 5509 posteri
2309 5428 2430 5509 hoc
2461 5431 2678 5509 factum
2711 5447 2812 5509 pro
2844 5429 3430 5509 timorenpiratarum,
3462 5428 3561 5509 qui
3594 5444 3721 5496 pro-

2073 5501 2198 5576 pter
2213 5504 2484 5576 virtutem
2509 5501 2921 5576 miraculorum
2941 5501 3292 5576 confessoris
3307 5501 3488 5576 nostri
3509 5513 3718 5567 corpus

2071 5570 2295 5648 auferre
2321 5573 2686 5648 maluerunt,
2701 5596 2743 5648 _»
2786 5571 3090 5648 Unyvanus
3120 5570 3716 5648 archiepisc0pus_ca-

2070 5647 2279 5720 pellam
2314 5645 2371 5702 S.
2405 5642 2712 5717 Willchadi
2746 5645 3115 5704 combustam
3147 5641 3447 5718 reparasse
3479 5641 3712 5695 dicitur.
