4026 6180
243 311 404 380 ’1023
1220 315 1642 379 ANSCHAllIl
1687 316 1833 378 HAN

2081 315 2298 378 ENSIS
2342 312 2697 377 EPISCOPI
3513 310 3666 372 1024

249 450 423 508 domo
448 449 665 524 pariter
682 447 856 510 etiam
879 467 1008 509 arca
1027 467 1160 508 cum
1191 450 1466 513 omnibus
1485 469 1612 525 qua;
1630 449 1790 512 intus
1811 468 1895 508 re-
1921 453 1977 525 Α
2005 451 2385 525 liquefactum
2437 450 2754 516 deﬂueret;
2798 447 2925 522 ipse
2954 463 3090 504 cum
3122 449 3278 505 esset
3327 451 3668 520 argenteus,

250 541 486 598 condita
508 534 1091 612 fuerant,penitusest
1115 542 1596 614 eonsumpta.Sed
1623 540 1897 598 baculum
2007 541 2248 600 omnino
2271 541 2497 613 integer
2525 544 2616 595 est
2646 543 2932 611 repertus.
2962 538 3034 594 Et
3063 554 3196 593 vere
3217 537 3493 593 miranda
3522 536 3671 594 ineo

251 631 450 703 ipsum
480 629 539 685 in
574 628 733 684 nullo
759 629 1021 685 funditus
1055 630 1207 703 ignis
1239 629 1523 702 attingere
1554 630 1781 703 potuit:
1813 647 1902 687 ve-
2008 629 2242 686 Domini
2285 633 2543 700 potestas
2587 627 2881 701 apparuit,
2915 631 2980 682 ut
3026 627 3126 698 qui
3157 643 3291 682 vero
3325 625 3464 698 igne
3486 626 3671 681 divini

254 736 384 776 rum
419 719 477 774 in
511 718 701 773 medio
735 717 887 790 ignis
919 718 1002 773 ita
1029 725 1118 774 est
1168 723 1432 790 repertus
1462 718 1797 786 incolumis,
1840 724 1904 774 ut
2009 718 2228 777 amoris
2251 719 2444 774 vivens
2467 734 2750 773 accensus
2775 718 2982 782 fuerat,
3007 716 3064 770 in
3086 717 3215 788 ejus
3237 714 3518 787 reliquias
3541 720 3674 788 post

254 824 358 864 nec
387 807 621 879 signum
653 808 892 879 quidem
914 807 1140 864 ardoris
1166 809 1223 863 in
1246 825 1312 864 eo
1334 808 1521 864 ullum
1543 809 1899 881 apparuerit.
2011 813 2261 864 mortem
2291 807 2478 879 ipsius
2505 812 2770 863 terrenus
2802 805 2958 879 ignis
2988 821 3103 861 non
3129 805 3361 861 valeret.
3387 804 3674 862 Creatura

255 896 418 952 Unde
443 896 592 954 Deus
613 897 981 969 omnipotens
1013 897 1069 952 in
1099 898 1321 954 sanctis
1351 897 1475 954 suis
1500 914 1630 954 vere
1657 903 1746 954 est
1777 897 1902 954 lau-
2011 895 2167 954 enim
2194 897 2480 952 Creatoris
2512 895 2776 966 subjecta
2807 893 3072 967 imperio,
3097 894 3274 950 etiam
3295 892 3412 949 vim
3447 898 3673 948 natura:

254 985 506 1049 dandus,
541 985 639 1056 qui
673 984 730 1039 in
767 985 1028 1044 minimis
1059 987 1231 1042 etiam
1259 988 1434 1044 rebus
1457 988 1732 1043 meritum
1757 986 1905 1059 ipso-
2013 985 2221 1058 perdit,
2254 987 2640 1056 cumjussum
2664 983 3023 1042 dominantis
3045 983 3322 1040 attendit:
3350 999 3458 1039 nec
3481 985 3677 1054 potest

255 1089 387 1128 rum
419 1073 543 1128 suis
569 1074 828 1132 declarat
859 1073 1150 1131 ﬁdelibus.
1173 1075 1345 1131 Aliud
1377 1093 1610 1149 quoque
1640 1076 1902 1148 contigit,
2013 1075 2235 1148 aliquid
2251 1071 3672 1147 detrimentiquamvisnaturadictanteperﬁeere,

257 1162 412 1233 quod
443 1177 606 1234 aeque
637 1162 873 1220 beatum
922 1163 1110 1219 virum
1166 1165 1360 1237 magni
1409 1183 1605 1222 coram
1663 1165 1905 1221 Domino
2013 1183 2149 1221 cum
2179 1165 2267 1221 vis
2300 1165 2766 1236 uniuscujusque
2788 1167 3011 1218 natura:
3033 1162 3092 1216 in
3112 1161 3400 1218 Creatoris
3424 1161 3681 1232 pendeat

258 1249 439 1306 fuisse
478 1250 666 1306 meriti
714 1259 1140 1324 praemonstrat.
1191 1253 1437 1310 Calicem
1488 1255 1704 1328 quippe
1755 1255 1903 1325 ejus,
1999 1249 3680 1326 .omnipotentissimavoluntate.Mansitauteminepisco-

258 1355 389 1394 cum
419 1355 535 1410 quo
557 1339 909 1396 sacriﬁcium
929 1342 1174 1398 Domino
1193 1343 1452 1415 quotidie
1474 1343 1596 1417 [al.,
1615 1343 1904 1411 continue]
2017 1348 2155 1416 patu
2187 1344 2393 1399 beatus
2413 1341 2778 1399 Willehadus
2794 1340 3016 1398 electus
3036 1340 3268 1400 Domini
3297 1338 3558 1412 pontifex
3579 1356 3683 1396 an-

259 1428 462 1483 olferre
491 1427 734 1493 solebat,
770 1431 826 1483 in
871 1432 1123 1502 quodam
1156 1431 1282 1488 loco
1315 1433 1678 1490 reconditum
1727 1432 1909 1489 disci-
2017 1433 2108 1489 nis
2136 1433 2385 1498 duobus,
2419 1431 2722 1487 mensibus
2753 1431 2965 1497 tribus,
2985 1429 3196 1485 diebus
3225 1429 3303 1500 (α)
3321 1428 3527 1503 viginti
3550 1444 3676 1493 sex,

260 1515 533 1588 pulcrum
565 1519 692 1589 ejus
739 1519 1028 1575 ﬁdissima
1075 1522 1455 1577 conservabat
1503 1521 1748 1578 affectio.
1801 1521 1908 1577 Ubi
2016 1528 2074 1580 et
2103 1525 2334 1594 peracto
2376 1521 2508 1577 boni
2539 1519 2878 1578 certaminis
2907 1535 3085 1576 cursu
3111 1518 3358 1576 feliciter
3398 1517 3684 1592 migravit

259 1605 440 1662 etiam
465 1622 597 1662 cum
627 1606 890 1680 ingestus
922 1608 1073 1682 ignis
1103 1613 1314 1666 cuncta
1342 1616 1730 1676 consumeret,
1769 1628 1835 1667 ac
1859 1609 1910 1666 si
2018 1613 2089 1668 ad
2111 1611 2453 1668 Dominum:
2488 1611 2582 1666 cui
2611 1614 2702 1666 est
2730 1610 2917 1666 honor
2941 1613 2999 1665 et
3027 1607 3214 1681 gloria
3241 1612 3301 1663 et
3330 1611 3591 1680 potestas
3617 1610 3681 1662 et

261 1694 404 1766 quid
437 1695 582 1752 forte
631 1697 848 1753 metalli
887 1699 1068 1755 fuerat
1101 1717 1272 1772 opere
1303 1700 1672 1770 fabricatum,
1721 1699 1911 1757 calore
2019 1701 2332 1774 imperium
2364 1714 2466 1773 per
2495 1699 2726 1755 inﬁnita
2753 1697 2966 1754 secula
2995 1696 3361 1754 saeculorum.
3387 1698 3598 1754 Amen.

263 1925 417 1982 d‘ito':
454 1949 481 1978 «
512 1929 966 2003 Prasdicavitque
998 1925 1117 2003 tam
1138 1932 1340 2003 Fresia
1371 1949 1547 2003 quam
1583 1925 1909 1988 Saxonibus
2022 1925 2239 2001 Fresia,
2274 1931 2333 1986 in
2367 1931 2502 1987 villa
2529 1929 2816 1998 Plecazze,
2849 1946 2977 2002 quae
3009 1925 3128 1986 sita
3152 1932 3240 1984 est
3266 1925 3329 1984 in
3353 1925 3610 1983 Rustris.
3644 1950 3681 1978 υ

336 1856 406 1928 (a)
438 1857 718 1914 Eumdem
750 1858 1037 1916 calculum
1090 1861 1317 1931 praefert
1345 1861 1626 1927 Adamus,
1662 1861 1770 1916 hoc
1800 1861 1908 1916 ad-
1940 1827 1988 1894 Β
2061 1860 2301 1933 uinque.
2353 1859 2508 1917 Obiit
2537 1863 2731 1914 autem
2779 1873 2957 1914 senex
3001 1860 3062 1913 et
3110 1857 3313 1929 plenus
3341 1855 3572 1910 dierum
3604 1853 3680 1916 in

336 1932 417 1982 to:
454 1949 481 1978 «
512 1929 966 1988 Prasdicavitaue
998 1935 1117 1985 tam
1152 1932 1340 1986 Fresis
1371 1949 1547 1988 uuam
1583 1932 1909 1988 Saxonibus
2019 1879 2239 1988 g’resia.
2274 1931 2333 1986 in
2367 1931 2502 1987 villa
2529 1929 2816 1988 Plecazze.
2849 1946 2977 1988 uuae
3009 1929 3124 1986 sita
3152 1932 3240 1984 est
3266 1925 3329 1984 in
3353 1925 3610 1983 Rustris.
3644 1950 3680 1978 υ

264 2003 396 2069 post
427 2001 772 2071 martyrium
805 2000 1174 2057 SJBonifacii
1214 2000 1418 2060 omnes
1459 2020 1642 2059 annos
1671 2003 1912 2077 triginta

997 2365 1008 2376 -
1105 2327 1516 2414 INCIPIT
1571 2329 1715 2414 DE
1776 2277 2378 2416 MIRAI'JULIS
2435 2327 2831 2414 IPSIUS.

1762 2535 2158 2548 ...Ψ-*-

659 2685 1032 2743 PREFATIO
1071 2687 1129 2743 S.
1161 2687 1520 2744 ANSGARII.
2005 2687 2243 2760 -ubique
2273 2703 2528 2759 praesens
2555 2689 2662 2752 est,
2696 2685 2954 2758 potentia
2983 2689 3042 2740 et
3059 2685 3371 2756 majestate
3387 2683 3680 2739 Creatoris

341 2774 502 2831 Dono
533 2774 948 2847 omnipotentis
974 2777 1094 2843 Dei,
1122 2777 1222 2848 qui
1256 2779 1509 2851 gratuita
1530 2779 1765 2852 pietatis
1797 2797 1914 2834 suae
2025 2777 2300 2832 meritum
2320 2777 2581 2848 ipsorum
2600 2773 3049 2841 remunerantis,
3075 2773 3134 2828 in
3156 2771 3318 2829 omni
3341 2771 3466 2827 loco
3493 2770 3679 2827 domi-

270 2863 753 2939 prwordinatione
775 2882 1039 2938 quosque
1070 2866 1126 2921 in
1157 2867 1412 2924 Ecclesia
1429 2873 1632 2924 sancta
1651 2874 1918 2943 pastores
2027 2865 2281 2921 nationis
2327 2866 2456 2936 ejus
2487 2863 2758 2920 fidelibus
2789 2862 3095 2934 su-ﬂ‘ragari
3136 2862 3480 2918 creduntur.
3511 2861 3678 2924 QUOd

271 2951 579 3011 constituit
603 2970 670 3009 ac
701 2953 984 3021 doctores,
1011 2957 1335 3013 Anscxnms
1362 2958 1692 3015 Bremensis
1724 2959 1916 3015 Eccle-
2026 2953 2231 3012 multis
2243 2955 2369 3026 jam
2387 2959 2444 3010 et
2457 2952 2822 3010 evidentibus
2839 2953 3052 3025 saepius
3071 2950 3428 3024 patefactum
3451 2953 3684 3006 constat

272 3042 370 3102 sia:
401 3041 634 3114 praesul,
660 3042 946 3099 universis
975 3061 1077 3116 per
1107 3045 1305 3102 orbem
1337 3047 1605 3103 concordi
1641 3047 1918 3104 fraterni-
2005 3041 2339 3100 'remediis:
2386 3043 2525 3116 quia
2555 3041 2813 3115 plurimi,
2860 3041 2980 3097 sive
3009 3040 3162 3096 inter
3189 3044 3570 3112 tempestates
3611 3053 3680 3094 ac

249 3135 389 3205 ptate
420 3132 652 3204 degenti
681 3131 946 3189 fidelium
969 3133 1252 3204 societati,
1289 3153 1486 3208 pacem
1519 3141 1575 3192 et
1602 3136 1916 3192 beatitudi-
1955 3199 1989 3208 _
2028 3132 2312 3206 procellas
2330 3133 2636 3203 fluctuum,
2655 3148 2758 3188 seu
2777 3131 2929 3186 inter
2943 3129 3059 3186 alia
3079 3145 3313 3202 quoque
3334 3126 3686 3184 discrimina

274 3237 409 3278 nem
438 3220 498 3277 in
533 3220 758 3278 Christo
786 3227 914 3280 orat
942 3199 1379 3296 sempiternam.
1947 3199 1990 3266 (ἶ
2026 3199 2225 3295 positi,
2257 3221 2330 3277 ad
2362 3199 2784 3276 invocationem
2816 3199 3133 3292 cujuslibet
3159 3199 3349 3274 sancti
3393 3215 3590 3273 subito
3620 3231 3686 3270 se

344 3310 569 3368 Laudes
591 3309 693 3366 Dei
723 3328 871 3383 quas
893 3316 1234 3369 sanctorum
1253 3314 1381 3386 ejus
1404 3318 1535 3371 acta
1556 3315 1824 3372 miranda
1846 3319 1924 3372 te-
2030 3309 2310 3365 divinitus
2342 3313 2654 3366 senserunt
2684 3309 2935 3381 adjutos.
2971 3307 3132 3364 Unde
3168 3305 3218 3361 si
3253 3322 3370 3378 qua
3396 3303 3687 3364 Dominus

277 3401 526 3465 stantur,
553 3415 667 3454 non
691 3399 900 3456 debere
922 3399 1152 3458 silentio
1169 3403 1467 3475 praeteriri,
1489 3403 1786 3461 multoties
1795 3405 1923 3477 jam
2031 3417 2134 3473 per
2162 3403 2396 3456 sanctos
2427 3415 2566 3454 suos
2613 3397 2883 3454 miranda
2918 3395 3195 3470 dignatus
3227 3393 3402 3450 fuerit
3431 3391 3687 3466 cperari,

275 3487 562 3560 exemplis
589 3487 826 3546 Patrum
872 3490 1271 3549 addiscimus:
1304 3493 1404 3565 qui
1437 3494 1692 3566 plurima
1719 3510 1922 3550 eorum
2021 3490 2159 3561 jure
2189 3488 2261 3543 ad
2289 3487 2556 3543 notitiam
2588 3485 2977 3559 plurimorum
3012 3485 3219 3557 [supple
3267 3480 3688 3552 deducuntur],

277 3594 404 3649 quaa
434 3575 666 3632 Domini
698 3578 882 3650 pietas
926 3596 1028 3650 per
1056 3597 1252 3638 servos
1277 3599 1415 3638 suos
1449 3582 1509 3636 in
1541 3582 1650 3638 hoc
1671 3582 1927 3638 exercuit
2034 3580 2099 3632 ut
2128 3575 2376 3650 posteris
2400 3575 2459 3630 in
2483 3573 2768 3631 memoria
2787 3577 3019 3630 maneat
3035 3571 3344 3644 spei,quod
3367 3569 3590 3642 priores
3609 3567 3688 3623 ob

279 3665 513 3733 saeculo,
529 3667 852 3726 studiosius
884 3667 1093 3724 litteris
1122 3672 1619 3738 commendavere,
1654 3688 1779 3742 qua:
1811 3688 1925 3725 non
2033 3666 2285 3739 gratiam
2309 3668 2692 3737 perceperunt
2721 3662 2874 3718 ﬁdei.
2915 3663 3280 3734 Quapropter
3310 3662 3508 3715 nostra
3539 3673 3692 3727 quo-

281 3752 475 3810 selum
504 3753 819 3810 viventium
853 3754 1186 3827 religiosam
1218 3759 1630 3828 portenderent
1651 3759 1926 3815 sanctita-
2035 3771 2148 3828 que
2168 3751 2474 3809 humilitas
2485 3769 2553 3808 ea
2573 3769 2699 3826 qua:
2713 3750 2773 3806 in
2791 3751 2998 3806 diebus
3018 3748 3235 3806 nostris
3251 3764 3355 3820 per
3366 3745 3691 3820 potentiam

247 3907 254 3910 _
282 3846 422 3907 tem,
455 3857 653 3896 verum
676 3843 851 3900 etiam
879 3845 1119 3915 perenni
1141 3845 1261 3901 vita
1281 3863 1412 3902 cum
1437 3847 1668 3904 Christo
1690 3865 1930 3922 regnan-
2036 3842 2243 3898 divinae
2273 3840 2628 3915 Operationis
2650 3841 2721 3895 ad
2748 3839 3111 3896 ostendenda
3133 3836 3345 3893 merita
3372 3833 3529 3891 beati
3553 3851 3692 3907 pon-

249 3995 255 4000 ,
283 3926 432 3984 tium
462 3928 850 3986 immortalem
883 3938 1401 4004 praemonstrarcnt
1419 3936 1687 4008 gloriam.
1715 3939 1931 3994 Revera
2038 3931 2212 3987 tificis
2237 3936 2293 3987 et
2315 3929 2666 3986 confessoris
2687 3926 3000 3984 Willehadi
3023 3926 3309 4000 patefacta
3329 3923 3692 3985 claruerunt,

284 4017 441 4075 enim
474 4018 577 4092 qui
612 4019 750 4075 hinc
779 4021 1068 4089 translati,
1101 4024 1292 4084 adhuc
1325 4030 1521 4083 tamen
1547 4026 1846 4084 miraculis
1876 4031 1932 4084 et
2037 4019 2249 4076 litteris
2291 4019 2568 4093 indagare
2598 4017 2863 4074 censuit:
2898 4020 2964 4074 ut
3010 4033 3136 4089 quae
3167 4016 3227 4070 in
3257 4011 3528 4084 antiquis
3555 4010 3695 4066 olim

283 4108 649 4165 diversarum
666 4126 774 4182 cpe
797 4109 1076 4168 virtutum
1100 4113 1192 4169 hic
1211 4115 1443 4187 populis
1463 4117 1668 4172 adesse
1690 4133 1932 4172 cernun-
2039 4112 2311 4166 venerata
2323 4109 2460 4180 jure
2479 4105 2924 4180 prmdicavimus
2945 4104 3187 4173 sanctis,
3211 4119 3369 4160 nunc
3392 4102 3456 4156 in
3480 4105 3699 4172 tempo-

285 4201 404 4263 tur,
437 4213 715 4270 magnam
745 4198 914 4254 nobis
945 4216 1061 4256 sua:
1091 4186 1534 4272 gloriﬁcationis
1588 4202 1932 4276 dignitatem
2043 4199 2206 4255 ribus
2233 4199 2449 4254 nostris
2481 4197 2552 4252 ab
2585 4213 2650 4251 eo
2673 4195 2772 4268 qui
2805 4194 2986 4267 hujus
3008 4198 3238 4260 nostris,
3263 4188 3604 4246 Bremensis
3624 4186 3702 4240 vi-

285 4287 623 4352 ostendunt,
656 4291 714 4343 et
742 4289 944 4360 quanti
979 4290 1134 4362 apud
1165 4292 1350 4347 Deum
1381 4291 1501 4347 sint
1540 4292 1754 4359 meriti,
1806 4291 1936 4348 luce
2043 4287 2251 4343 delicet
2276 4286 2560 4354 Ecclesiae,
2595 4284 2822 4358 primus
2842 4283 3062 4340 exstitit
3092 4280 3369 4354 pontifex,
3399 4279 3700 4346 innovata,

250 4441 264 4446 _
288 4374 504 4432 clarius
536 4375 796 4432 fidelium
841 4378 1196 4448 patefaciunt
1224 4380 1520 4436 cordibus.
1554 4381 1663 4436 Sed
1699 4385 1756 4436 et
1809 4397 1936 4436 ma-
2044 4381 2164 4432 toto
2185 4375 2378 4432 cordis
2397 4375 2719 4449 gaudentes
2741 4371 2950 4432 adnisu
2973 4369 3370 4443 suscipiamus
3394 4366 3607 4440 pariter
3628 4379 3701 4418 ac

289 4480 474 4539 gnum
529 4464 824 4520 catholicae
854 4465 912 4520 in
945 4465 1052 4522 hoc
1084 4467 1219 4523 ﬁdei
1250 4469 1580 4525 declaratur
1629 4469 1937 4538 indicium,
2047 4465 2451 4524 collaudemus
2500 4461 2801 4520 miracula.
2834 4461 2960 4517 Non
2992 4459 3149 4517 enim
3199 4458 3514 4513 immemor
3542 4453 3704 4509 Deus

291 4554 434 4610 dum
465 4554 620 4642 quod
654 4553 1020 4611 invisibiliter
1045 4556 1241 4613 divina
1268 4558 1492 4632 peragit
1513 4558 1941 4629 sublimitas,ac
1970 4577 2020 4642 Ι)
2048 4555 2240 4612 adhuc
2271 4552 2470 4626 pepuli
2503 4551 2595 4608 sui
2624 4550 2883 4610 deseruit
2899 4565 3052 4642 quos
3083 4545 3601 4642 redemitzjerum.
3622 4541 3713 4596 in-

289 4643 340 4700 si
386 4641 571 4699 oculis
625 4643 966 4716 conspiciat,
1010 4631 1666 4705 indubitantericoelitus
1720 4648 1938 4706 factum
1970 4631 2019 4642 ”
2048 4649 2136 4701 ter
2165 4643 2476 4699 innumera
2505 4656 2866 4715 paganorum
2896 4635 3302 4694 infestantium
3335 4631 3707 4697 discrimina,

290 4730 622 4788 Christiana
642 4749 758 4788 non
780 4733 993 4788 difﬁdit
1008 4735 1322 4792 credulitas
1339 4754 1351 4804 ;
1366 4743 1425 4792 et
1439 4741 1775 4793 sanctorum
1796 4739 1939 4794 Acta
2046 4732 2205 4791 omni
2233 4749 2378 4805 pene
2408 4728 2614 4787 solatio
2646 4727 2941 4786 destitutis
2960 4727 3112 4782 hanc
3133 4739 3401 4798 supernae
3421 4720 3711 4776 visitatio-

291 4823 532 4896 deputat
553 4821 799 4886 meritis,
821 4839 949 4894 quas
980 4824 1038 4880 in
1067 4825 1154 4880 eis
1173 4826 1335 4884 fiunt
1363 4826 1527 4897 locis,
1551 4827 1651 4884 ubi
1675 4827 1942 4884 sacratis-
2036 4822 2140 4880 nis
2167 4821 2352 4878 voluit
2396 4819 2734 4893 impendere
2780 4817 3050 4891 gratiam,
3089 4820 3160 4872 ut
3180 4814 3256 4870 de
3283 4811 3490 4868 divina
3517 4809 3708 4868 multo

290 4912 460 4966 simae
481 4928 683 4968 eorum
705 4912 949 4968 condita:
981 4917 1040 4968 et
1067 4913 1359 4970 habentur
1381 4919 1441 4971 et
1467 4919 1819 4972 venerantur
1849 4932 1938 4972 re-
2049 4911 2266 4968 certius
2286 4912 2706 4984 praesumerent
2726 4906 3056 4973 clementia,
3084 4903 3186 4988 qui
3206 4902 3713 4988 tantum-tamque

293 4996 506 5068 liquiae.
540 5001 680 5065 Quia
713 5001 849 5056 licet
879 5001 1039 5059 solus
1069 5003 1441 5078 omnipotens
1463 5005 1540 5061 sit
1564 5005 1718 5062 Deus
1741 5005 1937 5074 Israel,
2049 5002 2166 5059 Deo
2197 5004 2500 5073 acceptum
2529 5001 2866 5071 patronum,
2891 4995 2950 5050 in
2980 4984 3190 5070 spiritu
3209 4984 3714 5078 welut'etin-corf

303 5084 403 5154 qui
429 5086 526 5142 dat
554 5088 830 5146 virtutem
862 5094 918 5146 et
946 5077 1351 5150 fortitudinem
1387 5092 1540 5166 plebi
1572 5112 1712 5165 sum,
1745 5098 1942 5150 tamen
2052 5107 2211 5165 pore,
2246 5105 2444 5146 secum
2495 5103 2734 5144 manare
2781 5084 3231 5159 cognovissent:
3277 5091 3386 5136 Ποῦ
3433 5077 3719 5166 timerent

301 5169 587 5232 mirabilis
615 5179 823 5250 ipsein
857 5181 1076 5237 sanctis
1107 5182 1232 5238 suis
1253 5164 1600 5254 prmdicatur
1627 5164 1942 5251 eticolitur,
2052 5164 2191 5238 licet
2235 5182 2524 5238 vastatam
2575 5178 2768 5233 denuo
2817 5173 3147 5247 inhabitare
3195 5169 3472 5243 patriam,
3501 5164 3720 5254 inqua

300 5273 550 5329 quorum
581 5267 849 5334 precibus
881 5269 946 5324 fit
975 5286 1040 5324 ac
1073 5253 1389 5339 meritis,ut
1411 5272 1675 5344 prodigia
1695 5276 1752 5326 et
1777 5272 1948 5345 signa
2055 5271 2167 5327 sibi
2194 5269 2401 5325 adesse
2419 5263 2780 5324 sanctissimi
2803 5264 2993 5322 Patris
3013 5279 3126 5319 non
3142 5253 3718 5345 dlﬁideranhmefi‘a

303 5346 580 5416 majestas
610 5359 878 5422 operetur
907 5357 1124 5415 divina.
1169 5359 1281 5417 Nec
1328 5341 1526 5414 tamen
1577 5341 1946 5416 solummodo
2057 5364 2178 5415 lmo
2204 5358 2320 5413 laeti
2370 5357 2633 5412 desertas
2679 5355 3006 5428 repeterent
3033 5350 3222 5416 Βθάΰεὸ
3253 5344 3581 5432 quoslibet
3604 5341 3720 5432 φ’

305 5434 383 5492 ibi
417 5437 599 5490 sancti
639 5442 912 5508 prodesse
960 5452 1279 5504 cernuntur
1327 5448 1425 5503 ubi
1458 5449 1854 5521 temporaliter
1887 5450 1946 5506 in
2058 5447 2210 5507 stilis
2241 5446 2497 5503 incursio
2528 5443 2728 5500 fecerit
2753 5441 3005 5511 exsules,
3029 5437 3198 5496 bonis
3217 5429 3607 5521 exuberan'lies
3627 5428 3724 5483 ἀί-

306 5522 598 5584 cineribus
620 5525 741 5580 suis
764 5545 828 5584 ac
855 5532 1114 5604 reliquiis
1147 5543 1460 5608 praesentes
1492 5520 1611 5595 fore
1639 5540 1945 5596 videntur:
2058 5539 2193 5595 vina
2225 5553 2429 5594 rursus
2469 5531 2928 5594 reconciliaverit
2961 5526 3334 5602 benignitas:
3367 5539 3475 5578 nso
3504 5520 3728 5593 despe-

304 5631 503 5676 verum
554 5613 894 5691 ubicunque.
918 5619 1164 5680 ﬁdeliter
1201 5625 1469 5698 invocati,
1521 5644 1623 5701 per
1670 5644 1804 5685 eum
1851 5630 1949 5701 qui
2057 5620 2827 5701 rentsibiprssidiasanoti
2844 5608 3729 5682 miomnibusiadfutM,6ujus
