4102 6180
346 355 368 412 l
382 347 502 412 095

1263 342 1366 411 DE
1408 347 1590 412 VITA
1633 350 1734 411 ET
1777 339 2202 410 MlRACULlS
2249 345 2314 408 S.
2361 345 2836 413 WlLLEHADI.

3601 367 3758 432 1026

344 485 619 540 virtutem
651 485 772 538 tam
807 481 1196 555 multiplicem
1230 483 1288 538 in
1337 483 1620 540 sanandis
1645 482 1801 538 varie
1831 497 2000 537 vexa-
2027 534 2042 564 Α

2141 480 2627 547 μνοαιθιθυίρριιοά
2663 482 2881 539 factum
2929 486 3029 542 illa
3060 490 3347 551 admirata
3395 502 3622 556 cunctis
3673 503 3759 559 illi

345 577 539 630 torum
573 575 879 629 senserent
911 573 1156 646 flagrare
1187 573 1551 646 corporibus.

885 677 1117 736 CAPUT
1158 679 1462 737 PRIMUM.

631 788 851 860 Tempus
881 788 1279 844 miraculorum
1307 785 1363 844 S.
1406 785 1715 843 Willehadi.

413 897 580 952 Anno
611 895 808 967 itaque
840 895 1264 950 Incarnationis
1288 893 1520 950 Domini
1547 895 1673 961 860,
1688 893 2002 967 regnivero

343 984 568 1041 domini
591 984 776 1040 nostri
803 983 1164 1040 serenissimi
1189 983 1469 1056 principis
1500 982 1777 1038 Ludovici
1804 982 2003 1037 vicesi-

345 1090 441 1130 mo
476 1076 701 1141 octavo,
736 1071 1055 1127 indictione
1085 1076 1307 1139 octava,
1342 1071 1400 1127 in
1433 1071 1678 1128 ecclesia
1702 1070 2001 1127 Bremensi

344 1166 647 1236 coeperunt
676 1161 960 1217 divinitus
993 1161 1084 1234 agi
1117 1161 1422 1230 miracula,
1450 1165 1506 1217 et
1534 1162 1605 1217 de
1635 1161 1726 1219 die
1757 1161 1814 1215 in
1846 1160 2002 1215 diem

347 1268 584 1324 semper
612 1249 1002 1321 multiplicius
1024 1265 1301 1316 crescere,
1327 1250 1410 1305 ita
1440 1254 1503 1305 ut
1526 1250 1653 1322 jam
1675 1249 1846 1321 longe
1868 1247 2007 1304 late-

347 1357 462 1413 que
494 1356 598 1412 per
623 1337 871 1412 populos
892 1355 1094 1394 rumor
1117 1338 1574 1410 increbresceret
1605 1337 1898 1411 plurimus
1917 1352 2006 1393 ve-

348 1446 408 1486 re
439 1428 697 1484 divinam
730 1427 789 1481 in
836 1427 1041 1482 eodem
1083 1425 1210 1482 loco
1259 1427 1604 1500 apparuisse
1645 1425 1913 1498 gloriam,
1947 1428 2006 1481 et

350 1517 561 1572 merita
591 1515 746 1572 beati
789 1513 1100 1570 Willehadi
1147 1515 1205 1570 in
1251 1515 1452 1571 eadem
1503 1515 1745 1572 basilica
1775 1514 2003 1587 requie-

352 1607 569 1663 scentis
582 1603 908 1662 honorabili
927 1605 1212 1660 virtutum
1226 1605 1365 1660 flore
1389 1603 1698 1677 pullulare.
1717 1606 1849 1670 Quae
1868 1619 2004 1659 cum

356 1713 459 1767 per
491 1694 810 1751 multorum
835 1710 935 1750 ora
953 1693 1376 1761 volutarentur,
1396 1699 1452 1748 et
1474 1697 1595 1750 tam
1614 1693 1672 1748 in
1696 1692 2008 1765 praesentia

354 1784 558 1853 nostri,
595 1800 771 1855 quam
793 1783 974 1838 etiam
996 1783 1342 1839 absentibus
1373 1783 1562 1850 nobis,
1583 1781 1810 1854 publice
1834 1779 2004 1837 multi

349 1873 564 1928 ibidem
596 1872 868 1928 sanitatis
902 1871 1370 1943 adipiscerentur
1398 1871 1727 1935 commoda,
1759 1870 2015 1931 decrevi_
2045 1871 2092 1936 Β

353 1979 486 2017 mus
519 1960 640 2017 llch
677 1961 882 2016 eadem
934 1959 1146 2015 litteris
1177 1959 1602 2033 comprehensa
1644 1964 2018 2034 posterorum

368 2051 595 2108 tradere
628 2049 944 2118 memoriae,
974 2065 1091 2121 quo
1120 2067 1238 2106 una
1269 2050 1580 2105 nobiscum
1615 2050 1800 2106 Deum
1824 2050 1923 2122 qui
1960 2049 2021 2110 in

359 2139 577 2196 sanctis
609 2138 733 2194 suis
764 2143 1059 2211 operatur,
1092 2139 1285 2194 omnis
1318 2137 1578 2196 fidelium
1613 2139 1773 2194 natio
1815 2138 2022 2212 gavisa

355 2227 666 2284 collaudet.
703 2227 770 2282 Et
801 2227 956 2284 sicut
987 2230 1298 2299 prmsentes
1329 2243 1431 2299 per
1455 2226 1692 2300 singula
1724 2244 1850 2300 qua:
1875 2231 2026 2301 tunc

361 2319 506 2374 forte
525 2316 792 2372 miranda
807 2316 1178 2388 contigerint.
1207 2315 1266 2370 in
1286 2315 1516 2372 Domini
1535 2315 1812 2372 laudibus
1843 2317 2026 2388 tripu‘

365 2406 578 2464 diando
609 2404 998 2472 conclamant,
1029 2406 1110 2459 ita
1137 2405 1315 2460 etiam
1349 2410 1481 2478 post
1507 2406 1705 2461 futura
1728 2405 2023 2478 religioso.

382 2513 512 2552 rum
544 2495 790 2552 societas
823 2494 1114 2550 caelestem
1146 2494 1205 2550 in
1247 2495 1415 2550 beato
1446 2495 1568 2550 viro
1613 2494 2028 2567 congratulans

383 2584 708 2642 admiretur
738 2584 1083 2656 potentiam.
1114 2583 1341 2640 Abhinc
1384 2585 1564 2656 igitur
1607 2583 2027 2640 miraculorum

387 2678 551 2747 gesta
563 2673 740 2730 ordiri
757 2673 1120 2744 incipientes,
1135 2672 1324 2744 primo
1338 2678 1570 2746 tempus
1587 2673 2028 2745 quoqueipsum

383 2781 500 2836 quo
533 2763 655 2821 haec
707 2762 799 2835 agi
857 2765 1154 2834 cceperunt
1203 2761 1596 2827 insinuamus,
1628 2761 1852 2818 scilicet
1900 2765 2032 2833 post

381 2853 784 2919 Pentecosten,
817 2867 971 2906 anno
1015 2851 1345 2908 Nativitatis
1393 2850 1620 2907 Domini
1671 2850 2028 2923 supradicto,

380 2946 513 3014 post
535 2941 848 2998 transitum
873 2957 1006 2996 vero
1027 2939 1180 2996 beati
1208 2939 1315 2996 viri
1339 2939 1571 2996 circiter
1590 2940 1761 2995 annis
1784 2939 2031 2994 evolutis

381 3029 773 3102 septuaginta.
789 3029 896 3095 Qui
913 3033 1106 3084 tamen
1127 3029 1292 3102 prius
1314 3029 1442 3084 etin
1465 3027 1668 3084 multis
1689 3028 1804 3084 Deo
1817 3029 2032 3102 dignus

382 3117 659 3191 apparuit
695 3135 708 3174 :
743 3134 1074 3190 qaanquam
1108 3117 1228 3172 haec
1258 3117 1613 3190 negligentia
1647 3117 1884 3184 abolita,
1915 3134 2030 3172 non

382 3208 598 3264 fuerint
627 3205 838 3263 celebri
864 3205 1204 3278 pervulgata
1219 3223 1504 3263 sermone.
1532 3206 1749 3262 Deinde
1770 3210 1825 3262 et
1841 3207 2030 3262 nomi-

382 3314 458 3352 na
487 3312 689 3360 eorum
707 3296 808 3367 qui
828 3300 968 3352 sunt
983 3295 1190 3362 curati,
1220 3311 1337 3352 una
1353 3311 1486 3352 cum
1506 3294 1859 3352 valetudinis
1876 3312 2030 3351 mor-

382 3385 488 3453 bo;
520 3385 622 3442 sed
654 3389 710 3440 et
744 3383 872 3439 loca
901 3400 1136 3455 quoque
1168 3384 1225 3438 in
1249 3384 1464 3456 quibus
1493 3383 1580 3440 vel
1609 3385 1919 3458 progeniti,
1943 3385 2031 3441 vel

383 3472 706 3536 conversati
729 3478 982 3540 fuerant,
1019 3473 1232 3544 partim
1259 3477 1432 3545 prout
1459 3490 1549 3530 res
1567 3490 1629 3530 se
1660 3473 1932 3544 habebat,
1952 3475 2033 3530 in-

383 3563 717 3620 terserendo
748 3563 1044 3618 texuimus
1075 3580 1087 3620 :
1122 3578 1238 3634 quo
1269 3567 1325 3618 et
1368 3563 1582 3619 veritas
1613 3563 2032 3621 miraculorum

384 3652 772 3724 multiplicius
802 3655 1075 3708 atlestata
1118 3652 1580 3721 commendetur,
1613 3657 1670 3708 et
1717 3653 1935 3727 singuli
1966 3669 2034 3710 ex

389 3740 731 3813 propinquis
761 3739 847 3796 vel
882 3740 1090 3796 vicinis
1119 3739 1244 3795 suis
1268 3741 1396 3812 ejus
1418 3741 1683 3797 subsidio
1707 3743 2031 3811 medicatis,

389 3833 670 3902 quantam
704 3829 852 3884 beati
885 3829 988 3884 viri
1025 3830 1420 3900 persenscrint
1468 3831 1739 3900 gratiam,
1772 3832 2034 3888 devotius

387 3922 824 3990 recognoscant.

1050 4025 1279 4082 CAPUT
1323 4027 1368 4082 Il

561 4138 633 4189 De
660 4137 896 4206 quatuor
923 4135 981 4188 in
1012 4132 1142 4189 aliis
1165 4141 1282 4206 post
1309 4139 1534 4190 mortem
1561 4134 1679 4206 ejus
1706 4136 1869 4207 factis

1068 4223 1375 4279 miraculis.

458 4327 642 4402 Igitur
670 4329 887 4384 femina
918 4329 1186 4401 quaedam
1219 4329 1289 4384 de
1314 4329 1737 4396 Oslc-veshusun,
1773 4331 1917 4387 Dida
1940 4348 2037 4387 no-

388 4417 569 4484 mine,
599 4433 702 4490 per
730 4422 954 4490 septem
986 4436 1171 4474 annos
1202 4423 1429 4486 caecata,
1457 4419 1599 4474 dum
1633 4421 1887 4492 quodam
1910 4422 2038 4478 sab-

387 4506 522 4561 bato
541 4506 842 4562 dominam
865 4524 1054 4574 suam,
1072 4512 1310 4580 peteret,
1339 4524 1455 4580 quo
1477 4509 1549 4563 ad
1575 4507 1888 4565 Ecclesiam
1911 4526 2039 4582 pro-

2112 569 2446 625 astantibus
2477 572 2785 628 confestim
2829 579 3138 646 enarravit,
3171 586 3227 636 et
3269 587 3423 655 quod
3462 605 3592 646 vere
3623 591 3759 649 illu-

2111 658 2334 755 minata
2351 659 2564 755 fuerit,
2588 661 2906 755 multorum
2929 667 3263 726 testimonio
3286 677 3642 745 approbante
3666 699 3762 755 pa-

2111 747 2322 803 tefecit.
2347 747 2560 820 Sicque
2589 749 2710 807 haec
2741 752 2924 809 virtus
2955 755 3013 810 in
3046 759 3261 830 populo
3291 762 3362 818 ad
3397 747 3768 826 clarificatio-

2113 852 2250 892 nem
2281 837 2380 893 Dei
2414 838 2644 910 publice
2675 843 3049 900 manifestata
3074 854 3180 903 est.

2184 923 2413 981 Rursus
2439 929 2508 984 de
2540 945 2688 1003 pago
2717 931 2954 1006 Emisga
2984 935 3200 994 femina
3218 941 3505 1012 quaedam,
3528 946 3764 1005 nomine

2115 1013 2366 1082 Wimod,
2391 1033 2598 1072 novem
2626 1019 2795 1075 annis
2813 1023 3130 1082 caecitatem
3156 1046 3450 1102 perpessa,
3467 1049 3599 1090 cum
3620 1054 3764 1109 quo-

2113 1104 2248 1160 dam
2280 1104 2373 1159 die
2405 1108 2735 1178 vespertino
2766 1115 3024 1184 tempore
3055 1117 3126 1172 ad
3157 1118 3463 1176 ecclesiam
3486 1104 3764 1182 conveni-

2114 1197 2203 1287 ret
2231 1195 2590 1287 praedictam,
2625 1198 2821 1272 ibique
2856 1203 3296 1265 facta'oratione
3329 1217 3460 1283 post
3495 1231 3768 1287 vesperae

2114 1281 2438 1354 hospitium
2473 1286 2573 1342 ubi
2605 1294 2728 1344 erat
2761 1307 3039 1350 mansura
3071 1281 3371 1369 repeteret,
3401 1281 3766 1378 subsequen—

2113 1369 2154 1424 ti
2188 1376 2356 1428 nocte
2387 1373 2439 1428 ei
2472 1377 2626 1447 quod
2660 1395 2728 1434 ex
2761 1381 2978 1438 amisso
3010 1383 3232 1442 lumine
3265 1389 3471 1448 salutis
3503 1393 3583 1449 ibi
3602 1369 3770 1454 esset

2116 1546 2218 1602 Cui
2253 1549 2333 1603 rei
2364 1549 2490 1622 ipsa
2530 1571 2597 1610 ex
2648 1561 2781 1612 voto
2831 1563 3128 1636 utcunque
3179 1567 3414 1624 credula
3461 1571 3767 1633 ecclesiam

2114 1636 2313 1693 statim
2347 1639 2508 1696 adire
2541 1646 2788 1714 studuit,
2827 1649 3024 1723 ibique
3056 1657 3262 1712 merita
3310 1662 3497 1717 sancti
3530 1666 3647 1719 toto
3680 1665 3771 1720 in-

2116 1739 2332 1826 vocans
2381 1732 2574 1798 corde,
2606 1734 2802 1792 divina
2845 1741 3048 1811 adjuta
3093 1745 3300 1816 gratia,
3335 1748 3578 1808 luminis
3617 1756 3774 1826 quod"

2116 1812 2644 1913 a_miserat__recepit
2673 1825 2950 1884 officium.
2985 1812 3147 1896 Quo‘d
3188 1812 3364 1893 etiam
3405 1841 3475 1896 ad
3525 1812 3770 1913 gloriam

2133 1904 2227 2046 Dlei
2279 1905 2596 2046 mtultorum
2658 1917 3028 1975 attestatione
3084 1925 3361 1982 continuo
3420 1904 3772 2000 patEfactun:

2133 2007 2159 2046 c
2186 2009 2312 2046 arui
2347 2035 2359 2046 .

2130 1993 2359 2048 claruit.

2204 2082 2341 2138 Post
2389 2083 2510 2140 hzsc
2552 2093 2746 2146 autem
2797 2094 2890 2150 die
2938 2095 3266 2159 Nativitatis
3297 2101 3483 2162 sancti
3533 2109 3776 2166 Joannis

2133 2170 2499 2270 Baptistzein
2531 2185 2812 2236 conventu
2847 2188 3047 2258 populi
3095 2194 3368 2263 maxime,
3399 2202 3620 2270 septem
3654 2200 3779 2255 lan-

2133 2261 2292 2356 guidi
2334 2281 2368 2319 a
2400 2264 2644 2324 diversis
2687 2277 2825 2327 sunt
2857 2274 3298 2339 infirmitatibus
3331 2261 3578 2343 liberati.
3615 2289 3778 2356 Quod

2135 2352 2272 2424 quia
2290 2370 2391 2424 per
2407 2356 2638 2428 singula
2651 2374 2920 2419 enarrare
2935 2383 3047 2422 non
3071 2375 3465 2430 necessarium
3481 2377 3777 2448 duximus,

2135 2443 2252 2497 duo
2283 2447 2478 2500 tamen
2509 2463 2708 2504 eorum
2740 2467 2865 2522 qua:
2908 2461 3142 2526 peracta
3173 2468 3311 2516 sunt
3362 2443 3779 2522 miraculorum

2135 2531 2480 2604 singulatim
2514 2538 2980 2608 perstrinximus,
3006 2563 3121 2617 quo
3154 2565 3222 2603 ex
3253 2549 3345 2605 his
3376 2553 3551 2609 etiam
3578 2559 3783 2610 caetera

2135 2621 2363 2715 valeant
2396 2624 2689 2682 intellectu
2725 2633 3022 2702 perpendi.
3060 2635 3275 2709 Nempe
3310 2657 3424 2695 una
3453 2658 3519 2696 ex
3543 2643 3687 2715 ipsis
3710 2644 3785 2700 fe-

2139 2710 2298 2766 mina
2330 2715 2597 2784 quazdam
2633 2717 2762 2788 fuit,
2787 2735 2854 2775 ex
2883 2720 3100 2778 villain
3127 2727 3388 2797 proximo
3410 2730 3522 2786 sita
3543 2710 3783 2788 iuidwi-

2136 2802 2474 2872 nenshusun,
2492 2805 2726 2862 nomine
2740 2807 2960 2878 Simod,
2977 2828 3104 2884 quae
3117 2813 3302 2872 tribus
3316 2824 3417 2874 aut
3438 2836 3504 2874 eo
3527 2821 3783 2894 amplius

2138 2891 2758 2951 mensibusoculorum
2783 2899 3009 2969 privata
3026 2899 3269 2972 lumine,
3284 2906 3500 2963 ibidem
3519 2891 3663 2964 nutu
3682 2908 3783 2965 Dei

2139 2981 2387 3052 gratiam
2403 2982 2661 3055 pristinae
2682 2985 2926 3043 visionis
2950 2992 3185 3064 recepit.
3205 2993 3395 3052 Altero
3410 3013 3543 3054 vero
3556 2999 3626 3054 de
3647 2999 3786 3056 villa

2139 3069 2327 3141 ipsius
2345 3069 2750 3139 loci,videlicet
2777 3076 3002 3146 Brema,
3020 3082 3240 3138 exstitit
3267 3085 3468 3142 morbo
3492 3091 3786 3145 contracta

2139 3159 2518 3232 femina,quaa
2543 3162 2601 3217 in
2626 3163 3024 3224 infantiadum
3048 3170 3287 3228 fortuito
3312 3174 3464 3246 ignis
3479 3177 3785 3233 adustione

2061 3249 2106 3321 α
2144 3249 2285 3320 pede
2315 3256 2690 3324 cremaretur,
2724 3254 2884 3310 nulla
2909 3257 3288 3317 subveniente
3314 3264 3602 3322 medicina
3641 3267 3784 3322 arti-

2141 3337 2254 3393 culi
2285 3356 2524 3396 sursum
2556 3342 2706 3398 versi
2739 3359 2884 3416 pene
2913 3363 2980 3402 ex
3009 3351 3127 3404 toto
3161 3351 3368 3421 pedem
3399 3353 3451 3408 ei
3490 3356 3784 3412 subverte-

2141 3427 2298 3482 bant.
2319 3429 2451 3494 Quae
2467 3429 2670 3486 multis
2683 3433 2853 3489 annis
2865 3435 3130 3492 eamdem
3143 3454 3421 3511 perpessa
3433 3433 3784 3500 molestiam.

2142 3517 2379 3588 praefato
2409 3517 2521 3586 die,
2556 3522 2783 3577 cunctis
2821 3524 3174 3594 astantibus,
3215 3529 3380 3600 pedis
3411 3535 3470 3586 et
3513 3531 3790 3588 articulo-

2143 3623 2274 3662 rum
2306 3608 2566 3663 extensio
2593 3609 2904 3667 sanitatem
2947 3617 3288 3686 promeruit.

2215 3697 2388 3752 Porro
2409 3714 2476 3753 ex
2506 3697 2700 3756 Larris
2717 3700 2785 3755 de
2802 3700 2937 3758 villa
2961 3702 3182 3761 Sluttra
3197 3709 3496 3778 vocabulo,
3523 3711 3788 3782 quaedam

2143 3787 2362 3843 femina
2394 3788 2502 3843 fuit
2532 3805 2636 3861 per
2677 3789 2894 3846 multos
2925 3808 3110 3850 annos
3157 3794 3480 3868 incurvata,
3514 3817 3641 3872 qua;
3674 3817 3789 3857 non

2144 3874 2313 3931 aliter
2344 3875 2643 3932 ambulare
2675 3879 2788 3935 nisi
2812 3881 3086 3938 manibus
3108 3887 3389 3956 reptando
3417 3891 3661 3960 poterat,
3687 3904 3790 3946 nec

2143 3965 2383 4020 omnino
2415 3983 2650 4022 sursum
2683 3969 2968 4040 respicere
3003 3989 3015 4026 :
3049 3973 3122 4027 ad
3163 3979 3525 4044 postremum
3559 3995 3792 4050 quoque

2144 4055 2224 4108 ita
2254 4054 2454 4110 morbo
2484 4061 2830 4128 perurgente
2861 4058 3160 4115 debilitata
3190 4062 3396 4131 fuerat,
3433 4068 3494 4118 ut
3522 4082 3658 4133 non,
3677 4067 3790 4122 nisi

2143 4149 2490 4214 portaretur,
2509 4143 2704 4218 aliquo
2731 4146 3000 4204 devenire
3018 4150 3304 4222 potuisset
3345 4151 3476 4216 Quae
3499 4154 3675 4208 etiam
3693 4154 3795 4212 ha-

2145 4233 2319 4289 bebat
2349 4233 2551 4301 tiliam,
2587 4251 2763 4308 quam
2795 4254 2864 4293 ex
2893 4237 3022 4310 ipsa
3065 4238 3313 4296 infantia
3345 4242 3540 4297 nativo
3569 4241 3792 4300 lumine

2144 4323 2372 4380 cmcitas
2394 4325 2824 4382 obscuraverat.
2849 4327 3007 4383 Hanc
3029 4329 3246 4401 itaque,
3271 4331 3472 4386 audita
3489 4331 3795 4388 miraculo-

2143 4429 2276 4467 rum
2305 4413 2541 4479 virtute,
2567 4413 2743 4470 simul
2771 4431 2905 4471 cum
2938 4416 3055 4473 filia
3077 4419 3388 4490 propinqui
3410 4419 3498 4474 vel
3524 4419 3695 4475 vicini
3719 4422 3791 4477 ad

2137 4501 2383 4573 januam
2436 4503 2767 4560 Bremensis
2799 4505 3134 4562 detulerunt
3173 4507 3448 4564 ecclesiae.
3483 4510 3615 4574 Quae
3648 4508 3792 4565 inibi

388 4596 679 4664 cederent,
713 4594 929 4667 illaque
956 4597 1332 4669 responderet
1363 4597 1475 4652 sibi
1507 4601 1643 4653 tunc
1675 4615 1790 4654 non
1839 4598 2031 4667 licere,

2146 4591 2354 4662 posita,
2375 4608 2508 4646 cum
2541 4593 2651 4648 ﬁde
2677 4593 2924 4650 aliorum
2947 4596 3225 4652 subvecta
3249 4597 3598 4665 advenisset,
3619 4599 3792 4654 mise-

387 4683 489 4738 sed
508 4683 567 4738 in
584 4683 906 4740 crastinum
926 4702 1095 4742 mane
1112 4675 1205 4743 die
1231 4685 1532 4742 Dominico
1549 4702 1611 4742 se
1623 4687 1801 4743 simul
1819 4688 2031 4744 ituras:

391 4771 492 4826 illa
507 4773 704 4830 statim
723 4777 950 4829 mature
967 4773 1223 4830 diluculo
1240 4790 1487 4846 surgens
1513 4791 1679 4830 suam
1703 4775 2042 4833 acceleravit

392 4861 596 4934 prmire
612 4863 935 4931 dominam,
958 4867 1130 4937 atque
1148 4864 1217 4919 ad
1239 4861 1566 4931 ecclesiam,
1593 4864 1846 4937 quadam
1866 4866 2042 4922 dedu-

388 4953 555 5005 cente
580 4967 641 5006 se
673 4950 930 5023 anicula,
955 4968 1160 5026 gressu
1193 4967 1502 5026 preperare
1532 4951 1733 5008 veloci.
1760 4955 1882 5020 Quo
1905 4971 2039 5011 cum

385 5040 764 5110 pervenisset,
802 5041 999 5114 ibique
1032 5041 1280 5098 orationi
1330 5041 1527 5097 dedita
1575 5040 1698 5098 solo
1749 5049 2041 5115 prostrata

339 5200 343 5204 .
388 5127 774 5196 incumberet,
790 5129 984 5186 subito
1011 5129 1191 5186 divini
1211 5130 1474 5189 muneris
1494 5131 1644 5187 dono
1666 5129 1868 5188 lumen
1895 5150 2043 5190 rece-

389 5215 476 5288 pit
527 5217 836 5274 amissum.
871 5217 1134 5292 Cumque
1183 5224 1313 5292 post
1363 5237 1491 5276 eam
1537 5219 1774 5277 veniens
1805 5222 2044 5279 domina

387 5303 576 5378 ipsius
617 5306 868 5364 basilica:
908 5312 1236 5382 penetraret
1277 5309 1506 5377 intima,
1540 5324 1786 5383 eamque
1817 5327 1884 5367 ex
1915 5312 2044 5386 ipsa

389 5392 624 5467 loquela
649 5402 1000 5474 praesentem-
1027 5397 1236 5453 adesse
1265 5404 1659 5470 cognosceret,
1702 5405 1936 5472 repente
1968 5402 2038 5456 ad

390 5481 555 5539 illam
578 5486 835 5550 accurrit,
852 5488 1113 5560 gaudens
1135 5490 1191 5546 et
1210 5486 1410 5543 dicens
1436 5505 1448 5544 :
1479 5485 1606 5544 Mea
1629 5488 1867 5544 domina
1887 5491 2038 5546 desi-

389 5571 784 5642 deratissima,
799 5576 1019 5647 gratias
1041 5575 1156 5634 Deo
1179 5574 1562 5649 omnipotenti
1589 5579 1647 5630 et
1667 5573 1871 5633 laudes
1894 5578 2038 5634 refe-

391 5679 476 5734 ro,
493 5664 632 5739 quia
649 5663 874 5725 meritis
896 5665 1048 5723 beati
1070 5665 1383 5728 Willehadi
1405 5671 1460 5724 te
1473 5664 1658 5728 oculis
1683 5665 1828 5724 meis
1845 5667 2040 5728 videre

2147 4679 2367 4734 ratione
2398 4681 2596 4736 divina
2620 4686 2676 4737 et
2696 4683 2766 4737 de
2788 4683 2918 4738 filiae
2942 4684 3366 4741 illuminatione
3393 4687 3645 4758 gaudere
3667 4704 3795 4759 pro-

2152 4768 2384 4836 meruit,
2417 4774 2473 4825 et
2512 4771 2888 4843 semetipsam
2931 4779 3168 4846 gestans
3201 4791 3265 4830 ac
3311 4791 3550 4830 sursum
3581 4779 3792 4844 erecta,

2153 4855 2400 4928 propriis
2431 4860 2731 4930 gressibus
2762 4865 2931 4917 notas
2963 4863 3255 4934 repedavit
3287 4863 3357 4919 ad
3391 4865 3579 4920 sedes.

2797 4986 3028 5042 CAPUT
3069 4987 3145 5044 III

2408 5100 2534 5155 Alia
2562 5101 2803 5172 quinque
2830 5101 2886 5157 S.
2926 5102 3215 5160 Willehadi
3237 5105 3529 5161 miracula.

2223 5221 2366 5274 Item
2399 5233 2467 5273 ex
2515 5217 2676 5274 Laris
2705 5218 2776 5273 de
2823 5217 2962 5272 villa
3002 5220 3321 5292 Falathmp,
3373 5222 3498 5276 dua:
3544 5219 3794 5287 feminae,

2152 5324 2270 5363 una
2299 5311 2594 5363 contracta
2619 5310 2675 5362 et
2705 5306 2887 5363 altera
2917 5307 3080 5373 orba,
3113 5325 3247 5364 cum
3281 5309 3352 5365 ad
3403 5310 3676 5366 eumdem
3712 5309 3797 5364 lo-

2150 5413 2284 5454 cum
2315 5397 2576 5454 deductae
2609 5396 2878 5462 fuissent,
2911 5397 3090 5452 divini
3125 5399 3386 5454 muneris
3417 5397 3683 5471 largitate
3715 5398 3800 5453 in-

2149 5487 2409 5543 columes
2440 5487 2509 5543 ad
2544 5485 2781 5558 propria
2805 5489 2947 5542 sunt
2977 5502 3236 5542 reversae.

2219 5577 2301 5632 Ex
2319 5591 2466 5650 pago
2499 5593 2573 5648 qu
2583 5590 2731 5647 eque
2758 5590 2937 5647 supra
2955 5575 3108 5630 dicto
3127 5577 3196 5631 de
3211 5574 3349 5631 villa
3369 5575 3798 5644 Bokkanhusun,

2150 5669 2392 5744 quidam
2423 5666 2761 5725 adolescens
2793 5663 2980 5726 multo
3002 5665 3129 5743 jam
3152 5669 3413 5742 tempore
3442 5665 3800 5744 paralyticus
