4102 6180
341 305 491 364 10ὶῖ

1294 301 1714 364 ANSCHARII
1759 297 2375 363 HAMBUBGENSIS
2421 299 2771 365 EPISCOPI

3588 304 3743 365 1028

338 439 411 492 ad
445 438 717 492 eumdem
753 435 944 491 locum
981 435 1285 501 deductus,
1319 435 1514 490 divino
1563 437 1709 490 nutu
1758 434 1981 491 incolu-
2011 436 2066 504 Α
2097 453 2283 509 usque
2315 435 2589 492 deorsum
2619 434 2872 509 paralysi
2905 435 3317 492 ita'contracta
3345 434 3554 504 extitit,
3579 439 3643 490 ut
3671 437 3742 491 de

336 524 525 581 mitati
559 525 815 598 pristina:
849 525 1134 580 redditus-
1161 524 1234 579 ad
1259 524 1494 596 propria
1525 524 1695 579 rediit
1727 541 1930 580 sanus.

2093 525 2377 582 membris
2407 525 2554 597 ipsis
2576 524 2721 580 nihil
2755 524 2989 597 penitus
3011 525 3271 594 sentiret,
3306 542 3412 582 nec
3441 542 3740 598 quoquam

407 620 686 670 Caeterum
731 614 800 669 de
851 629 998 686 pago
1046 613 1424 686 Ostarburge,
1459 629 1528 668 ex
1577 613 1717 668 villa
1747 613 1983 670 nomine
2089 611 2173 669 ire
2205 614 2318 670 nisi
2360 630 2496 670 cum
2544 612 2798 669 scabello
2850 630 2979 670 sese
3027 613 3310 670 trahendo
3361 617 3578 686 posset,
3614 631 3741 686 qua

331 703 779 769 Baldrikeswich,
795 703 1062 774 quaedam
1082 702 1316 769 femina,
1331 700 1610 757 vocabulo
1629 702 1858 769 Adsuit,
1887 719 1983 776 pa-

331 791 506 864 ralysi
537 789 704 846 valde
719 790 1038 863 graviteret
1068 791 1168 846 diu
1199 795 1569 857 vexata,cum
1602 793 1857 864 quadam
1890 792 1980 847 die

331 880 636 936 Dominica
658 897 722 934 eo
748 879 1000 935 adducta
1025 881 1250 948 fuisset,
1270 883 1326 936 et
1347 879 1515 935 multi
1538 882 1597 936 in
1630 881 1832 936 eadem
1863 882 1977 950 die,

329 972 552 1040 septem
575 965 841 1024 videlicet
869 967 956 1024 vel
989 973 1134 1036 octo,
1160 986 1229 1024 ex
1253 968 1498 1025 diversis
1520 969 1707 1026 curati
1732 971 1981 1027 fuissent

326 1055 809 1130 languoribus,ac
840 1063 973 1131 post
1000 1059 1194 1114 missae
1211 1058 1659 1114 celebrationem
1691 1059 1800 1115 hoc
1821 1059 1977 1116 idem

326 1145 539 1218 populo
562 1147 1024 1213 denuntiaretur,
1041 1151 1097 1203 et
1119 1164 1220 1220 pro
1243 1147 1520 1203 exhibitis
1543 1147 1976 1205 miraculistam

326 1234 514 1290 clerus
537 1253 715 1308 quam
745 1240 800 1292 et
821 1235 1074 1309 populus
1102 1235 1304 1293 laudes
1333 1241 1447 1292 Deo
1471 1237 1696 1293 debitas
1718 1237 1978 1293 modula-

325 1325 404 1380 tis
436 1325 773 1380 decanlaret
805 1326 1063 1393 vocibus;
1099 1326 1292 1381 subito
1326 1325 1454 1397 ipsa
1484 1342 1513 1382 e
1546 1326 1737 1381 medio
1778 1326 1976 1398 populi

326 1430 593 1486 surgens,
625 1415 696 1470 ad
730 1415 948 1487 gradus
993 1414 1215 1478 altaris,
1251 1415 1352 1469 ubi
1392 1413 1488 1469 alii
1539 1416 1738 1487 aegroti
1787 1415 1976 1470 sanati

316 1502 614 1573 jacebant,
650 1503 821 1574 cmpit
853 1520 1172 1558 accurrere.
1197 1503 1331 1568 Qua:
1354 1520 1487 1558 cum
1527 1520 1561 1558 a
1591 1503 1974 1560 circumstan-

322 1591 482 1647 tibus
516 1608 585 1647 ne
609 1591 667 1646 in
689 1591 933 1647 chorum
957 1592 1297 1648 clericorum
1321 1592 1654 1648 canentium
1679 1593 1822 1648 forte
1844 1611 1975 1666 pro-

324 1679 530 1746 siliret,
552 1681 785 1736 retineri
804 1680 1277 1753 conaretur,ipsa
1297 1682 1452 1753 quod
1475 1681 1585 1737 sibi
1621 1687 1974 1754 praeceptum

2091 703 2162 758 ad
2194 708 2465 759 sanctum
2495 701 2836 775 perveniens
2864 701 3080 772 locum,
3109 703 3341 759 Domini
3365 704 3740 760 miseratione

2088 792 2310 866 viribus
2343 792 2645 864 reparatis,
2680 792 2804 848 suis
2844 809 2907 868 se
2953 792 3201 864 pedibus
3237 809 3349 865 quo
3397 790 3582 847 voluit
3612 792 3741 864 ipsa

2090 881 2373 937 subvexit.

2742 997 2974 1054 CAPUT
3018 997 3091 1054 ιν

2404 1113 2528 1170 Alia
2557 1130 2655 1169 sex
2683 1115 2738 1170 S.
2777 1113 3079 1171 Willehadi
3105 1114 3398 1169 miracula.

2158 1238 2409 1304 Quidam
2439 1255 2572 1294 vero
2623 1239 2800 1294 homo
2831 1237 3126 1310 indigena,
3160 1254 3338 1293 causa
3375 1238 3737 1310 paupertatis

2085 1327 2502 1382 circumeundo
2526 1327 2817 1399 stipendia
2830 1344 3118 1398 quaerens,
3136 1328 3207 1382 ad
3231 1326 3533 1382 basilicam
3549 1326 3734 1382 sancti

2085 1417 2310 1471 dudum
2325 1420 2672 1472 convenerat
2691 1414 2999 1471 Alexandri
3019 1433 3031 1470 :
3055 1416 3154 1487 qui
3168 1415 3419 1472 habebat
3430 1414 3736 1471 filiastram

2085 1520 2284 1559 secum
2317 1503 2775 1558 circumeuntem
2794 1520 3027 1570 caecam,
3044 1503 3238 1574 etipse
3261 1519 3493 1575 quoque
3514 1502 3734 1574 duplici

2084 1609 2255 1664 pcena
2286 1590 2470 1646 multo
2500 1595 2760 1663 tempore
2773 1591 3122 1647 orbitantem
3142 1591 3461 1659 sustinens,
3482 1591 3581 1647 ubi
3600 1607 3735 1647 cum

2083 1685 2469 1752 morarentur,
2493 1679 2737 1752 contigit
2768 1679 2992 1735 meritis
3015 1680 3199 1735 sancti
3233 1679 3568 1752 prmdictam
3593 1679 3739 1735 ﬁlia-

325 1769 517 1837 fuerit,
555 1786 670 1841 quo
701 1775 834 1826 ante
866 1769 1047 1825 altare
1096 1787 1230 1824 cum
1282 1769 1412 1826 aliis
1459 1787 1586 1826 sese
1638 1770 1967 1840 collocaret,
2005 1805 2053 1871 B
2084 1776 2267 1825 stram
2299 1770 2487 1841 ipsius
2520 1769 2696 1824 unius
2743 1767 2895 1824 oculi
2927 1768 3211 1824 visionem
3263 1769 3577 1841 percipere.
3612 1769 3734 1834 Quo

321 1859 503 1913 menti
558 1858 732 1913 alacri
779 1859 1088 1914 fatebatur.
1122 1858 1328 1912 Visum
1382 1874 1636 1928 namque
1689 1859 1740 1913 ei
1787 1859 1973 1915 fuerat
2005 1857 2052 1871 "
2084 1860 2236 1914 dono
2266 1857 2592 1928 exhilarati,
2626 1857 2900 1913 ulteriora
2943 1858 3401 1930 progredientes,
3434 1858 3501 1912 ad
3536 1862 3733 1913 orato-

322 1947 476 2018 quod
510 1947 782 2002 sacerdos
813 1947 911 2018 qui
945 1947 1013 2001 de
1046 1945 1294 2001 aliorum
1339 1945 1588 2001 sanitate
1631 1947 1846 2019 populo
1870 1966 1975 2003 an-

324 2035 708 2101 nuntiaverat,
744 2034 794 2088 ei
827 2051 1061 2106 quoque
1092 2039 1155 2090 ut
1196 2052 1444 2108 surgens
1476 2052 1610 2090 cum
1643 2037 1865 2092 caeteris
1900 2039 1972 2092 ad

323 2122 502 2178 altare
529 2123 862 2194 procederet
883 2140 1060 2178 manu
1081 2124 1368 2179 annuerit.
1385 2125 1561 2195 Cujus
1587 2125 1868 2197 requisita
1891 2125 1975 2181 in-

322 2212 596 2266 ﬁrmitate
628 2229 693 2267 ac
735 2211 982 2267 sanitate
1031 2212 1335 2284 patefacta,
1370 2230 1573 2269 omnes
1605 2215 1673 2268 ad
1726 2214 1970 2270 laudan-

321 2299 456 2356 dam
487 2301 916 2372 omnipotentia:
944 2300 1150 2356 divina:
1179 2302 1567 2373 majestatem,
1594 2307 1767 2374 atque
1797 2303 1972 2359 extol-

320 2387 494 2444 lenda
517 2387 843 2443 beatissimi
864 2388 971 2442 viri
995 2389 1223 2454 merita,
1246 2394 1406 2445 tanto
1430 2389 1768 2460 instantius,
1793 2409 1973 2464 quan-

319 2483 378 2532 to
422 2481 478 2532 et
530 2477 734 2532 iterata
779 2478 990 2533 virtute
1041 2477 1376 2550 optabilius,
1411 2479 1581 2535 corde
1633 2483 1969 2552 compuncti

316 2563 707 2639 lacrymisque
739 2583 853 2638 prae
883 2567 1098 2639 gaudio
1129 2567 1350 2623 obortis
1379 2568 1569 2624 denuo
1603 2567 1824 2627 alacres
1845 2587 1968 2642 per-

315 2659 660 2713 sonuerunt.

385 2744 645 2817 Denique
667 2762 736 2800 ex
757 2745 1079 2801 Waldsatis
1094 2746 1361 2816 quaedam
1384 2746 1722 2803 fuitfemina
1743 2748 1813 2803 de
1831 2747 1966 2804 villa

311 2833 727 2901 Willianstedi,
754 2834 990 2889 nomine
1013 2834 1195 2902 lkkia,
1221 2851 1347 2907 quae
1370 2840 1591 2908 septem
1615 2837 1784 2892 annis
1803 2838 1963 2893 visus

313 2925 504 2980 fuerat
520 2923 836 2978 caecitatem
870 2940 1146 2995 perpessa
1169 2924 1291 2978 :eui
1313 2941 1448 2980 cum
1466 2925 1536 2980 de
1555 2925 1788 2997 praefato
1838 2926 1961 2982 loco

312 3012 488 3084 signa
520 3010 938 3067 miraculorum
963 3013 1089 3082 jam
1113 3013 1269 3067 fama
1293 3012 1571 3086 vulgante
1595 3014 1809 3087 ubique
1833 3032 1961 3088 per-

310 3102 762 3166 crebrescerent,
796 3101 1065 3172 quaedam
1093 3101 1281 3157 vicina
1307 3119 1415 3157 sua
1434 3105 1744 3160 exhortans
1765 3103 1910 3160 dixit
1939 3123 1952 3161 :

2081 1948 2235 2003 rium
2255 1951 2640 2020 pervenerunt
2661 1948 2972 2002 Bremense
2998 1964 3010 2002 :
3038 1946 3137 2001 ubi
3166 1947 3225 2001 in
3247 1947 3506 2002 oratione
3533 1947 3732 2017 positi,

2084 2035 2237 2092 beati
2255 2035 2570 2091 Willehadi
2589 2036 3002 2092 intercessione
3023 2034 3333 2107 multiplici
3353 2040 3494 2091 sunt
3514 2036 3732 2091 foenore

2084 2124 2272 2179 ditati.
2289 2125 2434 2180 Nam
2448 2130 2504 2179 et
2527 2125 2651 2196 ipse
2672 2123 2980 2179 amborum
3003 2123 3290 2179 visionem
3315 2124 3572 2196 percepit
3593 2141 3731 2178 ocu-

2081 2213 2294 2282 lorum,
2327 2218 2384 2269 et
2414 2213 2661 2268 ﬁliastra
2692 2213 2880 2284 ipsius
2909 2211 3148 2267 alterius
3173 2219 3406 2284 quoque
3439 2211 3732 2267 illumina-

2083 2302 2238 2358 tione
2285 2305 2374 2358 est
2426 2302 2644 2374 gavisa.
2678 2301 2838 2364 Quod
2884 2317 3018 2355 cum
3068 2299 3333 2356 ﬁdelium
3385 2303 3483 2373 qui
3530 2301 3731 2356 adfue-

2080 2397 2212 2447 rant
2237 2391 2682 2447 denuntiaretur
2710 2389 3066 2454 testimonio,
3099 2388 3267 2462 plebs
3299 2389 3492 2444 omnis
3531 2388 3727 2445 exsul-

2077 2481 2256 2537 tando
2287 2479 2521 2535 laudem
2552 2479 2668 2534 Deo
2701 2480 2879 2534 dedit.

2147 2571 2427 2625 Prmterea
2447 2586 2515 2625 ex
2535 2585 2683 2641 pago
2699 2567 2992 2624 Nordwidu
3009 2567 3250 2640 quidam
3275 2567 3449 2622 homo
3471 2567 3537 2622 ad
3558 2566 3656 2621 lim
3669 2567 3719 2620 i-

2075 2677 2151 2716 na
2173 2659 2480 2714 memorati
2497 2657 2770 2730 martyris
2784 2657 2921 2713 olim
2945 2657 3259 2712 transierat
3279 2655 3607 2722 Alexandri,
3621 2657 3724 2727 qui

2073 2754 2276 2804 mutus
2308 2747 2486 2802 simul
2517 2752 2573 2803 et
2615 2747 2832 2802 surdus
2876 2745 3102 2802 diutino
3150 2744 3347 2801 labore
3377 2745 3448 2801 ab
3481 2745 3728 2800 infantia

2075 2836 2393 2893 miserabili
2414 2836 2747 2909 potiebatur
2761 2836 3081 2904 vexatione,
3099 2833 3323 2890 meritis
3341 2834 3560 2906 praefati
3579 2833 3726 2889 Mar-

2071 2927 2216 3000 tyris
2247 2925 2515 2982 auditum
2557 2925 2832 2996 percepit.
2866 2924 3029 2979 Ultra
3075 2940 3210 2979 vero
3262 2923 3528 2986 tendens,
3561 2928 3620 2978 et
3649 2922 3721 2977 ad

2072 3015 2374 3072 basilicam
2418 3014 2750 3068 Bremensis
2796 3012 3062 3068 Ecclesia:
3113 3011 3481 3084 perveniens,
3515 3011 3724 3066 divina:

2070 3102 2358 3176 largitatis
2390 3101 2698 3158 clementia
2741 3100 2900 3173 loqui
2951 3101 3169 3175 pariter
3211 3105 3269 3155 et
3324 3100 3529 3156 audire
3558 3099 3725 3155 beato

309 3192 496 3256 Quare
528 3206 643 3246 non
677 3195 732 3245 et
764 3194 828 3244 tu
858 3195 1129 3246 sanctum
1160 3191 1253 3246 Dei
1294 3191 1597 3263 exquirere
1619 3194 1872 3259 conaris,
1898 3197 1960 3248 ut
2074 3174 2402 3248 Willehado
2434 3189 2839 3262 interpellante
2867 3174 3206 3269 promeruit.

308 3279 416 3335 tibi
448 3295 682 3351 quoque
715 3278 813 3334 lux
843 3279 1145 3334 oculorum
1189 3280 1478 3352 patefacta
1517 3281 1831 3338 clarescat?
1863 3282 1967 3339 llla

310 3373 505 3424 autem
526 3385 586 3424 se
604 3367 995 3424 libentissime
1021 3367 1254 3424 itavelle
1269 3370 1572 3441 respondit
1596 3389 1608 3426 :
1635 3386 1835 3426 verum
1859 3371 1965 3427 hoc

308 3450 540 3513 tantum
573 3474 679 3513 suo
712 3474 1036 3530 repugnare
1067 3458 1374 3525 desiderio,
1409 3461 1549 3531 quia
1579 3477 1694 3515 non
1728 3460 1965 3518 haberet

308 3547 632 3602 ductorem.
665 3546 767 3601 Cui
802 3545 903 3601 illa
933 3547 1122 3602 denuo
1150 3547 1452 3618 subjunxit
1478 3566 1490 3603 :
1525 3549 1684 3616 Ecce,
1711 3549 1760 3604 si
1783 3549 1964 3606 alium

309 3652 425 3691 non
460 3635 663 3701 habes,
698 3652 802 3706 ego
837 3639 888 3689 te
922 3636 1450 3706 quomodocunque
1483 3641 1682 3707 potero
1704 3637 1843 3693 illuc
1864 3639 1964 3694 de-

307 3725 539 3778 ducam.
565 3723 746 3792 Cujus
770 3723 870 3778 illa
891 3723 1268 3792 promissum,
1286 3725 1424 3795 quia
1443 3724 1600 3778 aliud
1621 3726 1731 3780 sibi
1751 3729 1967 3785 nescie-

304 3812 408 3865 bat
439 3809 753 3881 refugium,
789 3810 1227 3881 gratantissime
1267 3813 1505 3884 accepit.
1542 3814 1721 3870 Erant
1769 3821 1965 3874 autem

307 3899 494 3954 ambae
527 3897 914 3970 paupercula.
946 3902 1188 3972 Arrepto
1224 3901 1417 3973 itaque
1444 3901 1648 3959 itinere
1674 3905 1813 3978 ipsa:
1837 3907 1964 3962 duae

305 3987 741 4055 tantummodo,
772 3988 1006 4044 Domini
1050 4007 1250 4045 secum
1299 3991 1616 4047 comitante
1647 3995 1859 4066 gratia,
1891 3997 1964 4053 ad

303 4077 613 4150 praefatum
630 4077 865 4133 tandem
881 4083 1270 4150 pervenerunt
1283 4081 1812 4149 sanctuarium,ubi
1828 4101 1964 4140 cum

303 4165 509 4222 devote
540 4166 812 4238 precibus
863 4167 1222 4233 insisterent,
1255 4167 1355 4224 illa
1396 4186 1522 4240 quae
1555 4187 1706 4226 caeca
1752 4173 1960 4243 fuerat,

302 4255 497 4310 subito
545 4255 933 4323 illuminatur,
969 4259 1026 4311 et
1080 4272 1359 4312 conversa
1400 4258 1480 4313 ad
1525 4259 1744 4315 sociam
1794 4280 1959 4319 suam

301 4344 618 4398 subridens
651 4346 826 4414 atque
861 4344 1278 4417 congratulans
1310 4346 1486 4401 dixit.
1512 4347 1556 4403 Ο
1589 4365 1766 4420 quam
1794 4351 1960 4420 bene,

2146 3283 2288 3338 Item
2320 3299 2388 3336 ex
2420 3279 2582 3357 Laris
2603 3281 2673 3335 de
2693 3279 2831 3334 villa
2853 3278 3170 3346 Otishusun,
3195 3280 3506 3350 cujusdam
3531 3279 3728 3336 Fride-

2075 3373 2241 3428 berni
2264 3371 2385 3426 filia
2396 3368 2670 3426 omnibus
2686 3369 2967 3424 membris
2981 3368 3210 3423 diutino
3227 3369 3410 3423 fuerat
3429 3373 3728 3424 contracta

2075 3462 2377 3534 languore,
2413 3476 2539 3531 quae
2589 3459 2660 3514 ad
2709 3458 3044 3530 przedictam
3097 3458 3348 3513 deducta
3395 3456 3724 3524 basilicam,

2075 3568 2176 3623 per
2206 3549 2330 3606 dies
2359 3552 2580 3620 septem
2613 3547 3021 3620 gravissimam
3045 3546 3101 3600 in
3125 3562 3363 3618 corpore
3395 3545 3726 3599 molestiam

2076 3637 2330 3710 pertulit,
2368 3638 2447 3691 ita
2479 3641 2542 3690 ut
2565 3637 2690 3706 jam
2727 3651 2873 3707 pene
2893 3652 2961 3691 ex
2988 3633 3201 3689 animis
3235 3652 3348 3706 prz-r
3365 3632 3580 3688 doloris
3599 3649 3724 3688 cre-

2073 3729 2309 3783 deretur
2340 3725 2765 3797 magnitudine.
2790 3725 2899 3780 Sed
2934 3725 3192 3791 tandem,
3215 3723 3410 3778 divina
3432 3727 3726 3777 annuente

2074 3815 2384 3873 clementia
2412 3814 2599 3871 levius
2634 3813 2727 3886 agi
2759 3814 2961 3886 ccepit;
2995 3818 3053 3868 et
3082 3813 3154 3869 ad
3205 3813 3520 3884 pristinum
3557 3828 3726 3884 repa-

2073 3907 2200 3961 rata
2228 3903 2508 3970 officium,
2537 3902 2762 3958 meritis
2785 3902 2972 3957 sancti
2996 3901 3462 3957 incolumitatem
3486 3900 3724 3972 recepit,

2073 4011 2199 4066 quae
2214 3997 2517 4065 paternam
2537 3991 2793 4047 revisens
2814 3991 3078 4057 domum,
3093 3989 3366 4046 omnibus
3379 4005 3526 4044 sana
3548 4005 3725 4044 mem-

2071 4081 2216 4151 bris,
2250 4081 2590 4154 parentibus
2619 4097 2684 4135 ac
2715 4079 2924 4135 vicinis
2954 4078 3227 4135 festivum
3259 4077 3429 4151 plane
3459 4077 3725 4134 exhibuit

2073 4171 2380 4244 gaudium.

2145 4265 2218 4316 De
2249 4258 2569 4332 Steornigis
2609 4247 2840 4330 qucque
2882 4275 2950 4314 ex
2982 4256 3120 4312 villa
3160 4255 3573 4314 Grandikcbard
3601 4257 3718 4323 (aL,

2069 4349 2542 4417 Gandrikesard],
2581 4348 2849 4420 quaedam
2886 4347 3122 4413 femina,
3157 4345 3432 4401 Herimod
3463 4345 3716 4411 nomine,

301 4449 480 4505 quam
502 4433 647 4488 bene
670 4433 814 4487 mihi
839 4437 1006 4488 tuum
1032 4434 1277 4507 contigit
1297 4435 1534 4491 audisse
1551 4437 1882 4509 consilium,
1900 4447 1964 4497 ut
2056 4439 2304 4512 duobus
2335 4436 2504 4493 annis
2531 4437 2710 4492 surda
2738 4437 3033 4492 exstiterat
3058 4452 3069 4490 :
3107 4453 3234 4507 quae
3267 4435 3338 4490 ad
3373 4433 3718 4506 praedictum

306 4527 582 4577 sanctum
615 4521 716 4576 Dei
750 4523 1176 4594 perquirereml
1213 4539 1342 4578 ecce
1375 4540 1492 4578 una
1521 4527 1716 4581 tecum
1761 4527 1959 4586 lumen
1991 4545 2036 4610 D
2069 4527 2378 4584 deveniens
2407 4526 2622 4592 locum,
2657 4525 3068 4582 intercessione
3100 4524 3287 4579 sancti
3316 4522 3604 4579 audiendo
3636 4539 3725 4577 re-

302 4609 432 4667 coali
463 4609 648 4664 video.
673 4611 788 4665 Hoc
812 4611 1009 4683 itaque
1029 4611 1247 4666 factum
1274 4612 1476 4667 statim
1507 4612 1736 4684 publice
1760 4617 1962 4687 praedi-

299 4690 523 4762 catum,
558 4715 834 4772 magnam
866 4699 1096 4772 populis
1130 4701 1339 4755 divinae
1364 4701 1758 4761 miserationis
1789 4722 1953 4778 spem

301 4788 460 4844 dedit
495 4806 506 4843 :
543 4787 822 4860 quoniam
856 4788 1180 4843 secundum
1228 4787 1548 4844 Psalmista:
1593 4792 1838 4861 dictum,
1873 4794 1955 4850 illi

299 4877 610 4933 derelictus
640 4880 729 4932 est
762 4893 1000 4949 pauper.
1034 4877 1284 4948 Ideoque
1315 4881 1370 4932 et
1395 4878 1519 4949 ipse
1551 4882 1844 4954 refugium
1869 4888 1958 4940 est

300 4983 626 5038 pauperum
647 4966 705 5021 in
721 4965 1118 5033 tribulatione,
1135 4965 1358 5038 pupillo
1378 4983 1610 5040 quoque
1624 4974 1680 5025 et
1695 4971 1956 5043 orphano

299 5053 423 5124 ipse
455 5058 763 5126 promptus
795 5055 905 5111 erit
937 5055 1172 5126 adjutor
1199 5055 1368 5127 (Psal.
1413 5073 1488 5121 1x,
1540 5057 1652 5128 34).
1704 5059 1954 5132 Recepto

297 5141 496 5211 itaque
529 5141 770 5198 luminis
799 5144 927 5201 visu
950 5145 1080 5215 ipsa
1100 5144 1229 5214 jam
1253 5160 1366 5199 non
1386 5144 1543 5201 socia
1559 5147 1825 5217 ducente,
1851 5150 1951 5205 sed

295 5228 516 5302 pariter
547 5231 880 5300 comitante,
915 5233 985 5287 ad
1019 5249 1195 5288 suum
1246 5249 1391 5288 sana
1420 5235 1594 5291 rediit
1624 5238 1948 5309 tugurium,

295 5317 529 5376 Domini
561 5317 764 5374 laudes
804 5338 1034 5392 semper
1064 5322 1377 5390 cantando,
1405 5328 1462 5378 et
1509 5327 1800 5398 comparis
1831 5345 1948 5384 sua:

294 5405 576 5466 salutaria
595 5407 818 5462 monita
839 5410 1058 5480 gratias
1077 5411 1302 5482 jugiter
1324 5411 1624 5469 referendo
1647 5416 1944 5476 extollens.

366 5501 445 5553 De
473 5513 618 5571 pago
644 5496 849 5553 eodem
878 5498 1145 5570 quaedam
1170 5499 1390 5555 femina
1413 5517 1576 5574 aeque
1595 5504 1736 5562 Ikka
1751 5512 1950 5565 vocata

288 5589 503 5660 iuerat,
521 5603 647 5670 quae
671 5602 773 5666 per
796 5586 982 5645 multa
1009 5604 1298 5647 annorum
1331 5591 1622 5650 curricula
1653 5613 1686 5654 a
1711 5595 1946 5673 cingulo

2068 4618 2192 4672 dire
2221 4616 2454 4672 meruit.

2136 4707 2278 4762 ltem
2311 4705 2382 4759 de
2407 4703 2569 4759 Laris
2599 4704 2668 4759 de
2692 4702 2830 4758 villa
2859 4704 3200 4774 Falathorpe,
3235 4703 3362 4757 duae
3385 4699 3524 4756 illuc
3547 4700 3718 4756 adve-

2065 4800 2277 4852 nerunt
2306 4793 2557 4860 feminae,
2594 4810 2710 4848 una
2732 4790 3302 4862 incurvata,nomine
3327 4790 3649 4863 Hataburg,
3665 4795 3724 4844 et

2066 4885 2248 4941 altera
2263 4881 2677 4951 orba,nomine
2699 4883 3145 4954 Macswid,qua:
3169 4879 3435 4936 divinum
3457 4879 3538 4934 ibi
3559 4879 3724 4952 ﬂagi-

2065 4978 2256 5030 tantes
2281 4972 2641 5046 prmsidium,
2667 4972 2851 5027 amba:
2873 4987 3004 5027 cum
3039 4971 3304 5027 sanitatis
3333 4969 3550 5044 gaudio
3584 4985 3717 5041 pro-

2065 5064 2224 5136 prias
2255 5062 2421 5118 sedes
2453 5060 2794 5116 latabundae
2826 5061 3199 5132 repetierunt.

2139 5157 2317 5206 Porro
2339 5150 2592 5220 dell/age
2613 5148 2753 5204 villa
2773 5149 3299 5222 publica,quaedam
3322 5146 3720 5220 puellamulto

2066 5247 2327 5313 tempore
2358 5239 2632 5294 omnibus
2661 5239 2959 5295 infirmata
2988 5238 3270 5294 membris
3292 5235 3441 5292 nihil
3473 5237 3716 5291 omnino

2055 5330 2275 5386 virium
2307 5329 2365 5383 in
2395 5328 2627 5400 proprio
2660 5326 2944 5384 retinebat
2975 5344 3232 5400 corpore.
3263 5326 3348 5381 Ad
3394 5324 3717 5382 confessio-

2059 5435 2193 5476 nem
2223 5417 2422 5490 itaque
2452 5417 2701 5472 deducta
2731 5417 2940 5484 sancti,
2971 5417 3169 5472 divina
3197 5414 3489 5489 largitatis
3521 5413 3715 5469 muni-

2059 5508 2299 5566 ficencia
2326 5511 2382 5562 et
2405 5504 2617 5561 virium
2649 5505 3121 5579 possibilitatem,
3156 5510 3211 5562 et
3240 5505 3423 5561 totius
3453 5503 3716 5578 corporis

2059 5598 2274 5674 recepit
2305 5594 2640 5654 sanitatem.
