4026 6180
348 345 376 402 1
392 344 509 404 029

1014 473 1244 531 CAPUT
1283 475 1349 531 V.

677 582 802 637 Alia
831 589 1032 654 septem
1069 583 1368 640 Willehadi
1393 584 1686 640 miracula.

428 689 719 746 Caeterum
751 689 821 744 de
851 690 1069 745 Sturmi
1101 707 1169 746 ex
1200 689 1340 745 villa
1387 690 1594 758 Ekina,
1628 690 1895 764 quaedam
1929 690 2010 745 fe-

354 778 538 850 mina,
569 776 853 834 vocabulo
885 778 1170 845 Gerswid,
1192 777 1512 835 caecitatem
1545 778 1728 834 multo
1750 782 2010 851 tempore

353 884 550 941 passa,
585 866 644 922 in
676 867 880 922 eodem
911 866 1036 923 loco
1065 866 1276 938 posita,
1308 867 1529 924 lumine
1551 872 1640 925 est
1671 867 1894 941 privato
1915 868 2013 924 do-

355 962 514 1014 nata.

425 1043 709 1101 Similiter
737 1061 970 1116 quoque
987 1045 1057 1099 de
1073 1045 1394 1117 Sle-nthorpe
1409 1045 1539 1119 pagi
1564 1047 1653 1117 [[2,
1672 1045 1843 1120 pago]
1861 1063 2013 1118 quae-

355 1135 492 1192 dam
527 1134 748 1190 femina
776 1132 999 1190 diutius
1029 1150 1198 1199 caeca,
1231 1135 1373 1190 dum
1418 1135 1666 1191 orationi
1697 1135 2009 1190 decumbe-

355 1229 463 1292 ret,
497 1223 814 1280 auxiliante
844 1223 1010 1279 beato
1037 1223 1158 1279 viro
1187 1223 1431 1281 luminis
1471 1229 1560 1280 est
1598 1228 1799 1280 curata
1827 1241 2010 1280 reme-

359 1315 478 1370 dio.

432 1401 695 1473 Denique
725 1417 792 1456 ex
823 1400 1038 1469 Fresia,
1059 1401 1129 1457 de
1149 1399 1288 1456 villa
1308 1402 1622 1470 Vestanko,
1651 1401 1891 1472 quidam
1914 1418 2016 1457 εω-

359 1508 464 1548 cus
496 1491 584 1545 vir
616 1488 952 1546 Meinradus
983 1507 1049 1546 eo
1093 1489 1428 1557 adveniens,
1463 1507 1716 1562 superna
1751 1490 2012 1546 illustra-

357 1585 456 1635 tus
487 1578 698 1651 gratia,
733 1577 976 1634 luminis
1007 1577 1221 1650 recepit
1251 1579 1529 1634 officium.

430 1673 508 1723 De
542 1667 707 1724 Laris
736 1684 804 1723 ex
834 1666 972 1722 villa
1005 1667 1488 1723 Hahtlwreimund
1517 1668 1773 1739 nomine,
1808 1685 2012 1724 novem

361 1757 532 1813 annis
562 1763 792 1820 caecata,
827 1756 1186 1812 sanctissimi
1214 1756 1319 1811 viri
1353 1757 1624 1829 precibus
1658 1757 1827 1830 longe
1851 1761 2012 1830 opta-

359 1854 479 1902 tam
513 1845 592 1900 ibi
625 1845 880 1917 recipere
910 1845 1154 1902 visionis
1186 1846 1507 1918 promeruit
1539 1847 1810 1920 gratiam.

434 1937 518 1991 Ex
543 1933 866 2006 Wigmodis
898 1939 1115 2004 autem,
1150 1934 1220 1990 de
1249 1933 1388 1990 villa
1427 1935 2012 2007 Midlistanfadarwrtl,

365 2023 609 2096 quidam
636 2022 830 2089 homo,
865 2039 1043 2078 manu
1087 2022 1287 2080 multis
1332 2025 1651 2080 admodum
1684 2029 2016 2080 contractus

361 2113 556 2179 annis,
589 2111 804 2168 ibidem
840 2111 1083 2167 Domino
1115 2111 1404 2168 tribuente
1436 2113 1747 2169 incolumis
1778 2119 1866 2169 est
1895 2115 2018 2170 red-

363 2203 548 2257 ditus.

433 2291 578 2346 Item
613 2291 683 2346 de
715 2290 1044 2363 Wigmodis
1062 2306 1130 2346 ex
1155 2291 1290 2346 villa
1314 2292 2016 2358 ινεδινίςςιαηὺευενίαὶδίῡίἰ,

365 2380 609 2450 femina,
643 2379 1032 2451 Tbiadgardis
1067 2379 1324 2451 nomine,
1358 2381 1457 2435 diu
1479 2382 1658 2448 'caeca,
1693 2381 1908 2436 ibidem
1933 2386 2024 2437 est

367 2469 723 2524 illuminata.

442 2559 523 2614 De
561 2557 783 2614 Sturmi
828 2575 980 2626 vero,
1023 2574 1092 2613 ex
1137 2557 1274 2613 villa
1319 2558 1540 2628 Ekgnon
1574 2559 1694 2630 [al.,
1737 2561 2019 2631 Ekynon],

369 2648 533 2703 Akko
557 2645 799 2718 quidam
819 2646 1251 2717 vocabulo,jam
1276 2648 1528 2718 quodam
1554 2648 1611 2702 in
1644 2648 1880 2704 brachio
1903 2649 2023 2704 vul-

373 2741 612 2792 neratus
644 2736 834 2791 fuerat
858 2753 870 2790 :
895 2734 987 2790 cui
1019 2752 1151 2790 cum
1176 2734 1337 2791 nulla
1354 2736 1688 2792 subveniret
1709 2737 2020 2803 medicina,

369 2842 602 2881 armum
616 2825 688 2880 ad
705 2824 901 2879 omnia
913 2841 1089 2897 opera
1101 2825 1300 2880 multis
1313 2825 1484 2881 annis
1500 2825 1780 2881 inermem
1795 2825 2020 2882 habuit.

369 2914 474 2981 Qui
508 2913 612 2970 illo
644 2913 902 2983 veniens,
936 2919 992 2969 et
1031 2914 1258 2970 dierum
1309 2931 1552 2970 suorum
1601 2916 1848 2972 otiosam
1883 2933 2024 2970 con-

367 3021 497 3060 sum
507 3002 766 3076 ptionem
787 3001 1117 3075 deplorans,
1139 3002 1540 3075 auxiliumque
1562 3003 1712 3060 beati
1733 3003 1838 3059 viri
1859 3021 2025 3076 expo-

367 3093 641 3161 stulans;
676 3108 930 3165 superna
973 3092 1227 3147 donante
1257 3092 1470 3164 gratia,
1501 3109 1634 3148 cum
1680 3092 1779 3146 diu
1829 3092 2024 3148 dolore

368 3182 593 3238 brachii
626 3185 1012 3253 torqueretur,
1045 3181 1282 3236 tandem
1314 3185 1557 3236 sanatus
1584 3185 1908 3254 porrectam
1931 3197 2022 3236 ex-

373 3272 559 3328 tendit
581 3271 899 3326 dexteram.
922 3270 1031 3324 Pro
1054 3271 1222 3340 cujus
1240 3269 1639 3325 incolumitate
1661 3287 1793 3325 cum
1818 3287 2023 3326 omnes

371 3366 486 3416 Deo
517 3360 739 3433 gratias
770 3359 1085 3427 retulisset,
1113 3358 1209 3414 ille
1239 3359 1483 3414 domum
1515 3374 1782 3414 reversus
1813 3359 2026 3415 fiducia

375 3467 494 3506 suae
522 3450 645 3522 jam
677 3448 949 3504 sanitatis
979 3448 1314 3504 admonitus
1332 3452 1387 3502 et
1409 3449 1478 3503 de
1510 3447 1605 3502 Dei
1631 3447 2028 3503 misericordia

377 3539 707 3594 certissime
748 3538 1030 3604 conﬁsus,
1062 3553 1301 3592 uxorem
1334 3553 1500 3592 suam
1533 3553 1661 3608 quae
1691 3536 1876 3592 multo
1899 3537 2025 3608 jam

377 3634 640 3699 tempore
658 3627 715 3681 in
731 3625 984 3682 caecitate
1000 3629 1422 3697 permanserat,
1437 3641 1569 3680 secu
1581 3642 1636 3679 m
1658 3625 1779 3696 ipse
1793 3625 1862 3680 ad
1877 3642 2028 3680 eam-

381 3715 515 3768 dem
542 3713 766 3769 reduxit
783 3713 1109 3769 ecclesiam.
1134 3713 1241 3768 Ubi
1265 3730 1395 3768 cum
1422 3731 1525 3786 pro
1548 3729 1823 3769 concesso
1846 3729 2030 3768 reme—

387 3802 485 3858 dio
508 3803 595 3856 vir
614 3802 720 3857 ﬁde
741 3803 1164 3868 corroboratus,
1183 3800 1411 3857 mulieri
1436 3801 1808 3870 beneficium,
1825 3805 1881 3856 et
1903 3818 2030 3856 mu-

385 3889 739 3963 lierquoque
754 3891 855 3946 viri
868 3891 959 3946 sui
976 3890 1259 3946 doctrinis
1273 3889 1574 3945 admonita
1592 3889 1904 3944 Dominum
1920 3889 2031 3944 sibi

379 3979 680 4034 inhianter
707 3985 968 4052 posceret
997 3979 1201 4034 adesse
1233 3978 1574 4050 propitium,
1599 3977 1826 4034 coalitus
1850 3977 2031 4050 inspi-

379 4073 508 4124 rato
526 4068 770 4136 lumine,
787 4069 982 4124 subito
1002 4067 1214 4123 mulier
1229 4067 1382 4123 clare
1399 4067 1572 4140 cmpit
1594 4071 1802 4123 cuncta
1821 4067 2032 4123 videre:

376 4157 531 4230 quod
548 4157 752 4212 statim
769 4158 825 4212 in
841 4156 1054 4229 populo
1073 4155 1433 4212 declaratum
1452 4172 1666 4228 magna
1683 4155 1817 4210 ﬁdei
1831 4156 2038 4210 tribuit

379 4246 785 4312 incitamenta,
817 4251 872 4300 et
901 4249 1244 4300 cunctorum
1277 4244 1506 4300 animos
1536 4246 1608 4299 ad
1634 4243 2037 4300 credulitatem

381 4333 595 4390 divine
627 4334 994 4390 conﬁrmavit
1041 4333 1331 4405 potentiae.
1383 4333 1646 4406 Cumque
1697 4351 1801 4406 pro
1835 4350 2038 4390 eorum

383 4421 576 4478 salute
607 4421 796 4478 clerus
819 4438 885 4477 ac
913 4421 1167 4494 populus
1191 4426 1545 4492 personaret,
1574 4421 1683 4493 ipsi
1708 4423 1779 4476 ad
1807 4422 2043 4494 propria

384 4511 714 4584 gaudentes
744 4511 978 4578 reversi,
1012 4514 1171 4566 tanto
1201 4509 1452 4566 alacrius
1492 4514 1668 4581 atque
1716 4510 2042 4566 studiosius

387 4599 575 4654 labori
621 4603 920 4670 cmperunt
964 4599 1254 4665 insistere,
1283 4603 1502 4670 quanto
1552 4614 1613 4654 se
1652 4599 2047 4655 meminerunt

389 4688 574 4744 otiose
604 4693 877 4744 vacantes
908 4687 1031 4744 dies
1062 4687 1281 4744 multos
1312 4693 1482 4744 antea
1511 4689 1860 4760 perdidisse.

1047 4793 1278 4851 CAPUT
1317 4794 1394 4848 VI

640 4903 766 4958 Alia
797 4903 1038 4975 qui-nque
1067 4901 1124 4956 S.
1163 4905 1249 4957 IV
1249 4901 1478 4957 z‘llehadi
1505 4903 1800 4958 miracula.

466 5007 546 5064 De
578 5009 744 5066 Laris
768 5026 1002 5082 quoque
1024 5013 1301 5082 concepta
1324 5010 1448 5080 jam
1471 5009 1695 5064 dudum
1718 5008 1915 5064 divina
1933 5025 2049 5064 cre-

384 5103 604 5154 verunt
635 5097 939 5156 miracula.
973 5099 1120 5155 Nam
1152 5099 1392 5172 quidam
1424 5098 1775 5171 Bboudwig,
1810 5115 1878 5154 ex
1917 5097 2055 5154 villa

387 5186 670 5253 Stenbz'ke,
691 5187 881 5245 tribus
903 5189 1074 5245 annis
1096 5193 1317 5261 mutus,
1338 5205 1471 5243 cum
1487 5188 1630 5243 inibi
1650 5187 1876 5260 positus
1893 5188 2054 5244 auxi-

388 5274 539 5330 lium
574 5275 726 5331 beati
750 5278 857 5333 viri
887 5278 1227 5350 imploraret
1257 5278 1490 5346 tacitus,
1512 5276 1707 5333 divina
1739 5277 2054 5333 miserante

389 5364 606 5438 gratia,
639 5371 839 5440 aperto
885 5385 984 5425 ore
1038 5367 1231 5424 subito
1281 5365 1515 5424 Domini
1565 5367 1737 5438 erepit
1783 5382 2053 5423 enarrare

395 5453 721 5526 magnalia.

471 5541 615 5598 Item
628 5544 701 5599 de
723 5544 858 5601 villa
881 5547 1185 5620 Restare/let
1208 5545 1332 5619 [al.,
1363 5542 1758 5616 Rebrereilet],
1785 5543 2052 5615 quaedam

394 5632 620 5690 femina
642 5632 848 5691 multis
872 5634 1058 5694 fuerat
1083 5634 1253 5692 annis
1295 5634 1496 5690 morbo
1528 5632 1609 5690 ita
1639 5636 1954 5703 contracta,
1991 5639 2054 5693 ut
2133 5644 2136 5646 ’

1289 341 1392 404 DE
1435 341 1620 405 VITA
1665 342 1769 404 ΕΤ
1811 340 2234 404 MIRACULIS
2282 343 2322 405 S
2366 343 2841 409 WILLEHADI.

3604 361 3760 422 1030

2033 480 2086 544 Α
2118 494 2221 533 nec
2252 477 2309 562 in
2341 477 2485 535 lecto
2516 497 2579 536 se
2606 479 2665 535 in
2698 481 2940 562 alteram
2973 488 3440 562 partemabsque
3471 491 3761 562 adjutorio

2119 553 2317 621 posset
2347 567 2594 619 movere,
2626 568 2730 608 nec
2763 551 2943 610 nllius
2973 551 3220 612 membri
3274 551 3471 632 aliqua
3517 551 3762 635 prorsus

2121 641 2534 698 commoditate
2565 644 2870 714 potiretur.
2899 643 3082 708 Quam
3117 663 3246 702 cum
3278 649 3448 704 amici
3473 652 3584 706 fide
3607 653 3762 708 exci-

2124 729 2224 784 tati
2258 730 2329 784 ad
2361 731 2789 788 confessionem
2839 733 3190 790 deveherent
3235 738 3440 805 sancti,
3476 739 3670 813 ibique
3703 741 3760 797 in

2121 817 2310 873 medio
2330 818 2520 891 posita
2531 820 2793 892 grabato,
2811 839 2875 877 ac
2903 823 2952 878 si
2974 823 3180 880 feretro
3193 831 3474 899 tanquam
3492 845 3768 900 premor-

2120 908 2220 961 tua
2251 907 2582 976 decubaret,
2615 910 2806 967 subito
2838 928 2982 967 sana
3004 913 3276 984 prosiluit
3305 932 3336 972 e
3366 915 3536 984 lecto,
3570 923 3626 973 et
3645 934 3770 990 pro-

2120 1012 2401 1067 rumpens
2433 996 2490 1050 in
2545 999 2805 1054 medium
2856 999 3061 1057 laudes
3110 1002 3455 1061 concinebat
3501 1007 3766 1064 Domino.

2119 1083 2234 1139 Ncc
2251 1085 2378 1155 jam
2411 1101 2625 1142 curans
2654 1088 2883 1160 grabati
2917 1090 3206 1161 praesidia,
3244 1091 3300 1147 in
3328 1110 3468 1165 pace
3502 1095 3767 1164 dimissa,

2119 1171 2271 1227 viam
2307 1189 2425 1245 qua
2456 1175 2694 1232 advecta
2717 1177 2923 1245 fuerat,
2957 1179 3206 1251 propriis
3237 1182 3540 1253 gressibus
3571 1186 3774 1241 ambu-

2121 1259 2280 1316 labat
2310 1262 2618 1336 intrepida.

2192 1350 2368 1406 Porro
2399 1353 2470 1408 de
2499 1353 2634 1409 villa
2664 1356 2932 1412 Bouchem
2962 1374 3031 1412 ex
3061 1375 3209 1432 pago
3235 1361 3595 1434 Lobingabo,
3616 1380 3771 1436 quae-

2121 1439 2257 1494 dam
2289 1439 2508 1497 femina
2541 1442 2771 1499 Hiberin
2805 1445 3182 1515 [al.,Siberin]
3213 1451 3771 1520 vocata,cuminfir-

2125 1527 2325 1585 mitate
2357 1536 2594 1603 cogente
2615 1534 2892 1590 omnibus
2913 1541 3066 1591 esset
3091 1537 3372 1593 membris
3405 1539 3773 1612 invalida,ita

2125 1623 2188 1672 ut
2219 1617 2361 1673 nihil
2397 1620 2445 1674 ei
2478 1620 2690 1676 virium
2733 1622 2792 1676 in
2842 1625 3076 1696 proprio
3124 1631 3278 1681 esset
3324 1643 3584 1699 corpore,
3619 1629 3772 1684 beati

2123 1706 2230 1761 viri
2262 1707 2485 1764 meritis
2525 1709 2740 1766 ibidem
2785 1712 3094 1769 sanitatem
3141 1715 3349 1788 adepta
3393 1721 3481 1772 est
3524 1716 3774 1791 integer-

2125 1813 2358 1852 rimam.

2201 1885 2426 1941 Rursus
2458 1887 2527 1942 de
2559 1888 2722 1944 Laris
2752 1907 2819 1944 ex
2847 1889 2984 1946 villa
3015 1891 3472 1963 Eggn'keslmsun,
3507 1897 3773 1968 quadam

2129 1973 2346 2029 femina
2375 1975 2450 2029 ab
2488 1977 2732 2032 infantia
2775 1977 2856 2033 ita
2903 1981 3201 2038 exstiterat.
3253 1999 3482 2052 manca,
3517 1989 3580 2040 ut
3633 1984 3776 2040 nulli

2130 2079 2390 2134 unquam
2423 2066 2553 2119 usui
2587 2067 2772 2137 aptari
2807 2067 2988 2123 altera
3019 2069 3190 2124 fuerit
3218 2087 3450 2138 manus,
3483 2089 3612 2145 quae
3643 2089 3776 2128 cum

2127 2151 2186 2205 in
2219 2157 2422 2207 sancto
2455 2154 2640 2225 posita
2675 2154 2797 2210 loco
2829 2155 3114 2212 auxilium
3146 2158 3352 2214 divina:
3385 2161 3779 2218 miserationis

2129 2242 2301 2296 corde
2321 2243 2819 2313 posceretintimo,
2837 2244 3032 2300 subito
3050 2263 3194 2302 sana
3209 2248 3780 2320 manibusplaudens

2130 2330 2846 2402 utrisque,jubilationem
2878 2339 2988 2390 Deo
3022 2334 3078 2389 in
3111 2353 3244 2392 voce
3277 2339 3553 2394 reddebat
3584 2339 3779 2394 exsul-

2130 2419 2388 2491 talionis.

2204 2509 2313 2564 Sed
2347 2514 2401 2564 et
2422 2509 2492 2565 de
2525 2510 2862 2569 Liastmona
2883 2515 3150 2586 quaedam
3181 2515 3368 2572 fuerat
3389 2517 3600 2574 ancilla
3621 2535 3784 2574 vene-

2133 2598 2296 2653 randi
2337 2599 2568 2654 comitis
2620 2600 2963 2670 Hirimanni,
3000 2621 3178 2674 quam
3211 2605 3334 2676 ipse
3383 2624 3560 2663 causa
3589 2608 3782 2680 operis

2133 2686 2361 2742 textrini
2397 2688 2453 2741 in
2484 2689 2658 2744 domo
2689 2707 2796 2746 sua
2822 2691 3039 2746 Hetbas
3070 2709 3203 2747 cum
3237 2693 3367 2748 aliis
3397 2695 3624 2750 ancillis
3655 2712 3782 2752 esse

2133 2781 2500 2848 prazceperat.
2536 2779 2668 2842 Quae
2691 2795 2823 2834 cum
2858 2779 3072 2835 ibidem
3109 2782 3296 2852 posita
3318 2781 3609 2837 dominico
3635 2783 3782 2839 ines-

2135 2871 2224 2921 set
2259 2867 2513 2935 servitio,
2548 2867 2774 2923 occulto
2805 2868 3065 2940 quidem,
3099 2871 3201 2926 sed
3231 2875 3386 2926 recto
3418 2871 3516 2926 Dei
3554 2872 3782 2942 judicio

2134 2955 2280 3012 alias
2311 2973 2474 3021 sana,
2508 2955 2749 3028 loquela":
2771 2961 3000 3013 tantum
3029 2963 3118 3014 est
3137 2958 3450 3015 amissione
3483 2960 3780 3017 damnata.

2135 3047 2257 3110 Qua
2288 3063 2419 3100 cum
2451 3045 2671 3102 diutius
2702 3045 2972 3102 molestia
3008 3053 3389 3120 premeretur,
3425 3065 3529 3106 nec
3559 3048 3784 3122 aliquid

2135 3151 2374 3206 prorsus
2416 3133 2708 3206 loquendo
2758 3152 3030 3191 resonare
3060 3135 3293 3204 valeret,
3346 3139 3660 3209 praedictus
3690 3157 3784 3196 co-

2054 3217 2096 3283 C
2135 3239 2258 3277 mes
2292 3223 2663 3279 miseratione
2687 3224 2918 3279 Domini
2940 3230 3348 3295 compunctus,
3383 3225 3708 3282 libertatem
3733 3228 3785 3282 ei

2136 3327 2238 3382 pro
2271 3311 2478 3365 animm
2511 3328 2628 3366 suae
2651 3311 2859 3367 tribuit
2885 3312 3139 3367 remedio
3165 3329 3176 3366 :
3209 3311 3408 3384 sicque
3430 3313 3564 3368 inde
3588 3314 3788 3369 dimis-

2135 3415 2261 3454 sam
2295 3399 2366 3454 ad
2399 3400 2634 3472 propria
2674 3400 2860 3456 redire
2910 3401 3179 3473 permisit
3226 3400 3492 3458 liberam.
3527 3401 3789 3458 Deducta

2136 3487 2317 3559 igitur
2346 3507 2378 3542 a
2408 3489 2744 3555 comitibus,
2764 3491 2836 3545 arl
2864 3491 3131 3545 Bremam
3160 3491 3440 3562 pervenit,
3470 3492 3791 3564 statimque

2137 3575 2443 3632 ecclesiam
2461 3578 2619 3633 adire
2651 3579 2854 3634 devota
2872 3580 2960 3651 (ut
2981 3579 3258 3650 creditur)
3279 3578 3596 3635 intentione
3622 3596 3788 3636 cura-

2138 3666 2240 3720 vit.
2276 3666 2539 3738 Namque
2572 3683 2765 3722 rerum
2814 3669 3014 3723 effectu
3049 3667 3259 3723 claruit
3288 3667 3427 3740 quid
3474 3668 3602 3740 ipsa
3634 3669 3791 3724 fideli

2145 3761 2338 3810 mente
2373 3756 2723 3812 tractaverit.
2760 3757 3080 3829 Properans
3130 3757 3349 3830 quippe
3388 3758 3457 3813 ad
3516 3758 3670 3814 fores
3699 3775 3796 3814 ec-

2144 3843 2352 3911 clesiae,
2386 3845 2586 3900 statim
2632 3846 3094 3902 misericordiam
3138 3847 3368 3902 Domini
3405 3847 3519 3901 sibi
3569 3847 3797 3903 obviam

2145 3933 2348 3988 sensit.
2382 3933 2528 3987 Nam
2563 3933 2618 3986 in
2653 3934 2779 4004 ipso
2801 3934 3040 3990 introitu
3067 3935 3342 4002 basilicae,
3370 3952 3504 3991 eum
3536 3936 3802 4009 ingrede-

2145 4025 2304 4077 retur
2328 4021 2480 4077 fores
2511 4021 2663 4086 atrii,
2700 4023 3116 4094 impedimento
3151 4023 3362 4095 linguae
3394 4029 3628 4095 repente
3649 4042 3802 4081 reso-

2146 4110 2288 4176 luto,
2323 4109 2499 4165 altius
2528 4109 2852 4166 exclamare
2884 4128 2947 4167 ac
2982 4111 3184 4166 laudes
3225 4112 3338 4167 Deo
3371 4128 3578 4167 canere
3630 4113 3805 4184 cazpit

2147 4199 2330 4271 Cujus
2358 4215 2494 4255 cum
2525 4215 2766 4254 causam
2801 4217 2994 4256 coram
3048 4199 3220 4270 positi
3256 4199 3641 4270 requirerent,
3674 4216 3802 4272 quae

2149 4293 2312 4360 gesta
2345 4289 2574 4344 fuerant
2619 4287 2791 4360 plane
2837 4305 2903 4344 ac
2951 4288 3206 4344 dilucide
3253 4287 3563 4343 enarravit.
3596 4288 3804 4361 Sicque

2149 4378 2272 4434 hmo
2297 4378 2483 4434 virtus
2513 4377 2765 4434 aliorum
2797 4379 2971 4433 etiam
3005 4375 3339 4432 testimonio
3367 4376 3424 4430 in
3459 4375 3673 4448 populo
3704 4377 3803 4431 de-

2153 4467 2386 4536 clarata,
2421 4469 2575 4524 beati
2623 4467 2729 4522 viri
2780 4467 2987 4523 merita
3037 4465 3359 4522 cumulavit
3404 4464 3635 4520 eximia.
3671 4466 3804 4530 Quae

2076 4587 2121 4652 Π
2156 4557 2290 4612 inde
2321 4557 2391 4612 ad
2424 4562 2726 4630 paternam
2759 4573 2821 4612 se
2851 4555 3207 4611 transferens
3232 4555 3497 4622 domum,
3522 4569 3655 4608 cum
3678 4553 3809 4624 ipsa

2155 4644 2360 4701 hilaris
2393 4647 2502 4702 iret
2531 4664 2595 4702 ac
2628 4645 2776 4713 laeta,
2813 4644 3062 4701 sanitate
3094 4642 3270 4699 simul
3303 4659 3369 4698 ac
3402 4641 3670 4696 libertate
3702 4640 3805 4696 do-

2155 4738 2311 4801 nata,
2341 4739 2611 4806 parentes
2644 4751 2872 4806 quoque
2904 4749 2968 4787 ac
3011 4732 3368 4806 propinquos
3402 4746 3470 4785 ex
3521 4745 3627 4785 suo
3673 4728 3809 4784 fecit

2159 4823 2410 4878 adventu
2441 4840 2507 4879 ac
2541 4822 2922 4895 prosperitate
2952 4821 3222 4894 gaudere.

2801 4946 3033 5003 CAPUT
3070 4945 3172 5002 VII

2447 5067 2573 5121 Alia
2602 5073 2801 5137 septem
2829 5064 2886 5119 S.
2917 5062 3204 5120 Willchadi
3228 5061 3522 5116 miracula.

2235 5183 2377 5238 Item
2402 5182 2472 5237 de
2495 5180 2719 5236 Bremis
2736 5178 2930 5253 puella
2945 5179 3210 5251 quedam
3243 5175 3482 5232 nomine
3508 5174 3818 5249 Wige,diu

2164 5276 2346 5339 muta,
2381 5275 2434 5326 et
2469 5271 2745 5326 omnibus
2763 5285 2994 5342 quoque
3012 5267 3294 5324 membris
3314 5270 3632 5332 contracta,
3653 5265 3734 5319 ita
3757 5268 3820 5318 ut

2163 5377 2279 5416 non
2313 5360 2508 5433 aliquo
2542 5359 2653 5416 nisi
2688 5359 2758 5413 ab
2789 5357 2921 5413 aliis
2951 5356 3143 5413 delata
3171 5373 3301 5412 sese
3337 5355 3653 5412 transferre
3685 5367 3818 5423 pos—

2164 5456 2272 5519 set,
2307 5451 2365 5506 in
2407 5450 2606 5506 eodem
2658 5447 2782 5504 loco
2837 5445 3062 5502 meritis
3109 5445 3265 5502 beati
3312 5444 3440 5513 viri,
3473 5448 3530 5498 et
3574 5437 3818 5511 loquelae

2165 5557 2362 5608 usum,
2397 5544 2455 5594 et
2480 5538 2877 5594 membrorum
2909 5535 3176 5592 omnium
3207 5534 3423 5607 recepit
3451 5528 3734 5587 officium.

2545 5627 2722 5685 etiam
2754 5627 2825 5683 de
2881 5627 3160 5702 Upriustri
3189 5623 3454 5700 quaedam
3499 5617 3721 5675 femina
3750 5631 3822 5676 ex
