4102 6180
372 289 518 353 1031

360 513 659 580 'l‘ethileis,
688 511 932 568 Domino
962 509 1299 580 auxiliante,
1334 510 1550 566 ibidem
1580 513 1669 566 est
1700 512 1925 566 sanata.

430 637 512 693 De
541 635 870 709 Wigmodis
900 639 1200 701 autem,ex
1220 634 1356 691 villa
1369 635 1765 704 Medemahem,
1789 635 2009 691 femina

359 727 646 797 quaedam,
671 725 772 780 Ida
799 723 1101 792 vocabulo,
1122 721 1329 780 novem
1351 726 1522 781 annis
1538 724 1857 780 cacitatem
1880 742 2009 797 pas-

354 830 440 881 sa,
474 813 693 868 ibidem
721 812 952 868 Domini
982 813 1172 884 gratia
1199 813 1503 869 oculorum
1551 813 1765 869 donata
1793 817 1882 869 est
1914 813 2004 869 lu-

354 901 527 956 cidua
555 901 835 958 claritate.

421 1024 704 1081 Caeterum
737 1026 808 1081 de
841 1026 1048 1081 Riustri
1077 1041 1144 1082 ex
1182 1026 1319 1082 villa
1359 1027 1699 1098 Smalo-nﬂet,
1733 1027 1998 1099 quaedam

351 1114 589 1180 femina,
617 1113 838 1171 Dissith
861 1114 1183 1184 nominata,
1209 1132 1311 1188 per
1333 1116 1605 1171 undecim
1629 1133 1861 1172 menses
1884 1133 1998 1171 uno

348 1203 514 1259 oculo
547 1208 775 1270 caecata,
810 1203 905 1260 ille
938 1205 1274 1274 adveniens,
1297 1203 1450 1260 beati
1485 1204 1589 1259 viri
1623 1204 1847 1260 meritis
1873 1221 1996 1260 am-

347 1292 554 1348 borum
589 1308 650 1348 se
673 1293 872 1367 gavisa
899 1297 988 1349 est
1018 1294 1264 1366 potitam
1296 1291 1538 1349 lumine.

417 1435 653 1492 Femina
673 1436 939 1508 quaedam
970 1453 1039 1491 ex
1062 1435 1202 1490 villa
1224 1435 1555 1507 Thadingen,
1589 1435 1876 1507 Egilmate
1898 1453 1995 1490 vo-

344 1528 474 1581 cata
504 1526 713 1591 fuerat,
747 1542 874 1596 quae
916 1524 1087 1598 longo
1131 1529 1393 1596 tempore
1427 1524 1630 1579 morbo
1677 1523 1994 1596 paralytico

341 1614 702 1670 horrendum
735 1614 792 1668 in
826 1615 1066 1669 modum
1089 1614 1324 1681 afllicta,
1359 1614 1594 1669 tandem
1619 1613 1994 1670 miseratione

341 1703 538 1759 divina
567 1704 636 1758 ad
688 1709 956 1759 sanctum
1003 1704 1345 1775 perveniens
1398 1702 1612 1769 locum,
1648 1702 1989 1774 ibidemque

1658 282 2074 348 ANSCHARII
2121 285 2520 348 EPISTULA

360 424 560 480 dextra
593 429 756 496 parte
787 442 822 480 a
866 427 1123 496 tempore
1168 419 1486 478 nativitatis
1518 436 1747 490 manca,
1773 419 2014 477 nomine
2042 421 2097 487 Α

3625 288 3780 350 1032

2751 434 2983 492 CAPUT
3023 434 3151 493 VIII

2362 543 2652 601 Conclusio
2682 544 3083 601 miraculorum
3106 541 3163 599 S.
3202 545 3533 602 Willehadi.

2191 651 2448 706 Fuerunt
2466 655 2740 723 praeterea
2763 651 2932 707 multi
2947 669 3125 708 causa
3139 654 3549 725 recuperandae
3562 655 3770 711 salutis

2117 739 2188 794 ad
2223 740 2495 795 eumdem
2526 739 2720 796 locum
2751 745 3153 813 properantes,
3191 741 3417 798 meritis
3447 743 3770 800 beatissimi

2114 828 2409 900 pontiﬁcis
2440 829 2498 884 in
2528 829 2622 884 via
2669 831 2882 898 sanati,
2915 847 3163 902 quorum
3197 830 3450 886 aliorum
3499 833 3766 889 relationi

2113 917 2369 972 innotuit
2385 917 2629 989 sanitas,
2645 918 2784 990 quia
2804 935 3176 992 nequaquam
3193 920 3329 991 ipsi,
3348 919 3432 975 uti
3456 928 3758 993 cmperant,

2111 1005 2305 1062 locum
2328 1012 2597 1063 sanctum
2630 1013 2896 1080 expetere
2925 1011 3276 1064 curaverunt
3303 1025 3316 1063 :
3341 1026 3542 1064 verum
3575 1013 3760 1083 magis

2112 1095 2361 1152 sanitate
2381 1097 2604 1162 donati,
2640 1113 2708 1152 ex
2738 1097 2946 1153 itinere
2977 1099 3285 1153 redeuntes
3316 1099 3388 1153 ad
3414 1098 3649 1170 propria
3684 1101 3765 1155 fe-

2110 1183 2248 1239 stini
2281 1201 2412 1240 eum
2453 1185 2664 1257 gaudio
2689 1190 2827 1241 sunt
2851 1187 3089 1252 reversi,
3113 1185 3429 1242 Dominum
3451 1190 3508 1242 et
3529 1189 3764 1244 beatum

2108 1273 2502 1330 Willehadum
2534 1275 2865 1348 magniﬁcis
2894 1274 3169 1330 laudibus
3199 1275 3603 1347 prmdicantes.

2178 1361 2394 1418 Verum
2439 1380 2565 1430 nos,
2610 1381 2680 1420 ne
2733 1363 3011 1436 prolixior
3057 1365 3311 1420 narratio
3359 1381 3604 1421 onerosa
3659 1368 3759 1422 ﬁat

2105 1449 2458 1523 legentibus,
2479 1451 2600 1508 hac
2617 1457 2671 1508 et
2694 1451 2808 1508 alia
2828 1452 3014 1508 multa
3050 1453 3499 1519 intermisimus,
3525 1471 3649 1526 qua:
3676 1461 3759 1511 ta-

2107 1555 2240 1594 men
2269 1539 2660 1612 plurimorum
2691 1557 2788 1596 ore
2817 1541 3054 1613 vulgata
3088 1542 3145 1595 in
3176 1540 3408 1614 populis
3440 1541 3752 1599 habentur.

2105 1627 2328 1700 Corpus
2360 1633 2554 1685 autem
2587 1628 2775 1702 ipsius
2803 1630 3009 1696 sancti,
3044 1629 3198 1701 quod
3223 1631 3349 1700 jam
3395 1635 3535 1684 tunc
3567 1649 3601 1685 a
3628 1631 3756 1688 loco

2103 1717 2484 1788 requietionis
2516 1735 2633 1773 suae
2657 1719 2712 1772 in
2747 1717 2988 1773 alteram
3013 1717 3362 1773 translatum
3389 1719 3570 1773 fuerat
3594 1718 3757 1774 basi-

340 1792 624 1849 ίῐιείευῖθῐ·
655 1793 838 1848 Deum
870 1793 1209 1863 deprecans.
1245 1791 1495 1864 paralysi
1525 1791 1788 1855 iibemta,
1821 1807 1984 1862 1⁵9ρᾶ-
2013 1790 2062 1856 Β
2097 1805 2291 1872 licam,
2326 1823 2432 1862 nos
2461 1823 2594 1862 cum
2627 1806 2884 1861 maxima
2906 1805 3166 1861 fidelium
3188 1811 3381 1861 turma
3409 1823 3474 1860 ac
3497 1805 3631 1860 cleri
3655 1806 3746 1862 in-

337 1882 480 1938 ratis
508 1881 732 1937 viribus
779 1881 894 1936 Deo
925 1881 1144 1952 gratias
1173 1879 1310 1952 egit,
1343 1885 1399 1935 et
1428 1897 1561 1934 cum
1611 1879 1824 1951 gaudio
1876 1880 1981 1935 do-

333 1987 496 2025 mum
528 1969 699 2025 rediit
726 1970 821 2040 (b).

405 2109 686 2167 Similiter
712 2127 944 2183 quoque
977 2127 1043 2167 ex
1074 2110 1199 2168 loco
1227 2111 1489 2166 Cilirothc
1521 2115 1877 2182 nuncupato,
1904 2112 1980 2167 fe-

333 2200 491 2256 mina
508 2201 773 2273 quzcdam
793 2199 1034 2256 luminis
1051 2199 1240 2255 ofﬁcio
1259 2201 1356 2254 diu
1380 2201 1680 2266 destituta,
1703 2216 1834 2254 cum
1855 2201 1979 2273 pri-

331 2307 493 2345 mum
525 2290 595 2345 ad
629 2289 898 2345 eumdem
941 2289 1134 2343 locum
1186 2289 1460 2361 pervenit,
1497 2289 1695 2360 ibique
1724 2289 1973 2344 orationi

328 2379 544 2447 dedita,
581 2378 703 2434 solo
745 2382 1035 2449 prostrata
1069 2377 1357 2443 incubuit,
1392 2377 1588 2434 subito
1619 2377 1796 2432 divini
1844 2395 1973 2433 mu-

329 2468 485 2524 neris
514 2467 664 2522 dono
695 2466 893 2522 lumen
926 2465 1142 2539 recepit
1173 2467 1480 2523 amissum.

397 2610 623 2666 Rursus
651 2610 722 2664 de
753 2609 1110 2675 Liastmona,
1147 2609 1382 2664 nomine
1414 2609 1720 2682 ltotgardis
1751 2609 1972 2667 femina

323 2699 548 2770 qaedam
580 2698 806 2765 clauda,
839 2713 972 2753 cum
1006 2697 1122 2752 illic
1161 2697 1444 2753 auxilium
1495 2698 1647 2754 beati
1678 2697 1784 2752 viri
1818 2698 1968 2754 serio

321 2786 680 2860 imploraret,
713 2786 908 2842 divina
931 2787 1248 2842 miserante
1264 2786 1451 2858 gratia
1467 2793 1690 2854 sanata,
1716 2787 1967 2858 propriis

319 2877 622 2949 gressibus
653 2891 785 2931 cum
817 2893 1053 2932 summa
1082 2875 1262 2930 animi
1292 2875 1586 2948 voluptate
1625 2875 1967 2931 ambulabat

319 2965 611 3038 intrepida
645 2967 740 3037 (a).

386 3172 461 3244 (a)
493 3171 731 3228 Variant
761 3171 898 3228 editi
929 3172 987 3226 in
1017 3171 1228 3227 verbis.

2093 1894 2477 1951 numerabilis
2508 1897 2792 1950 conventu
2835 1895 3041 1950 exinde
3086 1894 3385 1950 sublatum
3417 1894 3745 1966 feretroque

2091 1981 2455 2054 impositum,
2489 1984 2678 2055 magis
2722 1982 3072 2054 populorum
3110 1983 3349 2038 vocibus
3398 1982 3457 2037 in
3505 1982 3742 2040 laudem

2087 2071 2188 2127 Dei
2202 2089 2268 2128 ac
2285 2073 2436 2128 beati
2449 2072 2553 2128 viri
2571 2072 3175 2144 concrepantibus,die
3189 2071 3743 2144 depositionisillius

2087 2160 2143 2215 in
2172 2179 2318 2216 nova
2339 2179 2514 2234 quam
2546 2166 2686 2216 tunc
2709 2161 3125 2227 dedicavimus,
3149 2160 3558 2217 collocavimus
3583 2161 3736 2217 basi-

2085 2249 2228 2306 lica:
2255 2251 2353 2306 ubi
2377 2250 2693 2306 honoriﬁce
2710 2251 3123 2322 compositum,
3144 2250 3451 2322 magniﬁce
3479 2255 3734 2321 postmo-

2082 2340 2223 2395 dum
2257 2345 2428 2412 atque
2448 2339 2776 2394 innumeris
2793 2338 3001 2395 claruit
3015 2339 3299 2394 virtutum
3314 2339 3569 2404 indiciis,
3585 2344 3643 2394 et
3659 2339 3730 2394 de

2080 2429 2172 2484 die
2205 2429 2263 2484 in
2296 2431 2452 2485 diem
2485 2429 2709 2484 meritis
2740 2429 2891 2484 beati
2923 2429 3026 2482 viri
3053 2427 3400 2499 multiplicia
3426 2429 3568 2484 inibi
3603 2445 3728 2483 cre-

2078 2522 2253 2574 scunt
2273 2516 2692 2573 miraculorum
2717 2517 2904 2591 signa.
2923 2517 3128 2590 Agitur
3148 2522 3344 2572 autem
3359 2517 3483 2573 dies
3495 2517 3721 2588 deposi-

2078 2606 2256 2662 tionis
2287 2609 2414 2678 ejus
2437 2607 2611 2663 simul
2652 2612 2708 2663 et
2748 2605 3148 2662 translationis
3189 2607 3452 2678 corporis
3491 2623 3543 2662 γι
3583 2606 3722 2662 Idus

2076 2693 2437 2763 Novembris,
2469 2697 2540 2752 ad
2574 2695 2808 2751 laudem
2840 2700 2897 2752 et
2924 2695 3168 2768 gloriam
3203 2696 3460 2751 nominis
3494 2695 3724 2752 Domini

2074 2785 2212 2840 Jesu
2249 2784 2482 2850 Christi,
2518 2785 2618 2857 qui
2649 2802 2785 2840 cum
2815 2785 2984 2840 Patre
3015 2790 3071 2839 et
3103 2785 3321 2856 Spiritu
3346 2789 3550 2840 sancto
3571 2801 3726 2840 unus

2074 2878 2131 2929 et
2158 2891 2328 2930 verus
2359 2874 2512 2930 Deus
2541 2873 2679 2930 vivit
2723 2878 2780 2929 et
2827 2875 3166 2930 dominatur
3213 2891 3316 2946 per
3361 2873 3721 2929 immortalia

2073 2962 2285 3019 saecula
2315 2963 2682 3020 saeculorum.
2715 2967 2921 3019 Amen.

2137 3173 2212 3245 (ὁ)
2248 3172 2346 3227 llic
2377 3171 2591 3227 desinit
2621 3171 2798 3227 codex
2826 3169 3208 3226 Corbeiensis.

1417 3493 2008 3584 ANSCHARII
2064 3495 2612 3583 EPISTOLA

375 3835 440 3891 In
469 3834 702 3890 nomine
733 3837 945 3890 sanctae
971 3837 1028 3889 et
1057 3832 1368 3890 individua:
1397 3833 1700 3892 Trinitatis
1728 3837 1950 3909 Ansga-

303 3923 449 3989 rius,
502 3922 689 3996 gratia
737 3921 837 3979 Dei
885 3921 1379 3995 archiepiscopus,
1414 3924 1690 3980 omnibus
1737 3930 1948 3979 sanctae

301 4013 400 4068 Dei
434 4011 700 4068 Ecclesiae
734 4010 1081 4085 praesulibus
1125 4011 1185 4067 in
1235 4027 1412 4084 regno
1443 4013 1728 4069 duntaxat
1758 4012 1948 4068 Ludo-

297 4101 406 4156 vici
438 4099 590 4174 regis
623 4101 1150 4157 commanentibus.

353 4191 535 4247 Nosse
548 4207 650 4246 vos
662 4190 854 4261 cupio,
871 4190 1008 4261 quia
1022 4190 1079 4243 in
1095 4189 1204 4244 hoc
1218 4189 1411 4245 libello
1426 4190 1948 4263 continenturqua-

296 4279 429 4334 liter
457 4279 575 4335 Ebo
607 4278 956 4335 Rhcmensis
978 4277 1472 4351 archiepiscopus,
1497 4279 1689 4335 divino
1712 4280 1946 4336 afﬂatus

295 4367 540 4439 Spiritu,
573 4367 940 4439 temporibus
971 4363 1192 4420 domini
1235 4365 1507 4421 Ludovici
1549 4365 1942 4438 imperatoris,

293 4473 428 4512 cum
462 4472 750 4511 consensu
786 4455 973 4526 ipsius
996 4471 1061 4510 ac
1092 4471 1236 4526 pene
1263 4455 1441 4512 totius
1461 4455 1626 4528 regni
1656 4456 1784 4528 ejus
1807 4473 1943 4528 syn-

293 4544 385 4600 odi
420 4548 804 4617 congrcgatae,
839 4544 1082 4598 Romam
1115 4543 1278 4612 adiit,
1311 4543 1508 4616 ibique
1552 4562 1586 4599 a
1627 4544 1940 4600 venerabili

291 4651 442 4706 papa
467 4631 733 4690 Paschali
768 4631 1061 4704 publicam
1092 4633 1527 4706 evangelizandi
1560 4631 1855 4688 licentiam
1880 4633 1938 4687 in

2065 3833 2200 3890 huic
2232 3833 2504 3908 legationi
2538 3834 2926 3907 contigerunt.
2961 3836 3324 3907 Quapropter
3370 3832 3715 3906 suppliciter

2061 3924 2339 3997 deprecor
2370 3927 2434 3978 ut
2455 3923 2610 3995 apud
2642 3927 2824 3978 Deum
2852 3922 3250 3990 intercedatis,
3275 3927 3569 3994 quatenus
3590 3923 3709 3978 haec

2058 4011 2270 4085 legatio
2290 4029 2548 4068 crescere
2576 4016 2633 4068 et
2661 4011 3012 4068 fructiﬁcare
3036 4015 3332 4067 mereatur
3356 4011 3416 4066 in
3440 4011 3706 4067 Dom-ina.

2057 4101 2188 4157 Jam
2223 4101 2380 4156 enim
2412 4101 2637 4157 Christo
2670 4100 2920 4174 propitio
2952 4105 3008 4156 et
3036 4101 3192 4173 apud
3231 4101 3424 4157 Danos
3465 4104 3520 4156 et
3549 4101 3704 4172 apud

2057 4191 2314 4247 Sueones
2335 4191 2547 4247 Christi
2574 4192 2818 4247 fundata
2854 4195 2942 4246 est
2984 4191 3256 4258 Ecclesia,
3280 4195 3337 4246 et
3375 4190 3706 4246 sacerdotes

2057 4279 2278 4352 absque
2301 4280 2691 4352 prohibitione
2728 4281 2962 4353 proprio
2986 4282 3313 4353 funguntur
3332 4279 3543 4335 ofﬁcio.
3570 4279 3699 4333 Pre-

2056 4385 2154 4424 cor
2173 4368 2348 4424 etiam
2373 4374 2438 4424 ut
2460 4369 2566 4424 has
2585 4368 2808 4425 litteras
2829 4370 2888 4424 in
2913 4368 3265 4424 bibliotheca
3280 4372 3471 4423 vestra
3484 4367 3554 4423 ad
3576 4383 3701 4438 per-

2055 4463 2290 4528 petuam
2312 4458 2654 4514 memoriam
2682 4458 2882 4530 reponi
2904 4459 3152 4527 faciatis;
3171 4462 3228 4513 et
3248 4461 3422 4529 prout
3439 4457 3601 4513 locus
3623 4455 3705 4510 di-

2053 4544 2311 4610 ctaverit,
2343 4548 2464 4600 tam
2493 4562 2594 4601 vos
2625 4562 2801 4616 quam
2837 4561 3203 4602 successores
3232 4546 3429 4612 vestri,
3461 4543 3562 4599 ubi
3589 4543 3704 4598 uti-

2050 4631 2273 4687 litatem
2309 4634 2742 4706 perspexeritis,
2779 4641 2983 4690 notum
3017 4634 3295 4691 omnibus
3326 4634 3482 4690 istud
3527 4631 3703 4688 facia-

290 4703 556 4795 par'ibus
587 4703 892 4794 Aquilonis
913 4703 1509 4794 accepitzetqualiter
1530 4727 1729 4794 postea
1751 4723 1937 4778 Ludo-
1972 4703 2018 4767 D
2051 4721 2144 4776 tis.
2180 4703 2564 4794 Omnipotens
2594 4723 2748 4779 Deus
2781 4723 2954 4780 faciat
2982 4741 3084 4780 vos
3114 4740 3318 4779 omnes
3349 4722 3529 4794 hujus
3560 4738 3697 4793 ope-

287 4810 451 4868 vicus
472 4811 789 4883 imperator
809 4809 916 4865 hoc
934 4827 1082 4884 opus
1100 4811 1461 4878 sublimavit,
1481 4826 1658 4882 seque
1679 4810 1736 4865 in
1757 4810 1940 4865 omni-

290 4898 400 4954 bus
429 4899 656 4972 largum
688 4900 935 4973 praebuit
963 4905 1020 4955 et
1066 4899 1395 4956 benivolum
1423 4918 1436 4970 ;
1490 4903 1546 4956 et
1576 4905 1782 4956 caetera
1811 4917 1937 4972 quae

2050 4810 2130 4865 ris
2162 4810 2257 4883 pia
2287 4811 2684 4868 benevolentia
2715 4811 3047 4885 participes,
3075 4817 3132 4868 et
3175 4813 3236 4868 in
3267 4811 3484 4868 ccelesti
3514 4809 3707 4882 gloria

2048 4899 2262 4955 Christi
2296 4899 2648 4957 cohaeredes.

1553 5177 2433 5212 ..—-—-:Ibe€=———-
