  <div class='ocr_page' id='page_1' title='image "/cluster/home/n/w/nwhite01/storage/ocr_20150623/118/njp.32101077772992/012.png"; bbox 0 0 1856 3049; ppageno 0'>
   <div class='ocr_carea' id='block_1_1' title="bbox 72 167 1694 214">
    <p class='ocr_par' dir='ltr' id='par_1_1' title="bbox 76 170 1671 188">
     <span class='ocr_line' id='line_1_1' title="bbox 76 170 1671 188; baseline -0.005 -4"><span class='ocrx_word' id='word_1_1' title='bbox 76 175 730 188; x_wconf 45' lang='grc' dir='ltr'><strong><em>,μ’-...-</em></strong></span> <span class='ocrx_word' id='word_1_2' title='bbox 737 170 1498 178; x_wconf 70' lang='lat'><strong><em>__________..______.___._.._._</em></strong></span> <span class='ocrx_word' id='word_1_3' title='bbox 1651 173 1671 176; x_wconf 82' lang='lat'><strong><em>_.</em></strong></span> 
     </span>
    </p>
   </div>
   <div class='ocr_carea' id='block_1_2' title="bbox 719 266 1043 324">
    <p class='ocr_par' dir='ltr' id='par_1_2' title="bbox 719 266 1043 324">
     <span class='ocr_line' id='line_1_2' title="bbox 719 266 1043 324; baseline -0.006 -2"><span class='ocrx_word' id='word_1_4' title='bbox 719 266 1043 324; x_wconf 87' lang='lat' dir='ltr'><strong><em>NOTITIA.</em></strong></span> 
     </span>
    </p>
   </div>
   <div class='ocr_carea' id='block_1_3' title="bbox 609 375 1160 409">
    <p class='ocr_par' dir='ltr' id='par_1_3' title="bbox 609 375 1160 409">
     <span class='ocr_line' id='line_1_3' title="bbox 609 375 1160 409; baseline -0.007 -6"><span class='ocrx_word' id='word_1_5' title='bbox 609 379 706 409; x_wconf 76' lang='lat' dir='ltr'><strong><em>(Ouum,</em></strong></span> <span class='ocrx_word' id='word_1_6' title='bbox 716 378 749 402; x_wconf 86' lang='lat' dir='ltr'><strong><em>De</em></strong></span> <span class='ocrx_word' id='word_1_7' title='bbox 760 376 851 408; x_wconf 82' lang='lat' dir='ltr'><strong><em>Script.</em></strong></span> <span class='ocrx_word' id='word_1_8' title='bbox 869 376 944 402; x_wconf 85' lang='lat' dir='ltr'><strong><em>eccles</em></strong></span> <span class='ocrx_word' id='word_1_9' title='bbox 958 393 965 407; x_wconf 88' lang='lat'><strong><em>,</em></strong></span> <span class='ocrx_word' id='word_1_10' title='bbox 985 378 1002 400; x_wconf 88' lang='lat' dir='ltr'><strong><em>t.</em></strong></span> <span class='ocrx_word' id='word_1_11' title='bbox 1016 375 1046 406; x_wconf 93' lang='lat' dir='ltr'><strong><em>ll,</em></strong></span> <span class='ocrx_word' id='word_1_12' title='bbox 1059 382 1074 406; x_wconf 87' lang='lat' dir='ltr'><strong><em>p</em></strong></span> <span class='ocrx_word' id='word_1_13' title='bbox 1095 375 1160 405; x_wconf 77' lang='lat'><strong><em>518.)</em></strong></span> 
     </span>
    </p>
   </div>
   <div class='ocr_carea' id='block_1_4' title="bbox 109 530 1698 567">
    <p class='ocr_par' dir='ltr' id='par_1_4' title="bbox 109 530 1698 567">
     <span class='ocr_line' id='line_1_4' title="bbox 109 530 1698 567; baseline -0.004 -1"><span class='ocrx_word' id='word_1_14' title='bbox 109 535 308 566; x_wconf 73' lang='lat' dir='ltr'><strong><em>(Ecumenius,</em></strong></span> <span class='ocrx_word' id='word_1_15' title='bbox 324 534 415 562; x_wconf 72' lang='lat' dir='ltr'><strong><em>aetatis</em></strong></span> <span class='ocrx_word' id='word_1_16' title='bbox 429 532 672 561; x_wconf 81' lang='lat' dir='ltr'><strong><em>etiam&#39;admodum</em></strong></span> <span class='ocrx_word' id='word_1_17' title='bbox 692 532 803 560; x_wconf 73' lang='lat' dir='ltr'><strong><em>incertae</em></strong></span> <span class='ocrx_word' id='word_1_18' title='bbox 818 533 939 567; x_wconf 88' lang='lat' dir='ltr'><strong><em>scriptor</em></strong></span> <span class='ocrx_word' id='word_1_19' title='bbox 949 531 1062 559; x_wconf 80' lang='lat' dir='ltr'><strong><em>Graccus</em></strong></span> <span class='ocrx_word' id='word_1_20' title='bbox 1078 531 1128 567; x_wconf 91' lang='lat' dir='ltr'><strong><em>(a),</em></strong></span> <span class='ocrx_word' id='word_1_21' title='bbox 1141 531 1174 559; x_wconf 90' lang='lat' dir='ltr'><strong><em>de</em></strong></span> <span class='ocrx_word' id='word_1_22' title='bbox 1190 539 1245 566; x_wconf 91' lang='lat' dir='ltr'><strong><em>quo</em></strong></span> <span class='ocrx_word' id='word_1_23' title='bbox 1256 531 1341 558; x_wconf 86' lang='lat' dir='ltr'><strong><em>altum</em></strong></span> <span class='ocrx_word' id='word_1_24' title='bbox 1359 530 1499 558; x_wconf 86' lang='lat' dir='ltr'><strong><em>silentium</em></strong></span> <span class='ocrx_word' id='word_1_25' title='bbox 1513 531 1586 566; x_wconf 86' lang='lat' dir='ltr'><strong><em>apud</em></strong></span> <span class='ocrx_word' id='word_1_26' title='bbox 1595 535 1698 559; x_wconf 66' lang='grc' dir='ltr'><strong><em>ναίει-οε</em></strong></span> 
     </span>
    </p>
   </div>
   <div class='ocr_carea' id='block_1_5' title="bbox 73 574 1700 614">
    <p class='ocr_par' dir='ltr' id='par_1_5' title="bbox 73 574 1700 614">
     <span class='ocr_line' id='line_1_5' title="bbox 73 574 1700 614; baseline -0.003 -6"><span class='ocrx_word' id='word_1_27' title='bbox 73 588 128 609; x_wconf 90' lang='lat' dir='ltr'><strong><em>non</em></strong></span> <span class='ocrx_word' id='word_1_28' title='bbox 155 580 310 614; x_wconf 77' lang='lat' dir='ltr'><strong><em>incongrue</em></strong></span> <span class='ocrx_word' id='word_1_29' title='bbox 333 578 367 605; x_wconf 84' lang='lat' dir='ltr'><strong><em>ad</em></strong></span> <span class='ocrx_word' id='word_1_30' title='bbox 383 585 486 604; x_wconf 86' lang='lat' dir='ltr'><strong><em>annum</em></strong></span> <span class='ocrx_word' id='word_1_31' title='bbox 504 575 558 604; x_wconf 83' lang='lat'><strong><em>990</em></strong></span> <span class='ocrx_word' id='word_1_32' title='bbox 573 576 700 612; x_wconf 85' lang='lat' dir='ltr'><strong><em>ponitur,</em></strong></span> <span class='ocrx_word' id='word_1_33' title='bbox 724 577 812 604; x_wconf 89' lang='lat' dir='ltr'><strong><em>donec</em></strong></span> <span class='ocrx_word' id='word_1_34' title='bbox 839 580 943 604; x_wconf 85' lang='lat' dir='ltr'><strong><em>certam</em></strong></span> <span class='ocrx_word' id='word_1_35' title='bbox 965 576 1039 602; x_wconf 90' lang='lat' dir='ltr'><strong><em>illius</em></strong></span> <span class='ocrx_word' id='word_1_36' title='bbox 1055 579 1163 603; x_wconf 64' lang='lat' dir='ltr'><strong><em>atatem</em></strong></span> <span class='ocrx_word' id='word_1_37' title='bbox 1182 575 1293 610; x_wconf 84' lang='lat' dir='ltr'><strong><em>assequi</em></strong></span> <span class='ocrx_word' id='word_1_38' title='bbox 1314 575 1405 602; x_wconf 82' lang='lat' dir='ltr'><strong><em>liceat.</em></strong></span> <span class='ocrx_word' id='word_1_39' title='bbox 1425 574 1510 603; x_wconf 85' lang='lat' dir='ltr'><strong><em>Porro</em></strong></span> <span class='ocrx_word' id='word_1_40' title='bbox 1529 579 1559 602; x_wconf 89' lang='lat' dir='ltr'><strong><em>ut</em></strong></span> <span class='ocrx_word' id='word_1_41' title='bbox 1574 575 1700 603; x_wconf 79' lang='lat' dir='ltr'><strong><em>inlrontc</em></strong></span> 
     </span>
    </p>
   </div>
   <div class='ocr_carea' id='block_1_6' title="bbox 75 619 1702 657">
    <p class='ocr_par' dir='ltr' id='par_1_6' title="bbox 75 619 1702 657">
     <span class='ocr_line' id='line_1_6' title="bbox 75 619 1702 657; baseline -0.004 -4"><span class='ocrx_word' id='word_1_42' title='bbox 75 624 343 653; x_wconf 77' lang='lat' dir='ltr'><strong><em>Commentariorum</em></strong></span> <span class='ocrx_word' id='word_1_43' title='bbox 364 621 550 657; x_wconf 76' lang='lat' dir='ltr'><strong><em>praemittitur,</em></strong></span> <span class='ocrx_word' id='word_1_44' title='bbox 579 621 693 648; x_wconf 86' lang='lat' dir='ltr'><strong><em>nomina</em></strong></span> <span class='ocrx_word' id='word_1_45' title='bbox 713 626 860 648; x_wconf 83' lang='lat' dir='ltr'><strong><em>auctorum</em></strong></span> <span class='ocrx_word' id='word_1_46' title='bbox 879 628 912 648; x_wconf 77' lang='lat' dir='ltr'><strong><em>ex</em></strong></span> <span class='ocrx_word' id='word_1_47' title='bbox 931 620 1031 655; x_wconf 83' lang='lat' dir='ltr'><strong><em>quibus</em></strong></span> <span class='ocrx_word' id='word_1_48' title='bbox 1056 620 1199 648; x_wconf 81' lang='lat' dir='ltr'><strong><em>contexuit</em></strong></span> <span class='ocrx_word' id='word_1_49' title='bbox 1213 619 1438 653; x_wconf 73' lang='lat' dir='ltr'><strong><em>Explanationem</em></strong></span> <span class='ocrx_word' id='word_1_50' title='bbox 1459 629 1536 648; x_wconf 82' lang='lat' dir='ltr'><strong><em>suam</em></strong></span> <span class='ocrx_word' id='word_1_51' title='bbox 1552 621 1580 647; x_wconf 89' lang='lat' dir='ltr'><strong><em>in</em></strong></span> <span class='ocrx_word' id='word_1_52' title='bbox 1596 620 1702 648; x_wconf 76' lang='lat' dir='ltr'><strong><em>Nouum</em></strong></span> 
     </span>
    </p>
   </div>
   <div class='ocr_carea' id='block_1_7' title="bbox 74 663 1703 701">
    <p class='ocr_par' dir='ltr' id='par_1_7' title="bbox 74 663 1703 701">
     <span class='ocr_line' id='line_1_7' title="bbox 74 663 1703 701; baseline -0.003 -5"><span class='ocrx_word' id='word_1_53' title='bbox 74 669 283 701; x_wconf 69' lang='lat' dir='ltr'><strong><em>Testamentum,</em></strong></span> <span class='ocrx_word' id='word_1_54' title='bbox 301 667 358 694; x_wconf 74' lang='lat' dir='ltr'><strong><em>haec</em></strong></span> <span class='ocrx_word' id='word_1_55' title='bbox 369 670 434 693; x_wconf 86' lang='lat' dir='ltr'><strong><em>sunt</em></strong></span> <span class='ocrx_word' id='word_1_56' title='bbox 450 675 458 692; x_wconf 89' lang='lat'><strong>:</strong></span> <span class='ocrx_word' id='word_1_57' title='bbox 472 664 585 700; x_wconf 86' lang='lat' dir='ltr'><strong><em>Papias,</em></strong></span> <span class='ocrx_word' id='word_1_58' title='bbox 601 664 730 697; x_wconf 86' lang='lat' dir='ltr'><strong><em>Clemens,</em></strong></span> <span class='ocrx_word' id='word_1_59' title='bbox 746 664 906 697; x_wconf 79' lang='lat' dir='ltr'><strong><em>Methodius,</em></strong></span> <span class='ocrx_word' id='word_1_60' title='bbox 921 664 1076 699; x_wconf 75' lang='lat' dir='ltr'><strong><em>Dionysius,</em></strong></span> <span class='ocrx_word' id='word_1_61' title='bbox 1094 663 1226 694; x_wconf 81' lang='lat' dir='ltr'><strong><em>Irentcus,</em></strong></span> <span class='ocrx_word' id='word_1_62' title='bbox 1242 663 1376 699; x_wconf 82' lang='lat' dir='ltr'><strong><em>Origenes,</em></strong></span> <span class='ocrx_word' id='word_1_63' title='bbox 1393 664 1565 700; x_wconf 69' lang='lat' dir='ltr'><strong><em>Hippolytus,</em></strong></span> <span class='ocrx_word' id='word_1_64' title='bbox 1581 665 1703 692; x_wconf 77' lang='lat' dir='ltr'><strong><em>Athana-</em></strong></span> 
     </span>
    </p>
   </div>
   <div class='ocr_carea' id='block_1_8' title="bbox 72 707 1702 745">
    <p class='ocr_par' dir='ltr' id='par_1_8' title="bbox 72 707 1702 745">
     <span class='ocr_line' id='line_1_8' title="bbox 72 707 1702 745; baseline -0.003 -5"><span class='ocrx_word' id='word_1_65' title='bbox 72 714 140 745; x_wconf 93' lang='lat' dir='ltr'><strong><em>sius,</em></strong></span> <span class='ocrx_word' id='word_1_66' title='bbox 166 711 309 743; x_wconf 74' lang='lat' dir='ltr'><strong><em>Eusebius,</em></strong></span> <span class='ocrx_word' id='word_1_67' title='bbox 331 709 463 743; x_wconf 77' lang='lat' dir='ltr'><strong><em>Basilius,</em></strong></span> <span class='ocrx_word' id='word_1_68' title='bbox 492 708 635 744; x_wconf 75' lang='lat' dir='ltr'><strong><em>Gregorius</em></strong></span> <span class='ocrx_word' id='word_1_69' title='bbox 658 708 807 743; x_wconf 82' lang='lat' dir='ltr'><strong><em>Nyssenus,</em></strong></span> <span class='ocrx_word' id='word_1_70' title='bbox 833 709 957 741; x_wconf 76' lang='lat' dir='ltr'><strong><em>Aeacius,</em></strong></span> <span class='ocrx_word' id='word_1_71' title='bbox 988 707 1121 741; x_wconf 86' lang='lat' dir='ltr'><strong><em>Isidorus,</em></strong></span> <span class='ocrx_word' id='word_1_72' title='bbox 1155 707 1277 740; x_wconf 85' lang='lat' dir='ltr'><strong><em>Photius,</em></strong></span> <span class='ocrx_word' id='word_1_73' title='bbox 1309 707 1525 743; x_wconf 83' lang='lat' dir='ltr'><strong><em>Cltrysostomus,</em></strong></span> <span class='ocrx_word' id='word_1_74' title='bbox 1561 707 1702 743; x_wconf 81' lang='lat' dir='ltr'><strong><em>Gregorius</em></strong></span> 
     </span>
    </p>
   </div>
   <div class='ocr_carea' id='block_1_9' title="bbox 74 751 1702 788">
    <p class='ocr_par' dir='ltr' id='par_1_9' title="bbox 74 751 1702 788">
     <span class='ocr_line' id='line_1_9' title="bbox 74 751 1702 788; baseline -0.002 -5"><span class='ocrx_word' id='word_1_75' title='bbox 74 755 277 787; x_wconf 75' lang='lat' dir='ltr'><strong><em>Nazianzenus,</em></strong></span> <span class='ocrx_word' id='word_1_76' title='bbox 294 753 461 786; x_wconf 74' lang='lat' dir='ltr'><strong><em>Severianus,</em></strong></span> <span class='ocrx_word' id='word_1_77' title='bbox 487 753 650 785; x_wconf 77' lang='lat' dir='ltr'><strong><em>Gennadius,</em></strong></span> <span class='ocrx_word' id='word_1_78' title='bbox 668 753 775 785; x_wconf 75' lang='lat' dir='ltr'><strong><em>Arelas,</em></strong></span> <span class='ocrx_word' id='word_1_79' title='bbox 790 752 911 780; x_wconf 78' lang='lat' dir='ltr'><strong><em>Andreas</em></strong></span> <span class='ocrx_word' id='word_1_80' title='bbox 933 752 1118 785; x_wconf 80' lang='lat' dir='ltr'><strong><em>Ca’sariensis,</em></strong></span> <span class='ocrx_word' id='word_1_81' title='bbox 1131 751 1261 788; x_wconf 83' lang='lat' dir='ltr'><strong><em>Cyrillus,</em></strong></span> <span class='ocrx_word' id='word_1_82' title='bbox 1278 751 1465 780; x_wconf 83' lang='lat' dir='ltr'><strong><em>Theodorctus.</em></strong></span> <span class='ocrx_word' id='word_1_83' title='bbox 1484 753 1552 780; x_wconf 89' lang='lat' dir='ltr'><strong><em>Cum</em></strong></span> <span class='ocrx_word' id='word_1_84' title='bbox 1569 753 1652 788; x_wconf 80' lang='lat' dir='ltr'><strong><em>igitur</em></strong></span> <span class='ocrx_word' id='word_1_85' title='bbox 1669 762 1702 780; x_wconf 71' lang='lat' dir='ltr'><strong><em>cx</em></strong></span> 
     </span>
    </p>
   </div>
   <div class='ocr_carea' id='block_1_10' title="bbox 71 796 1702 832">
    <p class='ocr_par' dir='ltr' id='par_1_10' title="bbox 71 796 1702 832">
     <span class='ocr_line' id='line_1_10' title="bbox 71 796 1702 832; baseline -0.002 -5"><span class='ocrx_word' id='word_1_86' title='bbox 71 800 163 827; x_wconf 86' lang='lat' dir='ltr'><strong><em>citatis</em></strong></span> <span class='ocrx_word' id='word_1_87' title='bbox 196 799 357 826; x_wconf 84' lang='lat' dir='ltr'><strong><em>auctoribus</em></strong></span> <span class='ocrx_word' id='word_1_88' title='bbox 376 797 502 825; x_wconf 80' lang='lat' dir='ltr'><strong>Andreas</strong></span> <span class='ocrx_word' id='word_1_89' title='bbox 515 796 707 829; x_wconf 62' lang='lat' dir='ltr'><strong><em>Caesariensis,</em></strong></span> <span class='ocrx_word' id='word_1_90' title='bbox 722 797 769 832; x_wconf 87' lang='lat' dir='ltr'><strong><em>qui</em></strong></span> <span class='ocrx_word' id='word_1_91' title='bbox 787 797 814 824; x_wconf 94' lang='lat' dir='ltr'><strong><em>in</em></strong></span> <span class='ocrx_word' id='word_1_92' title='bbox 833 805 901 825; x_wconf 85' lang='lat' dir='ltr'><strong><em>mss.</em></strong></span> <span class='ocrx_word' id='word_1_93' title='bbox 918 797 998 825; x_wconf 86' lang='lat' dir='ltr'><strong><em>codd.</em></strong></span> <span class='ocrx_word' id='word_1_94' title='bbox 1025 796 1198 828; x_wconf 78' lang='lat' dir='ltr'><strong><em>inscribitur,</em></strong></span> <span class='ocrx_word' id='word_1_95' title='bbox 1216 804 1290 823; x_wconf 83' lang='lat' dir='ltr'><strong><em>anno</em></strong></span> <span class='ocrx_word' id='word_1_96' title='bbox 1309 797 1419 824; x_wconf 85' lang='lat' dir='ltr'><strong><em>circiter</em></strong></span> <span class='ocrx_word' id='word_1_97' title='bbox 1436 797 1487 824; x_wconf 68' lang='grc' dir='ltr'><strong><em>διε</em></strong></span> <span class='ocrx_word' id='word_1_98' title='bbox 1503 797 1657 832; x_wconf 80' lang='lat' dir='ltr'><strong><em>scripserit,</em></strong></span> <span class='ocrx_word' id='word_1_99' title='bbox 1675 804 1702 823; x_wconf 76' lang='lat' dir='ltr'><strong><em>et</em></strong></span> 
     </span>
    </p>
   </div>
   <div class='ocr_carea' id='block_1_11' title="bbox 70 841 1704 876">
    <p class='ocr_par' dir='ltr' id='par_1_11' title="bbox 70 841 1704 876">
     <span class='ocr_line' id='line_1_11' title="bbox 70 841 1704 876; baseline -0.004 -4"><span class='ocrx_word' id='word_1_100' title='bbox 70 845 187 872; x_wconf 80' lang='lat' dir='ltr'><strong><em>Photius</em></strong></span> <span class='ocrx_word' id='word_1_101' title='bbox 213 851 286 871; x_wconf 83' lang='lat' dir='ltr'><strong><em>anno</em></strong></span> <span class='ocrx_word' id='word_1_102' title='bbox 303 843 415 871; x_wconf 82' lang='lat' dir='ltr'><strong><em>circiter</em></strong></span> <span class='ocrx_word' id='word_1_103' title='bbox 439 842 503 876; x_wconf 88' lang='lat'><strong><em>880,</em></strong></span> <span class='ocrx_word' id='word_1_104' title='bbox 527 846 557 869; x_wconf 82' lang='lat' dir='ltr'><strong><em>ut</em></strong></span> <span class='ocrx_word' id='word_1_105' title='bbox 573 845 694 873; x_wconf 86' lang='lat' dir='ltr'><strong><em>constat,</em></strong></span> <span class='ocrx_word' id='word_1_106' title='bbox 714 841 850 872; x_wconf 85' lang='lat' dir='ltr'><strong><em>ﬂoruerit,</em></strong></span> <span class='ocrx_word' id='word_1_107' title='bbox 871 848 934 868; x_wconf 90' lang='lat' dir='ltr'><strong><em>cum</em></strong></span> <span class='ocrx_word' id='word_1_108' title='bbox 951 843 1049 868; x_wconf 72' lang='lat' dir='ltr'><strong><em>Arctus</em></strong></span> <span class='ocrx_word' id='word_1_109' title='bbox 1069 848 1143 868; x_wconf 80' lang='lat' dir='ltr'><strong><em>anno</em></strong></span> <span class='ocrx_word' id='word_1_110' title='bbox 1159 841 1270 868; x_wconf 79' lang='lat' dir='ltr'><strong><em>circiter</em></strong></span> <span class='ocrx_word' id='word_1_111' title='bbox 1294 841 1348 869; x_wconf 74' lang='lat'><strong><em>920</em></strong></span> <span class='ocrx_word' id='word_1_112' title='bbox 1372 841 1523 873; x_wconf 76' lang='lat' dir='ltr'><strong><em>exstiterit,</em></strong></span> <span class='ocrx_word' id='word_1_113' title='bbox 1540 847 1627 874; x_wconf 84' lang='lat' dir='ltr'><strong><em>recte,</em></strong></span> <span class='ocrx_word' id='word_1_114' title='bbox 1643 849 1704 868; x_wconf 78' lang='lat' dir='ltr'><strong><em>meo</em></strong></span> 
     </span>
    </p>
   </div>
   <div class='ocr_carea' id='block_1_12' title="bbox 71 884 1705 924">
    <p class='ocr_par' dir='ltr' id='par_1_12' title="bbox 71 884 1705 924">
     <span class='ocr_line' id='line_1_12' title="bbox 71 884 1705 924; baseline -0.003 -8"><span class='ocrx_word' id='word_1_115' title='bbox 71 889 181 924; x_wconf 88' lang='lat' dir='ltr'><strong><em>quidem</em></strong></span> <span class='ocrx_word' id='word_1_116' title='bbox 195 888 313 920; x_wconf 82' lang='lat' dir='ltr'><strong><em>calculo,</em></strong></span> <span class='ocrx_word' id='word_1_117' title='bbox 326 887 490 922; x_wconf 84' lang='lat' dir='ltr'><strong><em>scriptorem</em></strong></span> <span class='ocrx_word' id='word_1_118' title='bbox 505 887 578 914; x_wconf 87' lang='lat' dir='ltr'><strong><em>hunc</em></strong></span> <span class='ocrx_word' id='word_1_119' title='bbox 591 887 682 914; x_wconf 76' lang='lat' dir='ltr'><strong><em>Carus</em></strong></span> <span class='ocrx_word' id='word_1_120' title='bbox 694 893 775 921; x_wconf 84' lang='lat' dir='ltr'><strong><em>quem</em></strong></span> <span class='ocrx_word' id='word_1_121' title='bbox 791 885 947 920; x_wconf 83' lang='lat' dir='ltr'><strong><em>sequimur.</em></strong></span> <span class='ocrx_word' id='word_1_122' title='bbox 963 885 996 912; x_wconf 84' lang='lat' dir='ltr'><strong><em>ad</em></strong></span> <span class='ocrx_word' id='word_1_123' title='bbox 1015 892 1116 912; x_wconf 87' lang='lat' dir='ltr'><strong><em>annum</em></strong></span> <span class='ocrx_word' id='word_1_124' title='bbox 1129 884 1182 912; x_wconf 73' lang='grc'>990</span> <span class='ocrx_word' id='word_1_125' title='bbox 1193 885 1346 912; x_wconf 85' lang='lat' dir='ltr'><strong><em>collocasse</em></strong></span> <span class='ocrx_word' id='word_1_126' title='bbox 1357 885 1476 912; x_wconf 84' lang='lat' dir='ltr'><strong><em>videtur.</em></strong></span> <span class='ocrx_word' id='word_1_127' title='bbox 1493 885 1607 912; x_wconf 77' lang='lat' dir='ltr'><strong><em>Exstant</em></strong></span> <span class='ocrx_word' id='word_1_128' title='bbox 1618 885 1705 920; x_wconf 82' lang='lat' dir='ltr'><strong><em>ipsius</em></strong></span> 
     </span>
    </p>
   </div>
   <div class='ocr_carea' id='block_1_13' title="bbox 72 928 1706 964">
    <p class='ocr_par' dir='ltr' id='par_1_13' title="bbox 72 928 1706 964">
     <span class='ocr_line' id='line_1_13' title="bbox 72 928 1706 964; baseline -0.002 -6"><span class='ocrx_word' id='word_1_129' title='bbox 72 931 266 958; x_wconf 80' lang='lat' dir='ltr'><strong><em>Enarrationes</em></strong></span> <span class='ocrx_word' id='word_1_130' title='bbox 281 931 309 958; x_wconf 82' lang='lat' dir='ltr'><strong><em>in</em></strong></span> <span class='ocrx_word' id='word_1_131' title='bbox 330 930 399 957; x_wconf 79' lang='lat' dir='ltr'><strong><em>Acta</em></strong></span> <span class='ocrx_word' id='word_1_132' title='bbox 418 929 612 962; x_wconf 84' lang='lat' dir='ltr'><strong><em>apostolorum,</em></strong></span> <span class='ocrx_word' id='word_1_133' title='bbox 629 929 656 956; x_wconf 91' lang='lat' dir='ltr'><strong><em>in</em></strong></span> <span class='ocrx_word' id='word_1_134' title='bbox 671 928 808 962; x_wconf 76' lang='lat' dir='ltr'><strong><em>Epistolas</em></strong></span> <span class='ocrx_word' id='word_1_135' title='bbox 831 929 917 956; x_wconf 78' lang='lat' dir='ltr'><strong><em>sancti</em></strong></span> <span class='ocrx_word' id='word_1_136' title='bbox 932 929 1012 956; x_wconf 85' lang='lat' dir='ltr'><strong><em>Pauli</em></strong></span> <span class='ocrx_word' id='word_1_137' title='bbox 1029 937 1129 961; x_wconf 83' lang='lat' dir='ltr'><strong><em>omnes,</em></strong></span> <span class='ocrx_word' id='word_1_138' title='bbox 1143 934 1167 956; x_wconf 88' lang='lat' dir='ltr'><strong><em>et</em></strong></span> <span class='ocrx_word' id='word_1_139' title='bbox 1179 929 1205 956; x_wconf 86' lang='lat' dir='ltr'><strong><em>in</em></strong></span> <span class='ocrx_word' id='word_1_140' title='bbox 1223 937 1312 956; x_wconf 68' lang='lat' dir='ltr'><strong><em>omnes</em></strong></span> <span class='ocrx_word' id='word_1_141' title='bbox 1325 928 1486 961; x_wconf 79' lang='lat' dir='ltr'><strong><em>Canonicat,</em></strong></span> <span class='ocrx_word' id='word_1_142' title='bbox 1498 936 1569 964; x_wconf 85' lang='lat' dir='ltr'><strong><em>quas</em></strong></span> <span class='ocrx_word' id='word_1_143' title='bbox 1582 930 1706 963; x_wconf 80' lang='lat' dir='ltr'><strong><em>sequitur</em></strong></span> 
     </span>
    </p>
   </div>
   <div class='ocr_carea' id='block_1_14' title="bbox 70 971 1709 1008">
    <p class='ocr_par' dir='ltr' id='par_1_14' title="bbox 70 971 1709 1008">
     <span class='ocr_line' id='line_1_14' title="bbox 70 971 1709 1008; baseline -0.002 -5"><span class='ocrx_word' id='word_1_144' title='bbox 70 975 285 1003; x_wconf 78' lang='lat' dir='ltr'><strong><em>Commentarios</em></strong></span> <span class='ocrx_word' id='word_1_145' title='bbox 295 975 398 1002; x_wconf 79' lang='lat' dir='ltr'><strong><em>Aret/ta:</em></strong></span> <span class='ocrx_word' id='word_1_146' title='bbox 411 975 437 1000; x_wconf 90' lang='lat' dir='ltr'><strong><em>in</em></strong></span> <span class='ocrx_word' id='word_1_147' title='bbox 449 972 728 1008; x_wconf 77' lang='lat' dir='ltr'><strong><em>Apocalypsim.Edita</em></strong></span> <span class='ocrx_word' id='word_1_148' title='bbox 741 973 939 1001; x_wconf 81' lang='lat' dir='ltr'><strong><em>Commentario</em></strong></span> <span class='ocrx_word' id='word_1_149' title='bbox 952 971 1107 999; x_wconf 77' lang='lat' dir='ltr'><strong><em>CEcumenii</em></strong></span> <span class='ocrx_word' id='word_1_150' title='bbox 1117 975 1141 999; x_wconf 86' lang='lat' dir='ltr'><strong><em>et</em></strong></span> <span class='ocrx_word' id='word_1_151' title='bbox 1156 972 1176 999; x_wconf 80' lang='grc' dir='ltr'><em>Α</em></span> <span class='ocrx_word' id='word_1_152' title='bbox 1183 973 1262 999; x_wconf 74' lang='grc' dir='ltr'><strong><em>νειΙιω</em></strong></span> <span class='ocrx_word' id='word_1_153' title='bbox 1272 972 1389 1007; x_wconf 82' lang='lat' dir='ltr'><strong><em>primum</em></strong></span> <span class='ocrx_word' id='word_1_154' title='bbox 1401 972 1496 1000; x_wconf 73' lang='lat' dir='ltr'><strong><em>Grtece</em></strong></span> <span class='ocrx_word' id='word_1_155' title='bbox 1512 977 1575 1008; x_wconf 87' lang='lat' dir='ltr'><strong><em>typo</em></strong></span> <span class='ocrx_word' id='word_1_156' title='bbox 1592 979 1709 1008; x_wconf 87' lang='lat' dir='ltr'><strong><em>prorsus</em></strong></span> 
     </span>
    </p>
   </div>
   <div class='ocr_carea' id='block_1_15' title="bbox 71 1015 1705 1054">
    <p class='ocr_par' dir='ltr' id='par_1_15' title="bbox 71 1015 1705 1054">
     <span class='ocr_line' id='line_1_15' title="bbox 71 1015 1705 1054; baseline -0.001 -8"><span class='ocrx_word' id='word_1_157' title='bbox 71 1019 174 1054; x_wconf 70' lang='lat' dir='ltr'><strong><em>insigni</em></strong></span> <span class='ocrx_word' id='word_1_158' title='bbox 192 1019 309 1046; x_wconf 68' lang='lat' dir='ltr'><strong><em>Veronae</em></strong></span> <span class='ocrx_word' id='word_1_159' title='bbox 332 1018 360 1045; x_wconf 92' lang='lat' dir='ltr'><strong><em>in</em></strong></span> <span class='ocrx_word' id='word_1_160' title='bbox 382 1017 449 1045; x_wconf 83' lang='lat' dir='ltr'><strong><em>folio</em></strong></span> <span class='ocrx_word' id='word_1_161' title='bbox 466 1025 539 1045; x_wconf 82' lang='lat' dir='ltr'><strong><em>anno</em></strong></span> <span class='ocrx_word' id='word_1_162' title='bbox 555 1017 636 1050; x_wconf 74' lang='lat' dir='ltr'><strong><em>i532,</em></strong></span> <span class='ocrx_word' id='word_1_163' title='bbox 652 1024 668 1043; x_wconf 86' lang='lat' dir='ltr'><strong><em>a</em></strong></span> <span class='ocrx_word' id='word_1_164' title='bbox 697 1016 801 1044; x_wconf 77' lang='lat' dir='ltr'><strong><em>Donato</em></strong></span> <span class='ocrx_word' id='word_1_165' title='bbox 820 1015 984 1048; x_wconf 78' lang='lat' dir='ltr'><strong><em>Vcronensi,</em></strong></span> <span class='ocrx_word' id='word_1_166' title='bbox 1001 1016 1093 1044; x_wconf 86' lang='lat' dir='ltr'><strong><em>dicata</em></strong></span> <span class='ocrx_word' id='word_1_167' title='bbox 1105 1016 1239 1044; x_wconf 86' lang='lat' dir='ltr'><strong><em>Clementi</em></strong></span> <span class='ocrx_word' id='word_1_168' title='bbox 1255 1024 1332 1052; x_wconf 69' lang='lat' dir='ltr'><strong><em>papae</em></strong></span> <span class='ocrx_word' id='word_1_169' title='bbox 1344 1015 1400 1049; x_wconf 78' lang='lat' dir='ltr'><strong><em>VII,</em></strong></span> <span class='ocrx_word' id='word_1_170' title='bbox 1415 1023 1475 1051; x_wconf 65' lang='lat' dir='ltr'><strong><em>quae</em></strong></span> <span class='ocrx_word' id='word_1_171' title='bbox 1489 1016 1589 1043; x_wconf 79' lang='lat' dir='ltr'><strong><em>ibidem</em></strong></span> <span class='ocrx_word' id='word_1_172' title='bbox 1607 1024 1705 1044; x_wconf 77' lang='lat' dir='ltr'><strong><em>recusa</em></strong></span> 
     </span>
    </p>
   </div>
   <div class='ocr_carea' id='block_1_16' title="bbox 70 1059 1704 1095">
    <p class='ocr_par' dir='ltr' id='par_1_16' title="bbox 70 1059 1704 1095">
     <span class='ocr_line' id='line_1_16' title="bbox 70 1059 1704 1095; baseline -0.001 -6"><span class='ocrx_word' id='word_1_173' title='bbox 70 1070 152 1090; x_wconf 85' lang='lat' dir='ltr'><strong><em>anno</em></strong></span> <span class='ocrx_word' id='word_1_174' title='bbox 164 1062 247 1090; x_wconf 73' lang='lat' dir='ltr'><strong><em>i562.</em></strong></span> <span class='ocrx_word' id='word_1_175' title='bbox 266 1061 370 1089; x_wconf 85' lang='lat' dir='ltr'><strong><em>llorum</em></strong></span> <span class='ocrx_word' id='word_1_176' title='bbox 387 1061 540 1088; x_wconf 83' lang='lat' dir='ltr'><strong><em>versionem</em></strong></span> <span class='ocrx_word' id='word_1_177' title='bbox 560 1060 589 1088; x_wconf 92' lang='lat' dir='ltr'><strong><em>in</em></strong></span> <span class='ocrx_word' id='word_1_178' title='bbox 607 1060 729 1094; x_wconf 78' lang='lat' dir='ltr'><strong><em>linguam</em></strong></span> <span class='ocrx_word' id='word_1_179' title='bbox 744 1060 1029 1095; x_wconf 71' lang='lat' dir='ltr'><strong><em>Latinam-aggressus</em></strong></span> <span class='ocrx_word' id='word_1_180' title='bbox 1041 1064 1084 1088; x_wconf 83' lang='lat' dir='ltr'><strong><em>est</em></strong></span> <span class='ocrx_word' id='word_1_181' title='bbox 1101 1059 1216 1087; x_wconf 80' lang='lat' dir='ltr'><strong><em>Lovanii</em></strong></span> <span class='ocrx_word' id='word_1_182' title='bbox 1234 1067 1307 1088; x_wconf 82' lang='lat' dir='ltr'><strong><em>anno</em></strong></span> <span class='ocrx_word' id='word_1_183' title='bbox 1325 1059 1393 1087; x_wconf 62' lang='grc'><strong><em>1545</em></strong></span> <span class='ocrx_word' id='word_1_184' title='bbox 1409 1059 1531 1088; x_wconf 83' lang='lat' dir='ltr'><strong><em>Joannes</em></strong></span> <span class='ocrx_word' id='word_1_185' title='bbox 1543 1059 1704 1091; x_wconf 76' lang='lat' dir='ltr'><strong><em>llcntcnius,</em></strong></span> 
     </span>
    </p>
   </div>
   <div class='ocr_carea' id='block_1_17' title="bbox 70 1103 1707 1140">
    <p class='ocr_par' dir='ltr' id='par_1_17' title="bbox 70 1103 1707 1140">
     <span class='ocr_line' id='line_1_17' title="bbox 70 1103 1707 1140; baseline -0.002 -6"><span class='ocrx_word' id='word_1_186' title='bbox 70 1106 282 1134; x_wconf 81' lang='lat' dir='ltr'><strong><em>Mechliniensis</em></strong></span> <span class='ocrx_word' id='word_1_187' title='bbox 296 1105 388 1140; x_wconf 77' lang='lat' dir='ltr'><strong><em>Belga,</em></strong></span> <span class='ocrx_word' id='word_1_188' title='bbox 406 1104 559 1132; x_wconf 85' lang='lat' dir='ltr'><strong><em>monachus</em></strong></span> <span class='ocrx_word' id='word_1_189' title='bbox 574 1103 820 1139; x_wconf 80' lang='lat' dir='ltr'><strong><em>Hieronymianus,</em></strong></span> <span class='ocrx_word' id='word_1_190' title='bbox 834 1110 895 1138; x_wconf 76' lang='lat' dir='ltr'><strong><em>qute</em></strong></span> <span class='ocrx_word' id='word_1_191' title='bbox 907 1103 1020 1131; x_wconf 83' lang='lat' dir='ltr'><strong><em>Parisiis</em></strong></span> <span class='ocrx_word' id='word_1_192' title='bbox 1034 1111 1107 1131; x_wconf 86' lang='lat' dir='ltr'><strong><em>anno</em></strong></span> <span class='ocrx_word' id='word_1_193' title='bbox 1121 1104 1188 1131; x_wconf 78' lang='lat' dir='ltr'><strong><em>l547</em></strong></span> <span class='ocrx_word' id='word_1_194' title='bbox 1202 1104 1230 1131; x_wconf 90' lang='lat' dir='ltr'><strong><em>in</em></strong></span> <span class='ocrx_word' id='word_1_195' title='bbox 1241 1103 1289 1131; x_wconf 83' lang='lat' dir='ltr'><strong><em>fol.</em></strong></span> <span class='ocrx_word' id='word_1_196' title='bbox 1304 1104 1416 1139; x_wconf 87' lang='lat' dir='ltr'><strong><em>prodiit.</em></strong></span> <span class='ocrx_word' id='word_1_197' title='bbox 1435 1103 1557 1139; x_wconf 84' lang='lat' dir='ltr'><strong><em>Denique</em></strong></span> <span class='ocrx_word' id='word_1_198' title='bbox 1570 1104 1664 1132; x_wconf 70' lang='lat' dir='ltr'><strong><em>Graece</em></strong></span> <span class='ocrx_word' id='word_1_199' title='bbox 1680 1110 1707 1132; x_wconf 82' lang='lat' dir='ltr'><strong><em>ct</em></strong></span> 
     </span>
    </p>
   </div>
   <div class='ocr_carea' id='block_1_18' title="bbox 71 1147 648 1182">
    <p class='ocr_par' dir='ltr' id='par_1_18' title="bbox 71 1147 648 1182">
     <span class='ocr_line' id='line_1_18' title="bbox 71 1147 648 1182; baseline -0.007 -4"><span class='ocrx_word' id='word_1_200' title='bbox 71 1151 172 1179; x_wconf 82' lang='lat' dir='ltr'><strong><em>Latine</em></strong></span> <span class='ocrx_word' id='word_1_201' title='bbox 189 1149 301 1178; x_wconf 80' lang='lat' dir='ltr'><strong><em>Parisiis</em></strong></span> <span class='ocrx_word' id='word_1_202' title='bbox 315 1148 514 1182; x_wconf 69' lang='lat' dir='ltr'><strong><em>1651,2tomis</em></strong></span> <span class='ocrx_word' id='word_1_203' title='bbox 525 1147 554 1175; x_wconf 87' lang='lat' dir='ltr'><strong><em>in</em></strong></span> <span class='ocrx_word' id='word_1_204' title='bbox 572 1147 648 1175; x_wconf 83' lang='lat' dir='ltr'><strong><em>lolio.</em></strong></span> 
     </span>
    </p>
   </div>
   <div class='ocr_carea' id='block_1_19' title="bbox 490 1274 1276 1301">
    <p class='ocr_par' dir='ltr' id='par_1_19' title="bbox 490 1274 1276 1301">
     <span class='ocr_line' id='line_1_19' title="bbox 490 1274 1276 1301; baseline 0.001 -1"><span class='ocrx_word' id='word_1_205' title='bbox 490 1274 726 1300; x_wconf 72' lang='lat' dir='ltr'><strong><em>SANCTISSIMO</em></strong></span> <span class='ocrx_word' id='word_1_206' title='bbox 740 1275 781 1300; x_wconf 74' lang='lat' dir='ltr'><strong><em>AC</em></strong></span> <span class='ocrx_word' id='word_1_207' title='bbox 794 1275 1005 1300; x_wconf 77' lang='lat' dir='ltr'><strong><em>BBATISSIMO</em></strong></span> <span class='ocrx_word' id='word_1_208' title='bbox 1027 1275 1129 1300; x_wconf 75' lang='lat' dir='ltr'><strong><em>PATRI</em></strong></span> <span class='ocrx_word' id='word_1_209' title='bbox 1142 1275 1276 1301; x_wconf 78' lang='lat' dir='ltr'><strong><em>NOSTRO</em></strong></span> 
     </span>
    </p>
   </div>
   <div class='ocr_carea' id='block_1_20' title="bbox 434 1340 1352 1376">
    <p class='ocr_par' dir='ltr' id='par_1_20' title="bbox 434 1340 1352 1376">
     <span class='ocr_line' id='line_1_20' title="bbox 434 1340 1352 1376; baseline 0 -2"><span class='ocrx_word' id='word_1_210' title='bbox 434 1340 709 1374; x_wconf 80' lang='lat' dir='ltr'><strong><em>CLEMENTI</em></strong></span> <span class='ocrx_word' id='word_1_211' title='bbox 745 1341 818 1372; x_wconf 80' lang='grc' dir='ltr'><em>νιι</em></span> <span class='ocrx_word' id='word_1_212' title='bbox 845 1341 1115 1374; x_wconf 85' lang='lat' dir='ltr'><strong><em>PONTIFICI</em></strong></span> <span class='ocrx_word' id='word_1_213' title='bbox 1150 1343 1352 1376; x_wconf 72' lang='lat' dir='ltr'><strong><em>MAXIMO</em></strong></span> 
     </span>
    </p>
   </div>
   <div class='ocr_carea' id='block_1_21' title="bbox 662 1425 1121 1456">
    <p class='ocr_par' dir='ltr' id='par_1_21' title="bbox 662 1425 1121 1456">
     <span class='ocr_line' id='line_1_21' title="bbox 662 1425 1121 1456; baseline 0.004 -3"><span class='ocrx_word' id='word_1_214' title='bbox 662 1425 838 1455; x_wconf 78' lang='lat' dir='ltr'><strong><em>DONATUS</em></strong></span> <span class='ocrx_word' id='word_1_215' title='bbox 874 1426 1121 1456; x_wconf 70' lang='lat' dir='ltr'><strong><em>VERONENSIS.</em></strong></span> 
     </span>
    </p>
   </div>
   <div class='ocr_carea' id='block_1_22' title="bbox 759 1505 1022 1538">
    <p class='ocr_par' dir='ltr' id='par_1_22' title="bbox 759 1505 1022 1538">
     <span class='ocr_line' id='line_1_22' title="bbox 759 1505 1022 1538; baseline 0.004 -8"><span class='ocrx_word' id='word_1_216' title='bbox 759 1505 816 1536; x_wconf 82' lang='lat' dir='ltr'><strong><em>(Ed.</em></strong></span> <span class='ocrx_word' id='word_1_217' title='bbox 834 1505 926 1532; x_wconf 74' lang='lat' dir='ltr'><strong><em>Veron.</em></strong></span> <span class='ocrx_word' id='word_1_218' title='bbox 941 1507 1022 1538; x_wconf 73' lang='lat'><strong><em>1552.)</em></strong></span> 
     </span>
    </p>
   </div>
   <div class='ocr_carea' id='block_1_23' title="bbox 109 1595 1709 1637">
    <p class='ocr_par' dir='ltr' id='par_1_23' title="bbox 109 1595 1709 1637">
     <span class='ocr_line' id='line_1_23' title="bbox 109 1595 1709 1637; baseline 0.003 -12"><span class='ocrx_word' id='word_1_219' title='bbox 109 1597 191 1634; x_wconf 80' lang='lat' dir='ltr'><strong><em>Quod</em></strong></span> <span class='ocrx_word' id='word_1_220' title='bbox 208 1597 238 1625; x_wconf 86' lang='lat' dir='ltr'><strong><em>in</em></strong></span> <span class='ocrx_word' id='word_1_221' title='bbox 266 1596 454 1632; x_wconf 80' lang='lat' dir='ltr'><strong><em>Chrysostomo</em></strong></span> <span class='ocrx_word' id='word_1_222' title='bbox 468 1595 553 1624; x_wconf 86' lang='lat' dir='ltr'><strong><em>animi</em></strong></span> <span class='ocrx_word' id='word_1_223' title='bbox 570 1596 685 1630; x_wconf 80' lang='lat' dir='ltr'><strong><em>primunt</em></strong></span> <span class='ocrx_word' id='word_1_224' title='bbox 696 1595 789 1624; x_wconf 80' lang='lat' dir='ltr'><strong><em>habuit</em></strong></span> <span class='ocrx_word' id='word_1_225' title='bbox 807 1601 868 1624; x_wconf 86' lang='lat' dir='ltr'><strong><em>tuus</em></strong></span> <span class='ocrx_word' id='word_1_226' title='bbox 890 1597 933 1623; x_wconf 86' lang='lat' dir='ltr'><strong><em>hic</em></strong></span> <span class='ocrx_word' id='word_1_227' title='bbox 952 1598 1041 1632; x_wconf 86' lang='lat' dir='ltr'><strong><em>tuique</em></strong></span> <span class='ocrx_word' id='word_1_228' title='bbox 1057 1598 1259 1626; x_wconf 73' lang='lat' dir='ltr'><strong><em>amantissimus</em></strong></span> <span class='ocrx_word' id='word_1_229' title='bbox 1281 1604 1359 1635; x_wconf 83' lang='lat' dir='ltr'><strong><em>atque</em></strong></span> <span class='ocrx_word' id='word_1_230' title='bbox 1371 1600 1617 1629; x_wconf 83' lang='lat' dir='ltr'><strong><em>observantissimus</em></strong></span> <span class='ocrx_word' id='word_1_231' title='bbox 1636 1603 1709 1637; x_wconf 81' lang='lat' dir='ltr'><strong><em>ﬁlius</em></strong></span> 
     </span>
    </p>
   </div>
   <div class='ocr_carea' id='block_1_24' title="bbox 70 1640 1709 1681">
    <p class='ocr_par' dir='ltr' id='par_1_24' title="bbox 70 1640 1709 1681">
     <span class='ocr_line' id='line_1_24' title="bbox 70 1640 1709 1681; baseline 0.001 -9"><span class='ocrx_word' id='word_1_232' title='bbox 70 1644 211 1677; x_wconf 64' lang='lat' dir='ltr'><strong><em>Gibe‘tus,</em></strong></span> <span class='ocrx_word' id='word_1_233' title='bbox 234 1641 382 1668; x_wconf 80' lang='lat' dir='ltr'><strong><em>beatissime</em></strong></span> <span class='ocrx_word' id='word_1_234' title='bbox 394 1640 484 1673; x_wconf 85' lang='lat' dir='ltr'><strong><em>Pater,</em></strong></span> <span class='ocrx_word' id='word_1_235' title='bbox 500 1641 621 1676; x_wconf 85' lang='lat' dir='ltr'><strong><em>quodque</em></strong></span> <span class='ocrx_word' id='word_1_236' title='bbox 639 1640 733 1667; x_wconf 72' lang='lat' dir='ltr'><strong><em>deinde</em></strong></span> <span class='ocrx_word' id='word_1_237' title='bbox 757 1641 786 1667; x_wconf 86' lang='lat' dir='ltr'><strong><em>in</em></strong></span> <span class='ocrx_word' id='word_1_238' title='bbox 809 1640 963 1676; x_wconf 74' lang='lat' dir='ltr'><strong><em>Euthymio,</em></strong></span> <span class='ocrx_word' id='word_1_239' title='bbox 986 1649 1018 1668; x_wconf 93' lang='lat' dir='ltr'><strong><em>ac</em></strong></span> <span class='ocrx_word' id='word_1_240' title='bbox 1034 1647 1177 1677; x_wconf 84' lang='lat' dir='ltr'><strong><em>postremo,</em></strong></span> <span class='ocrx_word' id='word_1_241' title='bbox 1194 1643 1222 1670; x_wconf 86' lang='lat' dir='ltr'><strong><em>in</em></strong></span> <span class='ocrx_word' id='word_1_242' title='bbox 1243 1643 1407 1672; x_wconf 84' lang='lat' dir='ltr'><strong><em>Damasceno</em></strong></span> <span class='ocrx_word' id='word_1_243' title='bbox 1423 1653 1499 1680; x_wconf 81' lang='lat' dir='ltr'><strong><em>quem</em></strong></span> <span class='ocrx_word' id='word_1_244' title='bbox 1514 1646 1632 1681; x_wconf 66' lang='lat' dir='ltr'><strong><em>proxime</em></strong></span> <span class='ocrx_word' id='word_1_245' title='bbox 1657 1647 1709 1673; x_wconf 86' lang='lat' dir='ltr'><strong><em>int-</em></strong></span> 
     </span>
    </p>
   </div>
   <div class='ocr_carea' id='block_1_25' title="bbox 70 1684 1709 1722">
    <p class='ocr_par' dir='ltr' id='par_1_25' title="bbox 70 1684 1709 1722">
     <span class='ocr_line' id='line_1_25' title="bbox 70 1684 1709 1722; baseline 0.002 -7"><span class='ocrx_word' id='word_1_246' title='bbox 70 1695 197 1722; x_wconf 83' lang='lat' dir='ltr'><strong><em>pressum</em></strong></span> <span class='ocrx_word' id='word_1_247' title='bbox 229 1686 294 1713; x_wconf 67' lang='lat' dir='ltr'><strong><em>Tusc</em></strong></span> <span class='ocrx_word' id='word_1_248' title='bbox 311 1684 610 1712; x_wconf 85' lang='lat' dir='ltr'><strong><em>Sanctitatidicandum</em></strong></span> <span class='ocrx_word' id='word_1_249' title='bbox 628 1685 730 1711; x_wconf 80' lang='lat' dir='ltr'><strong><em>curauit</em></strong></span> <span class='ocrx_word' id='word_1_250' title='bbox 744 1693 753 1712; x_wconf 90' lang='lat'><strong><em>:</em></strong></span> <span class='ocrx_word' id='word_1_251' title='bbox 771 1685 840 1712; x_wconf 85' lang='lat' dir='ltr'><strong><em>idem</em></strong></span> <span class='ocrx_word' id='word_1_252' title='bbox 851 1685 879 1713; x_wconf 88' lang='lat' dir='ltr'><strong><em>in</em></strong></span> <span class='ocrx_word' id='word_1_253' title='bbox 892 1685 962 1713; x_wconf 87' lang='lat' dir='ltr'><strong><em>Itisce</em></strong></span> <span class='ocrx_word' id='word_1_254' title='bbox 977 1687 1174 1715; x_wconf 85' lang='lat' dir='ltr'><strong><em>commentariis</em></strong></span> <span class='ocrx_word' id='word_1_255' title='bbox 1190 1696 1258 1715; x_wconf 86' lang='lat' dir='ltr'><strong><em>nunc</em></strong></span> <span class='ocrx_word' id='word_1_256' title='bbox 1274 1688 1369 1716; x_wconf 82' lang='lat' dir='ltr'><strong><em>habet:</em></strong></span> <span class='ocrx_word' id='word_1_257' title='bbox 1382 1694 1410 1716; x_wconf 89' lang='lat' dir='ltr'><strong><em>ut</em></strong></span> <span class='ocrx_word' id='word_1_258' title='bbox 1424 1698 1467 1717; x_wconf 89' lang='lat' dir='ltr'><strong><em>eos</em></strong></span> <span class='ocrx_word' id='word_1_259' title='bbox 1483 1690 1532 1717; x_wconf 84' lang='lat' dir='ltr'><strong><em>alii</em></strong></span> <span class='ocrx_word' id='word_1_260' title='bbox 1548 1691 1615 1718; x_wconf 82' lang='lat' dir='ltr'><strong><em>nulli</em></strong></span> <span class='ocrx_word' id='word_1_261' title='bbox 1635 1699 1709 1718; x_wconf 85' lang='lat' dir='ltr'><strong><em>mor-</em></strong></span> 
     </span>
    </p>
   </div>
   <div class='ocr_carea' id='block_1_26' title="bbox 72 1728 1708 1770">
    <p class='ocr_par' dir='ltr' id='par_1_26' title="bbox 72 1728 1708 1770">
     <span class='ocr_line' id='line_1_26' title="bbox 72 1728 1708 1770; baseline 0.001 -12"><span class='ocrx_word' id='word_1_262' title='bbox 72 1732 184 1763; x_wconf 88' lang='lat' dir='ltr'><strong><em>talium,</em></strong></span> <span class='ocrx_word' id='word_1_263' title='bbox 200 1730 245 1757; x_wconf 86' lang='lat' dir='ltr'><strong><em>sed</em></strong></span> <span class='ocrx_word' id='word_1_264' title='bbox 271 1730 317 1756; x_wconf 90' lang='lat' dir='ltr'><strong><em>uni</em></strong></span> <span class='ocrx_word' id='word_1_265' title='bbox 334 1730 382 1756; x_wconf 90' lang='lat' dir='ltr'><strong><em>tibi</em></strong></span> <span class='ocrx_word' id='word_1_266' title='bbox 402 1734 530 1764; x_wconf 81' lang='lat' dir='ltr'><strong><em>tanquam</em></strong></span> <span class='ocrx_word' id='word_1_267' title='bbox 556 1728 690 1764; x_wconf 82' lang='lat' dir='ltr'><strong><em>singulari</em></strong></span> <span class='ocrx_word' id='word_1_268' title='bbox 707 1729 876 1757; x_wconf 82' lang='lat' dir='ltr'><strong><em>cuidantsuo</em></strong></span> <span class='ocrx_word' id='word_1_269' title='bbox 896 1731 998 1758; x_wconf 87' lang='lat' dir='ltr'><strong><em>numini</em></strong></span> <span class='ocrx_word' id='word_1_270' title='bbox 1009 1731 1090 1758; x_wconf 86' lang='lat' dir='ltr'><strong><em>dicet.</em></strong></span> <span class='ocrx_word' id='word_1_271' title='bbox 1110 1730 1196 1759; x_wconf 81' lang='lat' dir='ltr'><strong><em>Hasce</em></strong></span> <span class='ocrx_word' id='word_1_272' title='bbox 1210 1733 1291 1767; x_wconf 82' lang='lat' dir='ltr'><strong><em>igitur</em></strong></span> <span class='ocrx_word' id='word_1_273' title='bbox 1306 1733 1338 1759; x_wconf 86' lang='lat' dir='ltr'><strong><em>ab</em></strong></span> <span class='ocrx_word' id='word_1_274' title='bbox 1348 1733 1438 1760; x_wconf 76' lang='lat' dir='ltr'><strong><em>eodem</em></strong></span> <span class='ocrx_word' id='word_1_275' title='bbox 1462 1735 1552 1761; x_wconf 86' lang='lat' dir='ltr'><strong><em>animo</em></strong></span> <span class='ocrx_word' id='word_1_276' title='bbox 1576 1736 1708 1770; x_wconf 77' lang='lat' dir='ltr'><strong><em>profectos</em></strong></span> 
     </span>
    </p>
   </div>
   <div class='ocr_carea' id='block_1_27' title="bbox 71 1773 1709 1812">
    <p class='ocr_par' dir='ltr' id='par_1_27' title="bbox 71 1773 1709 1812">
     <span class='ocr_line' id='line_1_27' title="bbox 71 1773 1709 1812; baseline 0 -8"><span class='ocrx_word' id='word_1_277' title='bbox 71 1782 102 1804; x_wconf 87' lang='lat' dir='ltr'><strong><em>tu</em></strong></span> <span class='ocrx_word' id='word_1_278' title='bbox 119 1776 240 1804; x_wconf 82' lang='lat' dir='ltr'><strong><em>vicissim</em></strong></span> <span class='ocrx_word' id='word_1_279' title='bbox 263 1773 354 1801; x_wconf 81' lang='lat' dir='ltr'><strong><em>eadem</em></strong></span> <span class='ocrx_word' id='word_1_280' title='bbox 376 1774 464 1801; x_wconf 79' lang='lat' dir='ltr'><strong><em>nullus</em></strong></span> <span class='ocrx_word' id='word_1_281' title='bbox 481 1774 633 1806; x_wconf 82' lang='lat' dir='ltr'><strong><em>serenitate,</em></strong></span> <span class='ocrx_word' id='word_1_282' title='bbox 646 1782 699 1809; x_wconf 88' lang='lat' dir='ltr'><strong><em>qua</em></strong></span> <span class='ocrx_word' id='word_1_283' title='bbox 720 1775 866 1808; x_wconf 86' lang='lat' dir='ltr'><strong><em>superiores</em></strong></span> <span class='ocrx_word' id='word_1_284' title='bbox 880 1774 953 1808; x_wconf 90' lang='lat' dir='ltr'><strong><em>illos,</em></strong></span> <span class='ocrx_word' id='word_1_285' title='bbox 969 1775 1082 1810; x_wconf 81' lang='lat' dir='ltr'><strong><em>accipies</em></strong></span> <span class='ocrx_word' id='word_1_286' title='bbox 1098 1783 1107 1802; x_wconf 87' lang='lat'><strong><em>:</em></strong></span> <span class='ocrx_word' id='word_1_287' title='bbox 1125 1780 1150 1803; x_wconf 90' lang='lat' dir='ltr'><strong><em>et</em></strong></span> <span class='ocrx_word' id='word_1_288' title='bbox 1161 1776 1241 1811; x_wconf 71' lang='lat' dir='ltr'><strong><em>juxta</em></strong></span> <span class='ocrx_word' id='word_1_289' title='bbox 1257 1776 1318 1804; x_wconf 88' lang='lat' dir='ltr'><strong><em>illos</em></strong></span> <span class='ocrx_word' id='word_1_290' title='bbox 1331 1778 1358 1805; x_wconf 79' lang='lat' dir='ltr'><strong><em>in</em></strong></span> <span class='ocrx_word' id='word_1_291' title='bbox 1375 1777 1542 1812; x_wconf 84' lang='lat' dir='ltr'><strong><em>amplissima</em></strong></span> <span class='ocrx_word' id='word_1_292' title='bbox 1568 1779 1622 1806; x_wconf 76' lang='lat' dir='ltr'><strong><em>ista</em></strong></span> <span class='ocrx_word' id='word_1_293' title='bbox 1649 1787 1709 1806; x_wconf 78' lang='lat' dir='ltr'><strong><em>ont-</em></strong></span> 
     </span>
    </p>
   </div>
   <div class='ocr_carea' id='block_1_28' title="bbox 71 1818 1709 1855">
    <p class='ocr_par' dir='ltr' id='par_1_28' title="bbox 71 1818 1709 1855">
     <span class='ocr_line' id='line_1_28' title="bbox 71 1818 1709 1855; baseline 0.001 -8"><span class='ocrx_word' id='word_1_294' title='bbox 71 1822 203 1855; x_wconf 86' lang='lat' dir='ltr'><strong><em>niumque</em></strong></span> <span class='ocrx_word' id='word_1_295' title='bbox 221 1823 276 1846; x_wconf 91' lang='lat' dir='ltr'><strong><em>toto</em></strong></span> <span class='ocrx_word' id='word_1_296' title='bbox 293 1818 354 1846; x_wconf 91' lang='lat' dir='ltr'><strong><em>orbe</em></strong></span> <span class='ocrx_word' id='word_1_297' title='bbox 369 1819 538 1846; x_wconf 85' lang='lat' dir='ltr'><strong><em>celeberrima</em></strong></span> <span class='ocrx_word' id='word_1_298' title='bbox 551 1819 670 1846; x_wconf 85' lang='lat' dir='ltr'><strong><em>Romana</em></strong></span> <span class='ocrx_word' id='word_1_299' title='bbox 686 1818 844 1846; x_wconf 79' lang='lat' dir='ltr'><strong><em>bibliotheca</em></strong></span> <span class='ocrx_word' id='word_1_300' title='bbox 865 1819 1008 1847; x_wconf 85' lang='lat' dir='ltr'><strong><em>collocabis</em></strong></span> <span class='ocrx_word' id='word_1_301' title='bbox 1025 1827 1034 1847; x_wconf 91' lang='lat'><strong><em>:</em></strong></span> <span class='ocrx_word' id='word_1_302' title='bbox 1047 1824 1077 1846; x_wconf 84' lang='lat' dir='ltr'><strong><em>ut</em></strong></span> <span class='ocrx_word' id='word_1_303' title='bbox 1093 1820 1144 1854; x_wconf 84' lang='lat' dir='ltr'><strong><em>ipsi</em></strong></span> <span class='ocrx_word' id='word_1_304' title='bbox 1159 1828 1261 1855; x_wconf 85' lang='lat' dir='ltr'><strong><em>quoque</em></strong></span> <span class='ocrx_word' id='word_1_305' title='bbox 1269 1829 1329 1848; x_wconf 88' lang='lat' dir='ltr'><strong><em>cum</em></strong></span> <span class='ocrx_word' id='word_1_306' title='bbox 1344 1829 1403 1848; x_wconf 90' lang='lat' dir='ltr'><strong><em>eam</em></strong></span> <span class='ocrx_word' id='word_1_307' title='bbox 1412 1822 1463 1849; x_wconf 90' lang='lat' dir='ltr'><strong><em>sibi</em></strong></span> <span class='ocrx_word' id='word_1_308' title='bbox 1479 1822 1567 1849; x_wconf 84' lang='lat' dir='ltr'><strong><em>sedem</em></strong></span> <span class='ocrx_word' id='word_1_309' title='bbox 1580 1822 1709 1850; x_wconf 83' lang='lat' dir='ltr'><strong><em>delectant</em></strong></span> 
     </span>
    </p>
   </div>
   <div class='ocr_carea' id='block_1_29' title="bbox 72 1863 1709 1899">
    <p class='ocr_par' dir='ltr' id='par_1_29' title="bbox 72 1863 1709 1899">
     <span class='ocr_line' id='line_1_29' title="bbox 72 1863 1709 1899; baseline 0.002 -8"><span class='ocrx_word' id='word_1_310' title='bbox 72 1864 331 1895; x_wconf 81' lang='lat' dir='ltr'><strong><em>animadverterint,</em></strong></span> <span class='ocrx_word' id='word_1_311' title='bbox 348 1871 408 1890; x_wconf 89' lang='lat' dir='ltr'><strong><em>cum</em></strong></span> <span class='ocrx_word' id='word_1_312' title='bbox 425 1863 535 1890; x_wconf 88' lang='lat' dir='ltr'><strong><em>illorum</em></strong></span> <span class='ocrx_word' id='word_1_313' title='bbox 548 1863 626 1898; x_wconf 88' lang='lat' dir='ltr'><strong><em>quasi</em></strong></span> <span class='ocrx_word' id='word_1_314' title='bbox 641 1863 886 1890; x_wconf 79' lang='lat' dir='ltr'><strong><em>amantissimorum</em></strong></span> <span class='ocrx_word' id='word_1_315' title='bbox 899 1863 1016 1897; x_wconf 88' lang='lat' dir='ltr'><strong><em>fratrunt</em></strong></span> <span class='ocrx_word' id='word_1_316' title='bbox 1040 1865 1229 1892; x_wconf 80' lang='lat' dir='ltr'><strong><em>consuetudine</em></strong></span> <span class='ocrx_word' id='word_1_317' title='bbox 1257 1870 1282 1892; x_wconf 85' lang='lat' dir='ltr'><strong><em>et</em></strong></span> <span class='ocrx_word' id='word_1_318' title='bbox 1307 1871 1424 1899; x_wconf 84' lang='lat' dir='ltr'><strong><em>aspectu,</em></strong></span> <span class='ocrx_word' id='word_1_319' title='bbox 1441 1872 1498 1893; x_wconf 88' lang='lat' dir='ltr'><strong><em>tum</em></strong></span> <span class='ocrx_word' id='word_1_320' title='bbox 1527 1867 1568 1894; x_wconf 82' lang='lat' dir='ltr'><strong><em>tui</em></strong></span> <span class='ocrx_word' id='word_1_321' title='bbox 1594 1868 1709 1894; x_wconf 85' lang='lat' dir='ltr'><strong><em>numinis</em></strong></span> 
     </span>
    </p>
   </div>
   <div class='ocr_carea' id='block_1_30' title="bbox 44 1907 1710 1945">
    <p class='ocr_par' dir='ltr' id='par_1_30' title="bbox 44 1907 1710 1945">
     <span class='ocr_line' id='line_1_30' title="bbox 44 1907 1710 1945; baseline 0 -9"><span class='ocrx_word' id='word_1_322' title='bbox 44 1928 45 1931; x_wconf 61' lang='grc' dir='ltr'><strong>η</strong></span> <span class='ocrx_word' id='word_1_323' title='bbox 73 1910 235 1944; x_wconf 75' lang='lat' dir='ltr'><strong><em>prwsentia,</em></strong></span> <span class='ocrx_word' id='word_1_324' title='bbox 262 1908 376 1936; x_wconf 79' lang='lat' dir='ltr'><strong><em>lwtiores</em></strong></span> <span class='ocrx_word' id='word_1_325' title='bbox 394 1909 421 1934; x_wconf 88' lang='lat' dir='ltr'><strong><em>in</em></strong></span> <span class='ocrx_word' id='word_1_326' title='bbox 447 1912 604 1944; x_wconf 84' lang='lat' dir='ltr'><strong><em>perpetuum</em></strong></span> <span class='ocrx_word' id='word_1_327' title='bbox 630 1907 725 1943; x_wconf 83' lang='lat' dir='ltr'><strong><em>degunt</em></strong></span> <span class='ocrx_word' id='word_1_328' title='bbox 739 1917 747 1934; x_wconf 85' lang='lat'><em>:</em></span> <span class='ocrx_word' id='word_1_329' title='bbox 764 1912 788 1934; x_wconf 88' lang='lat' dir='ltr'><strong><em>et</em></strong></span> <span class='ocrx_word' id='word_1_330' title='bbox 804 1909 951 1943; x_wconf 79' lang='lat' dir='ltr'><strong><em>quicunque</em></strong></span> <span class='ocrx_word' id='word_1_331' title='bbox 966 1908 1001 1934; x_wconf 87' lang='lat' dir='ltr'><strong><em>ad</em></strong></span> <span class='ocrx_word' id='word_1_332' title='bbox 1016 1916 1043 1935; x_wconf 88' lang='lat' dir='ltr'><strong><em>se</em></strong></span> <span class='ocrx_word' id='word_1_333' title='bbox 1053 1909 1223 1942; x_wconf 86' lang='lat' dir='ltr'><strong><em>accesserint,</em></strong></span> <span class='ocrx_word' id='word_1_334' title='bbox 1247 1908 1304 1942; x_wconf 85' lang='lat' dir='ltr'><strong><em>ejus</em></strong></span> <span class='ocrx_word' id='word_1_335' title='bbox 1330 1909 1460 1936; x_wconf 71' lang='lat' dir='ltr'><strong><em>doctrinm</em></strong></span> <span class='ocrx_word' id='word_1_336' title='bbox 1475 1910 1565 1944; x_wconf 84' lang='lat' dir='ltr'><strong><em>cupidi</em></strong></span> <span class='ocrx_word' id='word_1_337' title='bbox 1578 1918 1632 1945; x_wconf 89' lang='lat' dir='ltr'><strong><em>qua</em></strong></span> <span class='ocrx_word' id='word_1_338' title='bbox 1659 1911 1710 1945; x_wconf 81' lang='lat' dir='ltr'><strong><em>ipsi</em></strong></span> 
     </span>
    </p>
   </div>
   <div class='ocr_carea' id='block_1_31' title="bbox 73 1952 1709 1988">
    <p class='ocr_par' dir='ltr' id='par_1_31' title="bbox 73 1952 1709 1988">
     <span class='ocr_line' id='line_1_31' title="bbox 73 1952 1709 1988; baseline 0 -8"><span class='ocrx_word' id='word_1_339' title='bbox 73 1953 184 1980; x_wconf 87' lang='lat' dir='ltr'><strong><em>abunde</em></strong></span> <span class='ocrx_word' id='word_1_340' title='bbox 201 1952 293 1987; x_wconf 76' lang='lat' dir='ltr'><strong><em>referti</em></strong></span> <span class='ocrx_word' id='word_1_341' title='bbox 308 1959 382 1985; x_wconf 89' lang='lat' dir='ltr'><strong><em>sunt,</em></strong></span> <span class='ocrx_word' id='word_1_342' title='bbox 394 1960 525 1987; x_wconf 86' lang='lat' dir='ltr'><strong><em>quamque</em></strong></span> <span class='ocrx_word' id='word_1_343' title='bbox 537 1960 565 1979; x_wconf 83' lang='lat' dir='ltr'><strong><em>se</em></strong></span> <span class='ocrx_word' id='word_1_344' title='bbox 585 1952 734 1980; x_wconf 88' lang='lat' dir='ltr'><strong><em>tradituros</em></strong></span> <span class='ocrx_word' id='word_1_345' title='bbox 748 1952 917 1987; x_wconf 80' lang='lat' dir='ltr'><strong><em>proﬁtentur,</em></strong></span> <span class='ocrx_word' id='word_1_346' title='bbox 934 1960 978 1979; x_wconf 90' lang='lat' dir='ltr'><strong><em>eos</em></strong></span> <span class='ocrx_word' id='word_1_347' title='bbox 997 1960 1012 1979; x_wconf 88' lang='lat' dir='ltr'><strong><em>a</em></strong></span> <span class='ocrx_word' id='word_1_348' title='bbox 1024 1960 1051 1978; x_wconf 86' lang='lat' dir='ltr'><strong><em>se</em></strong></span> <span class='ocrx_word' id='word_1_349' title='bbox 1079 1952 1177 1979; x_wconf 77' lang='lat' dir='ltr'><strong><em>talibus</em></strong></span> <span class='ocrx_word' id='word_1_350' title='bbox 1210 1953 1348 1987; x_wconf 64' lang='lat' dir='ltr'><strong><em>preceptis</em></strong></span> <span class='ocrx_word' id='word_1_351' title='bbox 1373 1952 1500 1984; x_wconf 83' lang='lat' dir='ltr'><strong><em>imbutos,</em></strong></span> <span class='ocrx_word' id='word_1_352' title='bbox 1527 1954 1606 1988; x_wconf 87' lang='lat' dir='ltr'><strong><em>quasi</em></strong></span> <span class='ocrx_word' id='word_1_353' title='bbox 1624 1955 1709 1988; x_wconf 83' lang='lat' dir='ltr'><strong><em>epulis</em></strong></span> 
     </span>
    </p>
   </div>
   <div class='ocr_carea' id='block_1_32' title="bbox 72 1996 1709 2033">
    <p class='ocr_par' dir='ltr' id='par_1_32' title="bbox 72 1996 1709 2033">
     <span class='ocr_line' id='line_1_32' title="bbox 72 1996 1709 2033; baseline 0.001 -9"><span class='ocrx_word' id='word_1_354' title='bbox 72 1997 241 2032; x_wconf 83' lang='lat' dir='ltr'><strong><em>quibusdam</em></strong></span> <span class='ocrx_word' id='word_1_355' title='bbox 255 2005 306 2023; x_wconf 87' lang='lat' dir='ltr'><strong><em>non</em></strong></span> <span class='ocrx_word' id='word_1_356' title='bbox 321 1996 398 2024; x_wconf 87' lang='lat' dir='ltr'><strong><em>modo</em></strong></span> <span class='ocrx_word' id='word_1_357' title='bbox 415 1996 608 2029; x_wconf 79' lang='lat' dir='ltr'><strong><em>saluberrimis,</em></strong></span> <span class='ocrx_word' id='word_1_358' title='bbox 626 1996 671 2023; x_wconf 85' lang='lat' dir='ltr'><strong><em>sed</em></strong></span> <span class='ocrx_word' id='word_1_359' title='bbox 701 1996 781 2023; x_wconf 85' lang='lat' dir='ltr'><strong><em>etiam</em></strong></span> <span class='ocrx_word' id='word_1_360' title='bbox 810 1996 975 2023; x_wconf 84' lang='lat' dir='ltr'><strong><em>suavissimis</em></strong></span> <span class='ocrx_word' id='word_1_361' title='bbox 997 1997 1121 2028; x_wconf 83' lang='lat' dir='ltr'><strong><em>satiatos,</em></strong></span> <span class='ocrx_word' id='word_1_362' title='bbox 1152 2003 1184 2023; x_wconf 69' lang='lat' dir='ltr'><strong><em>ex</em></strong></span> <span class='ocrx_word' id='word_1_363' title='bbox 1205 1997 1258 2023; x_wconf 86' lang='lat' dir='ltr'><strong><em>isto</em></strong></span> <span class='ocrx_word' id='word_1_364' title='bbox 1278 2001 1333 2023; x_wconf 88' lang='lat' dir='ltr'><strong><em>tant</em></strong></span> <span class='ocrx_word' id='word_1_365' title='bbox 1357 1997 1446 2031; x_wconf 90' lang='lat' dir='ltr'><strong><em>antplo</em></strong></span> <span class='ocrx_word' id='word_1_366' title='bbox 1476 2002 1581 2033; x_wconf 75' lang='lat' dir='ltr'><strong><em>tamque</em></strong></span> <span class='ocrx_word' id='word_1_367' title='bbox 1607 1998 1709 2025; x_wconf 79' lang='lat' dir='ltr'><strong><em>illustri</em></strong></span> 
     </span>
    </p>
   </div>
   <div class='ocr_carea' id='block_1_33' title="bbox 72 2039 1710 2077">
    <p class='ocr_par' dir='ltr' id='par_1_33' title="bbox 72 2039 1710 2077">
     <span class='ocr_line' id='line_1_33' title="bbox 72 2039 1710 2077; baseline 0.001 -9"><span class='ocrx_word' id='word_1_368' title='bbox 72 2042 133 2068; x_wconf 80' lang='lat' dir='ltr'><strong><em>loco</em></strong></span> <span class='ocrx_word' id='word_1_369' title='bbox 162 2041 317 2068; x_wconf 87' lang='lat' dir='ltr'><strong><em>dimittant.</em></strong></span> <span class='ocrx_word' id='word_1_370' title='bbox 348 2039 456 2067; x_wconf 79' lang='lat' dir='ltr'><strong><em>Etenim</em></strong></span> <span class='ocrx_word' id='word_1_371' title='bbox 485 2048 544 2067; x_wconf 89' lang='lat' dir='ltr'><strong><em>cum</em></strong></span> <span class='ocrx_word' id='word_1_372' title='bbox 565 2041 651 2067; x_wconf 90' lang='lat' dir='ltr'><strong><em>omnis</em></strong></span> <span class='ocrx_word' id='word_1_373' title='bbox 666 2041 816 2067; x_wconf 80' lang='lat' dir='ltr'><strong><em>divinorum</em></strong></span> <span class='ocrx_word' id='word_1_374' title='bbox 842 2040 970 2067; x_wconf 89' lang='lat' dir='ltr'><strong><em>librorunt</em></strong></span> <span class='ocrx_word' id='word_1_375' title='bbox 992 2041 1074 2068; x_wconf 89' lang='lat' dir='ltr'><strong><em>series</em></strong></span> <span class='ocrx_word' id='word_1_376' title='bbox 1090 2047 1155 2076; x_wconf 88' lang='lat' dir='ltr'><strong><em>quos</em></strong></span> <span class='ocrx_word' id='word_1_377' title='bbox 1166 2040 1308 2067; x_wconf 87' lang='lat' dir='ltr'><strong><em>canonicos</em></strong></span> <span class='ocrx_word' id='word_1_378' title='bbox 1333 2045 1436 2074; x_wconf 77' lang='lat' dir='ltr'><strong><em>vocant,</em></strong></span> <span class='ocrx_word' id='word_1_379' title='bbox 1466 2041 1612 2077; x_wconf 88' lang='lat' dir='ltr'><strong><em>quibusque</em></strong></span> <span class='ocrx_word' id='word_1_380' title='bbox 1624 2044 1710 2070; x_wconf 74' lang='lat' dir='ltr'><strong><em>omnis</em></strong></span> 
     </span>
    </p>
   </div>
   <div class='ocr_carea' id='block_1_34' title="bbox 74 2084 1709 2120">
    <p class='ocr_par' dir='ltr' id='par_1_34' title="bbox 74 2084 1709 2120">
     <span class='ocr_line' id='line_1_34' title="bbox 74 2084 1709 2120; baseline 0.001 -8"><span class='ocrx_word' id='word_1_381' title='bbox 74 2093 158 2112; x_wconf 87' lang='lat' dir='ltr'><strong><em>sacra</em></strong></span> <span class='ocrx_word' id='word_1_382' title='bbox 170 2084 299 2112; x_wconf 87' lang='lat' dir='ltr'><strong><em>doctrina</em></strong></span> <span class='ocrx_word' id='word_1_383' title='bbox 317 2085 477 2118; x_wconf 82' lang='lat' dir='ltr'><strong><em>continetur,</em></strong></span> <span class='ocrx_word' id='word_1_384' title='bbox 494 2085 522 2111; x_wconf 91' lang='lat' dir='ltr'><strong><em>in</em></strong></span> <span class='ocrx_word' id='word_1_385' title='bbox 537 2084 606 2111; x_wconf 88' lang='lat' dir='ltr'><strong><em>duas</em></strong></span> <span class='ocrx_word' id='word_1_386' title='bbox 622 2085 749 2111; x_wconf 83' lang='lat' dir='ltr'><strong><em>dirisasit</em></strong></span> <span class='ocrx_word' id='word_1_387' title='bbox 761 2089 850 2118; x_wconf 83' lang='lat' dir='ltr'><strong><em>partes</em></strong></span> <span class='ocrx_word' id='word_1_388' title='bbox 875 2091 884 2110; x_wconf 89' lang='lat'><em>:</em></span> <span class='ocrx_word' id='word_1_389' title='bbox 912 2092 1024 2120; x_wconf 84' lang='lat' dir='ltr'><strong><em>quorum</em></strong></span> <span class='ocrx_word' id='word_1_390' title='bbox 1051 2092 1116 2118; x_wconf 86' lang='lat' dir='ltr'><strong><em>una,</em></strong></span> <span class='ocrx_word' id='word_1_391' title='bbox 1161 2084 1240 2112; x_wconf 82' lang='lat' dir='ltr'><strong><em>Vetus</em></strong></span> <span class='ocrx_word' id='word_1_392' title='bbox 1266 2085 1336 2120; x_wconf 89' lang='lat' dir='ltr'><strong><em>quod</em></strong></span> <span class='ocrx_word' id='word_1_393' title='bbox 1365 2089 1461 2113; x_wconf 77' lang='lat' dir='ltr'><strong><em>vocant</em></strong></span> <span class='ocrx_word' id='word_1_394' title='bbox 1501 2085 1709 2116; x_wconf 84' lang='lat' dir='ltr'><strong><em>Testamentum.</em></strong></span> 
     </span>
    </p>
   </div>
   <div class='ocr_carea' id='block_1_35' title="bbox 70 2127 1710 2164">
    <p class='ocr_par' dir='ltr' id='par_1_35' title="bbox 70 2127 1710 2164">
     <span class='ocr_line' id='line_1_35' title="bbox 70 2127 1710 2164; baseline 0.001 -8"><span class='ocrx_word' id='word_1_395' title='bbox 70 2130 162 2156; x_wconf 86' lang='lat' dir='ltr'><strong><em>altera</em></strong></span> <span class='ocrx_word' id='word_1_396' title='bbox 177 2136 276 2155; x_wconf 87' lang='lat' dir='ltr'><strong><em>novum</em></strong></span> <span class='ocrx_word' id='word_1_397' title='bbox 300 2129 424 2162; x_wconf 72' lang='lat' dir='ltr'><strong><em>amplexa</em></strong></span> <span class='ocrx_word' id='word_1_398' title='bbox 444 2133 482 2155; x_wconf 73' lang='lat' dir='ltr'><strong><em>est</em></strong></span> <span class='ocrx_word' id='word_1_399' title='bbox 498 2135 507 2154; x_wconf 92' lang='lat'><em>:</em></span> <span class='ocrx_word' id='word_1_400' title='bbox 524 2130 557 2155; x_wconf 91' lang='lat' dir='ltr'><strong><em>ab</em></strong></span> <span class='ocrx_word' id='word_1_401' title='bbox 586 2129 663 2156; x_wconf 89' lang='lat' dir='ltr'><strong><em>initio</em></strong></span> <span class='ocrx_word' id='word_1_402' title='bbox 685 2128 790 2164; x_wconf 84' lang='lat' dir='ltr'><strong><em>quidem</em></strong></span> <span class='ocrx_word' id='word_1_403' title='bbox 801 2127 935 2163; x_wconf 85' lang='lat' dir='ltr'><strong><em>religionis</em></strong></span> <span class='ocrx_word' id='word_1_404' title='bbox 961 2133 1058 2156; x_wconf 50' lang='lat' dir='ltr'><strong><em>nostr-ar</em></strong></span> <span class='ocrx_word' id='word_1_405' title='bbox 1070 2129 1097 2156; x_wconf 88' lang='lat' dir='ltr'><strong><em>in</em></strong></span> <span class='ocrx_word' id='word_1_406' title='bbox 1124 2133 1235 2161; x_wconf 83' lang='lat' dir='ltr'><strong><em>utraque</em></strong></span> <span class='ocrx_word' id='word_1_407' title='bbox 1253 2129 1344 2164; x_wconf 85' lang='lat' dir='ltr'><strong><em>lingua</em></strong></span> <span class='ocrx_word' id='word_1_408' title='bbox 1357 2137 1410 2156; x_wconf 87' lang='lat' dir='ltr'><strong><em>non</em></strong></span> <span class='ocrx_word' id='word_1_409' title='bbox 1425 2129 1566 2164; x_wconf 83' lang='lat' dir='ltr'><strong><em>defuerunt</em></strong></span> <span class='ocrx_word' id='word_1_410' title='bbox 1581 2134 1606 2157; x_wconf 88' lang='lat' dir='ltr'><strong><em>et</em></strong></span> <span class='ocrx_word' id='word_1_411' title='bbox 1614 2131 1710 2157; x_wconf 86' lang='lat' dir='ltr'><strong><em>celebri</em></strong></span> 
     </span>
    </p>
   </div>
   <div class='ocr_carea' id='block_1_36' title="bbox 70 2172 1709 2208">
    <p class='ocr_par' dir='ltr' id='par_1_36' title="bbox 70 2172 1709 2208">
     <span class='ocr_line' id='line_1_36' title="bbox 70 2172 1709 2208; baseline 0 -8"><span class='ocrx_word' id='word_1_412' title='bbox 70 2174 223 2200; x_wconf 81' lang='lat' dir='ltr'><strong><em>sanctitate</em></strong></span> <span class='ocrx_word' id='word_1_413' title='bbox 238 2177 262 2199; x_wconf 85' lang='lat' dir='ltr'><strong><em>et</em></strong></span> <span class='ocrx_word' id='word_1_414' title='bbox 277 2173 416 2207; x_wconf 83' lang='lat' dir='ltr'><strong><em>pra-stanti</em></strong></span> <span class='ocrx_word' id='word_1_415' title='bbox 430 2173 554 2199; x_wconf 88' lang='lat' dir='ltr'><strong><em>doctrina</em></strong></span> <span class='ocrx_word' id='word_1_416' title='bbox 567 2173 684 2207; x_wconf 67' lang='lat' dir='ltr'><strong><em>praditi,</em></strong></span> <span class='ocrx_word' id='word_1_417' title='bbox 707 2174 753 2208; x_wconf 85' lang='lat' dir='ltr'><strong><em>qui</em></strong></span> <span class='ocrx_word' id='word_1_418' title='bbox 769 2177 854 2200; x_wconf 86' lang='lat' dir='ltr'><strong><em>totum</em></strong></span> <span class='ocrx_word' id='word_1_419' title='bbox 866 2172 934 2200; x_wconf 88' lang='lat' dir='ltr'><strong><em>illud</em></strong></span> <span class='ocrx_word' id='word_1_420' title='bbox 944 2173 1021 2207; x_wconf 79' lang='lat' dir='ltr'><strong><em>quasi</em></strong></span> <span class='ocrx_word' id='word_1_421' title='bbox 1035 2172 1146 2199; x_wconf 70' lang='lat' dir='ltr'><strong><em>caelestis</em></strong></span> <span class='ocrx_word' id='word_1_422' title='bbox 1160 2173 1297 2204; x_wconf 78' lang='lat' dir='ltr'><strong><em>sapientia:</em></strong></span> <span class='ocrx_word' id='word_1_423' title='bbox 1316 2181 1422 2208; x_wconf 87' lang='lat' dir='ltr'><strong><em>corpus,</em></strong></span> <span class='ocrx_word' id='word_1_424' title='bbox 1439 2173 1519 2200; x_wconf 80' lang='lat' dir='ltr'><strong><em>editis</em></strong></span> <span class='ocrx_word' id='word_1_425' title='bbox 1536 2175 1709 2208; x_wconf 85' lang='lat' dir='ltr'><strong><em>amplissimis</em></strong></span> 
     </span>
    </p>
   </div>
   <div class='ocr_carea' id='block_1_37' title="bbox 69 2216 1710 2252">
    <p class='ocr_par' dir='ltr' id='par_1_37' title="bbox 69 2216 1710 2252">
     <span class='ocr_line' id='line_1_37' title="bbox 69 2216 1710 2252; baseline -0.002 -7"><span class='ocrx_word' id='word_1_426' title='bbox 69 2217 320 2252; x_wconf 83' lang='lat' dir='ltr'><strong><em>cruditissimisque</em></strong></span> <span class='ocrx_word' id='word_1_427' title='bbox 335 2217 546 2250; x_wconf 86' lang='lat' dir='ltr'><strong><em>commentariis,</em></strong></span> <span class='ocrx_word' id='word_1_428' title='bbox 574 2217 650 2244; x_wconf 83' lang='lat' dir='ltr'><strong><em>nobis</em></strong></span> <span class='ocrx_word' id='word_1_429' title='bbox 670 2222 841 2252; x_wconf 76' lang='lat' dir='ltr'><strong><em>exponerent.</em></strong></span> <span class='ocrx_word' id='word_1_430' title='bbox 857 2216 988 2245; x_wconf 63' lang='lat' dir='ltr'><strong><em>Caeterum</em></strong></span> <span class='ocrx_word' id='word_1_431' title='bbox 1003 2224 1063 2242; x_wconf 91' lang='lat' dir='ltr'><strong><em>cum</em></strong></span> <span class='ocrx_word' id='word_1_432' title='bbox 1085 2216 1191 2242; x_wconf 87' lang='lat' dir='ltr'><strong><em>illorum</em></strong></span> <span class='ocrx_word' id='word_1_433' title='bbox 1205 2217 1312 2251; x_wconf 77' lang='lat' dir='ltr'><strong><em>quidem</em></strong></span> <span class='ocrx_word' id='word_1_434' title='bbox 1345 2217 1525 2252; x_wconf 85' lang='lat' dir='ltr'><strong><em>unusquisque</em></strong></span> <span class='ocrx_word' id='word_1_435' title='bbox 1553 2216 1615 2244; x_wconf 90' lang='lat' dir='ltr'><strong><em>bene</em></strong></span> <span class='ocrx_word' id='word_1_436' title='bbox 1647 2225 1710 2244; x_wconf 70' lang='lat' dir='ltr'><strong><em>sane</em></strong></span> 
     </span>
    </p>
   </div>
   <div class='ocr_carea' id='block_1_38' title="bbox 70 2259 1710 2297">
    <p class='ocr_par' dir='ltr' id='par_1_38' title="bbox 70 2259 1710 2297">
     <span class='ocr_line' id='line_1_38' title="bbox 70 2259 1710 2297; baseline -0.001 -8"><span class='ocrx_word' id='word_1_437' title='bbox 70 2263 177 2294; x_wconf 87' lang='lat' dir='ltr'><strong><em>omnia,</em></strong></span> <span class='ocrx_word' id='word_1_438' title='bbox 195 2266 226 2288; x_wconf 79' lang='lat' dir='ltr'><strong><em>ut</em></strong></span> <span class='ocrx_word' id='word_1_439' title='bbox 244 2262 322 2289; x_wconf 85' lang='lat' dir='ltr'><strong><em>homo</em></strong></span> <span class='ocrx_word' id='word_1_440' title='bbox 342 2266 443 2294; x_wconf 85' lang='lat' dir='ltr'><strong><em>tamen,</em></strong></span> <span class='ocrx_word' id='word_1_441' title='bbox 473 2269 525 2288; x_wconf 87' lang='lat' dir='ltr'><strong><em>non</em></strong></span> <span class='ocrx_word' id='word_1_442' title='bbox 549 2263 647 2296; x_wconf 87' lang='lat' dir='ltr'><strong><em>optime</em></strong></span> <span class='ocrx_word' id='word_1_443' title='bbox 667 2262 758 2289; x_wconf 87' lang='lat' dir='ltr'><strong><em>omnia</em></strong></span> <span class='ocrx_word' id='word_1_444' title='bbox 788 2261 972 2296; x_wconf 70' lang='lat' dir='ltr'><strong><em>exposuisset:</em></strong></span> <span class='ocrx_word' id='word_1_445' title='bbox 988 2259 1215 2294; x_wconf 82' lang='lat' dir='ltr'><strong><em>studiosiquetam</em></strong></span> <span class='ocrx_word' id='word_1_446' title='bbox 1243 2267 1277 2286; x_wconf 74' lang='lat' dir='ltr'><strong><em>es:</em></strong></span> <span class='ocrx_word' id='word_1_447' title='bbox 1288 2260 1418 2292; x_wconf 88' lang='lat' dir='ltr'><strong><em>omnibus,</em></strong></span> <span class='ocrx_word' id='word_1_448' title='bbox 1441 2268 1521 2293; x_wconf 77' lang='lat' dir='ltr'><strong><em>quam</em></strong></span> <span class='ocrx_word' id='word_1_449' title='bbox 1543 2267 1577 2288; x_wconf 79' lang='lat' dir='ltr'><strong><em>es;</em></strong></span> <span class='ocrx_word' id='word_1_450' title='bbox 1597 2261 1710 2297; x_wconf 80' lang='lat' dir='ltr'><strong><em>singulis</em></strong></span> 
     </span>
    </p>
   </div>
   <div class='ocr_carea' id='block_1_39' title="bbox 69 2303 1710 2341">
    <p class='ocr_par' dir='ltr' id='par_1_39' title="bbox 69 2303 1710 2341">
     <span class='ocr_line' id='line_1_39' title="bbox 69 2303 1710 2341; baseline 0 -8"><span class='ocrx_word' id='word_1_451' title='bbox 69 2314 102 2333; x_wconf 87' lang='lat' dir='ltr'><strong><em>ne</em></strong></span> <span class='ocrx_word' id='word_1_452' title='bbox 126 2307 212 2341; x_wconf 80' lang='lat' dir='ltr'><strong><em>facile</em></strong></span> <span class='ocrx_word' id='word_1_453' title='bbox 239 2306 340 2340; x_wconf 87' lang='lat' dir='ltr'><strong><em>optima</em></strong></span> <span class='ocrx_word' id='word_1_454' title='bbox 353 2305 420 2340; x_wconf 85' lang='lat' dir='ltr'><strong><em>elegi</em></strong></span> <span class='ocrx_word' id='word_1_455' title='bbox 431 2310 548 2339; x_wconf 81' lang='lat' dir='ltr'><strong><em>possent.</em></strong></span> <span class='ocrx_word' id='word_1_456' title='bbox 565 2306 624 2340; x_wconf 84' lang='lat' dir='ltr'><strong><em>ipsa</em></strong></span> <span class='ocrx_word' id='word_1_457' title='bbox 643 2311 668 2333; x_wconf 90' lang='lat' dir='ltr'><strong><em>et</em></strong></span> <span class='ocrx_word' id='word_1_458' title='bbox 686 2306 846 2340; x_wconf 89' lang='lat' dir='ltr'><strong><em>scriptorum</em></strong></span> <span class='ocrx_word' id='word_1_459' title='bbox 868 2309 893 2332; x_wconf 88' lang='lat' dir='ltr'><strong><em>et</em></strong></span> <span class='ocrx_word' id='word_1_460' title='bbox 929 2303 1059 2330; x_wconf 88' lang='lat' dir='ltr'><strong><em>librorum</em></strong></span> <span class='ocrx_word' id='word_1_461' title='bbox 1090 2303 1259 2331; x_wconf 84' lang='lat' dir='ltr'><strong><em>multitudine</em></strong></span> <span class='ocrx_word' id='word_1_462' title='bbox 1282 2304 1485 2338; x_wconf 85' lang='lat' dir='ltr'><strong><em>impedirentur,</em></strong></span> <span class='ocrx_word' id='word_1_463' title='bbox 1511 2313 1557 2332; x_wconf 85' lang='lat' dir='ltr'><strong><em>nec</em></strong></span> <span class='ocrx_word' id='word_1_464' title='bbox 1579 2306 1710 2333; x_wconf 88' lang='lat' dir='ltr'><strong><em>immerito</em></strong></span> 
     </span>
    </p>
   </div>
   <div class='ocr_carea' id='block_1_40' title="bbox 70 2347 1711 2386">
    <p class='ocr_par' dir='ltr' id='par_1_40' title="bbox 70 2347 1711 2386">
     <span class='ocr_line' id='line_1_40' title="bbox 70 2347 1711 2386; baseline 0.001 -9"><span class='ocrx_word' id='word_1_465' title='bbox 70 2351 150 2386; x_wconf 83' lang='lat' dir='ltr'><strong><em>quasi</em></strong></span> <span class='ocrx_word' id='word_1_466' title='bbox 165 2350 251 2377; x_wconf 86' lang='lat' dir='ltr'><strong><em>dubia</em></strong></span> <span class='ocrx_word' id='word_1_467' title='bbox 264 2349 379 2385; x_wconf 87' lang='lat' dir='ltr'><strong><em>quadam</em></strong></span> <span class='ocrx_word' id='word_1_468' title='bbox 405 2357 478 2376; x_wconf 72' lang='lat' dir='ltr'><strong><em>caena</em></strong></span> <span class='ocrx_word' id='word_1_469' title='bbox 505 2350 643 2385; x_wconf 84' lang='lat' dir='ltr'><strong><em>apposita,</em></strong></span> <span class='ocrx_word' id='word_1_470' title='bbox 665 2350 728 2384; x_wconf 89' lang='lat' dir='ltr'><strong><em>quid</em></strong></span> <span class='ocrx_word' id='word_1_471' title='bbox 770 2348 942 2385; x_wconf 84' lang='lat' dir='ltr'><strong><em>potissimum</em></strong></span> <span class='ocrx_word' id='word_1_472' title='bbox 976 2353 1119 2380; x_wconf 83' lang='lat' dir='ltr'><strong><em>sumerent,</em></strong></span> <span class='ocrx_word' id='word_1_473' title='bbox 1142 2347 1295 2386; x_wconf 77' lang='lat' dir='ltr'><strong><em>dubitarent</em></strong></span> <span class='ocrx_word' id='word_1_474' title='bbox 1319 2356 1328 2374; x_wconf 93' lang='lat'><em>:</em></span> <span class='ocrx_word' id='word_1_475' title='bbox 1357 2349 1516 2376; x_wconf 74' lang='lat' dir='ltr'><strong><em>exstiterunt</em></strong></span> <span class='ocrx_word' id='word_1_476' title='bbox 1544 2349 1593 2376; x_wconf 87' lang='lat' dir='ltr'><strong><em>alii</em></strong></span> <span class='ocrx_word' id='word_1_477' title='bbox 1624 2353 1711 2378; x_wconf 84' lang='lat' dir='ltr'><strong><em>sancti</em></strong></span> 
     </span>
    </p>
   </div>
   <div class='ocr_carea' id='block_1_41' title="bbox 69 2392 1712 2430">
    <p class='ocr_par' dir='ltr' id='par_1_41' title="bbox 69 2392 1712 2430">
     <span class='ocr_line' id='line_1_41' title="bbox 69 2392 1712 2430; baseline -0.001 -8"><span class='ocrx_word' id='word_1_478' title='bbox 69 2395 199 2430; x_wconf 87' lang='lat' dir='ltr'><strong><em>doctique</em></strong></span> <span class='ocrx_word' id='word_1_479' title='bbox 231 2394 306 2427; x_wconf 84' lang='lat' dir='ltr'><strong><em>viri,</em></strong></span> <span class='ocrx_word' id='word_1_480' title='bbox 337 2395 381 2429; x_wconf 88' lang='lat' dir='ltr'><strong><em>qui</em></strong></span> <span class='ocrx_word' id='word_1_481' title='bbox 404 2395 485 2422; x_wconf 88' lang='lat' dir='ltr'><strong><em>etiam</em></strong></span> <span class='ocrx_word' id='word_1_482' title='bbox 522 2395 589 2422; x_wconf 79' lang='lat' dir='ltr'><strong><em>lianc</em></strong></span> <span class='ocrx_word' id='word_1_483' title='bbox 627 2395 807 2430; x_wconf 76' lang='lat' dir='ltr'><strong><em>difficultatem</em></strong></span> <span class='ocrx_word' id='word_1_484' title='bbox 844 2392 972 2421; x_wconf 82' lang='lat' dir='ltr'><strong><em>studiosis</em></strong></span> <span class='ocrx_word' id='word_1_485' title='bbox 1002 2392 1172 2424; x_wconf 82' lang='lat' dir='ltr'><strong><em>adimerent;</em></strong></span> <span class='ocrx_word' id='word_1_486' title='bbox 1211 2393 1255 2427; x_wconf 86' lang='lat' dir='ltr'><strong><em>qui</em></strong></span> <span class='ocrx_word' id='word_1_487' title='bbox 1282 2392 1400 2420; x_wconf 78' lang='lat' dir='ltr'><strong><em>uidelicet</em></strong></span> <span class='ocrx_word' id='word_1_488' title='bbox 1440 2402 1492 2421; x_wconf 79' lang='lat' dir='ltr'><strong><em>non</em></strong></span> <span class='ocrx_word' id='word_1_489' title='bbox 1520 2402 1599 2421; x_wconf 84' lang='lat' dir='ltr'><strong><em>novas</em></strong></span> <span class='ocrx_word' id='word_1_490' title='bbox 1630 2403 1712 2430; x_wconf 87' lang='lat' dir='ltr'><strong><em>quas-</em></strong></span> 
     </span>
    </p>
   </div>
   <div class='ocr_carea' id='block_1_42' title="bbox 70 2437 1713 2474">
    <p class='ocr_par' dir='ltr' id='par_1_42' title="bbox 70 2437 1713 2474">
     <span class='ocr_line' id='line_1_42' title="bbox 70 2437 1713 2474; baseline 0.001 -9"><span class='ocrx_word' id='word_1_491' title='bbox 70 2439 137 2466; x_wconf 87' lang='lat' dir='ltr'><strong><em>dam</em></strong></span> <span class='ocrx_word' id='word_1_492' title='bbox 171 2447 189 2466; x_wconf 87' lang='lat' dir='ltr'><strong><em>a</em></strong></span> <span class='ocrx_word' id='word_1_493' title='bbox 203 2446 234 2465; x_wconf 87' lang='lat' dir='ltr'><strong><em>se</em></strong></span> <span class='ocrx_word' id='word_1_494' title='bbox 248 2439 369 2465; x_wconf 86' lang='lat' dir='ltr'><strong><em>inventas</em></strong></span> <span class='ocrx_word' id='word_1_495' title='bbox 394 2439 625 2472; x_wconf 79' lang='lat' dir='ltr'><strong><em>interpretationes</em></strong></span> <span class='ocrx_word' id='word_1_496' title='bbox 644 2440 805 2474; x_wconf 86' lang='lat' dir='ltr'><strong><em>proferrent,</em></strong></span> <span class='ocrx_word' id='word_1_497' title='bbox 815 2438 860 2466; x_wconf 85' lang='lat' dir='ltr'><strong><em>sed</em></strong></span> <span class='ocrx_word' id='word_1_498' title='bbox 875 2438 907 2464; x_wconf 91' lang='lat' dir='ltr'><strong><em>ab</em></strong></span> <span class='ocrx_word' id='word_1_499' title='bbox 921 2437 1028 2464; x_wconf 87' lang='lat' dir='ltr'><strong><em>illorum</em></strong></span> <span class='ocrx_word' id='word_1_500' title='bbox 1062 2445 1228 2472; x_wconf 88' lang='lat' dir='ltr'><strong><em>unoquoque,</em></strong></span> <span class='ocrx_word' id='word_1_501' title='bbox 1255 2445 1320 2472; x_wconf 84' lang='lat' dir='ltr'><strong><em>quos</em></strong></span> <span class='ocrx_word' id='word_1_502' title='bbox 1341 2438 1471 2471; x_wconf 68' lang='lat' dir='ltr'><strong><em>diximus,</em></strong></span> <span class='ocrx_word' id='word_1_503' title='bbox 1505 2438 1540 2465; x_wconf 88' lang='lat' dir='ltr'><strong><em>ad</em></strong></span> <span class='ocrx_word' id='word_1_504' title='bbox 1574 2447 1713 2466; x_wconf 84' lang='lat' dir='ltr'><strong><em>sacrorum</em></strong></span> 
     </span>
    </p>
   </div>
   <div class='ocr_carea' id='block_1_43' title="bbox 70 2482 1712 2518">
    <p class='ocr_par' dir='ltr' id='par_1_43' title="bbox 70 2482 1712 2518">
     <span class='ocr_line' id='line_1_43' title="bbox 70 2482 1712 2518; baseline 0 -8"><span class='ocrx_word' id='word_1_505' title='bbox 70 2483 208 2510; x_wconf 86' lang='lat' dir='ltr'><strong><em>librorum</em></strong></span> <span class='ocrx_word' id='word_1_506' title='bbox 232 2482 452 2514; x_wconf 86' lang='lat' dir='ltr'><strong><em>illustrationem,</em></strong></span> <span class='ocrx_word' id='word_1_507' title='bbox 469 2483 569 2517; x_wconf 88' lang='lat' dir='ltr'><strong><em>optima</em></strong></span> <span class='ocrx_word' id='word_1_508' title='bbox 585 2491 695 2517; x_wconf 65' lang='lat' dir='ltr'><strong><em>quisque</em></strong></span> <span class='ocrx_word' id='word_1_509' title='bbox 705 2483 829 2517; x_wconf 82' lang='lat' dir='ltr'><strong><em>eligentes</em></strong></span> <span class='ocrx_word' id='word_1_510' title='bbox 842 2487 1027 2516; x_wconf 72' lang='lat' dir='ltr'><strong><em>excerperent;</em></strong></span> <span class='ocrx_word' id='word_1_511' title='bbox 1049 2486 1074 2508; x_wconf 87' lang='lat' dir='ltr'><strong><em>et</em></strong></span> <span class='ocrx_word' id='word_1_512' title='bbox 1088 2482 1208 2509; x_wconf 88' lang='lat' dir='ltr'><strong><em>ontnibus</em></strong></span> <span class='ocrx_word' id='word_1_513' title='bbox 1229 2490 1289 2517; x_wconf 80' lang='lat' dir='ltr'><strong><em>qua:</em></strong></span> <span class='ocrx_word' id='word_1_514' title='bbox 1306 2484 1344 2509; x_wconf 88' lang='lat' dir='ltr'><strong><em>ita</em></strong></span> <span class='ocrx_word' id='word_1_515' title='bbox 1363 2483 1424 2510; x_wconf 87' lang='lat' dir='ltr'><strong><em>hinc</em></strong></span> <span class='ocrx_word' id='word_1_516' title='bbox 1440 2487 1516 2518; x_wconf 83' lang='lat' dir='ltr'><strong><em>atque</em></strong></span> <span class='ocrx_word' id='word_1_517' title='bbox 1532 2483 1606 2510; x_wconf 82' lang='lat' dir='ltr'><strong><em>illinc</em></strong></span> <span class='ocrx_word' id='word_1_518' title='bbox 1620 2491 1712 2511; x_wconf 70' lang='lat' dir='ltr'><strong><em>excer-</em></strong></span> 
     </span>
    </p>
   </div>
   <div class='ocr_carea' id='block_1_44' title="bbox 68 2525 1712 2562">
    <p class='ocr_par' dir='ltr' id='par_1_44' title="bbox 68 2525 1712 2562">
     <span class='ocr_line' id='line_1_44' title="bbox 68 2525 1712 2562; baseline 0.001 -9"><span class='ocrx_word' id='word_1_519' title='bbox 68 2527 203 2558; x_wconf 80' lang='lat' dir='ltr'><strong><em>psissent,</em></strong></span> <span class='ocrx_word' id='word_1_520' title='bbox 230 2531 369 2553; x_wconf 88' lang='lat' dir='ltr'><strong><em>auctorum</em></strong></span> <span class='ocrx_word' id='word_1_521' title='bbox 383 2535 494 2553; x_wconf 84' lang='lat' dir='ltr'><strong><em>suorum</em></strong></span> <span class='ocrx_word' id='word_1_522' title='bbox 512 2527 800 2560; x_wconf 79' lang='lat' dir='ltr'><strong><em>nominaapponerent.</em></strong></span> <span class='ocrx_word' id='word_1_523' title='bbox 830 2525 881 2553; x_wconf 81' lang='lat' dir='ltr'><strong><em>Cui</em></strong></span> <span class='ocrx_word' id='word_1_524' title='bbox 896 2527 934 2553; x_wconf 85' lang='lat' dir='ltr'><strong><em>rei</em></strong></span> <span class='ocrx_word' id='word_1_525' title='bbox 963 2526 1050 2553; x_wconf 81' lang='lat' dir='ltr'><strong><em>simile</em></strong></span> <span class='ocrx_word' id='word_1_526' title='bbox 1072 2526 1202 2562; x_wconf 85' lang='lat' dir='ltr'><strong><em>quiddam</em></strong></span> <span class='ocrx_word' id='word_1_527' title='bbox 1234 2527 1255 2553; x_wconf 88' lang='lat' dir='ltr'><strong><em>ii</em></strong></span> <span class='ocrx_word' id='word_1_528' title='bbox 1278 2527 1323 2562; x_wconf 89' lang='lat' dir='ltr'><strong><em>qui</em></strong></span> <span class='ocrx_word' id='word_1_529' title='bbox 1358 2527 1480 2562; x_wconf 82' lang='lat' dir='ltr'><strong><em>dialogos</em></strong></span> <span class='ocrx_word' id='word_1_530' title='bbox 1510 2527 1639 2559; x_wconf 83' lang='lat' dir='ltr'><strong><em>scribunt,</em></strong></span> <span class='ocrx_word' id='word_1_531' title='bbox 1667 2528 1712 2561; x_wconf 89' lang='lat' dir='ltr'><strong><em>fa-</em></strong></span> 
     </span>
    </p>
   </div>
   <div class='ocr_carea' id='block_1_45' title="bbox 70 2569 1712 2608">
    <p class='ocr_par' dir='ltr' id='par_1_45' title="bbox 70 2569 1712 2608">
     <span class='ocr_line' id='line_1_45' title="bbox 70 2569 1712 2608; baseline 0.001 -12"><span class='ocrx_word' id='word_1_532' title='bbox 70 2575 132 2594; x_wconf 68' lang='lat' dir='ltr'><strong><em>cere</em></strong></span> <span class='ocrx_word' id='word_1_533' title='bbox 161 2569 307 2596; x_wconf 77' lang='lat' dir='ltr'><strong><em>videntur:</em></strong></span> <span class='ocrx_word' id='word_1_534' title='bbox 327 2577 373 2604; x_wconf 86' lang='lat' dir='ltr'><strong><em>per</em></strong></span> <span class='ocrx_word' id='word_1_535' title='bbox 398 2570 447 2597; x_wconf 79' lang='lat' dir='ltr'><strong><em>Itoc</em></strong></span> <span class='ocrx_word' id='word_1_536' title='bbox 461 2570 566 2606; x_wconf 88' lang='lat' dir='ltr'><strong><em>quidem</em></strong></span> <span class='ocrx_word' id='word_1_537' title='bbox 592 2570 633 2597; x_wconf 84' lang='lat' dir='ltr'><strong><em>illi</em></strong></span> <span class='ocrx_word' id='word_1_538' title='bbox 646 2571 839 2606; x_wconf 76' lang='lat' dir='ltr'><strong><em>signiﬁcantes,</em></strong></span> <span class='ocrx_word' id='word_1_539' title='bbox 861 2570 928 2597; x_wconf 83' lang='lat' dir='ltr'><strong><em>nihil</em></strong></span> <span class='ocrx_word' id='word_1_540' title='bbox 943 2579 970 2597; x_wconf 85' lang='lat' dir='ltr'><strong><em>se</em></strong></span> <span class='ocrx_word' id='word_1_541' title='bbox 987 2572 1014 2597; x_wconf 88' lang='lat' dir='ltr'><strong><em>in</em></strong></span> <span class='ocrx_word' id='word_1_542' title='bbox 1042 2571 1090 2598; x_wconf 84' lang='lat' dir='ltr'><strong><em>ltac</em></strong></span> <span class='ocrx_word' id='word_1_543' title='bbox 1116 2571 1255 2598; x_wconf 73' lang='lat' dir='ltr'><strong><em>verborum</em></strong></span> <span class='ocrx_word' id='word_1_544' title='bbox 1281 2571 1385 2598; x_wconf 85' lang='lat' dir='ltr'><strong><em>dedisse</em></strong></span> <span class='ocrx_word' id='word_1_545' title='bbox 1402 2571 1557 2608; x_wconf 85' lang='lat' dir='ltr'><strong><em>legentibus,</em></strong></span> <span class='ocrx_word' id='word_1_546' title='bbox 1573 2573 1618 2599; x_wconf 81' lang='lat' dir='ltr'><strong><em>sed</em></strong></span> <span class='ocrx_word' id='word_1_547' title='bbox 1631 2580 1712 2599; x_wconf 89' lang='lat' dir='ltr'><strong><em>unum</em></strong></span> 
     </span>
    </p>
   </div>
   <div class='ocr_carea' id='block_1_46' title="bbox 69 2612 1711 2652">
    <p class='ocr_par' dir='ltr' id='par_1_46' title="bbox 69 2612 1711 2652">
     <span class='ocr_line' id='line_1_46' title="bbox 69 2612 1711 2652; baseline 0.001 -12"><span class='ocrx_word' id='word_1_548' title='bbox 69 2612 214 2639; x_wconf 60' lang='lat' dir='ltr'><strong><em>duntaxat</em></strong></span> <span class='ocrx_word' id='word_1_549' title='bbox 233 2613 346 2646; x_wconf 80' lang='lat' dir='ltr'><strong><em>eligendi</em></strong></span> <span class='ocrx_word' id='word_1_550' title='bbox 360 2615 542 2650; x_wconf 83' lang='lat' dir='ltr'><strong><em>scribendique</em></strong></span> <span class='ocrx_word' id='word_1_551' title='bbox 554 2614 604 2642; x_wconf 85' lang='lat' dir='ltr'><strong><em>sibi</em></strong></span> <span class='ocrx_word' id='word_1_552' title='bbox 626 2614 743 2642; x_wconf 89' lang='lat' dir='ltr'><strong><em>laborem</em></strong></span> <span class='ocrx_word' id='word_1_553' title='bbox 759 2623 900 2650; x_wconf 86' lang='lat' dir='ltr'><strong><em>curamque</em></strong></span> <span class='ocrx_word' id='word_1_554' title='bbox 911 2615 1077 2650; x_wconf 83' lang='lat' dir='ltr'><strong><em>sumpsisse:</em></strong></span> <span class='ocrx_word' id='word_1_555' title='bbox 1094 2621 1122 2642; x_wconf 89' lang='lat' dir='ltr'><strong><em>ut</em></strong></span> <span class='ocrx_word' id='word_1_556' title='bbox 1138 2615 1186 2643; x_wconf 83' lang='lat' dir='ltr'><strong><em>hoc</em></strong></span> <span class='ocrx_word' id='word_1_557' title='bbox 1203 2620 1282 2651; x_wconf 88' lang='lat' dir='ltr'><strong><em>pacto</em></strong></span> <span class='ocrx_word' id='word_1_558' title='bbox 1296 2623 1321 2643; x_wconf 88' lang='lat' dir='ltr'><strong><em>et</em></strong></span> <span class='ocrx_word' id='word_1_559' title='bbox 1339 2616 1453 2644; x_wconf 87' lang='lat' dir='ltr'><strong><em>studiosi</em></strong></span> <span class='ocrx_word' id='word_1_560' title='bbox 1474 2617 1620 2652; x_wconf 80' lang='lat' dir='ltr'><strong><em>quicunque</em></strong></span> <span class='ocrx_word' id='word_1_561' title='bbox 1632 2616 1711 2650; x_wconf 83' lang='lat' dir='ltr'><strong><em>Itttjus</em></strong></span> 
     </span>
    </p>
   </div>
   <div class='ocr_carea' id='block_1_47' title="bbox 71 2654 1712 2695">
    <p class='ocr_par' dir='ltr' id='par_1_47' title="bbox 71 2654 1712 2695">
     <span class='ocr_line' id='line_1_47' title="bbox 71 2654 1712 2695; baseline 0.004 -12"><span class='ocrx_word' id='word_1_562' title='bbox 71 2655 180 2683; x_wconf 88' lang='lat' dir='ltr'><strong><em>laboris</em></strong></span> <span class='ocrx_word' id='word_1_563' title='bbox 207 2654 294 2689; x_wconf 87' lang='lat' dir='ltr'><strong><em>futuri</em></strong></span> <span class='ocrx_word' id='word_1_564' title='bbox 312 2664 407 2690; x_wconf 81' lang='lat' dir='ltr'><strong><em>essent,</em></strong></span> <span class='ocrx_word' id='word_1_565' title='bbox 434 2659 513 2692; x_wconf 81' lang='lat' dir='ltr'><strong><em>quasi</em></strong></span> <span class='ocrx_word' id='word_1_566' title='bbox 532 2661 610 2686; x_wconf 81' lang='lat' dir='ltr'><strong><em>vades</em></strong></span> <span class='ocrx_word' id='word_1_567' title='bbox 622 2660 751 2694; x_wconf 85' lang='lat' dir='ltr'><strong><em>quosdam</em></strong></span> <span class='ocrx_word' id='word_1_568' title='bbox 767 2665 792 2687; x_wconf 84' lang='lat' dir='ltr'><strong><em>et</em></strong></span> <span class='ocrx_word' id='word_1_569' title='bbox 815 2660 987 2695; x_wconf 70' lang='lat' dir='ltr'><strong><em>fideiussores</em></strong></span> <span class='ocrx_word' id='word_1_570' title='bbox 1016 2661 1180 2688; x_wconf 87' lang='lat' dir='ltr'><strong><em>certissimos</em></strong></span> <span class='ocrx_word' id='word_1_571' title='bbox 1197 2660 1364 2695; x_wconf 83' lang='lat' dir='ltr'><strong><em>singularum</em></strong></span> <span class='ocrx_word' id='word_1_572' title='bbox 1380 2662 1584 2695; x_wconf 66' lang='lat' dir='ltr'><strong><em>rapositianum,</em></strong></span> <span class='ocrx_word' id='word_1_573' title='bbox 1603 2661 1712 2695; x_wconf 79' lang='lat' dir='ltr'><strong><em>propria</em></strong></span> 
     </span>
    </p>
   </div>
   <div class='ocr_carea' id='block_1_48' title="bbox 71 2693 1710 2741">
    <p class='ocr_par' dir='ltr' id='par_1_48' title="bbox 71 2693 1710 2741">
     <span class='ocr_line' id='line_1_48' title="bbox 71 2693 1710 2741; baseline 0.002 -13"><span class='ocrx_word' id='word_1_574' title='bbox 71 2701 123 2728; x_wconf 85' lang='lat' dir='ltr'><strong><em>illa</em></strong></span> <span class='ocrx_word' id='word_1_575' title='bbox 136 2699 251 2727; x_wconf 83' lang='lat' dir='ltr'><strong><em>nomina</em></strong></span> <span class='ocrx_word' id='word_1_576' title='bbox 267 2699 413 2729; x_wconf 85' lang='lat' dir='ltr'><strong><em>haberent:</em></strong></span> <span class='ocrx_word' id='word_1_577' title='bbox 429 2706 453 2729; x_wconf 86' lang='lat' dir='ltr'><strong><em>et</em></strong></span> <span class='ocrx_word' id='word_1_578' title='bbox 470 2702 493 2730; x_wconf 84' lang='lat' dir='ltr'><strong><em>is</em></strong></span> <span class='ocrx_word' id='word_1_579' title='bbox 509 2705 554 2738; x_wconf 88' lang='lat' dir='ltr'><strong><em>qui</em></strong></span> <span class='ocrx_word' id='word_1_580' title='bbox 574 2693 671 2730; x_wconf 18' lang='lat' dir='ltr'><strong><em>illarad</em></strong></span> <span class='ocrx_word' id='word_1_581' title='bbox 693 2693 838 2731; x_wconf 80' lang='lat' dir='ltr'><strong><em>utilitatem</em></strong></span> <span class='ocrx_word' id='word_1_582' title='bbox 865 2693 982 2731; x_wconf 79' lang='lat' dir='ltr'><strong><em>omnium</em></strong></span> <span class='ocrx_word' id='word_1_583' title='bbox 1001 2704 1161 2739; x_wconf 84' lang='lat' dir='ltr'><strong><em>collegisset,</em></strong></span> <span class='ocrx_word' id='word_1_584' title='bbox 1178 2693 1251 2732; x_wconf 82' lang='lat' dir='ltr'><strong><em>omni</em></strong></span> <span class='ocrx_word' id='word_1_585' title='bbox 1275 2705 1355 2741; x_wconf 88' lang='lat' dir='ltr'><strong><em>culpa</em></strong></span> <span class='ocrx_word' id='word_1_586' title='bbox 1371 2693 1421 2732; x_wconf 84' lang='lat' dir='ltr'><strong><em>non</em></strong></span> <span class='ocrx_word' id='word_1_587' title='bbox 1439 2706 1525 2733; x_wconf 89' lang='lat' dir='ltr'><strong><em>solum</em></strong></span> <span class='ocrx_word' id='word_1_588' title='bbox 1547 2693 1710 2738; x_wconf 71' lang='lat' dir='ltr'><strong><em>ambitionis,</em></strong></span> 
     </span>
    </p>
   </div>
   <div class='ocr_carea' id='block_1_49' title="bbox 121 2800 1714 2837">
    <p class='ocr_par' dir='ltr' id='par_1_49' title="bbox 121 2800 1714 2837">
     <span class='ocr_line' id='line_1_49' title="bbox 121 2800 1714 2837; baseline 0.003 -10"><span class='ocrx_word' id='word_1_589' title='bbox 121 2800 652 2837; x_wconf 35' lang='lat' dir='ltr'><strong><em>(92‘EgiscopltmIuisse&#39;QEcumeniumet</em></strong></span> <span class='ocrx_word' id='word_1_590' title='bbox 665 2804 751 2830; x_wconf 84' lang='lat' dir='ltr'><strong><em>sedem</em></strong></span> <span class='ocrx_word' id='word_1_591' title='bbox 762 2805 856 2837; x_wconf 64' lang='lat' dir='ltr'><strong><em>Tricca</em></strong></span> <span class='ocrx_word' id='word_1_592' title='bbox 871 2806 896 2830; x_wconf 85' lang='lat' dir='ltr'><strong><em>in</em></strong></span> <span class='ocrx_word' id='word_1_593' title='bbox 914 2805 1041 2830; x_wconf 71' lang='lat' dir='ltr'><strong><em>Thessalia</em></strong></span> <span class='ocrx_word' id='word_1_594' title='bbox 1058 2807 1170 2830; x_wconf 82' lang='lat' dir='ltr'><strong><em>tenuisse</em></strong></span> <span class='ocrx_word' id='word_1_595' title='bbox 1184 2805 1292 2837; x_wconf 75' lang='lat' dir='ltr'><strong><em>prodidit</em></strong></span> <span class='ocrx_word' id='word_1_596' title='bbox 1307 2808 1438 2837; x_wconf 60' lang='lat' dir='ltr'><strong><em>excerpta;</em></strong></span> <span class='ocrx_word' id='word_1_597' title='bbox 1458 2805 1557 2837; x_wconf 75' lang='lat' dir='ltr'><strong><em>quidam</em></strong></span> <span class='ocrx_word' id='word_1_598' title='bbox 1575 2811 1714 2836; x_wconf 84' lang='lat' dir='ltr'><strong><em>snonymns</em></strong></span> 
     </span>
    </p>
   </div>
   <div class='ocr_carea' id='block_1_50' title="bbox 70 2833 1574 2868">
    <p class='ocr_par' dir='ltr' id='par_1_50' title="bbox 70 2833 1574 2868">
     <span class='ocr_line' id='line_1_50' title="bbox 70 2833 1574 2868; baseline 0.005 -13"><span class='ocrx_word' id='word_1_599' title='bbox 70 2833 140 2864; x_wconf 62' lang='lat' dir='ltr'><strong><em>apud</em></strong></span> <span class='ocrx_word' id='word_1_600' title='bbox 150 2833 182 2858; x_wconf 76' lang='grc' dir='ltr'><strong><em>υ.</em></strong></span> <span class='ocrx_word' id='word_1_601' title='bbox 201 2833 276 2857; x_wconf 78' lang='lat' dir='ltr'><strong><em>Bern.</em></strong></span> <span class='ocrx_word' id='word_1_602' title='bbox 291 2833 322 2857; x_wconf 84' lang='lat' dir='ltr'><strong><em>de</em></strong></span> <span class='ocrx_word' id='word_1_603' title='bbox 335 2833 520 2858; x_wconf 82' lang='lat' dir='ltr'><strong><em>Montelalcouis</em></strong></span> <span class='ocrx_word' id='word_1_604' title='bbox 531 2835 556 2858; x_wconf 88' lang='lat' dir='ltr'><strong><em>in</em></strong></span> <span class='ocrx_word' id='word_1_605' title='bbox 569 2834 717 2860; x_wconf 80' lang='lat' dir='ltr'><strong><em>Bibliotheca</em></strong></span> <span class='ocrx_word' id='word_1_606' title='bbox 730 2834 888 2868; x_wconf 83' lang='lat' dir='ltr'><strong><em>Coisliniana,</em></strong></span> <span class='ocrx_word' id='word_1_607' title='bbox 904 2843 960 2868; x_wconf 78' lang='lat' dir='ltr'><strong><em>pag.</em></strong></span> <span class='ocrx_word' id='word_1_608' title='bbox 973 2837 1027 2867; x_wconf 72' lang='grc' dir='ltr'><strong><em>ΞΠ,</em></strong></span> <span class='ocrx_word' id='word_1_609' title='bbox 1039 2838 1105 2867; x_wconf 82' lang='lat' dir='ltr'><strong><em>quod</em></strong></span> <span class='ocrx_word' id='word_1_610' title='bbox 1117 2833 1191 2862; x_wconf 66' lang='lat' dir='ltr'><strong><em>antea</em></strong></span> <span class='ocrx_word' id='word_1_611' title='bbox 1200 2833 1287 2861; x_wconf 79' lang='lat' dir='ltr'><strong><em>omne&#39;s</em></strong></span> <span class='ocrx_word' id='word_1_612' title='bbox 1301 2833 1405 2866; x_wconf 74' lang='lat' dir='ltr'><strong><em>ingerat.</em></strong></span> <span class='ocrx_word' id='word_1_613' title='bbox 1420 2833 1488 2862; x_wconf 62' lang='lat' dir='ltr'><strong><em>Enn.</em></strong></span> <span class='ocrx_word' id='word_1_614' title='bbox 1501 2836 1574 2862; x_wconf 79' lang='lat' dir='ltr'><strong><em>Pt&#39;rtt.</em></strong></span> 
     </span>
    </p>
   </div>
   <div class='ocr_carea' id='block_1_51' title="bbox 243 2874 976 2919">
    <p class='ocr_par' dir='ltr' id='par_1_51' title="bbox 243 2874 927 2919">
     <span class='ocr_line' id='line_1_51' title="bbox 243 2874 927 2919; baseline 0.02 -15"><span class='ocrx_word' id='word_1_615' title='bbox 243 2875 380 2906; x_wconf 73' lang='lat' dir='ltr'><strong><em>PATROL.</em></strong></span> <span class='ocrx_word' id='word_1_616' title='bbox 403 2875 461 2905; x_wconf 82' lang='lat' dir='ltr'><strong><em>Gn.</em></strong></span> <span class='ocrx_word' id='word_1_617' title='bbox 490 2874 630 2908; x_wconf 75' lang='grc' dir='ltr'><strong><em>εΧνιΙΙ.</em></strong></span> <span class='ocrx_word' id='word_1_618' title='bbox 876 2915 882 2918; x_wconf 47' lang='grc' dir='ltr'><strong>η</strong></span> <span class='ocrx_word' id='word_1_619' title='bbox 909 2915 927 2919; x_wconf 73' lang='lat'><strong><em>._</em></strong></span> 
     </span>
    </p>
   </div>
   <div class='ocr_carea' id='block_1_52' title="bbox 748 2874 1481 2919">
    <p class='ocr_par' dir='ltr' id='par_1_52' title="bbox 876 2880 1481 2919">
     <span class='ocr_line' id='line_1_52' title="bbox 876 2880 1481 2919; baseline 0 -1"><span class='ocrx_word' id='word_1_620' title='bbox 1468 2880 1481 2910; x_wconf 81' lang='grc' dir='ltr'>ι</span> 
     </span>
    </p>
   </div>
  </div>
