  <div class='ocr_page' id='page_1' title='image "/cluster/home/n/w/nwhite01/storage/ocr_20150623/118/njp.32101077772992/013.png"; bbox 0 0 1856 3049; ppageno 0'>
   <div class='ocr_carea' id='block_1_1' title="bbox 161 175 1788 214">
    <p class='ocr_par' dir='ltr' id='par_1_1' title="bbox 161 175 1788 214">
     <span class='ocr_line' id='line_1_1' title="bbox 161 175 1788 214; baseline -0.001 -5"><span class='ocrx_word' id='word_1_1' title='bbox 161 175 192 209; x_wconf 71' lang='lat' dir='ltr'><strong><em>il</em></strong></span> <span class='ocrx_word' id='word_1_2' title='bbox 607 177 612 186; x_wconf 87' lang='lat'>&#39;</span> <span class='ocrx_word' id='word_1_3' title='bbox 664 176 898 207; x_wconf 76' lang='lat' dir='ltr'><strong><em>(ECUMENIUS</em></strong></span> <span class='ocrx_word' id='word_1_4' title='bbox 915 177 1060 209; x_wconf 79' lang='lat' dir='ltr'><strong><em>TRICC/E</em></strong></span> <span class='ocrx_word' id='word_1_5' title='bbox 1076 178 1289 210; x_wconf 85' lang='lat' dir='ltr'><strong><em>EPISCOPUS.</em></strong></span> <span class='ocrx_word' id='word_1_6' title='bbox 1755 183 1788 214; x_wconf 72' lang='grc' dir='ltr'><strong><em>ιε),</em></strong></span> 
     </span>
    </p>
   </div>
   <div class='ocr_carea' id='block_1_2' title="bbox 163 233 1786 275">
    <p class='ocr_par' dir='ltr' id='par_1_2' title="bbox 163 233 1786 275">
     <span class='ocr_line' id='line_1_2' title="bbox 163 233 1786 275; baseline 0.004 -14"><span class='ocrx_word' id='word_1_7' title='bbox 163 234 208 260; x_wconf 84' lang='lat' dir='ltr'><strong><em>sed</em></strong></span> <span class='ocrx_word' id='word_1_8' title='bbox 230 234 310 261; x_wconf 85' lang='lat' dir='ltr'><strong><em>etiam</em></strong></span> <span class='ocrx_word' id='word_1_9' title='bbox 322 233 426 268; x_wconf 81' lang='lat' dir='ltr'><strong><em>fraudis</em></strong></span> <span class='ocrx_word' id='word_1_10' title='bbox 444 233 600 268; x_wconf 64' lang='lat' dir='ltr'><strong><em>invidiaque</em></strong></span> <span class='ocrx_word' id='word_1_11' title='bbox 629 234 797 262; x_wconf 80' lang='lat' dir='ltr'><strong><em>vacaret.Ac</em></strong></span> <span class='ocrx_word' id='word_1_12' title='bbox 822 238 924 261; x_wconf 88' lang='lat' dir='ltr'><strong><em>tantum</em></strong></span> <span class='ocrx_word' id='word_1_13' title='bbox 938 235 1042 269; x_wconf 78' lang='lat' dir='ltr'><strong><em>quidem</em></strong></span> <span class='ocrx_word' id='word_1_14' title='bbox 1059 236 1132 263; x_wconf 88' lang='lat' dir='ltr'><strong><em>abest</em></strong></span> <span class='ocrx_word' id='word_1_15' title='bbox 1158 241 1186 263; x_wconf 90' lang='lat' dir='ltr'><strong><em>ut</em></strong></span> <span class='ocrx_word' id='word_1_16' title='bbox 1212 237 1295 264; x_wconf 86' lang='lat' dir='ltr'><strong><em>ullam</em></strong></span> <span class='ocrx_word' id='word_1_17' title='bbox 1310 237 1362 264; x_wconf 88' lang='lat' dir='ltr'><strong><em>sibi</em></strong></span> <span class='ocrx_word' id='word_1_18' title='bbox 1391 238 1495 266; x_wconf 84' lang='lat' dir='ltr'><strong><em>laudent</em></strong></span> <span class='ocrx_word' id='word_1_19' title='bbox 1521 247 1554 267; x_wconf 74' lang='lat' dir='ltr'><strong><em>ea:</em></strong></span> <span class='ocrx_word' id='word_1_20' title='bbox 1583 241 1631 267; x_wconf 85' lang='lat' dir='ltr'><strong><em>hac</em></strong></span> <span class='ocrx_word' id='word_1_21' title='bbox 1661 248 1786 275; x_wconf 65' lang='lat' dir='ltr'><strong><em>quastsse</em></strong></span> 
     </span>
    </p>
   </div>
   <div class='ocr_carea' id='block_1_3' title="bbox 161 276 1785 320">
    <p class='ocr_par' dir='ltr' id='par_1_3' title="bbox 161 276 1785 320">
     <span class='ocr_line' id='line_1_3' title="bbox 161 276 1785 320; baseline 0.002 -14"><span class='ocrx_word' id='word_1_22' title='bbox 161 279 303 306; x_wconf 78' lang='lat' dir='ltr'><strong><em>uideantur</em></strong></span> <span class='ocrx_word' id='word_1_23' title='bbox 327 278 474 313; x_wconf 75' lang='lat' dir='ltr'><strong><em>quicunque</em></strong></span> <span class='ocrx_word' id='word_1_24' title='bbox 492 276 645 311; x_wconf 85' lang='lat' dir='ltr'><strong><em>hujusmadi</em></strong></span> <span class='ocrx_word' id='word_1_25' title='bbox 661 278 750 305; x_wconf 87' lang='lat' dir='ltr'><strong><em>studio</em></strong></span> <span class='ocrx_word' id='word_1_26' title='bbox 764 278 889 305; x_wconf 89' lang='lat' dir='ltr'><strong><em>delectati</em></strong></span> <span class='ocrx_word' id='word_1_27' title='bbox 904 283 976 312; x_wconf 89' lang='lat' dir='ltr'><strong><em>sunt,</em></strong></span> <span class='ocrx_word' id='word_1_28' title='bbox 1001 284 1029 307; x_wconf 89' lang='lat' dir='ltr'><strong><em>ut</em></strong></span> <span class='ocrx_word' id='word_1_29' title='bbox 1047 281 1091 308; x_wconf 76' lang='lat' dir='ltr'><strong><em>vis:</em></strong></span> <span class='ocrx_word' id='word_1_30' title='bbox 1104 289 1194 308; x_wconf 90' lang='lat' dir='ltr'><strong><em>eorum</em></strong></span> <span class='ocrx_word' id='word_1_31' title='bbox 1208 290 1290 309; x_wconf 88' lang='lat' dir='ltr'><strong><em>unum</em></strong></span> <span class='ocrx_word' id='word_1_32' title='bbox 1307 288 1352 309; x_wconf 90' lang='lat' dir='ltr'><strong><em>aut</em></strong></span> <span class='ocrx_word' id='word_1_33' title='bbox 1365 283 1476 311; x_wconf 86' lang='lat' dir='ltr'><strong><em>alterum</em></strong></span> <span class='ocrx_word' id='word_1_34' title='bbox 1494 285 1622 318; x_wconf 81' lang='lat' dir='ltr'><strong><em>invenias,</em></strong></span> <span class='ocrx_word' id='word_1_35' title='bbox 1638 284 1785 320; x_wconf 66' lang='lat' dir='ltr'><strong><em>praesertim</em></strong></span> 
     </span>
    </p>
   </div>
   <div class='ocr_carea' id='block_1_4' title="bbox 160 321 1785 363">
    <p class='ocr_par' dir='ltr' id='par_1_4' title="bbox 160 321 1785 363">
     <span class='ocr_line' id='line_1_4' title="bbox 160 321 1785 363; baseline 0.003 -13"><span class='ocrx_word' id='word_1_36' title='bbox 160 322 230 357; x_wconf 90' lang='lat' dir='ltr'><strong><em>apud</em></strong></span> <span class='ocrx_word' id='word_1_37' title='bbox 260 321 376 354; x_wconf 66' lang='lat' dir='ltr'><strong><em>Graecas,</em></strong></span> <span class='ocrx_word' id='word_1_38' title='bbox 389 322 434 357; x_wconf 92' lang='lat' dir='ltr'><strong><em>qui</em></strong></span> <span class='ocrx_word' id='word_1_39' title='bbox 452 321 624 355; x_wconf 78' lang='lat' dir='ltr'><strong><em>inscriptibne</em></strong></span> <span class='ocrx_word' id='word_1_40' title='bbox 640 321 732 356; x_wconf 86' lang='lat' dir='ltr'><strong><em>aliqua</em></strong></span> <span class='ocrx_word' id='word_1_41' title='bbox 743 330 821 349; x_wconf 87' lang='lat' dir='ltr'><strong><em>suum</em></strong></span> <span class='ocrx_word' id='word_1_42' title='bbox 834 330 928 349; x_wconf 82' lang='lat' dir='ltr'><strong><em>nomen</em></strong></span> <span class='ocrx_word' id='word_1_43' title='bbox 944 322 1149 357; x_wconf 80' lang='lat' dir='ltr'><strong><em>signiﬁcandum</em></strong></span> <span class='ocrx_word' id='word_1_44' title='bbox 1162 325 1304 359; x_wconf 80' lang='lat' dir='ltr'><strong><em>putaverit.</em></strong></span> <span class='ocrx_word' id='word_1_45' title='bbox 1331 325 1428 361; x_wconf 84' lang='lat' dir='ltr'><strong><em>Itaque</em></strong></span> <span class='ocrx_word' id='word_1_46' title='bbox 1454 327 1481 354; x_wconf 88' lang='lat' dir='ltr'><strong><em>in</em></strong></span> <span class='ocrx_word' id='word_1_47' title='bbox 1507 327 1555 356; x_wconf 90' lang='lat' dir='ltr'><strong><em>hoe</em></strong></span> <span class='ocrx_word' id='word_1_48' title='bbox 1580 336 1673 363; x_wconf 89' lang='lat' dir='ltr'><strong><em>genere</em></strong></span> <span class='ocrx_word' id='word_1_49' title='bbox 1697 337 1785 356; x_wconf 88' lang='lat' dir='ltr'><strong><em>omnes</em></strong></span> 
     </span>
    </p>
   </div>
   <div class='ocr_carea' id='block_1_5' title="bbox 158 365 1780 405">
    <p class='ocr_par' dir='ltr' id='par_1_5' title="bbox 158 365 1780 405">
     <span class='ocr_line' id='line_1_5' title="bbox 158 365 1780 405; baseline 0.002 -10"><span class='ocrx_word' id='word_1_50' title='bbox 158 366 345 404; x_wconf 81' lang='lat' dir='ltr'><strong><em>propemodum</em></strong></span> <span class='ocrx_word' id='word_1_51' title='bbox 373 374 462 393; x_wconf 85' lang='lat' dir='ltr'><strong><em>sacros</em></strong></span> <span class='ocrx_word' id='word_1_52' title='bbox 482 365 564 393; x_wconf 87' lang='lat' dir='ltr'><strong><em>libros</em></strong></span> <span class='ocrx_word' id='word_1_53' title='bbox 582 367 676 402; x_wconf 88' lang='lat' dir='ltr'><strong><em>quique</em></strong></span> <span class='ocrx_word' id='word_1_54' title='bbox 692 366 727 394; x_wconf 90' lang='lat' dir='ltr'><strong><em>ad</em></strong></span> <span class='ocrx_word' id='word_1_55' title='bbox 748 366 863 400; x_wconf 79' lang='lat' dir='ltr'><strong><em>Novum,</em></strong></span> <span class='ocrx_word' id='word_1_56' title='bbox 878 367 973 403; x_wconf 83' lang='lat' dir='ltr'><strong><em>quique</em></strong></span> <span class='ocrx_word' id='word_1_57' title='bbox 986 367 1021 394; x_wconf 88' lang='lat' dir='ltr'><strong><em>ad</em></strong></span> <span class='ocrx_word' id='word_1_58' title='bbox 1045 367 1121 395; x_wconf 82' lang='lat' dir='ltr'><strong><em>Vetus</em></strong></span> <span class='ocrx_word' id='word_1_59' title='bbox 1137 367 1346 396; x_wconf 83' lang='lat' dir='ltr'><strong><em>Instrumentnm</em></strong></span> <span class='ocrx_word' id='word_1_60' title='bbox 1372 370 1512 405; x_wconf 89' lang='lat' dir='ltr'><strong><em>pertinent,</em></strong></span> <span class='ocrx_word' id='word_1_61' title='bbox 1540 370 1629 399; x_wconf 80' lang='lat' dir='ltr'><strong><em>Grtece</em></strong></span> <span class='ocrx_word' id='word_1_62' title='bbox 1653 371 1780 399; x_wconf 75' lang='lat' dir='ltr'><strong><em>habemus</em></strong></span> 
     </span>
    </p>
   </div>
   <div class='ocr_carea' id='block_1_6' title="bbox 157 409 1781 450">
    <p class='ocr_par' dir='ltr' id='par_1_6' title="bbox 157 409 1781 450">
     <span class='ocr_line' id='line_1_6' title="bbox 157 409 1781 450; baseline 0.003 -12"><span class='ocrx_word' id='word_1_63' title='bbox 157 409 385 447; x_wconf 69' lang='lat' dir='ltr'><strong><em>erpositos,nullo</em></strong></span> <span class='ocrx_word' id='word_1_64' title='bbox 409 410 465 444; x_wconf 89' lang='lat' dir='ltr'><strong><em>ejus</em></strong></span> <span class='ocrx_word' id='word_1_65' title='bbox 477 410 620 444; x_wconf 69' lang='lat' dir='ltr'><strong><em>praeposito</em></strong></span> <span class='ocrx_word' id='word_1_66' title='bbox 645 410 750 437; x_wconf 79' lang='lat' dir='ltr'><strong><em>nomine</em></strong></span> <span class='ocrx_word' id='word_1_67' title='bbox 777 411 824 445; x_wconf 87' lang='lat' dir='ltr'><strong><em>qui</em></strong></span> <span class='ocrx_word' id='word_1_68' title='bbox 861 410 909 436; x_wconf 90' lang='lat' dir='ltr'><strong><em>tali</em></strong></span> <span class='ocrx_word' id='word_1_69' title='bbox 931 410 1022 439; x_wconf 89' lang='lat' dir='ltr'><strong><em>labore</em></strong></span> <span class='ocrx_word' id='word_1_70' title='bbox 1038 412 1073 438; x_wconf 88' lang='lat' dir='ltr'><strong><em>sit</em></strong></span> <span class='ocrx_word' id='word_1_71' title='bbox 1091 411 1209 446; x_wconf 81' lang='lat' dir='ltr'><strong><em>functus,</em></strong></span> <span class='ocrx_word' id='word_1_72' title='bbox 1226 414 1332 440; x_wconf 88' lang='lat' dir='ltr'><strong><em>tametsi</em></strong></span> <span class='ocrx_word' id='word_1_73' title='bbox 1346 415 1373 441; x_wconf 88' lang='lat' dir='ltr'><strong><em>in</em></strong></span> <span class='ocrx_word' id='word_1_74' title='bbox 1387 415 1428 441; x_wconf 89' lang='lat' dir='ltr'><strong><em>his</em></strong></span> <span class='ocrx_word' id='word_1_75' title='bbox 1448 414 1512 450; x_wconf 91' lang='lat' dir='ltr'><strong><em>ipsis</em></strong></span> <span class='ocrx_word' id='word_1_76' title='bbox 1533 416 1579 450; x_wconf 88' lang='lat' dir='ltr'><strong><em>qui</em></strong></span> <span class='ocrx_word' id='word_1_77' title='bbox 1594 417 1701 443; x_wconf 82' lang='lat' dir='ltr'><strong><em>nuncin</em></strong></span> <span class='ocrx_word' id='word_1_78' title='bbox 1721 425 1781 443; x_wconf 87' lang='lat' dir='ltr'><strong><em>ma-</em></strong></span> 
     </span>
    </p>
   </div>
   <div class='ocr_carea' id='block_1_7' title="bbox 158 452 1783 491">
    <p class='ocr_par' dir='ltr' id='par_1_7' title="bbox 158 452 1783 491">
     <span class='ocr_line' id='line_1_7' title="bbox 158 452 1783 491; baseline 0.002 -8"><span class='ocrx_word' id='word_1_79' title='bbox 158 457 233 484; x_wconf 87' lang='lat' dir='ltr'><strong><em>nibus</em></strong></span> <span class='ocrx_word' id='word_1_80' title='bbox 250 459 322 488; x_wconf 89' lang='lat' dir='ltr'><strong><em>sunt,</em></strong></span> <span class='ocrx_word' id='word_1_81' title='bbox 341 459 366 481; x_wconf 93' lang='lat' dir='ltr'><strong><em>et</em></strong></span> <span class='ocrx_word' id='word_1_82' title='bbox 382 462 448 489; x_wconf 90' lang='lat' dir='ltr'><strong><em>quos</em></strong></span> <span class='ocrx_word' id='word_1_83' title='bbox 464 461 533 481; x_wconf 87' lang='lat' dir='ltr'><strong><em>nunc</em></strong></span> <span class='ocrx_word' id='word_1_84' title='bbox 545 454 687 489; x_wconf 82' lang='lat' dir='ltr'><strong><em>impressas</em></strong></span> <span class='ocrx_word' id='word_1_85' title='bbox 714 453 779 481; x_wconf 77' lang='lat' dir='ltr'><strong><em>Tua:</em></strong></span> <span class='ocrx_word' id='word_1_86' title='bbox 792 453 940 481; x_wconf 89' lang='lat' dir='ltr'><strong><em>Sanetitati</em></strong></span> <span class='ocrx_word' id='word_1_87' title='bbox 955 452 1085 488; x_wconf 88' lang='lat' dir='ltr'><strong><em>dicamus,</em></strong></span> <span class='ocrx_word' id='word_1_88' title='bbox 1099 454 1255 483; x_wconf 86' lang='lat' dir='ltr'><strong><em>Beatissime</em></strong></span> <span class='ocrx_word' id='word_1_89' title='bbox 1265 455 1356 490; x_wconf 89' lang='lat' dir='ltr'><strong><em>Pater,</em></strong></span> <span class='ocrx_word' id='word_1_90' title='bbox 1369 462 1502 485; x_wconf 82' lang='lat' dir='ltr'><strong><em>auctorem</em></strong></span> <span class='ocrx_word' id='word_1_91' title='bbox 1531 467 1623 491; x_wconf 87' lang='lat' dir='ltr'><strong><em>unum,</em></strong></span> <span class='ocrx_word' id='word_1_92' title='bbox 1656 459 1783 487; x_wconf 72' lang='lat' dir='ltr'><strong><em>(Eeume-</em></strong></span> 
     </span>
    </p>
   </div>
   <div class='ocr_carea' id='block_1_8' title="bbox 157 497 1777 536">
    <p class='ocr_par' dir='ltr' id='par_1_8' title="bbox 157 497 1777 536">
     <span class='ocr_line' id='line_1_8' title="bbox 157 497 1777 536; baseline 0.001 -9"><span class='ocrx_word' id='word_1_93' title='bbox 157 501 231 527; x_wconf 85' lang='lat' dir='ltr'><strong><em>nium</em></strong></span> <span class='ocrx_word' id='word_1_94' title='bbox 249 498 477 533; x_wconf 77' lang='lat' dir='ltr'><strong><em>deprehendimus,</em></strong></span> <span class='ocrx_word' id='word_1_95' title='bbox 498 503 523 525; x_wconf 88' lang='lat' dir='ltr'><strong><em>et</em></strong></span> <span class='ocrx_word' id='word_1_96' title='bbox 540 498 604 525; x_wconf 87' lang='lat' dir='ltr'><strong><em>item</em></strong></span> <span class='ocrx_word' id='word_1_97' title='bbox 623 499 748 531; x_wconf 85' lang='lat' dir='ltr'><strong><em>alterum,</em></strong></span> <span class='ocrx_word' id='word_1_98' title='bbox 763 498 900 525; x_wconf 80' lang='lat' dir='ltr'><strong><em>Aretham.</em></strong></span> <span class='ocrx_word' id='word_1_99' title='bbox 930 497 1008 531; x_wconf 82' lang='lat' dir='ltr'><strong><em>Quod</em></strong></span> <span class='ocrx_word' id='word_1_100' title='bbox 1032 499 1118 533; x_wconf 87' lang='lat' dir='ltr'><strong><em>ipsum</em></strong></span> <span class='ocrx_word' id='word_1_101' title='bbox 1138 507 1191 533; x_wconf 91' lang='lat' dir='ltr'><strong><em>qua</em></strong></span> <span class='ocrx_word' id='word_1_102' title='bbox 1207 499 1358 534; x_wconf 84' lang='lat' dir='ltr'><strong><em>conjectura</em></strong></span> <span class='ocrx_word' id='word_1_103' title='bbox 1375 500 1449 528; x_wconf 87' lang='lat' dir='ltr'><strong><em>ducti</em></strong></span> <span class='ocrx_word' id='word_1_104' title='bbox 1462 501 1594 536; x_wconf 71' lang='lat' dir='ltr'><strong><em>afﬁrmare</em></strong></span> <span class='ocrx_word' id='word_1_105' title='bbox 1602 503 1662 529; x_wconf 88' lang='lat' dir='ltr'><strong><em>ausi</em></strong></span> <span class='ocrx_word' id='word_1_106' title='bbox 1672 503 1756 530; x_wconf 88' lang='lat' dir='ltr'><strong><em>simus</em></strong></span> <span class='ocrx_word' id='word_1_107' title='bbox 1769 523 1777 534; x_wconf 85' lang='lat'><strong><em>,</em></strong></span> 
     </span>
    </p>
   </div>
   <div class='ocr_carea' id='block_1_9' title="bbox 155 542 1781 581">
    <p class='ocr_par' dir='ltr' id='par_1_9' title="bbox 155 542 1781 581">
     <span class='ocr_line' id='line_1_9' title="bbox 155 542 1781 581; baseline 0.001 -10"><span class='ocrx_word' id='word_1_108' title='bbox 155 544 251 571; x_wconf 85' lang='lat' dir='ltr'><strong><em>melius</em></strong></span> <span class='ocrx_word' id='word_1_109' title='bbox 260 542 475 578; x_wconf 72' lang='lat' dir='ltr'><strong><em>commodiusque</em></strong></span> <span class='ocrx_word' id='word_1_110' title='bbox 493 542 579 569; x_wconf 88' lang='lat' dir='ltr'><strong><em>altera</em></strong></span> <span class='ocrx_word' id='word_1_111' title='bbox 600 542 845 577; x_wconf 78' lang='lat' dir='ltr'><strong><em>Gra-ceprcepasita</em></strong></span> <span class='ocrx_word' id='word_1_112' title='bbox 859 542 1066 577; x_wconf 76' lang='lat' dir='ltr'><strong><em>prtefattuncula</em></strong></span> <span class='ocrx_word' id='word_1_113' title='bbox 1092 542 1264 570; x_wconf 89' lang='lat' dir='ltr'><strong><em>indicandum</em></strong></span> <span class='ocrx_word' id='word_1_114' title='bbox 1280 544 1427 571; x_wconf 72' lang='lat' dir='ltr'><strong><em>duximus:</em></strong></span> <span class='ocrx_word' id='word_1_115' title='bbox 1454 549 1483 571; x_wconf 90' lang='lat' dir='ltr'><strong><em>ut</em></strong></span> <span class='ocrx_word' id='word_1_116' title='bbox 1508 546 1532 573; x_wconf 89' lang='lat' dir='ltr'><strong><em>si</em></strong></span> <span class='ocrx_word' id='word_1_117' title='bbox 1555 546 1600 581; x_wconf 81' lang='lat' dir='ltr'><strong><em>qui</em></strong></span> <span class='ocrx_word' id='word_1_118' title='bbox 1627 546 1781 573; x_wconf 84' lang='lat' dir='ltr'><strong><em>litterarum</em></strong></span> 
     </span>
    </p>
   </div>
   <div class='ocr_carea' id='block_1_10' title="bbox 156 585 1780 625">
    <p class='ocr_par' dir='ltr' id='par_1_10' title="bbox 156 585 1780 625">
     <span class='ocr_line' id='line_1_10' title="bbox 156 585 1780 625; baseline 0.002 -11"><span class='ocrx_word' id='word_1_119' title='bbox 156 592 310 615; x_wconf 86' lang='lat' dir='ltr'><strong><em>nostrarum</em></strong></span> <span class='ocrx_word' id='word_1_120' title='bbox 333 586 421 622; x_wconf 90' lang='lat' dir='ltr'><strong><em>ignari</em></strong></span> <span class='ocrx_word' id='word_1_121' title='bbox 433 586 467 613; x_wconf 89' lang='lat' dir='ltr'><strong><em>ad</em></strong></span> <span class='ocrx_word' id='word_1_122' title='bbox 478 586 526 613; x_wconf 89' lang='lat' dir='ltr'><strong><em>hoc</em></strong></span> <span class='ocrx_word' id='word_1_123' title='bbox 541 594 605 619; x_wconf 85' lang='lat' dir='ltr'><strong><em>opus</em></strong></span> <span class='ocrx_word' id='word_1_124' title='bbox 624 586 760 621; x_wconf 84' lang='lat' dir='ltr'><strong><em>legendum</em></strong></span> <span class='ocrx_word' id='word_1_125' title='bbox 783 587 952 618; x_wconf 87' lang='lat' dir='ltr'><strong><em>accesserint,</em></strong></span> <span class='ocrx_word' id='word_1_126' title='bbox 968 585 1081 613; x_wconf 82' lang='lat' dir='ltr'><strong><em>habeant</em></strong></span> <span class='ocrx_word' id='word_1_127' title='bbox 1099 587 1150 621; x_wconf 82' lang='lat' dir='ltr'><strong><em>ipsi</em></strong></span> <span class='ocrx_word' id='word_1_128' title='bbox 1165 595 1266 622; x_wconf 88' lang='lat' dir='ltr'><strong><em>quoque</em></strong></span> <span class='ocrx_word' id='word_1_129' title='bbox 1281 589 1308 614; x_wconf 88' lang='lat' dir='ltr'><strong><em>in</em></strong></span> <span class='ocrx_word' id='word_1_130' title='bbox 1324 589 1409 622; x_wconf 90' lang='lat' dir='ltr'><strong><em>primo</em></strong></span> <span class='ocrx_word' id='word_1_131' title='bbox 1430 589 1548 624; x_wconf 84' lang='lat' dir='ltr'><strong><em>ingressu</em></strong></span> <span class='ocrx_word' id='word_1_132' title='bbox 1570 591 1655 625; x_wconf 83' lang='lat' dir='ltr'><strong><em>operis</em></strong></span> <span class='ocrx_word' id='word_1_133' title='bbox 1678 590 1780 625; x_wconf 87' lang='lat' dir='ltr'><strong><em>aliquid</em></strong></span> 
     </span>
    </p>
   </div>
   <div class='ocr_carea' id='block_1_11' title="bbox 156 629 1781 669">
    <p class='ocr_par' dir='ltr' id='par_1_11' title="bbox 156 629 1781 669">
     <span class='ocr_line' id='line_1_11' title="bbox 156 629 1781 669; baseline 0.001 -11"><span class='ocrx_word' id='word_1_134' title='bbox 156 631 275 663; x_wconf 84' lang='lat' dir='ltr'><strong><em>luminis,</em></strong></span> <span class='ocrx_word' id='word_1_135' title='bbox 291 631 471 666; x_wconf 80' lang='lat' dir='ltr'><strong><em>qualecunque</em></strong></span> <span class='ocrx_word' id='word_1_136' title='bbox 488 630 514 657; x_wconf 89' lang='lat' dir='ltr'><strong><em>id</em></strong></span> <span class='ocrx_word' id='word_1_137' title='bbox 531 630 576 663; x_wconf 89' lang='lat' dir='ltr'><strong><em>sit,</em></strong></span> <span class='ocrx_word' id='word_1_138' title='bbox 593 630 663 665; x_wconf 88' lang='lat' dir='ltr'><strong><em>quod</em></strong></span> <span class='ocrx_word' id='word_1_139' title='bbox 681 634 836 664; x_wconf 88' lang='lat' dir='ltr'><strong><em>sequantur.</em></strong></span> <span class='ocrx_word' id='word_1_140' title='bbox 859 629 894 657; x_wconf 86' lang='lat' dir='ltr'><strong><em>Ut</em></strong></span> <span class='ocrx_word' id='word_1_141' title='bbox 909 638 968 657; x_wconf 78' lang='lat' dir='ltr'><strong><em>vero</em></strong></span> <span class='ocrx_word' id='word_1_142' title='bbox 976 630 1042 657; x_wconf 89' lang='lat' dir='ltr'><strong><em>hanc</em></strong></span> <span class='ocrx_word' id='word_1_143' title='bbox 1057 635 1160 664; x_wconf 80' lang='lat' dir='ltr'><strong><em>partem</em></strong></span> <span class='ocrx_word' id='word_1_144' title='bbox 1187 632 1352 665; x_wconf 80' lang='lat' dir='ltr'><strong><em>potissimum</em></strong></span> <span class='ocrx_word' id='word_1_145' title='bbox 1375 632 1509 665; x_wconf 77' lang='lat' dir='ltr'><strong><em>Gibertus,</em></strong></span> <span class='ocrx_word' id='word_1_146' title='bbox 1535 641 1568 660; x_wconf 73' lang='lat' dir='ltr'><strong><em>es:</em></strong></span> <span class='ocrx_word' id='word_1_147' title='bbox 1595 639 1670 660; x_wconf 90' lang='lat' dir='ltr'><strong><em>tanta</em></strong></span> <span class='ocrx_word' id='word_1_148' title='bbox 1703 635 1781 669; x_wconf 86' lang='lat' dir='ltr'><strong><em>copia</em></strong></span> 
     </span>
    </p>
   </div>
   <div class='ocr_carea' id='block_1_12' title="bbox 153 673 1780 710">
    <p class='ocr_par' dir='ltr' id='par_1_12' title="bbox 153 673 1780 710">
     <span class='ocr_line' id='line_1_12' title="bbox 153 673 1780 710; baseline 0.001 -8"><span class='ocrx_word' id='word_1_149' title='bbox 153 675 360 710; x_wconf 86' lang='lat' dir='ltr'><strong><em>imprimendam</em></strong></span> <span class='ocrx_word' id='word_1_150' title='bbox 374 673 517 707; x_wconf 84' lang='lat' dir='ltr'><strong><em>curaverit,</em></strong></span> <span class='ocrx_word' id='word_1_151' title='bbox 530 681 561 701; x_wconf 87' lang='lat' dir='ltr'><strong><em>ea</em></strong></span> <span class='ocrx_word' id='word_1_152' title='bbox 575 675 679 701; x_wconf 86' lang='lat' dir='ltr'><strong><em>ratione</em></strong></span> <span class='ocrx_word' id='word_1_153' title='bbox 695 675 724 701; x_wconf 87' lang='lat' dir='ltr'><strong><em>in</em></strong></span> <span class='ocrx_word' id='word_1_154' title='bbox 737 675 830 709; x_wconf 82' lang='lat' dir='ltr'><strong><em>primis</em></strong></span> <span class='ocrx_word' id='word_1_155' title='bbox 848 674 941 702; x_wconf 88' lang='lat' dir='ltr'><strong><em>ductus</em></strong></span> <span class='ocrx_word' id='word_1_156' title='bbox 954 677 993 701; x_wconf 89' lang='lat' dir='ltr'><strong><em>est</em></strong></span> <span class='ocrx_word' id='word_1_157' title='bbox 1007 682 1017 701; x_wconf 88' lang='lat'><strong><em>:</em></strong></span> <span class='ocrx_word' id='word_1_158' title='bbox 1036 674 1106 709; x_wconf 88' lang='lat' dir='ltr'><strong><em>quod</em></strong></span> <span class='ocrx_word' id='word_1_159' title='bbox 1137 674 1185 702; x_wconf 88' lang='lat' dir='ltr'><strong><em>hoc</em></strong></span> <span class='ocrx_word' id='word_1_160' title='bbox 1197 683 1279 702; x_wconf 86' lang='lat' dir='ltr'><strong><em>unum</em></strong></span> <span class='ocrx_word' id='word_1_161' title='bbox 1295 674 1370 702; x_wconf 85' lang='lat' dir='ltr'><strong><em>nobis</em></strong></span> <span class='ocrx_word' id='word_1_162' title='bbox 1385 675 1420 702; x_wconf 86' lang='lat' dir='ltr'><strong><em>ad</em></strong></span> <span class='ocrx_word' id='word_1_163' title='bbox 1440 676 1498 710; x_wconf 84' lang='lat' dir='ltr'><strong><em>ejus</em></strong></span> <span class='ocrx_word' id='word_1_164' title='bbox 1530 677 1614 710; x_wconf 86' lang='lat' dir='ltr'><strong><em>partis</em></strong></span> <span class='ocrx_word' id='word_1_165' title='bbox 1629 677 1780 704; x_wconf 78' lang='lat' dir='ltr'><strong><em>divinorum</em></strong></span> 
     </span>
    </p>
   </div>
   <div class='ocr_carea' id='block_1_13' title="bbox 153 717 1779 754">
    <p class='ocr_par' dir='ltr' id='par_1_13' title="bbox 153 717 1779 754">
     <span class='ocr_line' id='line_1_13' title="bbox 153 717 1779 754; baseline 0 -7"><span class='ocrx_word' id='word_1_166' title='bbox 153 720 284 747; x_wconf 85' lang='lat' dir='ltr'><strong><em>librorum</em></strong></span> <span class='ocrx_word' id='word_1_167' title='bbox 303 719 408 752; x_wconf 84' lang='lat' dir='ltr'><strong><em>plenam</em></strong></span> <span class='ocrx_word' id='word_1_168' title='bbox 431 719 676 752; x_wconf 67' lang='lat' dir='ltr'><strong><em>interpretationem</em></strong></span> <span class='ocrx_word' id='word_1_169' title='bbox 690 718 947 754; x_wconf 84' lang='lat' dir='ltr'><strong><em>habendam,quam</em></strong></span> <span class='ocrx_word' id='word_1_170' title='bbox 961 717 1067 745; x_wconf 70' lang='lat' dir='ltr'><strong><em>Notium</em></strong></span> <span class='ocrx_word' id='word_1_171' title='bbox 1087 717 1283 746; x_wconf 78' lang='lat' dir='ltr'><strong><em>Testamentum</em></strong></span> <span class='ocrx_word' id='word_1_172' title='bbox 1300 725 1404 752; x_wconf 79' lang='lat' dir='ltr'><strong><em>vocant,</em></strong></span> <span class='ocrx_word' id='word_1_173' title='bbox 1430 720 1518 748; x_wconf 83' lang='lat' dir='ltr'><strong><em>deesse</em></strong></span> <span class='ocrx_word' id='word_1_174' title='bbox 1543 721 1676 748; x_wconf 83' lang='lat' dir='ltr'><strong><em>cernebat.</em></strong></span> <span class='ocrx_word' id='word_1_175' title='bbox 1707 720 1779 747; x_wconf 82' lang='lat' dir='ltr'><strong><em>Nunt</em></strong></span> 
     </span>
    </p>
   </div>
   <div class='ocr_carea' id='block_1_14' title="bbox 151 761 1778 798">
    <p class='ocr_par' dir='ltr' id='par_1_14' title="bbox 151 761 1778 798">
     <span class='ocr_line' id='line_1_14' title="bbox 151 761 1778 798; baseline 0.001 -8"><span class='ocrx_word' id='word_1_176' title='bbox 151 763 229 790; x_wconf 83' lang='lat' dir='ltr'><strong><em>divus</em></strong></span> <span class='ocrx_word' id='word_1_177' title='bbox 247 762 373 794; x_wconf 80' lang='lat' dir='ltr'><strong><em>Thomas,</em></strong></span> <span class='ocrx_word' id='word_1_178' title='bbox 392 769 461 788; x_wconf 89' lang='lat' dir='ltr'><strong><em>unus</em></strong></span> <span class='ocrx_word' id='word_1_179' title='bbox 485 769 518 788; x_wconf 76' lang='lat' dir='ltr'><strong><em>ea:</em></strong></span> <span class='ocrx_word' id='word_1_180' title='bbox 535 761 607 788; x_wconf 86' lang='lat' dir='ltr'><strong><em>hisce</em></strong></span> <span class='ocrx_word' id='word_1_181' title='bbox 617 761 772 797; x_wconf 80' lang='lat' dir='ltr'><strong><em>junioribus</em></strong></span> <span class='ocrx_word' id='word_1_182' title='bbox 784 762 913 798; x_wconf 80' lang='lat' dir='ltr'><strong><em>theologis</em></strong></span> <span class='ocrx_word' id='word_1_183' title='bbox 937 762 1052 789; x_wconf 72' lang='lat' dir='ltr'><strong><em>maxime</em></strong></span> <span class='ocrx_word' id='word_1_184' title='bbox 1078 762 1185 789; x_wconf 83' lang='lat' dir='ltr'><strong><em>celebris</em></strong></span> <span class='ocrx_word' id='word_1_185' title='bbox 1202 767 1279 798; x_wconf 91' lang='lat' dir='ltr'><strong><em>atque</em></strong></span> <span class='ocrx_word' id='word_1_186' title='bbox 1291 762 1417 794; x_wconf 84' lang='lat' dir='ltr'><strong><em>illustris.</em></strong></span> <span class='ocrx_word' id='word_1_187' title='bbox 1435 764 1488 791; x_wconf 75' lang='lat' dir='ltr'><strong><em>sive</em></strong></span> <span class='ocrx_word' id='word_1_188' title='bbox 1507 763 1612 791; x_wconf 78' lang='lat' dir='ltr'><strong><em>Grtceos</em></strong></span> <span class='ocrx_word' id='word_1_189' title='bbox 1626 765 1778 797; x_wconf 69' lang='lat' dir='ltr'><strong><em>tumulatus,</em></strong></span> 
     </span>
    </p>
   </div>
   <div class='ocr_carea' id='block_1_15' title="bbox 152 806 1779 844">
    <p class='ocr_par' dir='ltr' id='par_1_15' title="bbox 152 806 1779 844">
     <span class='ocr_line' id='line_1_15' title="bbox 152 806 1779 844; baseline 0.001 -10"><span class='ocrx_word' id='word_1_190' title='bbox 152 815 216 842; x_wconf 87' lang='lat' dir='ltr'><strong><em>quos</em></strong></span> <span class='ocrx_word' id='word_1_191' title='bbox 233 806 336 834; x_wconf 77' lang='lat' dir='ltr'><strong><em>videbat</em></strong></span> <span class='ocrx_word' id='word_1_192' title='bbox 351 806 378 832; x_wconf 89' lang='lat' dir='ltr'><strong><em>in</em></strong></span> <span class='ocrx_word' id='word_1_193' title='bbox 387 806 435 833; x_wconf 87' lang='lat' dir='ltr'><strong><em>hoc</em></strong></span> <span class='ocrx_word' id='word_1_194' title='bbox 447 810 551 833; x_wconf 89' lang='lat' dir='ltr'><strong><em>tantum</em></strong></span> <span class='ocrx_word' id='word_1_195' title='bbox 573 807 656 833; x_wconf 85' lang='lat' dir='ltr'><strong><em>studii</em></strong></span> <span class='ocrx_word' id='word_1_196' title='bbox 672 807 802 841; x_wconf 82' lang='lat' dir='ltr'><strong><em>posuisse,</em></strong></span> <span class='ocrx_word' id='word_1_197' title='bbox 820 807 873 834; x_wconf 81' lang='lat' dir='ltr'><strong><em>sive</em></strong></span> <span class='ocrx_word' id='word_1_198' title='bbox 885 815 933 834; x_wconf 90' lang='lat' dir='ltr'><strong><em>suo</em></strong></span> <span class='ocrx_word' id='word_1_199' title='bbox 948 806 1063 841; x_wconf 86' lang='lat' dir='ltr'><strong><em>quadam</em></strong></span> <span class='ocrx_word' id='word_1_200' title='bbox 1097 808 1193 841; x_wconf 83' lang='lat' dir='ltr'><strong><em>spiritu</em></strong></span> <span class='ocrx_word' id='word_1_201' title='bbox 1216 807 1321 840; x_wconf 85' lang='lat' dir='ltr'><strong><em>ductus,</em></strong></span> <span class='ocrx_word' id='word_1_202' title='bbox 1343 816 1374 835; x_wconf 93' lang='lat' dir='ltr'><strong><em>ne</em></strong></span> <span class='ocrx_word' id='word_1_203' title='bbox 1383 809 1431 835; x_wconf 86' lang='lat' dir='ltr'><strong><em>hac</em></strong></span> <span class='ocrx_word' id='word_1_204' title='bbox 1456 809 1561 844; x_wconf 85' lang='lat' dir='ltr'><strong><em>quidem</em></strong></span> <span class='ocrx_word' id='word_1_205' title='bbox 1588 809 1687 836; x_wconf 86' lang='lat' dir='ltr'><strong><em>laboris</em></strong></span> <span class='ocrx_word' id='word_1_206' title='bbox 1698 818 1779 844; x_wconf 87' lang='lat' dir='ltr'><strong><em>genus</em></strong></span> 
     </span>
    </p>
   </div>
   <div class='ocr_carea' id='block_1_16' title="bbox 152 850 1786 887">
    <p class='ocr_par' dir='ltr' id='par_1_16' title="bbox 152 850 1786 887">
     <span class='ocr_line' id='line_1_16' title="bbox 152 850 1786 887; baseline 0.001 -9"><span class='ocrx_word' id='word_1_207' title='bbox 152 851 317 886; x_wconf 73' lang='lat' dir='ltr'><strong><em>inexpertum</em></strong></span> <span class='ocrx_word' id='word_1_208' title='bbox 331 851 491 877; x_wconf 84' lang='lat' dir='ltr'><strong><em>intactumoe</em></strong></span> <span class='ocrx_word' id='word_1_209' title='bbox 517 850 626 885; x_wconf 87' lang='lat' dir='ltr'><strong><em>reliquit</em></strong></span> <span class='ocrx_word' id='word_1_210' title='bbox 640 858 649 877; x_wconf 89' lang='lat'><em>:</em></span> <span class='ocrx_word' id='word_1_211' title='bbox 665 852 713 878; x_wconf 89' lang='lat' dir='ltr'><strong><em>sed</em></strong></span> <span class='ocrx_word' id='word_1_212' title='bbox 736 851 763 878; x_wconf 90' lang='lat' dir='ltr'><strong><em>in</em></strong></span> <span class='ocrx_word' id='word_1_213' title='bbox 792 859 875 878; x_wconf 88' lang='lat' dir='ltr'><strong><em>unum</em></strong></span> <span class='ocrx_word' id='word_1_214' title='bbox 890 850 996 879; x_wconf 87' lang='lat' dir='ltr'><strong><em>collatis</em></strong></span> <span class='ocrx_word' id='word_1_215' title='bbox 1010 851 1134 886; x_wconf 85' lang='lat' dir='ltr'><strong><em>plurimis</em></strong></span> <span class='ocrx_word' id='word_1_216' title='bbox 1145 859 1177 878; x_wconf 72' lang='grc' dir='ltr'><strong><em>επ</em></strong></span> <span class='ocrx_word' id='word_1_217' title='bbox 1190 852 1245 879; x_wconf 82' lang='lat' dir='ltr'><strong><em>illis</em></strong></span> <span class='ocrx_word' id='word_1_218' title='bbox 1262 853 1360 880; x_wconf 85' lang='lat' dir='ltr'><strong><em>sanctis</em></strong></span> <span class='ocrx_word' id='word_1_219' title='bbox 1385 853 1448 880; x_wconf 80' lang='lat' dir='ltr'><strong><em>viris</em></strong></span> <span class='ocrx_word' id='word_1_220' title='bbox 1465 854 1509 887; x_wconf 89' lang='lat' dir='ltr'><strong><em>qui</em></strong></span> <span class='ocrx_word' id='word_1_221' title='bbox 1537 853 1611 880; x_wconf 90' lang='lat' dir='ltr'><strong><em>nobis</em></strong></span> <span class='ocrx_word' id='word_1_222' title='bbox 1637 854 1668 880; x_wconf 90' lang='lat' dir='ltr'><strong><em>ab</em></strong></span> <span class='ocrx_word' id='word_1_223' title='bbox 1702 854 1786 886; x_wconf 33' lang='lat' dir='ltr'><strong><em>initio,</em></strong></span> 
     </span>
    </p>
   </div>
   <div class='ocr_carea' id='block_1_17' title="bbox 150 894 1777 931">
    <p class='ocr_par' dir='ltr' id='par_1_17' title="bbox 150 894 1777 931">
     <span class='ocr_line' id='line_1_17' title="bbox 150 894 1777 931; baseline -0.001 -8"><span class='ocrx_word' id='word_1_224' title='bbox 150 897 256 924; x_wconf 79' lang='lat' dir='ltr'><strong><em>divinas</em></strong></span> <span class='ocrx_word' id='word_1_225' title='bbox 275 896 380 923; x_wconf 83' lang='lat' dir='ltr'><strong><em>litteras</em></strong></span> <span class='ocrx_word' id='word_1_226' title='bbox 401 901 590 930; x_wconf 67' lang='lat' dir='ltr'><strong><em>exposuerunt,</em></strong></span> <span class='ocrx_word' id='word_1_227' title='bbox 609 904 655 923; x_wconf 87' lang='lat' dir='ltr'><strong><em>nec</em></strong></span> <span class='ocrx_word' id='word_1_228' title='bbox 665 895 745 923; x_wconf 87' lang='lat' dir='ltr'><strong><em>modo</em></strong></span> <span class='ocrx_word' id='word_1_229' title='bbox 761 897 873 928; x_wconf 86' lang='lat' dir='ltr'><strong><em>nostris,</em></strong></span> <span class='ocrx_word' id='word_1_230' title='bbox 898 904 987 923; x_wconf 76' lang='lat' dir='ltr'><strong><em>rerum</em></strong></span> <span class='ocrx_word' id='word_1_231' title='bbox 1007 896 1087 923; x_wconf 89' lang='lat' dir='ltr'><strong><em>etiam</em></strong></span> <span class='ocrx_word' id='word_1_232' title='bbox 1105 894 1215 928; x_wconf 82' lang='lat' dir='ltr'><strong><em>Gra&#39;cis,</em></strong></span> <span class='ocrx_word' id='word_1_233' title='bbox 1232 904 1296 931; x_wconf 93' lang='lat' dir='ltr'><strong><em>quas</em></strong></span> <span class='ocrx_word' id='word_1_234' title='bbox 1309 897 1336 922; x_wconf 90' lang='lat' dir='ltr'><strong><em>in</em></strong></span> <span class='ocrx_word' id='word_1_235' title='bbox 1361 895 1489 923; x_wconf 88' lang='lat' dir='ltr'><strong><em>Latinum</em></strong></span> <span class='ocrx_word' id='word_1_236' title='bbox 1501 905 1637 924; x_wconf 79' lang='lat' dir='ltr'><strong><em>conuersos</em></strong></span> <span class='ocrx_word' id='word_1_237' title='bbox 1653 896 1777 926; x_wconf 77' lang='lat' dir='ltr'><strong><em>habebnt.</em></strong></span> 
     </span>
    </p>
   </div>
   <div class='ocr_carea' id='block_1_18' title="bbox 151 939 1777 975">
    <p class='ocr_par' dir='ltr' id='par_1_18' title="bbox 151 939 1777 975">
     <span class='ocr_line' id='line_1_18' title="bbox 151 939 1777 975; baseline 0 -8"><span class='ocrx_word' id='word_1_238' title='bbox 151 941 180 967; x_wconf 92' lang='lat' dir='ltr'><strong><em>in</em></strong></span> <span class='ocrx_word' id='word_1_239' title='bbox 206 944 321 974; x_wconf 87' lang='lat' dir='ltr'><strong><em>quatuor</em></strong></span> <span class='ocrx_word' id='word_1_240' title='bbox 335 939 479 974; x_wconf 81' lang='lat' dir='ltr'><strong><em>Evangelia</em></strong></span> <span class='ocrx_word' id='word_1_241' title='bbox 496 947 561 973; x_wconf 89' lang='lat' dir='ltr'><strong><em>opus</em></strong></span> <span class='ocrx_word' id='word_1_242' title='bbox 576 939 725 966; x_wconf 78' lang='lat' dir='ltr'><strong><em>elaboravit</em></strong></span> <span class='ocrx_word' id='word_1_243' title='bbox 743 947 753 972; x_wconf 92' lang='lat'><strong><em>;</em></strong></span> <span class='ocrx_word' id='word_1_244' title='bbox 766 940 836 975; x_wconf 90' lang='lat' dir='ltr'><strong><em>quod</em></strong></span> <span class='ocrx_word' id='word_1_245' title='bbox 853 940 933 966; x_wconf 86' lang='lat' dir='ltr'><strong><em>etiam</em></strong></span> <span class='ocrx_word' id='word_1_246' title='bbox 948 944 1044 974; x_wconf 65' lang='lat' dir='ltr'><strong><em>prater</em></strong></span> <span class='ocrx_word' id='word_1_247' title='bbox 1066 947 1164 966; x_wconf 88' lang='lat' dir='ltr'><strong><em>morem</em></strong></span> <span class='ocrx_word' id='word_1_248' title='bbox 1183 939 1336 966; x_wconf 67' lang='lat' dir='ltr'><strong><em>Graecorum</em></strong></span> <span class='ocrx_word' id='word_1_249' title='bbox 1348 947 1395 966; x_wconf 88' lang='lat' dir='ltr'><strong><em>suo</em></strong></span> <span class='ocrx_word' id='word_1_250' title='bbox 1408 940 1513 967; x_wconf 88' lang='lat' dir='ltr'><strong><em>nomine</em></strong></span> <span class='ocrx_word' id='word_1_251' title='bbox 1521 941 1662 974; x_wconf 79' lang='lat' dir='ltr'><strong><em>prtrposito</em></strong></span> <span class='ocrx_word' id='word_1_252' title='bbox 1674 940 1707 966; x_wconf 88' lang='lat' dir='ltr'><strong><em>ad</em></strong></span> <span class='ocrx_word' id='word_1_253' title='bbox 1719 940 1777 974; x_wconf 76' lang='lat' dir='ltr'><strong><em>ejus</em></strong></span> 
     </span>
    </p>
   </div>
   <div class='ocr_carea' id='block_1_19' title="bbox 151 983 1778 1019">
    <p class='ocr_par' dir='ltr' id='par_1_19' title="bbox 151 983 1778 1019">
     <span class='ocr_line' id='line_1_19' title="bbox 151 983 1778 1019; baseline -0.001 -8"><span class='ocrx_word' id='word_1_254' title='bbox 151 985 224 1011; x_wconf 80' lang='lat' dir='ltr'><strong><em>modi</em></strong></span> <span class='ocrx_word' id='word_1_255' title='bbox 249 984 366 1011; x_wconf 82' lang='lat' dir='ltr'><strong><em>laborem</em></strong></span> <span class='ocrx_word' id='word_1_256' title='bbox 385 983 590 1016; x_wconf 86' lang='lat' dir='ltr'><strong><em>illustrandum,</em></strong></span> <span class='ocrx_word' id='word_1_257' title='bbox 608 983 738 1011; x_wconf 86' lang='lat' dir='ltr'><strong><em>Catenam</em></strong></span> <span class='ocrx_word' id='word_1_258' title='bbox 761 983 879 1011; x_wconf 84' lang='lat' dir='ltr'><strong><em>Auream</em></strong></span> <span class='ocrx_word' id='word_1_259' title='bbox 898 984 1058 1019; x_wconf 76' lang='lat' dir='ltr'><strong><em>appellarit;</em></strong></span> <span class='ocrx_word' id='word_1_260' title='bbox 1070 983 1149 1017; x_wconf 82' lang='lat' dir='ltr'><strong><em>hujus</em></strong></span> <span class='ocrx_word' id='word_1_261' title='bbox 1165 990 1225 1010; x_wconf 80' lang='lat' dir='ltr'><strong><em>vero</em></strong></span> <span class='ocrx_word' id='word_1_262' title='bbox 1236 984 1331 1017; x_wconf 88' lang='lat' dir='ltr'><strong><em>partis,</em></strong></span> <span class='ocrx_word' id='word_1_263' title='bbox 1353 991 1412 1019; x_wconf 64' lang='lat' dir='ltr'><strong><em>quae</em></strong></span> <span class='ocrx_word' id='word_1_264' title='bbox 1423 989 1570 1019; x_wconf 84' lang='lat' dir='ltr'><strong><em>supererat,</em></strong></span> <span class='ocrx_word' id='word_1_265' title='bbox 1597 984 1715 1011; x_wconf 86' lang='lat' dir='ltr'><strong><em>membra</em></strong></span> <span class='ocrx_word' id='word_1_266' title='bbox 1730 989 1778 1010; x_wconf 89' lang='lat' dir='ltr'><strong><em>aut</em></strong></span> 
     </span>
    </p>
   </div>
   <div class='ocr_carea' id='block_1_20' title="bbox 151 1026 1778 1063">
    <p class='ocr_par' dir='ltr' id='par_1_20' title="bbox 151 1026 1778 1063">
     <span class='ocr_line' id='line_1_20' title="bbox 151 1026 1778 1063; baseline 0.001 -9"><span class='ocrx_word' id='word_1_267' title='bbox 151 1036 204 1055; x_wconf 85' lang='lat' dir='ltr'><strong><em>non</em></strong></span> <span class='ocrx_word' id='word_1_268' title='bbox 215 1028 317 1063; x_wconf 85' lang='lat' dir='ltr'><strong><em>attigit,</em></strong></span> <span class='ocrx_word' id='word_1_269' title='bbox 334 1031 380 1054; x_wconf 92' lang='lat' dir='ltr'><strong><em>aut</em></strong></span> <span class='ocrx_word' id='word_1_270' title='bbox 409 1027 466 1054; x_wconf 87' lang='lat' dir='ltr'><strong><em>suis</em></strong></span> <span class='ocrx_word' id='word_1_271' title='bbox 489 1026 605 1062; x_wconf 79' lang='lat' dir='ltr'><strong><em>propriis</em></strong></span> <span class='ocrx_word' id='word_1_272' title='bbox 623 1027 892 1054; x_wconf 83' lang='lat' dir='ltr'><strong><em>commentationibus</em></strong></span> <span class='ocrx_word' id='word_1_273' title='bbox 910 1027 1040 1062; x_wconf 73' lang='lat' dir='ltr'><strong><em>estposuit.</em></strong></span> <span class='ocrx_word' id='word_1_274' title='bbox 1057 1026 1152 1062; x_wconf 85' lang='lat' dir='ltr'><strong><em>Itaque</em></strong></span> <span class='ocrx_word' id='word_1_275' title='bbox 1167 1026 1303 1060; x_wconf 78' lang='lat' dir='ltr'><strong><em>Gibertus.</em></strong></span> <span class='ocrx_word' id='word_1_276' title='bbox 1328 1035 1360 1054; x_wconf 88' lang='lat' dir='ltr'><strong><em>ne</em></strong></span> <span class='ocrx_word' id='word_1_277' title='bbox 1378 1028 1478 1055; x_wconf 77' lang='lat' dir='ltr'><strong><em>diutius</em></strong></span> <span class='ocrx_word' id='word_1_278' title='bbox 1500 1027 1615 1055; x_wconf 84' lang='lat' dir='ltr'><strong><em>studiosi</em></strong></span> <span class='ocrx_word' id='word_1_279' title='bbox 1638 1036 1778 1055; x_wconf 77' lang='lat' dir='ltr'><strong><em>sacrarunt</em></strong></span> 
     </span>
    </p>
   </div>
   <div class='ocr_carea' id='block_1_21' title="bbox 151 1065 1778 1106">
    <p class='ocr_par' dir='ltr' id='par_1_21' title="bbox 151 1065 1778 1106">
     <span class='ocr_line' id='line_1_21' title="bbox 151 1065 1778 1106; baseline -0.001 -6"><span class='ocrx_word' id='word_1_280' title='bbox 151 1073 303 1100; x_wconf 85' lang='lat' dir='ltr'><strong><em>litterarum</em></strong></span> <span class='ocrx_word' id='word_1_281' title='bbox 319 1071 416 1099; x_wconf 85' lang='lat' dir='ltr'><strong><em>similis</em></strong></span> <span class='ocrx_word' id='word_1_282' title='bbox 438 1071 540 1098; x_wconf 88' lang='lat' dir='ltr'><strong><em>laboris</em></strong></span> <span class='ocrx_word' id='word_1_283' title='bbox 567 1071 691 1098; x_wconf 88' lang='lat' dir='ltr'><strong><em>etiamin</em></strong></span> <span class='ocrx_word' id='word_1_284' title='bbox 719 1071 788 1098; x_wconf 87' lang='lat' dir='ltr'><strong><em>hanc</em></strong></span> <span class='ocrx_word' id='word_1_285' title='bbox 814 1075 915 1105; x_wconf 81' lang='lat' dir='ltr'><strong><em>portent</em></strong></span> <span class='ocrx_word' id='word_1_286' title='bbox 943 1070 1074 1098; x_wconf 87' lang='lat' dir='ltr'><strong><em>desiderio</em></strong></span> <span class='ocrx_word' id='word_1_287' title='bbox 1100 1075 1260 1102; x_wconf 84' lang='lat' dir='ltr'><strong><em>tenerentur,</em></strong></span> <span class='ocrx_word' id='word_1_288' title='bbox 1286 1071 1355 1098; x_wconf 88' lang='lat' dir='ltr'><strong><em>hanc</em></strong></span> <span class='ocrx_word' id='word_1_289' title='bbox 1382 1072 1496 1106; x_wconf 87' lang='lat' dir='ltr'><strong><em>primam</em></strong></span> <span class='ocrx_word' id='word_1_290' title='bbox 1530 1065 1647 1098; x_wconf 80' lang='lat' dir='ltr'><strong><em>omnium</em></strong></span> <span class='ocrx_word' id='word_1_291' title='bbox 1672 1072 1778 1106; x_wconf 84' lang='lat' dir='ltr'><strong><em>aggredi</em></strong></span> 
     </span>
    </p>
   </div>
   <div class='ocr_carea' id='block_1_22' title="bbox 149 1114 1779 1151">
    <p class='ocr_par' dir='ltr' id='par_1_22' title="bbox 149 1114 1779 1151">
     <span class='ocr_line' id='line_1_22' title="bbox 149 1114 1779 1151; baseline -0.001 -8"><span class='ocrx_word' id='word_1_292' title='bbox 149 1116 270 1144; x_wconf 88' lang='lat' dir='ltr'><strong><em>statuit:</em></strong></span> <span class='ocrx_word' id='word_1_293' title='bbox 284 1124 314 1143; x_wconf 79' lang='lat' dir='ltr'><strong><em>eo</em></strong></span> <span class='ocrx_word' id='word_1_294' title='bbox 335 1116 421 1151; x_wconf 82' lang='lat' dir='ltr'><strong><em>magis</em></strong></span> <span class='ocrx_word' id='word_1_295' title='bbox 436 1114 505 1150; x_wconf 86' lang='lat' dir='ltr'><strong><em>quod</em></strong></span> <span class='ocrx_word' id='word_1_296' title='bbox 533 1119 631 1148; x_wconf 80' lang='lat' dir='ltr'><strong><em>prceter</em></strong></span> <span class='ocrx_word' id='word_1_297' title='bbox 652 1114 707 1142; x_wconf 83' lang='lat' dir='ltr'><strong><em>divi</em></strong></span> <span class='ocrx_word' id='word_1_298' title='bbox 722 1115 805 1142; x_wconf 88' lang='lat' dir='ltr'><strong><em>Pauli</em></strong></span> <span class='ocrx_word' id='word_1_299' title='bbox 837 1114 972 1150; x_wconf 75' lang='lat' dir='ltr'><strong><em>Epistolas</em></strong></span> <span class='ocrx_word' id='word_1_300' title='bbox 988 1135 996 1148; x_wconf 91' lang='lat'><strong><em>,</em></strong></span> <span class='ocrx_word' id='word_1_301' title='bbox 1023 1114 1126 1149; x_wconf 88' lang='lat' dir='ltr'><strong><em>reliqua</em></strong></span> <span class='ocrx_word' id='word_1_302' title='bbox 1152 1122 1211 1150; x_wconf 74' lang='lat' dir='ltr'><strong><em>qua:</em></strong></span> <span class='ocrx_word' id='word_1_303' title='bbox 1241 1114 1282 1141; x_wconf 91' lang='lat' dir='ltr'><strong><em>hic</em></strong></span> <span class='ocrx_word' id='word_1_304' title='bbox 1307 1116 1436 1142; x_wconf 82' lang='lat' dir='ltr'><strong><em>habentur</em></strong></span> <span class='ocrx_word' id='word_1_305' title='bbox 1461 1116 1591 1150; x_wconf 74' lang='lat' dir='ltr'><strong><em>exposito,</em></strong></span> <span class='ocrx_word' id='word_1_306' title='bbox 1613 1124 1666 1142; x_wconf 91' lang='lat' dir='ltr'><strong><em>non</em></strong></span> <span class='ocrx_word' id='word_1_307' title='bbox 1691 1115 1779 1142; x_wconf 68' lang='lat' dir='ltr'><strong><em>solum</em></strong></span> 
     </span>
    </p>
   </div>
   <div class='ocr_carea' id='block_1_23' title="bbox 147 1158 1776 1195">
    <p class='ocr_par' dir='ltr' id='par_1_23' title="bbox 147 1158 1776 1195">
     <span class='ocr_line' id='line_1_23' title="bbox 147 1158 1776 1195; baseline -0.001 -7"><span class='ocrx_word' id='word_1_308' title='bbox 147 1160 277 1195; x_wconf 84' lang='lat' dir='ltr'><strong><em>ejusmodi</em></strong></span> <span class='ocrx_word' id='word_1_309' title='bbox 291 1159 418 1188; x_wconf 85' lang='lat' dir='ltr'><strong><em>Catenam</em></strong></span> <span class='ocrx_word' id='word_1_310' title='bbox 444 1158 546 1185; x_wconf 87' lang='lat' dir='ltr'><strong><em>nullam</em></strong></span> <span class='ocrx_word' id='word_1_311' title='bbox 564 1158 694 1190; x_wconf 84' lang='lat' dir='ltr'><strong><em>habebant</em></strong></span> <span class='ocrx_word' id='word_1_312' title='bbox 703 1159 773 1193; x_wconf 89' lang='lat' dir='ltr'><strong><em>apud</em></strong></span> <span class='ocrx_word' id='word_1_313' title='bbox 798 1166 857 1190; x_wconf 87' lang='lat' dir='ltr'><strong><em>nos,</em></strong></span> <span class='ocrx_word' id='word_1_314' title='bbox 874 1167 926 1194; x_wconf 90' lang='lat' dir='ltr'><strong><em>qua</em></strong></span> <span class='ocrx_word' id='word_1_315' title='bbox 943 1159 1041 1192; x_wconf 86' lang='lat' dir='ltr'><strong><em>percipi</em></strong></span> <span class='ocrx_word' id='word_1_316' title='bbox 1058 1166 1149 1185; x_wconf 89' lang='lat' dir='ltr'><strong><em>eorum</em></strong></span> <span class='ocrx_word' id='word_1_317' title='bbox 1175 1166 1253 1186; x_wconf 88' lang='lat' dir='ltr'><strong><em>sensa</em></strong></span> <span class='ocrx_word' id='word_1_318' title='bbox 1267 1159 1400 1193; x_wconf 86' lang='lat' dir='ltr'><strong><em>tenerique</em></strong></span> <span class='ocrx_word' id='word_1_319' title='bbox 1432 1164 1550 1193; x_wconf 87' lang='lat' dir='ltr'><strong><em>possent,</em></strong></span> <span class='ocrx_word' id='word_1_320' title='bbox 1575 1160 1620 1186; x_wconf 89' lang='lat' dir='ltr'><strong><em>sed</em></strong></span> <span class='ocrx_word' id='word_1_321' title='bbox 1646 1167 1678 1186; x_wconf 86' lang='lat' dir='ltr'><strong><em>ne</em></strong></span> <span class='ocrx_word' id='word_1_322' title='bbox 1692 1167 1776 1193; x_wconf 74' lang='lat' dir='ltr'><strong><em>expo-</em></strong></span> 
     </span>
    </p>
   </div>
   <div class='ocr_carea' id='block_1_24' title="bbox 145 1201 1778 1239">
    <p class='ocr_par' dir='ltr' id='par_1_24' title="bbox 145 1201 1778 1239">
     <span class='ocr_line' id='line_1_24' title="bbox 145 1201 1778 1239; baseline -0.001 -8"><span class='ocrx_word' id='word_1_323' title='bbox 145 1206 256 1232; x_wconf 82' lang='lat' dir='ltr'><strong><em>sitiones</em></strong></span> <span class='ocrx_word' id='word_1_324' title='bbox 282 1203 387 1239; x_wconf 87' lang='lat' dir='ltr'><strong><em>quidem</em></strong></span> <span class='ocrx_word' id='word_1_325' title='bbox 401 1202 508 1229; x_wconf 89' lang='lat' dir='ltr'><strong><em>omnino</em></strong></span> <span class='ocrx_word' id='word_1_326' title='bbox 526 1201 641 1237; x_wconf 86' lang='lat' dir='ltr'><strong><em>alicujus</em></strong></span> <span class='ocrx_word' id='word_1_327' title='bbox 657 1203 759 1237; x_wconf 83' lang='lat' dir='ltr'><strong><em>generis</em></strong></span> <span class='ocrx_word' id='word_1_328' title='bbox 785 1202 866 1229; x_wconf 90' lang='lat' dir='ltr'><strong><em>ullas.</em></strong></span> <span class='ocrx_word' id='word_1_329' title='bbox 884 1201 1001 1229; x_wconf 72' lang='lat' dir='ltr'><strong><em>Multum</em></strong></span> <span class='ocrx_word' id='word_1_330' title='bbox 1016 1203 1097 1229; x_wconf 89' lang='lat' dir='ltr'><strong><em>etiam</em></strong></span> <span class='ocrx_word' id='word_1_331' title='bbox 1121 1203 1149 1229; x_wconf 83' lang='lat' dir='ltr'><strong><em>in</em></strong></span> <span class='ocrx_word' id='word_1_332' title='bbox 1163 1202 1212 1229; x_wconf 91' lang='lat' dir='ltr'><strong><em>hoc</em></strong></span> <span class='ocrx_word' id='word_1_333' title='bbox 1227 1203 1312 1230; x_wconf 72' lang='lat' dir='ltr'><strong><em>ualuit</em></strong></span> <span class='ocrx_word' id='word_1_334' title='bbox 1326 1202 1441 1231; x_wconf 79' lang='lat' dir='ltr'><strong><em>Joannis</em></strong></span> <span class='ocrx_word' id='word_1_335' title='bbox 1467 1202 1591 1230; x_wconf 89' lang='lat' dir='ltr'><strong><em>Lascaris</em></strong></span> <span class='ocrx_word' id='word_1_336' title='bbox 1609 1204 1778 1230; x_wconf 88' lang='lat' dir='ltr'><strong><em>commenda-</em></strong></span> 
     </span>
    </p>
   </div>
   <div class='ocr_carea' id='block_1_25' title="bbox 147 1246 1777 1283">
    <p class='ocr_par' dir='ltr' id='par_1_25' title="bbox 147 1246 1777 1283">
     <span class='ocr_line' id='line_1_25' title="bbox 147 1246 1777 1283; baseline -0.002 -7"><span class='ocrx_word' id='word_1_337' title='bbox 147 1250 185 1276; x_wconf 85' lang='lat' dir='ltr'><strong><em>tio</em></strong></span> <span class='ocrx_word' id='word_1_338' title='bbox 209 1257 218 1275; x_wconf 93' lang='lat'><strong><em>:</em></strong></span> <span class='ocrx_word' id='word_1_339' title='bbox 238 1247 284 1283; x_wconf 82' lang='lat' dir='ltr'><strong><em>qui</em></strong></span> <span class='ocrx_word' id='word_1_340' title='bbox 297 1247 337 1274; x_wconf 82' lang='lat' dir='ltr'><strong><em>air</em></strong></span> <span class='ocrx_word' id='word_1_341' title='bbox 352 1254 386 1273; x_wconf 90' lang='lat' dir='ltr'><strong><em>ea</em></strong></span> <span class='ocrx_word' id='word_1_342' title='bbox 397 1246 519 1273; x_wconf 78' lang='lat' dir='ltr'><strong><em>doctrina</em></strong></span> <span class='ocrx_word' id='word_1_343' title='bbox 534 1250 559 1273; x_wconf 87' lang='lat' dir='ltr'><strong><em>et</em></strong></span> <span class='ocrx_word' id='word_1_344' title='bbox 576 1246 699 1274; x_wconf 84' lang='lat' dir='ltr'><strong><em>claritate</em></strong></span> <span class='ocrx_word' id='word_1_345' title='bbox 713 1246 753 1273; x_wconf 87' lang='lat' dir='ltr'><strong><em>his</em></strong></span> <span class='ocrx_word' id='word_1_346' title='bbox 768 1246 929 1281; x_wconf 79' lang='lat' dir='ltr'><strong><em>temporibus</em></strong></span> <span class='ocrx_word' id='word_1_347' title='bbox 953 1251 1096 1281; x_wconf 60' lang='lat' dir='ltr'><strong><em>praestans,</em></strong></span> <span class='ocrx_word' id='word_1_348' title='bbox 1114 1254 1194 1281; x_wconf 90' lang='lat' dir='ltr'><strong><em>quam</em></strong></span> <span class='ocrx_word' id='word_1_349' title='bbox 1223 1254 1311 1274; x_wconf 88' lang='lat' dir='ltr'><strong><em>omnes</em></strong></span> <span class='ocrx_word' id='word_1_350' title='bbox 1329 1251 1436 1278; x_wconf 83' lang='lat' dir='ltr'><strong><em>norunt.</em></strong></span> <span class='ocrx_word' id='word_1_351' title='bbox 1465 1247 1571 1275; x_wconf 72' lang='lat' dir='ltr'><strong><em>(Iiberta</em></strong></span> <span class='ocrx_word' id='word_1_352' title='bbox 1605 1252 1698 1274; x_wconf 85' lang='lat' dir='ltr'><strong><em>auctor</em></strong></span> <span class='ocrx_word' id='word_1_353' title='bbox 1718 1252 1777 1273; x_wconf 85' lang='lat' dir='ltr'><strong><em>erat</em></strong></span> 
     </span>
    </p>
   </div>
   <div class='ocr_carea' id='block_1_26' title="bbox 146 1289 1772 1326">
    <p class='ocr_par' dir='ltr' id='par_1_26' title="bbox 146 1289 1772 1326">
     <span class='ocr_line' id='line_1_26' title="bbox 146 1289 1772 1326; baseline -0.001 -7"><span class='ocrx_word' id='word_1_354' title='bbox 146 1297 175 1319; x_wconf 84' lang='lat' dir='ltr'><strong><em>ut</em></strong></span> <span class='ocrx_word' id='word_1_355' title='bbox 194 1292 250 1319; x_wconf 71' lang='lat' dir='ltr'><strong><em>hac</em></strong></span> <span class='ocrx_word' id='word_1_356' title='bbox 266 1290 435 1326; x_wconf 89' lang='lat' dir='ltr'><strong><em>potissimum</em></strong></span> <span class='ocrx_word' id='word_1_357' title='bbox 449 1297 512 1323; x_wconf 88' lang='lat' dir='ltr'><strong><em>pars</em></strong></span> <span class='ocrx_word' id='word_1_358' title='bbox 531 1290 663 1317; x_wconf 85' lang='lat' dir='ltr'><strong><em>ederetur.</em></strong></span> <span class='ocrx_word' id='word_1_359' title='bbox 680 1289 752 1317; x_wconf 77' lang='lat' dir='ltr'><strong><em>Nam</em></strong></span> <span class='ocrx_word' id='word_1_360' title='bbox 769 1290 817 1317; x_wconf 91' lang='lat' dir='ltr'><strong><em>hoc</em></strong></span> <span class='ocrx_word' id='word_1_361' title='bbox 828 1298 930 1325; x_wconf 91' lang='lat' dir='ltr'><strong><em>quoque</em></strong></span> <span class='ocrx_word' id='word_1_362' title='bbox 945 1291 973 1317; x_wconf 91' lang='lat' dir='ltr'><strong><em>in</em></strong></span> <span class='ocrx_word' id='word_1_363' title='bbox 983 1291 1078 1325; x_wconf 85' lang='lat' dir='ltr'><strong><em>primis</em></strong></span> <span class='ocrx_word' id='word_1_364' title='bbox 1095 1291 1164 1318; x_wconf 85' lang='lat' dir='ltr'><strong><em>scire</em></strong></span> <span class='ocrx_word' id='word_1_365' title='bbox 1178 1295 1291 1326; x_wconf 84' lang='lat' dir='ltr'><strong><em>oportet,</em></strong></span> <span class='ocrx_word' id='word_1_366' title='bbox 1308 1298 1367 1318; x_wconf 89' lang='lat' dir='ltr'><strong><em>cum</em></strong></span> <span class='ocrx_word' id='word_1_367' title='bbox 1384 1291 1565 1325; x_wconf 85' lang='lat' dir='ltr'><strong><em>hujuscemodi</em></strong></span> <span class='ocrx_word' id='word_1_368' title='bbox 1579 1291 1772 1325; x_wconf 70' lang='lat' dir='ltr'><strong><em>expositionum</em></strong></span> 
     </span>
    </p>
   </div>
   <div class='ocr_carea' id='block_1_27' title="bbox 146 1333 1776 1369">
    <p class='ocr_par' dir='ltr' id='par_1_27' title="bbox 146 1333 1776 1369">
     <span class='ocr_line' id='line_1_27' title="bbox 146 1333 1776 1369; baseline -0.002 -5"><span class='ocrx_word' id='word_1_369' title='bbox 146 1336 248 1364; x_wconf 87' lang='lat' dir='ltr'><strong><em>Catena</em></strong></span> <span class='ocrx_word' id='word_1_370' title='bbox 274 1343 306 1363; x_wconf 76' lang='lat' dir='ltr'><strong><em>ea;</em></strong></span> <span class='ocrx_word' id='word_1_371' title='bbox 323 1336 372 1361; x_wconf 84' lang='lat' dir='ltr'><strong><em>hac</em></strong></span> <span class='ocrx_word' id='word_1_372' title='bbox 388 1338 465 1368; x_wconf 90' lang='lat' dir='ltr'><strong><em>parte</em></strong></span> <span class='ocrx_word' id='word_1_373' title='bbox 481 1341 561 1368; x_wconf 91' lang='lat' dir='ltr'><strong><em>quam</em></strong></span> <span class='ocrx_word' id='word_1_374' title='bbox 577 1341 646 1361; x_wconf 88' lang='lat' dir='ltr'><strong><em>nunc</em></strong></span> <span class='ocrx_word' id='word_1_375' title='bbox 661 1334 768 1368; x_wconf 80' lang='lat' dir='ltr'><strong><em>damus,</em></strong></span> <span class='ocrx_word' id='word_1_376' title='bbox 785 1341 817 1361; x_wconf 90' lang='lat' dir='ltr'><strong><em>ea</em></strong></span> <span class='ocrx_word' id='word_1_377' title='bbox 829 1335 933 1361; x_wconf 84' lang='lat' dir='ltr'><strong><em>ratione</em></strong></span> <span class='ocrx_word' id='word_1_378' title='bbox 944 1333 1109 1369; x_wconf 84' lang='lat' dir='ltr'><strong><em>interpositis</em></strong></span> <span class='ocrx_word' id='word_1_379' title='bbox 1123 1333 1274 1361; x_wconf 86' lang='lat' dir='ltr'><strong><em>nominibus</em></strong></span> <span class='ocrx_word' id='word_1_380' title='bbox 1309 1342 1388 1369; x_wconf 86' lang='lat' dir='ltr'><strong><em>quam</em></strong></span> <span class='ocrx_word' id='word_1_381' title='bbox 1408 1333 1502 1361; x_wconf 88' lang='lat' dir='ltr'><strong><em>Latine</em></strong></span> <span class='ocrx_word' id='word_1_382' title='bbox 1531 1339 1652 1361; x_wconf 86' lang='lat' dir='ltr'><strong><em>secutum</em></strong></span> <span class='ocrx_word' id='word_1_383' title='bbox 1685 1334 1776 1360; x_wconf 73' lang='lat' dir='ltr'><strong><em>dirutis</em></strong></span> 
     </span>
    </p>
   </div>
   <div class='ocr_carea' id='block_1_28' title="bbox 148 1376 1776 1413">
    <p class='ocr_par' dir='ltr' id='par_1_28' title="bbox 148 1376 1776 1413">
     <span class='ocr_line' id='line_1_28' title="bbox 148 1376 1776 1413; baseline -0.002 -6"><span class='ocrx_word' id='word_1_384' title='bbox 148 1380 278 1407; x_wconf 83' lang='lat' dir='ltr'><strong><em>Thomam</em></strong></span> <span class='ocrx_word' id='word_1_385' title='bbox 291 1379 421 1410; x_wconf 80' lang='lat' dir='ltr'><strong><em>videmus,</em></strong></span> <span class='ocrx_word' id='word_1_386' title='bbox 436 1378 465 1404; x_wconf 88' lang='lat' dir='ltr'><strong><em>in</em></strong></span> <span class='ocrx_word' id='word_1_387' title='bbox 477 1377 550 1404; x_wconf 87' lang='lat' dir='ltr'><strong><em>solas</em></strong></span> <span class='ocrx_word' id='word_1_388' title='bbox 563 1377 618 1405; x_wconf 81' lang='lat' dir='ltr'><strong><em>divi</em></strong></span> <span class='ocrx_word' id='word_1_389' title='bbox 629 1376 712 1405; x_wconf 82' lang='lat' dir='ltr'><strong><em>Pauli</em></strong></span> <span class='ocrx_word' id='word_1_390' title='bbox 727 1378 866 1413; x_wconf 83' lang='lat' dir='ltr'><strong><em>Epistolas</em></strong></span> <span class='ocrx_word' id='word_1_391' title='bbox 886 1378 956 1412; x_wconf 87' lang='lat' dir='ltr'><strong><em>apud</em></strong></span> <span class='ocrx_word' id='word_1_392' title='bbox 985 1378 1090 1407; x_wconf 65' lang='lat' dir='ltr'><strong><em>Gra’cas</em></strong></span> <span class='ocrx_word' id='word_1_393' title='bbox 1115 1378 1353 1412; x_wconf 76' lang='lat' dir='ltr'><strong><em>circumferretur:</em></strong></span> <span class='ocrx_word' id='word_1_394' title='bbox 1368 1377 1504 1406; x_wconf 83' lang='lat' dir='ltr'><strong><em>Gibertum</em></strong></span> <span class='ocrx_word' id='word_1_395' title='bbox 1524 1382 1613 1405; x_wconf 87' lang='lat' dir='ltr'><strong><em>tamen</em></strong></span> <span class='ocrx_word' id='word_1_396' title='bbox 1631 1379 1704 1405; x_wconf 88' lang='lat' dir='ltr'><strong><em>illius</em></strong></span> <span class='ocrx_word' id='word_1_397' title='bbox 1720 1378 1776 1405; x_wconf 73' lang='lat' dir='ltr'><strong><em>viri</em></strong></span> 
     </span>
    </p>
   </div>
   <div class='ocr_carea' id='block_1_29' title="bbox 146 1421 1772 1460">
    <p class='ocr_par' dir='ltr' id='par_1_29' title="bbox 146 1421 1772 1460">
     <span class='ocr_line' id='line_1_29' title="bbox 146 1421 1772 1460; baseline -0.002 -8"><span class='ocrx_word' id='word_1_398' title='bbox 146 1424 271 1460; x_wconf 83' lang='lat' dir='ltr'><strong><em>beneﬁcio</em></strong></span> <span class='ocrx_word' id='word_1_399' title='bbox 297 1428 322 1450; x_wconf 88' lang='lat' dir='ltr'><strong><em>et</em></strong></span> <span class='ocrx_word' id='word_1_400' title='bbox 350 1430 457 1449; x_wconf 78' lang='lat' dir='ltr'><strong><em>munere</em></strong></span> <span class='ocrx_word' id='word_1_401' title='bbox 485 1422 621 1456; x_wconf 74' lang='lat' dir='ltr'><strong><em>exemplar</em></strong></span> <span class='ocrx_word' id='word_1_402' title='bbox 645 1426 752 1449; x_wconf 88' lang='lat' dir='ltr'><strong><em>nactum</em></strong></span> <span class='ocrx_word' id='word_1_403' title='bbox 765 1422 834 1449; x_wconf 88' lang='lat' dir='ltr'><strong><em>miro</em></strong></span> <span class='ocrx_word' id='word_1_404' title='bbox 849 1422 955 1449; x_wconf 88' lang='lat' dir='ltr'><strong><em>librarii</em></strong></span> <span class='ocrx_word' id='word_1_405' title='bbox 965 1422 1084 1457; x_wconf 85' lang='lat' dir='ltr'><strong><em>arti/icio</em></strong></span> <span class='ocrx_word' id='word_1_406' title='bbox 1094 1427 1250 1456; x_wconf 86' lang='lat' dir='ltr'><strong><em>sumptuque</em></strong></span> <span class='ocrx_word' id='word_1_407' title='bbox 1263 1421 1424 1456; x_wconf 89' lang='lat' dir='ltr'><strong><em>descriptum</em></strong></span> <span class='ocrx_word' id='word_1_408' title='bbox 1444 1422 1614 1457; x_wconf 89' lang='lat' dir='ltr'><strong><em>apprimeque</em></strong></span> <span class='ocrx_word' id='word_1_409' title='bbox 1625 1426 1772 1449; x_wconf 79' lang='lat' dir='ltr'><strong><em>vetustum:</em></strong></span> 
     </span>
    </p>
   </div>
   <div class='ocr_carea' id='block_1_30' title="bbox 144 1465 1774 1504">
    <p class='ocr_par' dir='ltr' id='par_1_30' title="bbox 144 1465 1774 1504">
     <span class='ocr_line' id='line_1_30' title="bbox 144 1465 1774 1504; baseline -0.004 -7"><span class='ocrx_word' id='word_1_410' title='bbox 144 1470 173 1497; x_wconf 87' lang='lat' dir='ltr'><strong><em>in</em></strong></span> <span class='ocrx_word' id='word_1_411' title='bbox 198 1477 248 1504; x_wconf 89' lang='lat' dir='ltr'><strong><em>quo</em></strong></span> <span class='ocrx_word' id='word_1_412' title='bbox 275 1466 357 1494; x_wconf 88' lang='lat' dir='ltr'><strong><em>Pauli</em></strong></span> <span class='ocrx_word' id='word_1_413' title='bbox 386 1466 491 1502; x_wconf 90' lang='lat' dir='ltr'><strong><em>quidem</em></strong></span> <span class='ocrx_word' id='word_1_414' title='bbox 507 1465 635 1500; x_wconf 64' lang='lat' dir='ltr'><strong><em>Epistolas</em></strong></span> <span class='ocrx_word' id='word_1_415' title='bbox 659 1465 790 1501; x_wconf 85' lang='lat' dir='ltr'><strong><em>ejusmodi</em></strong></span> <span class='ocrx_word' id='word_1_416' title='bbox 804 1467 912 1494; x_wconf 88' lang='lat' dir='ltr'><strong><em>nomina</em></strong></span> <span class='ocrx_word' id='word_1_417' title='bbox 927 1474 979 1493; x_wconf 88' lang='lat' dir='ltr'><strong><em>non</em></strong></span> <span class='ocrx_word' id='word_1_418' title='bbox 1000 1467 1165 1500; x_wconf 89' lang='lat' dir='ltr'><strong><em>interposita,</em></strong></span> <span class='ocrx_word' id='word_1_419' title='bbox 1180 1470 1207 1492; x_wconf 91' lang='lat' dir='ltr'><strong><em>ut</em></strong></span> <span class='ocrx_word' id='word_1_420' title='bbox 1224 1466 1252 1492; x_wconf 92' lang='lat' dir='ltr'><strong><em>in</em></strong></span> <span class='ocrx_word' id='word_1_421' title='bbox 1282 1465 1353 1496; x_wconf 87' lang='lat' dir='ltr'><strong><em>aliis.</em></strong></span> <span class='ocrx_word' id='word_1_422' title='bbox 1375 1465 1421 1492; x_wconf 86' lang='lat' dir='ltr'><strong><em>sed</em></strong></span> <span class='ocrx_word' id='word_1_423' title='bbox 1449 1466 1477 1492; x_wconf 92' lang='lat' dir='ltr'><strong><em>in</em></strong></span> <span class='ocrx_word' id='word_1_424' title='bbox 1503 1467 1622 1500; x_wconf 85' lang='lat' dir='ltr'><strong><em>margine</em></strong></span> <span class='ocrx_word' id='word_1_425' title='bbox 1651 1467 1774 1499; x_wconf 76' lang='lat' dir='ltr'><strong><em>ascripta</em></strong></span> 
     </span>
    </p>
   </div>
   <div class='ocr_carea' id='block_1_31' title="bbox 145 1509 1775 1546">
    <p class='ocr_par' dir='ltr' id='par_1_31' title="bbox 145 1509 1775 1546">
     <span class='ocr_line' id='line_1_31' title="bbox 145 1509 1775 1546; baseline -0.001 -8"><span class='ocrx_word' id='word_1_426' title='bbox 145 1512 263 1540; x_wconf 89' lang='lat' dir='ltr'><strong><em>habent:</em></strong></span> <span class='ocrx_word' id='word_1_427' title='bbox 283 1512 338 1546; x_wconf 87' lang='lat' dir='ltr'><strong><em>ipse</em></strong></span> <span class='ocrx_word' id='word_1_428' title='bbox 362 1518 420 1538; x_wconf 83' lang='lat' dir='ltr'><strong><em>vero</em></strong></span> <span class='ocrx_word' id='word_1_429' title='bbox 437 1510 630 1545; x_wconf 74' lang='lat' dir='ltr'><strong><em>expositionum</em></strong></span> <span class='ocrx_word' id='word_1_430' title='bbox 653 1515 791 1538; x_wconf 69' lang='lat' dir='ltr'><strong><em>contextus</em></strong></span> <span class='ocrx_word' id='word_1_431' title='bbox 816 1518 868 1538; x_wconf 87' lang='lat' dir='ltr'><strong><em>non</em></strong></span> <span class='ocrx_word' id='word_1_432' title='bbox 890 1518 964 1538; x_wconf 85' lang='lat' dir='ltr'><strong><em>secus</em></strong></span> <span class='ocrx_word' id='word_1_433' title='bbox 999 1510 1172 1537; x_wconf 85' lang='lat' dir='ltr'><strong><em>continuatur</em></strong></span> <span class='ocrx_word' id='word_1_434' title='bbox 1203 1517 1234 1536; x_wconf 89' lang='lat' dir='ltr'><strong><em>ac</em></strong></span> <span class='ocrx_word' id='word_1_435' title='bbox 1256 1509 1279 1536; x_wconf 84' lang='lat' dir='ltr'><strong><em>si</em></strong></span> <span class='ocrx_word' id='word_1_436' title='bbox 1293 1509 1387 1536; x_wconf 90' lang='lat' dir='ltr'><strong><em>unicus</em></strong></span> <span class='ocrx_word' id='word_1_437' title='bbox 1403 1513 1470 1536; x_wconf 86' lang='lat' dir='ltr'><strong><em>esset</em></strong></span> <span class='ocrx_word' id='word_1_438' title='bbox 1496 1511 1610 1545; x_wconf 73' lang='lat' dir='ltr'><strong><em>scriptor</em></strong></span> <span class='ocrx_word' id='word_1_439' title='bbox 1628 1510 1673 1545; x_wconf 88' lang='lat' dir='ltr'><strong><em>qui</em></strong></span> <span class='ocrx_word' id='word_1_440' title='bbox 1695 1518 1775 1536; x_wconf 87' lang='lat' dir='ltr'><strong><em>suam</em></strong></span> 
     </span>
    </p>
   </div>
   <div class='ocr_carea' id='block_1_32' title="bbox 142 1553 1774 1592">
    <p class='ocr_par' dir='ltr' id='par_1_32' title="bbox 142 1553 1774 1592">
     <span class='ocr_line' id='line_1_32' title="bbox 142 1553 1774 1592; baseline -0.001 -9"><span class='ocrx_word' id='word_1_441' title='bbox 142 1556 285 1592; x_wconf 87' lang='lat' dir='ltr'><strong><em>quamdam</em></strong></span> <span class='ocrx_word' id='word_1_442' title='bbox 314 1563 410 1582; x_wconf 79' lang='lat' dir='ltr'><strong><em>novam</em></strong></span> <span class='ocrx_word' id='word_1_443' title='bbox 434 1555 682 1582; x_wconf 87' lang='lat' dir='ltr'><strong><em>commentationem</em></strong></span> <span class='ocrx_word' id='word_1_444' title='bbox 707 1554 735 1580; x_wconf 90' lang='lat' dir='ltr'><strong><em>in</em></strong></span> <span class='ocrx_word' id='word_1_445' title='bbox 747 1553 818 1581; x_wconf 88' lang='lat' dir='ltr'><strong><em>illud</em></strong></span> <span class='ocrx_word' id='word_1_446' title='bbox 842 1561 907 1589; x_wconf 82' lang='lat' dir='ltr'><strong><em>opus</em></strong></span> <span class='ocrx_word' id='word_1_447' title='bbox 931 1554 1049 1588; x_wconf 67' lang='lat' dir='ltr'><strong><em>aﬁ&#39;erret.</em></strong></span> <span class='ocrx_word' id='word_1_448' title='bbox 1077 1553 1192 1588; x_wconf 88' lang='lat' dir='ltr'><strong><em>Denique</em></strong></span> <span class='ocrx_word' id='word_1_449' title='bbox 1224 1553 1291 1580; x_wconf 77' lang='lat' dir='ltr'><strong><em>Acta</em></strong></span> <span class='ocrx_word' id='word_1_450' title='bbox 1316 1553 1464 1587; x_wconf 87' lang='lat' dir='ltr'><strong><em>apostolica</em></strong></span> <span class='ocrx_word' id='word_1_451' title='bbox 1488 1559 1514 1580; x_wconf 89' lang='lat' dir='ltr'><strong><em>et</em></strong></span> <span class='ocrx_word' id='word_1_452' title='bbox 1539 1553 1686 1581; x_wconf 71' lang='lat' dir='ltr'><strong><em>Catholica</em></strong></span> <span class='ocrx_word' id='word_1_453' title='bbox 1711 1562 1774 1589; x_wconf 72' lang='lat' dir='ltr'><strong><em>que</em></strong></span> 
     </span>
    </p>
   </div>
   <div class='ocr_carea' id='block_1_33' title="bbox 140 1596 1775 1634">
    <p class='ocr_par' dir='ltr' id='par_1_33' title="bbox 140 1596 1775 1634">
     <span class='ocr_line' id='line_1_33' title="bbox 140 1596 1775 1634; baseline -0.001 -8"><span class='ocrx_word' id='word_1_454' title='bbox 140 1602 267 1628; x_wconf 79' lang='lat' dir='ltr'><strong><em>dicuntur</em></strong></span> <span class='ocrx_word' id='word_1_455' title='bbox 298 1599 433 1634; x_wconf 73' lang='lat' dir='ltr'><strong><em>Epistolte,</em></strong></span> <span class='ocrx_word' id='word_1_456' title='bbox 465 1603 543 1634; x_wconf 87' lang='lat' dir='ltr'><strong><em>atque</em></strong></span> <span class='ocrx_word' id='word_1_457' title='bbox 571 1599 635 1626; x_wconf 86' lang='lat' dir='ltr'><strong><em>item</em></strong></span> <span class='ocrx_word' id='word_1_458' title='bbox 660 1598 832 1633; x_wconf 72' lang='lat' dir='ltr'><strong><em>Apocalypsis</em></strong></span> <span class='ocrx_word' id='word_1_459' title='bbox 855 1598 923 1625; x_wconf 88' lang='lat' dir='ltr'><strong><em>nihil</em></strong></span> <span class='ocrx_word' id='word_1_460' title='bbox 935 1599 1030 1625; x_wconf 81' lang='lat' dir='ltr'><strong><em>talium</em></strong></span> <span class='ocrx_word' id='word_1_461' title='bbox 1053 1599 1187 1625; x_wconf 85' lang='lat' dir='ltr'><strong><em>nominum</em></strong></span> <span class='ocrx_word' id='word_1_462' title='bbox 1203 1604 1285 1632; x_wconf 83' lang='lat' dir='ltr'><strong><em>neque</em></strong></span> <span class='ocrx_word' id='word_1_463' title='bbox 1314 1596 1473 1631; x_wconf 76' lang='lat' dir='ltr'><strong><em>ascriptum&#39;</em></strong></span> <span class='ocrx_word' id='word_1_464' title='bbox 1493 1605 1603 1631; x_wconf 89' lang='lat' dir='ltr'><strong><em>prorsus</em></strong></span> <span class='ocrx_word' id='word_1_465' title='bbox 1626 1605 1708 1632; x_wconf 78' lang='lat' dir='ltr'><strong><em>neque</em></strong></span> <span class='ocrx_word' id='word_1_466' title='bbox 1731 1599 1775 1624; x_wconf 87' lang='lat' dir='ltr'><strong><em>in-</em></strong></span> 
     </span>
    </p>
   </div>
   <div class='ocr_carea' id='block_1_34' title="bbox 143 1641 1774 1679">
    <p class='ocr_par' dir='ltr' id='par_1_34' title="bbox 143 1641 1774 1679">
     <span class='ocr_line' id='line_1_34' title="bbox 143 1641 1774 1679; baseline -0.001 -7"><span class='ocrx_word' id='word_1_467' title='bbox 143 1645 298 1679; x_wconf 81' lang='lat' dir='ltr'><strong><em>terpasitum</em></strong></span> <span class='ocrx_word' id='word_1_468' title='bbox 313 1643 418 1671; x_wconf 86' lang='lat' dir='ltr'><strong><em>habent.</em></strong></span> <span class='ocrx_word' id='word_1_469' title='bbox 439 1641 544 1669; x_wconf 68' lang='lat' dir='ltr'><strong><em>Ex&#39;hoc</em></strong></span> <span class='ocrx_word' id='word_1_470' title='bbox 559 1647 647 1669; x_wconf 87' lang='lat' dir='ltr'><strong><em>autem</em></strong></span> <span class='ocrx_word' id='word_1_471' title='bbox 658 1642 815 1677; x_wconf 70' lang='lat' dir='ltr'><strong><em>exemplari,</em></strong></span> <span class='ocrx_word' id='word_1_472' title='bbox 832 1642 939 1670; x_wconf 88' lang='lat' dir='ltr'><strong><em>collatis</em></strong></span> <span class='ocrx_word' id='word_1_473' title='bbox 949 1647 1038 1670; x_wconf 87' lang='lat' dir='ltr'><strong><em>tamen</em></strong></span> <span class='ocrx_word' id='word_1_474' title='bbox 1053 1642 1115 1669; x_wconf 85' lang='lat' dir='ltr'><strong><em>aliis</em></strong></span> <span class='ocrx_word' id='word_1_475' title='bbox 1124 1650 1226 1677; x_wconf 86' lang='lat' dir='ltr'><strong><em>quoque</em></strong></span> <span class='ocrx_word' id='word_1_476' title='bbox 1250 1641 1387 1669; x_wconf 80' lang='lat' dir='ltr'><strong><em>nonnullis</em></strong></span> <span class='ocrx_word' id='word_1_477' title='bbox 1415 1641 1528 1669; x_wconf 86' lang='lat' dir='ltr'><strong><em>alterius</em></strong></span> <span class='ocrx_word' id='word_1_478' title='bbox 1548 1641 1622 1668; x_wconf 83' lang='lat' dir='ltr'><strong><em>illius</em></strong></span> <span class='ocrx_word' id='word_1_479' title='bbox 1653 1643 1774 1677; x_wconf 82' lang='lat' dir='ltr'><strong><em>generis,</em></strong></span> 
     </span>
    </p>
   </div>
   <div class='ocr_carea' id='block_1_35' title="bbox 141 1686 1251 1723">
    <p class='ocr_par' dir='ltr' id='par_1_35' title="bbox 141 1686 1251 1723">
     <span class='ocr_line' id='line_1_35' title="bbox 141 1686 1251 1723; baseline -0.002 -9"><span class='ocrx_word' id='word_1_480' title='bbox 141 1688 212 1723; x_wconf 82' lang='lat' dir='ltr'><strong><em>quod</em></strong></span> <span class='ocrx_word' id='word_1_481' title='bbox 230 1687 360 1720; x_wconf 71' lang='lat' dir='ltr'><strong><em>diximus,</em></strong></span> <span class='ocrx_word' id='word_1_482' title='bbox 372 1688 427 1714; x_wconf 81' lang='lat' dir='ltr'><strong><em>hsec</em></strong></span> <span class='ocrx_word' id='word_1_483' title='bbox 440 1691 494 1713; x_wconf 84' lang='lat' dir='ltr'><strong><em>tam</em></strong></span> <span class='ocrx_word' id='word_1_484' title='bbox 506 1686 592 1713; x_wconf 84' lang='lat' dir='ltr'><strong><em>multa</em></strong></span> <span class='ocrx_word' id='word_1_485' title='bbox 605 1694 664 1721; x_wconf 75' lang='lat' dir='ltr'><strong><em>qua:</em></strong></span> <span class='ocrx_word' id='word_1_486' title='bbox 679 1693 750 1713; x_wconf 75' lang='lat' dir='ltr'><strong><em>nunc</em></strong></span> <span class='ocrx_word' id='word_1_487' title='bbox 765 1690 864 1713; x_wconf 69' lang='lat' dir='ltr'><strong><em>ezeunt</em></strong></span> <span class='ocrx_word' id='word_1_488' title='bbox 879 1686 906 1712; x_wconf 89' lang='lat' dir='ltr'><strong><em>in</em></strong></span> <span class='ocrx_word' id='word_1_489' title='bbox 918 1686 1013 1719; x_wconf 82' lang='lat' dir='ltr'><strong><em>lucem,</em></strong></span> <span class='ocrx_word' id='word_1_490' title='bbox 1039 1693 1167 1721; x_wconf 69' lang='lat' dir='ltr'><strong><em>expressa</em></strong></span> <span class='ocrx_word' id='word_1_491' title='bbox 1177 1691 1251 1712; x_wconf 88' lang='lat' dir='ltr'><strong><em>sunt.</em></strong></span> 
     </span>
    </p>
   </div>
   <div class='ocr_carea' id='block_1_36' title="bbox 740 1784 1757 1799">
    <p class='ocr_par' dir='ltr' id='par_1_36' title="bbox 740 1784 1757 1799">
     <span class='ocr_line' id='line_1_36' title="bbox 740 1784 1757 1799; baseline 0 -7"><span class='ocrx_word' id='word_1_492' title='bbox 740 1784 1757 1799; x_wconf 77' lang='lat'>______________________</span> 
     </span>
    </p>
   </div>
   <div class='ocr_carea' id='block_1_37' title="bbox 554 1879 1353 1905">
    <p class='ocr_par' dir='ltr' id='par_1_37' title="bbox 554 1879 1353 1905">
     <span class='ocr_line' id='line_1_37' title="bbox 554 1879 1353 1905; baseline -0.001 -1"><span class='ocrx_word' id='word_1_493' title='bbox 554 1881 740 1904; x_wconf 82' lang='lat' dir='ltr'><strong><em>ILLUSTRISS.</em></strong></span> <span class='ocrx_word' id='word_1_494' title='bbox 761 1881 899 1905; x_wconf 75' lang='lat' dir='ltr'><strong><em>PRINCIPI</em></strong></span> <span class='ocrx_word' id='word_1_495' title='bbox 926 1881 964 1903; x_wconf 78' lang='lat' dir='ltr'><strong><em>AC</em></strong></span> <span class='ocrx_word' id='word_1_496' title='bbox 984 1879 1212 1902; x_wconf 74' lang='lat' dir='ltr'><strong><em>REVB&#39;RENDISS.</em></strong></span> <span class='ocrx_word' id='word_1_497' title='bbox 1230 1880 1353 1903; x_wconf 74' lang='lat' dir='ltr'><strong><em>DOMINO</em></strong></span> 
     </span>
    </p>
   </div>
   <div class='ocr_carea' id='block_1_38' title="bbox 397 1959 1130 1992">
    <p class='ocr_par' dir='ltr' id='par_1_38' title="bbox 397 1959 1130 1988">
     <span class='ocr_line' id='line_1_38' title="bbox 397 1959 1130 1988; baseline 0.001 -5"><span class='ocrx_word' id='word_1_498' title='bbox 397 1962 429 1983; x_wconf 87' lang='lat' dir='ltr'><strong><em>D.</em></strong></span> <span class='ocrx_word' id='word_1_499' title='bbox 450 1959 589 1983; x_wconf 70' lang='grc' dir='ltr'><strong><em>οεοιιῦιο</em></strong></span> <span class='ocrx_word' id='word_1_500' title='bbox 606 1961 645 1982; x_wconf 80' lang='grc' dir='ltr'><strong><em>ΔΒ</em></strong></span> <span class='ocrx_word' id='word_1_501' title='bbox 661 1959 808 1988; x_wconf 74' lang='grc' dir='ltr'><strong><em>ΑυετιιιΑ,</em></strong></span> <span class='ocrx_word' id='word_1_502' title='bbox 828 1959 978 1983; x_wconf 77' lang='lat' dir='ltr'><strong><em>EPISCOPO</em></strong></span> <span class='ocrx_word' id='word_1_503' title='bbox 992 1960 1130 1985; x_wconf 77' lang='lat' dir='ltr'><strong><em>LEODIEN</em></strong></span> 
     </span>
    </p>
   </div>
   <div class='ocr_carea' id='block_1_39' title="bbox 774 1959 1507 1992">
    <p class='ocr_par' dir='ltr' id='par_1_39' title="bbox 774 1959 1507 1992">
     <span class='ocr_line' id='line_1_39' title="bbox 774 1959 1507 1992; baseline 0.007 -11"><span class='ocrx_word' id='word_1_504' title='bbox 774 1959 808 1988; x_wconf 73' lang='lat' dir='ltr'><strong><em>LA,</em></strong></span> <span class='ocrx_word' id='word_1_505' title='bbox 828 1959 978 1983; x_wconf 74' lang='lat' dir='ltr'><strong><em>umscoeo</em></strong></span> <span class='ocrx_word' id='word_1_506' title='bbox 992 1960 1172 1990; x_wconf 78' lang='lat' dir='ltr'><strong><em>LEODIENSI,</em></strong></span> <span class='ocrx_word' id='word_1_507' title='bbox 1193 1962 1267 1984; x_wconf 75' lang='lat' dir='ltr'><strong><em>oucr</em></strong></span> <span class='ocrx_word' id='word_1_508' title='bbox 1299 1963 1507 1992; x_wconf 79' lang='lat' dir='ltr'><strong><em>BULLONENSI,</em></strong></span> 
     </span>
    </p>
   </div>
   <div class='ocr_carea' id='block_1_40' title="bbox 579 2031 1321 2061">
    <p class='ocr_par' dir='ltr' id='par_1_40' title="bbox 579 2031 1321 2061">
     <span class='ocr_line' id='line_1_40' title="bbox 579 2031 1321 2061; baseline 0.005 -10"><span class='ocrx_word' id='word_1_509' title='bbox 579 2031 670 2052; x_wconf 74' lang='lat' dir='ltr'><strong><em>COIITI</em></strong></span> <span class='ocrx_word' id='word_1_510' title='bbox 683 2031 807 2052; x_wconf 75' lang='lat' dir='ltr'><strong>LOSSENSI</strong></span> <span class='ocrx_word' id='word_1_511' title='bbox 818 2032 848 2052; x_wconf 73' lang='lat' dir='ltr'><strong><em>AC</em></strong></span> <span class='ocrx_word' id='word_1_512' title='bbox 859 2032 1002 2053; x_wconf 67' lang='lat' dir='ltr'><strong><em>IIABCIIIONI</em></strong></span> <span class='ocrx_word' id='word_1_513' title='bbox 1019 2033 1243 2061; x_wconf 70' lang='lat' dir='ltr'><strong><em>FRANCIIONTANO,</em></strong></span> <span class='ocrx_word' id='word_1_514' title='bbox 1259 2035 1321 2055; x_wconf 76' lang='grc' dir='ltr'><strong><em>ετε.</em></strong></span> 
     </span>
    </p>
   </div>
   <div class='ocr_carea' id='block_1_41' title="bbox 323 2099 1571 2134">
    <p class='ocr_par' dir='ltr' id='par_1_41' title="bbox 323 2099 1571 2134">
     <span class='ocr_line' id='line_1_41' title="bbox 323 2099 1571 2134; baseline 0.003 -11"><span class='ocrx_word' id='word_1_515' title='bbox 323 2099 466 2124; x_wconf 68' lang='lat' dir='ltr'><strong><em>JOANNES</em></strong></span> <span class='ocrx_word' id='word_1_516' title='bbox 505 2100 687 2124; x_wconf 76' lang='lat' dir='ltr'><strong><em>HENTENIUS</em></strong></span> <span class='ocrx_word' id='word_1_517' title='bbox 716 2101 958 2125; x_wconf 74' lang='lat' dir='ltr'><strong><em>MECHLINIENSIS</em></strong></span> <span class='ocrx_word' id='word_1_518' title='bbox 985 2103 1157 2126; x_wconf 77' lang='lat' dir='ltr'><strong><em>MONACHUS</em></strong></span> <span class='ocrx_word' id='word_1_519' title='bbox 1181 2103 1455 2134; x_wconf 72' lang='lat' dir='ltr'><strong><em>HIERONYMIANUS,</em></strong></span> <span class='ocrx_word' id='word_1_520' title='bbox 1488 2106 1515 2128; x_wconf 78' lang='grc' dir='ltr'><strong><em>Β.</em></strong></span> <span class='ocrx_word' id='word_1_521' title='bbox 1541 2106 1571 2127; x_wconf 78' lang='grc' dir='ltr'><strong><em>Ι).</em></strong></span> 
     </span>
    </p>
   </div>
   <div class='ocr_carea' id='block_1_42' title="bbox 782 2265 1124 2312">
    <p class='ocr_par' dir='ltr' id='par_1_42' title="bbox 782 2265 1124 2312">
     <span class='ocr_line' id='line_1_42' title="bbox 782 2265 1124 2312; baseline 0 -2"><span class='ocrx_word' id='word_1_522' title='bbox 782 2265 1124 2312; x_wconf 68' lang='grc' dir='ltr'><strong><em>ΡΒᾹΞΡΑΤΙΟ.</em></strong></span> 
     </span>
    </p>
   </div>
   <div class='ocr_carea' id='block_1_43' title="bbox 168 2352 1771 2401">
    <p class='ocr_par' dir='ltr' id='par_1_43' title="bbox 168 2352 1771 2401">
     <span class='ocr_line' id='line_1_43' title="bbox 168 2352 1771 2401; baseline 0.002 -11"><span class='ocrx_word' id='word_1_523' title='bbox 168 2362 246 2390; x_wconf 79' lang='lat' dir='ltr'><strong><em>Haud</em></strong></span> <span class='ocrx_word' id='word_1_524' title='bbox 278 2360 379 2396; x_wconf 82' lang='lat' dir='ltr'><strong><em>injuria</em></strong></span> <span class='ocrx_word' id='word_1_525' title='bbox 393 2360 471 2388; x_wconf 81' lang='lat' dir='ltr'><strong><em>Plato</em></strong></span> <span class='ocrx_word' id='word_1_526' title='bbox 486 2360 556 2389; x_wconf 83' lang='lat' dir='ltr'><strong><em>libro</em></strong></span> <span class='ocrx_word' id='word_1_527' title='bbox 569 2361 608 2389; x_wconf 86' lang='lat' dir='ltr'><strong><em>De</em></strong></span> <span class='ocrx_word' id='word_1_528' title='bbox 624 2361 715 2396; x_wconf 83' lang='lat' dir='ltr'><strong><em>repub.</em></strong></span> <span class='ocrx_word' id='word_1_529' title='bbox 737 2369 753 2390; x_wconf 86' lang='lat' dir='ltr'><strong><em>a</em></strong></span> <span class='ocrx_word' id='word_1_530' title='bbox 769 2365 953 2390; x_wconf 79' lang='lat' dir='ltr'><strong><em>sacrosanctae</em></strong></span> <span class='ocrx_word' id='word_1_531' title='bbox 965 2363 1145 2399; x_wconf 74' lang='lat' dir='ltr'><strong><em>philosophia:</em></strong></span> <span class='ocrx_word' id='word_1_532' title='bbox 1158 2363 1253 2392; x_wconf 89' lang='lat' dir='ltr'><strong><em>limine</em></strong></span> <span class='ocrx_word' id='word_1_533' title='bbox 1277 2365 1385 2400; x_wconf 75' lang='lat' dir='ltr'><strong><em>ablegat</em></strong></span> <span class='ocrx_word' id='word_1_534' title='bbox 1400 2371 1450 2392; x_wconf 87' lang='lat' dir='ltr'><strong><em>ceu</em></strong></span> <span class='ocrx_word' id='word_1_535' title='bbox 1469 2352 1601 2400; x_wconf 70' lang='lat' dir='ltr'><strong><em>profdnos</em></strong></span> <span class='ocrx_word' id='word_1_536' title='bbox 1613 2366 1771 2401; x_wconf 86' lang='lat' dir='ltr'><strong><em>quosdam,</em></strong></span> 
     </span>
    </p>
   </div>
   <div class='ocr_carea' id='block_1_44' title="bbox 133 2405 1769 2444">
    <p class='ocr_par' dir='ltr' id='par_1_44' title="bbox 133 2405 1769 2444">
     <span class='ocr_line' id='line_1_44' title="bbox 133 2405 1769 2444; baseline 0.002 -10"><span class='ocrx_word' id='word_1_537' title='bbox 133 2413 214 2442; x_wconf 74' lang='lat' dir='ltr'><strong><em>atque</em></strong></span> <span class='ocrx_word' id='word_1_538' title='bbox 230 2406 263 2434; x_wconf 74' lang='lat' dir='ltr'><strong><em>ad</em></strong></span> <span class='ocrx_word' id='word_1_539' title='bbox 275 2413 334 2433; x_wconf 83' lang='lat' dir='ltr'><strong><em>eam</em></strong></span> <span class='ocrx_word' id='word_1_540' title='bbox 350 2406 545 2440; x_wconf 83' lang='lat' dir='ltr'><strong><em>capessendam</em></strong></span> <span class='ocrx_word' id='word_1_541' title='bbox 558 2405 807 2438; x_wconf 68' lang='lat' dir='ltr'><strong><em>minime’idoneos,</em></strong></span> <span class='ocrx_word' id='word_1_542' title='bbox 819 2406 941 2440; x_wconf 87' lang='lat' dir='ltr'><strong><em>princeps</em></strong></span> <span class='ocrx_word' id='word_1_543' title='bbox 970 2405 1163 2440; x_wconf 86' lang='lat' dir='ltr'><strong><em>illustrissime,</em></strong></span> <span class='ocrx_word' id='word_1_544' title='bbox 1192 2408 1237 2443; x_wconf 85' lang='lat' dir='ltr'><strong><em>qui</em></strong></span> <span class='ocrx_word' id='word_1_545' title='bbox 1252 2414 1367 2444; x_wconf 74' lang='lat' dir='ltr'><strong><em>angusto</em></strong></span> <span class='ocrx_word' id='word_1_546' title='bbox 1384 2412 1448 2436; x_wconf 85' lang='lat' dir='ltr'><strong><em>sunt</em></strong></span> <span class='ocrx_word' id='word_1_547' title='bbox 1465 2409 1560 2436; x_wconf 85' lang='lat' dir='ltr'><strong><em>animo</em></strong></span> <span class='ocrx_word' id='word_1_548' title='bbox 1576 2417 1609 2437; x_wconf 82' lang='lat' dir='ltr'><strong><em>ac</em></strong></span> <span class='ocrx_word' id='word_1_549' title='bbox 1636 2410 1769 2443; x_wconf 79' lang='lat' dir='ltr'><strong><em>sordido,</em></strong></span> 
     </span>
    </p>
   </div>
   <div class='ocr_carea' id='block_1_45' title="bbox 132 2447 1765 2488">
    <p class='ocr_par' dir='ltr' id='par_1_45' title="bbox 132 2447 1765 2488">
     <span class='ocr_line' id='line_1_45' title="bbox 132 2447 1765 2488; baseline -0.001 -9"><span class='ocrx_word' id='word_1_550' title='bbox 132 2458 281 2485; x_wconf 83' lang='lat' dir='ltr'><strong><em>rerumque</em></strong></span> <span class='ocrx_word' id='word_1_551' title='bbox 293 2447 444 2477; x_wconf 77' lang='lat' dir='ltr'><strong><em>humilium</em></strong></span> <span class='ocrx_word' id='word_1_552' title='bbox 464 2449 663 2485; x_wconf 83' lang='lat' dir='ltr'><strong><em>cupiditatibus</em></strong></span> <span class='ocrx_word' id='word_1_553' title='bbox 679 2451 849 2485; x_wconf 84' lang='lat' dir='ltr'><strong><em>mancipato.</em></strong></span> <span class='ocrx_word' id='word_1_554' title='bbox 868 2448 947 2476; x_wconf 79' lang='lat' dir='ltr'><strong><em>Haud</em></strong></span> <span class='ocrx_word' id='word_1_555' title='bbox 973 2449 1046 2476; x_wconf 89' lang='lat' dir='ltr'><strong><em>enim</em></strong></span> <span class='ocrx_word' id='word_1_556' title='bbox 1062 2456 1201 2485; x_wconf 87' lang='lat' dir='ltr'><strong><em>quaquam</em></strong></span> <span class='ocrx_word' id='word_1_557' title='bbox 1217 2451 1275 2478; x_wconf 86' lang='lat' dir='ltr'><strong><em>ﬁeri</em></strong></span> <span class='ocrx_word' id='word_1_558' title='bbox 1289 2459 1370 2487; x_wconf 89' lang='lat' dir='ltr'><strong><em>posse</em></strong></span> <span class='ocrx_word' id='word_1_559' title='bbox 1387 2451 1539 2480; x_wconf 81' lang='lat' dir='ltr'><strong><em>arbitratus</em></strong></span> <span class='ocrx_word' id='word_1_560' title='bbox 1553 2457 1605 2485; x_wconf 79' lang='lat' dir='ltr'><strong><em>est.</em></strong></span> <span class='ocrx_word' id='word_1_561' title='bbox 1619 2457 1650 2480; x_wconf 81' lang='lat' dir='ltr'><strong><em>ut</em></strong></span> <span class='ocrx_word' id='word_1_562' title='bbox 1673 2460 1765 2488; x_wconf 84' lang='lat' dir='ltr'><strong><em>quem</em></strong></span> 
     </span>
    </p>
   </div>
   <div class='ocr_carea' id='block_1_46' title="bbox 131 2494 1770 2532">
    <p class='ocr_par' dir='ltr' id='par_1_46' title="bbox 131 2494 1770 2532">
     <span class='ocr_line' id='line_1_46' title="bbox 131 2494 1770 2532; baseline 0.001 -9"><span class='ocrx_word' id='word_1_563' title='bbox 131 2497 255 2523; x_wconf 86' lang='lat' dir='ltr'><strong><em>animum</em></strong></span> <span class='ocrx_word' id='word_1_564' title='bbox 273 2494 383 2522; x_wconf 85' lang='lat' dir='ltr'><strong><em>sordlda</em></strong></span> <span class='ocrx_word' id='word_1_565' title='bbox 401 2494 446 2521; x_wconf 84' lang='lat' dir='ltr'><strong><em>illa</em></strong></span> <span class='ocrx_word' id='word_1_566' title='bbox 466 2500 533 2522; x_wconf 85' lang='lat' dir='ltr'><strong><em>cura</em></strong></span> <span class='ocrx_word' id='word_1_567' title='bbox 547 2501 639 2522; x_wconf 86' lang='lat' dir='ltr'><strong><em>rerum</em></strong></span> <span class='ocrx_word' id='word_1_568' title='bbox 656 2495 800 2522; x_wconf 85' lang='lat' dir='ltr'><strong><em>humilium</em></strong></span> <span class='ocrx_word' id='word_1_569' title='bbox 816 2494 969 2529; x_wconf 86' lang='lat' dir='ltr'><strong><em>occuparit,</em></strong></span> <span class='ocrx_word' id='word_1_570' title='bbox 981 2502 1014 2522; x_wconf 88' lang='lat' dir='ltr'><strong><em>eo</em></strong></span> <span class='ocrx_word' id='word_1_571' title='bbox 1029 2495 1090 2530; x_wconf 90' lang='lat' dir='ltr'><strong><em>ipso</em></strong></span> <span class='ocrx_word' id='word_1_572' title='bbox 1105 2495 1262 2524; x_wconf 85' lang='lat' dir='ltr'><strong><em>divinarum</em></strong></span> <span class='ocrx_word' id='word_1_573' title='bbox 1275 2497 1515 2532; x_wconf 87' lang='lat' dir='ltr'><strong><em>humanarumque</em></strong></span> <span class='ocrx_word' id='word_1_574' title='bbox 1539 2504 1630 2525; x_wconf 87' lang='lat' dir='ltr'><strong><em>rerum</em></strong></span> <span class='ocrx_word' id='word_1_575' title='bbox 1643 2498 1770 2525; x_wconf 79' lang='lat' dir='ltr'><strong><em>scientia</em></strong></span> 
     </span>
    </p>
   </div>
   <div class='ocr_carea' id='block_1_47' title="bbox 131 2535 1768 2575">
    <p class='ocr_par' dir='ltr' id='par_1_47' title="bbox 131 2535 1768 2575">
     <span class='ocr_line' id='line_1_47' title="bbox 131 2535 1768 2575; baseline 0 -8"><span class='ocrx_word' id='word_1_576' title='bbox 131 2538 422 2574; x_wconf 79' lang='lat' dir='ltr'><strong><em>comprehenderetur.</em></strong></span> <span class='ocrx_word' id='word_1_577' title='bbox 434 2535 491 2565; x_wconf 82' lang='lat' dir='ltr'><strong><em>Nec</em></strong></span> <span class='ocrx_word' id='word_1_578' title='bbox 504 2538 530 2565; x_wconf 91' lang='lat' dir='ltr'><strong><em>id</em></strong></span> <span class='ocrx_word' id='word_1_579' title='bbox 557 2538 705 2566; x_wconf 86' lang='lat' dir='ltr'><strong><em>immerito.</em></strong></span> <span class='ocrx_word' id='word_1_580' title='bbox 744 2539 869 2571; x_wconf 77' lang='lat' dir='ltr'><strong><em>Quonam</em></strong></span> <span class='ocrx_word' id='word_1_581' title='bbox 885 2539 958 2566; x_wconf 84' lang='lat' dir='ltr'><strong><em>enlm</em></strong></span> <span class='ocrx_word' id='word_1_582' title='bbox 972 2539 1054 2566; x_wconf 86' lang='lat' dir='ltr'><strong><em>modo</em></strong></span> <span class='ocrx_word' id='word_1_583' title='bbox 1073 2539 1182 2568; x_wconf 83' lang='lat' dir='ltr'><strong><em>animus</em></strong></span> <span class='ocrx_word' id='word_1_584' title='bbox 1214 2539 1353 2575; x_wconf 81' lang='lat' dir='ltr'><strong><em>humanis,</em></strong></span> <span class='ocrx_word' id='word_1_585' title='bbox 1378 2541 1435 2568; x_wconf 90' lang='lat' dir='ltr'><strong><em>imo</em></strong></span> <span class='ocrx_word' id='word_1_586' title='bbox 1451 2545 1479 2568; x_wconf 84' lang='lat' dir='ltr'><strong><em>et</em></strong></span> <span class='ocrx_word' id='word_1_587' title='bbox 1508 2541 1662 2568; x_wconf 82' lang='lat' dir='ltr'><strong><em>brutalibus</em></strong></span> <span class='ocrx_word' id='word_1_588' title='bbox 1693 2542 1768 2568; x_wconf 73' lang='lat' dir='ltr'><strong><em>am-</em></strong></span> 
     </span>
    </p>
   </div>
   <div class='ocr_carea' id='block_1_48' title="bbox 130 2581 1767 2620">
    <p class='ocr_par' dir='ltr' id='par_1_48' title="bbox 130 2581 1767 2620">
     <span class='ocr_line' id='line_1_48' title="bbox 130 2581 1767 2620; baseline -0.001 -9"><span class='ocrx_word' id='word_1_589' title='bbox 130 2583 271 2612; x_wconf 79' lang='lat' dir='ltr'><strong><em>ctionibus</em></strong></span> <span class='ocrx_word' id='word_1_590' title='bbox 282 2582 402 2615; x_wconf 80' lang='lat' dir='ltr'><strong><em>deditus,</em></strong></span> <span class='ocrx_word' id='word_1_591' title='bbox 416 2582 537 2617; x_wconf 80' lang='lat' dir='ltr'><strong><em>poterit,</em></strong></span> <span class='ocrx_word' id='word_1_592' title='bbox 551 2586 664 2617; x_wconf 85' lang='lat' dir='ltr'><strong><em>repente</em></strong></span> <span class='ocrx_word' id='word_1_593' title='bbox 684 2582 748 2609; x_wconf 88' lang='lat' dir='ltr'><strong><em>hinc</em></strong></span> <span class='ocrx_word' id='word_1_594' title='bbox 766 2582 889 2614; x_wconf 78' lang='lat' dir='ltr'><strong><em>avulsus,</em></strong></span> <span class='ocrx_word' id='word_1_595' title='bbox 900 2581 991 2611; x_wconf 89' lang='lat' dir='ltr'><strong><em>subito</em></strong></span> <span class='ocrx_word' id='word_1_596' title='bbox 1000 2583 1037 2610; x_wconf 77' lang='lat' dir='ltr'><strong><em>ad</em></strong></span> <span class='ocrx_word' id='word_1_597' title='bbox 1056 2590 1084 2611; x_wconf 74' lang='grc' dir='ltr'><strong><em>εει</em></strong></span> <span class='ocrx_word' id='word_1_598' title='bbox 1100 2591 1160 2620; x_wconf 79' lang='lat' dir='ltr'><strong><em>quae</em></strong></span> <span class='ocrx_word' id='word_1_599' title='bbox 1169 2585 1232 2620; x_wconf 89' lang='lat' dir='ltr'><strong><em>plus</em></strong></span> <span class='ocrx_word' id='word_1_600' title='bbox 1245 2592 1326 2620; x_wconf 83' lang='lat' dir='ltr'><strong><em>quam</em></strong></span> <span class='ocrx_word' id='word_1_601' title='bbox 1351 2585 1392 2617; x_wconf 74' lang='grc' dir='ltr'><strong><em>δὶς</em></strong></span> <span class='ocrx_word' id='word_1_602' title='bbox 1407 2585 1452 2611; x_wconf 79' lang='grc' dir='ltr'><strong><em>διὰ</em></strong></span> <span class='ocrx_word' id='word_1_603' title='bbox 1465 2585 1560 2612; x_wconf 75' lang='grc' dir='ltr'>πασῶν</span> <span class='ocrx_word' id='word_1_604' title='bbox 1575 2585 1674 2613; x_wconf 73' lang='lat' dir='ltr'><strong><em>dissita</em></strong></span> <span class='ocrx_word' id='word_1_605' title='bbox 1682 2591 1714 2610; x_wconf 90' lang='lat' dir='ltr'><strong><em>su</em></strong></span> <span class='ocrx_word' id='word_1_606' title='bbox 1721 2589 1767 2615; x_wconf 84' lang='lat' dir='ltr'><strong><em>ut,</em></strong></span> 
     </span>
    </p>
   </div>
   <div class='ocr_carea' id='block_1_49' title="bbox 130 2625 1767 2664">
    <p class='ocr_par' dir='ltr' id='par_1_49' title="bbox 130 2625 1767 2664">
     <span class='ocr_line' id='line_1_49' title="bbox 130 2625 1767 2664; baseline -0.001 -10"><span class='ocrx_word' id='word_1_607' title='bbox 130 2632 216 2655; x_wconf 86' lang='lat' dir='ltr'><strong><em>totum</em></strong></span> <span class='ocrx_word' id='word_1_608' title='bbox 234 2635 263 2655; x_wconf 85' lang='lat' dir='ltr'><strong><em>se</em></strong></span> <span class='ocrx_word' id='word_1_609' title='bbox 275 2625 630 2660; x_wconf 75' lang='lat' dir='ltr'><strong><em>transierre?Quapropter</em></strong></span> <span class='ocrx_word' id='word_1_610' title='bbox 645 2629 720 2653; x_wconf 84' lang='lat' dir='ltr'><strong><em>recte</em></strong></span> <span class='ocrx_word' id='word_1_611' title='bbox 735 2633 846 2661; x_wconf 87' lang='lat' dir='ltr'><strong><em>quoque</em></strong></span> <span class='ocrx_word' id='word_1_612' title='bbox 859 2626 897 2652; x_wconf 85' lang='lat' dir='ltr'><strong><em>ait</em></strong></span> <span class='ocrx_word' id='word_1_613' title='bbox 914 2626 985 2653; x_wconf 84' lang='lat' dir='ltr'><strong><em>idem</em></strong></span> <span class='ocrx_word' id='word_1_614' title='bbox 1006 2627 1032 2653; x_wconf 88' lang='lat' dir='ltr'><strong><em>in</em></strong></span> <span class='ocrx_word' id='word_1_615' title='bbox 1051 2626 1195 2661; x_wconf 78' lang='lat' dir='ltr'><strong><em>Phtedoue,</em></strong></span> <span class='ocrx_word' id='word_1_616' title='bbox 1227 2636 1277 2664; x_wconf 79' lang='lat' dir='ltr'><strong><em>par</em></strong></span> <span class='ocrx_word' id='word_1_617' title='bbox 1292 2630 1407 2657; x_wconf 91' lang='lat' dir='ltr'><strong><em>omnino</em></strong></span> <span class='ocrx_word' id='word_1_618' title='bbox 1431 2637 1503 2662; x_wconf 84' lang='lat' dir='ltr'><strong><em>esse,</em></strong></span> <span class='ocrx_word' id='word_1_619' title='bbox 1521 2634 1550 2657; x_wconf 92' lang='lat' dir='ltr'><strong><em>ut</em></strong></span> <span class='ocrx_word' id='word_1_620' title='bbox 1574 2628 1620 2662; x_wconf 87' lang='lat' dir='ltr'><strong><em>qui</em></strong></span> <span class='ocrx_word' id='word_1_621' title='bbox 1645 2626 1680 2654; x_wconf 87' lang='lat' dir='ltr'><strong><em>ad</em></strong></span> <span class='ocrx_word' id='word_1_622' title='bbox 1715 2634 1767 2654; x_wconf 64' lang='lat' dir='ltr'><strong><em>sa»</em></strong></span> 
     </span>
    </p>
   </div>
   <div class='ocr_carea' id='block_1_50' title="bbox 130 2669 1767 2709">
    <p class='ocr_par' dir='ltr' id='par_1_50' title="bbox 130 2669 1767 2709">
     <span class='ocr_line' id='line_1_50' title="bbox 130 2669 1767 2709; baseline 0 -12"><span class='ocrx_word' id='word_1_623' title='bbox 130 2671 237 2706; x_wconf 66' lang='lat' dir='ltr'><strong><em>picntl&#39;se</em></strong></span> <span class='ocrx_word' id='word_1_624' title='bbox 250 2670 372 2698; x_wconf 86' lang='lat' dir='ltr'><strong><em>studium</em></strong></span> <span class='ocrx_word' id='word_1_625' title='bbox 391 2678 421 2698; x_wconf 86' lang='lat' dir='ltr'><strong><em>se</em></strong></span> <span class='ocrx_word' id='word_1_626' title='bbox 437 2669 693 2708; x_wconf 84' lang='lat' dir='ltr'><strong><em>confcrunt,_prius</em></strong></span> <span class='ocrx_word' id='word_1_627' title='bbox 713 2669 822 2704; x_wconf 78' lang='lat' dir='ltr'><strong><em>quidem</em></strong></span> <span class='ocrx_word' id='word_1_628' title='bbox 838 2670 1018 2702; x_wconf 83' lang='lat' dir='ltr'><strong><em>emoriantur,</em></strong></span> <span class='ocrx_word' id='word_1_629' title='bbox 1036 2672 1212 2709; x_wconf 77' lang='lat' dir='ltr'><strong><em>animumque</em></strong></span> <span class='ocrx_word' id='word_1_630' title='bbox 1235 2672 1327 2706; x_wconf 89' lang='lat' dir='ltr'><strong><em>ipsum</em></strong></span> <span class='ocrx_word' id='word_1_631' title='bbox 1346 2673 1380 2700; x_wconf 85' lang='lat' dir='ltr'><strong><em>ab</em></strong></span> <span class='ocrx_word' id='word_1_632' title='bbox 1415 2672 1489 2699; x_wconf 85' lang='lat' dir='ltr'><strong><em>omni</em></strong></span> <span class='ocrx_word' id='word_1_633' title='bbox 1519 2671 1644 2706; x_wconf 87' lang='lat' dir='ltr'><strong><em>corporis</em></strong></span> <span class='ocrx_word' id='word_1_634' title='bbox 1672 2678 1767 2698; x_wconf 78' lang='lat' dir='ltr'><strong><em>sensu</em></strong></span> 
     </span>
    </p>
   </div>
   <div class='ocr_carea' id='block_1_51' title="bbox 129 2713 1768 2751">
    <p class='ocr_par' dir='ltr' id='par_1_51' title="bbox 129 2713 1768 2751">
     <span class='ocr_line' id='line_1_51' title="bbox 129 2713 1768 2751; baseline 0 -9"><span class='ocrx_word' id='word_1_635' title='bbox 129 2714 353 2749; x_wconf 70' lang='lat' dir='ltr'><strong><em>cogitationeque</em></strong></span> <span class='ocrx_word' id='word_1_636' title='bbox 376 2718 515 2745; x_wconf 77' lang='lat' dir='ltr'><strong><em>avertant,</em></strong></span> <span class='ocrx_word' id='word_1_637' title='bbox 550 2717 576 2740; x_wconf 87' lang='lat' dir='ltr'><strong><em>et</em></strong></span> <span class='ocrx_word' id='word_1_638' title='bbox 588 2713 668 2747; x_wconf 84' lang='lat' dir='ltr'><strong><em>quasi</em></strong></span> <span class='ocrx_word' id='word_1_639' title='bbox 681 2713 707 2740; x_wconf 88' lang='lat' dir='ltr'><strong><em>in</em></strong></span> <span class='ocrx_word' id='word_1_640' title='bbox 729 2720 808 2740; x_wconf 88' lang='lat' dir='ltr'><strong><em>suum</em></strong></span> <span class='ocrx_word' id='word_1_641' title='bbox 837 2714 883 2748; x_wconf 90' lang='lat' dir='ltr'><strong><em>jus</em></strong></span> <span class='ocrx_word' id='word_1_642' title='bbox 900 2720 1033 2750; x_wconf 83' lang='lat' dir='ltr'><strong><em>suamque</em></strong></span> <span class='ocrx_word' id='word_1_643' title='bbox 1048 2715 1201 2742; x_wconf 82' lang='lat' dir='ltr'><strong><em>libertatem</em></strong></span> <span class='ocrx_word' id='word_1_644' title='bbox 1219 2715 1372 2742; x_wconf 76' lang='lat' dir='ltr'><strong><em>vindicent.</em></strong></span> <span class='ocrx_word' id='word_1_645' title='bbox 1387 2714 1495 2751; x_wconf 79' lang='lat' dir='ltr'><strong><em>Alioqui</em></strong></span> <span class='ocrx_word' id='word_1_646' title='bbox 1520 2715 1593 2743; x_wconf 81' lang='lat' dir='ltr'><strong><em>enim</em></strong></span> <span class='ocrx_word' id='word_1_647' title='bbox 1621 2715 1768 2750; x_wconf 78' lang='lat' dir='ltr'><strong><em>quemad-</em></strong></span> 
     </span>
    </p>
   </div>
   <div class='ocr_carea' id='block_1_52' title="bbox 127 2756 1767 2794">
    <p class='ocr_par' dir='ltr' id='par_1_52' title="bbox 127 2756 1767 2794">
     <span class='ocr_line' id='line_1_52' title="bbox 127 2756 1767 2794; baseline 0 -8"><span class='ocrx_word' id='word_1_648' title='bbox 127 2759 238 2786; x_wconf 90' lang='lat' dir='ltr'><strong><em>modum</em></strong></span> <span class='ocrx_word' id='word_1_649' title='bbox 254 2758 336 2785; x_wconf 80' lang='lat' dir='ltr'><strong><em>habet</em></strong></span> <span class='ocrx_word' id='word_1_650' title='bbox 351 2757 447 2792; x_wconf 79' lang='lat' dir='ltr'><strong><em>Lysias</em></strong></span> <span class='ocrx_word' id='word_1_651' title='bbox 465 2756 661 2792; x_wconf 77' lang='lat' dir='ltr'><strong><em>Pythagoricus</em></strong></span> <span class='ocrx_word' id='word_1_652' title='bbox 677 2758 704 2785; x_wconf 90' lang='lat' dir='ltr'><strong><em>in</em></strong></span> <span class='ocrx_word' id='word_1_653' title='bbox 717 2758 832 2793; x_wconf 73' lang='lat' dir='ltr'><strong><em>cpistola</em></strong></span> <span class='ocrx_word' id='word_1_654' title='bbox 847 2759 879 2786; x_wconf 81' lang='lat' dir='ltr'><strong><em>ad</em></strong></span> <span class='ocrx_word' id='word_1_655' title='bbox 896 2758 1124 2794; x_wconf 83' lang='lat' dir='ltr'><strong><em>Hipparchum,is</em></strong></span> <span class='ocrx_word' id='word_1_656' title='bbox 1132 2759 1177 2793; x_wconf 86' lang='lat' dir='ltr'><strong><em>qui</em></strong></span> <span class='ocrx_word' id='word_1_657' title='bbox 1193 2760 1332 2794; x_wconf 85' lang='lat' dir='ltr'><strong><em>corruptis</em></strong></span> <span class='ocrx_word' id='word_1_658' title='bbox 1350 2759 1544 2794; x_wconf 69' lang='lat' dir='ltr'><strong><em>obscaenisque</em></strong></span> <span class='ocrx_word' id='word_1_659' title='bbox 1559 2759 1682 2786; x_wconf 82' lang='lat' dir='ltr'><strong><em>moribus</em></strong></span> <span class='ocrx_word' id='word_1_660' title='bbox 1695 2766 1767 2792; x_wconf 84' lang='lat' dir='ltr'><strong><em>spe—</em></strong></span> 
     </span>
    </p>
   </div>
   <div class='ocr_carea' id='block_1_53' title="bbox 121 2800 1766 2838">
    <p class='ocr_par' dir='ltr' id='par_1_53' title="bbox 121 2800 1766 2838">
     <span class='ocr_line' id='line_1_53' title="bbox 121 2800 1766 2838; baseline -0.001 -8"><span class='ocrx_word' id='word_1_661' title='bbox 121 2802 284 2830; x_wconf 68' lang='lat' dir='ltr'><strong><em>culationes</em></strong></span> <span class='ocrx_word' id='word_1_662' title='bbox 305 2800 339 2829; x_wconf 81' lang='lat' dir='ltr'><strong><em>ad</em></strong></span> <span class='ocrx_word' id='word_1_663' title='bbox 352 2800 461 2828; x_wconf 85' lang='lat' dir='ltr'><strong><em>divinos</em></strong></span> <span class='ocrx_word' id='word_1_664' title='bbox 473 2807 616 2829; x_wconf 85' lang='lat' dir='ltr'><strong><em>sermones</em></strong></span> <span class='ocrx_word' id='word_1_665' title='bbox 632 2801 779 2834; x_wconf 87' lang='lat' dir='ltr'><strong><em>immiscet,</em></strong></span> <span class='ocrx_word' id='word_1_666' title='bbox 794 2810 848 2830; x_wconf 93' lang='lat' dir='ltr'><strong><em>non</em></strong></span> <span class='ocrx_word' id='word_1_667' title='bbox 863 2810 946 2831; x_wconf 85' lang='lat' dir='ltr'><strong><em>secus</em></strong></span> <span class='ocrx_word' id='word_1_668' title='bbox 961 2803 1018 2838; x_wconf 75' lang='lat' dir='ltr'><strong><em>agit</em></strong></span> <span class='ocrx_word' id='word_1_669' title='bbox 1032 2809 1113 2838; x_wconf 83' lang='lat' dir='ltr'><strong><em>quam</em></strong></span> <span class='ocrx_word' id='word_1_670' title='bbox 1132 2803 1155 2830; x_wconf 91' lang='lat' dir='ltr'><strong><em>si</em></strong></span> <span class='ocrx_word' id='word_1_671' title='bbox 1189 2809 1303 2830; x_wconf 77' lang='lat' dir='ltr'><strong><em>ccenoso</em></strong></span> <span class='ocrx_word' id='word_1_672' title='bbox 1321 2808 1404 2838; x_wconf 91' lang='lat' dir='ltr'><strong><em>puteo</em></strong></span> <span class='ocrx_word' id='word_1_673' title='bbox 1424 2803 1638 2838; x_wconf 79' lang='lat' dir='ltr'><strong><em>liquidissimum</em></strong></span> <span class='ocrx_word' id='word_1_674' title='bbox 1658 2803 1766 2829; x_wconf 82' lang='lat' dir='ltr'><strong><em>infun-</em></strong></span> 
     </span>
    </p>
   </div>
   <div class='ocr_carea' id='block_1_54' title="bbox 126 2843 1765 2882">
    <p class='ocr_par' dir='ltr' id='par_1_54' title="bbox 126 2843 1765 2882">
     <span class='ocr_line' id='line_1_54' title="bbox 126 2843 1765 2882; baseline -0.002 -8"><span class='ocrx_word' id='word_1_675' title='bbox 126 2847 173 2874; x_wconf 83' lang='lat' dir='ltr'><strong><em>dat</em></strong></span> <span class='ocrx_word' id='word_1_676' title='bbox 185 2854 297 2881; x_wconf 81' lang='lat' dir='ltr'><strong><em>aquam,</em></strong></span> <span class='ocrx_word' id='word_1_677' title='bbox 315 2852 376 2879; x_wconf 61' lang='lat' dir='ltr'><strong><em>qua:</em></strong></span> <span class='ocrx_word' id='word_1_678' title='bbox 395 2850 421 2872; x_wconf 83' lang='lat' dir='ltr'><strong><em>et</em></strong></span> <span class='ocrx_word' id='word_1_679' title='bbox 435 2851 546 2872; x_wconf 70' lang='lat' dir='ltr'><strong><em>omnum</em></strong></span> <span class='ocrx_word' id='word_1_680' title='bbox 559 2846 715 2878; x_wconf 88' lang='lat' dir='ltr'><strong><em>conturbet,</em></strong></span> <span class='ocrx_word' id='word_1_681' title='bbox 742 2851 769 2873; x_wconf 91' lang='lat' dir='ltr'><strong><em>et</em></strong></span> <span class='ocrx_word' id='word_1_682' title='bbox 787 2853 866 2874; x_wconf 80' lang='lat' dir='ltr'><strong><em>suam</em></strong></span> <span class='ocrx_word' id='word_1_683' title='bbox 884 2846 971 2880; x_wconf 84' lang='lat' dir='ltr'><strong><em>ipsius</em></strong></span> <span class='ocrx_word' id='word_1_684' title='bbox 987 2846 1156 2874; x_wconf 85' lang='lat' dir='ltr'><strong><em>contaminet</em></strong></span> <span class='ocrx_word' id='word_1_685' title='bbox 1169 2847 1329 2882; x_wconf 85' lang='lat' dir='ltr'><strong><em>puritatem.</em></strong></span> <span class='ocrx_word' id='word_1_686' title='bbox 1348 2843 1426 2880; x_wconf 86' lang='lat' dir='ltr'><strong><em>Quod</em></strong></span> <span class='ocrx_word' id='word_1_687' title='bbox 1437 2848 1460 2875; x_wconf 89' lang='lat' dir='ltr'><strong><em>si</em></strong></span> <span class='ocrx_word' id='word_1_688' title='bbox 1474 2851 1578 2875; x_wconf 80' lang='lat' dir='ltr'><strong><em>tantam</em></strong></span> <span class='ocrx_word' id='word_1_689' title='bbox 1592 2846 1765 2873; x_wconf 83' lang='lat' dir='ltr'><strong><em>munditiem</em></strong></span> 
     </span>
    </p>
   </div>
   <div class='ocr_carea' id='block_1_55' title="bbox 126 2889 1766 2926">
    <p class='ocr_par' dir='ltr' id='par_1_55' title="bbox 126 2889 1766 2926">
     <span class='ocr_line' id='line_1_55' title="bbox 126 2889 1766 2926; baseline -0.002 -5"><span class='ocrx_word' id='word_1_690' title='bbox 126 2893 206 2921; x_wconf 74' lang='lat' dir='ltr'><strong><em>abeo</em></strong></span> <span class='ocrx_word' id='word_1_691' title='bbox 222 2890 369 2924; x_wconf 77' lang='lat' dir='ltr'><strong><em>exigebant</em></strong></span> <span class='ocrx_word' id='word_1_692' title='bbox 393 2890 440 2925; x_wconf 89' lang='lat' dir='ltr'><strong><em>qui</em></strong></span> <span class='ocrx_word' id='word_1_693' title='bbox 455 2890 490 2917; x_wconf 76' lang='lat' dir='ltr'><strong><em>ad</em></strong></span> <span class='ocrx_word' id='word_1_694' title='bbox 517 2889 667 2926; x_wconf 74' lang='lat' dir='ltr'><strong><em>humanam</em></strong></span> <span class='ocrx_word' id='word_1_695' title='bbox 697 2890 831 2918; x_wconf 65' lang='lat' dir='ltr'><strong><em>duntaxat</em></strong></span> <span class='ocrx_word' id='word_1_696' title='bbox 847 2898 879 2918; x_wconf 79' lang='lat' dir='ltr'><strong><em>ac</em></strong></span> <span class='ocrx_word' id='word_1_697' title='bbox 902 2891 1055 2918; x_wconf 72' lang='lat' dir='ltr'><strong><em>naturalem</em></strong></span> <span class='ocrx_word' id='word_1_698' title='bbox 1085 2889 1192 2919; x_wconf 79' lang='lat' dir='ltr'><strong><em>accedit</em></strong></span> <span class='ocrx_word' id='word_1_699' title='bbox 1225 2891 1449 2921; x_wconf 78' lang='lat' dir='ltr'><strong><em>philosophiam.</em></strong></span> <span class='ocrx_word' id='word_1_700' title='bbox 1479 2895 1593 2922; x_wconf 77' lang='lat' dir='ltr'><strong><em>quanta.</em></strong></span> <span class='ocrx_word' id='word_1_701' title='bbox 1624 2890 1766 2924; x_wconf 81' lang='lat' dir='ltr'><strong><em>obsecro,</em></strong></span> 
     </span>
    </p>
   </div>
  </div>
