1856 3049
77 212 110 245 13
741 207 810 238 PRC

962 207 1033 239 ΝΑ.
1559 215 1561 218 ‘
1618 230 1626 242 ,
1663 205 1695 238 ll

77 269 233 305 requiretur
247 268 280 296 ab
291 275 323 295 co
337 267 382 303 qui
415 266 638 301 supramundana
655 273 687 292 ac
701 265 792 293 divina
817 265 932 293 scrutari
961 264 1119 293 desiderat?
1146 263 1285 298 Siquidem
1309 263 1446 291 mundana
1462 267 1616 299 qua'rcntcs
1649 267 1697 291 toti

76 315 118 342 his
137 313 313 344 inVulrimur,
333 318 384 339 nec
398 312 427 338 in
443 310 604 338 malevolam
620 309 739 336 animam
756 310 907 344 ingreditur
922 316 1040 343 unquam
1062 309 1267 343 sapientia,nec
1288 308 1392 335 habitat
1414 308 1440 334 in
1458 315 1573 342 corpore
1588 309 1699 336 subdito

76 355 230 391 pcccatis'.
255 354 376 388 Spiritus
391 352 465 381 enim
486 356 599 380 sanctus
614 351 767 386 disciplina:
779 351 871 385 cﬂ‘ugit
892 352 997 383 fictuut,
1012 357 1039 379 ct
1065 352 1156 379 aufert
1169 360 1199 379 se
1213 359 1228 378 ι
1242 352 1455 385 cogitationibus
1473 359 1532 386 quae
1558 356 1625 380 sunt
1636 353 1700 379 sine

75 399 224 430 intellectu,
241 402 293 425 cta
312 396 521 432 superveniente
552 395 699 430 ittiquitate
728 395 887 430 corripitur,
905 396 977 430 quod
1000 403 1128 430 expresse
1154 396 1221 423 satis
1252 395 1454 430 intelligendum
1476 396 1549 422 dedit
1572 396 1701 423 Christus

77 442 190 474 Judasis,
207 449 270 468 cum
285 441 324 468 ait
341 440 500 473 :Quomodo
515 447 560 466 vos
583 440 693 473 potestis
715 439 831 470 credere,
847 440 892 473 qui
907 439 1021 475 gloriam
1045 447 1065 466 Ia
1096 439 1167 466 vobis
1196 445 1288 465 mutuo
1315 439 1434 472 accipitis
1450 440 1474 465 ².
1508 439 1595 467 Porro
1624 444 1701 466 tanto

78 487 167 520 major
180 486 206 512 in
224 485 304 512 vobis
320 485 445 512 doctrina
462 484 582 510 humana
611 483 773 517 requiritur,
790 487 893 517 quanto
914 483 1024 518 longius
1052 483 1085 510 ab
1116 482 1169 510 hac
1200 482 1334 511 munditie
1358 490 1528 518 separamur,
1558 484 1701 518 sanctique

76 529 151 556 illius
180 528 300 564 Spiritus
314 527 416 554 auxilio
442 526 633 559 destituimur,
649 527 696 562 qui
713 527 800 554 sacris
814 527 877 553 olim
903 527 1036 562 apostolis
1055 534 1087 554 ac
1117 527 1261 561 protthetis
1295 530 1427 561 tanquam
1455 527 1551 555 electis
1580 528 1638 555 suis
1656 535 1701 554 or-

74 573 153 608 ganis
185 572 321 599 indivulse
348 578 457 606 semper
473 570 578 604 aderat,
591 578 742 604 eorumque
764 570 883 604 linguam
897 576 930 595 ac
942 569 1077 596 calamum
1090 569 1123 596 ad
1135 569 1225 597 omnia
1240 569 1386 604 dirigebat,
1409 569 1487 604 juxta
1513 569 1580 597 illud
1594 569 1701 597 Christi

75 617 241 652 promissum
261 625 268 643 :
288 616 406 647 Spiritus
419 615 537 641 veritati:
553 615 627 641 ducet
639 622 683 641 vos
695 615 724 641 in
741 621 842 640 omnem
855 614 1002 640 ueritatem.

113 660 177 687 HEPC
193 660 296 687 idcirco
312 659 440 691 dixerim,
464 658 538 694 quod
563 663 626 685 ante
641 658 746 693 aliquot
763 665 850 685 annos
868 656 964 684 videns
974 656 1194 684 communicatos
1212 663 1272 684 esse
1283 656 1390 684 nobisa
1415 656 1520 685 Graecis
1531 664 1627 685 sacros
1653 657 1702 684 ltos

75 712 108 731 ac
120 703 287 731 utilissimos
303 703 535 734 comntentarios,
560 702 709 737 pluriututn
728 701 884 729 demirabar
901 701 1039 728 tteminent
1052 701 1124 728 inter
1141 705 1181 727 tot
1206 701 1328 728 virorutn
1354 701 1579 729 doctissimorum
1593 702 1703 736 agmina

78 748 153 775 hanc
172 747 226 775 sibi
246 747 415 782 pr0vinciam
440 747 593 781 suscipere,
609 739 693 773 ut'vcl
708 744 865 773 communis
883 743 1056 779 potissimuut
1072 743 1198 771 utilitatis
1214 744 1327 777 intuitu,
1340 744 1383 771 vel
1398 745 1535 772 mercedis
1551 753 1565 771 a
1587 745 1703 773 Domino

73 791 266 826 exspectanda:
282 790 380 825 gratia,
405 794 453 817 aut
468 790 491 817 si
506 796 561 817 non
578 789 614 817 ob
630 789 716 820 aliud,
736 793 812 816 certe
830 793 872 820 vel
901 788 944 815 sui
960 787 1080 815 nominis
1096 787 1168 822 apud
1184 787 1315 816 mortales
1342 788 1530 816 celebritatem
1566 796 1703 823 quaerens,

73 843 134 870 qua:
159 835 186 862 in
205 835 257 861 hoc
273 834 413 861 videbatur
428 841 490 861 esse
505 833 634 865 maxima,
649 832 760 860 Latittos
778 831 857 859 nobis
873 831 948 866 ipsos
962 831 1096 859 redderet.
1110 830 1209 858 Verum
1223 831 1331 859 tandem
1347 830 1382 858 ad
1397 839 1440 858 tne
1453 831 1572 863 rediens.
1593 833 1633 860 rei
1651 832 1702 860 dif~

75 879 222 905 ticultatcm
240 877 267 904 in
283 884 367 904 causa
379 884 441 904 esse
457 876 587 911 cognovi,
605 884 667 911 quas
691 876 814 909 singulos
825 875 844 900 'a
862 874 1052 902 laudatissimo
1063 881 1146 910 opere
1160 875 1313 902 retraheret
1329 884 1336 902 :
1355 870 1399 902 cui
1421 879 1470 903 aut
1498 883 1528 903 se
1551 883 1630 910 pares
1643 883 1704 905 caSc

73 923 239 956 ᾱῑιιίὼτειιι,
269 928 315 950 aut
342 923 451 950 labores
477 922 538 957 plus
561 929 643 957 quam
662 922 811 950 Herculeos
842 919 998 955 fugitantes,
1029 928 1095 948 suos
1116 928 1271 956 supponere
1297 921 1427 949 humeros
1452 927 1622 955 recusare-ut,
1646 923 1705 958 pla-

71 968 162 995 cidum
181 967 301 1002 quietem
331 974 362 994 ac
386 967 474 993 otium
489 966 599 1001 negotio
625 966 698 993 ttltro
714 969 842 999 suscepto
857 968 1058 999 praeponentes.
1091 964 1148 1000 Ego
1164 972 1409 1000 vero,quanquam
1433 973 1476 993 me
1500 965 1543 993 his
1570 966 1649 1001 longe
1663 967 1704 994 llt-

72 1011 201 1039 feriorent
220 1019 281 1039 esse
306 1011 508 1046 perspicerem,
525 1010 696 1045 ingenioque
708 1017 740 1036 ac
761 1009 918 1036 eruditione
946 1015 1044 1044 parum
1071 1009 1217 1036 admodum
1243 1017 1325 1045 posse
1353 1014 1481 1044 praestare
1510 1010 1675 1041 conﬁderent
1695 1021 1702 1037 ε

71 1056 169 1083 dolens
184 1061 273 1083 tamen
298 1056 419 1082 maximo
433 1055 485 1081 hoc
506 1054 595 1081 fructu
612 1058 652 1081 tot
675 1054 755 1080 anttis
769 1053 880 1081 Latinos
897 1053 1034 1080 immerito
1051 1053 1171 1080 fraudari
1189 1062 1195 1079 :
1211 1054 1359 1080 multorum
1373 1061 1483 1089 quoque
1506 1055 1629 1088 pulsatus
1641 1063 1703 1090 prc-

72 1099 166 1131 cibus,
195 1100 298 1134 quibus
325 1098 464 1125 obsistere
476 1098 642 1132 impudentis
659 1097 752 1132 potius
767 1096 864 1124 {uisset
878 1104 959 1130 quam
973 1097 1131 1128 verecundi,
1149 1098 1299 1126 iutmcnsos
1330 1106 1396 1126 sane
1412 1099 1439 1126 in
1456 1099 1507 1126 ltoc
1523 1100 1596 1127 subii
1627 1101 1702 1127 labo-

72 1151 117 1171 res
138 1151 145 1170 :
164 1150 218 1177 quo
234 1143 274 1169 vel
292 1142 472 1169 eruditiorum
487 1142 594 1168 anintos
608 1148 785 1175 provocarent
803 1148 835 1167 ac
852 1140 1002 1171 irritarem.
1036 1145 1066 1167 ut
1091 1140 1131 1168 vel
1159 1142 1199 1167 sic
1215 1141 1395 1173 exstimulati,
1422 1143 1495 1170 omni
1526 1143 1619 1177 procul
1647 1145 1702 1170 otio

72 1187 188 1221 rejecto,
216 1190 262 1212 aut
281 1186 363 1213 etiarn
391 1185 498 1220 privato
519 1186 628 1219 negotio
643 1192 698 1219 quo
713 1193 761 1211 sua
779 1185 897 1218 quisque
915 1184 1025 1218 quaerit,
1039 1191 1070 1212 ea
1083 1188 1190 1211 tantum
1205 1184 1331 1219 quaerant
1343 1193 1404 1220 qua:
1417 1191 1482 1214 sunt
1494 1186 1559 1214 .lcsu
1587 1188 1701 1215 Clitisti.

70 1230 104 1261 Et
121 1231 173 1266 piis
198 1231 296 1265 coeptis
313 1230 381 1258 satis
397 1229 463 1256 favit
489 1229 648 1256 Altissimus
665 1238 672 1255 :
691 1233 729 1260 ιιι,
755 1228 776 1255 si
793 1236 846 1255 ttott
862 1228 990 1254 omnibus
1003 1228 1029 1254 iu
1045 1228 1112 1254 locis
1131 1228 1253 1255 omnium
1274 1230 1387 1260 animis,
1412 1230 1466 1256 imo
1484 1237 1533 1256 nec
1564 1238 1624 1258 meo
1651 1239 1700 1258 su-

72 1274 157 1302 binde
171 1273 354 1302 satisfecerim
370 1294 380 1307 ,
395 1273 483 1300 rarius
512 1277 602 1300 tamen
621 1272 715 1308 procul
732 1279 746 1298 a
761 1279 845 1306 scopo
861 1279 904 1298 me
921 1271 1117 1299 hallucinatum
1134 1271 1297 1299 crediderim
1317 1279 1324 1298 :
1350 1277 1431 1307 atque
1448 1273 1537 1300 danda
1554 1278 1597 1301 est
1624 1276 1701 1302 venia

75 1319 98 1346 si
118 1318 185 1353 quid
216 1318 243 1345 in
273 1318 370 1345 horum
392 1317 519 1345 versione
531 1325 573 1345 me
588 1316 703 1352 fugerit,
716 1321 745 1343 ut
760 1316 862 1350 fugisse
875 1315 962 1342 ntulto
982 1323 1036 1342 tton
1057 1314 1167 1344 dubito.
1199 1322 1262 1342 cntn
1283 1316 1367 1343 variis
1386 1316 1508 1351 undique
1536 1319 1701 1346 constrictus

71 1362 170 1389 fuerim
187 1362 330 1397 angustiis.
347 1360 395 1388 Vix
424 1361 498 1388 enim
519 1360 594 1388 credi
615 1364 700 1395 queat
718 1364 850 1394 quantum
869 1359 970 1386 laboris
997 1359 1038 1385 vcl
1063 1358 1090 1386 id
1107 1358 1173 1387 mihi
1196 1358 1348 1392 addiderit,
1384 1364 1412 1387 ιιι
1436 1365 1535 1388 cmtera
1564 1363 1700 1394 omittam,

71 1406 146 1441 quod
184 1405 310 1436 Pltotius,
327 1406 370 1431 vir
387 1412 453 1432 sane
465 1407 492 1432 et
520 1412 652 1431 sensuum
683 1403 828 1438 indagator
853 1402 1059 1437 sagacissimus,
1080 1406 1115 1430 .et
1143 1402 1321 1430 ﬂosculorum
1366 1403 1516 1432 rhetorices
1543 1405 1703 1434 observator

72 1450 317 1484 diligentissimus,
334 1448 460 1484 pluritu.s
476 1457 502 1475 tn
521 1447 590 1475 locis
609 1447 716 1481 singula
734 1446 808 1473 l‘auli
826 1446 909 1473 verba
921 1445 1014 1473 Graeca
1030 1453 1180 1481 eorumque
1200 1451 1390 1474 contexturam
1413 1448 1495 1475 vcluti
1510 1449 1613 1475 trutina
1634 1457 1703 1484 pon-

69 1493 197 1524 deraret,
220 1500 282 1520 cum
298 1496 389 1520 tamen
410 1491 526 1519 Paulum
550 1490 648 1518 Latine
664 1489 819 1522 reddentcs,
837 1489 996 1524 bujusmodi
1015 1489 1160 1517 rerborum
1177 1490 1302 1518 ordinem
1319 1490 1456 1525 simulque
1471 1491 1594 1519 Graecam
1611 1492 1700 1520 Phra-

68 1536 124 1563 s‘tm
156 1536 304 1563 immutare
329 1539 443 1563 coactus
461 1535 588 1566 fuissem,
617 1535 657 1562 sic
675 1539 704 1561 ut
728 1534 784 1568 jam
800 1533 890 1561 Photii
902 1533 1005 1560 scholia
1036 1533 1124 1560 locum
1150 1541 1205 1560 non
1221 1533 1363 1566 baberent,
1391 1535 1506 1569 proinde
1536 1536 1701 1570 ambigerem

70 1580 241 1616 frequenter,
258 1587 323 1606 num
344 1583 490 1614 prestaret
504 1587 563 1607 eam
584 1578 843 1606 commentariorum
860 1581 964 1612 partem
980 1576 1008 1603 itt
1027 1580 1114 1604 totum
1145 1577 1313 1611 relinquere,
1329 1585 1410 1611 quam
1435 1577 1540 1605 Latinis
1562 1579 1702 1618 sgabrose,

70 1623 206 1658 nulloque
226 1622 317 1650 fructu
339 1623 459 1654 tradere,
478 1626 508 1649 ut
518 1629 582 1657 qua:
594 1621 665 1649 solis
686 1621 803 1648 serviret
816 1619 933 1652 Graecis,
958 1627 1057 1654 nempe
1075 1619 1108 1647 de
1125 1620 1207 1648 anxia
1229 1619 1388 1648 Grecarum
1415 1629 1512 1648 vocum
1539 1627 1702 1650 contextum

70 1674 103 1694 ac
119 1666 286 1702 significato.
303 1665 425 1694 Tandem
437 1670 528 1693 tamen
546 1665 640 1692 omnia
656 1664 770 1692 lideliter
785 1663 900 1691 reddere
916 1664 1023 1692 decrevi
1039 1673 1047 1692 :
1069 1671 1227 1700 quanquam
1254 1672 1297 1692 me
1323 1672 1378 1693 non
1399 1673 1496 1701 parum
1529 1674 1638 1702 quoque
1658 1675 1704 1696 re-

69 1713 252 1737 morarentur
277 1709 350 1736 unici
381 1709 469 1736 ῦτεεί
495 1709 660 1743 exemplaris
674 1715 728 1736 non
753 1715 822 1736 rarae
837 1707 952 1741 menda,
978 1708 1037 1735 sive
1051 1707 1182 1737 librarius
1199 1708 1244 1735 hic
1267 1709 1296 1736 in
1313 1708 1394 1744 culpa
1422 1709 1518 1742 fuerit,
1545 1710 1605 1738 sive
1620 1715 1700 1746 typo-

69 1753 199 1788 graphus
219 1762 226 1780 :
243 1760 305 1788 qua:
320 1760 364 1780 me
385 1753 546 1788 plerumque
557 1751 682 1780 divinare
702 1756 831 1788 cogerent
850 1751 1025 1779 :feliciternc
1050 1758 1085 1778 an
1114 1759 1206 1784 secus,
1231 1751 1269 1786 id,
1289 1753 1530 1788 quemadmodum
1554 1757 1581 1781 et
1604 1759 1702 1782 cetera

72 1797 182 1829 omnia,
209 1796 321 1824 lectoris
334 1796 442 1831 judicio
459 1796 594 1832 relinquo.
615 1796 649 1823 Et
661 1803 820 1831 quanquam
847 1795 883 1822 ob
900 1795 959 1823 haec
974 1802 1017 1822 me
1030 1803 1083 1822 non
1099 1795 1182 1823 lateat
1197 1795 1322 1830 phrasim
1344 1797 1487 1832 aliquanto
1498 1805 1560 1825 esse
1588 1797 1619 1825 in
1634 1806 1705 1826 non-

70 1841 157 1868 nullis
174 1841 314 1868 duriorem
333 1848 340 1867 :
368 1840 450 1868 malui
465 1844 556 1868 tamen
583 1839 629 1867 ﬁdi
654 1840 811 1875 ittterpretis
843 1846 926 1874 quam
941 1838 1074 1873 elegantis
1094 1839 1281 1874 paraphrastae
1297 1840 1373 1877 fungi
1387 1840 1489 1873 obicio,
1520 1840 1630 1871 etiamsi
1651 1842 1704 1869 hoc

70 1885 207 1920 consequi
243 1884 415 1920 potuissem:
432 1884 615 1912 cuutvidcam
634 1884 791 1917 nonnullos,
801 1883 866 1911 dum
885 1883 968 1911 nimis
980 1882 1056 1917 politi
1072 1883 1100 1910 in
1123 1883 1252 1911 vertendo
1270 1884 1356 1911 videri
1386 1884 1480 1912 volunt
1498 1885 1532 1913 ab
1560 1892 1702 1913 auctorth

70 1928 158 1956 etiam
171 1928 257 1956 animi
285 1932 420 1963 conceptu
437 1935 637 1963 nonnunquam
664 1927 811 1955 excidisse.
824 1927 885 1962 Ego
905 1934 971 1954 vero
981 1927 1054 1954 intra
1079 1927 1140 1962 ipsa
1166 1926 1323 1962 interpretis
1336 1934 1412 1962 septa
1429 1937 1471 1956 tttc
1494 1928 1565 1956 satis
1581 1929 1701 1956 inclusi:

71 1973 147 2007 quod
166 1977 197 1999 ut
211 1971 341 2004 facerem,
359 1972 441 1999 etiam
457 1973 558 2008 ingenii
572 1972 693 2000 tenuitas
703 1980 746 1998 tne
774 1971 874 2006 coegit.
893 1969 986 2005 Neque
1000 1970 1072 1997 cnint
1088 1970 1156 1997 adeo
1174 1971 1319 1998 excellenti
1335 1971 1468 2006 prted-itus
1490 1979 1550 2000 sum
1580 1972 1700 2007 ingenio,

72 2024 113 2049 ut,
131 2017 208 2044 velut
221 2016 332 2043 Phidias
353 2017 452 2044 statuis
470 2023 523 2044 non
550 2016 640 2043 solum
664 2021 754 2050 aptam
771 2015 956 2053 membrorum
967 2014 1103 2041 tribuebat
1116 2014 1301 2046 harmoniam,
1322 2017 1370 2042 sed
1385 2015 1467 2043 etiam
1480 2015 1642 2051 dignitatem
1676 2023 1703 2044 et

72 2060 298 2096 amplitudinem,
312 2060 389 2087 itaet
402 2067 451 2094 ego
463 2060 582 2087 versioui
599 2059 774 2094 splendorem
794 2058 942 2096 adiungere
967 2059 1070 2093 possittt
1098 2058 1248 2093 lumenque
1270 2059 1418 2086 orationis.
1444 2059 1502 2094 Ego
1529 2060 1621 2095 itaque
1641 2068 1703 2088 ntco

71 2094 206 2139 tue‘pede
221 2104 320 2131 metior
336 2112 343 2130 :
361 2111 411 2131 nec
421 2111 541 2139 unquam
561 2104 634 2131 aliud
653 2111 714 2138 ago,
732 2111 829 2137 quant,
847 2094 898 2130 etsi
915 2111 970 2131 tton
985 2103 1132 2131 verborum
1148 2111 1305 2131 mensuram
1335 2111 1526 2137 annumerem,
1554 2094 1584 2132 at
1607 2104 1703 2132 saltem

73 2149 236 2176 Graecarum
254 2148 453 2175 sententiarum
467 2147 576 2183 pondus
593 2147 700 2174 Latinis
719 2147 887 2182 rependam:
914 2147 1036 2182 adeoque
1064 2147 1107 2174 his
1138 2148 1186 2182 qui
1214 2151 1322 2175 tantum
1347 2147 1448 2175 ‘Latini
1465 2154 1529 2176 sunt
1561 2148 1699 2179 consului.

70 2196 102 2218 ut
115 2199 151 2219 ne
166 2191 280 2218 verbum
295 2191 404 2225 quidem
420 2190 555 2223 Grtecuut,
575 2192 665 2226 quoad
682 2191 739 2218 ﬂeri
771 2191 858 2222 licuit.
875 2191 1058 2226 relinquerem
1071 2199 1080 2219 :
1092 2191 1164 2226 quod
1181 2191 1226 2218 ubi
1244 2191 1348 2219 servari
1376 2191 1509 2226 nequivit,
1524 2191 1616 2219 addidi
1634 2199 1704 2219 con-

75 2236 168 2268 tinuo,
187 2235 252 2269 quid
272 2234 311 2261 illi
339 2234 436 2261 Latine
452 2234 629 2269 respondeat.
645 2234 806 2268 Quanquam
826 2241 916 2262 tamen
931 2235 958 2262 id
975 2235 1043 2263 satis
1070 2235 1139 2268 scio,
1170 2235 1239 2262 nihil
1271 2235 1339 2263 adeo
1379 2235 1438 2263 fore
1465 2243 1497 2263 ex
1526 2236 1601 2264 omni
1628 2241 1704 2269 parte

73 2280 200 2311 beatum,
220 2283 250 2305 ut
264 2282 403 2306 ntereatur
424 2278 546 2306 omuium
571 2278 668 2312 plausu
684 2279 775 2313 excipi
793 2287 801 2312 ;
815 2278 895 2313 idque
916 2279 981 2306 adeo
994 2286 1049 2306 non
1066 2282 1139 2314 peto,
1154 2283 1184 2305 ut
1199 2279 1281 2306 etiam
1299 2279 1387 2314 magis
1404 2280 1456 2307 ltoc
1481 2284 1642 2315 suspectum
1657 2279 1705 2307 Ita-

71 2325 179 2355 bcrem,
208 2323 231 2350 si
248 2330 325 2350 nteus
337 2322 413 2350 labor
425 2322 564 2349 universis
593 2323 756 2357 probaretur
775 2331 782 2349 :
800 2330 862 2350 cum
888 2323 976 2350 sciam
992 2323 1063 2350 inter
1078 2329 1133 2350 tam
1159 2323 1234 2350 varia
1256 2323 1399 2350 hominum
1420 2324 1538 2358 ingenia,
1559 2331 1619 2352 esse
1649 2331 1704 2352 tton

72 2375 176 2402 pauca,
192 2367 294 2402 quibus
315 2375 374 2393 mea
389 2374 443 2393 tton
458 2366 567 2401 probari
585 2365 677 2393 malim
694 2374 776 2401 quant
792 2366 912 2401 probari.
931 2366 1072 2402 Siquidem
1097 2375 1151 2394 non
1173 2367 1311 2394 itunterito
1343 2367 1479 2399 Phocion,
1503 2375 1584 2402 quem
1610 2366 1705 2395 Demo-

73 2411 191 2438 sthenes
209 2418 322 2438 suarttm
341 2411 497 2438 orationum
514 2409 634 2437 securim
647 2417 709 2437 esse
734 2410 853 2441 dicebat,
871 2411 916 2445 qui
929 2414 956 2437 et
972 2415 1074 2437 tantam
1090 2410 1173 2438 animi
1203 2411 1386 2438 constantiam
1418 2418 1528 2446 semper
1547 2410 1703 2442 referebat,

71 2459 103 2482 ut
129 2455 198 2481 milli
215 2462 334 2489 unquam
351 2454 427 2481 visus
441 2453 477 2482 sit
507 2462 557 2481 ncc
574 2454 664 2480 ridere
689 2461 739 2481 nec
763 2453 838 2486 ﬂere,
854 2461 915 2481 cum
931 2454 975 2482 die
991 2455 1110 2489 quadam
1133 2455 1239 2487 dicens,
1265 2454 1367 2482 videret
1390 2455 1493 2489 pariter
1519 2453 1553 2482 ab
1578 2455 1705 2482 Omnibus

75 2498 229 2533 approbari
246 2505 413 2528 sermonem,
452 2505 602 2525 conversus
627 2497 660 2524 ad
677 2498 780 2524 amicos
796 2506 802 2523 :
817 2497 899 2531 Quid,
915 2498 1015 2533 inquit,
1034 2505 1098 2525 num
1122 2498 1186 2524 mali
1213 2498 1352 2533 quidpiam
1365 2498 1421 2525 dixi
1441 2497 1706 2532 itnprudens?Quod

73 2544 97 2568 si
110 2543 194 2569 etiam
219 2542 322 2577 aliquid
337 2541 497 2577 portulerim
512 2541 591 2569 laude
607 2541 731 2578 dignum,
747 2541 772 2568 id
789 2546 878 2569 tamen
903 2542 970 2570 mihi
983 2549 1036 2570 non
1053 2542 1246 2569 ascribendum
1263 2547 1316 2575 est,
1332 2542 1379 2581 sed
1403 2541 1531 2575 Domino,
1553 2549 1569 2570 a
1593 2549 1649 2577 quo
1664 2547 1706 2569 est

76 2588 172 2613 omnis
188 2587 301 2615 donatio
329 2588 412 2620 bona,
429 2595 564 2622 omneque
595 2586 696 2614 donum
718 2586 869 2622 perfectum
886 2586 905 2614 ⁸.
929 2585 1006 2619 Quod
1037 2594 1091 2613 tton
1110 2585 1257 2614 Christiani
1285 2590 1390 2613 tantum
1425 2590 1572 2619 ttoverunt,
1597 2592 1707 2613 verunt-

69 2631 159 2656 etiam
185 2631 298 2663 ethnici,
320 2632 366 2666 qui
390 2631 484 2659 nescio
494 2631 596 2666 quibus
606 2631 677 2659 lictis
690 2639 704 2657 a
721 2639 750 2658 se
764 2631 817 2658 diis
832 2630 987 2658 referebant
1002 2635 1155 2665 acceptum,
1168 2630 1300 2666 quidquid
1310 2638 1324 2657 a
1343 2638 1373 2658 se
1383 2635 1558 2666 perageretur
1575 2630 1648 2657 boni.
1675 2629 1707 2655 Et

74 2673 142 2701 hinc
172 2677 216 2700 est
226 2674 297 2708 quod
323 2676 470 2709 praeclarus
484 2676 529 2703 ille
545 2676 600 2703 dux
617 2675 714 2711 Pytho,
726 2675 939 2702 Atheniensibus
954 2674 990 2702 ob
1005 2681 1049 2702 res
1072 2672 1189 2702 felicite‘r
1210 2678 1304 2709 gestas
1319 2674 1409 2709 ipsum
1436 2673 1647 2705 admirantibus,
1675 2680 1707 2699 ac

73 2717 302 2752 praedicantibus.
332 2718 405 2753 quod
416 2718 504 2755 Cotyn
536 2727 626 2755 regem
637 2719 833 2750 interemisset,
859 2719 928 2753 Diis,
943 2719 1044 2754 inquit,
1060 2718 1188 2746 habenda
1203 2722 1245 2746 est
1257 2719 1466 2754 gratia,quibus
1482 2716 1640 2745 auctoribus
1655 2716 1707 2744 hoc

73 2761 186 2789 facinus
205 2765 311 2796 gestum
326 2765 385 2795 est;
404 2769 466 2790 nam
483 2763 541 2798 ipse
562 2763 599 2789 nil
615 2762 688 2793 aliud
699 2769 781 2797 quam
790 2770 902 2790 manum
917 2768 944 2790 et
958 2769 1070 2798 operam
1096 2769 1185 2791 meam
1197 2762 1385 2791 commodavi,

110 2816 222 2849 Quanta
244 2820 335 2843 autent
351 2816 388 2843 sit
399 2816 497 2844 borum
515 2818 778 2845 commentariorum
789 2818 903 2850 utilitas,
925 2825 960 2845 ne
978 2818 1068 2845 dieam
1098 2818 1260 2850 necessitas,
1284 2817 1362 2845 facile
1378 2817 1468 2852 quivis
1484 2816 1641 2853 perspicere
1656 2823 1706 2851 po-

74 2861 151 2892 terit,
167 2859 216 2894 qui
235 2861 276 2887 vel
296 2860 347 2887 hoc
373 2868 458 2887 unum
475 2861 702 2894 consideraverit,
718 2861 791 2896 quod
811 2862 839 2888 in
855 2862 906 2889 hos
927 2860 1014 2888 divini
1035 2860 1214 2889 lnstrumenti
1240 2860 1336 2894 libros,
1357 2861 1424 2888 nihil
1445 2861 1579 2889 hactenus
1593 2858 1707 2895 prodiit,

116 2926 225 2962 ‘Sap.t
245 2936 304 2964 seq.
343 2927 444 2958 'Joau.
468 2928 551 2963 v,‘5.
589 2929 692 2957 'Joan.
707 2937 762 2964 xvt,
781 2930 824 2959 t3.
861 2930 978 2959 ‘Jacob.
993 2936 1090 2967 {seqq
