1856 3049
167 178 197 210 15
676 171 907 201 GZCUMENIUS
925 171 1069 200 TillCC.ii
1084 172 1295 202 El’lSCOl’US.
1771 171 1808 203 ιι
1849 170 1850 195 i

164 234 235 270 quo]
248 233 314 261 satis
330 232 420 258 animo
433 230 520 258 facere
538 233 638 264 posset.
655 228 794 264 Siquidem
811 229 837 255 itt
854 229 920 255 Acta
935 228 1023 255 solum
1043 228 1174 256 habemus
1191 228 1430 264 Chrysostomunt,
1452 229 1473 256 si
1487 234 1574 256 tamen
1591 229 1612 256 is
1629 228 1807 265 Cittysostu-
1849 226 1850 262 ξ

167 286 227 305 tuus
238 282 289 307 est,
305 276 350 310 qui
366 276 446 302 etiam
460 274 560 308 ubique
574 273 599 300 id
617 272 705 307 potius
717 280 795 305 agere
808 271 887 303 solet,
904 275 933 298 ut
950 272 1074 299 homines
1087 279 1101 298 a
1113 272 1186 299 vitiis
1204 277 1343 299 revocaret
1354 272 1387 299 ad
1400 273 1524 305 virtutes,
1536 282 1616 308 quam
1631 281 1659 300 ut
1671 276 1806 301 auctoris
1849 299 1850 302 η

166 327 285 349 utentem
301 319 430 354 aperiret.
454 317 539 345 Porro
552 318 577 343 in
594 325 641 343 cas
667 324 728 350 qua:
753 315 900 342 Catholica:
926 316 1066 346 dicuntur,
1089 315 1233 350 Epistolas,
1251 321 1297 343 aut
1314 316 1340 342 in
1357 315 1550 352 Apoealypsiut
1571 317 1661 344 nullos
1679 319 1807 344 omnino

168 366 310 394 habemus.
327 362 540 389 commentarios
569 362 638 387 lectu
667 361 774 394 dignos,
797 359 848 386 nisi
870 359 942 394 quod
956 368 988 387 ex
1009 360 1123 394 ltisqute
1139 368 1211 387 nuttc
1237 361 1264 387 in
1278 360 1364 387 luCL’lll
1378 361 1487 392 damus,
1512 369 1599 396 nuper
1631 361 1804 396 decetptunt

167 417 198 434 :tc
216 407 443 434 consarcinatum
473 409 524 432 est.
543 405 617 431 Pauli
646 411 711 430 vero
734 402 870 437 Epistolas
891 403 943 430 etsi
974 403 1066 438 plures
1078 404 1252 439 interpretari
1271 405 1360 431 conati
1374 404 1439 436 sittt,
1466 404 1535 431 adeo
1565 411 1655 431 tamen
1683 405 1804 431 illarum

167 452 247 479 lectio
261 451 398 478 salebrosa
412 454 495 476 estac
508 449 588 483 plena
611 446 792 478 anfractibus,
815 447 943 474 lectorem
961 447 1062 482 stt-pius
1089 448 1147 475 suis
1171 448 1338 484 longi5sintis
1357 448 1477 482 periodis
1494 456 1525 475 ac
1553 449 1710 484 hyperbatis
1737 457 1807 476 διιτ-

168 503 282 530 pensum
299 494 430 524 retinens,
441 501 555 527 seseque
571 493 740 519 inaccessam
761 496 787 517 ct
802 491 902 517 inviam
919 499 1051 519 sensuum
1082 492 1268 526 profunditatc
1291 492 1420 525 reddens,
1442 496 1471 519 ut
1487 492 1537 519 nisi
1564 494 1625 527 quis
1642 502 1714 525 euut,
1743 501 1806 528 quo

168 540 212 566 ille
221 539 342 573 scripsit,
353 537 478 572 spiritum
493 536 589 562 ducent
603 535 710 566 habeat,
723 541 860 568 nunquam
872 534 924 561 ill-.e
937 535 1004 562 satis
1018 544 1031 562 a
1043 543 1179 570 qucquam
1196 540 1370 563 enarrentur.

204 585 289 612 Porro
307 585 450 612 Paulinum
463 583 550 610 cuivis
564 582 662 609 adesse
676 582 802 616 spiritum
827 589 880 608 non
902 581 981 610 facile
1003 583 1155 616 cretlidEro,
1174 585 1291 611 maxime
1307 592 1369 612 cum
1393 584 1454 612 illos
1475 585 1627 613 miserrime
1643 593 1673 612 ac
1690 586 1804 620 turpis-

168 630 238 657 sime
257 629 361 655 vult-aut
380 628 406 654 ιιι
430 627 474 654 ltis
499 625 673 657 ltallttcinari,
690 625 736 659 qui
752 632 813 652 sese
829 633 898 653 unos
914 625 990 653 Pauli
1014 633 1107 655 tenere
1132 633 1249 655 mentem
1269 628 1440 662 impudenter
1461 634 1600 661 asserunt,
1620 632 1710 657 nullos
1729 631 1806 658 alios

168 677 267 709 prteter
282 679 361 700 suum
380 672 502 705 ipsorum
519 669 642 696 animum
659 670 802 696 consulere
824 670 947 696 volentes
959 673 1183 706 commentarios,
1206 673 1260 700 itno
1274 661 1476 701 calumniantes
1495 675 1585 708 potius
1606 675 1667 702 illos
1685 683 1718 702 ac
1733 678 1807 702 Stth-

169 722 330 745 salutantes.
349 715 443 750 Itaque
463 718 563 750 praeter
576 713 648 740 ltuuc
665 722 745 741 sunttt
769 714 872 741 erroris
892 714 1020 750 spiritum
1037 717 1140 743 nullam
1157 717 1273 744 alioruttt
1291 711 1428 752 recipiunt
1443 718 1654 750 enarrationem,
1671 720 1718 746 sed
1739 727 1806 745 ont-

170 763 215 789 nia
238 769 288 789 suo
305 761 445 795 explicant
470 760 619 791 arbitratu,
636 763 683 786 aut
696 759 847 794 depravant
868 760 959 794 potius
974 768 981 786 :
995 767 1064 794 quos
1080 760 1138 788 suis
1155 760 1251 788 Petrus
1273 760 1396 796 depinxit
1412 762 1563 794 coloribus,
1584 763 1647 790 dunt
1669 763 1805 789 Paulina:

170 805 307 840 Epistolas
318 805 339 837 ⁵,
355 812 408 831 tton
434 807 509 831 certe
529 809 559 830 ut
583 804 639 835 isti,
658 803 827 831 clarissimas
849 803 916 830 dicit
940 810 972 830 ac
998 804 1153 837 facillimus,
1179 805 1307 840 nullaque
1329 813 1399 840 opus
1417 806 1518 834 habere
1539 808 1726 839 enarratione,
1752 809 1803 834 Sed

170 850 302 878 nonnulla
315 849 458 877 continere
474 849 613 876 intellectu
629 847 760 880 difﬁcilia,
774 856 834 883 qum
852 848 968 881 indocti,
986 847 1086 883 inquit,
1102 857 1252 884 parumque
1272 850 1342 876 firmi
1361 850 1537 885 detorquent,
1553 852 1622 878 sicut
1638 856 1665 878 t-t
1682 856 1806 879 cmtcrats

169 895 327 930 Scripturas
351 894 383 921 ad
407 901 484 920 suam
501 894 622 928 ipsorum
648 893 809 927 perniciem.
829 892 969 927 Siquidem
989 892 1099 920 divinas
1113 901 1207 920 omnes
1228 893 1386 928 Scripturas
1408 894 1479 922 Deus
1495 902 1597 921 arcano
1615 903 1664 922 suo
1681 897 1806 923 consitio

169 939 258 966 noluit
270 945 470 973 usquequaque
486 937 596 972 pervias
612 944 674 963 esse
687 936 845 963 hominibus
861 957 868 965 .
887 944 922 963 ne
940 936 1021 964 facile
1034 941 1253 971 c0ntemnerent,
1266 939 1338 974 quod
1359 939 1439 966 facile
1454 940 1544 975 adepti
1561 947 1653 968 essent
1678 950 1684 967 :
1706 942 1756 968 sed
1773 946 1804 967 ut

170 985 257 1010 multo
274 983 367 1010 labore
383 983 496 1009 subacta
511 981 651 1008 hominum
668 981 786 1015 ingenia,
803 982 977 1015 primumque
993 982 1080 1017 ipsius
1097 983 1242 1018 implorato
1259 985 1372 1016 auxilio.
1391 985 1501 1012 tandem
1521 990 1664 1020 acceptum
1685 986 1788 1014 tlte-san
1800 1003 1806 1006 -

170 1035 230 1054 rum
247 1032 323 1053 tanto
339 1026 472 1053 haberent
487 1024 652 1056 citat-iorem,
672 1029 803 1060 tantoque
820 1029 962 1052 servarent
982 1027 1100 1059 cautius,
1116 1032 1221 1062 quanto
1242 1022 1341 1062 majori
1358 1028 1451 1056 studio
1468 1036 1500 1055 ac
1517 1029 1657 1064 diligentia
1674 1032 1806 1061 acceriiu

170 1077 241 1099 sent.
256 1071 401 1102 Czt-terum,
419 1070 481 1104 quis
503 1069 601 1096 horum
619 1068 655 1095 sit
675 1072 773 1095 auctor
791 1069 1061 1102 commentariorum,
1082 1071 1258 1098 manifestum
1277 1075 1319 1098 est
1343 1079 1396 1098 non
1413 1072 1539 1099 eutudent
1559 1080 1620 1100 esse
1639 1074 1806 1103 οιιιιιθιίωι

170 1117 292 1142 ntttttiutn
311 1121 462 1147 auctorem,
480 1121 542 1141 cum
559 1114 585 1140 in
597 1112 672 1140 Actis
685 1113 843 1147 apostolicis
857 1113 938 1141 simul
954 1118 980 1140 et
995 1114 1022 1140 in
1035 1114 1157 1141 Paulinis
1168 1114 1296 1149 Epistolis
1311 1115 1428 1150 plurim‘a
1446 1115 1490 1142 hic
1507 1115 1533 1142 in
1547 1105 1739 1150 compendium
1758 1126 1806 1144 ιρι-

170 1162 249 1188 dacta
267 1161 332 1192 sint,
347 1168 408 1195 qua:
425 1159 514 1186 fusius
532 1161 697 1184 tractaverat
708 1157 932 1192 Chrysostomus.
949 1157 1125 1193 Rursumque
1140 1159 1322 1193 pluriutorunt
1338 1159 1453 1186 aliorqu
1471 1161 1615 1187 sententia:
1632 1160 1806 1194 referuntur,

172 1213 243 1231 nunc
259 1205 367 1239 quidem
381 1203 476 1238 positis
491 1202 517 1228 in
532 1201 590 1229 solo
604 1201 701 1228 litterae
716 1204 845 1228 contextu
861 1201 1031 1234 nominibus,
1049 1210 1121 1230 nuttc
1138 1211 1201 1230 vero
1217 1202 1319 1230 additis
1337 1203 1420 1230 etiam
1436 1204 1462 1230 itt
1475 1204 1597 1238 margine
1611 1213 1617 1231 :
1637 1212 1696 1238 qua:
1711 1209 1739 1232 et
1751 1214 1806 1232 nos

170 1249 267 1276 eodem
283 1249 362 1275 modo
381 1251 409 1274 ut.
429 1247 456 1273 itt
473 1245 625 1280 exemplari
639 1250 747 1280 reperta
763 1249 828 1273 sunt
843 1247 956 1273 omnino
972 1247 1142 1283 reliquimus.
1160 1248 1199 1275 Ad
1216 1248 1408 1284 Apocalypsint
1432 1254 1522 1275 autem
1545 1253 1638 1276 certus
1653 1250 1807 1284 prmiigituir

172 1297 269 1320 auctor
285 1292 336 1327 (a),
352 1291 453 1319 additis
463 1291 544 1318 ctiattt
560 1290 587 1317 in
605 1290 684 1317 initio
698 1290 857 1318 nominibus
872 1298 966 1318 eorutn
980 1299 996 1318 a
1013 1291 1114 1327 quibus
1133 1292 1177 1319 ille
1196 1292 1327 1319 nonnulla
1341 1296 1528 1326 excerpscrat.
1544 1292 1678 1320 Praaterea
1696 1293 1724 1320 in
1741 1301 1808 1320 ont-

173 1337 254 1364 uibus
280 1337 322 1364 his
338 1335 544 1362 commentariis
563 1334 720 1370 freqttentcr
738 1341 847 1369 quoque
869 1339 1008 1369 ponuntur
1027 1336 1166 1363 variorum
1184 1340 1329 1363 auctorum
1343 1337 1497 1368 Sententiae,
1516 1344 1666 1371 suppresso
1689 1337 1805 1364 illoruut

174 1381 295 1413 nomine,
314 1379 408 1407 nescio
426 1378 652 1406 an-librariorum
668 1378 824 1406 osritantia.
841 1377 940 1406 Varios
958 1383 1048 1407 tanien
1069 1387 1130 1407 esse
1144 1380 1184 1406 vul
1202 1387 1235 1407 ex
1257 1387 1290 1407 eo
1306 1379 1401 1414 liquet.
1417 1379 1490 1415 quod
1513 1381 1613 1415 sazpius
1630 1381 1806 1407 contrarium

173 1425 297 1452 invenias
311 1424 372 1457 ejus
394 1423 467 1458 quod
491 1425 681 1458 praecesserat.
700 1421 793 1457 thue
813 1429 897 1449 unum
918 1422 992 1450 verbi
1016 1431 1100 1450 causa
1121 1424 1294 1458 proferamus
1315 1425 1468 1458 exemplum
1489 1433 1496 1450 :
1513 1432 1574 1451 eum
1592 1424 1667 1459 prius
1683 1425 1708 1451 in
1724 1425 1805 1459 Apo-

174 1470 276 1504 calypsi
292 1468 393 1496 dixerit
409 1467 574 1503 Babylonem
595 1474 657 1495 esse
675 1466 954 1502 Constantinopolim,
973 1475 1026 1495 non
1045 1469 1176 1495 mundum
1194 1476 1244 1495 nec
1269 1468 1350 1495 aliam
1367 1469 1492 1503 quamvis
1512 1469 1660 1502 civitatem,
1679 1475 1807 1505 posttno-

173 1515 237 1541 dtun
254 1514 347 1540 multis
363 1513 389 1539 in
404 1512 471 1539 locis
484 1511 552 1540 dicit
567 1519 598 1539 ac
620 1511 717 1546 probat
739 1517 800 1538 esse
819 1510 962 1544 mundum,
987 1515 1014 1538 ct
1035 1512 1137 1538 nullam
1154 1512 1348 1546 particularem
1369 1513 1518 1540 civitatem.
1537 1513 1683 1545 Caeterum,
1707 1521 1804 1548 quan-

172 1565 255 1593 quam
274 1558 300 1584 in
326 1556 465 1591 prioribus
487 1555 564 1582 libris
581 1562 661 1582 nemo
679 1562 759 1582 suum
777 1554 924 1590 praefuerit
943 1555 1078 1588 nomen",
1098 1560 1126 1582 ttt
1146 1562 1186 1583 est
1204 1555 1306 1584 Graecis
1323 1557 1503 1589 consuetudo,
1524 1565 1665 1594 nunquam
1684 1565 1734 1585 suo
1754 1566 1808 1585 ttu-

174 1602 246 1628 tniue
257 1601 386 1635 erulgare
402 1606 461 1633 qua:
478 1599 529 1634 ipsi
546 1607 597 1625 suo
614 1602 702 1625 marte
719 1605 772 1626 non
786 1597 976 1630 elaborarunt,
993 1599 1042 1626 sed
1060 1599 1143 1626 veluti
1161 1604 1294 1628 centones
1310 1600 1443 1635 quosdam
1461 1608 1493 1628 ex
1510 1601 1593 1628 variis
1609 1602 1783 1636 collegerunt
1796 1611 1806 1628 :

173 1646 347 1672 evidentibus
361 1649 451 1671 tamen
469 1643 667 1678 propemodum
683 1642 854 1677 conjecturis
870 1643 1026 1677 colligimus
1041 1643 1240 1671 (Eeumenium
1257 1652 1318 1672 esse
1336 1645 1435 1679 partim
1455 1649 1593 1672 auctorem
1611 1645 1720 1677 horutn,
1737 1654 1806 1680 μιτ-

173 1690 221 1716 tim
236 1689 410 1725 collectorcnt
428 1697 434 1714 :
452 1688 497 1722 qui
514 1692 604 1714 tamen
623 1687 772 1719 interdum,
788 1686 833 1713 ubi
845 1694 923 1713 suam
936 1691 998 1721 post
1013 1688 1080 1715 alios
1092 1688 1197 1723 profert
1211 1689 1388 1721 sententiam,
1406 1697 1485 1716 suum
1505 1697 1614 1724 quoque
1632 1689 1736 1716 addidit
1754 1698 1809 1715 ttu-

167 1742 245 1767 ‘tnen,
258 1742 292 1761 ne
306 1733 370 1769 quis
387 1733 460 1759 illant
475 1732 538 1759 aliis
554 1732 701 1763 tribueret,
716 1739 798 1766 quam
821 1731 878 1766 ipse
893 1730 1003 1766 dignam
1024 1739 1078 1759 non
1092 1732 1221 1759 censebat
1241 1740 1302 1767 qua:
1318 1740 1378 1759 cunt
1395 1740 1490 1760 eorum
1504 1733 1648 1760 sententiis
1663 1733 1809 1760 conferre-

172 1783 227 1804 tur.
247 1777 368 1804 Plurima
385 1781 475 1804 autent
490 1776 628 1809 exccrpsit
650 1782 683 1802 ex
704 1775 912 1811 Chrysostomo,
930 1775 1009 1810 cujus
1025 1781 1115 1804 tanien
1131 1783 1229 1803 nomen
1246 1781 1311 1804 tunc
1333 1777 1423 1804 solum
1439 1776 1500 1803 addi
1518 1776 1635 1808 curavit,
1657 1784 1719 1803 cum
1741 1777 1807 1811 ejus

171 1823 254 1849 verba
275 1825 440 1853 rccenscret,
467 1829 520 1847 tton
541 1825 632 1847 autent
655 1828 716 1847 cum
738 1820 826 1855 ipsius
843 1820 1007 1847 sententiam
1035 1820 1265 1848 contractioribus
1295 1820 1387 1848 verbis
1408 1819 1534 1847 referret.
1558 1819 1636 1852 Quod
1660 1825 1750 1848 autent
1768 1822 1807 1848 sit

172 1868 360 1896 (Ecumenius
377 1868 424 1903 qui
440 1868 498 1894 ltzec
517 1867 609 1894 omnia
625 1871 723 1902 pneter
740 1866 932 1902 Apocalypsim
945 1864 1046 1903 nobis,
1066 1869 1095 1891 ut
1108 1872 1182 1892 nunc
1198 1864 1225 1891 in
1243 1864 1332 1892 lucent
1350 1863 1481 1893 eduntur,
1501 1864 1655 1897 tradiderit,
1668 1863 1709 1891 his
1726 1864 1810 1890 colli-

173 1913 264 1948 gimus
283 1913 464 1947 argumentis.
481 1911 602 1938 Primum
622 1900 772 1946 postremis
790 1900 1052 1938 continentai'iorutn
1071 1908 1162 1936 verbis
1180 1908 1308 1943 Epistolae
1323 1907 1356 1935 ad
1378 1908 1569 1939 Colossenses.
1586 1908 1697 1942 proprio
1720 1907 1807 1934 etiam

173 1958 284 1984 nomine
307 1956 423 1991 margini
447 1957 568 1991 pretim,
595 1955 692 1982 scribit
715 1955 742 1982 iit
769 1954 842 1981 hunc
861 1954 970 1981 modttm
986 1963 991 1980 :
1007 1953 1075 1980 Cum
1100 1953 1134 1980 ab
1154 1952 1302 1986 exemplari
1331 1960 1385 1979 non
1406 1952 1509 1987 integre
1539 1952 1705 1978 invenissent
1730 1951 1807 1978 beati

172 2000 286 2028 Joannis
304 2001 410 2029 scholia
435 2001 462 2027 in
481 2000 630 2034 l-Zpistolatn
655 2000 688 2026 ad
710 2000 905 2032 Colosseuses,
921 1998 1073 2032 conscripsi
1092 1997 1137 2024 illa
1153 2003 1182 2024 ut
1198 1997 1286 2031 potui.
1306 1995 1333 2023 Si
1347 1996 1413 2031 quid
1438 1997 1520 2030 igitur
1539 1996 1566 2022 iit
1592 1996 1661 2030 ipsis
1677 1996 1734 2023 leve
1757 2003 1807 2022 aut.

173 2046 387 2080 reprehensione
410 2044 523 2079 dignum
541 2044 680 2071 inventum
700 2043 792 2074 fuerit,
808 2043 913 2070 noverit
928 2043 951 2070 is
971 2043 1017 2077 qui
1040 2042 1116 2078 legit,
1140 2049 1231 2069 nteutn
1248 2049 1310 2069 esse
1335 2041 1493 2076 ltujusntodi
1515 2041 1632 2075 lapsum.
1654 2050 1663 2066 ι
1683 2040 1805 2068 Rursum

173 2095 272 2125 quarto
286 2090 320 2117 ad
332 2088 466 2124 Ephesios
483 2088 573 2122 capite
583 2088 664 2114 habet
678 2088 734 2114 hate
751 2088 842 2119 verba,
857 2087 906 2114 add

1072 2087 1120 2119 ;ine
1131 2085 1292 2113 mentitenii
1307 2085 1418 2112 nomine
1433 2094 1439 2112 :
1457 2086 1527 2120 Ὅρα
1539 2093 1564 2110 τι
1581 2085 1657 2119 κάγὼ
1673 2086 1788 2119 ἐνόμισα
1799 2094 1805 2100 ·

173 2133 235 2160 οὒτε
257 2134 310 2169 γὰρ
323 2133 442 2169 ὲχώρισα
458 2132 492 2158 τὰ
503 2131 550 2158 τοῦ
570 2131 705 2166 μακαρίου
721 2133 825 2166 νοῆσαι.
843 2131 899 2158 Hoc

1073 2130 1221 2157 intadvertc
1239 2129 1304 2164 quid
1318 2133 1344 2156 et
1360 2129 1425 2156 inihi
1442 2129 1528 2156 visum
1544 2129 1579 2156 sit
1594 2137 1600 2155 :
1617 2136 1705 2164 neque
1731 2130 1806 2155 enim

174 2178 267 2205 datum
291 2178 341 2204 fuit
360 2185 421 2212 qua:
441 2177 530 2212 ipsius
555 2177 643 2203 sancti
666 2179 731 2203 sunt
746 2175 932 2206 considerare,
952 2184 961 2200 ›
978 2174 1206 2210 Chrysostomunt
1227 2173 1394 2208 intelligens,
1414 2178 1526 2208 propter
1551 2174 1624 2208 quod
1641 2178 1668 2200 et
1689 2172 1808 2200 Joannis

174 2229 274 2249 nomen
291 2222 318 2248 in
333 2222 458 2257 margine
475 2220 637 2255 adjunctuttt
650 2224 719 2246 erat.
737 2217 810 2246 Satis
825 2219 917 2254 itaque
937 2219 1058 2247 Ostendit
1071 2217 1256 2246 (Ecumenius
1273 2226 1302 2244 se
1321 2218 1495 2244 collectorcnt
1517 2225 1577 2245 esse
1594 2219 1811 2245 commentario-

174 2275 235 2294 rum
253 2267 279 2293 itt
297 2274 394 2293 omnes
407 2266 557 2301 Epistolas,
574 2272 626 2292 non
640 2269 729 2291 tatttcn
745 2264 826 2291 ullam
841 2263 905 2291 alibi
923 2263 1019 2291 fecisse
1034 2263 1157 2298 suipsius
1173 2261 1349 2293 mentionem,
1364 2268 1396 2287 eo
1419 2261 1491 2295 quod
1506 2261 1532 2287 itt
1550 2261 1604 2288 iJlis
1619 2265 1717 2288 nactus
1733 2266 1811 2289 esset

174 2311 311 2346 integrum
323 2309 514 2345 Chrysostomi
529 2309 678 2344 exemplar.
695 2307 814 2335 Rursum
830 2307 914 2342 hujus
926 2307 1065 2335 enarratio
1078 2306 1192 2341 ponitur
1208 2304 1378 2340 frequentius
1390 2309 1453 2340 post
1467 2305 1583 2332 aliorum
1597 2305 1809 2340 explicationes,

175 2355 314 2383 reddendo
330 2353 469 2381 interdum
487 2360 598 2380 causam
619 2360 712 2380 eorutn
726 2360 787 2387 qua:
802 2352 943 2387 prmutissa
958 2355 1050 2383 erant,
1063 2349 1188 2378 addendo
1204 2349 1285 2377 etiattt
1307 2356 1361 2376 non
1381 2356 1454 2382 raro,
1476 2358 1485 2374 ι
1509 2348 1573 2376 Mihi
1587 2356 1697 2384 quoque
1711 2349 1747 2376 ita
1766 2350 1811 2377 vi-

173 2399 254 2426 detur
267 2406 348 2434 posse
361 2397 426 2425 dici.
443 2406 452 2423 ι
471 2397 541 2430 Quid
561 2397 585 2424 si
603 2401 630 2424 ct
646 2396 696 2423 hoc
710 2396 791 2423 modo
800 2395 924 2428 dicatur,
938 2396 1017 2429 juxta
1033 2395 1106 2422 hunc
1122 2394 1289 2422 intellectum
1307 2401 1388 2428 quem
1402 2398 1429 2421 et
1441 2393 1520 2420 divus
1532 2392 1652 2421 Joannes
1671 2393 1784 2427 suscipit
1800 2403 1809 2426 ;

173 2446 221 2469 aut
240 2443 322 2469 etiam
336 2440 430 2476 Cyrilli
449 2448 496 2468 seu
521 2439 615 2467 Basilii
637 2444 682 2467 aut
698 2440 822 2475 cujusvis
846 2439 961 2466 aliorum
986 2439 1097 2466 nomina
1122 2439 1199 2466 citat.
1225 2438 1311 2466 Porro
1326 2437 1380 2465 haec
1402 2437 1531 2472 plurimis
1553 2437 1622 2464 locis
1642 2437 1734 2464 videre
1751 2443 1810 2470 est,

173 2495 291 2522 quorum
308 2486 440 2514 nottttulla
460 2486 503 2513 ltic
522 2485 737 2513 recensebimus.
751 2485 790 2512 Ad
805 2484 947 2512 Romanos
963 2485 1061 2518 quinto
1081 2483 1115 2509 ad
1136 2490 1167 2510 ea
1189 2483 1282 2515 verba,
1304 2482 1447 2509 Peccatum
1462 2489 1514 2508 non
1531 2482 1679 2516 imputatur
1695 2480 1739 2507 ubi
1755 2489 1811 2508 non

172 2536 211 2559 est
228 2531 292 2562 [ειη
307 2531 396 2566 capite
410 2537 480 2557 nouo
491 2529 524 2556 ad
540 2536 571 2556 ea
587 2529 682 2561 verba,
700 2527 764 2555 Νἱδὶ
781 2527 909 2555 Dominus
923 2527 1040 2554 Sabaoth
1055 2528 1203 2562 reliquisset
1222 2527 1295 2554 nobis
1311 2535 1418 2558 semen;
1434 2526 1529 2560 prima:
1544 2525 1578 2553 ad
1593 2525 1752 2552 Cotinthios
1769 2533 1811 2565 Vl,

174 2583 235 2603 cum
254 2575 366 2606 dicitur,
382 2574 434 2607 Qui
448 2579 595 2605 scartatur,
609 2574 636 2600 in
651 2581 747 2607 corpus
760 2580 838 2598 stium
854 2576 961 2605 peccat;
975 2572 1063 2607 capite
1076 2579 1124 2603 vtt,
1141 2571 1176 2598 De
1186 2570 1328 2606 virginibus
1344 2575 1501 2604 prwceplttm
1519 2569 1624 2595 Domini
1640 2577 1691 2595 nun
1703 2567 1810 2602 ltabco;

173 2621 262 2654 capite
285 2628 329 2652 xv,
347 2619 412 2646 Cum
435 2618 575 2646 tradidi-rit
595 2627 704 2653 regnum
717 2617 772 2644 Deo
785 2622 808 2643 cl
826 2616 913 2649 I'rttrt',
930 2621 956 2643 et
971 2617 1078 2648 eodem,
1094 2615 1128 2642 L't
1144 2616 1177 2642 sit
1194 2614 1265 2642 Deus
1279 2615 1370 2640 omnia
1384 2614 1410 2640 in
1424 2613 1557 2643 omnibus;
1580 2612 1613 2638 ad
1631 2611 1763 2646 Ephesios
1776 2620 1811 2644 tt,

173 2663 257 2692 Juxta
278 2665 420 2700 principem
435 2665 576 2700 potestatis
606 2664 694 2695 acris;
710 2663 799 2698 capite
818 2671 853 2693 tv,
872 2663 892 2688 Α
904 2670 953 2696 quo
970 2666 1052 2688 totum
1073 2668 1166 2694 corpus
1185 2659 1253 2694 quod
1269 2662 1409 2692 coaptatur
1423 2661 1447 2683 et
1463 2656 1656 2692 compingitur;
1667 2660 1699 2688 et
1710 2656 1810 2684 eodem

226 2773 236 2789 ⁸
252 2773 271 2800 ll
285 2772 357 2801 Petr.
375 2781 416 2804 ιιι,
430 2772 472 2798 15'.

215 2873 241 2903 a)
260 2873 365 2897 Aretltas
380 2872 475 2896 scilicet
494 2867 658 2903 Caesariensis,
682 2869 753 2903 cugus
769 2867 968 2903 fommeutarius
995 2866 1019 2903 in
1040 2865 1220 2903 Apoealvpsin“
1237 2869 1318 2903 exstat
1337 2867 1401 2896 apud
1423 2873 1467 2891 n05
1487 2866 1515 2890 ad
1542 2871 1632 2889 annum
1657 2864 1712 2894 910,
1741 2866 1815 2891 torno

174 2895 303 2935 Ctiiypost
312 2895 369 2927 eum
378 2908 451 2933 quem
462 2903 560 2933 scripsit
571 2895 681 2925 Andreas
693 2895 754 2925 item
766 2898 932 2928 Cznsariensis,
951 2896 1051 2922 Aretho:
1064 2895 1191 2927 inagiSter.
1203 2895 1268 2923 Ενυιτ.
1283 2895 1388 2922 Parui»,
