1856 3049
91 139 106 170 1
113 140 134 170 Ἰ
769 139 824 169 PR

996 140 1059 170 NA.
1695 140 1729 173 18

89 194 215 222 δε.1ιιοιι
236 195 338 223 occidat
355 203 434 230 super
454 195 522 222 iram
538 194 662 227 vesti-tim,
674 195 718 222 tibi
735 196 772 222 ait
791 204 798 223 :
817 206 826 221 ι
845 196 985 230 Quosdam
998 197 1088 224 audivi
1113 197 1147 224 ita
1163 197 1395 231 interpretantes;
1417 207 1425 223 ι
1444 196 1570 225 secundae
1586 196 1619 223 ad
1639 195 1728 224 Thes-

86 239 289 267 sal'onicenses
303 247 345 271 ιιι,
361 239 445 267 Porro
462 239 591 266 Dominus
603 239 700 274 dirigat
715 239 796 266 corda
814 245 899 267 vestra
914 241 968 273 ;ad
983 240 1111 268 Hebraeos
1125 250 1152 273 x,
1170 241 1294 268 Umbram
1309 241 1406 268 habens
1426 242 1467 268 lex
1483 241 1633 275 futurorum
1649 241 1731 267 bono-

86 282 281 318 rum;eapitc
297 283 347 314 xti,
365 282 416 316 Qui
431 291 480 317 pro
496 283 595 318 gaudio
618 283 668 310 sibi
685 284 842 318 proposito;
859 284 920 313 aliis
939 292 1048 319 qttoquc
1064 284 1132 312 locis
1154 285 1317 313 innumeris.
1334 284 1401 313 Cum
1419 285 1501 320 igitur
1519 284 1581 311 hinc
1598 284 1656 311 luce
1674 292 1730 310 ma-

90 324 233 353 nifestius
254 325 290 353 sit
311 326 509 354 (Ecumenium
530 326 706 354 Paulinorum
730 326 915 362 Epistolarum
941 328 1086 363 collegisse
1109 330 1335 363 conmentarios,
1358 329 1525 356 arbitramur
1549 328 1620 355 idem
1640 328 1729 362 ipsutn

89 367 204 396 fecisse
229 369 256 396 in
275 370 343 397 Acta
371 371 560 405 apostolorum
577 371 644 398 etin
661 371 820 399 Catholicae
843 372 994 407 Epistolas.
1011 380 1168 408 quanquam
1197 381 1247 401 nec
1269 373 1306 401 ibi
1338 381 1417 401 suum
1445 380 1544 400 nomen
1567 371 1703 399 addiderit
1722 381 1728 398 :

89 421 166 440 cum
192 413 314 448 ejusdem
332 415 446 442 omnino
469 415 534 450 sintj
545 415 664 450 phrasis,
680 416 734 442 nisi
747 415 819 451 quod
834 415 872 443 ibi
891 417 1035 451 pauciores
1050 417 1176 444 habuerit
1188 425 1259 452 quos
1271 418 1436 450 imitaretur,
1450 424 1567 451 quorum
1580 416 1663 443 etiam
1680 423 1730 442 no-

88 457 177 484 mina
191 458 235 485 vix
251 466 372 493 unquam
388 459 415 486 in
436 459 531 486 Graeco
549 459 698 494 exemplari
714 459 807 487 addita
832 460 996 492 invenimus,
1014 468 1066 488 nec
1089 461 1115 487 in
1137 461 1235 488 littera:
1253 465 1381 489 contextu
1406 468 1457 488 nec
1473 460 1501 487 in
1519 459 1651 493 margine.
1675 458 1731 486 llos

88 506 194 528 autem
211 506 321 530 nostros
337 503 444 530 labores
463 503 525 536 jure
538 504 644 538 optimo
665 504 804 532 vindicare
820 504 873 531 sibi
890 508 1007 540 poterat,
1025 509 1108 539 utque
1123 512 1173 532 suo
1187 505 1297 532 nomine
1314 506 1341 532 in
1358 505 1446 532 lucem
1464 504 1612 532 ederentur
1634 508 1732 538 postn-

87 544 169 578 lare,
189 545 392 574 illustrissimus
413 547 540 582 princeps
557 555 589 574 ac
609 548 856 576 reverendissimus
875 548 1006 576 dominus
1025 548 1055 575 D.
1078 548 1199 576 Joannes
1221 556 1235 575 a
1252 549 1440 583 Lotharingia,
1463 548 1492 575 S.
1508 548 1542 575 Β.
1564 548 1595 574 Ε.
1615 547 1685 574 tituli
1701 546 1730 574 S.

86 587 210 616 “nufn‘i
229 590 390 624 cardinalis,
407 591 552 618 doctorum
573 592 695 619 virorunt
715 592 849 619 Mecmnas
873 593 1013 628 egregius,
1035 594 1077 620 cui
1105 593 1254 628 plurimum
1279 593 1379 620 debent
1405 592 1565 628 quicunque
1586 599 1730 619 sacrarum

87 631 270 661 Litterarum
298 635 396 662 studiis
418 635 520 662 addicti
531 640 594 663 sunt
613 645 620 663 :
639 640 668 663 ut
694 636 751 671 qui,
769 636 860 664 statim
886 637 932 664 ubi
949 637 1124 672 cognovisset
1140 645 1182 664 me
1205 637 1360 672 hujnsmodi
1376 630 1411 663 in
1438 643 1584 663 commune
1603 634 1733 662 Ecclesiae

87 676 204 704 bonum
222 678 340 706 snbiisse
365 679 484 711 labores,
500 687 561 707 cum
580 680 617 707 illi
637 688 670 707 ne
685 680 719 707 de
735 680 845 708 nomine
863 680 973 715 quidem
998 686 1080 709 notus
1100 688 1223 717 unquam
1243 681 1368 713 fuissem,
1387 680 1494 708 liberali
1509 684 1598 706 tamen
1619 686 1732 706 munere

86 728 140 748 me
170 721 266 748 donari
292 722 385 757 jussit,
402 723 536 758 ampliora
551 724 633 751 etiam
654 724 787 758 pollicens
805 725 849 752 ubi
871 725 940 752 liber
966 725 1038 760 typis
1051 732 1171 752 excusas
1187 724 1268 752 foret.
1281 723 1331 752 Cui
1347 726 1428 751 etiam
1443 723 1626 750 libentissime
1641 723 1732 750 animo

87 771 172 798 opus
193 765 244 793 hoc
262 765 445 799 dedicassem,
462 767 514 794 nisi
530 768 588 802 jam
601 769 759 803 priusquam
780 769 813 796 ad
829 769 918 804 ipsum
939 769 1070 796 accedere
1092 769 1214 801 daretur.
1232 776 1286 795 non
1311 767 1404 794 animo
1421 767 1510 795 solum
1528 766 1731 800 concepissem,

88 810 282 837 Verumetiam
299 811 389 838 verbis
405 810 436 841 T,
457 812 490 838 lt.
508 811 538 837 υ.
562 812 784 840 manifestassem
798 813 834 840 ob
861 820 920 840 eam
937 820 1018 847 quam
1039 814 1113 840 novit
1128 820 1253 845 causam,
1271 812 1358 847 ipsius
1386 811 1517 846 auspiciis
1533 817 1602 845 opus
1625 810 1676 837 hoc
1691 817 1734 837 me

87 852 121 879 in
154 853 245 880 lucem
272 854 410 882 editurtnn
433 865 439 882 :
464 855 532 883 adeo
558 861 587 883 ut
606 864 778 891 nequaquam
802 857 868 884 mihi
895 856 978 884 fuerit
997 858 1143 892 integrum,
1162 858 1237 885 aliud
1256 864 1337 893 agere
1365 860 1412 883 aut
1430 856 1508 883 iidem
1534 862 1588 882 non
1611 862 1733 881 servare.

87 896 182 928 Quod
202 897 225 924 si
241 897 323 924 etiam
339 899 457 927 maxime
477 899 568 926 facere
586 901 746 933 voluissem,
758 909 791 928 ne
806 901 864 935 ipse
880 901 989 936 quidem
1002 902 1210 930 illustrissimus
1232 903 1372 937 princeps,
1396 909 1425 928 re
1445 900 1566 943 cognita,
1584 900 1639 926 ullo
1655 899 1734 926 modo

87 939 213 967 tulisset
231 949 236 966 :
258 946 288 968 ιιι
299 942 346 976 qui
364 942 431 970 nihil
448 943 606 978 hujusmodi
627 945 749 972 nominis
761 945 964 973 celebrationes
984 950 1116 978 moretur,
1133 954 1195 973 eum
1206 946 1262 979 jam
1281 945 1313 973 ad
1331 950 1434 972 tantum
1448 939 1620 979 splendorem
1642 950 1746 969 acees-‘

88 984 180 1015 serit,
197 989 227 1011 ut
240 985 305 1013 hinc
319 987 387 1013 nihil
401 988 514 1014 omnino
525 995 574 1015 suo
591 988 693 1016 nomini
712 989 800 1023 possit
812 997 979 1017 accrescere.
1001 990 1085 1024 Cujus
1099 997 1161 1017 cum
1172 990 1393 1017 allluentissimas
1409 997 1486 1024 opes,
1498 995 1559 1015 eum
1582 987 1734 1022 ingenium,

87 1029 226 1062 corporis
248 1033 275 1056 et
298 1030 382 1057 animi
404 1031 500 1064 decus,
523 1039 584 1058 cum
606 1032 787 1060 suavissimas
810 1041 900 1060 mores
916 1033 975 1068 ipse
998 1041 1105 1062 mecum
1133 1034 1255 1067 revolvo,
1278 1034 1399 1068 profecto
1416 1033 1438 1060 is
1457 1040 1518 1060 esse
1540 1032 1605 1058 mihi
1628 1031 1736 1058 videtur

89 1071 122 1098 in
143 1080 204 1106 quo
215 1073 353 1100 fortunam
374 1082 436 1102 cum
451 1081 559 1107 natura,
574 1083 693 1110 cumque
709 1077 842 1103 ambabus
852 1077 994 1110 virtutem,
1006 1081 1064 1106 tres
1077 1078 1283 1112 potentissimas
1299 1086 1390 1105 rerum
1408 1077 1546 1109 dominas,
1559 1075 1737 1104 contendisse

89 1116 225 1150 credam,
247 1118 327 1153 cujus
343 1119 475 1154 tipsarum
504 1120 679 1154 potissimum
705 1120 827 1147 beneficii
853 1122 940 1156 gratia
963 1125 1112 1153 teneretur,
1139 1125 1257 1155 antqua:
1279 1122 1448 1156 plenioribus
1463 1121 1552 1156 ipsum
1578 1119 1736 1146 muneribus

90 1168 242 1196 manuque
263 1163 380 1198 largiore
402 1165 566 1191 cumularet.
585 1164 767 1191 Cuniularunt
784 1170 857 1192 certe
877 1170 903 1192 et
919 1172 1034 1199 quaeque
1055 1169 1097 1192 est
1117 1164 1207 1191 olﬁeio
1235 1172 1285 1192 suo
1305 1164 1407 1197 functa,
1427 1172 1476 1191 nec
1493 1165 1535 1191 cui
1555 1164 1616 1198 plus
1639 1163 1738 1189 debeat

89 1205 184 1232 facile
199 1205 376 1235 discreveris.
397 1207 456 1235 Non
475 1209 568 1243 itaque
583 1209 721 1243 pra'terita
739 1216 805 1236 usus
823 1217 884 1235 sum
901 1209 1091 1241 excusatione,
1109 1209 1182 1242 quod
1204 1209 1293 1243 ipsum
1309 1216 1368 1236 eam
1386 1208 1507 1235 nominis
1523 1208 1735 1235 celebrationem

90 1253 233 1284 exoptare
250 1255 375 1285 putarem
393 1262 400 1279 ς
417 1252 464 1279 sed
483 1256 511 1280 ut
526 1260 586 1280 meo
604 1252 714 1279 interim
738 1253 841 1280 nomini
868 1252 1028 1286 consulens,
1043 1252 1218 1280 ostenderem
1240 1259 1283 1279 me
1305 1260 1358 1279 non
1377 1256 1479 1279 temere
1495 1251 1553 1278 haec
1575 1251 1674 1285 egisse,
1691 1255 1738 1277 aut

90 1294 309 1329 ingratitudinis
325 1300 417 1322 notam
438 1297 493 1324 ullo
509 1301 589 1330 pacto
604 1297 704 1324 debere
721 1305 881 1333 agnoscere.
901 1297 1015 1325 Dabitur
1028 1302 1118 1325 tamen
1138 1296 1205 1324 alibi
1223 1297 1311 1330 locus,
1339 1300 1368 1323 ut
1387 1304 1480 1332 spero,
1497 1304 1551 1332 quo
1565 1299 1672 1331 gratum
1693 1303 1736 1322 me

91 1345 164 1373 crga
186 1345 249 1367 eum
268 1339 420 1376 principem
433 1341 590 1369 ostendam.

131 1405 216 1433 Nunc
241 1414 307 1435 vero
324 1408 357 1435 ad
378 1411 405 1436 te
430 1410 522 1441 venio,
543 1410 699 1438 clarissime
723 1418 754 1438 ac
774 1410 1004 1438 reverendissime
1021 1411 1134 1446 Georgi,
1154 1417 1304 1439 oosecrans
1325 1414 1354 1437 ut
1379 1417 1462 1438 nosce
1480 1413 1592 1436 nostros
1615 1407 1736 1442 labores,

92 1450 144 1484 qui
167 1451 223 1478 tuis
238 1452 372 1487 auspiciis
385 1453 412 1480 in
431 1454 518 1482 lucem
531 1456 644 1490 prodire
657 1461 805 1489 conantur,
819 1456 879 1483 laeta
891 1460 973 1491 atque
986 1460 1149 1491 exporrecta
1165 1456 1256 1484 fronte
1278 1456 1427 1491 suscipias.
1448 1454 1476 1481 id
1495 1460 1586 1482 autent
1605 1459 1633 1481 ut
1647 1453 1737 1481 facere

93 1495 244 1527 auderem,
263 1497 362 1531 partim
385 1497 450 1525 mihi
467 1500 606 1533 persuasit
626 1503 735 1527 tuorum
758 1507 862 1527 morqu
881 1508 936 1527 uno
953 1501 1076 1528 omnium
1093 1508 1141 1529 ore
1154 1502 1301 1536 praedicata
1325 1501 1480 1536 integritas,
1497 1508 1558 1528 cum
1584 1499 1737 1527 admirabili

94 1539 250 1573 prudentia
268 1540 382 1575 parique
397 1541 568 1571 humanitate
589 1544 747 1579 conjuncta,
772 1544 871 1578 partim
896 1552 960 1572 vero
983 1546 1151 1574 incredibilis
1174 1546 1295 1581 quidam,
1314 1553 1395 1581 quem
1415 1553 1468 1572 non
1492 1545 1609 1573 obsrure
1632 1551 1686 1579 prrr
1709 1551 1738 1571 se

94 1583 175 1611 ferre
187 1584 244 1611 visa
257 1588 300 1612 est
319 1589 362 1612 tua
377 1586 540 1621 amplitudo,
557 1595 621 1623 erga
637 1588 795 1623 hujusmodi
818 1592 945 1616 auctores
958 1597 1054 1616 amor:
1068 1591 1167 1624 partim
1184 1597 1292 1624 quoque
1309 1590 1373 1616 talis
1391 1593 1449 1616 erat
1465 1588 1612 1623 singularis
1628 1595 1659 1614 ac
1674 1594 1739 1622 gra-

97 1628 190 1655 tuitus
202 1629 240 1656 tui
257 1630 283 1656 in
297 1637 339 1657 me
350 1630 438 1662 favor.
460 1632 624 1666 cognitaque
640 1636 692 1659 tua:
705 1640 770 1668 erga
786 1640 829 1660 me
844 1633 992 1660 voluntatis
1007 1633 1167 1668 propensio,
1185 1637 1214 1660 ut
1234 1633 1301 1660 nihil
1316 1641 1358 1660 me
1375 1633 1424 1659 tibi
1437 1640 1492 1659 non
1508 1632 1606 1659 debere
1622 1631 1739 1665 ingenue

96 1672 214 1700 faterer.
231 1672 288 1700 lloe
304 1674 384 1701 etiam
400 1675 572 1709 potissimum
589 1677 711 1708 nomine,
726 1677 799 1712 quod
814 1684 876 1704 cum
892 1684 907 1703 e
920 1677 974 1704 tuis
990 1681 1068 1704 ortus
1079 1677 1129 1704 sim
1143 1677 1304 1709 ditioniluts,
1322 1677 1476 1711 singulique
1492 1683 1571 1703 suum
1586 1675 1737 1710 principem

95 1725 200 1745 recens
214 1719 328 1752 patriam
345 1719 539 1754 ingredientem
555 1721 718 1748 munusculo
736 1721 874 1756 quopiam,
895 1720 968 1756 quod
984 1721 1179 1756 obsequiosmn
1202 1725 1317 1748 testetur
1330 1721 1463 1752 animum,
1476 1720 1602 1754 excipere
1620 1719 1739 1746 soleant»

94 1769 150 1796 ego
172 1769 347 1796 nequaquam
364 1763 460 1790 vacuis
475 1764 602 1792 manibus
617 1765 747 1793 accedere
759 1765 850 1792 debui.
866 1764 944 1798 Quod
965 1765 986 1792 si
1005 1772 1066 1792 sera
1086 1765 1214 1792 videatur
1234 1765 1391 1800 gratulatio,
1408 1772 1461 1791 non
1477 1764 1512 1791 ob
1529 1763 1555 1790 id
1576 1761 1739 1798 reprehendi

96 1805 194 1837 debet,
209 1814 271 1832 cum
285 1806 366 1833 dilata
385 1807 422 1835 sit
438 1809 544 1843 urgenti
561 1816 592 1836 ac
605 1809 718 1844 probata
739 1809 869 1837 omnibus
883 1817 978 1837 causa.
992 1809 1077 1837 Nemo
1089 1810 1161 1837 enim
1177 1809 1332 1844 probasset,
1349 1810 1458 1844 opinor.
1479 1809 1502 1835 si
1524 1807 1737 1842 prmcipitantcr,

97 1853 129 1875 ut
144 1848 212 1876 Tuae
225 1849 405 1885 Amplitudini
419 1852 574 1886 gratularer
590 1852 615 1879 in
627 1857 759 1888 tempore,
774 1853 858 1881 fetum
875 1854 947 1880 hunc
963 1860 1009 1880 seu
1033 1853 1164 1880 aborsum
1185 1853 1288 1887 potius,
1308 1853 1485 1879 immaturum
1499 1851 1674 1886 abjecissem,
1691 1855 1739 1878 aut

98 1900 113 1919 a
128 1900 174 1929 me
187 1893 263 1921 abire
272 1895 471 1929 permisissem.
484 1895 571 1924 Porro
585 1905 639 1932 quo
653 1905 726 1924 nunc
742 1905 856 1924 munere
868 1898 938 1932 apud
952 1895 1038 1923 Tuam
1055 1896 1248 1923 Celsitndinem
1267 1896 1398 1930 majorem
1416 1903 1458 1922 me
1474 1896 1589 1930 gratiam
1606 1895 1738 1921 initurum

97 1937 284 1972 conliferem,
297 1946 350 1966 non
366 1944 435 1972 erat,
457 1947 539 1974 quam
556 1940 578 1968 si
600 1941 774 1969 utillissimos
789 1941 850 1974 hos,
872 1942 927 1969 imo
947 1940 1143 1975 propemodum
1168 1941 1340 1968 necessarios
1358 1938 1569 1966 commentarios
1587 1939 1610 1964 ei
1627 1937 1740 1972 potissi-

98 1989 176 2008 tuum
197 1990 400 2016 consecrarctn,
417 1984 527 2019 quinon
546 1985 628 2012 modo
644 1985 775 2020 singulari
793 1984 924 2020 praeditus
939 1989 980 2014 est
999 1985 1110 2020 pietate,
1127 1985 1173 2012 sed
1189 1989 1288 2020 praeter
1304 1990 1385 2011 omne
1399 1991 1487 2019 genus
1510 1982 1644 2010 doctrinae
1664 1987 1739 2009 tanta

97 2033 213 2060 quoque
224 2027 332 2054 dicendi
345 2027 471 2056 facundia
487 2037 519 2056 ac
531 2029 698 2064 eloquentia,
713 2035 816 2064 quanta
831 2030 871 2057 vel
892 2030 925 2057 ab
940 2030 1000 2064 ejus
1018 2030 1127 2064 generis
1148 2029 1306 2056 hominibus
1319 2028 1420 2063 requiri
1445 2031 1534 2063 potest
1548 2027 1677 2059 maxima,
1693 2027 1740 2060 qui

98 2079 212 2099 omnem
229 2077 334 2100 (etatem
351 2074 377 2100 in
394 2074 494 2102 litteris
513 2080 757 2110 consumpserunt.
773 2076 915 2102 Accedunt
932 2074 966 2101 ad
984 2078 1088 2101 tantam
1107 2073 1400 2107 prmstantissimarum
1420 2072 1520 2099 artium
1544 2071 1697 2098 doctrinam
1713 2073 1741 2097 et

98 2119 211 2142 cmlcra:
224 2116 338 2145 virtutes
356 2117 445 2153 dignm
461 2126 558 2153 magno
574 2119 696 2154 principe
711 2127 718 2146 :
731 2119 837 2153 justitia
855 2120 881 2146 in
897 2118 1023 2153 imperio,
1038 2118 1112 2153 pacis
1126 2117 1233 2144 tuenda:
1253 2124 1330 2149 cura,
1348 2116 1508 2151 magnitudo
1532 2115 1626 2146 animi,
1641 2115 1739 2149 pietas,

99 2159 225 2187 studiutn
242 2159 369 2194 juvanda‘
380 2169 411 2188 ac
428 2162 561 2189 ornanda:
573 2163 713 2198 religionis
725 2162 899 2195 Christianae,
913 2163 1058 2190 clementia
1074 2171 1105 2189 ac
1120 2162 1230 2189 bonitas
1247 2161 1357 2188 eximia.
1375 2161 1432 2187 lloc
1450 2159 1573 2195 principe
1590 2160 1658 2185 duce
1674 2157 1739 2192 quid

99 2203 204 2238 poterit
216 2211 277 2232 esse
289 2204 406 2238 adversi,
422 2207 444 2233 si
457 2214 517 2233 cum
533 2207 632 2235 virtute
649 2208 739 2234 omnia
754 2207 873 2235 secunda
888 2206 1063 2234 sunt?Nemo
1078 2206 1104 2233 in
1119 2206 1164 2233 illo
1175 2205 1323 2240 quidquam
1340 2204 1526 2231 inconsultum
1548 2206 1661 2233 metuat,
1676 2209 1740 2236 pru«

100 2247 284 2276 dentissimus
295 2253 356 2283 est;
372 2257 453 2277 nemo
468 2250 643 2278 insolentiam
658 2251 741 2278 animi
757 2251 866 2286 cogitet,
882 2250 1102 2278 modestissimus
1118 2255 1176 2280 est;
1198 2256 1278 2288 nemo
1294 2247 1422 2282 injuriam
1443 2247 1548 2280 timeat,
1564 2246 1740 2280 amplissimus

100 2296 154 2320 cst.
168 2292 244 2320 Bene
263 2299 397 2321 merentes
413 2302 463 2322 sua
478 2295 651 2322 confirmabit
666 2295 849 2327 immanitate,
867 2294 1012 2330 languidos
1032 2293 1163 2321 excitabit
1179 2291 1327 2324 industria,
1343 2291 1484 2326 improbos
1500 2290 1647 2318 severitate
1663 2297 1739 2316 com-

101 2342 205 2371 pcscet.
226 2337 307 2365 Certe
328 2338 486 2373 hujusmodi
508 2340 621 2367 omnino
640 2340 834 2375 requirebatur
848 2339 894 2374 qui
919 2337 1117 2365 infelicissimis
1139 2337 1214 2363 hisce
1231 2336 1399 2371 temporibus
1412 2335 1597 2362 celeberrima:
1613 2334 1741 2361 ECtiit‘SiiE

102 2381 300 2415 prteﬁcerelur,
318 2383 548 2419 amplissimaequ
571 2384 683 2411 ditionis
705 2384 826 2412 habenas
843 2391 873 2410 ea
888 2382 1032 2418 prudentia
1048 2389 1133 2416 caque
1146 2381 1271 2408 doctrina
1295 2380 1494 2412 moderaretur,
1510 2385 1628 2413 ovesque
1650 2386 1664 2404 a
1680 2382 1740 2404 tru-

103 2425 223 2452 culentis
235 2432 303 2459 pene
319 2426 445 2461 luporum
463 2427 590 2455 faucibus
602 2429 729 2462 eriperet,
745 2436 842 2463 nempe
858 2427 902 2463 qui
919 2427 945 2454 in
966 2427 1104 2453 vatiarum
1122 2426 1306 2452 Eeclesiarum
1325 2425 1520 2452 moderatione
1537 2424 1593 2458 jam
1610 2423 1740 2458 probatus

104 2473 187 2497 esset.
205 2468 345 2503 Siquidem
366 2472 517 2505 tranquillo
534 2473 602 2499 mari
621 2473 735 2507 quilibet
757 2477 902 2499 nautarum
924 2477 1121 2505 vectorumque
1140 2471 1294 2505 gubernare
1322 2474 1410 2504 potest
1426 2479 1432 2496 :
1456 2475 1483 2496 at
1502 2469 1547 2496 ubi
1568 2475 1639 2496 steva
1657 2467 1742 2494 fuerit

105 2515 164 2538 (ιι-1³
179 2517 338 2548 tempestas,
354 2522 385 2542 ac
404 2515 515 2543 turbato
531 2517 598 2543 mari
615 2517 722 2552 rapitur
737 2521 818 2543 vento
842 2517 930 2548 navis,
941 2509 1002 2543 tum
1022 2516 1080 2543 viro
1097 2523 1128 2542 ac
1143 2517 1326 2550 gubernatore
1340 2523 1408 2550 opus
1423 2519 1463 2541 est
1482 2523 1488 2540 :
1502 2518 1528 2541 et
1543 2514 1589 2549 qui
1604 2517 1667 2540 ante
1683 2519 1742 2539 οιιι-

109 2555 153 2581 nia
170 2557 224 2583 duo
246 2558 302 2585 inec
324 2560 445 2587 Platonis
458 2566 590 2595 prsccepta
605 2565 706 2593 teneat,
723 2569 783 2596 qua!
795 2561 890 2588 Cicero
910 2560 976 2587 dicit
992 2560 1148 2587 necessario
1167 2560 1263 2586 adesse
1281 2559 1324 2586 his
1337 2563 1473 2594 oportere,
1491 2558 1536 2593 qui
1558 2557 1670 2586 omnino
1688 2555 1742 2582 rci-

108 2599 182 2632 puhl.
199 2602 333 2634 profuturi
356 2608 420 2632 sunt
444 2613 450 2630 :
470 2605 587 2638 primtun
614 2610 642 2631 nt
663 2606 762 2632 civium
783 2605 927 2632 utilitatem
952 2604 991 2631 sic
1013 2608 1142 2631 tueantur
1165 2608 1193 2629 ut
1209 2603 1340 2638 quidquid
1364 2609 1448 2638 agunt
1467 2603 1501 2629 ad
1521 2609 1581 2629 cam
1609 2600 1741 2634 referant,

93 2643 185 2680 _obliti
204 2646 406 2673 commodorum
432 2656 556 2675 suorum.
582 2649 674 2683 Neque
694 2650 766 2676 cutim
790 2649 860 2676 idem
879 2649 1029 2683 principem
1054 2648 1132 2675 decet
1147 2647 1220 2682 quod
1242 2648 1391 2682 privatum.
1415 2647 1502 2681 Atque
1522 2646 1584 2672 hinc
1603 2648 1645 2670 est
1667 2644 1740 2678 quod

112 2687 254 2723 Pelopidas
276 2690 353 2716 uxori
376 2699 436 2726 qua:
455 2693 487 2719 ad
508 2693 609 2720 bellum
635 2694 852 2729 proficiscentem
878 2693 1047 2720 muliebriter
1069 2693 1180 2728 rogabat
1201 2696 1323 2719 servaret
1348 2693 1479 2724 seipsum,
1504 2690 1569 2720 Alii,
1593 2688 1692 2722 inquit,
1712 2692 1742 2715 ut

110 2731 200 2759 isthuc
223 2732 324 2760 faciant
343 2736 469 2762 monendi
485 2742 549 2764 sinit
570 2746 575 2763 :
595 2745 654 2764 nam
673 2738 799 2772 princeps
817 2745 848 2763 ac
864 2737 917 2765 dux
939 2737 1090 2764 hortandus
1118 2743 1158 2764 est
1190 2737 1279 2772 potius
1297 2741 1325 2763 ut
1345 2739 1434 2763 servet
1457 2735 1541 2761 cives.
1561 2733 1682 2760 Alterum
1699 2737 1741 2761 est

112 2780 140 2801 ut
157 2779 242 2804 totum
263 2785 364 2813 corpus
380 2779 536 2814 reipublicm
553 2786 650 2808 curent
666 2790 671 2808 :
687 2789 719 2808 ne
741 2782 804 2807 dum
824 2785 928 2815 partem
945 2782 1063 2815 aliquam
1080 2786 1203 2813 tuentur,
1225 2782 1345 2815 reliquas
1369 2781 1494 2806 deserant
1510 2786 1516 2804 :
1537 2785 1598 2804 nam
1622 2777 1648 2804 id
1665 2777 1739 2804 sedi-

111 2819 194 2848 tionis
206 2823 372 2858 maximique
392 2823 498 2851 dissidii
515 2833 547 2851 ae
568 2826 724 2852 invidentia:
746 2833 828 2853 causa
855 2829 938 2853 esset.
959 2825 1059 2851 Verum
1081 2832 1168 2858 neque
1189 2831 1240 2859 ego
1259 2825 1281 2851 is
1300 2831 1359 2850 sum
1378 2823 1436 2857 qui,
1460 2830 1492 2848 ne
1512 2822 1600 2849 dicam
1618 2821 1678 2852 tibi,
1692 2819 1739 2847 sed

113 2871 160 2892 nec
174 2865 217 2892 alii
232 2867 320 2895 cuivis
332 2868 478 2896 consilium
495 2869 559 2896 dare
577 2870 689 2904 possit",
712 2878 797 2905 neque
815 2874 841 2896 tu
862 2870 884 2896 is
903 2878 932 2897 es
955 2869 997 2896 cui
1014 2877 1081 2904 opus
1098 2869 1131 2895 sit
1149 2868 1214 2896 illud
1233 2877 1246 2896 ιι
1265 2875 1356 2903 qnoqu
1370 2874 1403 2894 :m
1424 2869 1562 2902 expetere.
1582 2865 1622 2892 ’l'u
1639 2864 1686 2892 tibi
1713 2863 1745 2892 iu.
