1856 3049
127 123 161 156 i9
638 124 871 154 (ECUMENIUS
886 122 1034 154 TR‘ICCAZ
1054 121 1268 153 EPISCOPUS.
1736 116 1791 148 20
1807 102 1810 103 ν

125 180 256 207 omnibus
271 179 391 206 monitor
410 178 519 206 dandus
531 185 587 214 es“:
601 178 656 205 tuis
670 177 805 208 consiliis.
822 176 972 211 diligentias
985 183 1016 203 ac
1033 175 1175 202 industria:
1192 174 1397 209 relinquendus.
1412 174 1453 202 An
1472 181 1521 202 nos
1537 174 1686 201 timeamus
1710 172 1787 199 υιξςι

127 231 151 251 te
166 228 243 258 parte
261 223 445 251 arctissimam
461 222 599 258 mquitatis
627 222 747 257 regulam
771 221 974 248 transiturum?
995 220 1131 247 facturum
1149 219 1252 254 aliquid
1267 223 1294 246 te
1315 220 1424 254 tuisque
1445 219 1600 254 majoribus
1621 225 1653 245 ac
1675 217 1782 252 regali

126 273 172 294 tua
197 267 324 302 prosapia
342 266 497 302 indignum,
517 270 565 292 aut
583 273 597 292 a
617 266 673 293 tuis
696 265 820 293 moribus
841 264 962 290 alienum
973 263 988 290 ?‘
1001 271 1070 291 nere
1093 263 1127 290 ab
1149 263 1353 291 honestissimis
1371 264 1434 290 vitae
1450 263 1604 291 rationibus
1624 263 1744 289 oberres
1760 260 1778 286 ?

127 310 206 338 Und‘e
235 311 281 338 hic
300 311 380 338 nobis
400 315 501 342 melus,
522 314 568 337 aut
590 309 656 345 quid
676 309 710 337 de
733 312 760 336 te
779 315 834 335 non
857 307 988 335 debemus
1008 307 1088 335 nobis
1106 307 1248 342 polliceri?
1269 308 1316 343 qui
1341 315 1395 334 non
1418 307 1499 335 modo
1519 312 1641 334 veterum
1666 306 1782 333 laudes

125 355 353 390 splendoremque
374 355 472 390 primis
490 354 588 384 atatis.
606 353 653 381 sed
676 357 703 380 et.
723 353 831 388 ingenia
856 351 1026 379 laudantium
1053 352 1181 386 viresque
1213 352 1362 386 superasti;
1390 351 1563 386 Quapropter
1580 351 1625 378 his
1645 350 1778 379 relictis.

125 406 186 434 qum
201 403 227 426 et
240 406 291 434 ego
303 399 406 426 frustra
419 399 511 433 eloqui
530 402 678 430 tentarem,
694 402 721 424 et
742 402 770 424 tu
791 396 886 424 invitis
901 401 950 423 aut
965 396 1101 424 obturstis
1112 396 1205 431 potius
1222 397 1336 423 auribus
1352 396 1504 431 eseiperes,
1521 393 1606 423 Deum
1627 395 1777 430 opliusun)

126 443 330 477 maximumque
342 450 448 477 precor,
464 447 491 470 te
505 443 595 474 nobis,
609 442 665 469 imo
681 441 775 476 patriae
785 448 817 468 ac
835 438 1027 467 communibus
1042 440 1143 467 studiis
1156 439 1313 467 diutissime
1325 445 1412 467 servet
1427 440 1602 467 incolumem.

164 487 261 514 Datum
278 486 405 520 Lovanii,
418 487 449 515 in-
462 487 578 522 collegio
591 485 758 519 theologico,
779 492 851 511 anni.)
868 491 882 510 a
897 489 977 518 partu
990 483 1114 518 virgineo
1128 483 1207 516 l5i5,
1224 483 1311 518 pridie
1325 483 1464 511 Kalendas
1477 483 1596 519 Apriles.

467 662 489 672 χ
744 641 934 672 CANDIDO
954 639 1152 671 LECTORI.

160 799 274 827 Rursum
287 799 314 826 in
331 799 409 833 hujus
426 799 511 832 operis
529 798 639 825 exordio
656 798 862 829 praernoncndus
876 799 941 826 mihi
952 807 990 831 es,
1005 798 1119 826 candide
1137 798 1238 830 Lector.
1254 799 1373 826 eumdem
1391 806 1467 834 quem
1487 799 1514 825 in
1532 799 1617 833 priori
1634 802 1706 825 tonio
1725 805 1776 824 or-

124 843 211 870 dinem
229 851 275 870 nos
288 849 406 869 servasse
418 842 632 868 udnotandorum
645 850 814 868 umerorum
828 842 955 876 capitum,
973 847 1027 869 tam
1038 843 1119 876 juxta
1134 841 1240 870 Graecos
1254 851 1330 877 quem
1345 843 1387 869 hic
1401 847 1496 870 auctor
1511 842 1671 873 observavit,
1684 850 1771 876 quam

124 887 202 917 furta
221 885 330 912 Latinos
345 893 421 920 quem
437 893 483 912 nos
495 885 631 920 quidpiam
650 885 763 912 citantes
782 890 829 912 aut
846 885 920 912 aliud
936 890 1058 912 notantes
1074 894 1176 920 semper
1201 887 1344 921 sequimur,
1362 895 1421 913 cum
1442 886 1544 913 nullam
1559 886 1673 920 facimus
1691 884 1772 912 Grc:-

123 937 214 956 corum
229 929 346 964 capitum
363 929 529 956 mentionem.
547 928 643 964 Itaque
663 929 740 956 initio
757 930 851 956 statim
874 930 1004 964 cujusque
1015 920 1094 964 [deici
1112 931 1214 964 positus
1229 920 1363 962 numerus,
1381 929 1538 957 Latinorum
1561 935 1599 957 est
1614 938 1623 957 :
1639 930 1686 965 qui
1706 937 1773 956 rero

124 974 281 1008 majuscutis
301 973 398 1000 litteris
418 980 500 1004 supra
511 973 583 1008 ipsos
601 973 706 1008 pagina:
717 981 808 1003 versus
827 973 982 1006 ascribitur,
1002 973 1168 1002 Graecorum.
1185 974 1297 1002 Rursum
1313 975 1357 1002 ubi
1371 975 1519 1002 Bibliorum
1537 975 1610 1001 locus
1632 974 1773 1009 quispiam

124 1019 203 1052 fuerit
220 1018 247 1044 in
262 1021 386 1044 contextu
406 1017 506 1044 citatus
525 1021 572 1044 aut
593 1017 627 1043 ad
649 1017 736 1052 ipsum
751 1026 854 1053 quoquo
875 1017 954 1045 modo
970 1017 1097 1048 allusum.
1115 1026 1161 1045 nec
1181 1024 1268 1046 tamen
1289 1019 1316 1045 in
1334 1020 1454 1053 opposito
1469 1019 1587 1053 margine
1602 1017 1711 1045 additus
1728 1023 1773 1044 est

123 1063 236 1090 Latinus
249 1061 342 1096 capitis
359 1069 494 1093 numerus,
513 1061 548 1088 ad
563 1061 684 1088 eumdem
695 1063 740 1096 qui
755 1062 835 1096 paulo
853 1067 913 1089 ante
924 1061 1024 1088 citatus
1038 1066 1077 1089 est
1090 1062 1176 1089 locum
1188 1063 1319 1089 recurrite
1330 1071 1339 1095 ;
1351 1062 1473 1090 uolumus
1488 1064 1556 1090 enim
1578 1062 1680 1096 frustra
1696 1061 1774 1088 idem

123 1106 241 1141 ejusdem
258 1106 399 1133 voluminis
413 1109 493 1137 caput
515 1105 612 1132 iterato
631 1113 734 1140 ponere.
755 1105 907 1139 Quinetiam
927 1115 987 1134 cum
1004 1108 1139 1135 variorum
1162 1109 1280 1143 ejusdem
1299 1109 1440 1136 roluntim's
1461 1110 1579 1143 capitum
1600 1108 1774 1135 consecutise

122 1152 194 1178 dicta
210 1151 338 1184 citantur,
349 1150 435 1185 posito
454 1149 536 1176 semel
554 1149 687 1176 duntaxat
704 1150 846 1177 uoluminis
861 1151 979 1185 nomine,
994 1160 1117 1179 numeros
1139 1153 1255 1187 capitum
1271 1153 1351 1180 simul
1367 1152 1541 1186 adjunximus
1557 1160 1588 1179 eo
1598 1160 1650 1187 quo
1663 1152 1711 1178 illa
1728 1152 1775 1178 ci-

122 1199 215 1222 tantur
237 1193 339 1232 ordine.
367 1193 502 1220 Prwlerea
525 1193 645 1220 eumdem
671 1193 713 1220 hic
738 1193 803 1220 mihi
823 1192 885 1220 dari
898 1196 1002 1223 ueniam
1022 1204 1115 1231 precer
1125 1204 1205 1232 quam
1226 1197 1252 1223 in
1271 1195 1416 1231 Euthymio
1434 1196 1577 1231 postulari,
1601 1196 1670 1230 quod
1691 1203 1774 1222 noces

121 1239 251 1270 quasdam
270 1231 322 1265 non
341 1237 477 1265 vitaverim
499 1245 515 1264 α
526 1237 622 1273 quibus
641 1237 785 1264 abhorrent
803 1237 926 1265 nonnulli
941 1244 1033 1267 nostro
1048 1240 1097 1267 hoc
1110 1231 1229 1274 politiori
1247 1241 1345 1268 seculo
1358 1248 1368 1267 :
1383 1248 1485 1274 nempe.
1501 1239 1638 1271 Salvator,
1655 1238 1772 1266 salvare

121 1282 287 1318 compassio,
307 1281 479 1317 dispensatio
494 1289 525 1308 ac
539 1281 651 1313 similes,
667 1289 699 1307 ne
719 1281 746 1308 si
769 1281 916 1309 exactiores
937 1283 1167 1316 substitueremus.
1184 1292 1244 1315 qua
1261 1292 1399 1311 sacrarum
1420 1284 1621 1318 Scripturarun
1636 1283 1776 1310 studiosis

122 1335 173 1354 non
194 1326 258 1354 adeo
280 1326 351 1353 trin
363 1331 459 1358 essent,
476 1325 598 1353 lectorent
617 1333 719 1360 quoquo
735 1325 813 1352 modo
828 1327 956 1354 remorari
983 1327 1141 1355 videremur.
1156 1328 1198 1354 Ad
1209 1327 1265 1355 llaec
1281 1336 1340 1355 cum
1355 1327 1476 1355 Graecum
1489 1327 1624 1361 exemplar
1642 1326 1772 1360 singulo-

121 1379 182 1398 rum
201 1375 359 1405 argumenta
380 1370 496 1405 capitum
512 1370 589 1397 initio
612 1369 741 1405 cujusque
758 1369 821 1396 libri
840 1374 887 1397 aut
904 1370 1023 1405 epistolae
1041 1376 1195 1404 recensent,
1215 1371 1359 1398 maluimus
1378 1371 1484 1406 singula
1503 1371 1615 1406 singulis
1630 1370 1774 1403 capitibus;

121 1415 267 1449 prta/igere,
284 1423 315 1442 ne
336 1413 592 1449 ad‘dignoscendum
609 1414 706 1448 capitis
728 1419 925 1449 argumentum.
942 1422 1047 1441 necesse
1063 1415 1111 1441 tibi
1133 1415 1200 1449 foret
1221 1415 1332 1442 subinde
1354 1416 1389 1442 ad
1410 1415 1472 1442 libri
1489 1415 1596 1442 initium
1616 1406 1771 1441 iccurrsro.

122 1458 291 1493 Quapropter
305 1459 385 1485 etiam
400 1466 588 1493 nonnunquam
601 1459 687 1485 coacti
698 1466 790 1485 sumus
799 1462 887 1493 partes
904 1463 991 1485 textus
1007 1459 1085 1486 aliter
1097 1467 1177 1494 quam
1205 1459 1232 1486 in
1244 1458 1336 1487 Greco
1352 1463 1438 1486 essent
1457 1458 1604 1492 exemplari
1619 1457 1741 1485 dividere
1757 1466 1773 1486 τ

120 1510 181 1529 cum
208 1501 246 1528 ibi
266 1503 419 1529 continuato
445 1506 528 1533 testu,
549 1502 578 1529 in
599 1502 719 1537 margine
738 1502 871 1529 duntaxat
894 1502 955 1529 novi
981 1503 1078 1538 capitis
1102 1511 1227 1531 numerus
1249 1507 1435 1531 annotaretur.
1457 1502 1661 1536 Nonnunquam
1681 1502 1770 1528 etiam

119 1554 152 1574 ne
167 1550 255 1573 textus
269 1545 336 1572 adeo
349 1545 458 1572 mutilus
476 1550 523 1572 aut
546 1545 700 1572 minutatim
712 1546 834 1573 concisus
849 1546 992 1579 niacretur,
1007 1546 1094 1580 plures
1115 1547 1305 1581 conjnnzimus
1317 1547 1438 1580 periodos
1451 1555 1509 1582 qua;
1523 1547 1550 1573 in
1565 1545 1657 1573 Gra‘co
1672 1553 1769 1572 esens-

119 1590 191 1623 plari
202 1590 296 1617 diviste
313 1594 402 1622 erant,
418 1590 589 1624 potissimum
609 1590 637 1616 in
651 1589 774 1624 Epistola
791 1590 826 1616 ad
840 1589 973 1617 Romanos
987 1595 1011 1617 et
1026 1590 1052 1616 in
1067 1590 1238 1625 Apocalypsi.
1258 1591 1303 1626 qui
1321 1591 1382 1617 libri
1397 1591 1423 1617 in
1441 1591 1488 1618 hoc
1499 1599 1515 1618 a
1529 1591 1630 1617 cwteris
1644 1589 1773 1616 maxime

120 1634 285 1661 dissidebant
305 1641 314 1660 :
330 1633 376 1659 ubi
395 1638 481 1660 tamen
499 1633 601 1660 divisas
621 1633 807 1667 hujuscemodi
821 1634 965 1661 sententias
979 1634 1180 1669 conjunzimus,
1196 1635 1230 1661 ad
1256 1634 1423 1670 singularum
1438 1634 1633 1662 enarrationem
1653 1641 1767 1659 rursum

119 1687 164 1706 eas
190 1683 236 1705 aut
257 1685 290 1704 ex
310 1677 412 1719 integrp
426 1682 473 1704 aut
495 1678 523 1703 in
537 1682 612 1711 parte
638 1678 800 1710 repetiimus.
826 1677 1020 1712 Nonnunquam
1040 1687 1098 1706 vero
1115 1679 1183 1705 hanc
1200 1679 1309 1713 fecimus
1332 1680 1454 1706 unionem
1479 1688 1510 1706 eo
1527 1678 1596 1714 quod
1614 1677 1768 1712 permixtim

119 1728 208 1756 partes
224 1722 376 1757 hujusmodi
395 1722 531 1748 variarum
552 1721 721 1756 periodorunt
745 1730 798 1748 non
821 1730 868 1748 suo
887 1720 978 1749 ordine
997 1722 1200 1756 explicabuntur
1214 1730 1222 1750 :
1237 1724 1307 1757 quod
1328 1723 1392 1750 adeo
1413 1723 1537 1758 frequens
1561 1726 1631 1751 erat.
1650 1726 1678 1747 ut
1702 1720 1770 1748 huic

119 1767 192 1794 malo
203 1760 255 1793 non
274 1766 370 1801 ubique
385 1765 529 1792 remedium
542 1765 747 1800 prtestiterimus
762 1776 771 1792 :
788 1765 896 1799 ideoque
910 1766 952 1792 hic
973 1770 997 1793 te
1011 1767 1193 1799 admonemus,
1214 1772 1243 1794 ut
1265 1768 1289 1794 si
1303 1768 1410 1803 quando
1427 1767 1563 1795 sententia.-
1582 1766 1701 1800 ulicujus
1717 1774 1768 1792 ca:-

119 1811 288 1845 plicationem
303 1810 434 1845 requiras,
450 1809 531 1836 etiam
547 1809 719 1843 pra’cedentis
733 1808 862 1836 clausqu
878 1810 1074 1837 enarrationem
1099 1810 1229 1846 perlegas.
1242 1810 1346 1846 Str-pius
1356 1812 1426 1839 enim
1445 1811 1489 1838 ubi
1506 1811 1639 1844 quispiam
1662 1810 1770 1837 citatur

119 1854 212 1882 auctot‘
231 1859 257 1882 et
279 1855 429 1888 prccsertim
454 1853 578 1885 Photius,
598 1862 650 1880 non
671 1862 728 1880 eam
748 1853 879 1880 duntaxat
895 1854 991 1881 littera:
1008 1858 1111 1888 partem
1128 1863 1187 1889 quia
1210 1855 1347 1889 proposita
1365 1859 1407 1882 ‘est
1425 1855 1556 1885 declarat,
1571 1853 1617 1880 sed
1631 1861 1661 1880 ea
1681 1853 1767 1880 etiam

119 1908 177 1934 qua!
200 1899 406 1934 subsequuntur.
430 1897 471 1925 Ne
493 1897 520 1924 id
543 1905 646 1933 quoque
669 1902 763 1924 temere
785 1906 800 1924 a
819 1898 894 1924 nobis
911 1898 1012 1933 factum
1033 1899 1182 1931 existimes,
1200 1899 1270 1933 quod
1296 1907 1484 1934 nonnunquam
1505 1897 1597 1930 Pauli,
1619 1896 1696 1924 Luca:
1715 1902 1768 1924 aus

119 1943 234 1971 Joannis
249 1943 366 1970 litteram
387 1950 452 1969 novo
476 1942 543 1969 satis
561 1940 639 1968 modo
655 1942 809 1968 venerimus
823 1948 832 1968 :
846 1942 873 1968 id
893 1942 962 1968 enim
976 1942 1063 1976 facere
1085 1943 1171 1969 coacti
1188 1951 1290 1974 sumus,
1311 1948 1339 1969 ut
1352 1943 1512 1970 scholiorum
1523 1946 1668 1976 respectum
1682 1940 1768 1969 habe-

118 1994 206 2014 remus
221 1995 230 2014 :
246 1986 347 2021 alioqui
361 1987 384 2013 si
399 1985 513 2020 reliquos
524 1985 607 2012 secuti
623 1985 765 2019 fuissemus
781 1986 943 2019 interpretes,
960 1986 1062 2013 scholia
1080 1987 1107 2013 in
1121 1986 1273 2021 ltujusmodi
1292 1986 1357 2014 locis
1375 1987 1443 2014 nulli
1458 1986 1599 2013 servissent
1617 1984 1766 2019 proposito.

119 2031 210 2067 Hujus
222 2039 324 2067 quoque
340 2035 364 2058 te
380 2030 548 2058 admonitum
562 2029 650 2062 velint,
664 2030 764 2065 quoties
778 2030 851 2057 locus
864 2031 997 2065 quispiam
1013 2030 1040 2057 in
1055 2031 1095 2057 his
1112 2039 1144 2058 ea;
1169 2030 1254 2058 Veteri
1271 2031 1370 2058 citatur
1393 2030 1585 2061 Instrumenta,
1602 2029 1671 2056 hunc
1680 2029 1767 2063 juxta

118 2077 263 2103 versionem
279 2075 455 2110 Septuaginta
472 2075 576 2109 referri,
592 2079 680 2108 utpote
694 2075 738 2109 qui
754 2073 843 2102 erce
855 2075 1028 2105 scripserunt,
1042 2074 1069 2100 Iti
1083 2080 1170 2102 autem
1193 2074 1345 2102 collectores
1371 2074 1457 2102 (ἕναιεί
1485 2078 1586 2100 tantum
1605 2077 1681 2100 erant
1698 2082 1704 2099 :
1718 2074 1767 2107 qui

118 2121 200 2147 etiam
218 2128 269 2146 non
284 2127 348 2146 raro
366 2127 472 2146 sensum
489 2119 574 2153 magis
604 2119 687 2146 citant
701 2127 779 2153 quam
794 2119 870 2146 verba
882 2127 891 2145 :
904 2123 962 2149 aut,
978 2118 1048 2154 quod
1068 2119 1131 2145 mihi
1149 2119 1234 2154 magis
1257 2119 1369 2151 videtur,
1386 2126 1419 2146 ex
1436 2119 1562 2146 memoria
1580 2118 1673 2151 citant,
1691 2125 1764 2152 qua,

118 2168 206 2197 utpote
221 2163 319 2194 labilis.
336 2163 416 2190 etiam
429 2162 596 2190 doctissimos
614 2171 800 2199 nonnunquam
817 2163 910 2198 fallere
935 2163 1012 2190 solet.
1027 2161 1154 2198 Denique,
1171 2163 1198 2189 id
1212 2164 1294 2190 etiam
1313 2163 1505 2194 animadverte,
1521 2167 1651 2197 quantum
1664 2160 1764 2189 nostris

119 2208 282 2242 temporibus
298 2208 326 2234 hi
342 2207 457 2234 sereiant
476 2208 670 2238 commentarii.
693 2208 872 2242 qui,plurimis
895 2208 923 2234 in
939 2207 1003 2234 locis
1021 2206 1139 2234 indicant
1154 2207 1274 2246 brevibus
1296 2216 1355 2243 qua:
1377 2207 1455 2234 Pauli
1475 2206 1553 2234 verba
1572 2206 1654 2233 variis
1693 2204 1765 2232 obsi-

118 2257 191 2280 stant
214 2251 359 2279 Incresibus
375 2251 490 2286 illasque
507 2251 672 2285 confodiant.
686 2251 782 2286 Accipe
797 2251 895 2286 itaque,
915 2251 996 2278 lector
1010 2251 1132 2283 candide,
1157 2260 1187 2278 ac
1202 2252 1289 2285 fruere
1303 2251 1425 2286 felicibus
1442 2251 1567 2285 auspiciis
1576 2249 1666 2286 pra'da
1681 2257 1764 2284 quam

117 2305 149 2324 ea:
164 2296 318 2324 Grarcorum
335 2294 497 2321 bibliothecis
518 2295 570 2322 tuis
592 2295 684 2322 usibus
702 2295 781 2329 primi
799 2295 953 2322 adveximus
971 2303 980 2322 .'
1006 2303 1158 2329 quanquam
1175 2294 1253 2329 hujus
1268 2303 1340 2329 pars,
1364 2299 1392 2321 ut
1410 2303 1497 2322 rerum
1516 2295 1615 2330 fatear,
1634 2300 1724 2326 nempe
1736 2293 1766 2319 in

118 2339 268 2374 Epistulam
285 2339 319 2366 ad
334 2338 482 2371 Romanos,
498 2343 560 2366 ante
572 2337 673 2372 aliquot
694 2347 777 2366 annos
795 2343 884 2372 erepta
899 2339 1000 2372 fuerat,
1016 2339 1119 2366 Joanne
1137 2338 1266 2366 Louicero
1279 2339 1431 2374 interprete,
1445 2347 1536 2366 verum
1551 2338 1645 2365 mutila
1665 2337 1763 2365 admo-

117 2385 190 2413 dum.
208 2388 236 2409 ut
253 2390 313 2417 qua!
325 2391 357 2409 ne
373 2383 477 2409 tertiam
492 2382 597 2417 quidem
613 2388 713 2415 partem
730 2383 835 2410 haberet
869 2390 960 2409 eorum
973 2391 1031 2417 qute
1049 2391 1117 2410 nunc
1132 2383 1157 2409 in
1175 2391 1233 2410 eam
1247 2382 1395 2418 Epistolam
1409 2383 1456 2411 tibi
1468 2384 1566 2410 damus
1581 2390 1590 2409 :
1605 2390 1698 2417 eaque,
1715 2389 1764 2408 ne-

117 2429 171 2455 scio
187 2427 264 2462 cujus
287 2427 359 2457 vitio,
378 2426 442 2452 satis
459 2426 601 2460 infeliciter
617 2425 762 2454 Latinitate
781 2426 904 2452 donata:
920 2434 1000 2461 neque
1021 2428 1088 2454 enim
1105 2427 1273 2461 interpretem
1292 2433 1386 2455 temere
1407 2436 1535 2454 accusare
1554 2427 1629 2454 velim
1652 2433 1661 2452 .‘
1677 2433 1764 2460 quan-

117 2480 197 2507 quam
218 2472 241 2498 is
256 2471 337 2497 etiam
355 2471 382 2497 in
403 2471 601 2505 nuncupatoria
627 2470 749 2505 lipistola
767 2470 834 2496 satis
856 2470 958 2497 indicat
977 2479 1056 2506 quam
1079 2480 1130 2498 non
1155 2471 1327 2507 magnifaciat
1346 2481 1377 2500 ea
1393 2480 1451 2506 quas
1464 2475 1560 2504 uertat,
1579 2478 1684 2511 seseque
1703 2477 1763 2495 ma-

119 2517 200 2543 luisse
213 2516 241 2541 in
255 2515 308 2541 alio
322 2515 422 2542 versari
439 2519 604 2549 argumento.
622 2523 631 2540 ‹
647 2513 758 2548 .llajori,
775 2514 870 2549 inquit,
885 2514 1059 2542 delectatione
1084 2517 1111 2543 in
1128 2525 1158 2544 eo
1178 2522 1295 2544 versatus
1309 2525 1403 2548 essem,
1419 2517 1443 2543 si
1458 2517 1486 2543 in
1504 2515 1651 2549 Scriptum
1669 2521 1760 2547 scopo,

117 2562 143 2587 in
163 2561 224 2594 fide,
239 2561 264 2586 in
277 2558 377 2586 Christi
393 2560 506 2590 meritis,
521 2558 649 2594 sanguine
664 2563 688 2585 et
705 2564 796 2589 morte,
810 2562 889 2592 atque
903 2559 968 2586 adeo
980 2560 1006 2587 in
1013 2560 1209 2595 justi/icatione
1222 2562 1362 2588 mansisset
1379 2561 1492 2595 ﬁrmiter
1511 2569 1544 2587 ac
1561 2563 1732 2591 constanter;
1748 2568 1757 2583 ι

117 2609 141 2632 et
160 2611 218 2639 post
239 2612 324 2638 pauca
341 2611 350 2631 :
365 2613 374 2630 ‹
395 2603 594 2638 Nonnunquam
612 2610 674 2629 sane
694 2602 777 2629 bonus
798 2603 840 2628 hic
857 2603 896 2629 vir
914 2602 977 2629 dum
996 2602 1079 2630 Pauli
1100 2609 1211 2631 mentem
1230 2613 1281 2632 non
1299 2605 1461 2639 assequitur,
1482 2612 1528 2630 nec
1556 2602 1696 2637 respondet
1712 2610 1758 2636 per

119 2650 207 2676 onmiu
225 2648 321 2676 surculi
333 2647 476 2682 analogiae,
490 2646 613 2681 operibus
630 2647 690 2680 plus
705 2655 781 2681 n'quo
799 2646 902 2677 tribuit,
921 2651 949 2673 ut
962 2653 1088 2681 appareat
1102 2648 1251 2683 theologum
1265 2657 1321 2675 esse
1335 2647 1472 2675 Crwcum:
1485 2655 1596 2682 quorum
1609 2655 1673 2673 sane
1686 2654 1761 2673 com—

118 2686 258 2725 mentaria,
273 2702 332 2721 cum
347 2693 485 2721 Christum
502 2691 612 2718 doceant
628 2697 652 2718 et
669 2692 695 2718 in
710 2690 811 2719 Christi
824 2692 941 2727 gloriam
954 2693 1103 2727 conscripta
1119 2693 1182 2724 sint,
1201 2693 1275 2718 nobis
1291 2691 1362 2717 haud
1373 2692 1464 2718 statim
1479 2697 1540 2728 sunt
1555 2689 1754 2717 contemnenda.

118 2739 259 2769 (Ia-terum,
277 2737 433 2765 Christiano
455 2736 545 2770 potius
562 2735 654 2769 volupe
669 2744 725 2763 esse
743 2735 828 2768 debet,
846 2736 932 2763 videre
951 2741 975 2762 et
993 2744 1133 2771 agnoscere
1147 2744 1197 2770 quo
1211 2735 1280 2762 dono
1302 2740 1398 2763 veteres
1413 2735 1550 2763 Christum
1569 2734 1756 2769 pra'dicarint-

118 2783 276 2819 Quanquam
292 2787 381 2809 autem
397 2789 448 2807 non
462 2788 557 2814 parum
581 2780 658 2806 multi
670 2781 848 2815 reperiuntur,
864 2781 908 2815 qui
925 2780 1005 2807 citius
1023 2781 1097 2806 hunc
1112 2781 1279 2814 interpretem
1296 2780 1349 2807 divi
1364 2779 1446 2807 Pauli
1459 2780 1511 2806 sint
1531 2779 1654 2814 reiecturi
1676 2787 1754 2813 quam

119 2827 212 2854 lecturi
232 2834 348 2854 :eorum
366 2829 454 2852 tamen
469 2824 608 2852 calumnia
632 2826 738 2852 minime
754 2825 820 2852 mihi
844 2824 952 2857 probari
965 2828 1059 2856 potelt.
1081 2824 1134 2851 Cur
1154 2825 1222 2851 enim
1246 2833 1296 2851 non
1315 2825 1403 2859 potius
1423 2824 1476 2851 diri
1491 2823 1611 2858 Apostoli
1627 2828 1756 2858 pra‘cepto

119 2871 296 2905 obsequimur,
313 2868 409 2897 Omnia
424 2869 534 2904 probate
549 2877 558 2902 ,'
574 2869 646 2905 quod
662 2870 763 2898 bonum
780 2873 832 2902 θεῖ,
849 2873 948 2896 tenete.
967 2878 975 2893 )
1197 2898 1206 2919 θ
