1856 3049
73 142 111 177 21
728 145 1020 179 PROLEGOMENA.
1670 143 1709 176 22

117 199 258 228 Hactenus
272 199 414 228 Lonicerus
425 200 459 228 de
470 209 501 228 eo
516 209 590 236 quem
602 202 752 230 vertendum
768 207 928 238 susceperat.
948 201 1045 229 Verum
1063 201 1193 229 nonnulla
1204 201 1232 229 in
1247 200 1341 236 primis
1364 201 1496 239 capitibus
1513 203 1570 229 loca
1587 202 1707 236 confere-

75 252 153 277 mus,
166 253 224 280 qute
241 245 292 278 ipsi
305 245 440 272 nobiscum
456 245 529 280 fuere
543 247 570 273 in
585 246 678 274 Gra'ro
694 248 839 282 exemplari
853 248 1015 280 communia,
1032 247 1111 274 veluti
1126 255 1158 274 es
1173 247 1256 282 ipsius
1270 246 1388 274 versione
1406 247 1498 283 liquet,
1514 255 1565 282 quo
1578 252 1602 274 et
1617 247 1649 274 de
1666 248 1706 275 Itis

74 294 103 316 et
117 289 153 316 de
164 290 226 317 aliis
243 289 310 316 locis
321 290 477 323 innumeris,
495 291 589 325 quibus
605 300 656 318 non
670 292 736 318 satis
751 292 820 318 inter
831 300 875 318 vos
889 292 1020 323 convenit,
1034 291 1116 318 lector
1137 290 1261 326 judicare
1280 291 1367 320 valeat
1390 299 1400 318 .'
1420 296 1445 319 et
1467 292 1582 326 primum
1611 291 1705 320 Greece

77 340 225 367 ponemus,
240 333 336 361 deinde
353 339 472 361 nostram
486 335 641 367 versionem,
653 344 684 362 ac
703 335 779 362 tertio
793 334 914 363 Loniceri
929 336 1015 363 verba.
1031 335 1064 363 In
1079 336 1173 370 primis
1187 344 1265 371 super
1279 335 1326 363 illa
1339 336 1421 371 primi
1436 336 1533 371 capitis
1550 336 1641 368 verba,
1669 336 1712 363 Ad

76 376 265 406 obediendum
285 377 356 410 ﬁdei,
372 378 417 404 ubi
434 379 472 405 ait
488 379 634 413 interpres:
649 379 703 406 Καὶ
718 379 771 414 γὰρ
784 379 809 406 oi.

979 381 1119 415 saypovslv
1133 380 1260 416 γέννησιν
1279 380 1326 408 καὶ
1338 380 1433 407 οὐσίαν
1446 380 1526 413 Θεοῦ,
1539 380 1608 407 ἀλλὰ
1632 379 1712 415 μόνον

78 421 244 455 ὑπακούειν,
258 421 327 457 quod
343 430 390 449 nos
411 424 449 449 ita
467 423 630 451 reddidimus
644 432 653 450 :
667 433 677 450 ‹
694 422 784 459 Neque
796 424 864 451 enim
880 428 979 458 oportet
999 423 1048 450 Dei
1062 424 1258 459 generationem
1272 424 1310 451 sel
1330 423 1508 451 substantiam
1521 425 1625 451 curiose
1638 432 1714 450 scru-

78 466 148 499 tari,
162 466 208 493 sed
223 470 325 494 tantum
338 465 452 499 obedire,
470 477 480 493 s
497 467 552 502 ipse
563 476 620 495 vero
631 469 670 495 sic
683 467 760 495 habet
776 477 786 495 :
802 477 811 494 t
830 467 935 495 Etenim
962 476 1014 494 non
1039 472 1140 502 oportet
1155 468 1236 498 variis
1255 468 1380 502 occupari
1408 467 1485 495 rebus
1501 476 1559 494 eum
1584 469 1629 502 qui
1648 466 1712 493 Filii

78 508 133 536 Dei
151 510 347 544 generationem
360 515 385 537 et
395 511 535 538 essentiam
553 512 654 539 novisse
670 512 741 544 velit,
764 511 808 539 sed
829 511 995 539 solummodo
1018 511 1093 538 verbo
1118 511 1232 538 obedire.
1253 520 1263 537 ›
1282 511 1380 538 Eodem
1404 512 1503 546 capite,
1519 519 1599 546 super
1624 511 1704 542 illud,

77 553 237 581 lnvisibitia
252 555 325 581 enim
351 554 438 591 ipsius
451 562 482 582 ex
498 555 635 584 creatione
656 556 751 583 mundi
767 556 895 591 operibus
916 555 1053 584 intellecta
1082 555 1292 591 conspiciuntur
1307 565 1313 582 :
1333 555 1426 584 Graeca
1445 564 1454 583 :
1472 556 1506 583 τὰ
1519 556 1624 591 ἀόρατα
1645 555 1710 589 γὰρ,

79 598 179 632 φησὶν,
197 595 253 625 οἷον
268 598 377 633 ἄγγελοι
391 599 438 626 καὶ
452 600 479 626 αἱ
495 600 573 627 ἄλλαι
589 600 730 636 ἀσώματοι
744 600 844 628 οὐσίαι.
861 601 929 626 Ποῖα
948 600 1034 627 ταῦτα
1047 608 1055 632 ;
1082 599 1122 626 Τὰ
1139 600 1192 626 ἀπὸ
1208 600 1325 632 κτίσεως
1349 601 1452 635 κόσμου
1475 601 1513 632 εἰς
1535 600 1642 634 γένεσιν
1656 608 1709 625 πα-

81 641 228 677 ραχθέντα,
242 647 334 670 nostra
349 644 433 670 oersio
457 651 466 669 :
485 653 494 670 ι
510 644 647 679 Siquidem
661 645 815 676 invisibilia,
831 644 880 676 ait,
900 649 965 677 puta
979 644 1066 679 angeli
1093 648 1246 678 cteterteque
1261 644 1417 672 substantia
1441 644 1611 677 incorporea.
1629 643 1708 676 Qua:-

78 692 144 712 nam
158 692 219 713 sunt
234 686 289 714 hazc
303 687 478 720 incorporea?
494 688 559 721 Qute
570 696 603 716 εει
617 689 748 715 creatione
762 688 853 715 mundi
870 688 904 714 ad
914 696 970 715 esse
981 688 1107 722 perducta
1127 692 1199 715 sunt.
1215 697 1225 714 ι
1244 686 1387 714 Lonicerus
1405 695 1414 714 .'
1434 697 1443 714 ‹
1466 687 1618 715 Invisibilia
1628 687 1707 719 enim,

78 730 180 764 inquit.
194 731 356 763 Qualianam
370 731 449 759 hac?
464 732 528 765 Quae
541 741 558 760 a
569 733 676 760 condito
702 733 798 759 mundo
817 732 850 759 ad
865 733 1061 766 generationem
1074 740 1163 759 rerum
1179 738 1286 767 peracta
1303 736 1376 758 sunt.
1395 740 1405 757 ›
1425 731 1574 766 Statimque
1595 736 1711 765 postmo-

78 773 146 800 dum
164 775 208 801 ubi
223 775 315 803 Grteca
327 775 432 809 Itabent,
444 776 499 803 τῶν
517 777 704 812 παρηγμένων
723 778 762 808 εις
779 777 810 810 γέ

977 785 1005 804 ra
1027 777 1111 804 versio
1127 784 1135 803 :
1152 785 1161 802 t
1179 776 1219 803 Ea
1235 784 1293 812 qua:
1309 776 1344 802 ad
1355 783 1413 802 esse
1432 775 1562 809 producta
1587 781 1647 802 sunt
1662 783 1671 806 ;
1701 785 1710 801 ι

78 817 227 846 Lonicerus
240 828 249 846 :
270 829 279 845 α
298 819 365 853 Qua:
380 821 557 856 generationis
569 823 612 849 uia
623 822 754 856 producta
767 826 840 848 sunt.
862 830 871 846 ι
891 820 924 847 In
937 822 989 855 ﬁne
999 821 1094 855 capitis
1107 827 1185 854 super
1195 828 1226 847 ea
1240 820 1330 851 verba,
1347 818 1406 846 Non
1420 819 1511 846 solum
1537 818 1651 850 faciunt,
1667 827 1714 845 ve-

80 869 143 888 rum
160 863 242 890 ctiam
258 864 448 891 assentiuntur
475 865 697 900 perpetrantibus
710 874 718 893 :
732 860 777 891 ubi
792 865 899 893 Ct'tecus
918 864 1039 892 Isidorus
1054 864 1145 892 retulit
1161 865 1290 899 quosdam
1306 864 1384 891 aliter
1398 863 1491 898 legere,
1514 871 1546 889 ac
1559 863 1715 889 contrudere

78 906 241 940 deprauatus
256 915 311 935 esss
325 908 429 936 Graecos
443 910 555 942 codices,
574 909 731 944 tandemque
748 909 811 944 subj

980 908 996 935 Ξ)
1015 909 1043 935 δὲ
1072 909 1134 936 οὕτε
1148 909 1324 944 ἡμαρτῆσθαι
1341 909 1369 935 ὲν
1383 908 1472 944 τούτῳ
1496 908 1585 943 φήσας
1598 907 1632 934 τὰ
1645 907 1713 933 ἀπο-

79 950 194 977 στολικᾰ
210 951 310 986 βιϐλία,
326 952 393 979 οὕτε
411 953 597 989 καταδραμεῖν
620 954 675 981 τῶν
700 954 737 990 μὴ
754 954 922 989 νενοηκότων
947 953 1073 989 φράσας,
1098 954 1155 984 τοῖς
1171 953 1376 988 ἐντευξομένοις
1394 951 1533 987 ἐπιτρέψω
1547 951 1595 987 τὴν
1611 950 1713 986 ψῆφον.

78 994 157 1029 Φημὶ
167 995 265 1028 τοίνυν,
281 997 322 1023 ὅτι
338 996 431 1032 ἐπειδὴ
453 997 500 1024 τοῦ
520 998 695 1033 πλημμελεῖν
716 998 746 1025 τὸ
761 999 884 1024 ἐπαινεῖν
903 998 966 1030 τοὺς
984 997 1215 1033 πλημμελοῦντας
1241 997 1332 1033 πολλῷ
1349 996 1552 1032 ὲργαλεώτερόν
1581 997 1640 1022 ἐστι
1668 995 1715 1022 καὶ

81 1039 178 1073 μεῖζον
207 1040 246 1070 εις
266 1040 402 1072 κολάσεως
422 1041 512 1075 λόγον,
532 1042 645 1073 εἰκότως
660 1041 780 1077 εἴρηται,
806 1042 843 1068 Ob
858 1041 937 1076 μόνον
953 1041 1023 1068 αὐτὰ
1039 1041 1174 1074 ποιοῦσιν,
1189 1041 1258 1068 ἀλλὰ
1275 1041 1322 1068 καὶ
1333 1039 1522 1067 συνευδοκοῠσι
1539 1040 1595 1070 τοῖς
1624 1038 1714 1073 πράσ-

80 1090 185 1114 σουσιν,
202 1088 294 1110 nostra
316 1085 399 1111 versio
415 1092 425 1112 :
442 1094 451 1111 ι
470 1085 527 1120 Ego
544 1090 631 1112 autem
647 1093 728 1120 neque
750 1085 778 1112 in
801 1085 849 1112 hoc
862 1085 1019 1120 depravatae
1034 1093 1090 1113 esse
1108 1085 1210 1113 codices
1225 1085 1384 1120 apostolicos
1410 1092 1541 1117 asserens,
1557 1091 1639 1119 neque
1655 1090 1715 1109 cum

80 1126 124 1153 his
143 1127 189 1161 qui
201 1135 252 1155 non
268 1127 451 1155 intellexerunt
474 1129 630 1156 contendere
655 1129 753 1161 volens.
779 1129 921 1157 lectoribus
940 1129 1026 1166 isthuc
1043 1129 1222 1163 judicandum
1237 1129 1400 1164 permittam.
1419 1128 1483 1155 Dico
1497 1135 1558 1162 ergo
1572 1126 1641 1162 quod
1655 1134 1715 1153 cum

81 1178 128 1196 eos
145 1171 191 1205 qui
211 1176 319 1205 peccant
332 1171 486 1199 collaudato
500 1172 576 1208 longe
589 1173 724 1206 operosius
738 1173 773 1200 sit
785 1181 818 1200 ac
834 1173 920 1207 magis
931 1172 966 1199 ad
982 1172 1105 1205 supplicii
1121 1173 1254 1200 rationem
1265 1177 1428 1199 momentum
1443 1171 1540 1198 habeat
1553 1178 1635 1205 quam
1654 1178 1714 1203 pec-

81 1222 156 1245 care.
175 1215 266 1242 merito
279 1215 380 1242 dictum
389 1220 439 1248 est,
455 1215 514 1244 Non
532 1217 621 1244 solum
641 1224 674 1245 ea
690 1217 805 1249 faciunt,
818 1223 911 1244 verum
927 1217 1009 1244 etiam
1029 1216 1221 1244 assentiuntur
1250 1215 1484 1251 perpetrantibus.
1508 1224 1518 1241 ι
1546 1214 1690 1242 Lanicerus
1707 1224 1714 1242 :

85 1267 96 1282 ί
118 1257 172 1293 Ego
185 1267 244 1286 vero
260 1267 340 1294 neque
352 1268 457 1287 errasse
472 1261 631 1288 existimans
646 1261 805 1295 apostolicos
821 1260 914 1293 libros,
930 1268 1011 1296 neque
1035 1261 1181 1288 assentiens
1195 1259 1249 1287 illis
1260 1261 1305 1294 qui
1324 1268 1375 1286 non
1389 1260 1506 1287 assecuti
1520 1263 1583 1286 sunt
1600 1265 1714 1286 mentem

85 1300 177 1335 Pauli,
195 1304 334 1331 lectoribus
346 1304 626 1340 isthuc-judicandum
641 1306 805 1341 permittam.
830 1304 928 1333 Censeo
952 1304 1034 1340 igitur
1048 1303 1117 1339 quod
1133 1303 1214 1331 simul
1231 1307 1310 1338 atque
1322 1303 1502 1339 delinquentes
1529 1303 1715 1330 commendare

84 1346 148 1373 dum
160 1346 359 1382 delinquuntsit
375 1349 457 1376 multo
473 1348 609 1376 molestius
623 1357 653 1376 ac
669 1349 756 1384 majus
770 1358 849 1384 quam
856 1349 1019 1384 delinquere,
1033 1349 1129 1375 merito
1153 1348 1202 1375 hac
1217 1347 1405 1381 castigationis
1421 1347 1525 1375 ratione
1546 1346 1646 1374 dictum
1662 1351 1713 1378 est,

87 1389 147 1417 Non
168 1391 254 1418 solum
269 1399 301 1419 ea
319 1391 432 1426 faciunt,
451 1400 546 1421 verum
563 1393 646 1421 etiam
659 1394 801 1430 agentibus
817 1394 1016 1422 assentiuntur.
1035 1401 1044 1419 ›
1062 1392 1096 1420 Ει
1113 1400 1263 1428 quanquam
1279 1392 1306 1419 in
1332 1392 1449 1426 margine
1466 1391 1539 1418 dicat
1553 1399 1581 1419 se
1600 1391 1716 1426 ﬁdeliter

86 1435 233 1463 reddidisse
247 1437 317 1471 quod
330 1437 451 1465 Gra’cum
462 1438 598 1473 exemplar
612 1438 736 1471 habebat,
751 1446 784 1466 ea:
811 1438 896 1472 ipsius
925 1442 1012 1464 tamen
1045 1437 1163 1463 versione
1195 1436 1261 1463 satis
1289 1436 1368 1470 liquet
1394 1435 1483 1463 eodem
1510 1434 1587 1462 modo
1613 1443 1663 1470 quo
1691 1439 1716 1462 et

88 1485 136 1504 nos
155 1477 249 1506 Greeca
268 1478 380 1513 legisse;
397 1474 502 1514 rerum,
527 1488 586 1507 cum
601 1489 633 1508 ea
661 1480 740 1508 aliter
750 1480 932 1513 intellexisset,
955 1479 1078 1516 quaedam
1104 1479 1271 1511 immutasse,
1299 1479 1355 1506 alia
1386 1487 1445 1506 vero
1470 1477 1617 1505 addidisse.
1646 1476 1715 1504 Item

87 1530 166 1556 super
185 1523 252 1550 illud
272 1524 375 1558 septimi
393 1525 498 1559 capitis,
517 1523 584 1552 Νονί
611 1525 684 1560 quod
708 1532 762 1552 non
790 1524 895 1552 habitet
914 1523 942 1551 in
967 1531 1011 1552 me
1024 1544 1032 1557 ,
1050 1525 1102 1551 hoc
1130 1527 1192 1556 est,
1220 1523 1248 1550 in
1277 1530 1360 1550 carne
1375 1530 1446 1554 mea,
1463 1523 1576 1555 bonum,
1596 1521 1688 1549 (ἔπεσα
1705 1530 1714 1548 ;

87 1566 124 1592 Τὺ
139 1566 310 1599 αὐτεξούσιον
336 1567 407 1594 θέλει
423 1569 519 1602 δεῖξαι,
546 1569 595 1596 καὶ
618 1570 660 1596 ὅτι
688 1570 702 1596 ὸ
719 1569 861 1606 ἄνθρωπος
881 1567 984 1603 Κύριος
998 1567 1048 1602 τῆς
1067 1567 1110 1594 ἐπ’
1122 1567 1206 1602 ᾶμφω
1220 1565 1267 1593 τοῦ
1282 1575 1312 1592 τε
1325 1565 1429 1600 ἀγαθοῦ
1447 1566 1496 1592 καλ.
1519 1565 1604 1592 κακοῦ
1618 1566 1713 1600 ῥοπῆς-

87 1610 170 1644 eum
183 1608 246 1636 οὖν·
263 1612 324 1638 Οὐκ
342 1611 419 1638 οἰκεῖ
437 1611 472 1638 ἐν
496 1612 560 1646 ἐμοὶ
578 1613 609 1638 τὸ
624 1612 738 1647 ἀγαθόν
752 1619 760 1626 ’
785 1613 834 1639 οὐκ
853 1612 1117 1648 ἀποκεκληρωμένον
1145 1613 1192 1638 καὶ
1215 1611 1322 1646 ἀνάγκῃ
1334 1611 1390 1637 τινὶ
1410 1610 1570 1646 παραμένον
1596 1619 1640 1645 μοι
1662 1609 1716 1644 ἔχω

90 1653 120 1679 τὸ
134 1654 262 1688 πράττειν
276 1654 310 1680 τὰ
324 1655 426 1688 ἀγαθὰ,
437 1655 507 1682 ὥστε
519 1656 567 1681 καὶ
581 1655 650 1691 πρὸς
666 1655 726 1691 βίαν
741 1656 870 1690 ἀφέλκειν
894 1665 928 1692 με
944 1656 997 1683 τῶν
1012 1655 1104 1683 κακῶν
1117 1664 1123 1670 ·
1139 1655 1218 1682 τοῦτο
1231 1655 1285 1690 γὰρ
1301 1653 1418 1689 οἴκησις,
1433 1654 1450 1689 ἡ
1465 1654 1506 1683 εις
1521 1654 1565 1680 ἀεὶ
1589 1652 1714 1688 διαμονὴ,

91 1697 137 1723 καὶ
148 1695 204 1723 οἷον
219 1697 369 1730 ὲγκάθισις.
388 1698 491 1726 Nastra
506 1700 612 1726 versio:
631 1709 640 1726 ι
665 1700 777 1727 Arbitrii
797 1700 824 1727 lil

982 1701 1017 1728 ult
1035 1700 1185 1732 ostendere,
1202 1699 1324 1735 quodque
1339 1699 1416 1726 homo
1436 1698 1560 1724 dominus
1577 1697 1612 1724 sit
1624 1702 1715 1731 poten-

90 1741 135 1767 tiw
146 1741 181 1767 ad
194 1745 334 1777 utrumque
346 1747 400 1770 tam
412 1744 507 1770 bonum
519 1751 600 1778 quam
614 1745 724 1772 malum.
741 1744 858 1780 Aitsrgo
881 1753 890 1772 .'
907 1745 965 1772 Non
977 1744 1085 1772 habitat
1098 1745 1126 1771 in
1146 1751 1189 1771 me
1217 1744 1318 1770 bonum
1335 1751 1342 1770 :
1361 1749 1413 1769 non
1433 1741 1499 1768 mihi
1526 1746 1599 1768 sorte
1621 1740 1714 1767 datum

90 1789 136 1811 aut
148 1785 305 1812 necessitate
316 1786 433 1820 quatiant
450 1787 520 1820 apud
536 1795 575 1814 nte
588 1796 743 1822 permanens
755 1789 837 1816 habeo
855 1793 884 1816 ut
900 1788 969 1816 bona
988 1796 1089 1823 operer,
1102 1788 1141 1815 ita
1157 1791 1187 1815 ut
1206 1788 1231 1815 vi
1245 1786 1362 1821 quadam
1375 1785 1540 1813 abstraheret
1565 1793 1605 1812 me
1619 1794 1635 1812 a
1656 1793 1715 1812 ma-

90 1828 134 1856 lis.
153 1828 225 1855 Nam
241 1838 271 1856 ea
287 1830 386 1858 dicitur
400 1831 543 1864 habitatio,
558 1836 685 1866 perpetua
700 1832 820 1860 videlicet
843 1834 1029 1867 permanentia
1045 1841 1076 1860 ac
1091 1834 1172 1860 veluti
1199 1832 1355 1860 residentia.
1376 1841 1386 1857 ›
1404 1830 1550 1858 Lonicerus
1563 1837 1573 1857 :
1592 1838 1602 1856 s
1623 1829 1716 1856 Liber-

91 1877 169 1900 tatem
185 1873 240 1900 uult
254 1874 398 1908 ostendere,
413 1884 504 1910 nempe
515 1875 584 1911 quod
599 1876 677 1904 homo
692 1884 743 1903 non
768 1877 803 1904 sit
821 1876 944 1904 dominus
960 1877 994 1904 ad
1015 1877 1077 1904 boni
1106 1877 1222 1910 malique
1243 1881 1419 1902 momentum.
1444 1875 1517 1902 Dicit
1542 1874 1641 1908 itaque,
1656 1872 1715 1901 Non

90 1918 195 1944 habitat
211 1919 238 1945 in
255 1925 298 1945 me
311 1919 413 1946 bonum
427 1929 434 1946 :
448 1927 498 1946 non
514 1924 553 1947 est
570 1926 681 1953 certum,
699 1929 782 1956 neque
796 1922 943 1948 necessario
960 1921 1031 1956 apud
1050 1928 1090 1947 me
1104 1925 1239 1954 permanet
1260 1924 1288 1946 ut
1305 1919 1403 1953 possim
1421 1918 1490 1945 bona
1506 1918 1627 1952 persequi
1641 1924 1650 1943 :
1662 1918 1716 1944 imo

92 1965 187 1988 natura
217 1970 274 1989 mea
288 1962 354 1990 adeo
367 1969 494 1998 corrupta
511 1969 559 1998 est,
579 1970 608 1991 ut
623 1965 647 1992 ui
663 1965 779 1999 quadam
794 1965 828 1992 ad
843 1965 915 1992 mala
929 1973 970 1992 me
990 1965 1136 1998 pertrahat.
1154 1962 1187 1990 Id
1208 1963 1278 1990 enim
1299 1967 1337 1989 est
1362 1962 1444 1989 veluti
1456 1961 1592 1988 Itabitatio
1604 1961 1716 1988 assidua

92 2006 256 2040 perduratio,
269 2011 294 2034 et
309 2007 389 2034 veluti
399 2009 531 2036 consessio
541 2013 580 2036 est
603 2017 635 2036 ac
652 2009 807 2036 residentia.
827 2019 836 2035 ι
854 2009 895 2036 Ea:
909 2009 1003 2037 harum
1014 2008 1172 2036 deductione
1194 2008 1261 2034 satis
1281 2012 1390 2041 apparet
1410 2014 1462 2033 non
1478 2014 1534 2033 esse
1561 2006 1716 2041 typographi

92 2050 153 2076 vitio
167 2050 289 2078 additum
308 2051 460 2079 adverbium
473 2045 664 2087 negandinori,
680 2054 758 2080 initio
771 2053 849 2088 hujus
872 2052 1012 2088 particulae
1030 2057 1075 2080 :et
1090 2053 1172 2079 etiam
1193 2059 1225 2078 ea:
1241 2059 1271 2078 eo
1287 2051 1356 2087 quod
1385 2051 1412 2077 in
1433 2050 1552 2085 margine
1571 2054 1716 2076 annotavso

95 2092 152 2119 rit:
172 2102 181 2118 ι
201 2092 335 2120 Adversus
351 2094 461 2121 liberum
477 2095 630 2122 arbitrium.
649 2105 658 2122 ι
674 2095 740 2124 Cum
756 2101 845 2123 autem
869 2104 920 2123 non
934 2097 1001 2123 satis
1019 2100 1123 2129 cuperet
1141 2095 1244 2127 Grteca,
1265 2094 1381 2125 addidit,
1399 2102 1453 2121 non
1468 2103 1474 2121 :
1488 2099 1513 2120 et
1528 2093 1611 2127 infra,
1628 2102 1637 2119 ε
1656 2091 1717 2120 Imo

94 2140 190 2163 natura
204 2144 262 2163 mea
277 2137 343 2164 adeo
358 2143 485 2173 corrupta
496 2144 546 2170 est,
563 2148 572 2165 ,-
588 2139 659 2174 quud
669 2145 773 2173 putaret
788 2140 815 2166 id

980 2145 1019 2167 ter
1034 2140 1112 2167 verba
1127 2140 1265 2175 sequentia
1277 2138 1349 2165 ὥστε
1360 2138 1407 2165 καὶ
1421 2137 1491 2173 πρὸς
1506 2137 1567 2172 βίαν
1583 2137 1711 2171 ἀφέλκειν

96 2188 128 2214 με
139 2180 192 2206 τῶν
203 2180 308 2213 κακῶν,
323 2189 381 2216 quae
390 2189 529 2216 perperam
540 2182 678 2210 intellecta
692 2184 780 2216 vertit,
797 2189 841 2211 «ut
853 2185 878 2211 vi
893 2184 1010 2219 quadam
1021 2184 1055 2210 ad
1067 2183 1140 2210 mala
1151 2191 1191 2210 me
1205 2183 1349 2217 pertrahat.
1360 2192 1368 2208 ι
1385 2183 1450 2209 Hac
1463 2181 1511 2208 alii
1519 2189 1609 2215 prava
1621 2181 1716 2208 mentis

95 2225 180 2258 potius
196 2233 253 2252 esse
265 2223 382 2252 dicerent
399 2233 480 2260 quam
504 2226 663 2261 ignorantia:
679 2234 689 2254 :
711 2231 766 2254 tum
789 2232 895 2262 propter
905 2237 936 2256 ea
956 2237 1015 2263 qua:
1038 2235 1119 2262 supra
1147 2228 1260 2255 recitata
1285 2231 1392 2254 suntex
1414 2226 1609 2261 nuncupatoria
1634 2226 1718 2260 ipsius

97 2268 228 2302 Epistula,
243 2275 297 2296 tum
307 2274 413 2304 propter
430 2270 486 2297 alia
504 2271 627 2305 quadam
641 2271 773 2306 ejusmodi
787 2280 795 2298 :
808 2276 836 2298 ut
850 2271 920 2307 quod
933 2273 1062 2300 nonnulla
1079 2272 1215 2307 reliquerit
1230 2271 1265 2298 ad
1277 2271 1327 2298 illa
1341 2271 1422 2299 Pauli
1439 2270 1519 2298 verba
1545 2271 1660 2297 secundo
1672 2277 1718 2296 ca-

96 2313 146 2347 pite
163 2321 172 2340 :
188 2313 236 2341 llis
252 2313 361 2348 quidem
380 2314 426 2349 qui
444 2313 594 2341 secundum
609 2315 782 2342 tolerantiam
804 2316 867 2342 boni
882 2317 983 2352 operis,
997 2320 1066 2349 etc.,
1092 2315 1136 2343 ubi
1157 2314 1252 2343 Grteea
1263 2314 1358 2342 habent
1376 2324 1382 2342 :
1403 2315 1440 2341 Οὺ
1457 2314 1512 2349 γὰρ
1529 2314 1609 2349 μόνον
1632 2314 1649 2349 ἠ
1670 2313 1717 2340 πι-

97 2366 151 2389 στις
168 2357 258 2393 ἀρκεῖ,
295 2357 362 2385 ἀλλὰ
384 2358 431 2385 καὶ
460 2357 548 2393 ἔργων
573 2359 672 2394 χρεία·
695 2360 835 2395 ὑπομονὴν
856 2360 884 2387 δὲ
903 2360 999 2393 εἰπὼν,
1015 2360 1147 2395 γενναίως
1180 2359 1253 2395 ἔχειν
1280 2358 1401 2386 διδάσκει
1430 2359 1498 2394 πρὸς
1532 2359 1595 2390 τοὺς
1622 2366 1718 2393 πειρα-

99 2401 190 2436 σμούς.
208 2401 265 2428 Hoc
279 2406 318 2428 est
337 2409 346 2428 :
361 2400 453 2436 Neque
465 2404 535 2430 enim
547 2403 604 2429 sola
620 2403 685 2437 ﬁdes
701 2404 806 2438 sufﬁcit,
825 2403 870 2431 sed
896 2409 920 2431 et
939 2412 1019 2438 opera
1047 2409 1110 2431 sunt
1139 2403 1306 2431 necessaria.
1325 2402 1392 2430 Cum
1409 2408 1498 2429 autent
1510 2402 1578 2438 dixit
1599 2401 1717 2428 toleran—

100 2446 172 2477 tiam,
198 2446 272 2473 docet
305 2451 334 2472 ut
363 2446 490 2473 adversus
515 2447 673 2478 tentationes
698 2452 720 2474 et
734 2436 901 2482 “nﬂlictiones
928 2436 1033 2476 strenue
1057 2457 1084 2476 se
1098 2449 1223 2476 habeant.
1263 2447 1324 2482 Ipse
1358 2439 1428 2479 vein,
1452 2436 1552 2474 relict'is
1584 2445 1718 2481 prioribus

100 2490 249 2530 rerbis.de
284 2491 337 2525 ﬁde
363 2495 387 2518 et
414 2491 548 2526 operibus,
586 2500 664 2518 suam
697 2493 839 2519 versionem
869 2501 886 2519 a
917 2492 1086 2527 sequentibus
1131 2492 1236 2526 incipit,
1268 2491 1316 2518 hoc
1356 2492 1435 2518 modo
1461 2498 1470 2517 :
1495 2499 1504 2516 ι
1537 2489 1718 2523 Tolerantiam

100 2534 195 2566 dicens,
211 2535 284 2561 docet
298 2540 326 2562 ut
342 2543 398 2562 sese
412 2540 518 2562 strenue
529 2536 668 2563 adversum
685 2537 842 2563 tentationes
855 2541 958 2572 gerant.
981 2546 989 2562 ι
1009 2537 1044 2563 Et
1057 2536 1121 2563 mihi
1132 2536 1238 2572 quidem
1256 2535 1336 2570 facile
1350 2534 1520 2570 persuadebit
1549 2535 1641 2569 priora
1668 2533 1717 2560 illa

99 2578 174 2606 verba
184 2579 332 2606 desiderata
346 2579 430 2614 fuisse
443 2581 469 2606 in
485 2588 532 2607 suo
544 2580 699 2614 exemplari,
712 2585 739 2607 ut
754 2581 822 2616 quod
833 2582 940 2608 tertiam
958 2582 1064 2608 vixdum
1079 2585 1185 2615 partem
1196 2580 1318 2607 [tabuerit
1328 2588 1420 2607 eorunt
1431 2587 1490 2615 qum
1499 2587 1533 2606 es:
1550 2583 1640 2606 nostro
1650 2586 1708 2605 uer-

101 2623 177 2650 timus
191 2629 200 2649 :
219 2627 246 2648 at
261 2631 350 2649 rereor
365 2631 396 2650 ne
404 2623 431 2650 id
447 2623 507 2650 aliis
518 2622 676 2657 persuadere
691 2631 741 2650 non
757 2624 851 2657 possit,
871 2632 900 2651 eo
917 2627 986 2659 quod
1002 2625 1030 2652 in
1056 2625 1184 2660 prooemio
1211 2624 1321 2654 dixerit,
1346 2623 1441 2650 bonum
1465 2624 1534 2649 hunc
1545 2622 1628 2649 virum
1653 2622 1716 2649 dum

104 2666 178 2693 Pauli
196 2670 308 2692 mentem
321 2675 372 2693 non
388 2668 548 2702 assequitur,
565 2675 611 2694 nec
624 2667 762 2701 respondet
775 2676 819 2700 per
832 2668 921 2694 omnia
936 2667 999 2701 ﬁdei
1010 2666 1155 2700 analogia,
1181 2665 1303 2700 operibus
1327 2665 1387 2700 plus
1414 2673 1488 2700 (equo
1516 2663 1638 2690 tribuere.
1663 2662 1718 2698 Ego

103 2715 184 2736 tamen
193 2718 223 2736 eo
237 2717 294 2736 sunt
313 2711 467 2743 propensior
479 2712 579 2743 animo,
593 2715 622 2737 ut
644 2711 698 2738 hmc
710 2711 750 2737 illi
773 2712 912 2746 contigisse
931 2711 1048 2744 credam,
1070 2711 1140 2746 quod
1164 2711 1225 2737 aliis
1248 2711 1325 2738 rebus
1347 2714 1483 2744 occupato,
1513 2716 1565 2735 non
1591 2709 1719 2735 vacaverit

101 2754 215 2785 exactius
231 2755 285 2781 htec
296 2754 441 2788 ponderare
457 2761 465 2780 :
479 2762 523 2781 nec
539 2759 641 2781 tantunt
651 2755 732 2780 studii
750 2756 833 2782 sacris
850 2755 956 2782 Litteris
968 2763 998 2782 ac
1012 2755 1088 2782 rebus
1103 2755 1255 2790 theologicis
1268 2753 1417 2788 impendere
1434 2752 1560 2787 potuerit,
1583 2761 1662 2787 quam
1679 2752 1720 2779 illi

103 2799 145 2834 qui
159 2798 241 2825 nullis
251 2798 312 2825 aliis
329 2798 451 2825 distracti
470 2799 577 2831 studiis,
597 2800 644 2824 toti
661 2799 701 2824 his
715 2799 879 2826 incumbunt.
897 2798 1028 2826 Ceterum
1042 2799 1200 2833 priusquam
1211 2800 1245 2825 ad
1259 2799 1344 2832 ipsam
1367 2797 1496 2823 accedam
1512 2797 1718 2827 enarrationem,

103 2843 211 2875 primunt
225 2842 284 2869 loca
295 2842 418 2877 qutedam
434 2842 576 2877 subjiciam
592 2843 618 2869 in
634 2843 727 2877 quibus
740 2842 884 2870 dissidebat
910 2847 1031 2870 nostrum
1055 2842 1190 2876 exemplar
1216 2842 1247 2868 ab
1261 2842 1301 2868 his
1316 2848 1375 2875 quia
1390 2840 1467 2875 vulgo
1497 2840 1720 2874 circumferuntur

105 2886 199 2914 (iratis
218 2887 412 2923 exemplaribus
427 2895 435 2916 :
448 2886 518 2922 quod
532 2891 619 2914 tamen
635 2895 686 2919 non
705 2895 766 2913 raro
777 2887 877 2921 factum
899 2887 991 2922 opinor
1005 2887 1176 2914 librariorum
1200 2890 1246 2912 aut
1263 2885 1484 2921 tgpographorum
1508 2885 1623 2915 incuria,
1649 2884 1717 2918 quod
