1856 3049
43 143 93 177 29

755 147 1051 180 PROLEGOMENA.

695 294 755 322 ΚΑΙ
781 295 902 328 ΑΛΛΩΣ,
919 294 1090 323 ΥΠΟΘΕΣΙΣ

417 381 532 424 ΤΩΝ
568 376 832 424 ΠΡΑΞΕΩΝ
863 380 978 424 ΤΩΝ
1014 378 1357 424 ΑΠΟΣἸὈΛΩΝ

659 548 765 579 [ΤΕΜ
796 548 848 578 ET
876 547 980 579 ALIO
1012 547 1150 579 MODOp

293 631 711 678 ARGUMENTUM
737 631 800 676 IN
838 631 982 676 ACTA
1028 629 1497 677 APOSTOLORUM.

102 805 141 832 Et
156 805 208 832 καὶ
224 805 341 840 Πράξεις
357 805 388 832 τὸ
400 804 502 840 βιϐλίον
515 805 720 841 ἐπιγέγραπται
736 805 792 832 τῶν
802 806 835 832 ἀπ

974 809 1117 841 Quanquam
1130 805 1201 834 liber
1214 805 1365 841 inscriptus
1377 806 1414 834 sit
1427 805 1495 833 Acta
1505 807 1707 842 apostolorum.

60 851 196 882 στόλων.
217 851 275 879 ἀλλ’
288 852 325 884 ὡς
344 853 390 878 ἐπὶ
405 852 436 878 τὸ
463 852 530 878 πολὺ
546 851 596 884 τὰς
611 852 657 879 τοῦ
676 852 782 879 Παύλου
795 861 873 888 περι-

60 899 140 932 έχει,
160 897 198 930 ἃς
215 898 261 924 καὶ
276 899 289 924 ὁ
318 898 424 929 Λουκᾶς
440 897 562 933 ἀκριϐῶς
589 898 739 932 ἐγίνωσκε,
760 898 809 926 ﬁt:
825 899 872 926 καὶ

63 944 255 978 συνέκδημος
268 944 342 979 αὐτῷ
357 943 477 978 γεγονὼς
496 944 544 971 καὶ
554 943 719 979 ὁμοδίαιτος,
736 945 783 971 καὶ
807 944 873 971 πολ-

61 990 129 1022 λοῖς
145 990 227 1025 αὺτῷ
240 991 296 1022 τοῖς
314 990 474 1024 ἀναγκαίοις
499 990 757 1026 ὑπηρετησάμενος.
776 991 872 1025 Ἀναγ-

61 1036 164 1068 statim;
183 1037 212 1063 δὲ
240 1037 295 1063 ἀπὸ
310 1037 365 1064 τῶν
381 1037 469 1064 ἄλλων
485 1037 644 1064 ἀποστόλων
670 1037 774 1073 ἦρξα-ιο
799 1038 871 1073 πρά-

63 1084 157 1117 ξεων.
173 1083 248 1115 Οὐδὲ
256 1083 310 1118 γὰρ
321 1080 354 1118 ἦν
371 1082 459 1114 ἄλλως
470 1082 520 1117 τὴν
533 1083 603 1109 κατὰ
613 1083 659 1110 τὸν
676 1083 872 1110 ΠαῦλονΊστο-

65 1129 136 1164 ρίαν
152 1127 323 1162 ἀκρισῶσαι,
351 1128 388 1164 μὴ
411 1128 460 1163 τῆς
476 1129 531 1155 τῶν
558 1128 715 1155 ἀποστόλων
731 1128 873 1164 προτεθει-

67 1173 180 1208 μένης.
193 1172 247 1199 Ποῦ
259 1173 312 1208 γὰρ
323 1173 352 1200 τὸ
365 1173 419 1208 πρὸ
433 1172 482 1200 τοῦ
495 1173 655 1209 προσελθεῖν
663 1173 702 1209 τῷ
713 1173 871 1209 κηρύγματι

64 1219 188 1246 Παῦλον
203 1218 279 1253 ὠμὸν
295 1219 378 1245 αὑτοῦ
395 1219 442 1246 καὶ
468 1219 600 1255 θηριῶδες
620 1219 688 1254 πρὸς
703 1220 765 1251 τοὺς
784 1220 872 1255 μαθη-

65 1265 124 1297 τὰς
150 1265 286 1300 διεφάνης
305 1266 353 1292 καὶ
368 1265 386 1301 ή
407 1265 475 1300 πρὸς
504 1265 550 1292 τὸν
566 1265 676 1300 ἀνεψιὸν
697 1266 780 1293 αὐτοῦ
806 1266 872 1293 Στέ-

67 1319 165 1344 φανον
182 1311 230 1336 ἐπὶ
256 1311 289 1346 τῇ
307 1310 447 1346 ἀναιρέσει
465 1309 561 1338 τούτου
591 1311 770 1346 συνευδοκίᾳς
789 1312 838 1338 καὶ
853 1312 869 1347 ἡ

68 1356 286 1392 ἀπροσδόκητος
315 1356 397 1383 αὑτοῦ
423 1356 521 1392 κλῆσις
553 1357 601 1383 καὶ
626 1357 778 1393 ἐπιστροφὴ
801 1357 871 1393 πρὸς

67 1403 139 1435 τοὺς
154 1402 339 1438 διωκομένους
349 1403 437 1436 τέωςς
458 1403 506 1429 καὶ
520 1403 534 1429 ὁ
550 1403 621 1439 ὑπὲρ
630 1403 685 1430 τῶν
700 1403 872 1438 διωκομένων

70 1447 219 1480 κίνδυνο;;
245 1446 263 1474 ἃ
285 1447 333 1474 καὶ
347 1447 477 1480 ὑπέκνιζε
494 1447 538 1475 διὰ
554 1447 613 1484 βίου
637 1448 701 1480 τοὺς
715 1448 870 1481 Ἰουδαίους,

69 1494 123 1520 καὶ
137 1493 283 1528 μανιωδῶς
299 1493 398 1529 λυττᾷν
411 1493 485 1528 αὑτῷ
501 1493 719 1529 κατηνάγκαζεν.
733 1494 789 1522 οὐκ
799 1494 833 1522 ἂν
844 1503 870 1522 τι

71 1539 185 1566 τούτων
206 1539 271 1574 ἡμῖν
285 1538 414 1573 ἕγνωττο,
436 1539 474 1574 μὴ
488 1539 538 1575 τῆς
560 1539 615 1566 τῶν
630 1540 787 1567 ἀποστόλων
806 1549 872 1575 προ-

70 1583 219 1619 λαόούσης
243 1583 385 1619 Ἱστορίας.
408 1584 514 1617 Ἀλλως
546 1593 576 1611 τε
601 1585 648 1612 καὶ
672 1586 697 1611 εί
723 1585 772 1612 ἀπ’
787 1585 871 1612 αὐτοῦ

73 1631 185 1666 ἣρξατο
202 1630 319 1663 Παύλου,
350 1631 459 1662 πάντως
489 1631 595 1666 ἀνάγκη
614 1631 767 1666 χρήσασθαι
798 1640 872 1666 παρ-

77 1675 211 1707 εκδάσει,
223 1675 290 1709 προς
303 1675 334 1702 τὸ
343 1674 445 1707 διδάξαι
454 1675 488 1702 τὰ
506 1675 549 1701 ἐπ’
560 1676 635 1710 αὐτῷ
650 1677 800 1711 συμϐάντα.
817 1677 872 1704 Καὶ

74 1721 170 1753 οὓτως
187 1721 202 1747 ὁ
221 1722 271 1754 τῆς
301 1721 453 1756 διηγήσεως
471 1721 635 1748 ἀνεκόπτετο
650 1723 739 1756 λόγος,
765 1722 871 1755 πολλοῖς

75 1763 338 1800 ὲπιφορτιζόμενος.
355 1763 405 1792 Ὧν
431 1766 520 1799 ἐκτὸς,
545 1767 621 1794 οὐδὲν
643 1765 677 1802 ἦν
708 1768 791 1802 σαφὲς
807 1768 872 1803 περὶ

75 1809 190 1837 Παύλου
206 1810 361 1845 λεγόμενον.
375 1810 422 1837 Ὶν”
434 1808 480 1837 οὖν
493 1812 660 1838 εὐσύνοπτον
675 1811 722 1838 καὶ
731 1813 870 1848 ἁνεπαχϐἦ

74 1857 124 1883 τὸν
141 1856 209 1890 περὶ
223 1856 306 1883 αὐτοῦ
317 1857 463 1892 ποιήσηται
479 1857 569 1892 λόγον,
583 1857 684 1893 ﬁgis-co
699 1858 747 1893 μὲν
762 1859 815 1885 ἀπὸ
825 1858 870 1885 τοῦ

77 1902 172 1929 κοινοῦ
185 1902 232 1928 τοῦ
246 1903 312 1936 περὶ
331 1903 386 1928 τῶν
405 1903 563 1930 ἀποστόλων
575 1903 666 1937 λόγου.
679 1904 756 1930 Ἐπεὶ
765 1904 793 1930 δὲ
804 1913 872 1938 προ-

77 1949 151 1983 ήχθη
167 1949 208 1979 εἰς
224 1948 271 1975 τὸν
289 1949 353 1983 περὶ
367 1949 414 1976 τοῦ
431 1949 548 1983 Παύλου,
564 1950 660 1985 γέγονε
684 1951 714 1977 τὸ
729 1951 783 1978 ἀπὸ
795 1951 871 1978 τοῦδε

77 1995 177 2023 ἑαυτοῦ
196 1996 210 2022 ὁ
222 1996 330 2027 Λουκᾶς
347 1995 461 2028 σκοποῦ,
488 1996 535 2023 καὶ
557 1996 602 2023 τὸν
620 2005 652 2023 πε
659 1997 684 2032 pl
713 1999 767 2023 τῶν
783 1996 872 2024 ἄλλων

77 2043 160 2077 ἀφεὶς
174 2042 267 2076 λόγον,
278 2042 369 2078 ἔχεται
380 2042 462 2077 μόνου
480 2043 527 2069 τοῦ
539 2043 568 2076 ἐξ
584 2044 682 2079 ἀρχῆς.
696 2044 752 2070 Οὐκ
769 2043 870 2079 ἔγραψε

78 2088 108 2114 δὲ
124 2089 171 2114 καὶ
187 2087 219 2114 τὸ
234 2089 308 2120 τέλος
322 2088 440 2122 Παύλου,
468 2090 515 2116 καὶ
531 2090 580 2125 τὴν
593 2091 624 2116 ὲκ
638 2091 766 2126 δευτέρου
785 2092 870 2118 αὑτοῦ

923 851 1096 887 potissimum
1121 855 1211 879 tamen
1230 851 1308 879 Pauli
1339 851 1463 880 actiones
1494 846 1710 888 complectitur:

922 906 992 934 quas
1001 899 1082 925 etiam
1100 897 1189 926 Lucas
1206 901 1301 926 exacte
1314 901 1437 930 noverat.
1456 901 1551 933 utpote
1567 899 1614 933 qui
1629 899 1711 926 simul

925 951 988 972 cum
1002 951 1035 971 eo
1048 943 1239 979 peregrinatus
1255 943 1354 976 fuerat,
1367 951 1476 978 unaque
1491 944 1664 977 eonvixerat,
1683 951 1712 973 et.

923 990 950 1018 in
964 990 1059 1018 multis
1068 990 1281 1018 necessitatibus
1293 990 1318 1018 ei
1331 990 1711 1020 snbministraverat.Neces-

925 1037 1031 1063 sarium
1049 1037 1140 1063 auter'n
1157 1035 1209 1063 fuit
1223 1039 1252 1062 ιιι
1270 1036 1304 1064 ab
1317 1036 1435 1064 aliorum
1452 1036 1642 1071 apostolorum
1657 1037 1712 1064 Ac-

924 1081 1047 1109 tionibus
1070 1080 1214 1116 inciperet.
1234 1081 1328 1117 Neque
1343 1082 1416 1109 enim
1439 1082 1519 1110 aliter
1533 1088 1628 1118 posset
1646 1083 1710 1110 dili-

923 1131 1022 1162 genter
1044 1126 1123 1155 Pauli
1152 1127 1302 1155 Historiam
1327 1129 1469 1163 prosequi,
1491 1129 1544 1156 nisi
1570 1129 1712 1164 praemissa

922 1172 1111 1207 apostolorum
1138 1171 1270 1200 Historia.
1298 1173 1442 1205 Quomodo
1468 1174 1541 1202 enim
1567 1175 1711 1203 manifesta

923 1218 1000 1246 ﬂeret
1013 1218 1088 1246 Pauli
1101 1218 1251 1246 crudelitas
1266 1222 1294 1246 et
1309 1219 1405 1247 feritas
1419 1220 1579 1255 priusquam
1592 1220 1626 1248 ad
1641 1228 1711 1256 prze-

923 1265 1091 1292 dicationem
1120 1265 1284 1293 accederet?
1307 1269 1355 1292 aut
1373 1273 1527 1294 consensus
1555 1266 1582 1293 in
1609 1266 1711 1294 caulem

922 1308 1032 1343 cognati
1047 1307 1100 1336 sibi
1117 1308 1272 1344 Stephani?
1289 1313 1317 1337 et
1331 1309 1474 1345 inopinata
1502 1310 1576 1339 illius
1592 1311 1711 1344 vocatio,

923 1361 956 1380 ac
971 1354 1117 1382 conversio
1135 1354 1168 1382 ad
1185 1354 1258 1387 illos,
1273 1362 1343 1390 quos
1360 1354 1394 1382 ad
1419 1355 1446 1383 id
1475 1364 1563 1391 usque
1580 1357 1712 1392 temporis

923 1398 1010 1426 fuerat
1024 1399 1208 1434 persecutus?
1233 1402 1260 1427 et
1281 1407 1410 1435 perpessa
1427 1407 1477 1435 pro
1494 1400 1528 1428 iis
1540 1401 1620 1428 rebus
1643 1402 1713 1436 peri-

923 1444 985 1472 cula
1000 1452 1070 1480 quas
1086 1445 1165 1481 prius
1189 1445 1422 1482 persequebatur,
1435 1451 1462 1474 et
1476 1446 1580 1482 quibus
1596 1455 1714 1483 sequen-

925 1490 960 1519 tis
976 1490 1038 1518 vitaa
1052 1494 1176 1526 tetnpore
1184 1490 1294 1520 Iudaeos
1322 1493 1500 1527 provocabat,
1514 1498 1541 1521 et
1558 1493 1591 1520 ad
1608 1494 1712 1521 rabiem

923 1543 1011 1570 usque
1024 1536 1145 1564 insanire
1157 1537 1291 1572 cogebat?
1303 1537 1481 1572 Nequaquam
1492 1546 1524 1565 ex
1536 1538 1577 1566 bis
1589 1539 1714 1574 cognitus

924 1583 1003 1610 nobis
1027 1588 1100 1611 esset
1125 1583 1239 1614 Paulus.
1256 1584 1310 1612 nisi
1340 1584 1506 1619 prmcederet
1523 1586 1712 1620 apostolorum

924 1628 1055 1656 Historia.
1067 1629 1201 1656 Praeterea
1211 1636 1321 1663 quoque
1332 1628 1354 1656 si
1364 1629 1399 1656 ab
1407 1629 1466 1664 ipso
1480 1630 1608 1664 eoapiSset
1618 1629 1713 1663 Paulo,

923 1675 1035 1702 omnino
1047 1674 1220 1710 digressione
1235 1675 1272 1701 uti
1283 1682 1395 1702 necesse
1404 1679 1487 1707 esset,
1504 1675 1537 1702 ad
1562 1675 1713 1702 dOCt'lldum

923 1730 953 1748 ea
965 1729 1025 1756 qua:
1038 1721 1111 1748 circa
1125 1721 1214 1756 ipsum
1231 1721 1404 1756 contigerant
1419 1729 1424 1746 :
1441 1725 1469 1749 et
1484 1721 1521 1749 ita
1547 1722 1716 1749 narrationis

922 1766 1195 1801 tenorimpediretur,
1207 1773 1302 1801 nempe
1313 1767 1395 1794 multa
1409 1766 1574 1795 includenda
1584 1767 1721 1802 sinequi-v

923 1813 975 1840 lius
991 1813 1057 1840 nihil
1069 1812 1141 1847 quod
1157 1812 1190 1840 de
1202 1811 1287 1840 Paulo
1302 1813 1450 1844 diceretur.
1464 1818 1557 1848 posset
1576 1822 1638 1841 esse
1658 1821 1715 1840 ma-

922 1859 1064 1886 nifestum.
1082 1857 1117 1886 Ut
1132 1858 1216 1893 igitur
1229 1859 1310 1886 facile
1328 1859 1529 1895 iutelligibiletn
1543 1867 1575 1887 ac
1587 1860 1719 1888 molestia-

923 1910 1063 1933 carentem
1079 1904 1163 1932 faciat
1182 1904 1216 1932 de
1231 1904 1317 1932 Pattlo
1333 1913 1499 1936 sermonem,
1513 1907 1598 1941 cepit
1609 1913 1623 1932 a
1640 1913 1714 1933 com-

922 1951 997 1979 muni
1024 1950 1057 1978 de
1076 1950 1209 1985 apostolis
1228 1957 1368 1978 sermone.
1389 1949 1537 1986 Postquam
1562 1955 1651 1978 autem
1678 1951 1718 1978 ad-

921 2006 982 2026 cum
996 1998 1041 2033 qui
1061 1997 1096 2024 de
1120 1996 1206 2025 Paulo
1220 2002 1280 2024 erat
1300 1996 1451 2032 perductus
1473 2000 1525 2029 est.
1538 1998 1592 2031 iam
1611 2004 1642 2024 ex
1662 1997 1722 2024 ltoc~

922 2046 955 2073 ad
968 2045 1104 2072 intentum
1125 2043 1178 2072 sibi
1193 2051 1307 2079 scopum
1322 2042 1411 2071 Lucas
1424 2043 1549 2078 pervenit
1561 2046 1598 2075 el,
1616 2043 1713 2069 relicto

922 2091 956 2119 de
973 2090 1081 2118 caneris
1101 2097 1238 2122 sermone,
1255 2089 1305 2116 soli
1321 2089 1359 2116 illi
1376 2089 1460 2116 lueret
1475 2096 1556 2124 quctu
1578 2087 1612 2115 ab
1634 2088 1721 2115 initio.

79 2134 148 2168 πῶς
163 2134 279 2168 Νέρωνα
289 2135 454 2170 ἀπαγωγὴν,
471 2136 559 2162 καίτοι
572 2136 654 2171 συνῆν
669 2138 715 2163 καὶ
727 2138 787 2164 τότε
799 2139 812 2164 [

977 2139 1090 2179 εηιίετξιῑ.
1111 2137 1172 2165 Non
1196 2141 1287 2165 autem
1303 2136 1417 2171 scripsit
1441 2136 1483 2163 vel
1503 2135 1578 2162 Pauli
1596 2140 1710 2162 mortem

79 2180 129 2215 λῳ,
156 2179 241 2206 αὐτοῦ
257 2181 410 2215 γράφοντος
438 2181 557 2214 Παύλου,
573 2182 624 2214 ὅτι,
648 2192 658 2208 ‹
676 2185 781 2215 Λουκᾶς
810 2186 870 2211 ἐστι

82 2226 164 2261 μόνος
181 2226 240 2261 μετ’
255 2225 348 2258 αὐτοῦ,
360 2236 369 2252 I
386 2227 402 2261 ἢ
417 2227 494 2254 ὅτιού
502 2227 726 2264 προῦκειτοαὺτῴ
739 2229 871 2265 Ἱστορίαν

80 2271 114 2296 δι’
133 2271 195 2297 ὅλου
211 2272 310 2303 πονεῖν,
328 2271 387 2298 ἀλλ’
398 2272 460 2299 ὅσον
472 2272 552 2307 μόνον
561 2273 728 2306 ἐνδείξασθαι
741 2274 789 2310 τὴν
804 2275 872 2310 πρὸς

80 2315 127 2343 τὸν
142 2316 262 2351 Χριστὸν
272 2316 356 2344 αὑτοῦ
369 2318 564 2355 προσαγωγὴν,
574 2320 621 2346 καὶ
633 2320 681 2347 ὅσα
694 2321 870 2356 κατήπειγεν.

82 2361 117 2388 Ἢ
137 2363 189 2389 οὐκ
202 2362 265 2397 ἔσχε
288 2363 385 2398 καιρὸν
401 2364 469 2397 πρὸς
485 2364 515 2391 τὸ
532 2365 619 2401 πέρας
635 2367 767 2394 ἐπιθεῖναι
790 2369 824 2404 τῇ
841 2368 871 2401 ἐξ

83 2408 172 2444 ἀρχῆς
198 2408 341 2443 προθέσει.
365 2409 454 2442 Πολὺς
466 2410 520 2446 γὰρ
539 2412 552 2438 ό
575 2412 650 2448 παρὰ
677 2412 730 2439 τῶν
743 2413 867 2442 διωκτῶν

83 2454 258 2490 ἐπικείμενος
282 2457 338 2487 τοῖς
367 2455 414 2482 τοῦ
430 2457 532 2492 Κυρίου
550 2458 610 2484 κατ’
626 2458 714 2493 ἀρχὰς
740 2460 870 2496 τάραχος.

83 2501 116 2527 El
133 2502 179 2527 xui
192 2501 247 2528 τῶν
263 2501 422 2529 ἀποστόλων
444 2502 473 2529 δὲ
487 2503 547 2529 κατ’
568 2504 657 2539 ἀρχὰς
672 2506 871 2540 ἐπαγγέλλεται

84 2546 114 2572 τὺ
123 2546 209 2582 παρὸν
221 2547 322 2582 βιϐλίον
332 2548 474 2584 ἱστορῆσαι
484 2549 531 2581 τὰς
543 2549 669 2585 Πράξεις,
677 2551 714 2583 ὡς
725 2552 781 2578 ἅνω
789 2553 873 2588 ἐμνή-

87 2592 204 2627 σθημεν,
229 2593 298 2621 ἀλλὰ
331 2594 378 2622 τοῦ
412 2588 491 2630 ἁγίου
512 2597 684 2632 Πνεύματος,
704 2598 871 2634 σαφέστερον

86 2639 168 2673 ἐρεῖν,
181 2639 210 2665 ὲν
223 2639 310 2675 τούτῳ
321 2642 504 2676 περιέχονται.
518 2643 595 2678 ’Ἅμα
606 2643 660 2678 γὰρ
671 2644 710 2679 τῷ
720 2645 873 2680 ἐνδημῆσαι

86 2686 141 2715 τοῖς
151 2685 322 2717 ἀποστόλοις.
334 2687 383 2713 ὃσα
396 2687 430 2714 δι’
441 2688 530 2714 αὐτῶν
542 2689 682 2725 παράδοξα
697 2690 872 2726 ἐπετελέσθη,

87 2729 128 2756 διὰ
144 2730 190 2757 τοῦ
206 2731 309 2766 βιὸλίου
337 2732 432 2760 τούτου
445 2733 627 2769 γινώσκομεν,
647 2735 694 2762 τοῦ
713 2735 873 2770 Πνεὺματοιῖ

87 2775 184 2810 δηλαδὴ
195 2777 229 2804 δι’
255 2777 346 2805 αὐτῶν
371 2778 457 2806 ταῦτα
474 2780 622 2813 ποιοῦντος.
647 2781 727 2809 ’Λλλὰ
754 2782 801 2809 καὶ
816 2782 872 2809 τῶν

123 2853 133 2870 ⁸
147 2853 168 2882 ll
178 2856 249 2885 Tim.
261 2858 357 2892 ιν,Η.

926 2185 967 2212 vel
984 2184 1133 2212 secundant
1147 2183 1235 2218 ipsius
1245 2182 1318 2217 apud
1332 2181 1468 2209 Neronem
1484 2181 1689 2208 accusationem
1702 2189 1711 2208 :

927 2231 1004 2266 atqui
1023 2231 1105 2258 etiam
1120 2233 1185 2256 tunc
1201 2236 1262 2261 cum
1276 2228 1360 2254 Paulo
1371 2231 1441 2259 crat,
1457 2234 1519 2254 cum
1538 2225 1639 2253 Paulus
1654 2226 1714 2260 ipso

925 2276 1058 2304 scriberet
1078 2283 1088 2300 ι
1107 2274 1195 2302 solum
1212 2273 1315 2300 Lucam
1331 2280 1393 2300 cum
1409 2279 1441 2299 eo
1452 2279 1513 2299 esse
1527 2271 1555 2305 ';
1573 2281 1582 2297 ι
1595 2271 1635 2298 vel
1649 2271 1712 2306 quia

927 2322 1067 2350 decretum
1091 2320 1142 2356 ipsi
1161 2327 1215 2347 non
1227 2322 1287 2347 erat
1310 2318 1460 2346 Historiam
1484 2317 1517 2344 ad
1534 2317 1613 2344 finem
1629 2317 1714 2344 dedu-

925 2375 999 2401 cere,
1014 2367 1062 2396 sed
1077 2367 1165 2395 solum
1195 2365 1341 2394 ostendere
1359 2371 1501 2392 accessum
1514 2364 1574 2399 ejus
1586 2363 1620 2391 atl
1635 2363 1714 2391 ﬁbri-

922 2419 1007 2445 stum.
1032 2417 1060 2442 et
1072 2416 1205 2448 quantum
1219 2412 1342 2440 laborttm
1359 2411 1527 2446 susceperit,
1542 2409 1585 2437 vel
1604 2414 1721 2444 tempus».

925 2468 981 2488 non
994 2464 1037 2488 est
1053 2459 1147 2486 datutn
1160 2462 1189 2485 ut
1200 2457 1280 2485 linem
1297 2458 1450 2492 imponeret
1463 2459 1625 2492 argumento
1638 2455 1712 2489 quod

926 2506 960 2533 ab
988 2506 1067 2532 initio
1095 2508 1273 2539 conceperat.
1301 2503 1384 2531 Multa
1403 2511 1521 2538 ustoque
1547 2502 1667 2530 turbatio
1683 2507 1717 2530 et

922 2552 1036 2580 afﬂictio
1048 2556 1107 2579 erat
1121 2559 1180 2585 qum
1195 2551 1265 2577 inter
1286 2550 1423 2585 principia
1439 2549 1582 2584 discipulis
1606 2548 1717 2577 Domini

924 2607 939 2626 a
954 2596 1178 2633 persecutoribus
1189 2595 1360 2622 imminebat.
1376 2593 1538 2629 Quanquam
1554 2598 1644 2619 autem
1656 2591 1714 2618 εει-ι

924 2652 956 2671 ca
974 2642 1122 2678 primordia
1135 2641 1270 2676 promittit
1288 2640 1410 2676 prtescns‘
1442 2640 1510 2667 liber
1525 2638 1717 2666 narrationem

922 2690 1069 2717 Actionqu
1084 2687 1309 2723 apostolicarutu.
1327 2686 1410 2714 veluti
1423 2693 1506 2721 supra
1521 2683 1714 2715 meminimus;-

922 2740 952 2762 ut
977 2739 1069 2762 tamen
1106 2733 1283 2760 manifestius
1315 2733 1432 2764 dicatur,
1460 2729 1547 2758 sancti
1584 2728 1713 2764 Spiritus

922 2782 989 2809 Acta
1005 2780 1032 2808 in
1051 2784 1103 2807 hoc
1124 2778 1311 2806 continentur.
1335 2777 1404 2805 Nam
1426 2774 1507 2803 sitnul
1527 2777 1556 2802 ut
1573 2773 1717 2811 apostolis.
