1856 3049
181 149 216 182 39

182 379 223 406 i‘J.

179 559 224 585 20.

163 1468 166 1471 ’
178 1475 223 1504 et.

179 1985 225 2014 25.

180 2126 225 2153 '26.

180 2265 225 2291 2'1.

181 2679 226 2707 28.

735 140 935 172 (ECUMENU
947 140 1014 169 TR!
1023 138 1100 168 CCzE
1118 136 1287 168 EPISCOFI
1785 146 1821 177 ιο

253 201 373 229 discessit
388 209 395 227 :
414 200 440 226 in
455 208 506 234 quo
525 203 663 229 narratur,
677 203 700 225 et
718 198 750 225 de
764 198 863 224 ultione
880 200 968 222 custo-

252 249 326 278 dum,
344 252 368 273 ct
389 250 575 280 consequenter
602 244 633 272 de
652 245 726 279 impii
742 244 855 273 Herodis
874 243 970 269 misera

251 292 395 326 uceibaque
415 290 572 325 perditione.

247 378 354 413 chatio
380 378 513 404 Barnaba:
531 383 556 404 et
581 377 662 404 Pauli
681 385 696 403 a
713 375 801 402 divino
821 374 924 408 Spiritu
944 375 970 401 in

252 424 380 458 Cyprum,
398 431 505 458 quaque
519 424 547 450 in
561 421 677 458 Elyman
691 429 796 456 magum
811 428 856 454 per
872 420 970 448 Christi

252 477 345 496 nomen
362 471 464 504 operati
480 474 552 496 sunt.

249 558 360 585 Florms
387 559 469 585 Pauli
494 559 616 585 doctrina
639 558 737 585 ducetis
761 558 795 584 ad
822 556 968 587 Christum,

251 610 307 630 tum
325 611 357 630 ex
376 604 441 639 lege,
456 608 511 630 tum
525 608 616 638 postea
631 611 663 630 ea:
679 603 824 637 prophetis,
843 603 943 629 histori.
954 612 969 629 ιι

250 657 274 677 ct
289 650 451 685 evangelica,
470 657 528 684 qua:
543 654 567 675 et
584 649 720 675 collectiva
734 654 771 675 est
786 653 810 674 et
826 648 970 674 ratiocina-

252 697 316 723 tiva.
339 695 377 722 De
399 695 576 722 translatione
598 695 794 728 prwdicationis
816 694 850 721 ad
871 700 968 729 gentes,

249 749 389 775 eorumque
414 741 510 768 ibidem
533 742 714 774 persecutione
739 749 771 768 ac
793 741 922 767 divisione
942 742 968 766 in

251 786 382 813 Iconium.

218 853 224 860 .
247 833 385 866 Quomodo
402 832 488 860 Iconii
504 833 638 861 Christum
655 833 855 868 prwdicat'eriut
871 841 879 859 :
895 841 969 860 cum-

248 888 297 914 que
311 880 390 906 multi
402 880 584 912 credidissent,
602 880 808 914 persecutionem
823 880 896 914 passi
908 885 968 906 sunt

250 926 375 959 apostoli.

196 971 222 998 '2.
247 971 282 997 De
296 971 394 998 claudo
410 981 425 998 a
441 971 580 999 nativitatc
594 972 640 1007 qui
654 971 758 1006 Lystris
773 979 819 1006 per
835 972 969 1006 apostolos

248 1022 359 1043 curatus
374 1022 412 1043 est
429 1026 438 1045 :
452 1023 558 1051 propter
571 1017 640 1051 quod
654 1017 693 1044 dii
707 1025 774 1050 esse,
785 1022 810 1044 et
826 1018 915 1051 furore
927 1018 969 1043 di-

248 1062 306 1088 vino
319 1062 418 1096 agitari
432 1062 479 1089 visi
495 1067 555 1088 sunt
571 1063 678 1089 incolis.
696 1061 746 1089 Ubi
759 1068 849 1096 postea
866 1063 969 1096 lapida-

249 1113 294 1133 tur
315 1106 418 1134 Paulus
436 1116 452 1134 a
466 1107 569 1135 Judaais
588 1107 647 1134 urbi
666 1109 766 1136 vicinis.

246 1203 323 1236 Quod
346 1211 397 1229 non
416 1208 539 1237 oporteat
563 1210 596 1230 ex
620 1203 739 1238 gentibus
758 1203 892 1230 credentes
915 1204 969 1230 cir-

248 1247 373 1279 cumcidi,
388 1247 469 1282 juxta
488 1247 623 1274 decretum
640 1255 671 1274 ac
690 1248 846 1275 sententiam
862 1253 969 1283 aposto-

250 1293 346 1324 lorum,
365 1293 393 1319 in
415 1300 467 1327 quo
488 1293 595 1326 ponitur
612 1293 706 1327 legatio
728 1293 919 1326 apostolorum,
935 1293 969 1320 ad

251 1347 296 1366 eos
315 1339 361 1374 qui
376 1347 391 1366 e
409 1339 530 1374 gentibus
551 1340 730 1372 crediderunt,
745 1340 777 1367 de
797 1340 838 1366 his
851 1347 910 1374 qua:
925 1340 970 1367 ob-

249 1385 380 1412 servanda
397 1389 484 1411 erant.
502 1385 647 1412 Altercatio
663 1385 744 1412 Pauli
761 1385 887 1413 adrersus
903 1385 970 1413 Bar-

246 1430 343 1459 uabam
362 1435 469 1464 propter
484 1429 617 1458 Marcum.

246 1475 282 1502 De
297 1475 470 1503 instructione
492 1475 633 1509 Timothei,
649 1480 675 1503 et
696 1475 776 1503 Pauli
797 1476 823 1503 in
845 1475 972 1504 Macedo-

249 1522 322 1549 niam
335 1522 415 1555 juxta
433 1521 621 1549 reuelationem
637 1522 788 1555 emissione,
799 1522 828 1550 in
839 1531 890 1558 quo
907 1531 970 1549 nar-

249 1573 328 1594 ratur
337 1567 368 1594 de
379 1567 431 1601 ﬁde
442 1575 474 1595 ac
484 1567 572 1595 salute
582 1568 722 1603 cujusdam
733 1568 852 1595 mulieris
861 1568 951 1603 Lydia:
960 1577 969 1595 :

248 1612 281 1639 de
295 1613 382 1640 salute
394 1613 490 1647 puellm
506 1613 627 1640 [tabentis
641 1613 766 1647 spiritum
783 1613 969 1644 dioinatorem,

248 1663 356 1692 propter
375 1666 455 1693 quam
480 1659 581 1685 domini
609 1659 776 1685 incluserunt
804 1657 922 1685 Paulum
943 1659 971 1684 in

249 1712 391 1732 carcerem.
412 1704 451 1732 De
467 1709 620 1731 terramtotu
648 1712 679 1732 ac
697 1704 827 1732 miraculo
846 1705 915 1740 quod
934 1705 970 1731 ibi

248 1750 367 1784 Coltligil,
381 1754 405 1776 et
419 1749 549 1784 quomodo
567 1753 655 1776 custos
675 1757 791 1776 carceris
809 1757 868 1776 cum
884 1751 968 1776 credi-

249 1796 332 1823 disset
348 1796 374 1822 in
390 1796 447 1829 ipsa
466 1800 549 1829 nocte,
566 1799 668 1828 repente
684 1804 742 1822 cum
759 1796 879 1822 universa
892 1796 971 1830 fami-

252 1842 288 1868 lia
304 1841 456 1875 baptizatus
472 1847 520 1869 est.
540 1840 618 1874 Quod
636 1841 722 1876 rogati
738 1841 849 1869 exierint
863 1842 969 1877 tunc‘de

250 1895 355 1914 carcere
372 1887 497 1922 apostoli.

249 1985 286 2012 De
303 1985 435 2012 seditione
449 1984 525 2019 facta
544 1983 738 2012 Thessalonica:
754 1985 784 2011 ob
801 1983 970 2018 pi'wdicatio-

251 2039 321 2064 nem,
333 2031 445 2067 fugaque
456 2031 537 2059 Pauli
551 2031 580 2058 in
597 2031 725 2063 Berwam,
736 2035 761 2058 et
776 2030 836 2058 inde
849 2031 875 2057 in
888 2030 969 2057 Athe-

253 2087 312 2106 nas.

247 2125 285 2152 De
302 2125 436 2159 scriptura
455 2132 514 2160 qua
532 2131 609 2158 super
623 2132 699 2151 aram
716 2129 774 2152 erat
792 2125 901 2152 Athenis
918 2133 928 2152 :
945 2130 969 2151 et

251 2170 283 2198 de
298 2171 378 2198 docta
392 2170 476 2197 Pauli
490 2170 679 2204 pradicatione
694 2179 724 2198 ac
741 2172 825 2206 ipsius
840 2172 946 2206 pietate.

250 2263 287 2290 De
302 2263 401 2298 Aquila
415 2267 440 2289 et
453 2262 580 2289 Priscilla
593 2271 624 2289 ac
635 2262 835 2290 Corinthiorum
848 2263 971 2290 incredu-

251 2310 337 2342 litate,
361 2309 459 2345 Deique
481 2310 659 2344 beneplacito,
675 2310 744 2344 quod
765 2309 853 2336 Paulo
872 2310 972 2336 revela-

253 2361 309 2381 tum
324 2359 362 2389 est
381 2353 522 2382 secundum
538 2355 730 2388 providentiam
750 2362 808 2389 qua:
827 2362 889 2389 erga
911 2354 971 2381 illos

252 2404 309 2427 erat
324 2407 333 2426 :
349 2400 376 2426 iu
390 2407 439 2434 quo
455 2400 535 2426 etiam
551 2402 641 2435 agitur
656 2399 687 2426 de
705 2398 797 2432 Crispo
814 2399 972 2434 archisyna-

252 2453 329 2482 gogo,
342 2447 387 2480 qui
399 2454 460 2472 cum
471 2446 532 2473 aliis
549 2446 708 2482 quibusdam
723 2446 835 2472 credidit
847 2450 871 2472 et
883 2445 971 2480 bapti-

254 2497 329 2520 zatus
341 2497 379 2520 est
392 2499 402 2519 :
417 2493 487 2528 quod
506 2492 636 2519 seditione
650 2491 772 2519 Corinthi
785 2497 856 2520 mota
868 2491 971 2520 Paulus

251 2541 317 2566 ciant
326 2538 456 2571 discessit,
466 2545 576 2572 cumque
585 2538 695 2565 vertisset
704 2537 834 2571 Ephesum
843 2546 873 2564 ac
881 2538 972 2572 dispu-

251 2588 345 2617 tasset,
357 2591 479 2618 egressus
493 2588 532 2611 est
544 2590 553 2610 :
566 2582 598 2610 de
614 2583 707 2618 Apollo
725 2584 781 2610 viro
795 2583 933 2618 eloquente,
941 2591 971 2609 ac

251 2630 334 2666 ﬁdeli.

248 2679 285 2706 De
300 2676 460 2711 baptismate
476 2680 500 2703 et
513 2675 630 2710 Spiritus
646 2676 733 2703 sancti
747 2675 816 2703 dono
831 2684 876 2710 per
892 2675 972 2702 Pauli

252 2729 400 2755 orationem
414 2728 477 2753 dato
489 2724 529 2751 his
543 2724 588 2758 qui
601 2723 697 2757 Ephesi
711 2722 887 2754 crediderant,
899 2727 923 2748 et
940 2723 972 2749 de

251 2773 338 2799 salute
359 2771 450 2806 populi
467 2779 476 2798 :
496 2770 524 2796 in
541 2777 591 2804 quo
612 2773 740 2795 narratur
756 2768 838 2794 etiam
858 2767 890 2793 de
906 2767 970 2801 [iliis

255 2817 354 2849 Sceva',
365 2822 388 2844 et
400 2817 469 2853 quod
486 2825 536 2844 non
550 2820 668 2851 oporteat
683 2815 718 2841 ad
734 2813 883 2842 incredulos
897 2821 972 2840 acce-

250 2862 323 2897 dere,
338 2871 431 2900 eosque
447 2864 492 2900 qui
510 2871 537 2891 se
557 2862 732 2891 reddiderunt
749 2862 802 2897 ﬁde
824 2860 944 2895 indignos
961 2868 970 2888 :

1095 203 1143 226 τος
1166 194 1281 227 νύκτωρ
1310 194 1369 226 τοῖς
1391 193 1533 228 ἀδελφοῖς
1559 195 1820 231 ὑπανεχώρησετν

1096 240 1130 266 ἐν
1142 237 1166 272 ᾧ
1177 240 1242 273 περὶ
1269 238 1322 273 τῆς
1340 239 1398 266 τῶν
1414 239 1560 274 φυλάκων
1577 241 1744 274 κολάσεως.
1764 244 1820 269 Καὶ

1092 285 1248 319 μετέπειτα
1272 283 1414 317 περὶτῆς
1440 285 1493 311 τοῦ
1521 285 1651 319 ἀσεϐοῦς
1683 286 1821 321 Ἡρώδου
1855 286 1856 294 ¹

1095 330 1204 364 πικρᾶς
1217 338 1248 356 τε
1262 330 1311 356 καὶ
1324 330 1462 364 ὀλεθρίου
1477 331 1699 366 καταστροφῆς.

1036 377 1079 405 ιϐ’.
1093 377 1261 411 Ἀποστολὴ
1283 377 1422 411 Βαρνάῦα
1437 377 1486 404 καὶ
1514 379 1637 406 Παύλου
1660 380 1737 414 πρὸς
1766 381 1821 407 τοῦ
1855 382 1856 387 ‘

1095 424 1175 450 θείου
1192 423 1364 457 Πνεύματος
1385 424 1427 455 είς
1449 424 1582 457 Κύπρον,
1600 425 1658 452 ὅσα
1670 434 1702 452 τε
1716 427 1821 460 εἰργά-

1094 476 1188 496 σαντο
1209 469 1245 496 ἐν
1265 469 1389 504 ὀνόματι
1406 470 1536 504 Χριστοῦ
1552 471 1596 503 εἰς
1613 471 1749 506 Ἐλύμαν
1766 472 1822 498 τέν

1091 514 1199 549 μάγον.
1618 510 1622 513 ἤ

1042 564 1075 587 κ’.
1091 562 1211 588 Παύλου
1224 562 1356 595 εὐθαλὴς
1369 561 1551 590 διδασκαλία
1573 563 1617 595 είς
1633 563 1770 597 Χριστὸν
1784 564 1820 590 ἔ.ι

1093 616 1125 634 τε
1143 607 1196 634 τοῦ
1216 609 1312 642 νόμου
1327 608 1376 634 καὶ
1395 608 1525 643 καθεξῆς
1554 609 1612 635 τῶν
1639 610 1819 644 προφητῶν,

1096 654 1231 688 ἱστορικὴ
1247 653 1295 681 καὶ
1309 655 1498 688 eiram-simil,
1514 655 1548 681 ἐν
1559 652 1583 688 ᾧ
1596 656 1759 690 ἐκλεκτική
1769 657 1819 683 καί

1093 699 1329 734 συλλογιστική.
1354 700 1425 734 Περὶ
1436 700 1622 734 μεταθέσεως
1643 701 1696 728 τοῦ
1721 703 1821 736 κηρύ-

1093 755 1204 780 πματος
1221 747 1265 780 είς
1279 746 1314 773 τὰ
1329 747 1413 780 ἔθνη,
1430 746 1558 782 διωγμοῦ
1576 756 1607 774 τε
1626 748 1725 774 αὐτῶν
1740 748 1818 778 ἐκεῖ,

1095 792 1143 818 καὶ
1157 792 1288 826 ἀφίξεως
1303 794 1348 825 εις
1370 792 1508 819 Ἰκόνιον.

1024 841 1076 864 κε’.
1095 839 1193 870 Ὀπως
1213 838 1248 865 ἐν
1268 839 1377 871 Ἰκονίῳ
1392 838 1579 872 κηρύξαντες
1605 839 1659 865 τίν
1673 840 1818 873 Χριστέν,

1092 886 1216 912 πολλῶν
1249 893 1281 912 τε
1309 884 1540 912 πιστευσάντων
1568 885 1762 920 ἐδιώχθησαν
1793 887 1820 913 τί

1092 930 1271 959 ἀπόστολοι.

1021 977 1072 1012 κβ’.
1087 977 1156 1010 Περὶ
1181 977 1234 1004 τοῦ
1261 977 1295 1003 ἐν
1318 976 1468 1010 Λύστροις
1491 976 1526 1002 ἐκ
1556 976 1680 1011 γενετῆς
1709 977 1818 1011 χωλοῦ

1091 1023 1225 1056 ιαθέντος
1239 1022 1287 1049 διὰ
1306 1022 1366 1049 τῶν
1376 1023 1575 1050 ἀποστόλων
1593 1022 1630 1049 δι’
1648 1023 1720 1057 ὅπερ
1735 1023 1819 1050 εἷναί

1092 1077 1123 1095 τε
1139 1068 1210 1100 θεοὶ,
1228 1069 1276 1095 καὶ
1291 1068 1424 1102 μανῆναι
1439 1069 1500 1101 τοῖς
1521 1068 1675 1102 ἐγχωρίοις
1689 1068 1818 1101 ἔδοξαν.

1093 1116 1186 1141 Ἔνθα
1202 1114 1240 1148 δὴ
1260 1114 1310 1141 καὶ
1324 1114 1483 1149 μετέπειτα
1500 1114 1648 1144 λιθάζειαι
1663 1116 1679 1141 d
1691 1115 1819 1148 Παῦλος

1089 1159 1169 1193 παρὰ
1180 1159 1240 1186 τῶν
1250 1160 1473 1194 ἀστυγειτόνων
1493 1160 1650 1187 Ἰουδαίων.

1021 1206 1075 1241 κγ’.
1093 1207 1158 1233 Ὅτι
1172 1207 1209 1234 οὐ
1228 1206 1276 1233 δεῖ
1288 1207 1515 1242 περιτέμνεσθαι
1523 1207 1596 1241 τοὺς
1607 1207 1641 1240 ἐξ
1653 1207 1753 1234 ἐθνῶν
1769 1216 1819 1234 πι-

1091 1255 1292 1287 στεύσαντας,
1315 1253 1439 1289 δόγματι
1469 1255 1520 1282 καὶ
1548 1255 1645 1289 κρίσει
1663 1254 1722 1281 τῶν
1738 1255 1818 1282 ἀπο-

1092 1299 1229 1326 στόλωνυ
1253 1299 1287 1326 ἐν
1313 1296 1337 1333 ᾧ
1362 1299 1523 1334 Ἐπιστολὴ
1547 1299 1607 1327 τῶν
1631 1301 1820 1328 ἀποστόλων

1092 1345 1168 1379 πρὸς
1188 1345 1258 1378 τοὺς
1276 1345 1311 1377 ἐξ
1337 1344 1432 1372 ἐθνῶν
1463 1345 1530 1379 περὶ
1559 1342 1602 1372 ὧν
1627 1345 1818 1379 φυλακτέον.

1099 1391 1287 1426 Ἀντιζρρησις
1315 1391 1439 1418 Παύλου
1468 1390 1544 1425 πρὸς
1579 1391 1736 1425 Βαρνάϐαν
1767 1390 1819 1418 δ.ὰ

1093 1437 1225 1472 Μάρκον.

1020 1482 1072 1510 κδ’.
1093 1483 1165 1518 Περὶ
1189 1483 1385 1518 κατηχήσεως
1409 1482 1562 1518 Τιμοθέου,
1590 1483 1640 1510 καὶ
1662 1483 1718 1518 τῆς
1735 1486 1819 1511 κατὰ

1092 1529 1289 1564 ἀποκάλυψιν
1313 1529 1444 1564 ἀφίξεως
1472 1530 1595 1558 Παύλου
1615 1531 1658 1562 εἰς
1679 1530 1818 1558 Μακεδο-

1093 1578 1173 1610 νίαν,
1185 1578 1221 1605 ἐν
1236 1574 1260 1611 ᾧ
1270 1577 1335 1611 περὶ
1349 1577 1478 1609 πίστεως
1496 1576 1546 1603 καὶ
1565 1576 1716 1609 σωτηρίας
1729 1576 1819 1608 τινος

1092 1622 1236 1657 γυναικὸς
1248 1622 1378 1655 Λυδίας·
1403 1621 1470 1655 περὶ
1495 1620 1603 1654 Ζὰσεως
1618 1620 1673 1662 τῇς
1695 1621 1820 1655 πνεῦμα

1092 1669 1229 1702 πύθωνος
1242 1668 1374 1702 ἐχούσης
1382 1667 1556 1702 παιδίσκης.
1572 1667 1609 1694 δι’
1622 1666 1662 1701 ἢν
1675 1667 1727 1693 τὸν
1737 1667 1819 1694 Παῦ-

1092 1717 1150 1743 λον
1162 1715 1321 1750 καθεῖρξαν
1331 1717 1357 1742 ol
1368 1714 1524 1741 δεσπόται.
1541 1714 1669 1748 Περὶτοῦ
1681 1715 1818 1748 συμϐάν-

1091 1770 1145 1795 τος
1159 1761 1224 1788 tier
1234 1761 1363 1796 σεισμοῦ
1378 1761 1428 1787 καὶ
1441 1761 1600 1795 θαύματος,
1611 1760 1660 1787 καὶ
1675 1760 1757 1793 ὅπως
1769 1768 1818 1786 πι-

1091 1809 1225 1840 στεύσας
1246 1808 1263 1834 ό
1287 1807 1488 1841 είρκτοςούλαε
1503 1807 1538 1833 ἐν
1556 1805 1633 1840 αὐτῇ
1662 1805 1698 1840 τῇ
1725 1807 1818 1833 νυκτὶ

1091 1853 1256 1886 ἐϐαπτίσθη
1272 1852 1454 1887 παραχρῆμα
1468 1853 1652 1885 Πανὲστιος,
1676 1851 1730 1884 ὅτι,
1759 1860 1819 1878 πα-

1091 1898 1298 1934 ρακληθέντες
1323 1898 1456 1931 ἐξῆλθον
1474 1898 1509 1925 ὲκ
1533 1897 1586 1925 τοῦ
1607 1898 1818 1932 δεσμωτηρίου

1091 1945 1158 1972 τότε
1179 1945 1206 1971 ol
1223 1944 1400 1972 ἀπόστολοι.

1022 1990 1071 2018 κε’.
1092 1990 1161 2024 Περὶ
1188 1989 1326 2023 στάσεως
1352 1989 1516 2024 γενομένης
1536 1989 1571 2016 ὲν
1600 1989 1818 2023 Θεσσαλονίνῃ

1093 2036 1280 2070 κηρύιιιματος
1305 2035 1421 2067 ἕνεκεν,
1449 2034 1550 2069 φυγῆς
1576 2043 1608 2062 τε
1623 2035 1748 2062 Παύλου
1773 2037 1819 2067 είς

1093 2081 1218 2116 Βέροιαν
1228 2101 1236 2115 ,
1254 2081 1392 2109 κάκεῖθεν
1403 2082 1446 2114 είς
1466 2080 1601 2114 Ἀθήνας.

1023 2133 1080 2162 κςδ.
1091 2129 1159 2164 Περὶ
1169 2127 1225 2162 τῆς
1239 2128 1274 2155 ἐν
1287 2127 1426 2162 Ἀθήναις
1438 2127 1599 2161 ἐπιῦωμίου
1625 2125 1754 2162 γραφῆς,
1769 2135 1819 2160 φι-

1090 2175 1228 2209 λοσόφου
1250 2181 1282 2200 τε
1296 2173 1484 2208 κηρύγματος
1504 2172 1825 2205 καὶέὺσεϐείαςῐιιιύτ

1092 2222 1161 2248 λου.

1024 2267 1074 2299 κζ’.
1089 2266 1160 2299 Περὶ
1182 2265 1289 2292 Ἆκύλα
1301 2264 1350 2292 καὶ
1366 2263 1560 2298 Πρισκίλλης,
1575 2264 1624 2290 καὶ
1641 2262 1697 2296 τῆς
1708 2264 1817 2296 Κοριν-

1094 2312 1164 2338 θίων
1179 2311 1340 2343 ἀπειθείας,
1356 2310 1412 2344 τῆς
1438 2318 1469 2336 τε
1481 2309 1558 2347 ,κατὰ
1575 2309 1747 2343 πρόγνωσιν
1771 2309 1819 2334 ἐπ’

1093 2357 1205 2391 αὐτοὺς
1217 2357 1357 2389 εὐδοκίας
1382 2356 1436 2383 τοῦ
1451 2355 1526 2382 Θεοῦ
1542 2355 1819 2389 ἀποκαλυρθείσης

1093 2405 1217 2437 Παύλῳ·
1237 2400 1306 2437 ἐνῷ
1319 2402 1386 2437 περὶ
1406 2403 1543 2437 Κρίσπου
1564 2401 1818 2436 ἀρχισυναγώτςυ

1093 2450 1314 2482 πιστεύσαντος
1336 2448 1397 2476 σὺν
1413 2447 1524 2482 ἑτέροις
1544 2447 1605 2474 τισὶ
1627 2447 1677 2474 καὶ
1702 2446 1819 2478 ,βαπτι-

1093 2497 1232 2529 σθέντος,
1249 2496 1293 2522 ὃτι
1306 2495 1443 2527 στάσεως
1458 2494 1633 2527 κινηθείσης
1656 2492 1691 2519 ἐν
1710 2493 1820 2526 Κορίν-

1093 2544 1171 2576 θῳ,ό
1186 2541 1306 2575 Παῦλος
1318 2541 1563 2575 ὑπανεχόῳησεν,
1592 2538 1690 2566 ἐλθών
1714 2546 1748 2564 τε
1775 2539 1821 2570 εἰς

1096 2590 1229 2622 Ἔφεσον
1243 2588 1290 2615 καὶ
1307 2587 1474 2621 διαλεχθεὶς
1487 2585 1598 2620 ἐξῆλθε
1609 2593 1615 2600 ·
1629 2584 1696 2618 περὶ
1711 2584 1821 2612 Ἀπολ-

1093 2635 1136 2662 λὼ
1151 2634 1261 2668 ἀνδρὸς
1278 2633 1383 2668 λογίου
1398 2641 1430 2659 τε
1440 2632 1488 2659 καὶ
1504 2631 1625 2659 πιστοῦ.

1023 2680 1075 2716 κη’.
1092 2680 1161 2712 Περὶ
1175 2680 1387 2713 ,βαπτίσματος
1404 2678 1454 2704 καὶ
1472 2678 1527 2712 τῆς
1552 2678 1703 2713 τοῦάγίου
1718 2679 1820 2705 Πνεύ-

1090 2734 1184 2760 ματος
1198 2724 1307 2758 δωρεᾶς
1326 2723 1465 2757 δοθείσης
1484 2724 1532 2750 διὰ
1542 2724 1717 2758 προσευχῆς
1732 2725 1820 2751 Παύ-

1093 2774 1149 2798 λου
1174 2771 1237 2803 τοῖς
1250 2771 1285 2797 ἐν
1306 2769 1422 2804 Ἐφέσῳ
1448 2771 1644 2801 πιστεύσασι,
1672 2771 1719 2797 καὶ
1747 2770 1820 2804 negl

1095 2816 1201 2849 ίιὶσεως
1211 2814 1264 2842 τοῦ
1275 2816 1352 2842 λαοῦ
1361 2824 1368 2831 ·
1384 2816 1420 2843 ἐν
1430 2812 1454 2849 ᾧ
1467 2816 1531 2852 περ)
1542 2815 1600 2842 τῶν
1626 2815 1697 2842 υἱῶν
1704 2815 1820 2847 Σκευᾶ,

1095 2863 1143 2890 καὶ
1170 2862 1212 2890 ὅτι
1230 2863 1265 2890 οὺ
1281 2862 1328 2890 δεῖ
1337 2862 1524 2897 προσχωρεῖν
1539 2861 1678 2896 ἀπ.’σιοις
1692 2861 1740 2888 καὶ
1767 2862 1822 2888 ἀν-
