1856 3049
25 132 44 162 7
503 128 696 159 COMMENT.
718 127 756 156 1N
776 125 868 156 ACTA
885 126 1171 157 APOSTOLORUM.
1621 125 1658 157 ⁸18

41 187 164 221 Earl-.1:
181 186 282 221 Κύριος
303 187 317 213 ὁ
337 186 403 218 Θεδς
419 186 509 221 ἡμῶν.
532 185 654 221 Ἑτέροις
677 193 707 210 τε
723 183 812 218 λόγοις

897 183 1004 209 caverit
1031 182 1162 209 Dominus
1191 181 1263 209 Deus
1289 186 1395 209 uoster.
1421 180 1546 216 Alilsquo
1568 182 1659 210 verbis

42 233 157 259 πλείοσι
171 232 369 268 διεμαρτύρετο
386 233 432 259 καὶ
458 232 619 268 παρεκάλει,
634 231 720 265 λέγων
735 239 742 245 ·
759 229 816 257 Σώ-

46 278 117 313 θητε
139 279 195 304 ἀπὸ
211 279 259 314 τῆς
275 279 373 312 γενεᾶς
390 279 440 312 τῆς
455 278 566 310 σκολιᾶς
580 278 693 312 ταύτης.
710 277 741 303 Οἱ
763 276 814 312 μὲν

44 323 98 351 οὖν
113 324 242 359 ἀσμένως
256 325 452 359 ἀποδεξάμενοι
474 324 519 350 τὸν
538 324 618 358 λόγον
640 323 734 355 αὐτοῦ,
748 323 814 349 ὲδα-

39 371 214 405 πτὶσθησαν.
242 371 296 397 Καὶ
320 370 525 406 προσετέθησαν
547 372 580 406 τῇ
603 370 697 406 ἡμέρα
722 369 813 405 ἐκείνῃ

38 417 132 451 ψυχαὶ
155 417 223 443 tinet
236 417 396 451 τρισχίλιαι.
416 415 506 443 Ἦσαν
528 417 556 443 δὲ
573 415 814 452 προσκαρτεροῦν-

42 471 92 493 τες
108 464 142 497 τῇ
159 462 253 498 διδαχῇ
266 463 320 489 τῶν
332 462 500 495 ἀποστόλων,
514 463 561 489 καὶ
574 464 607 497 τῇ
619 462 756 497 κοινωνίᾳ,
767 461 814 488 καὶ

37 511 76 544 τῇ
94 508 192 535 κλάσει
203 509 251 535 τοῦ
267 510 362 543 ἄρτου,
382 510 430 536 καὶ
444 511 503 541 ταῖς
517 510 692 544 προσευχαῖς.
710 518 720 535 ι

57 601 104 632 Ὠς
120 600 232 627 πάντων
241 600 328 636 στόμα
338 600 392 627 τῶν
405 599 562 626 ἀποστόλων
577 599 810 634 προσεόλημὲνος,

25 648 94 682 qui,
111 648 310 682 Μετανοήσατε
323 647 370 674 καὶ
383 646 569 681 βαπτισθήτω,
580 645 622 677 οὑ,
634 645 810 677 Πιστεύσατε,

24 693 96 726 λλά,
114 703 123 718 ι
139 693 332 727 Βαπτισθήτω.
349 702 358 718 ι
372 692 457 718 Τοῦτο
475 691 530 726 γὰρ
544 693 558 718 ό
569 691 692 726 θεμέλιος
708 691 760 716 τῶν
771 691 812 722 εἰς

24 739 136 774 ζριστὸν
153 740 346 765 πιστευόντων.
373 738 460 764 Τοῦτο
480 735 526 764 οὖν
542 737 650 772 πρῶτον
668 737 747 769 ἀξιοῖ.
764 737 810 763 καὶ

27 787 86 812 eti
100 786 182 813 τοῦτο
198 786 296 820 ἐπάγει
311 786 342 812 τὸ
360 787 428 821 πρὸς
439 786 478 821 τῷ
494 786 614 821 θεμελίῳ
633 785 719 817 τέλος,
738 794 747 810 ι
761 785 810 820 τὴν

23 833 121 867 ωρεὰν
138 833 226 866 λέγων
240 832 287 859 τοῦ
303 833 381 866 ἁγίου
401 833 569 867 Πνεύματος,
591 841 600 858 ι
619 831 656 863 ὡς
670 831 713 858 διὰ
726 831 808 866 μέσου

869 235 878 252 ι
899 227 1026 261 plurimis
1061 227 1263 254 testiﬁcabatur
1300 231 1327 254 et
1360 227 1559 254 exhortabatur
1593 235 1659 260 eos.

868 281 877 298 ι
896 272 993 300 dicens
1029 280 1036 299 :
1070 273 1223 300 Servemiui
1263 272 1299 300 ab
1335 273 1385 300 hac
1419 281 1502 308 prava
1544 281 1661 307 genera-

869 328 877 344 t
897 318 982 346 tione.
1018 318 1132 354 Itaque,
1167 319 1215 354 qui
1253 319 1370 346 libenter
1392 324 1575 354 susceperunt
1603 327 1661 347 ser-

868 373 877 389 ι
897 371 1005 391 moncm
1026 363 1098 399 ejus,
1115 364 1246 398 baptizati
1272 369 1335 391 sunt
1357 371 1363 389 :
1382 368 1410 391 ct
1436 367 1568 400 appositae
1595 370 1661 393 sunt

867 419 877 435 ι
896 409 943 437 illo
970 409 1015 436 die
1048 410 1146 437 anima:
1180 411 1292 437 circiter
1321 415 1363 437 ter
1385 411 1469 438 mille.
1498 412 1584 439 Erant
1610 420 1660 439 au-

867 464 877 481 ι
897 460 950 482 tem
982 460 1192 490 perseverantes
1224 455 1250 482 in
1283 455 1408 483 doctrina
1447 457 1596 492 apostolica
1632 462 1660 485 et

867 511 876 526 ι
896 502 1148 530 communicatione
1171 509 1203 529 ac
1226 502 1360 529 fractione
1377 503 1456 538 panis
1477 510 1505 531 et
1526 504 1660 531 orationi-

866 557 875 573 ι
897 549 960 576 bus.
981 557 991 574 ι

898 605 1041 640 Tanquam
1058 613 1090 633 os
1099 605 1221 633 omnium
1233 608 1418 642 apostolorum
1432 607 1591 644 designatus
1602 607 1659 637 ait:

863 651 1026 685 Resipiscite
1046 655 1073 678 et
1096 651 1261 686 baptizetur,
1278 661 1334 680 non
1354 658 1446 681 autem
1472 654 1593 688 Credite,
1610 656 1660 683 sed

862 696 1018 731 Baptizetur
1027 705 1033 729 ;
1043 704 1105 724 nam
1118 697 1169 724 hoc
1177 697 1382 726 fundamentum
1391 704 1450 726 erat
1456 700 1624 728 credentium
1632 702 1658 728 in

861 740 1009 768 Christum.
1019 741 1075 770 lloc
1082 750 1147 776 ergo
1156 743 1274 778 primum
1282 745 1571 780 petit,etpostmodum
1579 745 1660 774 ﬁnem

861 795 893 815 ac
902 789 1099 823 perfectionem
1109 789 1288 816 fundamento
1300 791 1453 826 suhjungit,
1464 791 1559 818 dicens
1569 801 1576 819 :
1587 801 1596 817 ι
1607 791 1660 819 Do-

862 842 925 862 num
942 834 1177 870 Spirituslsaneti,
1199 846 1208 862 ι
1223 841 1351 872 tanquam
1370 837 1422 864 [ide
1442 846 1490 873 per
1503 839 1560 866 ha-c
1571 839 1659 867 media

23 879 112 906 οὐτου
131 880 182 914 τῆς
204 880 322 911 πίστεως
351 879 580 914 ἀναφαινομένης.
597 878 642 913 Τῷ
662 878 690 905 δὲ
705 879 808 904 εἰπεῖν’

900 884 1062 906 monstrata.
1089 879 1141 907 Per
1171 880 1223 908 hoc
1247 887 1340 908 autem
1366 866 1448 915 quod.
1465 883 1527 909 ait:
1548 891 1556 908 ι
1575 881 1658 910 Vobis

54 925 139 960 Ὑμῖν
157 926 243 961 γὰρὴ
266 925 418 959 ἐπαγγελία
434 926 482 952 καὶ
510 926 565 956 τοῖς
589 925 694 956 τέκνοις
722 924 810 959 ὑμῶν,

28 972 62 997 αἱ
79 973 149 998 πᾶσι
180 973 235 1002 τοίς
253 972 364 1007 μακρὰν
385 971 432 997 καὶ
456 972 511 1002 τοῖς
528 971 623 1004 ἐγγὺς,
646 980 655 996 ι
683 970 810 1005 ἐμφαίνει

25 1017 41 1043 ὸ
67 1018 164 1052 μεῖζον
176 1018 224 1052 τῆς
241 1018 358 1052 δωρεᾶς,
373 1018 410 1048 ὼς
426 1018 456 1044 οὐ
475 1018 554 1051 μόνον
569 1017 661 1048 αὐτοῖς
675 1015 811 1051 ἐπαρκού-

23 1073 78 1098 ης,
98 1064 168 1090 ἀλλὰ
185 1065 231 1090 καὶ
257 1065 312 1095 τοῖς
331 1064 446 1094 τέκνοις.
471 1064 526 1089 Καὶ
543 1063 611 1097 πρὸς
637 1062 671 1088 τὰ
694 1062 757 1096 ἔθνη
782 1061 811 1088 δὲ

27 1110 252 1144 πιδαψιλεύεται.
277 1110 362 1136 Τοῦτο
379 1110 432 1145 γὰρ
456 1109 566 1144 ᾐνίξατο
577 1109 620 1136 διὰ
637 1108 696 1139 τοῦ,
717 1117 726 1133 ι
747 1109 810 1139 Τοῖς

23 1157 142 1191 ιακράνν
165 1167 174 1182 ›
193 1156 250 1183 ἀλλ’
266 1157 290 1183 εἰ
304 1158 359 1187 τοῖς
373 1157 490 1192 μακρὰν,
508 1155 598 1190 πολλῷ
610 1155 694 1190 δήπου
712 1154 813 1189 μᾶλλον

30 1204 82 1236 μῖν
101 1204 158 1234 τοῖς
174 1202 268 1236 ἐγγύς.
285 1203 386 1228 Σκόπει
400 1202 428 1228 δὲ
449 1203 490 1228 ὅτι
507 1202 568 1228 τότε
592 1201 641 1236 τὴν
660 1201 714 1226 τῶν
729 1199 813 1226 ἐθνῶν

23 1250 131 1285 ινίξατο
153 1250 253 1281 πίστιν,
269 1250 313 1276 ὅτε
332 1247 588 1283 κατανενυγμένους
605 1244 666 1280 εὗρε
685 1248 814 1274 καὶκατ-

26 1295 173 1328 γνωκότας
191 1294 305 1321 ἑαυτῶν.
328 1295 409 1329 Ψυχὴ
430 1294 484 1329 γὰρ
504 1294 568 1320 ὃταν
590 1292 688 1327 ἑαυτὴν
704 1292 814 1318 καταδι-

23 1342 104 1376 ίάσῃ.
119 1342 169 1368 οὐκ
183 1342 222 1367 ἔτι
238 1341 344 1376 φθονεῖν
357 1341 480 1367 δύναται.

56 1456 66 1472 ‹
99 1447 226 1480 Ἐγένετο
239 1446 268 1474 δὲ
284 1446 359 1482 πάσῃ
374 1447 446 1482 ψυχῇ
459 1446 552 1480 φόϐος,
568 1445 652 1472 πολλά
664 1454 694 1471 τε
711 1444 812 1480 τέρατα

22 1502 26 1519 l
51 1493 104 1519 καὶ
118 1493 224 1526 σημεῖα
236 1491 279 1518 διὰ
291 1491 345 1517 τῶν
360 1492 516 1519 ἀποστόλων
532 1491 652 1525 ἐγένετο.
665 1490 768 1521 Πάντες
783 1489 813 1516 δι

863 924 936 951 enim
961 925 1032 952 facta
1054 929 1097 953 est
1121 925 1268 960 promissio
1296 931 1320 953 et
1347 926 1416 957 [iiiis
1433 928 1544 959 vestris,
1567 929 1658 955 omni-

865 970 971 1006 busque
1009 971 1056 1006 qui
1092 971 1172 1006 longe
1202 979 1234 998 ac
1259 979 1344 1006 prope
1378 976 1464 999 sunt:
1491 983 1500 998 ι
1537 974 1658 1001 ostendit

864 1017 929 1043 doni
950 1017 1176 1052 magnitudinem,
1196 1021 1226 1044 ut
1242 1018 1315 1053 quod
1329 1026 1382 1045 non
1398 1018 1478 1046 modo
1500 1019 1568 1054 ipsis
1583 1019 1659 1047 sum~

864 1063 937 1095 ciat,
958 1062 1006 1090 sed
1033 1067 1059 1090 et
1091 1063 1156 1090 ﬁliis
1177 1082 1185 1095 ,
1213 1070 1345 1098 prasterea
1369 1068 1397 1091 et
1421 1065 1549 1100 gentibus
1580 1065 1658 1093 beni-

863 1116 915 1143 gne
929 1108 1089 1135 exhibeatur
1105 1117 1112 1134 :
1128 1116 1190 1135 nam
1213 1109 1265 1136 hoc
1285 1110 1374 1136 innuit
1389 1118 1436 1144 per
1459 1111 1485 1137 id
1504 1111 1576 1145 quod
1594 1111 1633 1138 ait
1649 1119 1656 1137 :

869 1163 878 1180 ι
894 1153 942 1182 liis
955 1155 1002 1189 qui
1019 1154 1098 1188 longe
1111 1154 1230 1188 absunt;
1246 1164 1254 1180 ι
1268 1156 1343 1190 atqui
1355 1156 1385 1187 si!
1397 1156 1440 1183 his
1453 1157 1587 1192 quiionge
1609 1157 1659 1184 ab-

866 1206 950 1231 sunt,
976 1201 1064 1227 multo
1090 1201 1179 1234 magis
1208 1209 1276 1228 sane
1299 1202 1378 1228 vobis
1399 1203 1444 1237 qui
1471 1210 1556 1238 prope
1579 1203 1658 1231 estis.

869 1246 1021 1273 Considera
1039 1254 1104 1273 vero
1123 1247 1196 1280 quod
1223 1251 1289 1274 tunc
1313 1249 1434 1282 gentium
1457 1248 1535 1276 ﬁdem
1558 1249 1658 1282 innuit.

869 1291 982 1325 quando
997 1297 1176 1324 compuuctos
1193 1293 1298 1320 invenit
1311 1300 1342 1319 ac
1358 1301 1419 1320 sese
1431 1294 1658 1322 condemnautes.

869 1336 920 1364 Ubi
934 1338 1006 1364 enim
1021 1338 1139 1372 seipsam
1157 1338 1248 1365 anima
1271 1339 1570 1375 condemuaverit,jam
1590 1341 1659 1368 invi-

869 1383 933 1410 dere
950 1391 1003 1409 non
1023 1387 1122 1418 potest.

902 1441 936 1474 ll,
951 1442 1047 1470 45-46.
1063 1452 1071 1468 ι
1088 1442 1187 1471 Factus
1202 1448 1244 1472 est
1259 1448 1350 1472 autem
1363 1445 1436 1472 omni
1452 1445 1550 1472 animae
1565 1447 1658 1478 timor.

873 1497 882 1514 ι
899 1488 1041 1523 multaque
1055 1489 1178 1524 prodigia
1194 1495 1221 1517 et
1235 1490 1313 1525 signa
1329 1498 1378 1525 per
1389 1492 1528 1526 apostolos
1542 1493 1661 1520 edehau-

22 1548 27 1564 ι
50 1539 77 1564 οἱ
96 1537 268 1568 πιστεύοντες
281 1536 350 1573 ἦσαν
366 1537 412 1564 ἐπὶ
425 1537 455 1563 τὸ
467 1537 544 1568 αὐτο,
557 1537 604 1562 καὶ
618 1534 691 1570 εἶχον
704 1534 813 1561 ἅπαντα

897 1538 952 1561 tur.
978 1533 1079 1561 Omnes
1104 1542 1170 1562 vero
1192 1535 1338 1562 credentes
1363 1540 1443 1562 erant
1468 1537 1621 1572 conjuncti,
1631 1543 1659 1565 et

22 1593 26 1609 I
48 1583 139 1609 κοινά.
157 1583 212 1609 Καὶ
225 1582 260 1609 τὰ
272 1583 401 1617 κτήματα
414 1584 462 1609 καὶ
477 1582 527 1613 τὰς
543 1581 675 1617 ὑπάρξεις
693 1581 811 1616 ἐπίπρα-

22 1639 28 1654 ι
51 1637 130 1660 σχον,
153 1629 199 1655 καὶ
224 1628 378 1663 διεμέριζον
399 1627 470 1655 αὐτὰ
501 1628 580 1658 πᾶσι,
610 1627 705 1653 καθότι
722 1627 755 1654 ἄν
772 1635 814 1658 τις

22 1684 29 1700 ι
52 1675 152 1710 χρείαν
173 1672 241 1709 εἶχε.
268 1675 337 1701 Καθ’
356 1674 464 1709 ἡμέραν
486 1682 515 1700 τε
543 1673 814 1709 προσκαρτεροῦντες

22 1730 31 1746 ι
50 1721 227 1756 ὁμοθυμαδὸν
242 1722 271 1747 ἑν
288 1720 327 1756 τῷ
344 1720 420 1756 ἱερῷ.
439 1730 448 1746 ›

56 1779 97 1805 0'5
106 1778 159 1813 γὰρ
168 1777 206 1810 ὡς
220 1778 274 1804 τῶν
284 1777 421 1813 τυχόντων
435 1776 632 1811 κατεφρόνουν,
646 1774 705 1802 ἀλλ’
721 1775 815 1810 ἐπειδὴ

22 1826 108 1856 nolis;
125 1823 158 1860 ἦν
182 1825 195 1851 ὁ
220 1824 323 1859 Πέτρος
343 1823 448 1851 ἄνωθεν
465 1823 545 1857 ῥέων,
567 1822 616 1849 καὶ
633 1822 668 1848 τὰ
683 1822 815 1857 μέλλοντα

22 1872 65 1898 διὰ
87 1871 141 1897 τῶν
155 1870 327 1904 ἐπαγγελιῶν
351 1869 492 1901 δεικνύων,
519 1869 633 1901 εἰκότως
655 1868 813 1902 ὲφοῦοῦντο.

26 1915 194 1952 Ἐμαρτύρει
219 1916 273 1951 γὰρ
299 1916 339 1951 τῷ
355 1915 428 1951 λόγῳ
444 1915 478 1942 τὰ
504 1915 582 1951 ἔργα.
600 1914 735 1950 Καθάπερ
761 1915 815 1950 γὰρ

22 1965 70 1990 καὶ
91 1963 136 1989 ἐπὶ
150 1961 197 1988 τοῦ
218 1962 336 1997 Χριστοῦ
366 1962 498 1998 πρότερον
523 1963 634 1996 σημεῖα,
653 1958 714 1989 εἶτα
735 1960 815 1987 διδα-

22 2008 136 2038 σκαλία,
147 2005 207 2034 εἶτα
223 2007 363 2042 θαύματα,
374 2007 445 2034 οὕτω
457 2007 504 2033 καὶ
517 2006 573 2033 νῦν.
592 2006 628 2032 Τὸ
641 2005 670 2032 δὲ
686 2006 737 2036 τὰς
750 2005 816 2039 κτή-

23 2061 81 2084 σεις
97 2052 198 2078 πωλεῖν
214 2053 261 2078 καὶ
275 2051 446 2086 διαμερίζειν
459 2050 526 2077 καθὸ
541 2050 573 2076 ἄν
583 2058 625 2080 τις
637 2049 732 2085 χρείαν
746 2047 814 2084 ιῐχε,

22 2101 72 2134 οὐχ
97 2099 201 2130 ἁπλῶς,
217 2098 275 2124 ἀλλ’
285 2096 477 2132 οἰκονομικῶς.
500 2095 660 2130 Διεμέριζον
680 2094 735 2130 γὰρ
755 2095 815 2122 κατ’

24 2145 114 2177 ἀξίαν.
131 2144 166 2170 Τὸ
187 2144 227 2176 δὲ,
255 2152 264 2169 ι
285 2142 471 2176 Ὀμοθυμαδὺν
497 2139 779 2176 προσκαρτεροῦντες,
801 2149 810 2164 ι

23 2192 54 2216 οὐ
73 2191 138 2225 μίαν
157 2191 275 2225 ἡμέραν,
290 2189 351 2216 οὐδὲ
377 2189 433 2220 δύο,
456 2188 525 2214 ἀλλὰ
546 2187 608 2214 καθ’
631 2187 750 2222 ἡμέραν,
767 2187 815 2213 καὶ

869 1590 878 1606 ι
898 1580 1035 1607 habebant
1057 1581 1148 1607 omnia
1171 1581 1327 1607 communia
1347 1589 1354 1607 :
1375 1585 1402 1608 et
1420 1583 1612 1616 possessiones
1626 1591 1659 1610 ac

869 1634 878 1650 ι
897 1625 1064 1652 substantias
1081 1624 1244 1655 vendebant.
1260 1628 1286 1652 et
1304 1625 1506 1653 distribuebant
1523 1633 1554 1653 ea
1569 1627 1658 1654 omni-

869 1683 879 1699 ι
898 1673 960 1705 bus,
975 1677 1058 1708 prout
1074 1672 1175 1707 cuique
1195 1680 1265 1708 opus
1280 1676 1349 1700 erat.
1374 1672 1408 1699 Et
1425 1673 1549 1708 quotidie
1564 1681 1659 1709 perse-

868 1727 879 1744 ι
898 1719 1030 1746 verahant
1047 1718 1216 1745 unanimiter
1232 1718 1260 1745 in
1276 1719 1387 1754 templo.
1407 1728 1416 1744 ι

901 1776 995 1811 Neque
1019 1776 1092 1804 enim
1116 1784 1191 1804 more
1214 1776 1287 1812 vulgi
1312 1776 1494 1812 desipiebant.
1521 1780 1568 1806 sed
1588 1786 1658 1814 quo-

866 1823 940 1849 niam
968 1821 1067 1850 Petrus
1094 1822 1198 1850 mullus
1222 1828 1281 1849 erat
1305 1830 1338 1850 ac
1364 1824 1512 1851 vehemens
1539 1823 1660 1860 desuper

866 1865 977 1893 ﬂuendo
997 1866 1055 1893 sive
1073 1865 1257 1898 exhortando,
1273 1870 1300 1893 et
1316 1866 1409 1894 futura
1427 1867 1658 1902 promissionibus

866 1913 1050 1944 ostendendo.
1063 1914 1162 1940 merito
1174 1913 1361 1940 terrebantur.
1376 1912 1444 1940 Nam
1456 1915 1659 1942 attestabantur

866 1958 986 1986 sermoni
1010 1966 1104 1994 opera.
1132 1959 1369 1992 Quemadmodum
1395 1960 1469 1986 enim
1495 1960 1523 1987 in
1548 1961 1658 1988 Christo

868 2006 986 2041 primum
1001 2006 1112 2033 ruerunt
1123 2006 1213 2041 signa,
1229 2006 1329 2034 deinde
1343 2006 1479 2038 doctrina,
1494 2015 1659 2043 rursumque

866 2051 1008 2084 miracula,
1031 2051 1068 2079 ita
1089 2057 1116 2079 et
1139 2060 1224 2080 nunc.
1249 2052 1444 2081 i’ossessiones
1463 2062 1529 2081 vero
1553 2054 1657 2082 distra-

865 2096 962 2124 henles
988 2106 1018 2125 ac
1042 2098 1242 2126 distribuentes
1267 2105 1351 2134 prout
1375 2100 1475 2134 cuique
1496 2108 1566 2135 opus
1587 2105 1656 2134 erat,

867 2151 920 2171 non
935 2149 1044 2176 temere.
1060 2145 1106 2172 sed
1120 2145 1321 2180 dispensatorie
1336 2145 1492 2173 faciebant:
1508 2154 1570 2174 nam
1580 2147 1658 2182 juxta

867 2191 1008 2225 cujusque
1029 2191 1189 2226 dignitatem
1222 2191 1390 2219 dividebant.
1424 2191 1560 2220 Prmterea
1582 2193 1657 2227 quod

26 2237 74 2271 μιᾷ
87 2236 170 2271 ψυχῇ.
185 2235 230 2270 Τῴ
244 2234 273 2261 δὲ
296 2233 364 2270 ἱερῷ
378 2233 563 2269 προσήδρευον
582 2233 606 2259 οἱ
625 2232 807 2263 πιστεύοντες,

897 2237 996 2271 quitur,
1019 2245 1028 2262 ι
1052 2237 1266 2263 l‘erseverahant
1286 2237 1468 2270 unanimiter,
1496 2247 1505 2264 ›
1530 2246 1583 2266 non
1603 2247 1658 2267 uno

25 2283 71 2309 ἆτε
87 2282 291 2316 σπονδαιότεροι
307 2280 497 2315 γεγενημένοι,
511 2281 558 2306 καὶ
573 2280 636 2314 περὶ
655 2278 740 2314 μηδὲν
752 2279 813 2304 ἓτε-

27 2338 72 2362 ρον
95 2330 203 2364 ἔχοντες
224 2327 386 2360 σπουδάζειν
401 2326 431 2359 ἐξ
456 2326 599 2357 εὐλαϐείας
613 2325 663 2360 τῆς
689 2324 754 2362 περὶ
767 2325 814 2351 τὸν

27 2376 146 2412 τόπον,ῆ
165 2376 228 2411 περὶ
244 2375 275 2402 τὸ
288 2375 369 2409 ἱερόν.

62 2540 72 2556 ‹
93 2529 220 2560 κλῶντές
241 2535 271 2554 τε
303 2527 363 2554 κατ’
387 2526 461 2552 οἶκον
490 2526 582 2560 ἄρτον,
611 2523 816 2559 μετελάμϐανον

29 2585 37 2600 ι
57 2575 170 2612 τροφῆς,
186 2576 216 2601 ὲν
233 2573 392 2608 ἀγαλλιάσει
412 2573 459 2600 καί
473 2571 620 2607 ἀφελότητι
639 2570 753 2606 καρδίας
773 2571 816 2596 αἱ·

30 2631 38 2647 ι
57 2622 165 2653 νοῠντες
178 2621 225 2648 τδν
245 2620 322 2653 Θεὸν,
337 2620 385 2646 καὶ
400 2619 507 2654 ἔχοντες
520 2618 600 2654 χάριν
614 2617 680 2653 πρὸς
696 2617 754 2643 ὅλον
770 2617 815 2642 τὸν

31 2678 40 2694 ι
59 2669 130 2696 λαόν.
158 2667 188 2696 Ὀ
214 2668 243 2694 δὲ
267 2667 369 2702 Κύριος
385 2665 539 2702 προσετίθει
554 2665 618 2696 τοὺς
643 2663 813 2698 σωζομένους

32 2723 41 2740 ι
59 2716 119 2741 καθ’
136 2714 242 2750 ἡμέραν
258 2715 291 2749 τῇ
307 2712 463 2747 Ἐκκλησία.
484 2721 492 2736 ι

61 2767 151 2802 Οἶκον,
176 2769 206 2795 τὸ
227 2768 302 2804 ιερὸν
318 2768 366 2794 νῦν
388 2767 473 2800 λέγει’
490 2766 520 2792 ὲν
533 2765 606 2800 αὑτῷ
630 2764 682 2800 γὰρ
707 2763 813 2800 ἢσθιον.

31 2814 66 2841 τὸ
81 2815 120 2846 δὲ,
147 2824 156 2841 ι
187 2814 312 2845 Κλῶντες
330 2813 422 2848 ἄρτον,
443 2822 452 2838 ι
480 2809 566 2843 εἶπεν,
586 2811 630 2837 ἵνα
651 2811 682 2837 τὸ
707 2810 815 2841 εὐτελὲς

34 2862 78 2888 καὶ
95 2862 256 2889 αὐτόσκενον
273 2860 421 2895 omnem
448 2859 538 2886 αὐτῶν
553 2858 600 2893 τῆς
621 2857 736 2893 διαίτης.
754 2857 817 2891 ’Λρ-

868 2289 915 2310 aut
927 2283 1014 2310 altero
1025 2282 1068 2310 die
1081 2282 1228 2314 ﬁeliat,sed
1238 2280 1372 2317 quotidie,
1385 2284 1560 2318 utprtemisit,
1577 2285 1659 2319 idque

868 2337 924 2354 uno
941 2329 1044 2356 animo.
1074 2328 1100 2354 lu
1125 2329 1227 2362 templo
1243 2327 1298 2364 24
1312 2333 1402 2356 autem
1421 2329 1580 2356 residebant
1597 2338 1659 2358 cre-

869 2374 966 2400 dentes
983 2382 990 2401 :
1008 2377 1138 2408 tauquam
1161 2374 1346 2401 studiosiores
1366 2381 1399 2400 ac
1421 2375 1599 2403 l'erventiores
1618 2375 1660 2403 ef-

873 2420 946 2452 fecti,
962 2424 990 2446 et
1006 2420 1079 2447 circa
1097 2420 1165 2447 nihil
1179 2421 1254 2447 aliud
1269 2425 1393 2454 potentes
1411 2420 1532 2448 studium
1551 2422 1660 2456 pietatis

871 2473 1000 2492 exercere
1016 2473 1098 2500 quam
1113 2469 1160 2492 aut
1173 2466 1247 2493 circa
1263 2466 1352 2493 locum
1367 2470 1414 2492 aut
1426 2466 1500 2493 circa
1516 2467 1657 2501 templum.

907 2520 938 2548 ll.
953 2520 999 2552 ιϐ,
1011 2520 1056 2548 47.
1081 2530 1090 2547 ι
1110 2520 1142 2547 Ει
1156 2520 1311 2556 frangentes
1325 2521 1404 2555 juxta
1421 2521 1532 2548 domum
1547 2529 1658 2556 panem.

873 2577 882 2592 ι
900 2567 983 2594 simul
1003 2568 1149 2595 sumebant
1163 2567 1255 2594 cibum
1271 2575 1333 2594 cum
1350 2567 1533 2594 exsultatione
1546 2572 1573 2594 et
1593 2567 1659 2594 sim-

873 2623 882 2640 ι
902 2613 1025 2648 plicilate
1040 2613 1132 2640 cordis
1145 2613 1288 2640 laudantes
1304 2613 1398 2644 Deum.
1411 2617 1438 2640 et
1454 2613 1584 2640 habentes
1599 2620 1659 2646 δη-

871 2669 881 2685 ι
900 2661 967 2686 tiam
982 2659 1054 2694 apud
1068 2667 1178 2688 omnem
1193 2659 1310 2694 plebem.
1326 2658 1458 2686 Dominus
1472 2663 1562 2685 autem
1576 2657 1659 2685 addc-

873 2715 882 2731 ι
901 2706 948 2733 bat
965 2706 1011 2740 qui
1028 2706 1097 2733 salvi
1114 2706 1209 2733 tierent
1225 2705 1346 2740 quotidie
1362 2703 1577 2739 congregationi.
1597 2712 1606 2728 ι

905 2761 1020 2788 Domum
1042 2761 1111 2788 dicit
1134 2769 1206 2788 nunc
1224 2760 1366 2795 templum,
1387 2766 1448 2786 nam
1471 2758 1498 2784 iu
1517 2757 1576 2792 ipso
1593 2758 1657 2786 ede-

871 2808 946 2835 bant.
963 2807 1034 2834 Dixit
1051 2811 1159 2834 autem:
1177 2817 1186 2832 ι
1198 2805 1365 2841 Frangentes
1379 2811 1487 2840 panem.
1502 2812 1512 2830 ι
1527 2808 1558 2831 ιιι
1570 2805 1659 2832 tenui-

873 2859 915 2881 tas
939 2862 970 2882 ac
995 2853 1158 2890 simplicitas
1179 2853 1269 2880 victus
1284 2859 1379 2879 eorum
1398 2853 1539 2886 appareat.
1560 2849 1659 2877 Panem
