1856 3049
33 117 77 151 85

531 119 721 151 COMMENT.
739 121 777 150 IN
799 121 891 150 ACTA
910 122 1195 154 APOSTULURUM.

1642 127 1680 157 86

33 177 90 204 καὶ
118 177 264 212 Χριστοῦ·
285 177 349 212 περὶ
374 178 495 208 ἑαυτοὺς.
524 177 567 204 διὰ
586 177 633 204 τοῦ
656 179 754 209 εἰπεῖν,
782 178 836 213 οὺχλ

919 184 1075 212 )ncernunt,
1089 187 1169 215 quam
1186 187 1246 215 qua:
1263 180 1399 207 Christum
1422 181 1588 216 respiciunt:
1605 182 1684 217 ipsos

37 222 100 258 Ιδὲᾳ
119 223 243 257 δυνάμει
259 223 499 259 θαυματουργῆσαι
511 232 517 238 ·
533 224 597 258 περὶ
614 224 732 259 Χριστοῦ
752 224 791 258 δὲ,
804 223 843 259 τῷ

35 268 216 303 προσθεῖναι
228 269 281 295 τιέν
296 269 396 295 παῖδα·
411 270 441 295 οὗ
454 270 508 305 γὰρ
533 270 562 295 τὸ
587 270 778 303 αὑτοδόξαστον
804 270 843 297 ἔνι

37 315 218 350 προσθήκην
239 315 318 349 δόξης
339 315 440 341 λαὸεῖν.
463 315 641 347 Ταπεινώσας
660 315 705 342 οὖν
725 316 755 342 τὸ
777 317 839 343 καθ’

41 360 173 391 ἑαυτοὺς
190 360 236 386 καὶ
246 359 377 395 Χριστὸν,
390 360 499 394 ἐπαίρει
512 362 542 387 τὸ
556 361 610 387 τῶν
624 361 756 387 Ἰουδαίων
772 361 842 388 κατὰ

36 405 177 440 Χριστοῦ
191 406 328 440 τόλμημα,
352 406 399 432 καὶ
419 406 450 432 οὐ
467 407 624 438 συσκιάξων
649 407 686 438 ὼς
705 407 735 432 τὸ
747 408 843 440 πρότε-

39 458 104 484 ρον.
125 450 219 476 Τοῦτο
243 450 271 476 δὲ
293 451 378 482 ποιεῖ,
403 451 503 484 μᾶλλον
526 451 624 482 αὐτοὺς
654 452 842 485 ἐπαγαγέσθαι

39 497 229 531 βουλόμενος.
248 497 329 524 Ὅσον
345 497 399 532 γὰρ
418 498 523 524 ἐδείκνυ
547 499 646 530 αὐτοὺς
664 499 841 532 ὑπευθύνους,

38 542 182 569 τοσοῦτον
196 543 294 577 μᾶλλον
304 543 382 570 τοῦτο
394 544 508 578 ἐγίνετο.
522 544 569 570 Διὰ
582 544 690 576 δὲτοῠ,‹
699 546 747 572 "Ov
762 546 842 580 ὑμεῖς

39 588 231 622 παρεδώκατε
260 589 307 615 καὶ
326 589 492 624 ἠρνήσασθε,
525 600 534 616 ι
560 590 605 616 δύο
624 590 658 617 τὰ
670 591 840 626 ἐγκλήματα.

41 633 164 668 Πιλάτῳ
190 642 219 660 τε
241 634 296 669 γὰρ
325 635 486 669 παρέδωκαν
511 637 551 666 είς
576 635 675 670 φόνον,
701 637 840 668 εἰπόντες·

45 688 56 705 ι
86 679 175 713 Ἦμῖν
193 679 288 706 οὐδένα
303 680 405 713 ἔξεστιν
416 681 584 707 ἀποκτεῖναι·
601 691 609 707 ι
636 682 790 716 ἠρνήσαντο
812 682 842 708 δὲ

42 725 215 760 κράζοντες,
233 735 242 751 ε
268 726 325 752 Οὐκ
338 726 435 761 ἔχομεν
457 726 569 761 βασιλέα
582 727 605 753 εἰ
622 727 658 762 μὴ
673 727 808 762 Καίσαρα.
827 737 836 753 ι

50 769 140 797 Ἀλλά
152 779 186 805 γε
200 770 231 805 δὴ
247 771 294 798 καὶ
321 771 436 798 Πιλάτου
453 771 582 806 Ἕλληνος
601 772 687 804 δντος,
706 773 752 799 καὶ
772 773 841 808 μήτε

44 817 169 851 σημεῖον
184 816 251 852 πρὸς
277 817 396 852 Χριστοί
425 817 587 852 ἑωρακότος,
612 818 680 853 μήτε
694 819 841 854 προφητῶν

895 225 1017 258 quidem,
1032 225 1096 252 dum
1111 226 1149 252 ait
1167 226 1240 260 quod
1257 233 1308 252 non
1327 226 1435 261 propria
1452 228 1575 261 potentia,
1588 229 1682 255 edide-

895 271 949 296 rint
966 270 1293 303 miraculum;Christum
1310 279 1384 305 vero,
1404 271 1530 299 addendo
1548 281 1554 300 :
1573 272 1682 300 Glorill-

894 317 962 343 (‘avil
978 315 1076 343 Filium
1095 324 1173 343 suum
1185 325 1295 352 :-neque
1309 319 1381 344 enim
1398 319 1530 351 contingit
1547 323 1574 344 ut
1590 319 1682 353 gloria:

895 361 1110 388 additamentum
1137 362 1253 396 accipiat
1273 363 1319 397 qui
1343 371 1374 389 ex
1395 371 1424 390 se
1441 363 1608 398 gloriﬁcatus
1627 369 1680 392 est.

896 406 945 433 Ubi
969 414 1034 441 ergo
1055 407 1164 434 demisit
1186 412 1240 434 lam
1262 407 1288 434 id
1313 408 1384 442 qttod
1410 409 1515 443 ειτὶρεοε
1541 409 1682 436 roncernit

893 460 974 486 quam
991 452 1064 487 quod
1081 452 1220 480 Christum
1250 453 1375 481 :facinus
1402 454 1680 489 adaugetJudzeorum

862 495 873 511 '
893 498 1023 525 adversus
1038 497 1175 524 Christum
1192 507 1198 524 :
1213 506 1301 532 neque
1315 499 1381 525 illud
1399 500 1537 526 inumbrat
1552 505 1578 526 ιιι
1592 501 1679 535 prius.

894 542 951 569 lluc
969 547 1057 569 autem
1082 543 1147 569 facit
1171 544 1257 579 magis
1278 545 1338 572 illos
1357 545 1464 572 allircre
1486 546 1590 573 volens.
1615 545 1680 572 Nam

893 593 995 622 quanto
1015 588 1102 622 magis
1121 589 1194 622 ipsos
1216 590 1338 617 ostendit
1357 591 1503 622 obnoxius.
1526 596 1602 617 tanto
1622 599 1681 618 am-

893 633 964 664 plius
993 633 1057 660 illud
1073 634 1206 661 succedit.
1232 635 1283 662 Per
1308 635 1359 662 hoc
1377 642 1479 668 autem,
1501 646 1510 662 ‹
1525 636 1609 669 Quem
1633 644 1681 664 vos

893 678 1045 706 tradidistis
1061 685 1089 706 et
1103 681 1225 714 negastis
1242 689 1248 707 :
1269 690 1278 706 ι
1299 681 1359 709 dure
1376 687 1516 716 ponuntur
1531 684 1683 710 accusatio-

893 730 951 750 nes.
970 723 1110 757 Siquidem
1127 723 1214 752 Pilato
1232 725 1264 751 ad
1280 725 1380 752 caedem
1395 726 1572 759 tradiderunt,
1589 728 1681 754 dicrtt~

894 772 933 794 les
946 775 951 793 :
967 776 976 793 ι
988 767 1073 796 Nobis
1088 776 1141 796 non
1158 769 1221 796 licet
1231 770 1384 797 interﬁcere
1397 778 1560 805 quemquam
1568 771 1619 798 ⁸ο.»
1631 771 1681 798 Nc-

892 817 1025 846 gaveruut
1037 818 1126 841 autem
1145 815 1317 842 clamantes:
1338 824 1347 841 ι
1363 815 1421 842 Non
1442 816 1572 843 habemus
1591 824 1680 851 regem

43 849 213 896 ἀπηκοότος
222 863 284 897 περὶ
299 849 429 897 Χριστοῦ,
445 849 492 888 καὶ
501 849 664 897 βουλομένου
675 849 760 890 αὑτὸν
772 849 836 890 απο-

919 858 1129 887 'aaterCmsarem
1141 860 1174 886 “.
1196 870 1205 886 ι
1232 861 1313 896 Atqui
1328 868 1393 888 sane
1406 868 1467 888 cum
1486 862 1566 888 etiam
1579 849 1680 889 Pilatus

44 907 139 938 λύειν,
151 908 228 934 αὐτοὶ
242 910 290 935 καὶ
310 908 570 943 θαυματουργοῦντα
579 909 696 944 Χριστὸν
713 909 839 944 τεθεαμέ-

45 962 101 986 νοι,
118 955 168 980 καὶ
179 954 326 990 προφητῶν
340 955 368 980 ὲν
380 954 480 988 γνώσει
497 955 551 981 τῶν
569 955 632 990 περὶ
645 955 729 982 αὐτοῦ
746 955 839 986 αὐτοῖς

48 999 210 1034 εἰρημένων
223 1001 417 1032 καταστάντες,
431 1001 480 1027 οὐκ
500 1001 658 1036 ἠνέσχεσθε.
674 1001 722 1027 Διὰ
745 1001 772 1028 δὲ
790 1001 836 1027 τοῦ

51 1046 161 1078 εἰπεῖν,
182 1057 191 1072 ι
214 1046 299 1072 Φονέα
309 1046 456 1082 ᾐτήσασθε,
476 1056 485 1072 ι
510 1047 604 1078 δεινῶς
625 1047 836 1079 κατεσκεύασεν,

47 1091 92 1117 ὅτι
110 1091 240 1118 ἐδύναντο
253 1092 300 1117 τὸν
312 1092 427 1126 Χριστὸν
441 1092 582 1119 ἀπολύειν.
600 1093 630 1118 El
651 1092 704 1127 γὰρ
727 1092 773 1118 τὸν
790 1101 838 1126 φο-

50 1136 101 1163 νέα
127 1137 294 1172 ἀπολυθῆναι
317 1138 459 1173 ἐποίησαν,
471 1138 516 1164 τὸν
543 1138 642 1172 μᾶλλον
657 1138 790 1170 ὑπαίτιον,
807 1138 836 1164 οὗ

53 1181 145 1217 πολλῷ
159 1182 192 1217 δή
208 1191 260 1209 που
272 1183 317 1209 τὴν
327 1183 472 1210 ἀνεύθυνον
484 1193 491 1217 ;
504 1184 551 1210 νῦν
564 1184 592 1210 δὲ
603 1184 781 1216 ἀπεναντίας,
791 1185 837 1211 τὸν

55 1229 104 1263 μὲν
129 1229 280 1256 ὑπεύθυνον
309 1230 458 1262 ἐξείλοντο.
481 1231 526 1257 τὸν
547 1231 576 1257 δὲ
604 1231 749 1257 ἀνεύθυνον
767 1231 836 1258 ἀπο-

51 1274 205 1308 κτανθῆναι
231 1275 402 1309 παρέδωκαν.
433 1275 525 1302 Εἰπὼν
551 1276 591 1308 δὲ,
619 1285 627 1301 ι
645 1277 689 1302 τὸν
715 1276 837 1311 ἀρχηγὸν

49 1320 102 1354 τῆς
113 1320 196 1354 ζωῆς,
215 1330 224 1346 ι
243 1320 379 1347 δείκνυσιν
397 1322 435 1352 ὡς
452 1321 536 1352 αὐτὸς
549 1322 643 1348 ἑαυτὸν
660 1321 809 1355 ἀνέστησεν
823 1322 837 1348 ὁ

50 1365 181 1400 Χριστός.
203 1366 258 1402 Τὴν
284 1367 431 1393 ἀνάστασιν
452 1368 480 1393 δὲ
501 1369 532 1394 οὐ
562 1368 709 1402 προφητῶν
726 1367 838 1402 ὲμπεδοῖ

55 1411 220 1446 μαρτυρίαις
233 1432 240 1442 .
255 1412 332 1443 ἀλλὰ,
350 1413 442 1448 ἐπειδὴ
461 1413 615 1446 ἀξιόπιστος
632 1414 722 1445 αὐτοῖς
733 1411 778 1448 ἦν,
799 1413 838 1448 τῷ

52 1455 128 1491 χορῷ
139 1456 192 1482 τῶν
206 1457 372 1484 ἀποστόλων.
399 1457 475 1483 Ἐπεὶ
489 1457 518 1484 δὲ
544 1458 713 1492 μετεωρίσας
736 1458 765 1484 τὸ
790 1458 837 1490 ἐγ-

890 905 1010 938 gcntilis,
1026 906 1071 940 qui
1090 913 1179 941 neque
1203 907 1281 942 signa
1296 915 1310 934 ο
1326 907 1439 936 Christo
1460 908 1576 941 viderat,
1593 915 1681 942 neque

890 951 1037 985 prophetas
1048 951 1080 978 de
1092 952 1202 980 Christo
1227 953 1362 986 audierat.
1382 954 1461 981 vellet
1483 959 1571 981 tamen
1590 954 1680 988 ipsu

889 995 1034 1024 ahsolvure
1049 1005 1055 1023 :
1069 1005 1117 1024 vos
1130 997 1181 1032 ipsi
1195 999 1240 1033 qui
1255 1003 1281 1025 et
1294 998 1433 1026 Christum
1448 999 1578 1025 miracula
1595 999 1680 1026 eden-

889 1046 944 1069 tem
958 1045 1178 1076 conspexeratis.
1197 1051 1224 1072 et
1238 1046 1364 1072 notitiam
1379 1046 1522 1072 habebatis
1537 1046 1681 1081 propheta-

888 1096 948 1115 rum
964 1089 990 1115 in
1008 1089 1051 1118 his
1067 1098 1128 1124 quae
1141 1090 1174 1118 de
1192 1092 1251 1126 ipso
1266 1092 1404 1124 dixerant,
1431 1100 1484 1119 non
1498 1097 1588 1118 tamen
1602 1091 1635 1118 ab
1647 1098 1680 1118 eo

888 1142 936 1162 vos
949 1137 1135 1163 coutinuistis.
1149 1137 1246 1164 Dieens
1265 1145 1346 1164 vero:
1369 1147 1378 1163 ε
1398 1138 1567 1164 Homicidam
1587 1143 1680 1172 postu-

893 1180 981 1213 lastis,
1000 1191 1008 1206 ι
1025 1182 1170 1209 etiicaciter
1188 1182 1285 1216 probat
1299 1183 1369 1216 quod
1387 1182 1526 1210 Christum
1540 1183 1680 1217 potuerint

888 1226 1041 1254 absolvere.
1059 1227 1124 1253 Nam
1141 1228 1163 1254 si
1182 1227 1346 1255 homicidam
1367 1229 1471 1254 absolvi
1490 1228 1614 1255 fecerunt
1631 1228 1679 1262 qui

887 1271 965 1306 longe
974 1272 1091 1307 amplius
1103 1272 1238 1300 obnoxius
1251 1277 1320 1304 erat,
1331 1281 1364 1299 an
1373 1280 1426 1300 nOu
1440 1278 1512 1300 certe
1523 1273 1602 1307 longe
1615 1273 1679 1299 [σεῖ’

888 1316 941 1344 lius
956 1318 1110 1352 potuissent
1125 1326 1187 1345 eum
1203 1318 1346 1346 absolvere
1362 1319 1408 1353 qui
1423 1318 1538 1345 crimine
1552 1319 1680 1346 carebat?

888 1362 966 1391 Nunc
989 1369 1080 1391 autem
1105 1371 1121 1391 e
1141 1364 1252 1391 diverso
1276 1364 1425 1391 obnoxium
1450 1364 1559 1399 quidem
1582 1364 1679 1391 libera-

888 1412 963 1442 runt,
984 1409 1120 1436 insontem
1137 1417 1202 1436 vero
1224 1414 1253 1437 ut
1278 1410 1480 1438 interimeretur
1496 1410 1676 1437 tradiderunt.

889 1453 1025 1482 Prwterea
1049 1455 1183 1487 dicendo,
1213 1465 1222 1481 ι
1247 1455 1394 1483 Auctorem
1420 1456 1498 1486 vitae,
1525 1465 1534 1482 ι
1559 1455 1678 1483 ostendit

53 1501 159 1536 κλημα,
187 1503 280 1529 ἐλύπει
307 1503 442 1537 σφοδρῶς,
459 1503 540 1530 πάλιν
556 1503 674 1538 ἀνίησιν,
690 1504 736 1530 ἐπὶ
758 1503 836 1538 μετὰ-

919 1500 963 1528 tod
979 1501 1099 1536 seipsum
1120 1502 1295 1529 suscitaverit
1316 1502 1374 1536 ipse
1392 1501 1529 1529 Christus.
1543 1501 1677 1528 Resurre-

52 1556 129 1574 νοιαν
145 1548 241 1580 αὐτοὺς
258 1549 394 1581 συνωθῶν,
412 1550 452 1576 ὅτι
464 1558 493 1575 τε
516 1549 546 1581 ἐξ
569 1549 678 1583 ἀγνοίας
694 1550 724 1576 τὸ
739 1549 839 1585 ἔγκλη-

55 1601 97 1626 μα
114 1594 159 1619 καὶ
175 1593 277 1625 ἀνοίας,
289 1595 335 1620 καὶ
350 1595 390 1620 ὃτι
410 1594 441 1621 τὸ
458 1595 487 1627 ἐξ
499 1595 585 1630 ἀρχῆς
600 1595 766 1630 τεταγμένον
792 1595 838 1621 καὶ

54 1637 129 1672 λόγῳ
140 1639 286 1673 προφητῶν
300 1641 579 1675 κεχρησμῳδημένον,
599 1641 648 1667 οὔκ
674 1639 707 1674 ἦν
734 1641 839 1676 παρελ-

55 1683 122 1711 θεῖν.
144 1685 218 1711 Ἐπεὶ
240 1685 268 1712 δὲ
283 1686 363 1720 μέχρι
383 1686 478 1713 τούτου
495 1686 609 1721 προέὸη,
626 1687 676 1722 ἠδη
692 1687 738 1713 καὶ
751 1686 840 1722 ῥητῶς

53 1730 105 1765 τὴν
121 1731 260 1765 μετάνοιαν
272 1732 423 1766 εἰσηγεῖται
445 1732 715 1767 κατηναγκασμένως
737 1731 837 1758 ἀναλα-

55 1775 124 1808 ϐεῖν,
139 1776 205 1810 πρός
219 1785 247 1802 τε
260 1776 395 1810 ἐξάλειψιν
410 1778 464 1804 τῶν
476 1778 689 1813 ἡμαρτημένων,
707 1777 754 1804 καὶ
767 1786 835 1812 τρυ-

55 1821 109 1856 φὴν
122 1822 167 1847 καὶ
179 1821 327 1848 ἀπόλαυσιν
340 1823 394 1849 τῶν
415 1823 459 1850 διὰ
477 1823 618 1858 μετανοίας
635 1823 681 1850 καὶ
702 1822 837 1858 ἀγαθοερ-

56 1866 118 1901 γίας
134 1867 185 1893 τῶν
194 1868 378 1902 ἁτελευτήτων
392 1867 501 1902 ἀγαθῶν
517 1869 751 1904 εὖμοιρησάντων.

890 1547 1009 1574 ctionem
1035 1554 1099 1574 vero
1114 1555 1168 1574 non
1184 1547 1377 1582 prophetarum
1393 1549 1535 1575 euntirmat
1556 1548 1679 1574 testiino-

891 1592 956 1626 niis,
976 1593 1023 1620 sed
1046 1593 1130 1620 choro
1155 1594 1342 1628 apostolorum
1361 1594 1383 1621 si
1409 1594 1476 1628 ipsis
1502 1594 1554 1620 [ide
1578 1594 1677 1628 dignus

891 1642 961 1665 erat.
970 1638 1025 1673 29
1035 1637 1136 1666 Deinde
1149 1646 1211 1666 vero
1221 1644 1361 1674 postquam
1371 1639 1507 1666 eiferrndo
1515 1640 1618 1666 crimen
1628 1645 1677 1665 eo-

892 1691 964 1714 rum,
978 1685 1153 1711 vehementer
1163 1685 1363 1716 constristavit,
1379 1693 1487 1711 rursum
1503 1685 1627 1714 remittit,
1643 1684 1676 1710 ad

893 1729 1084 1764 paenitentiam
1101 1730 1161 1758 illos
1186 1731 1302 1758 invitans
1316 1739 1322 1758 :
1346 1731 1417 1766 quod
1432 1739 1463 1757 ex
1481 1729 1634 1765 ignorantia
1650 1735 1677 1756 et

891 1775 1048 1809 insipientia
1062 1777 1243 1810 peccaverint,
1261 1782 1287 1804 et
1297 1777 1369 1811 quod
1390 1777 1455 1803 illud
1467 1776 1538 1811 quod
1556 1775 1677 1803 :Ibittitio

891 1822 1069 1849 conSIitutum
1079 1826 1137 1849 erat
1145 1830 1176 1850 ac
1188 1823 1381 1858 prophetarum
1395 1823 1506 1850 oraculo
1516 1823 1676 1858 prmdlctum

890 1874 944 1894 non
959 1867 1079 1902 potuerit
1098 1869 1206 1895 evitari.
1233 1868 1281 1896 Ubi
1293 1877 1357 1896 vero
1375 1869 1516 1903 hucusque
1529 1868 1677 1904 processit.

53 1913 110 1950 jam
122 1915 200 1942 etiam
208 1916 295 1950 palam
305 1915 425 1951 cogendo
433 1915 537 1943 inducit
546 1915 791 1950 adsuscipiendam
803 1914 991 1950 pmnitentiam
1003 1933 1010 1946 ,
1020 1918 1076 1940 tum
1085 1913 1117 1940 ad
1127 1913 1300 1941 abolitionem
1311 1915 1484 1946 delictorum.
1496 1920 1551 1941 ttuu
1562 1915 1595 1942 ad
1609 1914 1678 1941 deli‘

57 1963 115 1991 cias
133 1963 343 1998 fruitiOuemqtte
364 1967 526 1991 aeternorum
549 1964 684 1992 bonorum
695 1983 702 1996 ,
724 1971 784 1998 quae
794 1970 841 1997 per
860 1961 1050 1998 paenitentiam
1066 1961 1256 1996 bonorumque
1272 1962 1456 1997 operationem
1470 1964 1670 1998 percipiuntur.

96 2019 106 2036 ‹
123 2011 175 2037 Καὶ
192 2011 237 2037 ἐπὶ
254 2012 286 2046 τῇ
311 2012 401 2038 πίστει
413 2011 459 2038 τοῦ
473 2012 602 2047 ὀνόματος
616 2012 710 2044 αὑτοῦ,
739 2011 835 2038 τοῦτον

62 2064 72 2082 t
89 2055 117 2082 ὂν
144 2056 268 2091 θεωρεῖτε
296 2056 343 2082 καὶ
369 2055 460 2083 οἴδατε
480 2076 487 2090 ,
516 2057 666 2092 ἑστερέωσε
694 2056 724 2084 τὸ
750 2057 835 2092 δνομα

62 2110 73 2128 ‹
90 2101 178 2129 αὐτοῦ.
195 2110 206 2127 ι

94 2148 230 2180 Τουτέστι,
240 2149 273 2175 Τί
285 2149 368 2182 λέγω,
383 2149 531 2181 πιστεύσας
545 2149 592 2176 ἐπὶ
605 2149 643 2184 τῷ
659 2149 770 2184 ὀνόματι
788 2149 837 2176 αὐ-

60 2192 106 2220 τοῦ
129 2193 298 2229 ὲστερεώθης
324 2195 371 2221 καὶ
395 2195 488 2230 πρὶνῆ
506 2195 662 2228 πιστεῦσαι,
695 2195 726 2221 τὺ
751 2195 837 2230 ονομα

924 2009 971 2041 Ill,
990 2009 1032 2036 l6.
1052 2019 1061 2036 ι
1082 2009 1114 2036 Et
1136 2010 1170 2036 ob
1192 2010 1271 2037 [idem
1289 2010 1408 2037 nominis
1423 2010 1491 2045 ejus,
1506 2011 1579 2038 hunc
1593 2019 1675 2046 quem

893 2065 903 2082 ι
921 2063 970 2084 vos
985 2055 1081 2082 videtis
1093 2059 1120 2083 et
1131 2055 1228 2089 nostis,
1245 2055 1427 2083 consolidavit
1438 2062 1535 2083 nomen
1548 2057 1642 2091 ipsius.
1661 2067 1671 2082 ι

926 2148 982 2176 lloc
995 2153 1046 2181 est,
1064 2148 1133 2182 Quid
1155 2148 1216 2176 dico
1234 2148 1305 2184 quod
1325 2150 1371 2184 qui
1392 2150 1508 2177 credidit
1525 2151 1551 2177 in
1567 2152 1675 2178 nomine

891 2195 952 2231 ejus
969 2196 1154 2222 consolidatus
1171 2196 1226 2223 sit?
1242 2195 1295 2223 imo
1308 2196 1390 2223 etiam
1405 2196 1561 2230 priusquam
1578 2198 1672 2224 crede-

64 2240 139 2275 μὸνον
149 2240 292 2275 ἐπικληθὲν
311 2241 477 2276 ἐστερέωσεν
506 2241 606 2268 αὐτόν·
626 2241 760 2276 τοσαύτην
783 2250 836 2276 πη-

921 2246 940 2274 ι,
957 2249 1056 2268 nomen
1075 2245 1178 2269 tantutn
1201 2242 1353 2268 invocatum
1375 2241 1557 2268 consolidat-it
1571 2242 1645 2268 illum
1665 2252 1672 2269 :

62 2283 136 2319 γαζει
148 2286 175 2312 τὸ
184 2285 269 2320 ὄνομα
288 2286 337 2321 τὴν
351 2287 441 2322 χάριν.
463 2286 546 2314 Οὔπω
561 2287 615 2322 γὰρ
626 2285 659 2322 ἧν
677 2286 836 2319 πιστεύσας,

62 2330 128 2357 ἀλλὰ
142 2331 205 2366 μόνη
219 2332 235 2366 ἡ
252 2332 395 2367 ἐπίκλησις
420 2332 468 2360 τοῦ
482 2333 613 2368 ὀνόματος
631 2333 661 2359 τὸ
675 2333 730 2360 πᾶν
741 2332 836 2368 εἰργά-

64 2385 136 2404 σατο.

100 2431 109 2448 t
129 2422 179 2449 Καὶ
194 2423 210 2457 ἡ
224 2424 316 2455 πίστις
335 2424 352 2458 ἡ
373 2423 408 2450 δι’
432 2423 514 2450 αὐτοῦ
544 2423 643 2451 ἔδωκεν
675 2424 751 2459 αὖτῷ
787 2424 838 2460 τὴν

67 2477 76 2493 ‹
93 2468 245 2504 ὁλοκληρίαν
256 2469 358 2503 ταύτην
376 2469 504 2496 ἀπέναντι
515 2470 622 2496 πάντων
639 2470 726 2504 ὑμῶν.
740 2480 749 2495 ι

99 2513 142 2545 Τὶς
156 2513 182 2540 δὲ
199 2515 215 2548 ἡ
225 2514 315 2546 πίστις
327 2515 344 2549 ὴ
359 2514 392 2540 δι’
408 2514 489 2541 αὐτοῦ
510 2515 686 2549 κηρυχθεῖσα,
701 2515 782 2547 αὐτὸς
793 2516 838 2551 ἐρ-

67 2559 193 2595 μηνεὺει.«
205 2561 262 2587 Ἵνα
275 2560 429 2595 γινώσκωσι
450 2569 479 2587 σε
496 2562 542 2587 τὴν
555 2561 633 2595 μόνον
648 2560 734 2596 ἀληθῆ
745 2581 752 2593 ,
765 2569 774 2586 ι
791 2561 838 2587 καὶ

65 2605 190 2638 ἑξῆς.Ἰνα
205 2605 258 2642 γὰρ
275 2607 311 2642 μή
330 2615 372 2638 τις
386 2606 461 2642 εἴπῃ,
477 2606 580 2633 Οὐκοῦν
591 2606 641 2633 κᾶν
652 2606 763 2638 ἄπιστος
778 2609 839 2633 ἑπι-

66 2651 201 2683 καλέσηται
215 2651 245 2677 τὸ
260 2652 344 2687 ὄνομα
357 2652 557 2685 αὑτοῦ,κᾶνὲπὶ
566 2652 697 2687 θεραπείᾳ
711 2653 838 2685 ἀπίστου,

67 2696 136 2722 οὐδὲν
149 2694 227 2733 ἦττον
246 2698 262 2732 ἠ
279 2698 350 2729 ἴασις
365 2698 548 2734 προχωρήσει,
568 2698 647 2733 εἴπερ
664 2699 679 2732 ή
695 2698 839 2732 ἐπίκλησις

71 2742 131 2777 μόνη
142 2742 184 2769 τοῦ
195 2743 328 2777 ὀνόματος
343 2743 518 2778 ἐστερέωσεν·
536 2744 580 2769 ἵνα
597 2743 643 2770 οὖν
655 2745 691 2778 μή
705 2752 747 2775 τις
762 2743 838 2770 τοῦτο

70 2787 137 2822 εἴπῃ,
167 2788 298 2823 ὲπήγαγε’
336 2788 419 2815 (Καὶ
449 2789 465 2822 ἡ
500 2788 590 2818 πίστις
623 2787 694 2824 ἠδι*
721 2786 834 2816 αὑτοῦ.»

101 2835 120 2850 ⁸ο
132 2834 204 2862 Joan.
219 2842 293 2867 xvnt,
307 2834 349 2861 3L

888 2291 991 2314 tantam
1014 2291 1105 2314 manat
1118 2295 1214 2314 nomen
1227 2287 1298 2314 illius
1313 2286 1428 2321 gratiam
1445 2287 1582 2313 :nondtun
1600 2287 1672 2314 enim

888 2333 1052 2366 crediderat,
1073 2333 1122 2362 sed
1135 2334 1193 2361 sola
1209 2334 1326 2361 nominis
1342 2333 1477 2361 invocatio
1494 2342 1548 2361 rem
1565 2341 1674 2361 onmem

890 2379 1003 2414 peregit.

928 2434 937 2451 ι
957 2424 989 2451 Et
1005 2424 1071 2452 fides
1086 2433 1145 2460 quae
1163 2433 1210 2460 per
1224 2432 1285 2453 eum
1303 2429 1355 2459 est.
1371 2425 1445 2453 dedit
1461 2426 1511 2460 ipsi
1531 2426 1672 2462 integrita-

894 2479 903 2496 ι
923 2474 976 2498 tem
990 2471 1071 2498 istam
1092 2471 1119 2497 in
1137 2476 1282 2505 conspectu
1300 2473 1422 2498 omnium
1439 2477 1570 2498 veslrum.
1591 2481 1600 2498 ι

927 2514 992 2547 Quae
1009 2521 1098 2541 autent
1114 2514 1149 2542 sit
1169 2515 1234 2542 ﬁdes
1249 2523 1308 2550 quae
1333 2523 1380 2550 per
1395 2523 1456 2542 eum
1477 2520 1532 2548 est,
1553 2516 1611 2550 ipse
1626 2516 1674 2543 de-

891 2559 986 2592 clarat,
1007 2560 1053 2587 ubi
1068 2559 1106 2586 ait
1123 2569 1129 2586 :
1149 2569 1158 2584 ε
1180 2559 1214 2586 Ut
1240 2566 1406 2595 cognoscant
1428 2565 1453 2588 te
1476 2561 1562 2587 solum
1580 2569 1672 2586 verum

891 2607 975 2634 Deum
991 2607 1024 2640 η,
1041 2617 1050 2634 ι
1069 2612 1121 2635 etc.
1141 2607 1178 2634 Ne
1192 2609 1254 2642 quis
1264 2608 1335 2635 enim
1354 2607 1427 2634 dicat
1441 2616 1447 2633 :
1463 2607 1553 2642 Itaque
1566 2606 1673 2633 etiamsi

890 2652 1007 2680 infidelis
1020 2653 1127 2680 invocet
1145 2659 1244 2679 nomen
1257 2652 1353 2686 ipsius,
1372 2652 1478 2679 etiamsi
1491 2651 1517 2678 in
1531 2650 1673 2676 curatione

891 2698 1020 2725 increduli
1036 2698 1062 2725 id
1076 2698 1129 2729 iiat,
1145 2698 1323 2725 uittilominus
1345 2698 1418 2725 salus
1432 2698 1625 2730 subsequatur,
1648 2695 1671 2722 si

889 2743 998 2777 quidem
1024 2744 1081 2771 sola
1094 2743 1213 2770 nominis
1234 2743 1369 2770 invocatio
1395 2741 1573 2769 consolidant
1587 2742 1669 2768 hunc.

890 2786 929 2815 Ne
945 2787 1006 2823 quis
1019 2795 1083 2823 ergo
1097 2788 1148 2815 hoc
1166 2788 1248 2821 dicat,
1267 2787 1407 2822 sulijunxit
1425 2796 1431 2812 ς
1451 2796 1459 2812 ι
1480 2786 1513 2813 Et
1531 2785 1595 2813 ηερε
1611 2794 1670 2820 que

387 2834 407 2850 “
422 2834 499 2862 Joan.
520 2833 629 2868 xtx,15.
669 2833 689 2850 δ’
706 2834 783 2863 Joan.
800 2843 864 2868 xvu,
879 2834 904 2861 5.
