1856 3049
58 135 105 166 73

557 133 752 164 COMMENT.
768 132 809 162 IN
825 131 917 161 ACTA
936 130 1225 161 APOSTOLORU'M.
1669 128 1704 160 74

108 200 120 216 ι
148 191 262 226 Ἄνδρες
291 190 411 225 ἀδελφοὶ,
429 190 488 224 ὲξὺν
504 192 590 217 εἰπεῖν
623 191 691 226 μετὰ
709 188 864 225 παρῤησῖας

956 186 986 218 ll,
1002 186 1097 214 89-52.
1117 197 1126 213 ι
1153 186 1210 213 Viri
1225 186 1336 216 fratres.
1357 186 1420 214 licet
1450 186 1521 222 apud
1543 194 1592 215 vos
1619 186 1704 214 libere

63 246 77 263 ε
103 238 181 273 πρὸς
205 237 278 272 ὑμᾶς
302 237 367 272 περὶ
392 236 438 263 τοῦ
463 238 635 272 πατριάρχου
651 236 750 267 Δαυῒδ,
767 235 868 262 eum

63 294 75 309 ε
103 284 286 318 ἐτελεύτησε,
306 284 353 310 καὶ
369 283 468 318 ἐτάφη.
482 284 530 310 καὶ
545 283 576 310 τδ
594 283 688 318 μνῆμα
701 282 782 308 αὐτοῦ
794 282 868 308 ἐστιν

65 340 77 356 ι
102 331 138 356 ἐν
156 330 223 364 ἡμῖν
243 330 307 365 ἄχρι
330 330 379 364 τῆς
401 330 506 364 ἡμέρας
527 329 639 363 ταύτης.
660 329 805 363 Προφήτης
822 326 868 354 οὖν

66 385 78 401 ι
105 376 255 411 ὑπάρχων,
272 377 320 402 καὶ
332 374 421 408 εἰδὼς,
433 376 475 402 ὅτι
489 376 562 411 ὅρκῳ
571 375 678 410 ὤμοσεν
692 374 766 409 αὑτῴ
778 374 792 400 ὁ
802 373 868 404 Θεὸς

67 431 79 447 ι
105 423 143 448 ἐκ
170 422 280 457 καρποῦ
309 422 360 456 τῆς
386 422 486 456 ὀσφύος
509 421 592 448 αὑτοῦ
618 421 729 448 καθίσαι
752 419 800 447 ἐπὶ
821 419 868 446 τοῦ

68 479 80 494 ‹
106 469 210 504 θρόνου
226 468 320 497 αὐτοῦ.
333 469 363 494 τὸ
378 468 450 495 κατὰ
468 468 557 504 σάρκα
574 468 726 502 ἀναστῆσαι
743 467 788 494 τὸν
799 467 868 501 X9:-

68 523 79 538 ε
106 515 174 540 στὸν
205 514 323 549 προϊδὼν
347 513 464 548 ἐλόλησε
489 515 553 551 περὶ
567 514 615 549 μὲν
629 513 802 543 ἀναστάσεως
820 512 867 539 τοῦ

68 569 80 585 1
104 559 241 594 Χριστοῦ,
259 560 300 586 ὅτι
316 560 365 586 οὐκ
383 560 581 595 ἐγκατελείφθη
604 561 620 595 ἡ
637 560 710 595 ψυχὴ
726 559 810 586 αὑτοῦ
827 561 868 591 εἰς

68 615 80 631 ι
104 605 185 642 ᾅδου,
212 607 272 632 οὐδὲ
288 607 304 641 ἡ
329 607 397 640 σὰρξ
422 607 504 633 αὐτοῦ
520 605 574 634 εἶδε
589 606 750 644 διαφθοράν.
767 606 868 632 Τοῦτον

69 661 81 677 ‹
104 652 154 678 τὸν
174 652 278 686 Ἰησοῦν
299 653 448 688 ἀνέστησεν
472 654 486 679 ὁ
508 653 591 685 Θεὸς,
615 649 646 679 οὗ
661 653 760 684 πάντες
786 653 867 687 ἡμεῖς

71 709 82 724 1
106 700 195 733 ἐσμεν
212 699 362 734 μάρτυρες.
388 708 397 725 ι

109 744 168 778 Τὴν
185 744 357 779 προφητείαν
372 743 521 779 πληρώσας
544 744 632 772 ἄλλων
646 744 728 770 πάλιν
743 744 865 778 ἀπάρχε-

65 798 118 815 ται
138 791 300 825 προοιμίων.
321 799 330 816 t
350 790 474 826 Ἄνδρες,
505 791 599 826 φησὶν,
623 790 743 824 ἀδελφοί.
759 801 768 816 ι
783 790 866 816 Ὅταν

66 836 128 871 γὰρ
143 837 215 870 μέγα
228 846 254 863 τι
272 836 356 872 μέλλῃ
373 837 457 872 ἐρεῖν,
471 837 634 873 οἰκειωτικῷ
649 837 782 873 κέχρηται
799 846 866 873 προ-

67 882 170 917 οιμίῳ,
190 883 322 917 ἀδελφοὺς
336 883 437 910 καλῶν.
459 884 504 915 Ὠς
514 884 560 910 καὶ
577 885 592 910 ό
607 884 755 918 Στέφανος,
774 884 865 910 ’Λδελ-

69 929 121 963 φο).
139 930 187 956 καὶ
202 930 491 964 Πατέρες,ἀκούσατε.
508 929 574 957 Εἶτα
587 939 680 966 φησιν,
699 939 708 956 ι
735 931 810 962 Ἐξδν
830 931 867 956 εί-

71 975 137 1000 πείν
151 975 220 1009 μετὰ
230 975 386 1010 παρρησίας
409 976 474 1011 περὶ
489 975 536 1002 τοῦ
552 976 723 1012 πατριάρχου
739 976 831 1003 Δαυῒδ.
855 986 864 1002 ι

73 1020 164 1047 Ἔνθα
189 1021 265 1047 οὐδὲν
287 1022 412 1056 βλάπτει,
443 1023 526 1056 πολλῇ
551 1020 866 1060 κέχρηται³μιτριοφρο-

74 1065 156 1101 σύνῃ.
174 1066 203 1092 Εἰ
219 1067 274 1102 γὰρ
287 1065 362 1094 εἶπεν
375 1067 461 1098 οὕτως
476 1067 579 1099 ἁπλῶς,
599 1069 640 1094 ὅτι
653 1068 740 1094 ταῦτα
759 1069 809 1095 οὐκ
831 1069 869 1095 εἵ-

76 1121 158 1147 ρηται
181 1113 245 1148 περὶ
260 1113 306 1139 τοῦ
323 1113 414 1144 Δαυῖδ,
434 1114 502 1140 ἀλλὰ
516 1115 580 1149 περὶ
591 1114 639 1140 τοῦ
656 1114 787 1149 Χριστοῦ,
801 1124 867 1150 τρα-

73 1157 125 1192 χὺς
143 1157 176 1184 ἂν
193 1157 278 1191 ἔδοξε,
306 1159 352 1184 καὶ
366 1159 451 1194 ὀργὴν
477 1159 569 1190 αὐτοῖς
584 1159 704 1186 ἐνεποίει
720 1160 831 1193 μᾶλλον,
848 1161 865 1196 ἢ

76 1203 234 1237 πειθηνίους
250 1205 405 1239 παρείχετο.
428 1205 508 1230 Ἀλλὰ
522 1204 605 1239 πολλῇ
630 1205 696 1240 περὶ
715 1205 761 1231 τὸν
777 1205 866 1240 μακά-

77 1258 135 1284 ριον
151 1249 231 1276 Δαυῖδ
246 1251 312 1286 τιμῇ
330 1250 505 1285 χρησάμενος
519 1271 526 1280 ,
550 1251 754 1286 εὐπαραδεκτον
779 1260 865 1278 κατα-

77 1295 217 1328 σκευάζει,
248 1297 288 1323 ὃτι
306 1298 370 1331 περὶ
396 1296 444 1323 τοῦ
466 1297 584 1332 Χριστοῦ
611 1298 628 1332 ἡ
655 1298 804 1333 μαρτυρία,
819 1298 866 1324 καὶ

77 1344 131 1374 πΞς
144 1341 222 1374 οὗτος
237 1345 251 1370 ὁ
266 1344 344 1377 λόγος
370 1343 456 1374 οὕτως
485 1345 681 1378 οἰκονομεῖται.
698 1345 737 1379 Τῇ
752 1345 805 1380 γὰρ
817 1345 865 1371 τοῦ

77 1388 160 1414 Δαυϊὸ
173 1388 284 1424 τελευτῇ
298 1389 345 1415 καὶ
358 1391 430 1424 ταφῇ
455 1389 485 1415 οὗ
508 1389 690 1424 προσέθηκεν,
704 1391 744 1416 ὅτι
759 1391 809 1417 οὐκ
820 1391 868 1417 ἀν-

77 1434 155 1468 έστη,
170 1434 277 1460 ἀλλ’ὅτι
295 1444 303 1460 t
325 1435 379 1461 Καὶ
395 1434 425 1460 τὸ
437 1435 531 1470 μνῆμα
543 1435 625 1462 αὑτοῦ
640 1436 714 1462 ἐστιν
728 1437 756 1462 ἐν
770 1437 863 1471 msh,»

75 1481 148 1515 ὅπερ
163 1482 218 1507 ἴσον
231 1481 280 1517 τῷ,
296 1482 352 1508 Οὐκ
364 1482 477 1516 ἀνέστη.
491 1482 545 1508 Καὶ
558 1482 619 1509 οὐδὲ
635 1482 723 1514 οὕτως
735 1481 818 1518 ἦλθεν
826 1485 866 1515 εἰς

76 1527 124 1553 τὸν
140 1527 268 1561 Χριστὸν,
284 1527 352 1554 ἀλλὰ
366 1527 448 1554 πάλιν
467 1527 672 1563 ὲγκωμιάζεται
688 1530 702 1556 ὸ
716 1529 809 1560 Δαυῒδ,
823 1529 868 1556 διὰ
881 1533 903 1562 c

75 1573 138 1603 τοῦ,
155 1583 165 1599 ι
181 1574 326 1608 Προφήτης
341 1574 387 1600 οὖν
409 1575 539 1610 ὑπάρχων
556 1595 562 1607 ,
580 1585 589 1601 ι
613 1575 655 1602 ἵνα
670 1575 714 1602 διὰ
729 1575 778 1611 τὴν
800 1577 868 1610 πρὸς

78 1620 183 1646 ἑκεῖνον
196 1621 279 1654 τιμὴν
293 1620 341 1646 καὶ
356 1621 386 1647 τὸ
403 1622 481 1655 γένος
494 1621 525 1648 τὸ
537 1622 585 1648 ἀπ’
608 1622 725 1654 ἐκείνου,
739 1623 786 1649 τοῦ
801 1623 869 1658 Χρι-

80 1666 145 1692 στοῦ
162 1666 290 1699 δέξωνται
305 1667 351 1694 τὸν
369 1668 435 1703 περὶ
455 1670 505 1703 τῆς
518 1668 694 1700 ἀναστάσεως
708 1669 797 1703 λόγον.
814 1669 868 1696 Καὶ

81 1713 133 1738 οὐκ
155 1711 293 1743 εἴπειι,ὄτι
312 1715 511 1749 Ἐπηγγείλατο
527 1715 602 1750 αὐτῷ
635 1716 649 1742 ὁ
673 1715 750 1748 Θεὸς,
770 1717 827 1743 ἀλλ’
854 1716 869 1744 ὃ

85 1758 176 1793 μεῖζον
207 1761 255 1785 καὶ
283 1760 461 1795 ἀπαράϐατον
485 1758 531 1796 ἦν,
554 1760 604 1794 τὸ,
629 1761 742 1796 Ὤμοσε.
767 1762 804 1788 Τὸ
825 1762 864 1795 δὲ,

91 1814 100 1830 t
122 1805 198 1831 Κατὰ
229 1807 317 1840 σάρκα
334 1816 344 1832 ›
361 1807 544 1842 κηρύττοντός
557 1807 642 1839 ἐστιν,
671 1807 709 1839 ὡς
731 1808 778 1834 καὶ
801 1809 868 1840 Θεὸς

82 1850 209 1884 Χριστὸς,
228 1851 274 1877 καὶ
298 1852 423 1877 σύνεστιν
439 1852 483 1878 ἀεὶ
506 1852 544 1887 τῷ
561 1852 660 1887 Πατρί.
676 1852 772 1880 Πάντα
786 1853 814 1879 δὲ
830 1853 869 1888 τῷ

84 1896 171 1931 Πατρὶ
186 1897 356 1930 ἀνατίθησιν,
382 1897 424 1923 ἶνα
438 1897 506 1929 τέως
523 1897 729 1932 παραδέξωνται
745 1898 779 1924 τὰ
792 1898 870 1932 λεγόο

87 1950 161 1975 μενα.
185 1943 266 1969 Ἀλλὰ
286 1943 346 1974 πῶς
371 1943 499 1970 ἐκάθισεν
512 1944 560 1970 ἐπὶ
576 1944 672 1979 θρόνου
689 1945 787 1977 Δαυῖδ;
807 1945 869 1971 "Ott

86 1987 219 2022 βασιλεύει
235 1989 344 2015 πάντων
367 1989 501 2016 Ἰουδαίων
521 1999 550 2016 τε
570 1990 617 2016 καὶ
636 1989 720 2016 ἐθνῶν
736 1999 869 2026 σαγηνευ-

86 2034 183 2060 θέντων
198 2035 237 2065 εἰς
250 2035 299 2069 τὴν
317 2035 421 2061 ἐκείνου
447 2036 539 2062 πίστιν
562 2044 591 2062 τε
617 2036 663 2062 καὶ
676 2036 816 2071 λατρείαν.
833 2037 869 2063 Τὸ

85 2079 124 2110 δὲ,
142 2088 150 2104 t
163 2079 229 2105 Οὐδὲ
247 2080 264 2114 ἡ
282 2080 350 2114 σὰρξ
362 2079 446 2106 αὑτοῦ
461 2078 514 2106 εἶδε
529 2080 687 2116 διαφθορὰν,
705 2090 714 2106 ι
730 2081 778 2116 οὐχ
788 2079 869 2117 ἦττον

86 2125 117 2150 τὺ
129 2125 176 2159 τῆς
189 2125 365 2157 ἀναστάσεως
381 2125 510 2160 ἐμφαίνει
526 2125 617 2161 ἔργον.

923 241 931 257 t
952 233 1044 260 dicere
1060 233 1093 260 de
1107 231 1261 268 patriarcha
1283 231 1365 259 David
1379 231 1452 267 quod
1465 237 1493 260 et
1505 232 1652 260 defunctus
1662 237 1704 260 est

924 287 932 303 ι
953 282 980 304 ιιι
1003 279 1127 311 sepultus
1150 282 1204 309 est,
1239 282 1266 305 et
1293 278 1450 312 sepulcrum
1481 278 1540 313 ejus
1560 279 1631 313 apud
1654 287 1706 306 nos

922 333 931 350 ι
955 328 997 351 est
1029 332 1115 359 usque
1141 325 1166 351 in
1187 325 1351 352 hodiernum
1378 325 1462 353 diem.
1487 325 1623 361 Propheta
1654 325 1706 360 igi-

922 378 931 394 (
953 374 998 396 ιιιι·
1020 377 1082 396 cum
1110 375 1195 401 esset,
1225 374 1253 396 et
1278 370 1362 396 sciret
1381 370 1455 405 quod
1485 370 1644 405 juramento
1663 371 1706 405 ju-

922 424 931 440 ι
953 420 1042 443 rasset
1057 416 1108 442 sibi
1124 415 1196 443 Deus
1226 421 1256 443 ut
1269 417 1303 444 de
1320 416 1411 444 fructu
1428 417 1514 445 lumbi
1529 418 1615 453 ipsius
1630 418 1706 445 sedc-

923 470 932 486 ι
953 466 996 488 ret
1020 468 1103 496 super
1120 461 1250 488 thronum
1272 470 1352 489 suum
1370 471 1377 489 :
1394 463 1526 497 prmscius
1539 455 1611 498 quod
1627 462 1707 490 Chri-

923 516 932 532 ‹
952 511 1012 534 stus
1026 507 1176 535 secundum
1189 515 1298 534 carnem
1313 512 1478 543 resurgeret,
1495 509 1603 535 locutus
1618 514 1659 535 est
1672 508 1707 534 de

921 561 931 577 ί
954 554 1157 580 resurrectione
1172 553 1287 585 Christi,
1299 553 1373 588 quod
1385 561 1439 581 non
1459 553 1589 581 derelicta
1603 553 1707 581 sitani-

922 607 931 623 ι
955 606 997 625 ma
1009 598 1069 633 ejus
1083 599 1110 625 in
1124 597 1242 630 inferno,
1261 607 1350 633 neque
1365 607 1430 626 caro
1443 599 1504 634 ejus
1519 599 1621 627 viderit
1643 607 1706 627 cor-

921 652 930 668 (
959 644 1126 678 ruptionem.
1148 643 1225 671 Hunc
1250 644 1343 672 Jesnm
1365 645 1509 673 suscitavit
1539 644 1611 673 Deus
1627 646 1706 680 cujus

921 697 930 714 I
955 696 1006 715 llOS
1021 697 1117 717 ontttes
1130 694 1214 717 testes
1230 698 1337 718 sumus.
1359 700 1369 716 1

954 735 1067 769 Expleta
1085 736 1226 770 prophetia
1245 735 1306 762 aliis
1321 744 1431 763 rursum
1446 737 1604 771 aggreditur
1616 745 1707 772 prom-

919 779 1008 806 miis.i
1024 779 1079 807 Viri
1098 780 1227 812 fratres,»
1239 782 1338 816 inquit.
1352 781 1493 816 Siquidem
1502 790 1564 809 cum
1577 790 1705 818 magnum

918 824 1023 859 aliquid
1043 825 1169 852 dicturus
1184 826 1231 858 sit,
1255 825 1359 853 mitiori
1377 833 1445 853 usus
1465 830 1506 854 est
1534 826 1706 861 praefatione.

879 857 903 887 Β
919 869 1018 912 fratres
1045 879 1160 899 vocans.
1183 871 1419 905 Quemadmodum
1444 877 1471 900 et
1494 872 1651 908 Stephanus
1672 874 1706 905 ",

918 915 1029 944 Fratres
1037 920 1064 943 et
1079 915 1186 950 Patres,
1203 918 1305 945 audite.
1317 917 1421 944 Deinde
1435 920 1473 945 ait
1489 927 1495 945 :
1513 927 1522 943 ‹
1538 917 1708 946 Lieetlihere

918 962 1011 990 dicere
1026 962 1060 990 de
1073 963 1231 997 patriarcha
1259 963 1354 991 David.
1377 973 1386 989 ι
1405 963 1473 991 Cum
1488 964 1589 992 nullam
1608 964 1709 992 inferat

919 1008 1060 1042 injuriam,
1079 1009 1165 1036 multa
1181 1013 1271 1036 tatnen
1299 1016 1367 1036 usus
1377 1014 1420 1036 est
1433 1010 1577 1038 modestia.
1593 1009 1659 1037 Nam
1684 1011 1708 1038 si

919 1053 956 1079 ita
981 1053 1147 1087 simpliciter
1167 1054 1283 1082 dixisset
1306 1063 1312 1080 :
1331 1053 1393 1082 Htec
1407 1055 1441 1082 de
1467 1054 1552 1082 David
1572 1063 1626 1084 non
1644 1061 1709 1084 sttnt

919 1098 1003 1130 dicta,
1031 1098 1144 1126 odiosus
1160 1099 1255 1134 utique
1279 1107 1369 1127 sermo
1393 1101 1575 1135 apparuisset,
1589 1106 1617 1129 et
1639 1103 1707 1129 irant

918 1147 1010 1180 potius
1031 1146 1185 1177 incitasset.
1214 1155 1296 1181 quant
1321 1147 1506 1182 obsequentes
1532 1148 1705 1177 reddidisset.

919 1192 971 1218 Sed
991 1192 1076 1218 multo
1094 1192 1198 1219 honore
1211 1200 1279 1220 usus
1294 1199 1360 1227 erga
1376 1193 1487 1219 beatum
1504 1193 1600 1226 David,
1615 1195 1667 1229 21
1680 1195 1708 1222 id

918 1236 1002 1263 efticit
1016 1240 1046 1263 ut
1058 1237 1137 1264 facile
1149 1237 1318 1271 suscipiatur
1328 1237 1401 1272 quod
1414 1237 1448 1264 de
1458 1237 1570 1265 Christo
1584 1241 1619 1266 sit
1631 1240 1708 1267 testi-

918 1287 1065 1313 monium:
1092 1290 1120 1313 et
1143 1286 1180 1313 ita
1207 1286 1299 1313 omnis
1320 1285 1365 1312 hic
1394 1293 1487 1313 sermo
1505 1286 1708 1321 dispensatorie

918 1333 1072 1360 ordinatur.
1087 1332 1168 1359 Morti
1191 1332 1326 1367 siquidem
1353 1339 1384 1358 ac
1403 1332 1532 1367 sepulcro
1553 1333 1638 1361 David
1653 1342 1708 1362 non

918 1380 1023 1407 addidit
1043 1380 1115 1414 quod
1131 1387 1185 1406 non
1201 1378 1367 1408 resurrexit.
1377 1378 1424 1406 sed
1441 1378 1515 1413 quod
1530 1378 1708 1414 «Sepulcrum

917 1425 999 1452 etiam
1013 1424 1074 1458 ejus
1089 1423 1160 1459 apud
1172 1431 1222 1451 nos
1235 1428 1290 1456 est,
1301 1432 1311 1448 ι
1325 1422 1399 1458 quod
1412 1422 1578 1450 tantumdem
1589 1428 1631 1451 est
1643 1432 1674 1452 ac
1684 1425 1708 1452 si

919 1471 1056 1499 dixisset:
1073 1470 1134 1498 Non
1161 1470 1325 1498 resurrexit.
1351 1469 1384 1496 Et
1406 1477 1495 1504 neque
1523 1470 1561 1496 ita
1576 1471 1651 1498 venit
1673 1471 1708 1498 ad

919 1517 1071 1546 Christum.
1083 1517 1129 1545 sed
1142 1524 1252 1543 rursum
1267 1515 1358 1543 laudat
1372 1516 1466 1547 David,
1481 1516 1595 1544 dicens:
1614 1526 1624 1542 r
1640 1516 1708 1544 Pro-

921 1563 1002 1598 pheta
1030 1563 1113 1597 igitur
1136 1569 1199 1589 cutn
1216 1566 1301 1592 esset,
1318 1570 1327 1586 ι
1349 1565 1379 1587 ιιι
1402 1569 1451 1596 per
1477 1561 1609 1588 honorem
1626 1570 1708 1597 quem

920 1611 972 1646 ipsi
988 1611 1104 1645 ejusque
1119 1610 1212 1645 generi
1232 1609 1354 1640 exhibet,
1374 1609 1530 1644 suscipiant
1557 1609 1591 1637 de
1604 1610 1708 1638 Christi

919 1657 1124 1683 resurrectione
1150 1662 1317 1682 sermonem.
1337 1653 1431 1690 Neque
1453 1653 1522 1682 dixit
1550 1662 1557 1681 :
1576 1654 1709 1683 Promisit

920 1701 972 1736 ipsi
1004 1700 1086 1733 Deus,
1115 1700 1162 1728 sed
1181 1699 1254 1736 quod
1284 1700 1374 1734 tnajtts
1397 1704 1455 1727 erat
1493 1704 1521 1726 ct
1553 1701 1707 1728 incommu-

920 1748 1014 1779 tabile,
1026 1747 1144 1774 Juravit.
1157 1747 1269 1774 Additio
1282 1754 1348 1774 vero
1364 1747 1422 1779 illa,
1448 1755 1457 1771 ι
1477 1746 1633 1774 Secundum
1646 1755 1710 1775 car-

921 1801 995 1826 nem,
1012 1802 1022 1819 »
1051 1793 1226 1828 ρτωᾱίυτιηιίε
1249 1798 1292 1820 est
1321 1791 1394 1828 quod
1421 1792 1547 1820 Christus
1569 1793 1651 1820 etiam
1673 1794 1710 1822 sit

921 1841 1003 1873 Dens,
1032 1849 1196 1877 semperque
1222 1850 1285 1869 eum
1310 1841 1403 1869 Patre.
1431 1840 1531 1869 Omnia
1555 1847 1645 1870 autem
1674 1842 1709 1869 ad

922 1886 1030 1914 Patrem
1049 1888 1143 1917 refert.
1162 1891 1191 1914 ut
1209 1887 1319 1914 interim
1333 1887 1509 1921 excipiantur
1530 1895 1592 1922 quae
1606 1888 1707 1915 dicun-

920 1935 976 1959 tur.
1001 1931 1054 1959 Sed
1083 1932 1222 1966 quomodo
1250 1932 1321 1959 sedit
1341 1939 1426 1966 super
1449 1933 1580 1959 thronum
1607 1932 1709 1961 David?

921 1979 989 2012 Quia
1006 1978 1251 2013 rcguatomnilms,
1263 1978 1421 2014 Judteisque
1441 1986 1473 2006 ac
1495 1980 1624 2014 gentibus
1638 1980 1709 2008 irre-

921 2024 992 2055 titis,
1005 2025 1063 2051 sive
1075 2024 1280 2059 przedicationis
1293 2025 1388 2060 sagina
1403 2026 1436 2052 ad
1448 2025 1508 2060 ejus
1522 2025 1601 2052 ﬁdem
1613 2031 1639 2052 et
1650 2026 1710 2053 cul-

921 2075 979 2098 tum
995 2071 1130 2098 attractis.
1146 2070 1174 2097 Id
1189 2070 1272 2097 etiam
1288 2072 1360 2105 quod
1377 2072 1426 2103 ait,
1442 2080 1451 2097 ι
1468 2071 1560 2106 Neque
1571 2079 1636 2099 caro
1649 2073 1710 2106 ejus

921 2118 990 2145 vidit
1010 2118 1230 2152 corruptionem,
1264 2126 1274 2143 ι
1304 2125 1358 2144 ηοιι
1385 2118 1477 2145 minus
1499 2118 1710 2146 resurrectionis

922 2172 991 2201 opus
1005 2165 1173 2192 manifestat.

123 2227 132 2244 ι
150 2218 188 2253 Τῇ
204 2216 334 2254 δεξιᾷιοῦν
349 2219 395 2245 τοῦ
412 2217 480 2245 Θεοῦ
496 2217 626 2252 ὑψωθεὶς,
639 2219 688 2253 τήν
703 2226 733 2244 τε
747 2219 867 2253 ἐπαγγε-

958 2211 995 2242 ll,
1019 2210 1122 2243 53,34.
1152 2219 1162 2235 ι
1185 2209 1300 2237 Dextera
1324 2209 1406 2243 igitur
1433 2209 1480 2237 Dei
1502 2210 1656 2242 exaltatus,
1684 2215 1712 2237 et

89 2273 98 2288 ι
117 2263 174 2289 λίαν
186 2263 230 2290 τοῦ
248 2264 327 2297 ἁγίου
339 2263 496 2298 Πνεύματος
505 2263 594 2289 λαὸὼν
604 2262 680 2298 παρὰ
693 2261 741 2289 τοῦ
751 2263 867 2298 Πατρὺς,

89 2320 99 2336 ‹
121 2310 207 2345 ἐξέλεε
224 2310 303 2337 τοῦτο
329 2311 342 2337 ὃ
359 2310 406 2337 νῦν
425 2311 504 2345 ὑμεῖς
530 2310 643 2345 βλέπετε
671 2310 718 2336 καὶ
745 2309 868 2336 ἀκούετε.

90 2366 99 2382 ι
119 2357 152 2382 Οιὶ
171 2357 223 2390 γὰρ
238 2356 319 2382 Δαυῒδ
335 2357 418 2392 ανέῦη
436 2357 474 2388 είς
490 2357 553 2388 τοὺς
569 2355 711 2392 οὐρανούς.
727 2365 736 2382 ι

123 2402 174 2427 Και
190 2401 269 2427 πάλιν
284 2401 322 2436 τῷ
347 2402 435 2436 Πατρὶ
457 2401 599 2436 ἀνατίθησι
615 2401 645 2427 τὸ
668 2401 790 2435 γεγονός.
811 2400 870 2428 Οἵδε

88 2447 140 2482 γὰρ
156 2447 224 2473 οὕτω
239 2448 301 2478 τοὺς
318 2448 456 2481 ἀκροατὰς
471 2447 671 2482 ἐπισπώμενος.
687 2447 779 2474 Είπὼν
791 2447 817 2474 δὲ
830 2448 870 2480 τὸ,

95 2492 233 2526 Ύψωθεὶς,
261 2492 308 2518 καὶ
335 2493 398 2527 περὶ
421 2493 470 2526 τῆς
499 2492 659 2527 ἀναλήψεως
686 2492 807 2528 ᾐνίξατο,
826 2492 873 2518 καὶ

89 2539 128 2565 ὅτι
150 2539 176 2564 ἐν
201 2540 257 2569 τοῖς
274 2539 398 2572 οὐρανοῖς
416 2539 484 2565 ἐστι.
507 2538 553 2564 Διὸ
565 2537 624 2564 οὐδὲ
641 2538 764 2573 φανερῶς
783 2535 871 2570 εἶπεν,

90 2585 129 2611 ὅτι
158 2585 199 2611 Ἑν
229 2586 285 2616 τοῖς
310 2585 435 2620 οὐρανοῖς
464 2585 548 2611 ἐστιν.
571 2585 649 2611 Ἐπεὶ
677 2584 723 2611 οὖν
757 2584 874 2611 ἐνταῦθα

92 2631 200 2666 προέϐη,
219 2633 267 2658 καὶ
284 2631 338 2658 τῶν
362 2631 483 2666 σημείων
506 2630 589 2657 αὑτοῦ
612 2631 735 2666 ἐμνήσθη
763 2631 811 2657 καὶ
825 2631 874 2666 τῆς

93 2677 269 2709 ἀναστάσεως,
290 2677 383 2704 λοιπὸν
409 2677 506 2711 ἐπάγει
528 2677 567 2708 τὸ,
590 2687 599 2703 ‹
623 2677 757 2712 Ἐξέχεεν.
778 2687 786 2702 ι
806 2678 874 2703 Κατ’

93 2723 172 2758 ἀρχὰς
197 2723 247 2758 μὲν
263 2723 318 2758 γὰρ
342 2724 375 2750 τὰ
399 2723 495 2758 πρῶτα
519 2723 611 2757 ἔλεγεν
632 2722 662 2749 οὐ
679 2723 724 2749 τὸν
749 2723 867 2756 Χριστὸν

95 2767 297 2802 ἐπαγγείλασθαι
312 2769 390 2795 τοῦτο
403 2769 446 2795 διὰ
469 2768 544 2804 Ὶωὴλ
560 2768 606 2795 τοῦ
623 2769 776 2803 προφήτου.
797 2768 875 2793 Ἑπεὶ

95 2815 121 2842 δὲ
140 2815 188 2842 τῶν
204 2815 274 2842 κατὰ
292 2815 412 2850 Χριστὸν
436 2815 560 2850 ἐμνήσθη
580 2815 749 2850 παραδόξων,
767 2813 876 2849 θαρρῶν

125 2873 145 2888 ³³
161 2872 230 2899 Infra
250 2881 298 2899 vn.

225 2922 359 2969 PA'rttOL.
379 2919 436 2949 Gtt.
461 2921 603 2951 CXVIII.

924 2266 934 2282 ‹
954 2255 1138 2291 promissione
1154 2254 1275 2289 Spiritus
1296 2255 1387 2282 sancti
1403 2258 1515 2290 accepta
1531 2262 1546 2281 a
1564 2254 1655 2286 Patre.
1670 2254 1712 2283 ef-

925 2311 935 2327 ι
956 2301 1025 2328 fudit
1041 2301 1093 2328 hoc
1107 2302 1180 2336 quod
1198 2308 1270 2327 nunc
1287 2308 1338 2327 vos
1354 2300 1453 2328 videtis
1468 2305 1496 2328 et
1519 2300 1632 2328 auditis.
1651 2301 1709 2328 Non

927 2357 935 2372 I
954 2347 1026 2374 enim
1043 2346 1128 2374 David
1144 2346 1269 2374 ascendit
1283 2345 1317 2373 ad
1333 2346 1428 2373 cozlos.
1448 2355 1457 2372 ι

959 2394 1080 2421 Rursum
1101 2393 1134 2421 ad
1156 2393 1263 2420 Patrem
1280 2392 1364 2419 refert
1377 2392 1451 2426 quod
1471 2391 1573 2419 factum
1589 2396 1631 2420 est
1649 2402 1656 2420 :
1673 2393 1711 2421 ita

923 2441 996 2469 enim
1024 2440 1099 2467 novit
1129 2438 1269 2466 auditores
1296 2438 1443 2464 attrahere.
1475 2437 1572 2464 Dicens
1600 2444 1710 2470 autem,

925 2488 1076 2518 Exaltatus,
1091 2487 1174 2514 etiam
1189 2486 1222 2512 de
1237 2484 1426 2519 assumptione
1441 2483 1542 2515 innuit,
1554 2488 1581 2510 et
1595 2484 1668 2518 quod
1685 2483 1711 2510 in

925 2534 1003 2562 caelis
1018 2533 1065 2560 sit.
1080 2531 1135 2559 Nec
1153 2535 1244 2558 tamen
1263 2531 1407 2558 manifeste
1419 2530 1507 2557 dixit:
1527 2530 1555 2557 In
1569 2530 1647 2558 ctelis
1659 2534 1711 2558 est.

926 2581 1062 2614 Quoniam
1079 2586 1144 2614 ergo
1162 2585 1235 2604 ttunc
1253 2578 1363 2612 paulum
1381 2584 1544 2611 progressus
1560 2579 1611 2609 est,
1627 2579 1654 2602 et
1673 2576 1712 2603 si-

926 2635 1042 2662 gnorum
1055 2626 1115 2660 ejus
1128 2624 1252 2651 meminit
1265 2630 1296 2649 ac
1309 2623 1531 2653 resurrectionis,
1542 2629 1713 2654 consequen-

926 2677 968 2700 ter
982 2672 1063 2699 etiam
1078 2670 1164 2700 addit,
1178 2679 1187 2695 (
1202 2668 1312 2695 Effudit.
1328 2679 1337 2693 ι
1356 2667 1497 2701 Siquidem
1512 2667 1586 2693 circa
1603 2666 1711 2693 initium

926 2719 1034 2746 Patrem
1045 2717 1163 2748 dicebat.
1186 2723 1239 2742 non
1260 2713 1398 2742 Christum
1418 2714 1467 2740 hoc
1485 2712 1645 2746 promisisse
1664 2720 1713 2747 per

927 2765 985 2792 Joel
1013 2763 1184 2798 prophetam.
1205 2761 1353 2795 Postquam
1375 2764 1466 2785 autem
1489 2757 1712 2786 admirandorum

928 2810 1052 2839 meminit
1069 2817 1129 2844 quae
1149 2809 1223 2835 circa
1242 2806 1382 2834 Christum
1402 2803 1474 2831 facta
1491 2807 1565 2837 sunt,
1581 2804 1714 2833 audenter

1475 2911 1494 2940 3
