1856 3049
4 139 41 170 i7
509 138 702 169 COMMENT.
724 137 762 167 IN
782 134 874 166 ACTA
891 136 1177 166 APOSTOLORUM.
1627 135 1664 168 ⁸18

4 204 8 220 l
38 195 170 231 λέσηται
187 196 288 231 Κύριος
309 197 323 223 ό
343 196 410 228 Θεὸς
425 196 516 231 ἡμῶν.
538 196 660 230 Ἐτέροις
683 203 713 220 τε
729 193 803 228 λόγοι

903 193 1010 219 caverit
1036 192 1168 219 Dominus
1197 191 1269 219 Deus
1295 196 1401 219 noster.
1428 190 1552 226 Aliisque
1575 191 1666 220 verbis

4 250 7 265 ι
39 242 164 269 πλείοσι
177 242 376 278 διεμαρτύρετο
392 243 438 269 καὶ
464 242 624 278 παρεκάλει,
640 242 726 275 λέγων
741 249 748 255 ·
766 239 822 267 Σώ-

4 296 15 312 1
43 287 127 322 Θητε
147 289 201 315 ἁπδ
217 289 265 323 τῆς
282 289 380 322 γενεᾶς
396 289 446 322 τῆς
461 288 572 320 σκολιᾶς
585 287 699 322 ταύτης.
716 287 747 313 οι
770 286 820 322 μὲν

4 343 10 357 ι
43 332 109 360 οὖν
123 334 248 369 ἁσμένως
262 335 458 369 ἀποδεξάμενοι
480 334 526 360 τδν
545 334 624 368 λόγον
646 333 819 366 116105,“:-

4 389 10 405 ι
38 381 220 415 πτίσθησαν.
248 381 302 408 Καὶ
326 380 531 416 προσετέθησαν
554 382 587 415 τῇ
610 380 703 416 ἡμέρᾳ.
727 379 820 415 ἐκείνῃ

4 435 10 450 ι
37 426 141 461 ψυχαὶ
163 427 229 453 ὡσεὶ
242 427 402 462 τρισχίλιαι.
422 425 513 453 Ἦσαν
534 427 562 453 δὲ
580 425 820 462 προσκαρτεροῦν-

4 482 13 497 ι
42 481 102 503 τες
117 474 150 507 τῇ
166 472 259 507 διδαχῇ
272 473 326 499 τῶν
339 472 505 505 ἀποστόλων,
521 473 567 499 καὶ
581 474 613 507 τῇ
625 472 762 507 κοινωνίᾳ,
772 471 820 498 καὶ

4 528 9 543 l
37 520 82 553 τῇ
103 518 198 545 κλάσει
210 519 257 545 τοῦ
273 519 368 553 ἄρτου,
388 520 437 546 καὶ
451 521 509 551 ταῖς
523 519 698 554 προσευχαῖς.
716 528 726 544 ι

57 610 112 642 Ὧς
128 610 238 637 πάντων
248 610 334 646 στόμα
344 611 399 637 τῶν
412 609 569 637 ἀποστόλων
583 609 721 644 προὸεόλη
726 609 816 643 μένος,

4 658 101 692 φησὶ,
119 658 317 691 Μετανοήσατε
330 657 376 683 καὶ
389 656 575 691 βαπτισθήτω,
587 656 628 687 οὺ,
640 655 816 687 Πιστεὺσατε,

4 703 103 735 ἀλλὰ,
121 713 131 728 1
147 703 339 737 Βαπτισθήτω.
355 712 364 728 ι
378 702 463 728 Τοῦτο
482 702 536 736 γὰρ
551 703 564 728 ὁ
575 701 698 736 θεμέλιος
713 701 766 726 τῶν
777 701 818 732 είς

4 749 144 784 Χριστὸν
161 750 352 775 πιστευόντων.
380 748 466 774 Τοῦτο
487 746 532 775 οὖν
548 748 656 782 πρῶτον
674 747 753 779 ἀξιοῖ,
769 747 816 773 καὶ

4 797 92 830 μετὰ
107 796 189 823 τοῦτο
204 796 303 830 ἐπάγει
318 796 348 822 τὸ
366 796 434 831 πρὸς
446 795 484 830 τῷ
500 796 620 831 θεμελίῳ
639 795 726 826 τέλος,
744 804 753 820 1
767 795 816 830 τὴν

4 842 130 877 δωρεὰν
146 843 233 876 λέγων
246 842 293 868 τοῦ
310 843 388 876 ἁγίου
407 842 575 877 Πνεύματος,
597 851 606 868 ›
625 842 662 872 ὡς
677 841 720 867 διὰ
732 841 814 876 μέσου

875 245 884 262 ‹
905 237 1031 271 plurimis
1067 237 1268 264 testificabatur
1306 241 1333 264 et
1366 237 1565 264 exhortabatur
1599 245 1665 270 eos,

874 283 999 310 «dicens
1035 290 1042 308 :
1075 283 1228 310 Servemini
1270 282 1305 310 ab
1341 283 1391 310 hac
1425 291 1508 317 prava
1551 291 1667 317 genera-

875 338 883 354 ι
903 328 988 356 tione.
1024 328 1137 364 Itaque,
1173 330 1220 364 qui
1259 329 1376 356 libenter
1398 334 1582 364 susceperunt
1609 337 1667 358 ser-

874 383 883 400 1
903 381 1011 401 moncm
1032 373 1103 409 ejus,
1121 374 1251 408 baptizati
1278 379 1341 401 sunt
1363 382 1370 399 :
1389 379 1416 401 ct
1442 377 1574 410 apposita:
1602 380 1666 403 sunt

873 428 883 445 ι
901 419 949 447 illo
976 419 1021 447 die
1053 420 1151 447 anima:
1186 421 1298 447 circiter
1327 425 1369 447 ter
1391 421 1475 448 mille.
1504 422 1590 448 Erant
1617 430 1666 449 au-

873 474 883 491 (
903 469 956 492 tem
988 470 1198 500 perseverantes
1229 465 1256 492 in
1290 466 1414 493 doctrina
1452 467 1603 502 apostolica
1638 471 1666 495 et

873 520 883 536 ι
902 512 1154 540 communicatione
1177 519 1209 540 ac
1232 512 1366 539 fractione
1383 513 1462 547 panis
1484 520 1511 541 et
1532 514 1666 542 orationi-

872 567 881 583 ε
903 559 965 586 bus.
986 567 997 584 ι

904 615 1046 650 Tanquam
1064 624 1096 644 os
1105 616 1226 643 omnium
1239 618 1423 652 apostolorum
1438 617 1597 654 designatus
1609 617 1665 647 ait:

869 661 1032 695 Resipiscite
1052 665 1079 688 et
1102 662 1267 696 baptizetur,
1285 671 1340 690 non
1360 669 1451 691 autem
1478 664 1598 697 Credite,
1617 666 1666 694 sed

868 706 1024 741 Baptizetur
1032 715 1040 739 ;
1049 715 1111 734 nam
1123 707 1175 735 hoc
1183 707 1388 735 fundamentum
1397 710 1630 738 erateredentium
1638 712 1665 738 in

867 751 1015 778 Christum.
1025 752 1081 780 lloc
1088 760 1152 786 ergo
1162 753 1279 788 primum
1288 755 1396 788 petit,et
1403 756 1577 790 postmodum
1585 756 1665 784 finem

867 805 898 825 ac
908 799 1105 833 perfectionem
1115 799 1294 827 fundamento
1307 801 1460 836 subjungit,
1470 801 1582 829 dicens:
1593 812 1602 827 1
1613 801 1667 829 Do-

867 852 931 871 num
948 845 1182 880 Spirituslsancti,
1205 855 1214 872 ι
1229 851 1357 882 tanquam
1376 847 1428 874 fide
1448 856 1496 882 per
1509 849 1566 876 hate
1577 849 1666 877 media

4 890 120 916 τοῦτου
139 890 189 924 τῆς
210 890 328 921 πίστεως
357 889 586 924 ἁναφαινομένης.
603 888 648 923 Τῷ
668 888 695 914 δὲ
711 889 797 914 εἰπεῖν

907 894 1068 916 monstrata.
1095 889 1147 917 Per
1177 891 1229 918 hoc
1253 876 1346 918 alitem
1372 891 1444 926 quod
1471 893 1508 918 ait
1526 901 1533 919 :
1554 901 1562 918 1
1581 892 1664 920 Vobis

8 945 20 960 1
55 935 147 970 ’Υμῖν
163 936 249 971 γὰρὴ
273 935 424 969 ἐπαγγελία
440 935 487 962 καὶ
515 936 571 966 τοῖς
595 935 700 966 τέκνοις
728 934 815 969 ὑμῶν,

8 982 65 1007 καὶ
84 983 156 1008 πᾶσι
186 983 242 1012 τοῖς
260 982 370 1016 μακρὰν
391 981 438 1007 καὶ
462 982 518 1011 τοῖς
535 981 629 1014 ἐγγὺς,
652 990 661 1006 ι
688 979 816 1014 ἐμφαίνει

6 1027 44 1053 τὸ
70 1028 170 1062 μεῖξον
182 1028 231 1062 τῆς
247 1028 364 1062 δωρεᾶς,
379 1027 416 1058 ὡς
432 1028 462 1054 οὒ
481 1027 560 1061 μόνον
575 1027 667 1057 αὐτοῖς
681 1025 817 1061 ἐπαρκού-

11 1082 83 1107 σης,
104 1074 174 1099 ἀλλὰ
191 1075 238 1100 καὶ
263 1075 318 1105 τοῖς
337 1074 452 1104 τέκνοις.
477 1074 532 1099 Καὶ
549 1073 617 1107 πρὸς
644 1072 677 1098 τὰ
700 1072 763 1106 ἔθνη
788 1071 817 1097 δὲ

9 1120 258 1154 ὲπιδαψιὶεύεται.
283 1120 368 1146 Τοῦτο
385 1120 438 1154 γὰρ
462 1119 572 1154 ᾐνίξατο
583 1118 627 1145 διὰ
643 1118 702 1149 τοῦ,
723 1127 732 1143 1
754 1118 816 1149 Τοῖς

12 1167 148 1201 μακράψ
172 1177 180 1191 ι
199 1167 256 1193 ἀλλ’
272 1167 296 1192 εὶ
310 1168 366 1197 τοῖς
379 1167 496 1201 μακρὰν,
514 1165 604 1200 πολλῷ
616 1165 701 1200 δήπου
718 1164 819 1198 μᾶλλον

10 1213 86 1247 ὑμῖν
105 1214 164 1244 τοῖς
180 1212 273 1246 ἐγγύς.
291 1213 392 1238 Σκόπει
406 1212 434 1238 δὲ
455 1212 496 1238 ὅτι
513 1211 574 1238 τότε
598 1211 647 1246 τὴν
666 1210 719 1236 τῶν
735 1209 820 1236 ἐθνῶν

11 1259 136 1295 ᾐνίξατο
159 1259 259 1291 πίστιν,
275 1260 319 1285 ὅτε
338 1257 594 1293 κατανὲνυγμένους
610 1255 672 1290 εὗρε
691 1257 820 1284 καὶ-κατα

11 1305 179 1338 εγνωκόσας
197 1304 311 1331 ἑαυτῶν.
334 1304 415 1339 Ψυχὴ
436 1304 490 1339 γὰρ
510 1304 574 1330 ὅταν
596 1302 694 1337 ἑαυτὴν
710 1302 821 1328 καταδι-

13 1352 108 1386 κάσῃ,
124 1352 175 1378 οὐκ
189 1351 229 1377 ἔτι
244 1350 350 1384 φθονεῖν
363 1351 485 1377 δύναται.

58 1466 68 1482 1
103 1456 232 1490 Ἐγένετο
245 1456 274 1484 δὲ
290 1456 365 1493 πάσῃ
380 1457 452 1492 ψυχῇ
465 1457 558 1490 φόὸος,
574 1455 659 1482 πολλά
671 1464 700 1481 τε
717 1454 818 1490 τέρατα

19 1512 29 1528 1
53 1502 108 1529 καὶ
123 1503 230 1536 σημεῖα
242 1501 285 1528 διὰ
298 1501 352 1528 τῶν
366 1502 522 1528 ἀποστόλων
538 1501 657 1536 ἐγένετο.
672 1500 774 1531 Πάντες
790 1499 819 1526 δὲ

20 1558 30 1574 1
52 1549 80 1574 οἱ
98 1547 274 1579 πιστεύοντες
287 1546 357 1583 ἦσαν
373 1547 419 1573 ἐπὶ
432 1547 461 1573 τὸ
473 1547 550 1578 αὕτη,
563 1547 610 1572 καὶ
624 1544 698 1580 εἶχον
711 1545 819 1571 ἅπαντα

19 1603 30 1619 1
51 1593 145 1620 κοινά.
163 1593 219 1619 Καὶ
231 1593 266 1619 τὰ
278 1593 407 1627 κτήματα
421 1593 468 1619 καὶ
483 1591 533 1624 τὰς
549 1591 681 1627 ὑπάρξεις
700 1591 817 1626 ἐπίπρα-

21 1649 31 1664 1
53 1647 135 1670 σχον,
159 1639 205 1665 καὶ
230 1638 384 1673 διεμέριζον
405 1638 476 1665 αὐτὰ
507 1638 585 1668 πᾶσι,
616 1637 712 1663 καθότι
728 1637 761 1663 ἄν
779 1645 821 1668 τις

23 1694 32 1710 1
55 1685 158 1720 χρείαν
179 1683 247 1720 εἶχε.
274 1685 344 1711 Καθ’
363 1684 470 1719 ἡμέραν
492 1692 521 1709 τε
549 1683 820 1719 προσκαρτεροῦντες

24 1740 33 1756 1
53 1731 233 1765 ὁμοθυμαδὸν
248 1731 277 1757 ὲν
294 1730 333 1766 τῷ
350 1730 426 1766 ἱερῷ.
445 1740 454 1756 ι

58 1789 100 1815 Οὒ
109 1789 165 1823 γὰρ
175 1787 212 1820 ὡς
226 1788 280 1814 τῶν
291 1787 427 1822 τυχόντων
441 1786 638 1821 κατεφρόνουν,
652 1783 711 1812 ἀλλ’
728 1785 821 1820 ἐπειδὴ

22 1835 112 1866 stolis;
130 1832 165 1870 ἦν
188 1835 202 1860 ὁ
227 1833 330 1868 Πέτρος
350 1833 454 1860 ἀνωθεν
471 1833 551 1867 ῥέων,
574 1832 622 1859 καὶ
640 1831 674 1858 τὰ
689 1832 821 1867 μέλλοντα

21 1881 69 1908 διὰ
89 1880 146 1907 τῶν
161 1879 334 1914 ἐπαγγελιῶν
357 1879 499 1911 δεικνύων,
525 1879 639 1911 εἰκότως
660 1877 819 1911 ἐφοῦοῦντο.

29 1925 201 1962 Ἐμαρτύρει
225 1926 279 1961 γὰρ
305 1925 434 1961 τῷλόγῳ
450 1925 485 1952 τὰ
510 1925 588 1961 ἔργα.
606 1924 740 1960 Καθάπερ
767 1925 821 1960 γὰρ

23 1975 75 2000 καὶ
94 1973 142 1999 ἐπὶ
156 1971 204 1998 τοῦ
225 1972 342 2007 Χριστοῦ
372 1972 505 2008 πρότερον
529 1973 640 2006 σημεῖα,
659 1968 720 1999 εἶτα
741 1970 822 1997 διδα-

25 2018 141 2049 σκαλία,
153 2015 213 2044 εἶτα
229 2017 369 2052 Θαύματα,
380 2016 451 2043 οὕτω
463 2017 510 2042 καὶ
523 2015 580 2043 νῦν.
598 2016 635 2042 Τὸ
648 2015 676 2042 δὲ
692 2016 743 2046 τὰς
756 2015 822 2048 κτή-

25 2071 87 2094 σεις
102 2062 204 2089 πωλεῖν
220 2063 267 2088 καὶ
281 2061 453 2096 διαμερίςειν
465 2060 532 2087 καθὸ
547 2060 579 2086 ἄν
589 2069 631 2090 τις
644 2059 739 2094 χρείαν
753 2057 820 2094 ιῐχε.

24 2111 78 2145 οὐχ
102 2109 207 2140 ἁπλῶς,
224 2107 484 2142 ἀλλὀίκονομικῶς.
506 2105 666 2141 Διεμέριζον
686 2105 741 2139 γὰρ
761 2106 821 2132 κατ’

26 2155 118 2188 ἀξίαν.
136 2155 172 2180 Τὸ
193 2154 233 2186 δὲ,
261 2163 269 2179 1
292 2152 478 2187 Ὀμοθυμαδὸν
503 2149 785 2186 προσκαρτεροῦντες,
807 2159 816 2175 ι

25 2203 56 2228 οὐ
78 2202 144 2236 μίαν
163 2201 280 2236 ἡμέραν,
297 2200 357 2226 οὐδὲ
382 2199 439 2230 δύο,
461 2198 530 2224 ἀλλὰ
552 2197 614 2224 καθ’
637 2197 756 2232 ἡμέραν,
773 2197 821 2224 καὶ

869 934 942 961 enim
966 935 1038 962 facta
1060 939 1102 963 est
1127 934 1274 969 promissio
1301 941 1327 963 et
1353 936 1415 964 filiis
1440 938 1550 969 vestris,
1573 939 1664 965 omni-

871 980 976 1015 busque
1015 981 1061 1016 qui
1098 981 1178 1016 longe
1209 989 1240 1008 ac
1265 989 1350 1016 prope
1384 987 1470 1009 sunt:
1497 993 1506 1009 ι
1543 984 1664 1011 ostendit

870 1026 935 1053 doni
956 1027 1182 1062 magnitudinem,
1202 1031 1232 1054 ut
1247 1028 1321 1063 quod
1335 1036 1388 1055 non
1405 1028 1485 1056 modo
1507 1029 1574 1064 ipsis
1589 1029 1665 1057 suin-

870 1073 943 1105 ciat.
964 1072 1012 1100 sed
1039 1077 1066 1099 et
1097 1073 1162 1100 filiis
1183 1093 1191 1105 ,
1219 1080 1352 1108 praetcrea
1375 1078 1403 1101 et
1427 1075 1555 1110 gentibus
1586 1076 1664 1103 beni-

869 1126 921 1153 gne
935 1118 1095 1145 exhibeatur
1112 1127 1118 1144 :
1134 1126 1195 1145 nam
1220 1119 1271 1146 hoc
1291 1120 1381 1146 innuit
1395 1128 1442 1154 per
1465 1121 1491 1147 id
1510 1121 1583 1155 quod
1601 1121 1639 1148 ait
1655 1129 1662 1147 :

875 1173 884 1190 1
900 1163 948 1192 llis
961 1165 1008 1199 qui
1025 1164 1104 1198 longe
1117 1164 1236 1198 absunt;
1252 1174 1260 1190 ι
1274 1166 1348 1200 atqui
1361 1166 1391 1197 sil
1403 1166 1446 1193 his
1459 1167 1593 1202 quilonge
1615 1167 1665 1194 ab-

872 1215 956 1241 sunt,
982 1211 1070 1237 multo
1097 1211 1185 1244 magis
1215 1219 1281 1238 sane
1305 1212 1384 1238 vobis
1405 1213 1451 1247 qui
1478 1220 1562 1248 prope
1585 1213 1664 1240 estis.

875 1256 1027 1284 Considera
1044 1264 1110 1283 vero
1130 1256 1202 1290 quod
1229 1261 1295 1284 tunc
1319 1258 1440 1292 gentium
1463 1258 1541 1286 fidem
1564 1259 1664 1292 innuit,

876 1302 988 1335 quando
1004 1307 1183 1334 compunctos
1199 1303 1304 1330 invenit
1317 1310 1348 1329 ac
1365 1311 1425 1330 sese
1438 1304 1664 1332 comlemnantes.

875 1346 926 1374 Ubi
940 1348 1012 1374 enim
1027 1348 1144 1382 seipsam
1163 1348 1254 1374 anima
1277 1349 1575 1385 condemnaverit,jam
1596 1351 1666 1378 invi-

875 1393 939 1420 dere
955 1401 1009 1419 non
1029 1397 1128 1428 potest.

908 1451 942 1484 ll,
956 1452 1053 1479 45-46.
1069 1462 1077 1478 ι
1094 1452 1193 1480 Factus
1208 1458 1250 1481 est
1266 1458 1355 1482 autem
1369 1456 1442 1482 omni
1459 1456 1556 1483 anima!
1571 1457 1664 1487 timor.

879 1507 888 1524 ι
905 1498 1047 1532 multaque
1061 1499 1184 1534 prodigia
1201 1505 1228 1527 et
1241 1500 1319 1535 signa
1336 1508 1384 1535 per
1395 1502 1534 1536 apostolos
1548 1503 1667 1530 edeban-

876 1548 957 1571 1tnr.
983 1543 1085 1571 Omnes
1110 1551 1176 1571 vero
1198 1544 1344 1572 eredentes
1369 1550 1449 1572 erant
1474 1547 1627 1582 conjuncti,
1637 1553 1665 1575 et

875 1599 884 1616 1
904 1590 1041 1617 habebant
1063 1591 1154 1616 omnia
1177 1591 1333 1617 communia
1354 1599 1361 1617 :
1381 1595 1409 1618 et
1426 1593 1617 1625 possessiones
1632 1601 1665 1621 ac

875 1643 884 1660 1
903 1635 1070 1662 substantias
1086 1634 1250 1665 vendebant.
1266 1638 1293 1662 et
1310 1635 1513 1663 distribuebant
1529 1644 1561 1663 ea
1575 1637 1664 1664 omni-

875 1693 885 1709 ‹
904 1683 966 1715 bus,
981 1687 1064 1717 prout
1080 1683 1180 1717 cuique
1201 1690 1271 1718 opus
1286 1687 1355 1710 erat.
1380 1682 1414 1710 Et
1432 1683 1555 1718 quotidie
1570 1692 1665 1719 perse-

874 1737 885 1754 1
904 1729 1036 1756 verahant
1052 1728 1222 1755 unanimiter
1239 1728 1266 1755 in
1282 1728 1393 1763 templo.
1412 1738 1422 1754 ι

907 1786 1001 1821 Neque
1025 1786 1098 1813 enitn
1122 1794 1197 1814 more
1221 1787 1293 1822 vulgi
1318 1787 1500 1822 desipiebant,
1527 1790 1574 1816 sed
1594 1796 1664 1824 quo-

872 1832 946 1858 niam
974 1831 1073 1859 Petrus
1100 1833 1204 1860 multus
1228 1838 1287 1859 erat
1311 1840 1344 1860 ac
1370 1834 1518 1861 vehemens
1545 1833 1665 1870 desuper

872 1875 984 1903 ﬂuendo
1003 1876 1062 1903 sive
1079 1876 1263 1908 exhortando,
1279 1880 1306 1904 et
1322 1876 1415 1904 futura
1434 1877 1664 1911 promissionibus

872 1923 1056 1954 ostendendo,
1070 1923 1168 1950 merito
1180 1923 1367 1950 terrebantur.
1382 1922 1450 1950 Nam
1462 1924 1664 1952 attestabantur

873 1969 993 1996 sermoni
1016 1976 1110 2003 opera.
1137 1968 1375 2002 Quemadmodum
1400 1970 1475 1996 enim
1501 1970 1529 1996 in
1554 1970 1664 1998 Christo

874 2017 992 2051 primum
1007 2016 1119 2043 fuerunt
1129 2017 1219 2051 signa,
1235 2016 1335 2044 deinde
1349 2016 1485 2048 doctrina,
1500 2025 1665 2053 rursumque

872 2061 1014 2093 miracula.
1036 2061 1073 2089 ita
1095 2067 1122 2089 et
1145 2070 1230 2090 nunc.
1255 2062 1450 2091 Possessiones
1469 2071 1535 2091 vero
1558 2064 1664 2092 distra-

871 2107 968 2134 hentes
993 2116 1024 2135 ac
1047 2108 1248 2136 distribuentes
1273 2115 1357 2144 prout
1381 2110 1481 2145 cuique
1502 2118 1571 2145 opus
1592 2115 1662 2144 erat.

873 2162 926 2181 non
941 2159 1050 2186 temere,
1066 2155 1112 2182 sed
1126 2155 1327 2190 dispensatorie
1342 2155 1497 2183 faciebant:
1514 2164 1576 2184 nam
1586 2157 1664 2192 juxta

873 2201 1014 2235 cujusqne-
1035 2201 1195 2236 dignitatem
1227 2201 1396 2229 dividebant.
1430 2201 1566 2230 Praeterea
1588 2203 1662 2238 quod

28 2247 80 2282 μιᾷ
92 2247 177 2281 ψυχῇ.
191 2245 236 2280 Τῴ
251 2245 279 2272 δὲ
302 2244 369 2280 ἱερῷ
383 2244 568 2280 προσήδρευον
588 2243 612 2269 οἱ
632 2242 803 2272 πιστεύοντες

903 2247 1002 2282 quitur,
1025 2256 1034 2272 1
1058 2247 1272 2274 l’crseverabant
1292 2247 1474 2280 unanimiter,
1502 2258 1510 2274 ι
1536 2256 1588 2276 non
1609 2257 1664 2276 uno

27 2293 76 2320 ἆτε
93 2293 297 2326 σπουδαιότεροι
313 2291 503 2325 γεγενημένοι,
517 2291 564 2316 καὶ
578 2290 642 2325 περὶ
661 2289 746 2324 μηδὲν
758 2289 819 2314 ’ἐτε-

28 2349 76 2373 ρον
100 2340 210 2374 ἔχοντες
231 2337 392 2369 σπουδάζειν
407 2336 438 2369 ἐξ
462 2336 605 2367 εὐλαϐείας
620 2335 669 2370 τῆς
695 2335 760 2372 περὶ
773 2335 820 2361 τὸν

28 2388 123 2418 τόπον,
135 2386 153 2422 ἢ
172 2386 235 2421 περὶ
250 2385 281 2412 τὸ
294 2385 375 2420 ἱερόν.

66 2550 76 2566 1
98 2539 227 2570 Κλῶντές
247 2546 278 2564 τε
309 2537 370 2564 κατ’
393 2535 467 2562 οἷκον
496 2536 587 2570 ἄρτον,
617 2533 822 2570 μετελάμῦανον

31 2596 39 2612 1
60 2586 177 2622 τροφῆς,
193 2585 222 2612 ὲν
239 2583 398 2618 ἀγαλλιάσει
419 2583 465 2610 καὶ
479 2581 626 2616 ἀφελότητι
645 2580 758 2616 καρδίας
779 2581 822 2606 αἱ·

32 2642 41 2658 ‹
60 2632 171 2663 νοῦντες
184 2632 231 2658 τὸν
251 2630 328 2663 Θεδν,
343 2630 391 2656 καὶ
407 2629 513 2664 ἔχοντες
527 2627 606 2663 χάριν
620 2628 686 2662 πρὸς
701 2627 760 2653 ὅλον
775 2627 821 2653 τδν

33 2689 42 2706 1
61 2679 136 2706 λαόν.
165 2677 195 2706 '0
220 2679 248 2704 δὲ
273 2677 375 2713 Κύριος
391 2675 545 2712 προσετίθει
561 2675 624 2705 τοὺς
649 2673 819 2708 σωζομένους

34 2735 44 2751 1
63 2726 126 2752 καθ’
142 2724 248 2760 ἡμέραν
264 2725 297 2759 τῇ
313 2722 470 2756 Ἐκκλησία.
490 2731 499 2746 ι

65 2778 157 2811 Οἷκον,
182 2779 212 2805 τὸ
233 2777 307 2814 ιερὸν
324 2777 371 2804 νῦν
394 2776 479 2810 λέγει’
497 2776 526 2802 ὲν
539 2774 612 2809 αὐτῷ
636 2774 688 2809 γὰρ
714 2773 819 2809 ἢσθιον.

34 2825 70 2852 Τὸ
86 2825 125 2856 δὲ,
153 2834 162 2850 1
193 2824 318 2855 Κλῶντες
335 2823 428 2858 ἄρτον.
449 2831 458 2848 ι
486 2819 572 2852 εἶπεν,
592 2821 636 2846 ἵνα
658 2820 689 2846 τὸ
715 2819 821 2850 εὐτελὲς

37 2873 83 2899 καὶ
98 2872 262 2900 αὖτόσχευον
279 2870 427 2905 ὑπεμφήνῃ
454 2868 544 2896 αὐτῶν
560 2867 607 2902 τῆς
628 2867 742 2902 διαίτης.
760 2867 823 2900 "Ap.

874 2299 921 2320 aut
933 2293 1020 2320 altero
1031 2293 1074 2320 die
1088 2292 1234 2325 fichat,sed
1244 2291 1377 2327 qnotidie,
1390 2295 1566 2328 utpraemisit,
1583 2295 1665 2329 idque

875 2346 929 2365 uno
947 2339 1049 2366 animo.
1079 2338 1106 2364 ιιι
1132 2339 1233 2373 templo
1249 2337 1304 2374 24
1319 2343 1408 2365 autem
1427 2339 1585 2366 residebant
1603 2348 1664 2368 cre-

875 2384 972 2410 dentes
989 2392 996 2411 :
1014 2387 1144 2418 tanquam
1167 2384 1352 2412 studiosiores
1372 2391 1404 2411 ac
1426 2385 1604 2413 ferventiores
1624 2385 1665 2413 ef-

879 2430 952 2462 fecti,
968 2435 996 2456 et
1011 2431 1085 2457 circa
1103 2430 1171 2457 nihil
1185 2431 1259 2457 aliud
1275 2435 1399 2464 potentes
1417 2430 1537 2458 studium
1556 2432 1665 2466 pietatis

877 2483 1006 2502 exercere
1022 2483 1103 2510 quam
1119 2479 1165 2502 aut
1179 2476 1253 2502 circa
1269 2476 1358 2502 locum
1373 2481 1419 2502 aut
1432 2476 1506 2503 circa
1521 2477 1663 2511 templum.

913 2531 944 2558 ll.
959 2530 1004 2562 46,
1017 2531 1062 2558 47.
1087 2540 1096 2557 ι
1116 2530 1148 2557 Et
1162 2530 1317 2566 frangentes
1331 2530 1409 2565 juxta
1427 2531 1537 2558 domum
1553 2539 1664 2566 panem.

879 2587 888 2602 ‹
907 2577 989 2604 simul
1008 2578 1155 2605 sumebant
1169 2577 1261 2604 cibum
1277 2585 1339 2604 cum
1356 2577 1538 2604 exsultatione
1552 2582 1579 2605 et
1599 2578 1665 2604 sim.

879 2633 888 2650 1
908 2623 1030 2658 plicitate
1045 2623 1137 2650 cordis
1150 2623 1294 2650 laudantes
1309 2623 1404 2654 Deum,
1416 2627 1443 2650 et
1459 2623 1589 2650 habentes
1605 2631 1665 2657 gra-

878 2679 887 2695 1
907 2670 972 2696 tiam
988 2669 1059 2704 apud
1073 2677 1183 2697 omnem
1199 2669 1316 2704 plebem.
1332 2668 1464 2696 Dominus
1477 2673 1568 2695 antem
1582 2668 1665 2695 adde-

879 2725 888 2741 ι
907 2716 953 2742 bat
971 2715 1017 2750 qui
1034 2716 1102 2743 salvi
1119 2716 1215 2743 fierent
1231 2715 1352 2750 quotidie
1368 2713 1583 2749 congregationi.
1603 2723 1612 2739 I

911 2771 1026 2798 Domum
1048 2771 1117 2798 dicit
1140 2779 1212 2798 nunc
1230 2770 1372 2805 templum,
1393 2776 1454 2796 nam
1477 2768 1503 2795 iu
1523 2768 1582 2803 ipso
1598 2769 1664 2797 etle-

876 2818 952 2845 bant.
968 2817 1039 2844 Dixit
1056 2821 1165 2844 autem:
1183 2826 1191 2842 1
1204 2816 1372 2851 Frangentes
1385 2822 1493 2850 panem.
1508 2823 1518 2841 ι
1533 2819 1563 2841 ut
1576 2816 1664 2842 tenui-

879 2869 920 2891 tas
945 2872 976 2891 ac
1000 2863 1164 2900 simplicitas
1185 2862 1275 2890 victus
1291 2869 1385 2889 eorum
1404 2864 1545 2896 appareat.
1566 2859 1665 2887 Panem
