1856 3049
66 120 113 154 85

548 121 738 153 COMMENT.
756 123 794 152 ΙΝ
816 123 907 152 ACTA
927 124 1212 156 APUSTULURUM.
1659 128 1698 159 86

63 180 122 206 καὶ
145 179 281 214 Χριστοῦ·
302 179 366 214 περὶ
391 179 511 211 heroi»;
540 179 584 206 διὰ
602 179 650 207 τοῦ
673 181 771 211 εἰπεῖν,
799 180 838 215 οὐχ

938 186 1092 214 mcernunt,
1105 189 1186 217 quam
1202 189 1262 217 qua:
1279 181 1416 209 Christum
1438 183 1604 218 respiciunt:
1622 184 1698 218 ipsos

69 225 130 260 ιδὲᾳ
145 225 260 260 δυνάμει
276 225 516 260 θαυματουργῆσαι
528 233 534 240 ·
550 226 614 260 περὶ
632 226 749 261 Χριστοῦ
769 226 808 259 δὲ,
821 226 860 260 τῷ

65 270 232 306 προσθεῖναι
245 271 297 297 τὸν
313 271 413 297 παῖδα’
429 272 457 297 οὐ
471 272 525 307 γὰρ
550 272 580 298 τὸ
604 272 795 305 αὐτοδὸξαστον
821 272 860 298 ἔνι

65 317 235 352 προσθήκην
256 317 335 351 δόξης
356 317 457 343 λαὸεϊν.
480 317 658 348 Ταπεινὼσας
677 317 722 344 οὖν
742 318 772 344 τὸ
795 318 857 344 καθ’

71 362 191 393 ἑαυτοὺς
207 362 253 389 καὶ
263 362 394 397 Χριστὸν,
407 362 516 397 ἐπαίρει
529 363 560 389 τὸ
574 363 627 388 τῶν
641 363 773 389 Ἰουδαίων
790 363 860 390 κατὰ

64 407 194 442 Χριστοῦ
207 407 346 442 τόλμημα,
369 408 416 434 καὶ
437 408 467 434 οὐ
485 409 641 440 συσκιάζων
666 409 703 439 ὡς
722 409 752 434 τὸ
764 410 860 442 πρότε-

65 460 130 486 ρον.
149 452 235 478 Τοῦτο
259 452 288 478 δὲ
310 453 395 484 ποιεῖ,
420 453 520 487 μᾶλλον
543 453 642 484 αὐτοὺς
671 453 860 487 ἐπαγαγέσθαι

65 499 246 534 βουλόμενος.
265 499 346 526 ’οσον
362 499 416 535 γὰρ
435 500 540 526 ὲδείκνυ
564 501 663 532 αὐτοὺς
681 501 858 533 ὑπευθύνους,

63 545 199 571 τοσοῦτον
213 545 312 580 μᾶλλον
321 545 399 572 τοῦτο
411 546 525 580 ἐγίνετο.
539 546 587 572 Διὰ
599 546 707 578 δὲτοῦ,«
717 548 764 573 Ὃν
779 547 859 581 ὑμεῖς
878 541 888 546 “

64 591 249 624 παρεδώκατε
277 591 324 617 καὶ
343 592 509 626 ἠρνήσασθε,
542 602 551 618 ι
576 592 623 618 δύο
641 592 675 618 τὰ
687 593 857 628 ἐγκλήματα.

64 635 182 671 Πιλάτῳ
207 645 236 662 τε
259 636 312 672 γὰρ
342 637 503 671 παρέδωκαν
528 638 568 668 εἰς
593 637 692 672 φόνον,
717 638 857 669 είπόντες’

68 691 81 707 ι
109 681 192 716 Ἦμῖν
210 682 305 709 οὐδένα
320 681 422 715 ἔξεστιν
433 683 601 709 ἀποκτεῖναι·
618 692 626 708 ι
653 683 806 718 ἠρνήσαντο
829 683 858 710 δὲ

64 727 232 762 κράζοντες,
250 737 259 754 ι
285 728 342 754 υύκ
355 728 452 763 ἔχομεν
473 728 586 763 βασ.λέα
599 729 622 755 sl
639 729 675 764 μὴ
690 729 826 764 Καίσαρα.
845 738 854 755 ι

73 772 160 799 ’Δλλά
171 781 203 807 γε
217 773 248 807 δὴ
264 773 311 800 καὶ
337 774 453 801 Πιλάτου
470 773 600 808 Ἕλληνος
618 773 705 806 ὄντος,
723 774 769 800 καὶ
790 774 858 810 μήτε

66 820 187 854 σημεῖον
201 819 268 854 πρὸς
294 819 413 854 Χριστοῐ
442 819 603 854 ἑωρακότος,
629 820 697 854 μήτε
711 820 859 855 προρητῶν

64 851 302 900 ἀκηκοότος-περὶ
316 851 446 900 Χριστοῦ,
462 851 509 890 καὶ
518 851 681 899 βουλομένου
693 851 777 892 αὑτὸν
790 851 857 892 dmo-
871 851 894 880 Β

65 909 158 941 λύειν,
169 911 246 937 αὐτοὶ
260 912 307 937 καὶ
326 910 586 946 θαυματουργοῦντα
596 911 713 946 Χριστὸν
730 911 856 946 τεθεαμέ-

65 965 122 988 νοι,
138 958 186 982 καὶ
198 956 343 992 προφητῶν
357 957 385 982 ἐν
397 956 497 991 γνώσει
514 957 568 983 τῶν
587 957 649 992 περὶ
662 957 746 984 αὐτοῦ
764 958 856 989 αὐτοῖς

67 1001 227 1036 εἰρημένων
241 1002 435 1034 καταστάντες,
448 1003 498 1029 οὐκ
517 1003 675 1038 ἠνέσχεσθε.
692 1003 740 1030 Διὰ
762 1003 790 1030 δὲ
807 1003 854 1030 τοῦ

67 1048 180 1080 εἰπεῖν,
200 1059 209 1074 ι
232 1048 316 1074 Φονὲα
326 1048 473 1083 ᾐτήσασθε,
493 1058 502 1074 ι
527 1049 620 1080 δεινῶς
642 1049 853 1081 κατεσκεύασεν,

64 1093 111 1119 ὅτι
129 1093 257 1120 ἐδύναντο
271 1093 317 1119 τὸν
329 1094 444 1128 Χριστὸν
459 1094 599 1120 ἀπολύειν.
617 1095 647 1120 Et
668 1094 722 1128 γὰρ
744 1094 791 1120 τὸν
807 1102 855 1128 φο‹

65 1138 120 1165 νέα
147 1139 312 1174 ἀπολυθῆναι
335 1139 476 1174 ἐποίησαν,
488 1139 534 1165 τὸν
560 1139 659 1174 μᾶλλον
674 1139 807 1172 ὑπαίτιον,
825 1140 854 1166 οὗ

67 1183 164 1219 πολλῷ
178 1185 209 1219 δή
225 1193 278 1210 που
290 1185 334 1211 τὸν
344 1185 489 1212 ἀνεύθυνον
501 1194 509 1219 ;
521 1186 569 1212 νῦν
582 1185 609 1211 δὲ
621 1186 799 1218 ἀπεναντίας,
809 1186 855 1213 τὸν

67 1231 123 1265 μὲν
148 1231 298 1258 ὑπεύθυνον
326 1231 476 1264 ἐξείλοντο,
498 1233 544 1258 τὸν
565 1232 594 1259 δὲ
621 1233 767 1259 ἀνεύθυνον
785 1233 854 1260 ἀπο-

65 1275 222 1310 κτανθῆναι
248 1276 419 1311 παρέδωκαν.
450 1278 543 1304 Εἰπὼν
568 1278 608 1310 δὲ,
636 1287 645 1304 1
662 1279 708 1304 τὸν
733 1279 855 1313 ἀρχηγὸν

64 1322 120 1356 τῆς
132 1322 214 1356 ζωῆς,
233 1332 242 1348 ι
261 1322 397 1349 δείκνυσιν
415 1323 453 1354 ὡς
469 1323 553 1354 αὐτὸς
566 1324 661 1350 ἑαυτὸν
678 1323 827 1358 ἀνέστησεν
841 1324 855 1350 ὁ

65 1367 199 1402 Χριστός.
221 1368 276 1404 Τήν
302 1369 449 1395 ἀνάστασιν
470 1370 498 1396 δὲ
519 1371 549 1396 οὐ
580 1370 727 1405 προφητῶν
743 1369 856 1404 ἐμπεδοί

71 1413 238 1448 μαρτυρίαις
250 1434 257 1445 .
273 1414 350 1446 ἀλλὰ,
368 1415 460 1450 ἐπειδὴ
479 1415 633 1448 ἀξιόπιστος
649 1416 740 1447 αὐτοῖς
751 1413 795 1450 ἦν,
817 1415 856 1451 τῷ

67 1458 146 1494 χορῷ
157 1458 210 1485 τῶν
223 1458 390 1486 ἀποστόλων.
417 1459 493 1485 Ἐπεὶ
507 1460 536 1486 δὲ
562 1460 730 1495 μετεωρίσας
753 1460 783 1486 τὸ
808 1459 855 1493 ἐγ-

911 227 1033 260 quidem,
1049 226 1113 253 dmn
1128 228 1166 254 ait
1184 227 1256 262 quod
1273 235 1325 254 non
1344 229 1452 262 propria
1469 230 1591 263 polentia.
1605 230 1699 257 edide-

912 272 966 298 rint
982 272 1309 304 miraculum;Christum
1326 281 1400 306 vero,
1421 273 1546 301 addendo
1564 283 1570 302 :
1589 274 1698 302 Gloriil-

911 318 979 344 cavit
996 317 1093 344 Filium
1112 326 1190 344 suum
1202 327 1312 353 :‘neqne
1326 320 1397 346 enim
1415 321 1547 353 contingit
1563 325 1590 346 ut
1607 321 1698 355 gloria:

912 363 1128 390 additamentum
1153 364 1270 398 accipiat
1290 365 1336 399 qui
1360 373 1391 391 ex
1412 373 1440 392 se
1457 365 1623 400 gloriﬁcatus
1643 371 1696 393 est.

913 407 962 434 Ubi
986 416 1051 442 ergo
1073 409 1182 436 demisit
1203 413 1257 435 tam
1279 409 1305 436 id
1330 409 1401 444 quod
1427 411 1532 444 suipsos
1557 411 1698 437 concernit

911 461 991 488 quam
1009 454 1081 488 quod
1098 454 1237 481 Christum
1267 454 1392 482 :facinus
1418 455 1696 490 adaugetludaeorum

911 499 1041 526 adversus
1056 498 1192 526 Christum
1209 509 1215 525 :
1231 507 1318 534 neque
1333 500 1398 526 illud
1416 501 1554 527 inumbrat
1569 507 1594 527 ut
1609 503 1696 536 prius.

911 543 968 570 lloc
986 548 1074 571 autem
1100 544 1164 571 facit
1188 545 1273 580 magis
1295 546 1355 573 illos
1374 546 1481 573 allicere
1504 547 1608 574 volens.
1631 547 1697 574 Nam

910 594 1012 623 quanto
1032 589 1119 624 magis
1138 590 1212 624 ipsos
1233 591 1354 618 ostendit
1374 592 1521 623 obnoxios.
1544 597 1619 618 tanto
1640 601 1698 619 am-

911 635 982 665 plius
1011 635 1075 661 illud
1091 635 1222 662 succedit.
1248 636 1300 663 Per
1326 637 1376 663 hoc
1394 643 1496 668 autem,
1519 647 1527 663 ι
1543 637 1627 670 Quem
1650 646 1698 665 vos

911 680 1063 708 tradidistis
1078 686 1106 708 et
1121 681 1242 715 negastis
1259 690 1266 708 :
1286 692 1295 708 ι
1316 675 1376 710 ἀιιώ
1393 688 1533 718 ponuntur
1549 685 1700 711 accusatio-

910 731 968 752 nes.
988 724 1128 759 Siquidem
1144 725 1231 753 Pilato
1249 726 1281 753 ad
1297 726 1397 754 easdem
1412 727 1590 760 tradiderunt,
1607 729 1699 755 dicun-

911 774 951 796 tes
963 777 969 795 :
985 778 994 794 ι
1005 769 1091 797 Nobis
1106 777 1158 796 non
1176 770 1401 798 licetinterlicere
1414 779 1578 806 quemquam
1586 773 1636 800 “.i
1648 772 1699 799 Ne-

910 818 1043 847 gaverunt
1054 819 1144 843 autem
1162 816 1333 844 clamantes:
1355 826 1364 842 ι
1381 817 1438 844 Non
1460 817 1590 844 habemus
1609 825 1698 852 regem

908 859 1146 894 prieterCmsarem
1158 861 1191 888 “.
1214 871 1223 888 ι
1249 862 1331 897 Atqui
1345 869 1410 889 sane
1423 870 1485 890 cum
1504 863 1584 889 etiam
1597 862 1698 891 Pilatus

907 906 1028 940 gentilis,
1044 907 1090 941 qui
1108 915 1197 943 neque
1220 909 1298 944 signa
1313 917 1327 936 a
1343 908 1456 937 Christo
1478 909 1594 942 viderat,
1610 917 1698 944 neque

907 952 1055 988 prophetas
1065 953 1098 980 de
1110 953 1220 981 Christo
1244 954 1380 987 audierat,
1399 955 1478 982 vellet
1501 960 1589 983 tamen
1608 956 1697 990 ipsum

907 997 1052 1026 absolvere
1066 1007 1073 1024 :
1087 1006 1134 1025 vos
1147 999 1198 1034 ipsi
1213 1001 1258 1034 qui
1272 1004 1298 1027 ct
1311 999 1450 1028 Christum
1465 1001 1596 1027 miracula
1613 1001 1698 1027 eden-

907 1048 961 1071 tem
976 1047 1195 1077 conspexeratis,
1214 1052 1241 1074 et
1256 1047 1381 1074 notitiam
1397 1047 1539 1074 habebatis
1556 1047 1698 1082 propheta-

906 1097 966 1117 rum
981 1091 1008 1117 iu
1026 1091 1069 1119 his
1085 1099 1146 1126 quae
1158 1092 1192 1119 de
1210 1094 1269 1127 ipso
1284 1093 1421 1125 dixerant,
1449 1101 1502 1120 non
1516 1097 1606 1119 tamen
1620 1093 1653 1119 ab
1665 1099 1697 1119 eo

906 1144 953 1164 vos
967 1138 1153 1165 coutinuistis.
1167 1138 1264 1165 Dicens
1282 1147 1363 1166 vero:
1386 1148 1395 1164 ι
1414 1139 1585 1165 Homicidam
1606 1144 1698 1173 postuo

911 1182 1000 1214 lastis,
1017 1192 1026 1208 ι
1043 1183 1187 1210 enicaciter
1206 1184 1303 1218 probat
1317 1184 1387 1218 quod
1405 1184 1543 1211 Christum
1558 1183 1698 1218 potuerint

905 1228 1059 1256 absolvere.
1077 1229 1142 1255 Nam
1159 1229 1181 1256 si
1200 1229 1364 1256 homicidam
1385 1230 1489 1256 absolvi
1507 1229 1632 1256 fecerunt
1649 1229 1697 1262 qui

905 1273 983 1307 longe
992 1274 1109 1308 amplius
1121 1274 1256 1302 obnoxius
1269 1279 1338 1306 erat,
1348 1282 1443 1301 annon
1457 1280 1530 1301 certe
1541 1275 1620 1308 longe
1632 1274 1696 1300 [ιιςί-

906 1318 959 1346 lius
974 1320 1127 1354 potuissent
1143 1327 1205 1346 eum
1221 1320 1364 1347 absolvero
1379 1320 1425 1355 qui
1440 1320 1556 1347 crimine
1569 1320 1697 1347 eat-ebat?

906 1364 984 1392 Nunc
1007 1371 1098 1392 autem
1123 1373 1138 1392 e
1159 1366 1270 1393 diverso
1294 1366 1443 1393 obnoxium
1467 1366 1576 1401 quidem
1599 1365 1696 1392 libera-

906 1414 981 1443 runt,
1002 1410 1138 1438 insontem
1155 1418 1220 1438 vero
1242 1415 1271 1438 ut
1296 1411 1498 1439 interimeretur
1513 1411 1692 1438 tradiderunt.

906 1455 1043 1483 Prmterea
1067 1456 1202 1489 dicendo,
1231 1466 1240 1482 ι
1265 1456 1412 1484 Auctorem
1438 1458 1516 1488 vitae,
1542 1466 1552 1482 ι
1576 1456 1696 1484 ostendit

67 1503 176 1538 κλημα,
205 1505 298 1531 ἐλύπει
326 1505 460 1539 σφοδρῶς,
477 1505 557 1532 πάλιν
574 1505 692 1540 ἀνίησιν,
708 1506 753 1532 ἐπὶ
776 1505 838 1540 μετὲ

938 1502 981 1529 tod
997 1503 1117 1538 seipsqu
1138 1504 1314 1530 suscitaverit
1334 1504 1392 1537 ipse
1409 1502 1546 1530 Christus.
1560 1502 1694 1529 Resurre-

67 1558 146 1576 νοιαν
162 1550 259 1582 αὐτοὺς
276 1551 412 1583 συνωθῶν,
429 1552 469 1578 ὄτι
481 1560 510 1578 τε
534 1551 564 1584 ἐξ
587 1551 696 1586 ἀγνοίας
713 1552 742 1578 τὸ
757 1551 856 1587 ἔγκλη-

71 1603 112 1628 μα
131 1596 177 1622 καὶ
192 1596 296 1628 ἀνοίας,
308 1597 353 1622 καὶ
368 1597 408 1623 ὅτι
428 1596 459 1623 τὸ
476 1597 506 1629 ἐξ
517 1597 604 1632 ἀρχῆς
618 1597 784 1631 τεταγμένον
810 1596 857 1623 καὶ

68 1639 145 1674 λόγῳ
157 1642 303 1676 προφητῶν
319 1643 597 1677 κεχρησμῳδημένον,
617 1643 666 1669 οὒκ
691 1641 725 1676 ἦν
751 1642 857 1678 παρελ-

70 1685 138 1713 θεῖν.
161 1687 236 1713 Ἐπεὶ
259 1688 286 1714 δὲ
302 1688 381 1722 μέχρι
401 1689 495 1715 τούτου
512 1688 627 1723 προέϐη,
645 1689 694 1724 ἤδη
710 1688 756 1715 καὶ
768 1689 858 1724 ῥητῶς

68 1733 121 1768 τὴν
137 1733 278 1768 μετάνοιαν
290 1734 441 1769 εἰσηγεῖται
463 1734 734 1768 κατηναγκασμὲνως
756 1733 855 1760 ἀναλα-

70 1777 140 1810 ϐεῖν,
155 1778 224 1812 πρός
237 1787 265 1805 τε
279 1778 413 1812 ἐξάλειψιν
427 1780 482 1806 τῶν
493 1781 707 1815 ἡμαρτημένων,
726 1779 772 1806 καὶ
785 1788 853 1813 τρυ-

70 1823 125 1858 φὴν
138 1825 185 1850 καὶ
197 1824 345 1851 ἀπόλαυσιν
358 1825 412 1851 τῶν
433 1825 477 1851 διὰ
495 1825 636 1860 μετανοίας
653 1825 699 1851 καὶ
720 1824 855 1859 ἀγαθοερ-

69 1869 133 1903 γίας
149 1869 203 1896 τῶν
212 1870 396 1904 ἀτελευτήτων
410 1870 519 1904 ἀγαθῶν
535 1871 770 1906 εύμοιρησάντων.

908 1549 1027 1575 ctionem
1053 1556 1117 1575 vero
1132 1556 1185 1576 non
1202 1549 1395 1584 prophetarum
1411 1550 1553 1576 enutirmat
1574 1549 1696 1575 testimo-

909 1594 974 1627 niis,
994 1595 1040 1622 sed
1063 1595 1148 1622 choro
1173 1595 1360 1630 apostolorum
1378 1595 1401 1622 si
1427 1595 1494 1630 ipsis
1520 1595 1571 1622 (ide
1595 1594 1695 1629 dignus

909 1644 979 1667 erat.
989 1639 1043 1675 29
1053 1639 1154 1668 Deinde
1167 1648 1229 1668 vero
1239 1646 1379 1676 postquam
1389 1640 1525 1667 efferendo
1534 1641 1636 1667 crimen
1646 1646 1694 1666 eoo

911 1693 981 1716 rum.
996 1687 1170 1712 vehementer
1181 1687 1381 1718 constristavit,
1397 1694 1505 1713 rursum
1521 1686 1644 1715 remittit.
1661 1685 1693 1711 a.l

911 1731 1101 1766 paenitentiam
1120 1731 1179 1760 illos
1204 1732 1340 1759 invitnns:
1364 1733 1435 1767 quod
1450 1740 1480 1759 ex
1499 1731 1651 1767 ignorantia
1668 1736 1696 1757 et

909 1777 1066 1811 insipientia
1080 1779 1262 1812 peccaverint,
1280 1779 1387 1813 etquod
1408 1778 1473 1805 illud
1485 1777 1556 1812 quod
1574 1777 1695 1804 abiuitio

908 1823 1087 1851 conatitulum
1097 1828 1155 1851 erat
1164 1832 1194 1852 ac
1206 1825 1399 1859 prophetarum
1413 1825 1524 1852 oraculo
1534 1824 1694 1858 praedictum

908 1877 962 1896 non
977 1869 1097 1904 potuerit
1116 1870 1224 1898 evitari.
1251 1869 1300 1898 Ubi
1311 1878 1375 1897 vero
1393 1871 1534 1904 hucusque
1547 1869 1696 1905 prouessit.

67 1916 125 1952 jam
138 1917 218 1945 etiam
226 1918 314 1953 palam
323 1917 443 1953 cogendo
451 1918 555 1945 inducit
565 1917 810 1952 adsuscipiendam
822 1916 1008 1952 paenitentiam
1021 1935 1028 1948 ,
1037 1920 1094 1942 tum
1103 1915 1135 1942 ad
1146 1915 1318 1943 abolitionem
1329 1916 1501 1947 delictorum.
1514 1921 1569 1942 tum
1581 1916 1613 1943 ad
1627 1915 1695 1942 deii'

69 1965 130 1993 cias
150 1965 361 2000 l'ruitionemque
382 1970 544 1993 aeternorum
567 1966 720 1998 bonorum,
742 1973 803 2000 quae
812 1972 860 1998 per
878 1963 1068 1999 penitentiam
1084 1963 1273 1998 bonorumque
1290 1964 1474 1999 operationem
1488 1965 1689 1999 percipiuntur.

110 2021 121 2038 ε
137 2013 192 2039 Καὶ
210 2014 256 2040 ἐπὶ
273 2014 304 2048 τῇ
329 2014 419 2039 πίστει
431 2013 477 2040 τοῦ
490 2014 620 2049 ὀνόματος
635 2013 728 2046 αὑτοῦ,
758 2013 853 2040 τοῦτον

72 2067 83 2084 ι
101 2057 132 2084 ὃν
160 2058 286 2093 θεωρεῖτε
315 2058 361 2084 καὶ
387 2057 478 2085 οἴδατε
498 2078 506 2092 ,
534 2059 684 2094 ἑστερέωσε
712 2058 742 2085 τὸ
768 2058 854 2093 ὄνομα

73 2113 84 2130 α
103 2103 196 2131 αὑτοῦ.
213 2113 224 2130 ι

107 2150 249 2182 Τουτέστι,
258 2151 291 2177 Τί
303 2151 387 2184 λέγω,
401 2151 550 2182 πιστεύσας
563 2151 610 2178 ἐπὶ
624 2150 662 2186 τῷ
678 2150 788 2186 ὀνόματι
806 2151 856 2178 αὐ-

70 2195 120 2222 τοῦ
144 2196 316 2232 ἐστερεώοη;
343 2197 390 2224 καὶ
413 2197 506 2232 πρὶνῆ
524 2196 680 2230 πιστεῦσαι,
713 2197 744 2223 τὸ
769 2197 855 2232 δνομα

942 2011 989 2043 Ill,
1008 2011 1051 2038 16.
1070 2021 1079 2037 ι
1101 2011 1133 2037 Et
1154 2011 1188 2038 ob
1211 2011 1289 2038 Iidem
1307 2012 1426 2039 nominis
1440 2012 1508 2047 ejus,
1524 2012 1598 2039 hunc
1612 2020 1693 2047 quem

912 2066 921 2083 ι
940 2065 988 2085 vos
1003 2057 1099 2084 videtis
1111 2061 1138 2084 et
1149 2057 1247 2090 nostis,
1263 2056 1444 2084 consolidarit
1455 2065 1553 2085 nomen
1566 2058 1661 2092 ipsius.
1680 2069 1689 2084 ι

944 2150 1000 2178 Iloc
1014 2155 1065 2182 est,
1082 2149 1152 2183 Quid
1174 2150 1235 2178 dico
1252 2150 1324 2185 quod
1344 2151 1389 2185 qui
1411 2151 1525 2178 credidit
1542 2152 1569 2179 in
1585 2153 1694 2179 nomine

909 2197 970 2232 ejus
987 2197 1173 2224 consolidatns
1190 2198 1244 2225 sit?
1260 2197 1314 2224 imo
1327 2197 1407 2224 etiam
1423 2197 1579 2232 priusquam
1597 2199 1691 2226 crede—

73 2242 155 2277 μόνον
165 2242 310 2277 ἐπικληθὲν
330 2243 495 2278 ἐστερέωσεν
524 2243 624 2270 αὐτόν’
645 2243 778 2278 τοσαύτην
801 2251 838 2278 πη

939 2248 959 2275 t,
976 2251 1075 2270 nomen
1093 2247 1197 2270 tantum
1219 2243 1372 2270 invocatum
1393 2243 1574 2270 consolidarit
1589 2244 1663 2270 illutn
1683 2253 1690 2271 :

72 2286 151 2321 γάζει
163 2287 193 2314 τὸ
203 2287 288 2323 ὄνομα
306 2288 355 2324 τὴν
370 2289 459 2324 χάριν.
481 2288 564 2316 Οὕπω
579 2289 633 2324 γὰρ
645 2287 677 2324 ἧν
696 2288 854 2321 πιστεύσας,

73 2333 142 2360 ἀλλὰ
157 2333 224 2368 μόνη
237 2335 254 2369 ή
270 2334 414 2370 ἐπίκλησις
439 2334 486 2362 τοῦ
501 2335 632 2370 ὀνόματος
649 2335 680 2362 τὸ
694 2335 748 2362 πᾶν
759 2334 854 2370 εἰργά-

74 2387 151 2406 σατο.

111 2433 121 2450 ι
143 2424 198 2451 Καὶ
212 2425 334 2459 ἡπίστις
353 2426 370 2460 ἡ
391 2425 426 2452 δι’
450 2426 532 2453 αύτοῦ
562 2426 662 2453 ἔδωκεν
694 2426 770 2461 αὐτῷ
806 2426 856 2462 τὴν

77 2479 87 2496 η
104 2470 263 2506 ὁλοκληρίαν
275 2471 376 2505 ταύτην
395 2472 522 2498 ἀπέναντι
533 2472 640 2498 πάντων
657 2472 744 2506 ὑμῶν.
759 2482 768 2498 ι

109 2515 157 2547 Τίς
172 2515 200 2542 δὲ
217 2516 362 2552 ήπίστιςή
379 2517 411 2543 δι’
427 2516 508 2543 αὑτοῦ
528 2517 705 2551 κηρυχθεῖσα,
720 2517 801 2549 αὐτὸς
812 2518 857 2553 ἑρ-

76 2562 211 2598 μηνεύει.ι
223 2563 281 2590 Ἵνα
293 2562 447 2597 γινώσκωσι
468 2571 498 2589 σε
514 2565 560 2589 τὴν
573 2563 652 2598 μόνον
667 2563 753 2598 ἀληθῆ
764 2583 771 2595 ,
783 2572 793 2588 ι
811 2563 857 2590 καὶ

73 2608 207 2642 ὲξῆς.¹Ἰνα
222 2608 277 2645 γὰρ
294 2609 331 2644 μή
349 2617 391 2640 τις
405 2609 479 2644 εἴπῃ,
495 2607 599 2636 Οὐκοῦν
610 2608 660 2635 κᾶν
671 2608 782 2640 ἄπιστος
797 2611 858 2635 ἑπι-

74 2654 219 2687 καλέσηται
233 2655 264 2680 τὸ
279 2654 363 2690 ὄνομα
376 2654 523 2687 αὑτοῦ,κᾶν
530 2655 576 2682 ἐπὶ
584 2654 716 2690 θεραπείᾳ
731 2655 857 2688 ἀπίστου,

74 2699 150 2726 οὐδὲν
164 2698 245 2736 ἧττον
264 2701 280 2734 ἠ
297 2701 368 2731 ἴασις
383 2701 566 2736 προχωρήσει,
586 2701 666 2734 εῐττερ
683 2701 699 2734 ή
714 2701 858 2735 ἐπίκλησις

79 2745 144 2780 μόνη
155 2745 202 2772 τοῦ
213 2746 346 2780 ὀνόματος
361 2746 537 2781 ὲστερέωσεψ
554 2746 598 2772 ἶνα
616 2745 662 2772 οὖν
674 2747 710 2780 μή
724 2754 766 2777 τις
781 2745 857 2772 τοῦτο

75 2790 151 2825 dm,
183 2791 316 2826 ἐπήγαγε·
354 2801 363 2816 ι
384 2791 438 2818 Καὶ
467 2791 482 2825 ή
518 2790 609 2821 πίστις
641 2789 713 2826 ἠδι¹
740 2788 853 2817 αὑτοῦ.»

111 2838 132 2852 ⁸ο
146 2837 223 2864 Joan.
237 2845 312 2870 xvut,
325 2837 367 2864 3i.

906 2293 1009 2316 tantam
1032 2293 1123 2316 manat
1137 2296 1232 2316 nomen
1246 2288 1317 2315 illius
1332 2288 1446 2323 gratiam
1463 2297 1470 2315 :
1483 2289 1600 2315 nondum
1619 2289 1691 2316 enim

907 2335 1071 2368 crediderat,
1091 2335 1140 2364 sed
1154 2335 1211 2363 sola
1227 2335 1345 2362 nominis
1361 2335 1496 2362 invocatio
1511 2343 1566 2362 rem
1584 2343 1692 2362 onmem

908 2382 1021 2416 peregit.

946 2436 956 2453 ι
975 2426 1007 2453 Ει
1024 2426 1089 2454 ﬁdes
1104 2435 1164 2462 quae
1181 2434 1228 2462 per
1242 2434 1304 2454 eum
1322 2431 1374 2460 est,
1390 2427 1463 2454 dedit
1479 2427 1529 2461 ipsi
1549 2427 1691 2463 integrita-

913 2481 922 2498 ι
941 2476 994 2500 tem
1009 2473 1090 2500 istam
1111 2474 1137 2499 in
1155 2478 1301 2507 conspectu
1319 2474 1440 2500 omnium
1458 2479 1588 2500 vestrum.
1609 2483 1618 2499 ι

946 2516 1012 2549 Quae
1027 2523 1116 2544 autem
1133 2517 1168 2544 sit
1187 2517 1253 2544 fides
1267 2525 1328 2552 quae
1352 2525 1399 2552 per
1413 2525 1474 2544 eum
1495 2521 1550 2550 est,
1572 2517 1629 2551 ipse
1644 2518 1693 2545 dc-

910 2562 1005 2595 clarat,
1026 2562 1071 2589 ubi
1087 2562 1125 2588 ait
1141 2571 1148 2589 ι
1167 2571 1176 2587 ι
1198 2561 1233 2589 Ut
1259 2568 1425 2597 cognoscant
1446 2567 1471 2589 te
1494 2563 1580 2589 solum
1598 2570 1690 2588 ventur

910 2609 994 2637 Dettm
1010 2610 1043 2642 υ,
1060 2619 1069 2636 ι
1087 2614 1139 2637 etc.
1160 2609 1197 2636 Ne
1210 2611 1273 2644 quis
1283 2610 1354 2637 enim
1373 2609 1445 2636 dicat
1459 2618 1466 2635 :
1481 2608 1572 2644 Itaque
1585 2608 1691 2635 etiamsi

909 2655 1026 2682 inﬁdelis
1039 2655 1146 2681 invocet
1164 2662 1262 2681 nomen
1276 2655 1372 2688 ipsius,
1391 2654 1496 2681 etiamsi
1510 2653 1536 2679 in
1549 2652 1691 2678 curatione

910 2700 1039 2727 increduli
1055 2701 1081 2727 id
1094 2699 1148 2731 liat,
1163 2700 1341 2727 nihilominus
1363 2700 1436 2727 salus
1450 2700 1644 2731 subsequatur,
1666 2697 1690 2724 si

908 2745 1017 2779 quidem
1042 2745 1100 2773 sola
1113 2745 1232 2772 nominis
1253 2746 1388 2772 invocatio
1413 2743 1591 2771 eonsolidaxit
1605 2744 1688 2769 hunc.

909 2788 948 2817 Ne
963 2789 1024 2824 quis
1037 2797 1102 2825 ergo
1117 2790 1167 2817 hoc
1185 2790 1267 2824 dicat,
1285 2789 1425 2824 subjunxit
1443 2797 1449 2814 τ
1469 2797 1478 2814 ‹
1499 2788 1530 2815 Et
1549 2787 1614 2815 lldes
1629 2795 1689 2822 qu-e

406 2837 425 2853 “
440 2837 517 2865 Joan.
538 2844 593 2870 xu,
607 2836 648 2864 l5.
688 2835 708 2852 δ’
725 2836 802 2865 Joan.
819 2844 884 2870 xvu,
898 2836 923 2863 3.
