1856 3049
27 130 62 162 77

29 195 38 210 ι
60 185 169 220 λέσηται
185 185 287 220 Κύριος
308 186 322 212 ὀ
341 185 408 217 Θεὸς
424 185 514 220 ἡμῶν.
537 185 658 220 Ἐτέροις
681 193 711 210 τε
727 183 817 216 λόγοις
833 187 855 215 Α

29 241 36 255 ι
60 231 162 258 πλείοσι
176 231 374 267 διεμαρτύρετο
390 232 437 258 καὶ
463 231 623 267 παρεκάλει,
638 231 725 264 λέγων
739 238 746 245 ·
764 229 820 256 Σώ-

32 286 42 302 c
62 277 125 311 θητε
146 278 199 304 ἀπὸ
215 278 263 312 τῆς
280 278 378 311 γενεᾶς
395 278 444 311 τῆς
460 277 570 309 σκολιᾶς
584 277 697 311 ταύτης.
714 277 746 302 Ol.
768 275 818 311 μὲν

30 334 37 347 ι
61 321 107 349 οὖν
121 323 247 358 deus-1m;
260 324 457 358 ἀποδεξάμενοι
479 323 524 350 τὸν
543 323 622 357 λόγον
644 322 738 354 αὑτοῦ,
752 323 818 348 ὲεα-

28 379 36 395 ι
57 370 218 404 πτίσοησαν.
246 370 300 396 Καὶ
325 369 530 405 προσετέθησαν
552 371 585 404 τῇ
608 369 701 405 ἡμέρᾳ
726 368 818 404 ὲκιίνη

29 425 37 440 ε
56 415 140 450 ψυχαὶ
161 416 227 442 (insi
240 416 400 450 τρισχίλιαι.
421 414 511 442 Ἦσαν
532 416 560 442 δὲ
577 415 818 451 προσκαρτεροῦν-

29 472 37 486 ι
59 470 102 492 τες
117 463 149 496 τῇ
164 461 257 496 διδαχῇ
271 462 324 488 τῶν
337 461 504 494 ἀποστόλων,
519 462 565 488 καὶ
578 463 611 496 τῇ
623 461 760 496 κοινωνίᾳ,
771 461 818 487 καὶ

26 517 34 533 ι
55 510 88 543 τῇ
103 507 196 534 κλάσει
208 507 255 534 τοῦ
271 508 366 542 ἄρτου,
387 508 435 534 καὶ
449 510 507 540 ταῖς
521 509 696 544 προσευχαῖς.
715 517 724 534 ι

70 599 113 631 Ὠς
128 599 236 626 πάντων
245 599 332 634 στόμα
343 600 397 626 τῶν
410 599 567 626 ἀποστόλων
581 598 814 633 προϐεϐλημένος,

25 647 104 681 φησι,
120 647 315 681 Μετανοήσατε
328 647 374 672 καὶ
387 645 573 680 βαπτισθήτω,
585 645 626 677 οὐ,
638 644 814 676 Πιστεύσατε,

24 692 105 724 ἀλλὰ,
121 702 130 717 ί
145 692 337 726 Βαπτισθήτω.
353 701 362 717 ι
376 690 461 717 Τοῦτο
480 690 535 725 γὰρ
549 692 562 717 ό
573 690 697 724 θεμέλιος
712 690 765 716 τῶν
775 690 816 721 είς

25 738 142 773 Χριστὸν
159 739 350 764 πιστευόντων.
378 737 464 763 Τοῦτο
484 735 530 763 οὖν
546 737 654 772 πρῶτον
672 736 752 768 ἀξιοῖ,
768 736 815 762 καὶ

26 785 94 819 μετὰ
108 785 186 812 τοῦτο
202 785 301 819 ἐπάγει
316 785 346 811 τὸ
365 785 432 820 πρὸς
444 785 482 820 τῷ
499 785 618 820 θεμελίῳ
638 785 724 816 τέλος,
742 793 751 810 1
765 784 814 819 τὴν

24 831 128 867 δωρεὰν
143 831 231 865 λέγων
244 831 292 858 τοῦ
308 832 386 865 ἁγίου
405 832 574 866 Πνεύματος,
595 841 604 857 ›
623 830 660 862 ὡς
675 831 718 857 διὰ
730 830 812 865 μέσου

25 879 119 904 τούτου
137 879 187 913 τῆς
208 879 326 910 πίστεως
355 878 584 914 ἁναφαινομένης.
601 877 646 912 Τῷ
666 877 694 904 δὲ
709 879 812 903 εἰπεῖν·
831 866 851 892 Β

28 934 36 949 ι
66 924 145 959 Ὑμῖν
161 925 215 959 γὰρ
231 926 248 960 ἡ
271 924 422 958 ἐπαγγελία
439 925 486 950 καὶ
514 925 569 956 τοῖς
593 924 698 955 τέκνοις
726 923 813 958 ὑμῶν,

26 971 72 996 καὶ
87 971 154 997 πᾶσι
183 972 240 1001 τοῖς
258 971 368 1005 μακρὰν
389 971 436 996 καὶ
460 971 516 1000 τοῖς
533 970 627 1003 ἐγγὺς,
650 979 659 995 ι
687 969 814 1004 ἐμφαίνει

25 1016 54 1042 το
75 1017 168 1051 μεῖζον
180 1017 229 1051 τῆς
246 1017 362 1051 δωρεᾶς,
376 1017 414 1048 ὡς
430 1017 460 1043 οὐ
479 1016 558 1050 μόνον
573 1017 665 1046 αὐτοῖς
679 1014 815 1050 ἐπαρκοὺι

27 1071 86 1097 σης,
105 1062 172 1089 ἀλλὰ
189 1064 236 1088 καὶ
261 1064 316 1094 τοῖς
336 1063 450 1094 τέκνοις.
476 1063 530 1088 Καὶ
547 1062 615 1096 πρὸς
641 1061 675 1088 τὰ
699 1061 761 1096 ἔθνη
787 1060 815 1086 δὲ

25 1109 257 1143 ἐπιδαψιὶεὺεται.
282 1109 366 1135 Τοῦτο
384 1109 436 1144 γὰρ
460 1108 570 1143 ᾐνίξατο
582 1107 625 1134 διὰ
641 1107 700 1138 τοῦ,
721 1116 730 1132 ι
752 1107 815 1138 Τοῖς

27 1156 147 1190 μακράεν
169 1165 178 1180 ι
198 1155 255 1182 ἀλλ’
271 1156 294 1181 εἰ
309 1157 364 1186 τοῖς
377 1157 494 1190 μακρὰν,
512 1154 602 1189 πολλῷ
614 1154 699 1189 δήπου
716 1153 817 1188 μᾶλλον

24 1202 88 1235 ὑμῖν
105 1203 162 1233 τοῖς
178 1201 272 1235 ἐγγύς.
290 1202 390 1227 Σκόπει
404 1201 432 1227 δὲ
454 1201 494 1227 ὅτι
511 1200 573 1227 τότε
596 1200 645 1235 τὴν
663 1199 718 1226 τῶν
733 1199 818 1225 ἐθνῶν

23 1248 134 1284 ᾐνίξατο
157 1249 258 1280 πίστιν,
274 1249 318 1275 ὅτε
336 1247 591 1282 κατανενιιγμὲνους
608 1244 670 1280 εὗρε
690 1246 737 1273 καὶ
751 1255 818 1272 κατ’

23 1294 177 1326 εγνωκότας
195 1293 309 1320 ἑαυτῶν.
332 1294 413 1328 Ψυχὴ
434 1293 488 1328 γὰρ
509 1293 572 1319 ὅταν
594 1291 692 1326 ἑαυτὴν
708 1291 819 1317 καταδι-

24 1341 106 1375 vim.
122 1341 173 1367 οὐκ
187 1340 227 1366 ἔτι
242 1339 348 1374 φθονεῖν
361 1340 484 1366 δύναται.

61 1454 71 1470 ‹
101 1445 230 1478 Ἐγένετο
244 1445 272 1473 δὲ
287 1445 363 1482 πάσῃ
377 1445 450 1481 ψυχῇ
463 1445 556 1479 φόϐος,
572 1444 657 1471 πολλά
669 1452 698 1470 τε
715 1443 816 1479 τέρατα

27 1501 36 1517 ι
57 1491 105 1517 καὶ
121 1492 228 1525 σημεῖα
240 1490 283 1517 διὰ
295 1491 350 1516 τῶν
364 1491 520 1518 ἀποστόλων
536 1490 655 1524 ἐγένετο.
670 1489 772 1520 Πάντες
788 1488 817 1515 δὲ

26 1547 35 1562 ι
56 1537 80 1563 οί
97 1536 272 1567 πιστεύοντες
285 1535 355 1571 ἦσαν
370 1536 416 1562 ἐπὶ
430 1536 459 1562 τὸ
471 1536 548 1567 αὺτδ,
561 1535 608 1561 καὶ
622 1533 695 1570 εἶχον
708 1533 817 1560 ἅπαντα
832 1555 852 1583 C

25 1591 34 1607 ι
54 1581 142 1608 κοινά.
161 1581 216 1608 Καὶ
230 1581 264 1608 τὰ
276 1582 405 1615 κτήματα
419 1582 466 1608 καὶ
481 1580 531 1612 τὰς
547 1580 679 1616 ὑπάρξεις
697 1580 815 1615 ἐπίπρα-

26 1637 35 1652 ‹
56 1635 133 1658 σχον,
156 1628 203 1653 καὶ
228 1626 382 1662 διεμέριζον
403 1626 473 1654 αὐτὰ
504 1627 583 1657 πᾶσι,
614 1626 709 1652 καθότι
726 1626 760 1652 ἄν
777 1634 818 1657 τις

27 1683 36 1699 ι
57 1673 156 1708 χρείαν
177 1671 246 1708 εἶχε.
272 1674 341 1700 Καθ’
360 1673 468 1708 ἡμέραν
490 1681 519 1698 τε
546 1672 818 1708 προσκαρτεροῦντες

27 1729 36 1744 ι
55 1719 231 1754 ὁμοθυμαδὸν
246 1720 276 1745 ἑν
292 1719 331 1754 τῷ
348 1719 424 1755 ἱερῷ.
443 1729 451 1744 ι

60 1777 97 1803 Οὐ
107 1777 162 1812 γὰρ
172 1776 210 1808 ὡς
224 1777 278 1803 τῶν
289 1776 425 1812 τυχόντων
439 1775 636 1810 κατεφρόνουν,
650 1773 709 1801 ἀλλ’
725 1774 819 1809 ἐπειδὴ

24 1824 110 1854 mli;
127 1821 162 1858 ἦν
186 1824 200 1849 ό
224 1822 328 1857 Πέτρος
348 1821 451 1849 ἄνωθεν
469 1822 549 1856 ῥέων,
571 1821 620 1848 καὶ
637 1821 671 1848 τὰ
688 1821 819 1856 μέλλοντα

23 1870 69 1896 διὰ
87 1869 143 1896 τῶν
158 1868 331 1903 ἐπαγγελιῶν
355 1867 496 1900 δεικνύων,
523 1868 637 1900 εἰκότως
658 1867 817 1900 ὲφοῦοῦντο.

30 1914 198 1951 Ἐμαρτύρει
223 1915 277 1950 γὰρ
303 1915 344 1950 τῷ
360 1914 431 1950 λόγῳ
448 1915 482 1941 τὰ
507 1914 586 1950 ἔργα.
604 1913 738 1949 Καθάπερ
765 1914 819 1950 γὰρ

23 1964 72 1988 καὶ
90 1962 139 1988 ἐπὶ
153 1960 201 1987 τοῦ
222 1961 340 1996 Χριστοῦ
370 1961 502 1997 πρότερον
527 1962 638 1995 σημεῖα,
657 1957 718 1988 εἶτα
739 1960 819 1986 διδα-

24 2007 138 2037 σκαλία,
150 2004 210 2033 εἶτα
227 2006 367 2041 θαύματα,
378 2005 449 2032 οὕτω
461 2007 507 2032 καὶ
520 2005 577 2032 νῦν.
596 2005 632 2031 To
645 2004 674 2031 δὲ
690 2005 741 2035 τὰς
754 2004 820 2038 κτῆ-

24 2060 82 2082 σεις
97 2051 201 2078 πωλεῖν
218 2052 265 2077 καὶ
279 2050 450 2085 διαμερίζειν
463 2049 529 2076 καθὸ
545 2049 577 2076 ἄν
587 2058 628 2080 τις
641 2048 736 2084 χρείαν
750 2046 818 2083 εἶχε,

22 2100 72 2133 οὐχ
97 2098 204 2129 ἁπλῶς,
221 2096 481 2130 ἀλλὀίκονομικῶς.
504 2095 663 2130 Διεμέριζον
684 2094 738 2129 γὰρ
758 2095 819 2120 κατ’

23 2144 114 2176 ἀξίαν.
132 2144 170 2169 Τὸ
191 2143 230 2175 δὲ,
259 2152 268 2168 ι
289 2141 475 2176 Ὀμοθυμαδὸν
499 2139 782 2175 προσκαρτεροῦντες,
805 2148 814 2164 ι

21 2191 52 2216 οὐ
72 2190 139 2224 μίαν
160 2190 278 2224 ἡμέραν,
294 2189 355 2214 οὐδὲ
380 2188 437 2219 δύο,
459 2187 527 2214 ἀλλὰ
549 2186 611 2213 καθ’
635 2187 754 2221 ἡμέραν,
770 2187 818 2213 καὶ

24 2235 74 2270 μιᾷ
86 2235 174 2269 ψυχῇ.
189 2234 233 2269 Τῷ
248 2233 277 2260 δὲ
300 2233 367 2269 ἱερῷ
381 2232 566 2268 προσήδρευον
586 2232 610 2258 οί
629 2232 811 2263 πιστεύοντες,
829 2230 851 2258 0

22 2282 69 2308 ἂτε
86 2281 295 2314 σπουδαιότεροι
311 2279 501 2314 γεγενημένοι,
515 2280 561 2305 καί
576 2279 640 2314 περὶ
659 2278 743 2313 μηδὲν
756 2279 817 2304 ἓτε-

23 2337 69 2361 ρςν
93 2329 206 2363 ἔχοντες
228 2326 390 2358 σπουδάζειν
405 2325 435 2358 ἐξ
459 2325 602 2356 εὐλαὸείας
617 2324 667 2359 τῆς
692 2323 758 2362 περὶ
771 2324 817 2350 τὸν

22 2376 118 2407 τόπον,
130 2375 149 2410 ἢ
169 2375 231 2410 περὶ
247 2373 278 2400 τδ
291 2374 373 2408 ἱερόν.

57 2539 67 2555 ι
90 2527 224 2559 Κλῶντές
244 2534 274 2553 τε
306 2527 366 2552 κατ’
390 2525 464 2551 οἶκον
493 2525 585 2559 ἄρτον,
615 2522 820 2559 μετελάμϐανον

22 2585 30 2600 ι
50 2573 173 2610 τροφῆς,
189 2574 219 2600 ἐν
236 2572 395 2607 ἀγαλλιάσει
416 2572 462 2598 καὶ
476 2570 623 2606 ἀφελότητι
642 2570 756 2605 καρδίας
776 2571 820 2596 αι-

22 2630 30 2646 ι
49 2621 167 2652 νοῦντες
180 2620 228 2646 τδν
248 2619 325 2651 Θεὸν,
341 2619 388 2644 καὶ
404 2617 510 2653 ἔχοντες
523 2617 603 2653 χάριν
617 2616 684 2652 πρὸς
699 2617 757 2642 ὅλον
773 2617 818 2642 τὸν

22 2678 30 2693 ι
50 2668 130 2695 λαόν.
161 2666 191 2694 ’0
217 2667 246 2693 δὲ
270 2666 372 2701 Κύριος
388 2664 542 2701 προσετίθει
557 2665 621 2695 τοὺς
646 2662 816 2698 σωζομένους

22 2723 31 2740 α
51 2715 118 2741 καθ’
136 2713 245 2748 ἡμέραν
261 2714 294 2748 τῇ
309 2711 467 2746 Ἐκκλησῐᾳ.
487 2720 495 2736 ι

52 2767 152 2800 Οἱκον,
178 2768 209 2794 τὸ
230 2767 305 2803 ἱερὸν
321 2767 368 2793 νῦν
391 2766 476 2800 λέγει’
493 2766 523 2791 ὲν
536 2764 609 2800 αὑτῷ
633 2763 685 2799 γὰρ
711 2763 816 2799 ἤσθιον.

20 2814 58 2841 Τδ
75 2814 118 2845 δὲ,
148 2823 157 2840 ι
189 2813 314 2844 Κλῶντες
333 2812 425 2847 ἄρτον,
446 2821 455 2837 ι
483 2808 568 2842 εἶπεν,
589 2810 634 2836 ἴνα
655 2811 685 2836 τὸ
711 2809 818 2840 εὐτελὲς

22 2862 70 2888 καὶ
89 2861 258 2889 αὖτόπκευον
275 2859 424 2894 ὑπεμφήνῃ
451 2858 541 2885 αὐτῶν
556 2858 603 2892 τῆς
625 2857 739 2892 διαίτης.
757 2857 820 2891 ’Ᾱρν

508 128 701 158 COMMENT.
722 126 761 156 ΙΝ
780 124 872 156 ACTA
889 125 1175 156 APOSTOLORUM.

1625 125 1663 157 78

872 190 882 206 ‹
901 182 1008 209 caverit
1035 181 1167 209 Dominus
1195 180 1268 208 Deus
1294 185 1400 208 uoster.
1426 180 1550 216 Aliisquo
1573 182 1664 210 verbis

873 235 883 251 ι
904 226 1030 261 plurimis
1066 226 1267 253 testiﬁcabatur
1305 230 1331 253 et
1364 226 1563 254 exhortabatur
1597 235 1663 259 eos,

873 281 881 297 ι
901 272 998 300 dicens
1033 280 1040 298 :
1074 272 1227 300 Servemini
1268 271 1303 299 ab
1340 272 1390 299 hac
1423 280 1507 307 prava
1549 280 1665 306 genera-

873 327 882 343 ι
901 318 986 345 tione.
1023 317 1136 353 itaque,
1172 319 1219 353 qui
1257 318 1374 345 libenter
1397 323 1579 354 susceperunt
1607 327 1665 347 ser-

872 373 882 389 ι
901 371 1009 390 monem
1030 363 1102 398 ejus.
1119 363 1250 398 baptizuti
1277 369 1339 391 sunt
1362 371 1368 388 :
1387 368 1415 391 et
1440 366 1573 400 appositae
1600 370 1665 393 sunt

872 418 882 434 ι
900 409 947 436 illo
975 409 1020 436 die
1052 410 1150 436 anima:
1184 410 1297 437 circiter
1325 414 1367 437 ter
1389 411 1473 438 mille.
1503 412 1588 438 Erant
1614 419 1665 438 au-

872 463 881 480 ι
902 459 954 482 lem
987 459 1197 489 perseverantes
1228 455 1255 482 in
1288 455 1413 482 doctrina
1450 457 1601 491 apostolica
1636 461 1664 485 et

871 510 881 525 ς
900 502 1152 529 communicatione
1175 509 1207 529 ac
1231 502 1364 528 fractione
1381 503 1461 537 panis
1482 509 1509 531 et
1530 504 1664 531 orationi-

870 557 879 572 ε
902 548 964 574 bus.
985 556 995 573 ι

902 604 1045 640 Tanquam
1062 613 1094 633 os
1104 605 1225 632 omnium
1238 607 1422 641 apostolorum
1436 607 1595 643 designatus
1607 607 1663 636 ait:

867 650 1030 685 Resipiscite
1050 655 1077 678 et
1101 651 1265 685 baptizetur,
1283 660 1338 680 non
1358 658 1450 680 autem
1476 654 1597 687 Credite.
1615 655 1664 683 sed

866 695 1022 730 Baptizetur
1031 705 1038 729 ;
1047 703 1109 723 nam
1122 697 1173 724 hoc
1181 697 1386 725 fundamentum
1396 700 1628 728 eratcredentium
1637 702 1663 728 in

865 740 1013 768 Christum.
1022 741 1079 769 Hoc
1086 750 1151 775 ergo
1160 743 1278 777 primunt
1286 745 1394 778 petit,et
1401 745 1575 779 postmodum
1583 745 1664 773 linem

865 794 897 814 ac
906 788 1103 822 perfectionem
1113 788 1292 816 fundamento
1305 790 1458 825 suhjungit,
1468 791 1563 818 dicens
1574 800 1580 818 :
1591 801 1601 816 ι
1611 791 1664 819 Do-

866 842 929 861 num
946 834 1181 869 Spiritusﬁsancti,
1203 845 1212 862 ι
1227 841 1355 872 tanquam
1374 837 1426 864 fide
1446 846 1494 872 per
1507 839 1564 866 hmc
1575 838 1663 866 media

867 878 1066 906 demonstrata.
1093 879 1145 906 Per
1175 880 1227 907 hoc
1252 887 1344 908 autem
1370 881 1442 915 quod
1468 882 1531 909 ait:
1552 891 1560 907 ι
1579 881 1662 910 Vobis

867 924 940 950 enim
964 924 1036 951 facta
1057 929 1101 952 est
1124 924 1272 959 promissio
1300 930 1325 953 et
1351 926 1413 953 ﬁliis
1438 927 1548 959 vestris,
1571 929 1662 954 omni-

869 969 974 1005 busque
1013 970 1060 1005 qui
1096 971 1176 1006 longe
1206 979 1238 998 ac
1263 978 1348 1006 prope
1382 976 1468 999 sunt:
1495 982 1504 998 ι
1541 973 1662 1000 ostendit

868 1015 933 1042 doni
954 1016 1180 1051 Inagnitudinem,
1199 1021 1230 1044 ut
1246 1017 1319 1052 quod
1332 1025 1385 1044 non
1402 1018 1483 1045 modo
1504 1019 1572 1053 ipsis
1587 1019 1663 1046 suﬂi-

868 1061 941 1094 ciat,
962 1061 1010 1089 sed
1037 1066 1064 1088 et
1095 1062 1160 1090 filiis
1181 1082 1189 1094 ,
1217 1069 1349 1098 praeterea
1373 1067 1400 1090 et
1425 1065 1553 1099 gentibus
1583 1066 1662 1093 beni-

867 1115 919 1142 gne
933 1108 1093 1135 exhibeatur
1109 1117 1116 1134 :
1132 1116 1194 1134 nam
1217 1109 1269 1135 hoc
1289 1109 1378 1136 innuit
1393 1117 1440 1144 per
1463 1110 1489 1136 id
1507 1111 1580 1144 quod
1598 1111 1637 1138 ait
1653 1119 1660 1137 ε

874 1163 882 1178 ι
898 1153 946 1181 llis
959 1154 1006 1188 qui
1024 1154 1102 1188 longe
1115 1153 1234 1187 absunt;
1250 1164 1258 1179 ι
1272 1155 1346 1190 atqui
1359 1156 1389 1186 si!
1401 1156 1444 1182 his
1457 1156 1591 1191 quilonge
1613 1157 1662 1184 ab—

871 1204 954 1230 sunt.
980 1201 1068 1226 multo
1095 1200 1183 1234 magis
1212 1208 1279 1228 sane
1303 1201 1382 1228 vobis
1403 1203 1449 1236 qui
1475 1210 1560 1237 prope
1583 1203 1662 1230 estis.

873 1246 1025 1273 Considera
1042 1253 1107 1272 vero
1127 1246 1200 1280 quod
1227 1250 1293 1274 tune
1317 1248 1437 1282 gentium
1461 1248 1539 1276 fidem
1562 1249 1661 1282 innuit.

874 1291 986 1324 quando
1001 1297 1180 1324 compunctos
1196 1292 1302 1319 invenit
1314 1300 1346 1319 ac
1363 1300 1423 1320 sese
1436 1294 1662 1322 condemnautes.

873 1336 923 1363 Ubi
939 1337 1010 1364 enim
1025 1337 1142 1371 seipsam
1161 1337 1252 1364 anima
1275 1339 1573 1375 condemnaverit,jam
1594 1341 1663 1368 invi-

873 1382 937 1409 dere
954 1390 1008 1408 non
1027 1386 1125 1417 potest.

906 1441 940 1473 li.
955 1441 1051 1468 45-46.
1067 1451 1075 1468 ι
1092 1442 1190 1470 Factus
1205 1447 1248 1471 est
1263 1448 1353 1471 autem
1366 1445 1440 1472 omni
1456 1445 1553 1472 anima!
1569 1447 1661 1478 timor.

877 1497 886 1513 ε
903 1487 1045 1522 multaque
1059 1489 1182 1523 prodigia
1198 1494 1225 1516 et
1239 1490 1316 1524 signa
1333 1497 1381 1525 per
1392 1492 1532 1525 apostolos
1545 1493 1664 1520 edeban-

874 1542 884 1559 ι
900 1537 955 1560 tur.
981 1532 1083 1560 Omnes
1108 1541 1174 1561 vero
1195 1534 1342 1562 credentes
1367 1540 1447 1562 erant
1472 1537 1625 1572 conjuncti,
1635 1543 1663 1565 et.

873 1589 882 1605 ι
902 1579 1039 1606 habebant
1061 1580 1152 1606 omnia
1175 1581 1331 1607 communia
1351 1589 1358 1606 :
1379 1585 1406 1608 et
1424 1582 1615 1615 possessiones
1630 1591 1663 1610 ac

873 1634 882 1649 ι
901 1625 1068 1651 substantias
1084 1623 1248 1654 vendebant,
1264 1628 1290 1651 et
1308 1625 1511 1653 distribuebant
1527 1633 1558 1653 ea
1573 1627 1662 1654 omni-

873 1682 882 1698 ι
902 1672 964 1704 bus,
978 1677 1061 1707 prout
1077 1672 1178 1707 cuique
1199 1680 1268 1707 opus
1284 1676 1352 1700 erat.
1377 1671 1412 1699 Et
1430 1673 1553 1708 quotidie
1568 1681 1663 1709 perse-

872 1726 882 1744 ι
902 1719 1034 1745 verahant
1050 1718 1219 1745 unanimiter
1236 1718 1263 1745 in
1280 1718 1391 1753 templo.
1411 1728 1419 1743 ι

905 1775 999 1810 Neque
1023 1776 1095 1803 enim
1119 1784 1194 1803 more
1218 1777 1291 1812 vulgi
1316 1776 1498 1812 desipiebant.
1524 1779 1571 1806 sed
1591 1786 1662 1814 quo-

870 1822 944 1848 niam
972 1821 1071 1849 Petrus
1098 1822 1201 1850 multus
1226 1828 1284 1849 erat
1308 1830 1341 1850 ac
1367 1823 1516 1851 vehemens
1543 1823 1663 1860 desuper

870 1865 982 1892 fluendo
1001 1866 1059 1893 sive
1077 1865 1260 1898 exhortando,
1276 1870 1303 1893 ct
1319 1866 1412 1894 futura
1431 1867 1662 1902 promissionibus

870 1913 1054 1944 ostendendo.
1067 1913 1165 1939 merito
1178 1913 1364 1940 terrebantur.
1379 1912 1447 1940 Nam
1460 1915 1662 1942 altestabantur

870 1958 990 1985 sermoni
1014 1965 1108 1993 opera.
1135 1958 1372 1991 Quemadmodum
1398 1961 1472 1987 enim
1499 1960 1527 1987 in
1552 1960 1662 1988 Christo

872 2005 989 2040 primum
1005 2005 1116 2033 fuerunt
1127 2006 1216 2041 signa,
1233 2005 1332 2034 deinde
1347 2006 1482 2038 doctrina.
1498 2015 1663 2044 rursumque

870 2050 1012 2082 miracula,
1034 2051 1071 2078 ita
1093 2057 1119 2079 et
1142 2060 1227 2080 nunc.
1252 2052 1447 2080 Posscssiones
1467 2062 1532 2081 vero
1556 2054 1661 2083 distra-

869 2096 966 2124 hentes
991 2105 1022 2124 ac
1045 2097 1245 2126 distribuentes
1270 2105 1354 2134 prout
1379 2100 1478 2134 cuique
1499 2108 1569 2135 opus
1590 2105 1659 2134 erat.

870 2151 924 2170 non
938 2148 1048 2176 temere.
1063 2145 1110 2172 sed
1124 2145 1324 2180 dispensatorie
1339 2145 1495 2173 faciebant:
1512 2154 1574 2174 nam
1584 2147 1661 2182 juxta

871 2190 1011 2224 cujusque
1033 2190 1192 2226 dignitatem
1225 2191 1393 2219 dividebant.
1427 2191 1563 2220 Pratterea
1586 2193 1660 2227 quod

865 2236 999 2271 sequitur,
1023 2246 1031 2262 ι
1056 2236 1270 2263 l‘erseverabant
1290 2237 1471 2270 unanimiter,
1499 2247 1509 2264 ι
1533 2246 1586 2266 non
1606 2248 1662 2266 uno

872 2289 918 2309 aut
931 2283 1018 2310 altero
1029 2283 1072 2310 die
1085 2283 1176 2314 fiebat,
1185 2282 1231 2310 sed
1241 2282 1375 2317 quotidie,
1388 2285 1564 2318 utprazmisit.
1581 2285 1662 2320 idque

872 2336 927 2354 uno
944 2329 1047 2356 animo.
1077 2328 1104 2354 lu
1129 2329 1230 2363 templo
1246 2327 1301 2364 24
1316 2333 1405 2355 autent
1424 2329 1583 2357 residebant
1600 2338 1662 2358 ere-

873 2373 969 2400 denlcs
987 2382 994 2401 :
1011 2377 1141 2408 tauquam
1164 2374 1349 2402 studiosiores
1370 2382 1402 2401 ac
1424 2375 1603 2403 ferventiores
1621 2376 1663 2404 ef-

876 2419 949 2452 fecti,
966 2425 993 2446 et
1009 2421 1082 2447 circa
1100 2420 1168 2447 nihil
1183 2421 1256 2447 aliud
1273 2425 1396 2454 potentes
1414 2421 1535 2448 studium
1554 2421 1663 2456 pietatis

875 2473 1004 2492 exercere
1019 2473 1101 2500 quam
1116 2470 1163 2492 aut
1176 2467 1250 2493 circa
1267 2467 1355 2493 locum
1370 2471 1417 2493 aut
1430 2467 1503 2494 circa
1519 2468 1661 2502 templum.

910 2520 941 2547 11.
956 2520 1001 2552 M3,
1015 2520 1059 2548 47.
1084 2530 1093 2547 ι
1113 2520 1145 2547 Et
1159 2521 1313 2556 frangentes
1328 2521 1407 2556 juxta
1424 2521 1535 2548 domum
1551 2530 1662 2557 panem,

876 2576 885 2592 ‹
904 2567 986 2594 simul
1006 2568 1152 2595 sumebant
1166 2568 1258 2595 cibum
1274 2575 1336 2594 cum
1353 2568 1536 2595 exsultatione
1549 2572 1577 2595 et
1597 2568 1663 2595 sim-

876 2623 885 2639 ‹
905 2614 1028 2648 plicilate
1043 2613 1135 2641 cordis
1148 2613 1290 2640 laudantes
1306 2613 1401 2644 Deum.
1413 2617 1441 2640 et
1457 2613 1587 2641 habentes
1602 2621 1663 2647 gra-

875 2669 884 2685 I
903 2661 969 2686 tiam
985 2659 1056 2694 apud
1071 2668 1180 2688 omnem
1196 2659 1313 2694 plebem.
1329 2659 1461 2686 Dominus
1475 2664 1565 2686 autem
1580 2659 1663 2686 adde—

876 2715 885 2731 ι
904 2706 950 2732 bat
967 2706 1014 2740 qui
1031 2706 1100 2733 salvi
1117 2706 1212 2734 fierent
1227 2705 1348 2740 quotidie
1364 2703 1581 2740 congregationi.
1601 2713 1610 2730 ι

908 2761 1023 2788 Domum
1045 2761 1114 2788 dicit
1137 2769 1209 2788 nunc
1227 2761 1368 2795 templum,
1389 2767 1451 2787 nam
1474 2759 1501 2786 in
1521 2758 1580 2794 ipso
1596 2759 1662 2786 ede-

874 2807 949 2834 bant.
965 2807 1036 2834 Dixit
1054 2811 1162 2834 autem:
1179 2816 1188 2832 ι
1201 2805 1368 2841 Frangentes
1382 2813 1490 2841 panem.
1505 2814 1515 2832 ι
1530 2809 1561 2832 ut
1574 2806 1663 2832 tenui-

876 2859 917 2882 tas
942 2861 973 2881 ac
997 2853 1161 2890 simplicitas
1181 2852 1272 2880 victus
1287 2859 1381 2879 eorum
1401 2855 1542 2887 appareat.
1563 2850 1663 2878 Panem
