1856 3049
66 119 108 153 85
553 121 742 152 COMMENT.
760 122 797 151 1N
819 123 912 152 ACTA
931 124 1216 155 APUSTULURUM.
1663 127 1701 159 85

65 179 120 205 καὶ
147 178 286 214 Χριστοῦ⁹
306 178 370 213 περὶ
395 179 516 210 ιαμ-ποὺς,
545 179 588 206 διὰ
607 179 654 206 τοῦ
678 180 775 210 εἰπεῖν,
803 180 841 214 οὒς

941 186 1096 214 meernunt,
1110 189 1190 217 quam
1207 189 1266 217 quae
1283 181 1420 209 Christum
1443 183 1609 217 respiciunt:
1627 183 1705 218 ipsos

69 224 129 260 ἰδὲᾳ
148 224 264 259 δυνάμει
281 225 520 260 θαυματουργῆοαι
532 233 538 240 ⁸
554 226 618 260 περὶ
636 225 753 260 Χριστοῦ
774 225 812 259 δὲ,
825 225 864 260 τῷ

66 270 237 305 προσθεῖναι
250 271 301 296 τὸν
317 270 418 297 παῐδιν
433 271 462 296 οὗ
476 272 530 306 γὰρ
555 271 584 297 τὸ
608 271 799 305 αὺτοδόξαστον
825 272 864 298 ἔνι

67 317 240 351 προσθήκην
261 317 339 350 δόξης
361 316 462 343 λαϐεῖν.
484 316 662 348 Ταπεινὼσας
681 316 726 343 οὖν
746 317 776 343 τὸ
798 318 860 344 καθ’

71 362 196 392 ἑαυτοὺς
211 362 257 388 καὶ
267 362 398 396 Χριστὸν,
411 362 520 396 ἐπαίρει
533 363 564 388 τὸ
578 363 631 388 τῶν
645 363 777 388 Ἰουδαίων
793 363 864 389 κατὰ

66 407 199 442 Χριστοῦ
212 407 349 442 τόλμημα,
374 408 420 433 καὶ
441 407 472 433 οὐ
489 408 645 440 συσκιάζων
670 408 707 439 ὡς
726 409 756 434 τὸ
768 409 864 442 πρότε-

68 460 132 486 ρον.
151 452 239 478 Τοῦτο
264 452 292 478 δὲ
314 452 400 483 ποιεῖ,
425 452 524 486 μᾶλλον
548 453 646 484 αὐτοὺς
675 453 863 486 ἐπαγαγέσθαι

68 499 250 534 βουλόμενος.
269 499 351 525 Ὅσον
367 499 421 534 γὰρ
440 500 544 526 ἐδείκνυ
568 500 667 532 αὐτοὺς
686 501 862 533 ὑπευθύνους,

66 544 203 571 τοσοῦτον
218 544 316 579 μᾶλλον
325 545 403 572 τοῦτο
415 545 529 580 ἐγίνετο.
544 546 591 572 Διὰ
603 546 711 578 δὲτοιλι
721 547 768 573 Ὃν
783 547 863 580 ὑμεῖς
882 541 892 546 “

68 590 253 624 παρεδώκατε
281 590 328 617 καὶ
348 591 513 626 ἠρνήσασθε,
546 601 555 617 ι
581 591 627 618 δύο
646 592 679 618 τὰ
691 592 861 627 ἐγκλήματα.

69 635 187 670 Πιλὰτῳ
212 644 241 662 τε
263 636 317 671 γὰρ
347 637 507 670 παρέδωκαν
533 638 572 667 εἰς
597 637 696 671 φόνον,
721 638 861 668 εἰπόντες·

72 690 84 707 ι
111 681 197 715 Ἥμῖν
215 681 309 708 οὐδένα
324 681 426 714 ἔξεστιν
437 683 605 709 ἀποκτεῖναι·
622 692 630 708 ι
657 683 811 718 ἠρνήσαντο
834 683 862 710 δὶ

70 727 236 762 κράζοντες,
254 737 263 753 ι
290 727 346 754 Οὐκ
359 728 456 762 ἔχομεν
478 727 590 762 βασιλέα
603 729 627 754 εί
643 728 680 764 μὴ
695 729 830 764 Καίσαρα.
849 738 858 754 ι

77 771 163 799 ’Δλλά
175 781 207 806 γε
221 773 252 807 δὴ
269 773 316 799 καὶ
341 773 458 800 Πιλάτου
474 773 604 808 Ἕλληνος
622 773 708 806 ὄντος,
727 774 774 800 καὶ
793 774 862 809 μήτε

72 820 191 853 σημεῖον
205 819 273 854 πρὸς
298 818 418 854 Χριστοὶ
446 819 608 854 ἑωρακότος,
633 820 701 854 μήτε
715 820 863 855 προκρητῶν

71 864 227 898 ἀκηκοότος
243 865 306 899 περὶ
320 863 450 899 Χριστοῦ,
466 865 513 890 καὶ
523 863 685 898 βουλομένου
697 865 779 892 αὑτὸν
793 866 861 892 ἀπο-

72 909 162 940 λύειν,
173 910 250 936 αὐτοὶ
264 912 311 937 καὶ
330 910 591 945 θαυματουργοῦντα
601 911 718 945 Χριστὸν
734 911 860 945 τεθεαμέ-

72 964 124 988 νοι,
141 958 190 982 καὶ
201 956 347 991 προφητῶν
361 957 389 982 ἐν
402 956 501 990 γνώσει
519 957 572 983 τῶν
591 957 653 992 περὶ
667 957 750 984 αὑτοῦ
768 957 860 988 αὐτοῖς

74 1001 231 1035 είρημένων
245 1003 439 1034 καταστάντες,
452 1002 502 1029 οὐκ
521 1002 679 1037 ἠνέσχεσθε.
696 1003 744 1029 Διὰ
766 1003 794 1029 δὲ
811 1003 858 1029 τοῦ

75 1047 184 1079 είπεῖν,
204 1059 213 1073 ι
236 1048 320 1074 Φονὲα
330 1047 478 1083 ᾐτήσασθε,
497 1057 507 1074 ι
532 1049 625 1080 δεινῶς
647 1048 857 1080 κατεσκεύασεν,

72 1093 114 1119 ὅτι
132 1092 261 1119 ἐδύναντο
275 1093 321 1119 τὸν
333 1093 448 1128 Χριστὸν
463 1093 603 1121 ἀπολύειν.
622 1094 651 1120 Et
673 1094 726 1128 γὰρ
748 1093 795 1120 τὸν
812 1102 859 1128 φο-

73 1137 123 1164 νέα
149 1138 316 1173 ἀπολυθῆναι
339 1139 481 1174 ἐποίησαν,
493 1139 538 1165 τὸν
565 1139 663 1174 μᾶλλον
678 1139 812 1172 ὑπαίτιον,
828 1140 858 1166 οὑ

75 1182 167 1218 πολλῷ
181 1184 213 1218 δή
230 1192 282 1210 που
294 1185 339 1211 τὶν
349 1185 493 1212 ἀνεύθυνον
505 1194 513 1219 ;
525 1186 573 1212 νῦν
586 1185 613 1211 δὲ
625 1186 803 1218 ἁπεναντίας,
813 1186 858 1212 τὸν

76 1231 126 1264 μὲν
151 1230 302 1257 ὑπεύθυνον
331 1231 480 1263 ἐξείλοντο,
503 1232 548 1258 τὸν
569 1232 598 1258 δὲ
625 1232 770 1258 ἀνεύθυνον
789 1233 858 1259 dno-

73 1275 226 1310 κτανθῆναι
252 1276 424 1310 παρέδωκαν.
455 1277 547 1304 Εἰπὼν
572 1278 612 1310 δὲ,
640 1287 649 1303 ι
666 1278 711 1304 τὶν
737 1278 858 1313 ἀρχηγὸν

74 1321 123 1355 τῆς
134 1321 218 1356 ζωῆς,
237 1332 246 1347 ι
265 1322 401 1349 δείκνυσιν
420 1323 457 1354 ὡς
474 1323 557 1354 αὐτὸς
570 1323 665 1349 ἑαυτὸν
682 1322 830 1357 ἀνέστησεν
845 1323 858 1350 ό

72 1365 203 1402 Χριστός.
225 1367 280 1403 Τὴν
306 1368 453 1395 ἀνάστασιν
474 1369 502 1395 δὲ
523 1370 553 1395 οὺ
584 1369 730 1404 προφητῶν
747 1369 860 1403 ὲμτιεδοῐ

77 1413 242 1448 μαρτυρίαις
255 1433 262 1444 ,
277 1413 354 1445 ἀλλὰ,
372 1415 464 1449 ἐπειδὴ
483 1415 637 1448 ἀξιόπιστος
653 1415 743 1446 αὐτοῖς
755 1412 799 1450 ἦν,
821 1414 860 1450 τῷ

75 1457 149 1493 χορῷ
161 1457 214 1484 τῶν
227 1458 393 1485 ἀποστόλων.
421 1458 497 1484 Ἐπεὶ
511 1459 540 1485 δὲ
566 1459 734 1494 μετεωρίσας
757 1459 787 1486 τὸ
812 1459 859 1492 ἐγ-

916 227 1037 260 ίιιιίιιειιι,
1053 226 1117 253 dum
1132 228 1170 254 ait
1188 227 1261 262 quod
1277 235 1329 254 non
1347 228 1456 262 propria
1473 229 1596 262 potentia.
1609 229 1703 256 edide-

916 272 970 298 rint
986 272 1145 299 miraculum
1158 281 1165 304 ς
1176 273 1314 300 Christum
1330 280 1404 306 vero,
1425 273 1551 300 addendo
1569 283 1575 301 ε
1594 273 1703 301 Glurill-

915 318 984 343 Cavit
1000 317 1097 344 Filium
1116 326 1194 344 suum
1206 327 1316 353 :‘ncque
1330 320 1402 345 enim
1419 320 1552 352 contingit
1568 324 1595 346 ut
1612 320 1703 354 gloria:

916 362 1132 390 additamentum
1158 363 1274 398 accipiat
1294 365 1341 398 qui
1364 372 1395 390 cx
1416 372 1444 391 se
1462 365 1629 399 gloriﬁcatus
1648 370 1701 393 est.

917 407 965 434 Ubi
990 415 1055 442 ergo
1077 408 1186 435 demisit
1207 413 1261 435 tam
1283 409 1309 435 id
1334 409 1405 444 quod
1431 410 1536 444 suipsos
1562 410 1702 437 concernit

915 460 995 487 quam
1013 453 1086 488 quod
1102 453 1241 481 Christum
1271 454 1397 482 :l'aeinus
1423 455 1701 490 adaugetJudeeornm

915 499 1045 526 adversus
1060 498 1197 526 Christum
1213 508 1219 525 ι
1235 507 1322 534 neque
1337 500 1401 526 illud
1420 501 1558 527 inumbrat
1573 506 1599 527 ut
1614 502 1700 535 prius.

915 543 973 570 lloc
990 548 1079 571 autem
1103 544 1168 571 facit
1192 545 1277 580 magis
1299 546 1359 573 illos
1378 546 1485 573 allirere
1508 547 1612 574 volens.
1636 546 1702 574 Nam

914 594 1016 623 quanto
1036 589 1123 624 magis
1143 590 1216 624 ipsos
1237 591 1359 618 ostendit
1378 591 1525 623 obnoxius,
1548 596 1623 618 tanto
1644 600 1702 618 am-

914 635 986 665 plius
1014 635 1079 661 illud
1094 635 1227 662 succedit.
1253 636 1304 663 Per
1330 636 1380 663 hoc
1398 643 1501 668 autem,
1523 647 1532 663 l
1547 637 1631 669 Quem
1654 645 1703 664 vos

915 680 1067 707 tradidistis
1083 686 1110 708 et
1125 681 1246 715 negastis
1263 690 1270 708 :
1290 691 1299 707 ι
1320 682 1380 709 dum
1397 688 1538 717 ponuntur
1553 685 1704 710 accusatio-

914 731 973 751 nes.
992 724 1132 759 Siquidem
1148 724 1235 752 Pilato
1253 726 1285 752 ad
1301 726 1401 754 caedem
1416 727 1594 759 tradiderunt,
1611 729 1703 754 ιΙὶει-ιι-

915 773 955 796 les
968 776 973 794 :
989 777 998 794 ι
1009 769 1095 797 Nobis
1110 777 1162 796 non
1179 770 1405 798 licctinterliccre
1418 772 1640 806 quemquamwn
1653 771 1703 799 Nc-

913 818 1046 847 gaverunt
1058 819 1147 842 autem
1166 815 1338 843 clamantes:
1359 826 1368 842 ι
1385 816 1442 844 Non
1463 817 1594 844 habemus
1613 825 1702 852 regem

912 859 1151 894 prmtchazsarem
1162 861 1195 887 ⁸¹.
1218 871 1227 887 ι
1253 862 1334 896 Atqui
1349 869 1414 889 sane
1427 869 1489 890 cum
1508 863 1588 889 ctiam
1601 862 1702 890 Pilatus

911 905 1032 939 gentilis,
1048 907 1093 941 qui
1112 914 1201 942 neque
1224 908 1302 943 signa
1317 916 1331 935 a
1347 908 1460 936 Christo
1481 909 1598 942 viderat,
1614 917 1702 943 neque

911 951 1058 987 prophetas
1069 952 1102 979 de
1113 952 1224 980 Christo
1248 954 1384 986 audierat,
1403 955 1482 982 vellet
1505 959 1593 982 tamen
1612 955 1702 989 ipsum

911 996 1056 1025 ahsolvcre
1070 1006 1076 1024 :
1091 1006 1138 1025 vos
1151 998 1202 1033 ipsi
1216 1000 1261 1033 qui
1276 1003 1302 1026 et
1315 999 1454 1027 Christum
1469 1000 1600 1026 miracula
1617 1000 1702 1027 eden-

910 1047 965 1070 tem
980 1046 1199 1077 conspexeratis.
1218 1052 1245 1073 et
1260 1047 1385 1074 notitiam
1401 1047 1543 1074 habebatis
1559 1047 1703 1082 propheta-

910 1097 970 1116 rum
985 1090 1011 1117 in
1029 1091 1072 1119 his
1089 1099 1149 1125 qua:
1162 1091 1195 1120 de
1213 1093 1272 1127 ipso
1288 1093 1426 1124 dixerant,
1453 1097 1611 1120 nontamen
1624 1093 1657 1119 ab
1669 1099 1701 1119 eo

910 1144 957 1164 vos
971 1138 1156 1165 continuistis.
1170 1138 1268 1165 Dicens
1286 1147 1367 1166 vero:
1391 1148 1399 1164 ι
1419 1139 1589 1166 Homicidam
1609 1144 1702 1173 postu-

914 1182 1003 1214 lastis,
1021 1192 1030 1208 ι
1047 1183 1191 1210 cllicacilcr
1209 1184 1306 1218 probat
1320 1184 1391 1218 quod
1409 1183 1547 1211 Christum
1562 1184 1702 1218 potuerint

909 1228 1062 1255 absolvere.
1081 1228 1146 1255 Nam
1163 1229 1185 1256 si
1204 1229 1368 1257 homicidam
1389 1230 1493 1256 absolvi
1512 1229 1636 1256 fecerunt
1653 1229 1701 1263 qui

909 1273 986 1307 longe
996 1274 1113 1308 amplius
1125 1274 1259 1302 obnoxius
1272 1279 1342 1306 erat,
1352 1282 1447 1301 annon
1462 1279 1534 1301 certe
1545 1275 1624 1308 longe
1636 1274 1701 1300 faci'

909 1318 963 1346 lius
978 1319 1131 1353 potuissent
1147 1327 1208 1346 enm
1225 1320 1367 1347 absolvere
1383 1320 1430 1355 qui
1444 1320 1560 1346 crimine
1574 1319 1701 1347 carebat?

910 1363 988 1392 Nunc
1011 1370 1102 1392 autem
1127 1373 1142 1392 e
1163 1366 1273 1392 diverso
1297 1366 1446 1392 obnoxium
1471 1365 1580 1400 quidem
1603 1365 1701 1392 libera«

910 1414 985 1443 runt,
1006 1410 1142 1437 insontem
1159 1418 1224 1438 vero
1246 1416 1274 1438 ιιι
1299 1411 1502 1438 intcrimerctur
1517 1411 1697 1438 tradiderunt.

910 1455 1046 1483 Praeterea
1071 1456 1205 1488 dicendo,
1234 1466 1243 1482 (
1269 1456 1416 1484 Auctorem
1441 1457 1520 1488 vitae,
1546 1466 1556 1482 ι
1580 1456 1700 1484 ostendit

75 1503 181 1537 χλημα,
209 1505 302 1530 ἐλύπει
330 1504 464 1539 σφοδρῶς,
481 1505 562 1531 πάλιν
578 1505 696 1539 ἀνίησιν,
712 1505 757 1531 ἐπὶ
780 1506 841 1540 μετέ

941 1501 985 1528 rod
1000 1502 1120 1537 seipsum
1142 1503 1317 1530 suscitaverit
1338 1504 1396 1537 ipse
1413 1502 1550 1530 Christus.
1564 1502 1699 1530 Resurre-

75 1557 150 1576 νοιαν
166 1550 263 1581 αὐτοὺς
280 1550 416 1583 συνωθῶν,
434 1551 474 1578 ὅτι
486 1559 514 1577 τε
538 1551 568 1583 ἐξ
590 1550 700 1585 ἀγνοίας
716 1551 746 1577 τὸ
761 1551 861 1586 ἔγκλη-

78 1603 117 1628 μα
135 1595 180 1621 καὶ
197 1595 299 1627 ἀνοίας,
312 1597 358 1622 καί
372 1596 412 1622 ὃτι
432 1595 463 1622 τὸ
480 1596 509 1628 ἐξ
521 1597 607 1631 ἀρχῆς
622 1597 788 1631 τεταγμένον
814 1596 861 1622 καὶ

76 1639 149 1673 λόγῳ
161 1641 308 1675 προφητῶν
323 1642 601 1677 κεχρησμῳδημὲνον,
620 1643 670 1668 οὐκ
696 1640 729 1676 ἦν
755 1642 860 1677 παρελ-

77 1685 143 1712 θεῖν.
166 1687 240 1713 Ἐπεὶ
262 1687 290 1713 δὲ
306 1687 386 1722 μέχρι
405 1688 499 1714 τούτου
516 1688 630 1722 προέὃη.
648 1688 697 1723 ἤδη
714 1688 760 1715 καὶ
772 1687 862 1723 ῥητῶς

76 1732 126 1767 τὴν
141 1733 282 1767 μετάνοιαν
294 1734 445 1768 εἰσηγεῖται
468 1734 737 1768 κατηναγκασμὲνως
759 1733 859 1759 ἀναλα-

77 1777 145 1810 ϐεῖν,
160 1778 227 1812 πρός
241 1787 269 1804 τε
283 1777 417 1812 ἐξαλειψιν
432 1780 486 1806 τῶν
497 1780 711 1814 ἡμαρτημένων,
729 1779 776 1806 καὶ
789 1787 856 1813 τρυ-

77 1822 129 1857 φὴν
143 1823 189 1849 καὶ
201 1823 349 1850 ἀπόλαυσιν
362 1824 417 1851 τῶν
437 1824 481 1851 διὰ
499 1825 640 1859 μετανοίας
656 1825 703 1851 καὶ
724 1823 859 1859 ἀγαθοερ-

77 1868 138 1903 γίας
155 1869 207 1895 τῶν
217 1869 400 1904 ἀτελευτήτων
414 1869 523 1904 ἀγαθῶν
539 1870 773 1905 εὗμοιρησάντων.

912 1548 1031 1575 ctionem
1057 1555 1120 1575 vero
1135 1556 1189 1575 non
1206 1549 1399 1583 prophetarum
1415 1549 1557 1576 eonlirmat
1577 1549 1700 1576 testimo-

912 1594 977 1627 niis,
998 1594 1044 1621 scd
1067 1595 1152 1621 choro
1176 1595 1364 1630 apostolorum
1382 1595 1405 1622 si
1430 1595 1497 1629 ipsis
1523 1595 1576 1622 ﬁde
1599 1595 1699 1629 dignus

913 1643 983 1666 erat.
992 1639 1047 1674 29
1057 1639 1157 1667 Deinde
1170 1647 1233 1667 vero
1243 1645 1383 1675 postquam
1393 1639 1528 1667 eﬂ‘ermido
1537 1641 1639 1666 crimen
1649 1646 1698 1666 eo.

914 1693 985 1715 rum,
1000 1686 1174 1712 vehementer
1185 1686 1384 1717 constristavil,
1401 1694 1508 1712 rursum
1524 1686 1648 1715 remittit,
1665 1686 1698 1710 aal

915 1731 1105 1766 pmnitentiam
1123 1731 1183 1759 illos
1207 1732 1344 1759 invitans:
1368 1731 1439 1766 quod
1454 1739 1484 1758 ex
1502 1731 1656 1766 ignorantia
1671 1735 1699 1757 et

913 1775 1070 1810 insipientia
1084 1778 1265 1812 peccaverint,
1283 1777 1390 1812 etquod
1412 1777 1477 1804 illud
1489 1777 1560 1812 quod
1578 1776 1698 1803 nbinitio

912 1823 1090 1850 conStitutum
1100 1828 1158 1851 erat
1167 1832 1197 1851 ac
1209 1824 1403 1858 prophetarum
1417 1825 1528 1851 oraculo
1538 1824 1698 1858 prtedlctum

911 1876 966 1895 non
981 1868 1100 1903 potuerit
1119 1870 1227 1897 evitari.
1254 1869 1303 1897 Ubi
1315 1877 1379 1896 vero
1397 1870 1537 1904 hucusque
1551 1869 1699 1904 processit.

75 1915 130 1952 jam
143 1917 223 1944 etiam
231 1918 318 1953 palam
327 1917 447 1953 cogendo
455 1918 559 1945 inducit
569 1916 813 1952 adsuscipicndam
825 1915 1012 1951 paenitentiam
1024 1935 1031 1947 ,
1041 1918 1097 1941 tum
1106 1914 1138 1941 ad
1148 1915 1321 1942 abolitionem
1333 1915 1505 1946 delictorum.
1517 1920 1573 1942 tum
1584 1915 1617 1942 ad
1631 1915 1699 1942 deli‘

77 1965 135 1993 cias
154 1964 365 2000 lruitionemque
386 1970 548 1993 aeternorum
572 1966 705 1993 bonorum
716 1985 723 1998 ,
745 1972 806 2000 quae
816 1972 863 1998 per
881 1962 1072 1999 pmnitentiam
1088 1962 1277 1998 bonorumque
1293 1963 1478 1998 operationem
1492 1964 1692 1998 percipiuntur.

116 2021 126 2038 ι
142 2013 197 2038 Καὶ
214 2014 260 2039 ἐπὶ
277 2014 308 2048 τῇ
333 2013 423 2039 πίστει
435 2013 481 2040 τοῦ
494 2014 623 2048 ὀνόματος
638 2013 732 2046 αὑτοῦ,
761 2013 857 2040 τοῦτον

81 2066 90 2084 ι
107 2057 137 2083 δν
164 2058 290 2093 θεωρεῖτε
318 2057 365 2084 καὶ
391 2057 482 2085 οἴδατε
502 2078 509 2091 ,
538 2059 688 2094 ἑστερέωσε
715 2058 746 2084 τὸ
772 2058 857 2093 ὄνομα

81 2112 91 2130 ε
109 2103 200 2131 αὑτοῦ.
217 2112 228 2129 ι

113 2150 296 2181 Τουτέστι,Τί
307 2150 390 2183 λέγω,
405 2150 554 2182 πιστεύσας
567 2150 614 2177 ἐπὶ
627 2150 665 2185 τῷ
681 2150 792 2185 ὀνόματι
810 2150 859 2177 αὺ-

79 2194 125 2221 τοῦ
148 2195 320 2231 ἐστερεώθης
347 2197 393 2223 καὶ
417 2196 510 2231 πρὶνῆ
527 2196 683 2229 πιστεῦσαι,
717 2196 748 2223 τδ
773 2196 859 2231 δνομα

946 2010 993 2042 111,
1012 2011 1054 2037 l6.
1074 2020 1082 2036 ι
1104 2010 1136 2037 Et
1157 2011 1192 2037 ob
1214 2011 1292 2038 [idem
1310 2011 1430 2038 nominis
1444 2011 1512 2046 ejus.
1528 2011 1601 2038 hunc
1615 2019 1696 2046 quem

915 2066 925 2083 ι
942 2064 991 2085 vos
1006 2056 1102 2083 videtis
1114 2060 1141 2084 et
1152 2056 1250 2090 nostis,
1266 2056 1448 2084 consolidarit
1459 2063 1557 2084 nomen
1570 2057 1665 2091 ipsius.
1683 2068 1693 2082 ι

947 2149 1003 2177 lloc
1017 2154 1068 2182 est,
1085 2149 1155 2182 Quid
1177 2149 1238 2177 dico
1255 2150 1327 2185 quod
1346 2151 1392 2184 qui
1414 2151 1529 2178 credidit
1546 2151 1572 2178 in
1588 2153 1697 2178 nomine

913 2197 973 2232 ejus
990 2197 1176 2224 eonsolidatus
1193 2197 1247 2224 sit?
1263 2197 1316 2224 imo
1330 2197 1410 2224 ctiam
1425 2197 1582 2231 priusquam
1600 2199 1694 2225 crede-

82 2242 159 2276 μόνον
169 2241 314 2276 ἐπικληθὲν
333 2242 498 2277 ἐστερέωσεν
528 2242 627 2269 αὐτόν’
648 2242 782 2277 τοσαύτην
805 2251 841 2278 πη

943 2247 962 2275 ι,
979 2250 1078 2270 nomen
1096 2246 1200 2270 tantum
1222 2243 1375 2270 invocatum
1396 2243 1578 2269 consolidavit
1593 2243 1666 2269 illtun
1686 2252 1693 2270 :

80 2285 155 2320 τάξει
168 2287 198 2313 τὸ
207 2287 291 2322 ὄνομα
310 2287 359 2322 τὴν
374 2289 463 2323 χάριν.
484 2287 568 2315 Οὔπω
583 2288 637 2323 γὰρ
648 2286 681 2323 ἦν
699 2288 858 2320 πιστεύσας,

81 2331 146 2359 ἀλλὰ
161 2332 228 2367 μόνη
241 2333 258 2367 ή
274 2333 417 2368 ἐπίκλησις
443 2333 490 2360 τοῦ
504 2334 635 2369 ὀνόματος
653 2334 683 2360 τὸ
698 2334 752 2361 πᾶν
763 2333 858 2369 είργά·

81 2386 154 2404 σατο.

117 2433 126 2450 ι
147 2423 201 2450 Καὶ
216 2424 233 2458 ἡ
246 2425 338 2457 πίστις
357 2425 374 2460 ἡ
395 2424 429 2451 δι’
454 2424 536 2451 αὑτοῦ
565 2424 665 2452 ἔδωκεν
697 2425 773 2460 αὐτῷ
809 2426 859 2462 τὴν

84 2478 93 2495 ι
110 2469 266 2505 ὁλοκληρίαν
278 2470 379 2504 ταύτην
398 2470 526 2497 ἀπέναντι
537 2471 644 2497 πάντων
661 2471 748 2505 ὑμῶν.
763 2481 772 2497 ι

115 2514 161 2546 Τίς
176 2515 204 2541 δὲ
221 2515 337 2550 ἡπίστις
348 2516 365 2550 ἡ
381 2515 414 2541 δι’
430 2515 512 2542 αὑτοῦ
532 2516 709 2550 κηρυχθείσα,
723 2516 804 2548 αὐτὸς
815 2517 860 2552 ἑρ-

83 2561 215 2597 privatisin
227 2562 284 2588 Ἵνα
297 2561 451 2596 γινώσκωσί
472 2570 502 2588 σε
518 2564 564 2588 τὴν
577 2562 656 2597 μόνον
670 2562 757 2597 ἀληθῆ
767 2582 774 2594 ,
787 2571 796 2588 ι
814 2562 861 2588 καὶ

81 2607 211 2640 ἑξῆς.”1να
227 2606 281 2643 γὰρ
297 2607 334 2643 μή
352 2616 394 2639 τις
408 2607 483 2643 εἴπῃ,
500 2607 603 2634 Οὐκοῦν
614 2607 663 2634 κᾶν
674 2607 786 2638 ἄπιστος
800 2609 861 2634 ἐπι-

81 2653 223 2685 καλέσηται
237 2653 268 2679 τὸ
282 2652 366 2688 ὄνομα
379 2653 527 2686 αὑτοῦ,κᾶν
535 2654 580 2680 ἐπὶ
588 2653 720 2689 θεραπείᾳ
734 2654 860 2686 ἀπίστου,

82 2698 154 2724 οὐδὲν
168 2696 249 2734 ἦττον
268 2699 284 2732 ἡ
301 2699 372 2730 ἴασις
387 2699 570 2735 προχωρήσει,
590 2699 670 2734 εἴπερ
686 2700 702 2734 ἡ
718 2699 862 2734 ἐπίκλησις

86 2744 148 2778 μόνη
159 2744 205 2770 τοῦ
216 2744 350 2778 ὀνόματος
365 2744 541 2780 ἐστερέωσεν·
559 2745 602 2771 ἵνα
620 2744 665 2771 οὖν
677 2746 713 2779 μή
728 2753 770 2776 τις
784 2745 861 2771 τοῦτο

83 2789 154 2824 ιτπῃ,
186 2789 319 2824 ἐπήγαγε·
357 2799 366 2815 ‹
387 2790 441 2816 Καὶ
471 2790 487 2824 ἡ
522 2789 612 2820 πίστις
645 2789 716 2826 ήδι¹
743 2788 856 2817 αὑτοῦ.»

116 2837 136 2851 ⁵ο
149 2835 226 2864 JOan.
241 2843 316 2868 xvtn,
329 2835 370 2863 51.

909 2293 1012 2316 tantam
1035 2293 1126 2316 manat
1139 2296 1235 2315 nomen
1249 2288 1320 2315 illius
1335 2287 1450 2323 gratiam
1467 2297 1473 2315 :
1486 2289 1603 2314 nondum
1622 2289 1694 2316 enim

910 2334 1074 2368 crediderat,
1095 2335 1143 2364 sed
1157 2335 1214 2363 sola
1230 2335 1348 2362 nominis
1364 2335 1498 2362 invocatio
1514 2343 1569 2362 rem
1586 2343 1695 2362 omnem

912 2381 1024 2415 peregit.

949 2435 959 2452 ι
979 2425 1011 2453 Et
1027 2425 1093 2454 ﬁdes
1107 2434 1167 2461 quae
1185 2434 1231 2462 per
1245 2434 1307 2454 eum
1325 2431 1377 2460 est,
1392 2427 1466 2455 dedit
1482 2427 1532 2462 ipsi
1552 2428 1694 2463 integrita-

916 2481 925 2498 ι
945 2475 998 2499 tem
1013 2472 1093 2499 istam
1114 2473 1140 2499 in
1158 2477 1304 2507 conspectu
1321 2474 1443 2500 omnium
1461 2479 1591 2500 vestrum.
1612 2483 1622 2499 ι

949 2515 1015 2548 Quae
1031 2522 1120 2543 autem
1136 2516 1171 2543 sit
1191 2517 1255 2544 ﬁdes
1271 2524 1330 2551 quae
1355 2525 1402 2552 per
1416 2525 1477 2544 eum
1499 2521 1553 2549 est,
1575 2517 1632 2551 ipse
1647 2518 1696 2544 dc-

914 2561 1008 2594 clarat,
1029 2561 1075 2588 tibi
1091 2561 1151 2588 ait:
1171 2570 1180 2586 ι
1202 2561 1236 2588 Ut
1262 2568 1428 2596 cognoscant
1449 2566 1474 2589 te
1497 2563 1583 2589 solum
1601 2570 1694 2588 verum

914 2608 997 2636 Deum
1014 2609 1047 2641 ⁸³,
1064 2619 1073 2634 ι
1091 2614 1143 2636 etc.
1164 2609 1200 2636 Ne
1213 2610 1276 2644 quis
1286 2610 1356 2637 enim
1376 2609 1468 2636 dicat:
1484 2608 1575 2643 Itaque
1588 2608 1694 2635 etiamsi

912 2653 1029 2681 inﬁdelis
1043 2654 1149 2681 invocet
1167 2661 1266 2681 nomen
1279 2654 1375 2688 ipsius,
1393 2654 1499 2681 etiamsi
1513 2653 1539 2679 in
1552 2652 1694 2678 curatione

913 2699 1042 2726 increduli
1059 2700 1085 2726 id
1098 2699 1152 2731 liat,
1167 2699 1344 2726 nihilominus
1366 2699 1439 2726 salus
1453 2699 1647 2732 subsequctur,
1669 2697 1693 2724 si

912 2744 1021 2778 quidem
1046 2745 1104 2772 sola
1117 2745 1236 2772 nominis
1257 2745 1392 2771 invocatio
1416 2743 1594 2771 consolidmil
1609 2744 1691 2769 hunc.

912 2787 951 2816 Ne
967 2789 1028 2824 quis
1041 2796 1105 2824 ergo
1120 2789 1170 2816 hoc
1188 2789 1270 2823 dicat,
1288 2789 1429 2823 sulijunxit
1447 2797 1453 2814 :
1472 2797 1480 2813 I
1501 2787 1534 2814 Et
1552 2787 1617 2814 ﬂ‘des
1632 2794 1692 2820 que

409 2836 429 2852 “
443 2835 521 2864 Joan.
542 2835 651 2869 xtx,15.
691 2835 711 2852 ⁸¹
728 2835 805 2864 Joan.
823 2844 887 2869 xvu,
901 2835 927 2863 3.
