  <div class='ocr_page' id='page_1' title='image "/cluster/home/n/w/nwhite01/storage/ocr_20150623/118/njp.32101077772992/069.png"; bbox 0 0 1856 3049; ppageno 0'>
   <div class='ocr_carea' id='block_1_1' title="bbox 123 122 156 155">
    <p class='ocr_par' dir='ltr' id='par_1_1' title="bbox 123 122 156 155">
     <span class='ocr_line' id='line_1_1' title="bbox 123 122 156 155; baseline 0.03 -1"><span class='ocrx_word' id='word_1_1' title='bbox 123 122 156 155; x_wconf 78' lang='grc'><strong>91</strong></span> 
     </span>
    </p>
   </div>
   <div class='ocr_carea' id='block_1_2' title="bbox 634 125 1186 157">
    <p class='ocr_par' dir='ltr' id='par_1_2' title="bbox 634 125 1186 157">
     <span class='ocr_line' id='line_1_2' title="bbox 634 125 1186 157; baseline 0.005 -3"><span class='ocrx_word' id='word_1_2' title='bbox 634 125 832 155; x_wconf 66' lang='grc' dir='ltr'><strong>(ΕΟΗΜΕΧΙΙ</strong></span> <span class='ocrx_word' id='word_1_3' title='bbox 853 125 998 156; x_wconf 72' lang='grc' dir='ltr'><strong>ΤΗΙΕΕᾹΞ</strong></span> <span class='ocrx_word' id='word_1_4' title='bbox 1018 128 1186 157; x_wconf 82' lang='lat' dir='ltr'><strong>EPISCOPI</strong></span> 
     </span>
    </p>
   </div>
   <div class='ocr_carea' id='block_1_3' title="bbox 1726 130 1765 161">
    <p class='ocr_par' dir='ltr' id='par_1_3' title="bbox 1726 130 1765 161">
     <span class='ocr_line' id='line_1_3' title="bbox 1726 130 1765 161; baseline -0.026 0"><span class='ocrx_word' id='word_1_5' title='bbox 1726 130 1765 161; x_wconf 75' lang='lat'><strong>92</strong></span> 
     </span>
    </p>
   </div>
   <div class='ocr_carea' id='block_1_4' title="bbox 124 178 904 222">
    <p class='ocr_par' dir='ltr' id='par_1_4' title="bbox 124 178 904 214">
     <span class='ocr_line' id='line_1_4' title="bbox 124 178 904 214; baseline 0.004 -8"><span class='ocrx_word' id='word_1_6' title='bbox 124 179 185 206; x_wconf 80' lang='lat' dir='ltr'><strong>lilii.</strong></span> <span class='ocrx_word' id='word_1_7' title='bbox 199 179 231 206; x_wconf 85' lang='lat' dir='ltr'><strong>lli</strong></span> <span class='ocrx_word' id='word_1_8' title='bbox 249 178 323 207; x_wconf 86' lang='lat' dir='ltr'><strong>enim</strong></span> <span class='ocrx_word' id='word_1_9' title='bbox 354 179 492 214; x_wconf 87' lang='lat' dir='ltr'><strong>spirituali</strong></span> <span class='ocrx_word' id='word_1_10' title='bbox 505 180 700 214; x_wconf 87' lang='lat' dir='ltr'><strong>prophetarum</strong></span> <span class='ocrx_word' id='word_1_11' title='bbox 718 181 852 208; x_wconf 87' lang='lat' dir='ltr'><strong>llliatioue</strong></span> <span class='ocrx_word' id='word_1_12' title='bbox 868 183 904 209; x_wconf 82' lang='lat' dir='ltr'><strong>atl</strong></span> 
     </span>
    </p>
   </div>
   <div class='ocr_carea' id='block_1_5' title="bbox 999 178 1765 222">
    <p class='ocr_par' dir='ltr' id='par_1_5' title="bbox 999 183 1765 222">
     <span class='ocr_line' id='line_1_5' title="bbox 999 183 1765 222; baseline 0.005 -13"><span class='ocrx_word' id='word_1_13' title='bbox 999 183 1154 218; x_wconf 79' lang='grc' dir='ltr'>ιλεγὸμενός</span> <span class='ocrx_word' id='word_1_14' title='bbox 1165 192 1242 218; x_wconf 73' lang='grc' dir='ltr'>φησι.</span> <span class='ocrx_word' id='word_1_15' title='bbox 1259 184 1308 211; x_wconf 75' lang='grc' dir='ltr'><strong>Διὰ</strong></span> <span class='ocrx_word' id='word_1_16' title='bbox 1320 185 1348 211; x_wconf 82' lang='grc' dir='ltr'><strong>δὲ</strong></span> <span class='ocrx_word' id='word_1_17' title='bbox 1364 185 1422 218; x_wconf 84' lang='grc' dir='ltr'>τοῦ,</span> <span class='ocrx_word' id='word_1_18' title='bbox 1442 195 1450 212; x_wconf 74' lang='grc' dir='ltr'><strong>ε</strong></span> <span class='ocrx_word' id='word_1_19' title='bbox 1466 187 1547 222; x_wconf 82' lang='grc' dir='ltr'>’Δχρι</span> <span class='ocrx_word' id='word_1_20' title='bbox 1562 187 1667 221; x_wconf 85' lang='grc' dir='ltr'>χρόνων</span> <span class='ocrx_word' id='word_1_21' title='bbox 1684 187 1765 213; x_wconf 80' lang='grc' dir='ltr'>ἀπο-</span> 
     </span>
    </p>
   </div>
   <div class='ocr_carea' id='block_1_6' title="bbox 122 225 909 261">
    <p class='ocr_par' dir='ltr' id='par_1_6' title="bbox 122 225 909 261">
     <span class='ocr_line' id='line_1_6' title="bbox 122 225 909 261; baseline 0 -7"><span class='ocrx_word' id='word_1_22' title='bbox 122 226 207 261; x_wconf 87' lang='lat' dir='ltr'><strong>optati</strong></span> <span class='ocrx_word' id='word_1_23' title='bbox 224 229 299 259; x_wconf 88' lang='lat' dir='ltr'><strong>sunt,</strong></span> <span class='ocrx_word' id='word_1_24' title='bbox 317 225 364 252; x_wconf 87' lang='lat' dir='ltr'><strong>ille</strong></span> <span class='ocrx_word' id='word_1_25' title='bbox 378 233 445 252; x_wconf 91' lang='lat' dir='ltr'><strong>vero</strong></span> <span class='ocrx_word' id='word_1_26' title='bbox 464 226 584 253; x_wconf 88' lang='lat' dir='ltr'><strong>naturali</strong></span> <span class='ocrx_word' id='word_1_27' title='bbox 603 227 785 261; x_wconf 75' lang='lat' dir='ltr'><strong>dispositione</strong></span> <span class='ocrx_word' id='word_1_28' title='bbox 800 227 909 255; x_wconf 88' lang='lat' dir='ltr'><strong>liliatio-</strong></span> 
     </span>
    </p>
   </div>
   <div class='ocr_carea' id='block_1_7' title="bbox 122 272 906 307">
    <p class='ocr_par' dir='ltr' id='par_1_7' title="bbox 122 272 906 307">
     <span class='ocr_line' id='line_1_7' title="bbox 122 272 906 307; baseline 0.001 -8"><span class='ocrx_word' id='word_1_29' title='bbox 122 280 183 299; x_wconf 86' lang='lat' dir='ltr'><strong>nem</strong></span> <span class='ocrx_word' id='word_1_30' title='bbox 200 272 314 299; x_wconf 88' lang='lat' dir='ltr'><strong>obtinet.</strong></span> <span class='ocrx_word' id='word_1_31' title='bbox 327 286 363 291; x_wconf 89' lang='lat'><strong><em>—</em></strong></span> <span class='ocrx_word' id='word_1_32' title='bbox 376 272 437 298; x_wconf 80' lang='lat' dir='ltr'><strong>Alia</strong></span> <span class='ocrx_word' id='word_1_33' title='bbox 456 272 544 299; x_wconf 82' lang='lat' dir='ltr'><strong>modo.</strong></span> <span class='ocrx_word' id='word_1_34' title='bbox 562 272 629 299; x_wconf 93' lang='lat' dir='ltr'><strong>lllud</strong></span> <span class='ocrx_word' id='word_1_35' title='bbox 644 273 754 307; x_wconf 87' lang='lat' dir='ltr'><strong>quidem</strong></span> <span class='ocrx_word' id='word_1_36' title='bbox 769 282 776 300; x_wconf 90' lang='lat'>:</span> <span class='ocrx_word' id='word_1_37' title='bbox 793 283 802 298; x_wconf 74' lang='grc' dir='ltr'><strong>ε</strong></span> <span class='ocrx_word' id='word_1_38' title='bbox 820 273 906 306; x_wconf 85' lang='lat' dir='ltr'><strong>Quem</strong></span> 
     </span>
    </p>
   </div>
   <div class='ocr_carea' id='block_1_8' title="bbox 122 318 905 353">
    <p class='ocr_par' dir='ltr' id='par_1_8' title="bbox 122 318 905 353">
     <span class='ocr_line' id='line_1_8' title="bbox 122 318 905 353; baseline 0.003 -8"><span class='ocrx_word' id='word_1_39' title='bbox 122 322 230 353; x_wconf 85' lang='lat' dir='ltr'><strong>oportet</strong></span> <span class='ocrx_word' id='word_1_40' title='bbox 245 318 359 352; x_wconf 85' lang='lat' dir='ltr'><strong>suscipi,</strong></span> <span class='ocrx_word' id='word_1_41' title='bbox 378 328 386 344; x_wconf 76' lang='grc' dir='ltr'><strong><em>ι</em></strong></span> <span class='ocrx_word' id='word_1_42' title='bbox 402 319 521 352; x_wconf 91' lang='lat' dir='ltr'><strong>positum</strong></span> <span class='ocrx_word' id='word_1_43' title='bbox 537 323 580 346; x_wconf 88' lang='lat' dir='ltr'><strong>est</strong></span> <span class='ocrx_word' id='word_1_44' title='bbox 592 327 623 346; x_wconf 89' lang='lat' dir='ltr'><strong>ac</strong></span> <span class='ocrx_word' id='word_1_45' title='bbox 636 320 658 346; x_wconf 92' lang='lat' dir='ltr'><strong>si</strong></span> <span class='ocrx_word' id='word_1_46' title='bbox 675 319 817 347; x_wconf 72' lang='lat' dir='ltr'><strong>diceretur</strong></span> <span class='ocrx_word' id='word_1_47' title='bbox 831 330 837 346; x_wconf 88' lang='lat'><strong><em>:</em></strong></span> <span class='ocrx_word' id='word_1_48' title='bbox 852 319 905 347; x_wconf 84' lang='lat' dir='ltr'><strong>Ne-</strong></span> 
     </span>
    </p>
   </div>
   <div class='ocr_carea' id='block_1_9' title="bbox 963 229 1764 265">
    <p class='ocr_par' dir='ltr' id='par_1_9' title="bbox 963 229 1764 265">
     <span class='ocr_line' id='line_1_9' title="bbox 963 229 1764 265; baseline 0.006 -11"><span class='ocrx_word' id='word_1_49' title='bbox 963 229 1166 261; x_wconf 80' lang='grc' dir='ltr'>καταστάσεως,</span> <span class='ocrx_word' id='word_1_50' title='bbox 1184 238 1193 255; x_wconf 73' lang='grc' dir='ltr'><strong>ι</strong></span> <span class='ocrx_word' id='word_1_51' title='bbox 1213 230 1264 265; x_wconf 85' lang='grc' dir='ltr'>τὴν</span> <span class='ocrx_word' id='word_1_52' title='bbox 1292 231 1381 257; x_wconf 79' lang='grc' dir='ltr'>αἰτίαν</span> <span class='ocrx_word' id='word_1_53' title='bbox 1406 231 1492 265; x_wconf 82' lang='grc' dir='ltr'>δηλοῖ,</span> <span class='ocrx_word' id='word_1_54' title='bbox 1520 232 1602 259; x_wconf 79' lang='grc' dir='ltr'>διὰτί</span> <span class='ocrx_word' id='word_1_55' title='bbox 1622 233 1674 260; x_wconf 82' lang='grc' dir='ltr'>νῦν</span> <span class='ocrx_word' id='word_1_56' title='bbox 1707 233 1764 259; x_wconf 82' lang='grc' dir='ltr'>οὐκ</span> 
     </span>
    </p>
   </div>
   <div class='ocr_carea' id='block_1_10' title="bbox 962 273 1766 314">
    <p class='ocr_par' dir='ltr' id='par_1_10' title="bbox 962 273 1766 314">
     <span class='ocr_line' id='line_1_10' title="bbox 962 273 1766 314; baseline 0.004 -14"><span class='ocrx_word' id='word_1_57' title='bbox 962 273 1003 300; x_wconf 74' lang='grc' dir='ltr'>ἔτι</span> <span class='ocrx_word' id='word_1_58' title='bbox 1015 275 1133 309; x_wconf 77' lang='grc' dir='ltr'>ἔρχεται.</span> <span class='ocrx_word' id='word_1_59' title='bbox 1143 275 1379 311; x_wconf 77' lang='grc' dir='ltr'>Ἀποκαταστῆναι</span> <span class='ocrx_word' id='word_1_60' title='bbox 1393 277 1444 309; x_wconf 78' lang='grc' dir='ltr'>δεῖ,</span> <span class='ocrx_word' id='word_1_61' title='bbox 1461 278 1539 314; x_wconf 71' lang='grc' dir='ltr'>φησὶ,</span> <span class='ocrx_word' id='word_1_62' title='bbox 1551 279 1598 305; x_wconf 76' lang='grc' dir='ltr'><strong>καὶ</strong></span> <span class='ocrx_word' id='word_1_63' title='bbox 1611 279 1652 310; x_wconf 72' lang='grc' dir='ltr'><strong>εἰς</strong></span> <span class='ocrx_word' id='word_1_64' title='bbox 1663 277 1766 313; x_wconf 80' lang='grc' dir='ltr'>πέρας</span> 
     </span>
    </p>
   </div>
   <div class='ocr_carea' id='block_1_11' title="bbox 961 320 1494 354">
    <p class='ocr_par' dir='ltr' id='par_1_11' title="bbox 961 320 1494 354">
     <span class='ocr_line' id='line_1_11' title="bbox 961 320 1494 354; baseline 0.008 -8"><span class='ocrx_word' id='word_1_65' title='bbox 961 320 1049 347; x_wconf 77' lang='grc' dir='ltr'>ἐλθεῖν</span> <span class='ocrx_word' id='word_1_66' title='bbox 1070 321 1189 354; x_wconf 73' lang='grc' dir='ltr'>ἅπαντα,</span> <span class='ocrx_word' id='word_1_67' title='bbox 1208 324 1256 348; x_wconf 76' lang='grc' dir='ltr'>καὶ</span> <span class='ocrx_word' id='word_1_68' title='bbox 1266 322 1327 348; x_wconf 84' lang='grc' dir='ltr'>τότε</span> <span class='ocrx_word' id='word_1_69' title='bbox 1343 323 1494 350; x_wconf 78' lang='grc' dir='ltr'>ἐλεύσεται.</span> 
     </span>
    </p>
   </div>
   <div class='ocr_carea' id='block_1_12' title="bbox 122 367 1766 407">
    <p class='ocr_par' dir='ltr' id='par_1_12' title="bbox 122 367 1766 407">
     <span class='ocr_line' id='line_1_12' title="bbox 122 367 1766 407; baseline 0.003 -14"><span class='ocrx_word' id='word_1_70' title='bbox 122 374 199 394; x_wconf 86' lang='lat' dir='ltr'><strong>cesse</strong></span> <span class='ocrx_word' id='word_1_71' title='bbox 224 371 266 394; x_wconf 88' lang='lat' dir='ltr'><strong>est</strong></span> <span class='ocrx_word' id='word_1_72' title='bbox 289 367 377 401; x_wconf 93' lang='lat' dir='ltr'><strong>ipsum</strong></span> <span class='ocrx_word' id='word_1_73' title='bbox 401 367 524 400; x_wconf 84' lang='lat' dir='ltr'><strong>suscipi,</strong></span> <span class='ocrx_word' id='word_1_74' title='bbox 547 371 575 393; x_wconf 92' lang='lat' dir='ltr'><strong>ut</strong></span> <span class='ocrx_word' id='word_1_75' title='bbox 590 367 637 401; x_wconf 85' lang='lat' dir='ltr'><strong>qui</strong></span> <span class='ocrx_word' id='word_1_76' title='bbox 661 375 727 394; x_wconf 86' lang='lat' dir='ltr'><strong>sane</strong></span> <span class='ocrx_word' id='word_1_77' title='bbox 754 368 827 395; x_wconf 81' lang='lat' dir='ltr'><strong>Dens</strong></span> <span class='ocrx_word' id='word_1_78' title='bbox 855 368 903 395; x_wconf 86' lang='lat' dir='ltr'><strong>sit.</strong></span> <span class='ocrx_word' id='word_1_79' title='bbox 921 368 1065 401; x_wconf 86' lang='lat' dir='ltr'><strong>Quomodo</strong></span> <span class='ocrx_word' id='word_1_80' title='bbox 1084 378 1150 405; x_wconf 72' lang='lat' dir='ltr'><strong>ergo</strong></span> <span class='ocrx_word' id='word_1_81' title='bbox 1173 378 1228 398; x_wconf 91' lang='lat' dir='ltr'><strong>non</strong></span> <span class='ocrx_word' id='word_1_82' title='bbox 1247 371 1327 404; x_wconf 81' lang='lat' dir='ltr'><strong>dixit,</strong></span> <span class='ocrx_word' id='word_1_83' title='bbox 1339 371 1425 404; x_wconf 86' lang='lat' dir='ltr'><strong>Quem</strong></span> <span class='ocrx_word' id='word_1_84' title='bbox 1465 372 1565 400; x_wconf 72' lang='lat' dir='ltr'><strong>caelum</strong></span> <span class='ocrx_word' id='word_1_85' title='bbox 1609 370 1766 407; x_wconf 70' lang='lat' dir='ltr'><strong>suscepit?</strong></span> 
     </span>
    </p>
   </div>
   <div class='ocr_carea' id='block_1_13' title="bbox 122 414 1764 454">
    <p class='ocr_par' dir='ltr' id='par_1_13' title="bbox 122 414 1764 454">
     <span class='ocr_line' id='line_1_13' title="bbox 122 414 1764 454; baseline 0.002 -14"><span class='ocrx_word' id='word_1_86' title='bbox 122 414 180 441; x_wconf 83' lang='lat' dir='ltr'><strong>Hoc</strong></span> <span class='ocrx_word' id='word_1_87' title='bbox 218 418 347 448; x_wconf 85' lang='lat' dir='ltr'><strong>tanquam</strong></span> <span class='ocrx_word' id='word_1_88' title='bbox 389 414 422 440; x_wconf 89' lang='lat' dir='ltr'><strong>de</strong></span> <span class='ocrx_word' id='word_1_89' title='bbox 449 415 639 449; x_wconf 74' lang='lat' dir='ltr'><strong>superiOribus</strong></span> <span class='ocrx_word' id='word_1_90' title='bbox 674 416 845 449; x_wconf 84' lang='lat' dir='ltr'><strong>temporibus</strong></span> <span class='ocrx_word' id='word_1_91' title='bbox 869 416 1010 444; x_wconf 70' lang='lat' dir='ltr'><strong>dissurens</strong></span> <span class='ocrx_word' id='word_1_92' title='bbox 1039 417 1169 452; x_wconf 81' lang='lat' dir='ltr'><strong>loquitur.</strong></span> <span class='ocrx_word' id='word_1_93' title='bbox 1203 418 1336 446; x_wconf 66' lang='lat' dir='ltr'><strong>(laterum</strong></span> <span class='ocrx_word' id='word_1_94' title='bbox 1363 419 1436 454; x_wconf 89' lang='lat' dir='ltr'><strong>quod</strong></span> <span class='ocrx_word' id='word_1_95' title='bbox 1466 420 1526 446; x_wconf 85' lang='lat' dir='ltr'><strong>ait:</strong></span> <span class='ocrx_word' id='word_1_96' title='bbox 1566 428 1575 445; x_wconf 75' lang='grc' dir='ltr'><strong>ι</strong></span> <span class='ocrx_word' id='word_1_97' title='bbox 1594 418 1691 454; x_wconf 89' lang='lat' dir='ltr'><strong>Usque</strong></span> <span class='ocrx_word' id='word_1_98' title='bbox 1724 418 1764 445; x_wconf 85' lang='lat' dir='ltr'><strong>ad</strong></span> 
     </span>
    </p>
   </div>
   <div class='ocr_carea' id='block_1_14' title="bbox 124 461 1764 502">
    <p class='ocr_par' dir='ltr' id='par_1_14' title="bbox 124 461 1764 502">
     <span class='ocr_line' id='line_1_14' title="bbox 124 461 1764 502; baseline 0.003 -15"><span class='ocrx_word' id='word_1_99' title='bbox 124 468 244 496; x_wconf 84' lang='lat' dir='ltr'><strong>tempora</strong></span> <span class='ocrx_word' id='word_1_100' title='bbox 260 461 477 493; x_wconf 72' lang='lat' dir='ltr'><strong>inStaurationis,</strong></span> <span class='ocrx_word' id='word_1_101' title='bbox 494 471 503 486; x_wconf 79' lang='grc' dir='ltr'><strong>ι</strong></span> <span class='ocrx_word' id='word_1_102' title='bbox 517 469 629 488; x_wconf 81' lang='lat' dir='ltr'><strong>causam</strong></span> <span class='ocrx_word' id='word_1_103' title='bbox 644 462 802 489; x_wconf 75' lang='lat' dir='ltr'><strong>manifestat</strong></span> <span class='ocrx_word' id='word_1_104' title='bbox 817 471 903 496; x_wconf 84' lang='lat' dir='ltr'><strong>quare</strong></span> <span class='ocrx_word' id='word_1_105' title='bbox 922 471 996 491; x_wconf 90' lang='lat' dir='ltr'><strong>nunc</strong></span> <span class='ocrx_word' id='word_1_106' title='bbox 1013 464 1103 493; x_wconf 87' lang='lat' dir='ltr'><strong>adhuc</strong></span> <span class='ocrx_word' id='word_1_107' title='bbox 1121 473 1177 492; x_wconf 88' lang='lat' dir='ltr'><strong>non</strong></span> <span class='ocrx_word' id='word_1_108' title='bbox 1194 466 1298 493; x_wconf 77' lang='lat' dir='ltr'><strong>veniat.</strong></span> <span class='ocrx_word' id='word_1_109' title='bbox 1318 465 1442 502; x_wconf 88' lang='lat' dir='ltr'><strong>Oportet,</strong></span> <span class='ocrx_word' id='word_1_110' title='bbox 1461 467 1562 502; x_wconf 92' lang='lat' dir='ltr'><strong>inquit,</strong></span> <span class='ocrx_word' id='word_1_111' title='bbox 1600 466 1764 494; x_wconf 64' lang='lat' dir='ltr'><strong>instaurari</strong></span> 
     </span>
    </p>
   </div>
   <div class='ocr_carea' id='block_1_15' title="bbox 122 508 860 540">
    <p class='ocr_par' dir='ltr' id='par_1_15' title="bbox 122 508 860 540">
     <span class='ocr_line' id='line_1_15' title="bbox 122 508 860 540; baseline 0 -5"><span class='ocrx_word' id='word_1_112' title='bbox 122 514 149 536; x_wconf 89' lang='lat' dir='ltr'><strong>et</strong></span> <span class='ocrx_word' id='word_1_113' title='bbox 162 508 193 535; x_wconf 88' lang='lat' dir='ltr'><strong>ad</strong></span> <span class='ocrx_word' id='word_1_114' title='bbox 211 508 356 535; x_wconf 88' lang='lat' dir='ltr'><strong>terminutn</strong></span> <span class='ocrx_word' id='word_1_115' title='bbox 374 509 468 534; x_wconf 83' lang='lat' dir='ltr'><strong>venire</strong></span> <span class='ocrx_word' id='word_1_116' title='bbox 481 509 620 540; x_wconf 77' lang='lat' dir='ltr'><strong>universa,</strong></span> <span class='ocrx_word' id='word_1_117' title='bbox 637 512 664 534; x_wconf 85' lang='lat' dir='ltr'><strong>et</strong></span> <span class='ocrx_word' id='word_1_118' title='bbox 681 513 746 534; x_wconf 84' lang='lat' dir='ltr'><strong>tunc</strong></span> <span class='ocrx_word' id='word_1_119' title='bbox 761 509 860 535; x_wconf 91' lang='lat' dir='ltr'><strong>veniet.</strong></span> 
     </span>
    </p>
   </div>
   <div class='ocr_carea' id='block_1_16' title="bbox 158 551 910 587">
    <p class='ocr_par' dir='ltr' id='par_1_16' title="bbox 158 551 910 587">
     <span class='ocr_line' id='line_1_16' title="bbox 158 551 910 587; baseline -0.001 -8"><span class='ocrx_word' id='word_1_120' title='bbox 158 553 199 582; x_wconf 90' lang='lat' dir='ltr'><strong>lll.</strong></span> <span class='ocrx_word' id='word_1_121' title='bbox 220 553 263 582; x_wconf 77' lang='lat'><strong>22.</strong></span> <span class='ocrx_word' id='word_1_122' title='bbox 279 552 323 578; x_wconf 75' lang='grc'><strong>23.</strong></span> <span class='ocrx_word' id='word_1_123' title='bbox 349 561 358 576; x_wconf 77' lang='grc' dir='ltr'><strong>ε</strong></span> <span class='ocrx_word' id='word_1_124' title='bbox 378 551 468 578; x_wconf 82' lang='lat' dir='ltr'><strong>Moses</strong></span> <span class='ocrx_word' id='word_1_125' title='bbox 486 552 622 586; x_wconf 82' lang='lat' dir='ltr'><strong>siquidem</strong></span> <span class='ocrx_word' id='word_1_126' title='bbox 647 551 680 578; x_wconf 88' lang='lat' dir='ltr'><strong>ad</strong></span> <span class='ocrx_word' id='word_1_127' title='bbox 704 559 795 587; x_wconf 87' lang='lat' dir='ltr'><strong>patres</strong></span> <span class='ocrx_word' id='word_1_128' title='bbox 818 552 910 580; x_wconf 81' lang='lat' dir='ltr'><strong>dixit:</strong></span> 
     </span>
    </p>
   </div>
   <div class='ocr_carea' id='block_1_17' title="bbox 126 598 912 631">
    <p class='ocr_par' dir='ltr' id='par_1_17' title="bbox 126 598 912 631">
     <span class='ocr_line' id='line_1_17' title="bbox 126 598 912 631; baseline 0.001 -7"><span class='ocrx_word' id='word_1_129' title='bbox 126 608 136 624; x_wconf 85' lang='grc'><em>‹</em></span> <span class='ocrx_word' id='word_1_130' title='bbox 156 598 318 631; x_wconf 86' lang='lat' dir='ltr'><strong>Prophetam</strong></span> <span class='ocrx_word' id='word_1_131' title='bbox 334 598 482 624; x_wconf 85' lang='lat' dir='ltr'><strong>suscitabit</strong></span> <span class='ocrx_word' id='word_1_132' title='bbox 495 598 573 625; x_wconf 84' lang='lat' dir='ltr'><strong>vobis</strong></span> <span class='ocrx_word' id='word_1_133' title='bbox 589 598 721 625; x_wconf 86' lang='lat' dir='ltr'><strong>Dominus</strong></span> <span class='ocrx_word' id='word_1_134' title='bbox 736 599 808 626; x_wconf 88' lang='lat' dir='ltr'><strong>Deus</strong></span> <span class='ocrx_word' id='word_1_135' title='bbox 819 603 912 626; x_wconf 89' lang='lat' dir='ltr'><strong>uoster</strong></span> 
     </span>
    </p>
   </div>
   <div class='ocr_carea' id='block_1_18' title="bbox 125 643 912 679">
    <p class='ocr_par' dir='ltr' id='par_1_18' title="bbox 125 643 912 679">
     <span class='ocr_line' id='line_1_18' title="bbox 125 643 912 679; baseline 0.001 -9"><span class='ocrx_word' id='word_1_136' title='bbox 125 654 136 670; x_wconf 84' lang='grc'><em>‹</em></span> <span class='ocrx_word' id='word_1_137' title='bbox 156 653 171 671; x_wconf 90' lang='lat' dir='ltr'><strong>e</strong></span> <span class='ocrx_word' id='word_1_138' title='bbox 187 643 320 671; x_wconf 72' lang='lat' dir='ltr'><strong>fratribus</strong></span> <span class='ocrx_word' id='word_1_139' title='bbox 339 644 439 671; x_wconf 76' lang='lat' dir='ltr'><strong>vestris</strong></span> <span class='ocrx_word' id='word_1_140' title='bbox 460 645 513 671; x_wconf 93' lang='lat' dir='ltr'><strong>mei</strong></span> <span class='ocrx_word' id='word_1_141' title='bbox 532 644 649 671; x_wconf 84' lang='lat' dir='ltr'><strong>similem</strong></span> <span class='ocrx_word' id='word_1_142' title='bbox 666 653 672 671; x_wconf 93' lang='lat'><strong>:</strong></span> <span class='ocrx_word' id='word_1_143' title='bbox 688 644 778 679; x_wconf 89' lang='lat' dir='ltr'><strong>ipsutu</strong></span> <span class='ocrx_word' id='word_1_144' title='bbox 792 644 912 672; x_wconf 79' lang='lat' dir='ltr'><strong>audietis</strong></span> 
     </span>
    </p>
   </div>
   <div class='ocr_carea' id='block_1_19' title="bbox 125 689 913 724">
    <p class='ocr_par' dir='ltr' id='par_1_19' title="bbox 125 689 913 724">
     <span class='ocr_line' id='line_1_19' title="bbox 125 689 913 724; baseline 0.001 -8"><span class='ocrx_word' id='word_1_145' title='bbox 125 699 135 716; x_wconf 73' lang='grc' dir='ltr'><strong>ι</strong></span> <span class='ocrx_word' id='word_1_146' title='bbox 152 689 230 723; x_wconf 78' lang='lat' dir='ltr'><strong>juxta</strong></span> <span class='ocrx_word' id='word_1_147' title='bbox 242 690 334 716; x_wconf 86' lang='lat' dir='ltr'><strong>omnia</strong></span> <span class='ocrx_word' id='word_1_148' title='bbox 353 697 415 724; x_wconf 70' lang='lat' dir='ltr'><strong>quae</strong></span> <span class='ocrx_word' id='word_1_149' title='bbox 429 690 540 717; x_wconf 89' lang='lat' dir='ltr'><strong>locutus</strong></span> <span class='ocrx_word' id='word_1_150' title='bbox 557 689 640 716; x_wconf 79' lang='lat' dir='ltr'><strong>fuerit</strong></span> <span class='ocrx_word' id='word_1_151' title='bbox 653 691 743 717; x_wconf 83' lang='lat' dir='ltr'><strong>vobis.</strong></span> <span class='ocrx_word' id='word_1_152' title='bbox 767 690 913 724; x_wconf 83' lang='lat' dir='ltr'><strong>Continget</strong></span> 
     </span>
    </p>
   </div>
   <div class='ocr_carea' id='block_1_20' title="bbox 125 735 913 772">
    <p class='ocr_par' dir='ltr' id='par_1_20' title="bbox 125 735 913 772">
     <span class='ocr_line' id='line_1_20' title="bbox 125 735 913 772; baseline 0.003 -10"><span class='ocrx_word' id='word_1_153' title='bbox 125 745 136 762; x_wconf 74' lang='grc' dir='ltr'>ι</span> <span class='ocrx_word' id='word_1_154' title='bbox 156 739 249 763; x_wconf 85' lang='lat' dir='ltr'><strong>autem</strong></span> <span class='ocrx_word' id='word_1_155' title='bbox 266 744 273 762; x_wconf 73' lang='grc' dir='ltr'><strong>ε</strong></span> <span class='ocrx_word' id='word_1_156' title='bbox 289 735 385 763; x_wconf 87' lang='lat' dir='ltr'><strong>Omnis</strong></span> <span class='ocrx_word' id='word_1_157' title='bbox 406 735 498 762; x_wconf 86' lang='lat' dir='ltr'><strong>anima</strong></span> <span class='ocrx_word' id='word_1_158' title='bbox 514 743 574 770; x_wconf 59' lang='lat' dir='ltr'><strong>qua:</strong></span> <span class='ocrx_word' id='word_1_159' title='bbox 589 743 644 763; x_wconf 86' lang='lat' dir='ltr'><strong>non</strong></span> <span class='ocrx_word' id='word_1_160' title='bbox 661 737 778 764; x_wconf 82' lang='lat' dir='ltr'><strong>audierit</strong></span> <span class='ocrx_word' id='word_1_161' title='bbox 794 737 913 772; x_wconf 87' lang='lat' dir='ltr'><strong>prophe-</strong></span> 
     </span>
    </p>
   </div>
   <div class='ocr_carea' id='block_1_21' title="bbox 127 781 741 815">
    <p class='ocr_par' dir='ltr' id='par_1_21' title="bbox 127 781 741 815">
     <span class='ocr_line' id='line_1_21' title="bbox 127 781 741 815; baseline 0 -9"><span class='ocrx_word' id='word_1_162' title='bbox 127 790 137 806; x_wconf 87' lang='grc'><strong>‹</strong></span> <span class='ocrx_word' id='word_1_163' title='bbox 160 785 215 807; x_wconf 87' lang='lat' dir='ltr'><strong>tam</strong></span> <span class='ocrx_word' id='word_1_164' title='bbox 231 781 320 811; x_wconf 91' lang='lat' dir='ltr'><strong>illutn,</strong></span> <span class='ocrx_word' id='word_1_165' title='bbox 331 781 560 807; x_wconf 77' lang='lat' dir='ltr'><strong>exterminabitur</strong></span> <span class='ocrx_word' id='word_1_166' title='bbox 572 788 586 807; x_wconf 91' lang='lat' dir='ltr'><strong>e</strong></span> <span class='ocrx_word' id='word_1_167' title='bbox 597 781 708 815; x_wconf 89' lang='lat' dir='ltr'><strong>populo.</strong></span> <span class='ocrx_word' id='word_1_168' title='bbox 733 790 741 806; x_wconf 73' lang='grc' dir='ltr'><strong><em>ι</em></strong></span> 
     </span>
    </p>
   </div>
   <div class='ocr_carea' id='block_1_22' title="bbox 159 825 913 860">
    <p class='ocr_par' dir='ltr' id='par_1_22' title="bbox 159 825 913 860">
     <span class='ocr_line' id='line_1_22' title="bbox 159 825 913 860; baseline 0.001 -7"><span class='ocrx_word' id='word_1_169' title='bbox 159 826 232 860; x_wconf 87' lang='lat' dir='ltr'><strong>Quid</strong></span> <span class='ocrx_word' id='word_1_170' title='bbox 245 826 309 853; x_wconf 90' lang='lat' dir='ltr'><strong>illud</strong></span> <span class='ocrx_word' id='word_1_171' title='bbox 324 830 377 858; x_wconf 82' lang='lat' dir='ltr'><strong>est,</strong></span> <span class='ocrx_word' id='word_1_172' title='bbox 390 825 441 853; x_wconf 87' lang='lat' dir='ltr'><strong>Mei</strong></span> <span class='ocrx_word' id='word_1_173' title='bbox 456 826 592 853; x_wconf 79' lang='lat' dir='ltr'><strong>similem?</strong></span> <span class='ocrx_word' id='word_1_174' title='bbox 604 825 732 853; x_wconf 83' lang='lat' dir='ltr'><strong>Nascitur</strong></span> <span class='ocrx_word' id='word_1_175' title='bbox 741 827 869 854; x_wconf 88' lang='lat' dir='ltr'><strong>Christus</strong></span> <span class='ocrx_word' id='word_1_176' title='bbox 887 827 913 854; x_wconf 91' lang='lat' dir='ltr'><strong>in</strong></span> 
     </span>
    </p>
   </div>
   <div class='ocr_carea' id='block_1_23' title="bbox 123 870 913 906">
    <p class='ocr_par' dir='ltr' id='par_1_23' title="bbox 123 870 913 906">
     <span class='ocr_line' id='line_1_23' title="bbox 123 870 913 906; baseline 0.003 -8"><span class='ocrx_word' id='word_1_177' title='bbox 123 871 284 899; x_wconf 59' lang='lat' dir='ltr'><strong>Bethlehem</strong></span> <span class='ocrx_word' id='word_1_178' title='bbox 297 892 305 905; x_wconf 97' lang='lat'><strong>,</strong></span> <span class='ocrx_word' id='word_1_179' title='bbox 337 876 363 898; x_wconf 85' lang='lat' dir='ltr'><strong>et</strong></span> <span class='ocrx_word' id='word_1_180' title='bbox 382 870 472 898; x_wconf 87' lang='lat' dir='ltr'><strong>Moses</strong></span> <span class='ocrx_word' id='word_1_181' title='bbox 499 871 528 898; x_wconf 94' lang='lat' dir='ltr'><strong>in</strong></span> <span class='ocrx_word' id='word_1_182' title='bbox 547 871 666 906; x_wconf 65' lang='lat' dir='ltr'><strong>Egypto</strong></span> <span class='ocrx_word' id='word_1_183' title='bbox 682 881 689 899; x_wconf 86' lang='lat'><strong>:</strong></span> <span class='ocrx_word' id='word_1_184' title='bbox 707 873 751 899; x_wconf 90' lang='lat' dir='ltr'><strong>ille</strong></span> <span class='ocrx_word' id='word_1_185' title='bbox 770 873 913 905; x_wconf 84' lang='lat' dir='ltr'><strong>Israelita,</strong></span> 
     </span>
    </p>
   </div>
   <div class='ocr_carea' id='block_1_24' title="bbox 123 917 915 953">
    <p class='ocr_par' dir='ltr' id='par_1_24' title="bbox 123 917 915 953">
     <span class='ocr_line' id='line_1_24' title="bbox 123 917 915 953; baseline 0 -8"><span class='ocrx_word' id='word_1_186' title='bbox 123 919 196 945; x_wconf 84' lang='lat' dir='ltr'><strong>sicut</strong></span> <span class='ocrx_word' id='word_1_187' title='bbox 220 917 302 944; x_wconf 87' lang='lat' dir='ltr'><strong>etiam</strong></span> <span class='ocrx_word' id='word_1_188' title='bbox 327 917 471 951; x_wconf 83' lang='lat' dir='ltr'><strong>hic,juxta</strong></span> <span class='ocrx_word' id='word_1_189' title='bbox 495 924 604 944; x_wconf 81' lang='lat' dir='ltr'><strong>carnem</strong></span> <span class='ocrx_word' id='word_1_190' title='bbox 623 917 690 944; x_wconf 87' lang='lat' dir='ltr'><strong>:ille</strong></span> <span class='ocrx_word' id='word_1_191' title='bbox 711 925 726 945; x_wconf 85' lang='lat' dir='ltr'><strong>e</strong></span> <span class='ocrx_word' id='word_1_192' title='bbox 744 926 845 953; x_wconf 77' lang='lat' dir='ltr'><strong>genere</strong></span> <span class='ocrx_word' id='word_1_193' title='bbox 870 926 915 945; x_wconf 88' lang='lat' dir='ltr'><strong>sa-</strong></span> 
     </span>
    </p>
   </div>
   <div class='ocr_carea' id='block_1_25' title="bbox 123 963 913 1001">
    <p class='ocr_par' dir='ltr' id='par_1_25' title="bbox 123 963 913 1001">
     <span class='ocr_line' id='line_1_25' title="bbox 123 963 913 1001; baseline 0.001 -10"><span class='ocrx_word' id='word_1_194' title='bbox 123 963 269 994; x_wconf 78' lang='lat' dir='ltr'><strong>cerdotali,</strong></span> <span class='ocrx_word' id='word_1_195' title='bbox 291 963 375 990; x_wconf 83' lang='lat' dir='ltr'><strong>veluti</strong></span> <span class='ocrx_word' id='word_1_196' title='bbox 396 963 522 990; x_wconf 91' lang='lat' dir='ltr'><strong>Christus</strong></span> <span class='ocrx_word' id='word_1_197' title='bbox 542 971 575 990; x_wconf 83' lang='lat' dir='ltr'><strong>ex</strong></span> <span class='ocrx_word' id='word_1_198' title='bbox 594 963 679 991; x_wconf 83' lang='lat' dir='ltr'><strong>David</strong></span> <span class='ocrx_word' id='word_1_199' title='bbox 696 971 808 1000; x_wconf 82' lang='lat' dir='ltr'><strong>propter</strong></span> <span class='ocrx_word' id='word_1_200' title='bbox 821 965 913 1001; x_wconf 77' lang='lat' dir='ltr'><strong>Virgi-</strong></span> 
     </span>
    </p>
   </div>
   <div class='ocr_carea' id='block_1_26' title="bbox 122 1008 911 1044">
    <p class='ocr_par' dir='ltr' id='par_1_26' title="bbox 122 1008 911 1044">
     <span class='ocr_line' id='line_1_26' title="bbox 122 1008 911 1044; baseline 0.005 -8"><span class='ocrx_word' id='word_1_201' title='bbox 122 1017 186 1036; x_wconf 90' lang='lat' dir='ltr'><strong>nem</strong></span> <span class='ocrx_word' id='word_1_202' title='bbox 210 1008 340 1036; x_wconf 83' lang='lat' dir='ltr'><strong>:Pharao</strong></span> <span class='ocrx_word' id='word_1_203' title='bbox 365 1009 441 1035; x_wconf 90' lang='lat' dir='ltr'><strong>illum</strong></span> <span class='ocrx_word' id='word_1_204' title='bbox 459 1010 648 1044; x_wconf 83' lang='lat' dir='ltr'><strong>persequitur,</strong></span> <span class='ocrx_word' id='word_1_205' title='bbox 675 1011 748 1039; x_wconf 93' lang='lat' dir='ltr'><strong>hunc</strong></span> <span class='ocrx_word' id='word_1_206' title='bbox 771 1011 911 1040; x_wconf 85' lang='lat' dir='ltr'><strong>Herodes:</strong></span> 
     </span>
    </p>
   </div>
   <div class='ocr_carea' id='block_1_27' title="bbox 124 1054 912 1091">
    <p class='ocr_par' dir='ltr' id='par_1_27' title="bbox 124 1054 912 1091">
     <span class='ocr_line' id='line_1_27' title="bbox 124 1054 912 1091; baseline 0.008 -11"><span class='ocrx_word' id='word_1_207' title='bbox 124 1054 244 1081; x_wconf 80' lang='lat' dir='ltr'><strong>infantes</strong></span> <span class='ocrx_word' id='word_1_208' title='bbox 268 1054 370 1081; x_wconf 78' lang='lat' dir='ltr'><strong>occidit</strong></span> <span class='ocrx_word' id='word_1_209' title='bbox 394 1055 449 1088; x_wconf 79' lang='lat' dir='ltr'><strong>ille,</strong></span> <span class='ocrx_word' id='word_1_210' title='bbox 471 1055 591 1083; x_wconf 78' lang='lat' dir='ltr'><strong>infantes</strong></span> <span class='ocrx_word' id='word_1_211' title='bbox 605 1062 633 1083; x_wconf 88' lang='lat' dir='ltr'><strong>et</strong></span> <span class='ocrx_word' id='word_1_212' title='bbox 652 1056 696 1084; x_wconf 91' lang='lat' dir='ltr'><strong>hic</strong></span> <span class='ocrx_word' id='word_1_213' title='bbox 719 1058 868 1091; x_wconf 85' lang='lat' dir='ltr'><strong>interemit,</strong></span> <span class='ocrx_word' id='word_1_214' title='bbox 885 1063 912 1086; x_wconf 84' lang='lat' dir='ltr'><strong>et</strong></span> 
     </span>
    </p>
   </div>
   <div class='ocr_carea' id='block_1_28' title="bbox 123 1099 913 1139">
    <p class='ocr_par' dir='ltr' id='par_1_28' title="bbox 123 1099 913 1139">
     <span class='ocr_line' id='line_1_28' title="bbox 123 1099 913 1139; baseline 0.008 -13"><span class='ocrx_word' id='word_1_215' title='bbox 123 1103 238 1134; x_wconf 88' lang='lat' dir='ltr'><strong>uterque</strong></span> <span class='ocrx_word' id='word_1_216' title='bbox 259 1099 398 1127; x_wconf 80' lang='lat' dir='ltr'><strong>masculos</strong></span> <span class='ocrx_word' id='word_1_217' title='bbox 416 1107 485 1135; x_wconf 88' lang='lat' dir='ltr'><strong>:per</strong></span> <span class='ocrx_word' id='word_1_218' title='bbox 502 1105 617 1128; x_wconf 84' lang='lat' dir='ltr'><strong>matrem</strong></span> <span class='ocrx_word' id='word_1_219' title='bbox 636 1108 763 1129; x_wconf 76' lang='lat' dir='ltr'><strong>servatur</strong></span> <span class='ocrx_word' id='word_1_220' title='bbox 786 1103 841 1135; x_wconf 91' lang='lat' dir='ltr'><strong>ille,</strong></span> <span class='ocrx_word' id='word_1_221' title='bbox 865 1112 913 1139; x_wconf 88' lang='lat' dir='ltr'><strong>per</strong></span> 
     </span>
    </p>
   </div>
   <div class='ocr_carea' id='block_1_29' title="bbox 122 1141 910 1178">
    <p class='ocr_par' dir='ltr' id='par_1_29' title="bbox 122 1141 910 1178">
     <span class='ocr_line' id='line_1_29' title="bbox 122 1141 910 1178; baseline 0.005 -4"><span class='ocrx_word' id='word_1_222' title='bbox 122 1151 238 1174; x_wconf 83' lang='lat' dir='ltr'><strong>matrem</strong></span> <span class='ocrx_word' id='word_1_223' title='bbox 255 1151 283 1174; x_wconf 88' lang='lat' dir='ltr'><strong>et</strong></span> <span class='ocrx_word' id='word_1_224' title='bbox 304 1154 366 1174; x_wconf 89' lang='lat' dir='ltr'><strong>cum</strong></span> <span class='ocrx_word' id='word_1_225' title='bbox 408 1151 496 1174; x_wconf 82' lang='lat' dir='ltr'><strong>matre</strong></span> <span class='ocrx_word' id='word_1_226' title='bbox 526 1152 652 1176; x_wconf 88' lang='lat' dir='ltr'><strong>servatus</strong></span> <span class='ocrx_word' id='word_1_227' title='bbox 674 1153 716 1176; x_wconf 86' lang='lat' dir='ltr'><strong>est</strong></span> <span class='ocrx_word' id='word_1_228' title='bbox 746 1141 777 1177; x_wconf 34' lang='lat' dir='ltr'><strong>ct.</strong></span> <span class='ocrx_word' id='word_1_229' title='bbox 800 1149 844 1177; x_wconf 91' lang='lat' dir='ltr'><strong>hic</strong></span> <span class='ocrx_word' id='word_1_230' title='bbox 861 1160 868 1178; x_wconf 84' lang='lat'><strong>:</strong></span> <span class='ocrx_word' id='word_1_231' title='bbox 884 1150 910 1178; x_wconf 90' lang='lat' dir='ltr'><strong>in</strong></span> 
     </span>
    </p>
   </div>
   <div class='ocr_carea' id='block_1_30' title="bbox 122 1192 911 1227">
    <p class='ocr_par' dir='ltr' id='par_1_30' title="bbox 122 1192 911 1227">
     <span class='ocr_line' id='line_1_30' title="bbox 122 1192 911 1227; baseline 0.006 -9"><span class='ocrx_word' id='word_1_232' title='bbox 122 1193 236 1227; x_wconf 83' lang='lat' dir='ltr'><strong>capsula</strong></span> <span class='ocrx_word' id='word_1_233' title='bbox 260 1193 305 1220; x_wconf 92' lang='lat' dir='ltr'><strong>illc</strong></span> <span class='ocrx_word' id='word_1_234' title='bbox 327 1197 354 1219; x_wconf 86' lang='lat' dir='ltr'><strong>et</strong></span> <span class='ocrx_word' id='word_1_235' title='bbox 377 1193 411 1219; x_wconf 85' lang='lat' dir='ltr'><strong>ad</strong></span> <span class='ocrx_word' id='word_1_236' title='bbox 445 1193 531 1227; x_wconf 85' lang='lat' dir='ltr'><strong>ripam</strong></span> <span class='ocrx_word' id='word_1_237' title='bbox 558 1192 692 1226; x_wconf 78' lang='lat' dir='ltr'><strong>ﬂuminiS,</strong></span> <span class='ocrx_word' id='word_1_238' title='bbox 712 1195 757 1222; x_wconf 89' lang='lat' dir='ltr'><strong>hic</strong></span> <span class='ocrx_word' id='word_1_239' title='bbox 780 1196 862 1222; x_wconf 87' lang='lat' dir='ltr'><strong>etiam</strong></span> <span class='ocrx_word' id='word_1_240' title='bbox 884 1197 911 1223; x_wconf 92' lang='lat' dir='ltr'><strong>iu</strong></span> 
     </span>
    </p>
   </div>
   <div class='ocr_carea' id='block_1_31' title="bbox 122 1238 911 1274">
    <p class='ocr_par' dir='ltr' id='par_1_31' title="bbox 122 1238 911 1274">
     <span class='ocr_line' id='line_1_31' title="bbox 122 1238 911 1274; baseline 0.005 -9"><span class='ocrx_word' id='word_1_241' title='bbox 122 1238 196 1274; x_wconf 78' lang='lat' dir='ltr'><strong>Lyco</strong></span> <span class='ocrx_word' id='word_1_242' title='bbox 208 1238 318 1274; x_wconf 68' lang='lat' dir='ltr'><strong>Egypti</strong></span> <span class='ocrx_word' id='word_1_243' title='bbox 334 1240 533 1274; x_wconf 81' lang='lat' dir='ltr'><strong>civitatejuxla</strong></span> <span class='ocrx_word' id='word_1_244' title='bbox 548 1241 618 1267; x_wconf 84' lang='lat' dir='ltr'><strong>idem</strong></span> <span class='ocrx_word' id='word_1_245' title='bbox 632 1241 732 1268; x_wconf 89' lang='lat' dir='ltr'><strong>llumcn</strong></span> <span class='ocrx_word' id='word_1_246' title='bbox 748 1251 755 1268; x_wconf 85' lang='lat'><strong>:</strong></span> <span class='ocrx_word' id='word_1_247' title='bbox 772 1243 805 1269; x_wconf 84' lang='lat' dir='ltr'><strong>ab</strong></span> <span class='ocrx_word' id='word_1_248' title='bbox 822 1242 911 1269; x_wconf 73' lang='lat' dir='ltr'><strong>aI-icna</strong></span> 
     </span>
    </p>
   </div>
   <div class='ocr_carea' id='block_1_32' title="bbox 123 1287 909 1322">
    <p class='ocr_par' dir='ltr' id='par_1_32' title="bbox 123 1287 909 1322">
     <span class='ocr_line' id='line_1_32' title="bbox 123 1287 909 1322; baseline 0.004 -8"><span class='ocrx_word' id='word_1_249' title='bbox 123 1287 286 1322; x_wconf 77' lang='lat' dir='ltr'><strong>ille.nempe</strong></span> <span class='ocrx_word' id='word_1_250' title='bbox 302 1287 356 1314; x_wconf 88' lang='lat' dir='ltr'><strong>lilia</strong></span> <span class='ocrx_word' id='word_1_251' title='bbox 377 1288 543 1319; x_wconf 77' lang='lat' dir='ltr'><strong>Pharaonis,</strong></span> <span class='ocrx_word' id='word_1_252' title='bbox 566 1290 687 1316; x_wconf 88' lang='lat' dir='ltr'><strong>utttritus</strong></span> <span class='ocrx_word' id='word_1_253' title='bbox 708 1294 760 1320; x_wconf 83' lang='lat' dir='ltr'><strong>est,</strong></span> <span class='ocrx_word' id='word_1_254' title='bbox 779 1295 807 1316; x_wconf 90' lang='lat' dir='ltr'><strong>et</strong></span> <span class='ocrx_word' id='word_1_255' title='bbox 819 1290 864 1317; x_wconf 90' lang='lat' dir='ltr'><strong>hic</strong></span> <span class='ocrx_word' id='word_1_256' title='bbox 882 1292 909 1317; x_wconf 89' lang='lat' dir='ltr'><strong>in</strong></span> 
     </span>
    </p>
   </div>
   <div class='ocr_carea' id='block_1_33' title="bbox 123 1332 911 1367">
    <p class='ocr_par' dir='ltr' id='par_1_33' title="bbox 123 1332 911 1367">
     <span class='ocr_line' id='line_1_33' title="bbox 123 1332 911 1367; baseline 0.003 -9"><span class='ocrx_word' id='word_1_257' title='bbox 123 1332 212 1359; x_wconf 86' lang='lat' dir='ltr'><strong>aliena</strong></span> <span class='ocrx_word' id='word_1_258' title='bbox 226 1332 338 1359; x_wconf 81' lang='lat' dir='ltr'><strong>civitate</strong></span> <span class='ocrx_word' id='word_1_259' title='bbox 360 1340 422 1367; x_wconf 72' lang='lat' dir='ltr'><strong>qum</strong></span> <span class='ocrx_word' id='word_1_260' title='bbox 437 1332 574 1359; x_wconf 80' lang='lat' dir='ltr'><strong>Pharaoni</strong></span> <span class='ocrx_word' id='word_1_261' title='bbox 596 1333 719 1364; x_wconf 72' lang='lat' dir='ltr'><strong>subjecta</strong></span> <span class='ocrx_word' id='word_1_262' title='bbox 736 1332 833 1360; x_wconf 79' lang='lat' dir='ltr'><strong>fuerat.</strong></span> <span class='ocrx_word' id='word_1_263' title='bbox 847 1332 911 1360; x_wconf 65' lang='lat' dir='ltr'><strong>llmc</strong></span> 
     </span>
    </p>
   </div>
   <div class='ocr_carea' id='block_1_34' title="bbox 123 1376 909 1410">
    <p class='ocr_par' dir='ltr' id='par_1_34' title="bbox 123 1376 909 1410">
     <span class='ocr_line' id='line_1_34' title="bbox 123 1376 909 1410; baseline 0 -6"><span class='ocrx_word' id='word_1_264' title='bbox 123 1382 214 1404; x_wconf 84' lang='lat' dir='ltr'><strong>autem</strong></span> <span class='ocrx_word' id='word_1_265' title='bbox 224 1378 351 1409; x_wconf 80' lang='lat' dir='ltr'><strong>dixerim,</strong></span> <span class='ocrx_word' id='word_1_266' title='bbox 365 1385 419 1404; x_wconf 93' lang='lat' dir='ltr'><strong>non</strong></span> <span class='ocrx_word' id='word_1_267' title='bbox 437 1377 583 1405; x_wconf 89' lang='lat' dir='ltr'><strong>Dominum</strong></span> <span class='ocrx_word' id='word_1_268' title='bbox 595 1385 674 1405; x_wconf 87' lang='lat' dir='ltr'><strong>servo</strong></span> <span class='ocrx_word' id='word_1_269' title='bbox 690 1376 844 1410; x_wconf 82' lang='lat' dir='ltr'><strong>conferens,</strong></span> <span class='ocrx_word' id='word_1_270' title='bbox 861 1378 909 1404; x_wconf 86' lang='lat' dir='ltr'><strong>sed</strong></span> 
     </span>
    </p>
   </div>
   <div class='ocr_carea' id='block_1_35' title="bbox 123 1423 908 1458">
    <p class='ocr_par' dir='ltr' id='par_1_35' title="bbox 123 1423 908 1458">
     <span class='ocr_line' id='line_1_35' title="bbox 123 1423 908 1458; baseline 0 -9"><span class='ocrx_word' id='word_1_271' title='bbox 123 1423 214 1450; x_wconf 84' lang='lat' dir='ltr'><strong>locum</strong></span> <span class='ocrx_word' id='word_1_272' title='bbox 227 1428 253 1449; x_wconf 84' lang='lat' dir='ltr'><strong>et</strong></span> <span class='ocrx_word' id='word_1_273' title='bbox 264 1428 372 1458; x_wconf 70' lang='lat' dir='ltr'><strong>tempus</strong></span> <span class='ocrx_word' id='word_1_274' title='bbox 383 1423 550 1456; x_wconf 77' lang='lat' dir='ltr'><strong>assimilans,</strong></span> <span class='ocrx_word' id='word_1_275' title='bbox 566 1427 594 1450; x_wconf 87' lang='lat' dir='ltr'><strong>et</strong></span> <span class='ocrx_word' id='word_1_276' title='bbox 606 1423 748 1451; x_wconf 84' lang='lat' dir='ltr'><strong>veritatem</strong></span> <span class='ocrx_word' id='word_1_277' title='bbox 764 1423 791 1450; x_wconf 94' lang='lat' dir='ltr'><strong>in</strong></span> <span class='ocrx_word' id='word_1_278' title='bbox 802 1423 908 1458; x_wconf 34' lang='lat' dir='ltr'><strong>lumbra</strong></span> 
     </span>
    </p>
   </div>
   <div class='ocr_carea' id='block_1_36' title="bbox 124 1469 295 1496">
    <p class='ocr_par' dir='ltr' id='par_1_36' title="bbox 124 1469 295 1496">
     <span class='ocr_line' id='line_1_36' title="bbox 124 1469 295 1496; baseline 0 0"><span class='ocrx_word' id='word_1_279' title='bbox 124 1469 295 1496; x_wconf 84' lang='lat' dir='ltr'><strong>deseribcns.</strong></span> 
     </span>
    </p>
   </div>
   <div class='ocr_carea' id='block_1_37' title="bbox 159 1515 907 1551">
    <p class='ocr_par' dir='ltr' id='par_1_37' title="bbox 159 1515 907 1551">
     <span class='ocr_line' id='line_1_37' title="bbox 159 1515 907 1551; baseline 0.003 -10"><span class='ocrx_word' id='word_1_280' title='bbox 159 1515 203 1548; x_wconf 89' lang='lat' dir='ltr'><strong>Ill,</strong></span> <span class='ocrx_word' id='word_1_281' title='bbox 218 1516 264 1543; x_wconf 80' lang='grc'><strong>24.</strong></span> <span class='ocrx_word' id='word_1_282' title='bbox 288 1525 297 1542; x_wconf 82' lang='grc' dir='ltr'><strong>ι</strong></span> <span class='ocrx_word' id='word_1_283' title='bbox 317 1515 419 1544; x_wconf 87' lang='lat' dir='ltr'><strong>Omnes</strong></span> <span class='ocrx_word' id='word_1_284' title='bbox 441 1523 552 1550; x_wconf 89' lang='lat' dir='ltr'><strong>quoque</strong></span> <span class='ocrx_word' id='word_1_285' title='bbox 571 1516 712 1551; x_wconf 73' lang='lat' dir='ltr'><strong>propheta:</strong></span> <span class='ocrx_word' id='word_1_286' title='bbox 734 1523 748 1542; x_wconf 90' lang='lat' dir='ltr'><strong>a</strong></span> <span class='ocrx_word' id='word_1_287' title='bbox 770 1516 907 1550; x_wconf 78' lang='lat' dir='ltr'><strong>Samuele,</strong></span> 
     </span>
    </p>
   </div>
   <div class='ocr_carea' id='block_1_38' title="bbox 127 1561 910 1596">
    <p class='ocr_par' dir='ltr' id='par_1_38' title="bbox 127 1561 910 1596">
     <span class='ocr_line' id='line_1_38' title="bbox 127 1561 910 1596; baseline 0.003 -9"><span class='ocrx_word' id='word_1_288' title='bbox 127 1569 138 1587; x_wconf 73' lang='grc' dir='ltr'><strong>ι</strong></span> <span class='ocrx_word' id='word_1_289' title='bbox 158 1566 185 1588; x_wconf 88' lang='lat' dir='ltr'><strong>et</strong></span> <span class='ocrx_word' id='word_1_290' title='bbox 213 1561 354 1596; x_wconf 77' lang='lat' dir='ltr'><strong>deinceps,</strong></span> <span class='ocrx_word' id='word_1_291' title='bbox 385 1566 520 1596; x_wconf 82' lang='lat' dir='ltr'><strong>quotquot</strong></span> <span class='ocrx_word' id='word_1_292' title='bbox 539 1561 624 1588; x_wconf 91' lang='lat' dir='ltr'><strong>locuti</strong></span> <span class='ocrx_word' id='word_1_293' title='bbox 655 1566 731 1594; x_wconf 90' lang='lat' dir='ltr'><strong>sunt,</strong></span> <span class='ocrx_word' id='word_1_294' title='bbox 752 1563 835 1589; x_wconf 88' lang='lat' dir='ltr'><strong>etiam</strong></span> <span class='ocrx_word' id='word_1_295' title='bbox 860 1570 910 1589; x_wconf 91' lang='lat' dir='ltr'><strong>an-</strong></span> 
     </span>
    </p>
   </div>
   <div class='ocr_carea' id='block_1_39' title="bbox 128 1607 545 1641">
    <p class='ocr_par' dir='ltr' id='par_1_39' title="bbox 128 1607 545 1641">
     <span class='ocr_line' id='line_1_39' title="bbox 128 1607 545 1641; baseline 0 -9"><span class='ocrx_word' id='word_1_296' title='bbox 128 1614 138 1632; x_wconf 83' lang='lat'><strong>(</strong></span> <span class='ocrx_word' id='word_1_297' title='bbox 158 1607 352 1634; x_wconf 87' lang='lat' dir='ltr'><strong>nuntiaverunt</strong></span> <span class='ocrx_word' id='word_1_298' title='bbox 368 1608 517 1641; x_wconf 73' lang='lat' dir='ltr'><strong>diesistos.</strong></span> <span class='ocrx_word' id='word_1_299' title='bbox 537 1617 545 1632; x_wconf 79' lang='grc' dir='ltr'><strong><em>ι</em></strong></span> 
     </span>
    </p>
   </div>
   <div class='ocr_carea' id='block_1_40' title="bbox 159 1653 910 1689">
    <p class='ocr_par' dir='ltr' id='par_1_40' title="bbox 159 1653 910 1689">
     <span class='ocr_line' id='line_1_40' title="bbox 159 1653 910 1689; baseline 0.004 -10"><span class='ocrx_word' id='word_1_300' title='bbox 159 1653 247 1680; x_wconf 86' lang='lat' dir='ltr'><strong>Etiam</strong></span> <span class='ocrx_word' id='word_1_301' title='bbox 274 1654 317 1681; x_wconf 90' lang='lat' dir='ltr'><strong>hie</strong></span> <span class='ocrx_word' id='word_1_302' title='bbox 341 1654 561 1681; x_wconf 84' lang='lat' dir='ltr'><strong>subaudiendum</strong></span> <span class='ocrx_word' id='word_1_303' title='bbox 584 1659 627 1682; x_wconf 88' lang='lat' dir='ltr'><strong>est</strong></span> <span class='ocrx_word' id='word_1_304' title='bbox 650 1663 657 1682; x_wconf 88' lang='lat'><strong>:</strong></span> <span class='ocrx_word' id='word_1_305' title='bbox 678 1655 718 1682; x_wconf 85' lang='lat' dir='ltr'><strong>Ad</strong></span> <span class='ocrx_word' id='word_1_306' title='bbox 740 1660 832 1689; x_wconf 88' lang='lat' dir='ltr'><strong>patres</strong></span> <span class='ocrx_word' id='word_1_307' title='bbox 860 1663 910 1683; x_wconf 88' lang='lat' dir='ltr'><strong>no-</strong></span> 
     </span>
    </p>
   </div>
   <div class='ocr_carea' id='block_1_41' title="bbox 124 1700 911 1736">
    <p class='ocr_par' dir='ltr' id='par_1_41' title="bbox 124 1700 911 1736">
     <span class='ocr_line' id='line_1_41' title="bbox 124 1700 911 1736; baseline 0.004 -10"><span class='ocrx_word' id='word_1_308' title='bbox 124 1705 208 1733; x_wconf 85' lang='lat' dir='ltr'><strong>stros,</strong></span> <span class='ocrx_word' id='word_1_309' title='bbox 222 1704 250 1727; x_wconf 89' lang='lat' dir='ltr'><strong>ut</strong></span> <span class='ocrx_word' id='word_1_310' title='bbox 266 1701 302 1727; x_wconf 91' lang='lat' dir='ltr'><strong>sit</strong></span> <span class='ocrx_word' id='word_1_311' title='bbox 316 1708 413 1727; x_wconf 86' lang='lat' dir='ltr'><strong>sensus</strong></span> <span class='ocrx_word' id='word_1_312' title='bbox 426 1710 434 1728; x_wconf 92' lang='lat'><strong>:</strong></span> <span class='ocrx_word' id='word_1_313' title='bbox 445 1700 546 1727; x_wconf 86' lang='lat' dir='ltr'><strong>Omnes</strong></span> <span class='ocrx_word' id='word_1_314' title='bbox 561 1708 671 1736; x_wconf 83' lang='lat' dir='ltr'><strong>quoque</strong></span> <span class='ocrx_word' id='word_1_315' title='bbox 682 1705 815 1736; x_wconf 88' lang='lat' dir='ltr'><strong>quotquot</strong></span> <span class='ocrx_word' id='word_1_316' title='bbox 826 1702 911 1729; x_wconf 89' lang='lat' dir='ltr'><strong>locuti</strong></span> 
     </span>
    </p>
   </div>
   <div class='ocr_carea' id='block_1_42' title="bbox 125 1746 485 1780">
    <p class='ocr_par' dir='ltr' id='par_1_42' title="bbox 125 1746 485 1780">
     <span class='ocr_line' id='line_1_42' title="bbox 125 1746 485 1780; baseline 0.003 -8"><span class='ocrx_word' id='word_1_317' title='bbox 125 1749 189 1772; x_wconf 88' lang='lat' dir='ltr'><strong>sunt</strong></span> <span class='ocrx_word' id='word_1_318' title='bbox 201 1746 233 1772; x_wconf 89' lang='lat' dir='ltr'><strong>ad</strong></span> <span class='ocrx_word' id='word_1_319' title='bbox 252 1751 345 1780; x_wconf 83' lang='lat' dir='ltr'><strong>patres</strong></span> <span class='ocrx_word' id='word_1_320' title='bbox 362 1751 485 1773; x_wconf 89' lang='lat' dir='ltr'><strong>nostros.</strong></span> 
     </span>
    </p>
   </div>
   <div class='ocr_carea' id='block_1_43' title="bbox 161 1791 914 1828">
    <p class='ocr_par' dir='ltr' id='par_1_43' title="bbox 161 1791 914 1828">
     <span class='ocr_line' id='line_1_43' title="bbox 161 1791 914 1828; baseline 0.005 -10"><span class='ocrx_word' id='word_1_321' title='bbox 161 1791 263 1824; x_wconf 71' lang='grc'><strong>111,25,</strong></span> <span class='ocrx_word' id='word_1_322' title='bbox 278 1793 323 1819; x_wconf 80' lang='lat'><strong>‘26.</strong></span> <span class='ocrx_word' id='word_1_323' title='bbox 349 1802 358 1818; x_wconf 76' lang='grc' dir='ltr'><strong>ε</strong></span> <span class='ocrx_word' id='word_1_324' title='bbox 381 1793 439 1820; x_wconf 82' lang='lat' dir='ltr'><strong>Vos</strong></span> <span class='ocrx_word' id='word_1_325' title='bbox 462 1794 530 1821; x_wconf 88' lang='lat' dir='ltr'><strong>estis</strong></span> <span class='ocrx_word' id='word_1_326' title='bbox 552 1794 597 1821; x_wconf 91' lang='lat' dir='ltr'><strong>lilii</strong></span> <span class='ocrx_word' id='word_1_327' title='bbox 620 1793 814 1828; x_wconf 83' lang='lat' dir='ltr'><strong>prophetarum</strong></span> <span class='ocrx_word' id='word_1_328' title='bbox 832 1798 859 1821; x_wconf 88' lang='lat' dir='ltr'><strong>et</strong></span> <span class='ocrx_word' id='word_1_329' title='bbox 874 1798 914 1822; x_wconf 81' lang='lat' dir='ltr'><strong>te-</strong></span> 
     </span>
    </p>
   </div>
   <div class='ocr_carea' id='block_1_44' title="bbox 129 1839 912 1875">
    <p class='ocr_par' dir='ltr' id='par_1_44' title="bbox 129 1839 912 1875">
     <span class='ocr_line' id='line_1_44' title="bbox 129 1839 912 1875; baseline 0.005 -11"><span class='ocrx_word' id='word_1_330' title='bbox 129 1847 139 1864; x_wconf 78' lang='grc' dir='ltr'><strong>ε</strong></span> <span class='ocrx_word' id='word_1_331' title='bbox 159 1839 303 1869; x_wconf 80' lang='lat' dir='ltr'><strong>statuenti.</strong></span> <span class='ocrx_word' id='word_1_332' title='bbox 320 1839 373 1874; x_wconf 81' lang='lat'><strong><em>33</em></strong></span> <span class='ocrx_word' id='word_1_333' title='bbox 389 1839 460 1873; x_wconf 90' lang='lat' dir='ltr'><strong>quod</strong></span> <span class='ocrx_word' id='word_1_334' title='bbox 478 1844 595 1867; x_wconf 81' lang='lat' dir='ltr'><strong>testatus</strong></span> <span class='ocrx_word' id='word_1_335' title='bbox 617 1845 659 1867; x_wconf 76' lang='lat' dir='ltr'><strong>est</strong></span> <span class='ocrx_word' id='word_1_336' title='bbox 675 1840 746 1867; x_wconf 88' lang='lat' dir='ltr'><strong>Deus</strong></span> <span class='ocrx_word' id='word_1_337' title='bbox 766 1840 799 1868; x_wconf 89' lang='lat' dir='ltr'><strong>ad</strong></span> <span class='ocrx_word' id='word_1_338' title='bbox 819 1845 912 1875; x_wconf 84' lang='lat' dir='ltr'><strong>patres</strong></span> 
     </span>
    </p>
   </div>
   <div class='ocr_carea' id='block_1_45' title="bbox 129 1885 913 1920">
    <p class='ocr_par' dir='ltr' id='par_1_45' title="bbox 129 1885 913 1920">
     <span class='ocr_line' id='line_1_45' title="bbox 129 1885 913 1920; baseline 0.005 -10"><span class='ocrx_word' id='word_1_339' title='bbox 129 1892 139 1910; x_wconf 76' lang='grc' dir='ltr'>ι</span> <span class='ocrx_word' id='word_1_340' title='bbox 160 1889 281 1917; x_wconf 87' lang='lat' dir='ltr'><strong>nostros,</strong></span> <span class='ocrx_word' id='word_1_341' title='bbox 297 1885 392 1912; x_wconf 86' lang='lat' dir='ltr'><strong>dicens</strong></span> <span class='ocrx_word' id='word_1_342' title='bbox 405 1886 438 1912; x_wconf 87' lang='lat' dir='ltr'><strong>ad</strong></span> <span class='ocrx_word' id='word_1_343' title='bbox 454 1886 589 1912; x_wconf 82' lang='lat' dir='ltr'><strong>Abraham</strong></span> <span class='ocrx_word' id='word_1_344' title='bbox 607 1895 614 1912; x_wconf 89' lang='lat'><strong>:</strong></span> <span class='ocrx_word' id='word_1_345' title='bbox 629 1886 660 1912; x_wconf 88' lang='lat' dir='ltr'><strong>Et</strong></span> <span class='ocrx_word' id='word_1_346' title='bbox 673 1894 719 1920; x_wconf 89' lang='lat' dir='ltr'><strong>per</strong></span> <span class='ocrx_word' id='word_1_347' title='bbox 730 1894 822 1913; x_wconf 84' lang='lat' dir='ltr'><strong>semen</strong></span> <span class='ocrx_word' id='word_1_348' title='bbox 837 1891 913 1914; x_wconf 88' lang='lat' dir='ltr'><strong>tttum</strong></span> 
     </span>
    </p>
   </div>
   <div class='ocr_carea' id='block_1_46' title="bbox 129 1929 915 1967">
    <p class='ocr_par' dir='ltr' id='par_1_46' title="bbox 129 1929 915 1967">
     <span class='ocr_line' id='line_1_46' title="bbox 129 1929 915 1967; baseline 0.003 -11"><span class='ocrx_word' id='word_1_349' title='bbox 129 1938 140 1955; x_wconf 85' lang='grc'><em>‹</em></span> <span class='ocrx_word' id='word_1_350' title='bbox 160 1929 357 1957; x_wconf 80' lang='lat' dir='ltr'><strong>benedicentur</strong></span> <span class='ocrx_word' id='word_1_351' title='bbox 373 1938 469 1958; x_wconf 79' lang='lat' dir='ltr'><strong>omnes</strong></span> <span class='ocrx_word' id='word_1_352' title='bbox 487 1930 597 1958; x_wconf 65' lang='lat' dir='ltr'><strong>familia-3</strong></span> <span class='ocrx_word' id='word_1_353' title='bbox 615 1931 736 1958; x_wconf 71' lang='lat' dir='ltr'><strong>terrae&quot;.</strong></span> <span class='ocrx_word' id='word_1_354' title='bbox 756 1931 842 1959; x_wconf 80' lang='lat' dir='ltr'><strong>Vobis</strong></span> <span class='ocrx_word' id='word_1_355' title='bbox 857 1932 915 1967; x_wconf 89' lang='lat' dir='ltr'><strong>pri-</strong></span> 
     </span>
    </p>
   </div>
   <div class='ocr_carea' id='block_1_47' title="bbox 130 1976 913 2007">
    <p class='ocr_par' dir='ltr' id='par_1_47' title="bbox 130 1976 913 2007">
     <span class='ocr_line' id='line_1_47' title="bbox 130 1976 913 2007; baseline 0.005 -6"><span class='ocrx_word' id='word_1_356' title='bbox 130 1985 139 2001; x_wconf 85' lang='grc'><strong><em>‹</em></strong></span> <span class='ocrx_word' id='word_1_357' title='bbox 159 1983 233 2002; x_wconf 89' lang='lat' dir='ltr'><strong>mum</strong></span> <span class='ocrx_word' id='word_1_358' title='bbox 252 1976 334 2006; x_wconf 68' lang='lat' dir='ltr'><strong>Deus.</strong></span> <span class='ocrx_word' id='word_1_359' title='bbox 354 1977 487 2003; x_wconf 87' lang='lat' dir='ltr'><strong>suscitato</strong></span> <span class='ocrx_word' id='word_1_360' title='bbox 504 1976 574 2003; x_wconf 87' lang='lat' dir='ltr'><strong>Filio</strong></span> <span class='ocrx_word' id='word_1_361' title='bbox 598 1985 648 2004; x_wconf 90' lang='lat' dir='ltr'><strong>suo</strong></span> <span class='ocrx_word' id='word_1_362' title='bbox 661 1977 738 2007; x_wconf 79' lang='lat' dir='ltr'><strong>Jesu.</strong></span> <span class='ocrx_word' id='word_1_363' title='bbox 757 1978 833 2005; x_wconf 87' lang='lat' dir='ltr'><strong>misit</strong></span> <span class='ocrx_word' id='word_1_364' title='bbox 852 1986 913 2005; x_wconf 86' lang='lat' dir='ltr'><strong>eum</strong></span> 
     </span>
    </p>
   </div>
   <div class='ocr_carea' id='block_1_48' title="bbox 130 2021 915 2055">
    <p class='ocr_par' dir='ltr' id='par_1_48' title="bbox 130 2021 915 2055">
     <span class='ocr_line' id='line_1_48' title="bbox 130 2021 915 2055; baseline 0.008 -9"><span class='ocrx_word' id='word_1_365' title='bbox 130 2030 139 2046; x_wconf 71' lang='grc' dir='ltr'><em>α</em></span> <span class='ocrx_word' id='word_1_366' title='bbox 159 2022 205 2055; x_wconf 88' lang='lat' dir='ltr'><strong>qui</strong></span> <span class='ocrx_word' id='word_1_367' title='bbox 221 2021 397 2048; x_wconf 79' lang='lat' dir='ltr'><strong>benediCeret</strong></span> <span class='ocrx_word' id='word_1_368' title='bbox 410 2022 497 2054; x_wconf 77' lang='lat' dir='ltr'><strong>vobis,</strong></span> <span class='ocrx_word' id='word_1_369' title='bbox 513 2023 576 2048; x_wconf 80' lang='lat' dir='ltr'><strong>dum</strong></span> <span class='ocrx_word' id='word_1_370' title='bbox 592 2024 818 2051; x_wconf 81' lang='lat' dir='ltr'><strong>converteremiui</strong></span> <span class='ocrx_word' id='word_1_371' title='bbox 830 2032 915 2052; x_wconf 85' lang='lat' dir='ltr'><strong>unus-</strong></span> 
     </span>
    </p>
   </div>
   <div class='ocr_carea' id='block_1_49' title="bbox 129 2066 597 2101">
    <p class='ocr_par' dir='ltr' id='par_1_49' title="bbox 129 2066 597 2101">
     <span class='ocr_line' id='line_1_49' title="bbox 129 2066 597 2101; baseline 0.002 -8"><span class='ocrx_word' id='word_1_372' title='bbox 129 2076 140 2093; x_wconf 70' lang='grc' dir='ltr'><strong>ε</strong></span> <span class='ocrx_word' id='word_1_373' title='bbox 159 2066 278 2101; x_wconf 82' lang='lat' dir='ltr'><strong>euisque</strong></span> <span class='ocrx_word' id='word_1_374' title='bbox 293 2074 307 2094; x_wconf 89' lang='lat' dir='ltr'><strong>a</strong></span> <span class='ocrx_word' id='word_1_375' title='bbox 325 2067 439 2094; x_wconf 84' lang='lat' dir='ltr'><strong>malitiis</strong></span> <span class='ocrx_word' id='word_1_376' title='bbox 456 2068 568 2096; x_wconf 87' lang='lat' dir='ltr'><strong>vestris.</strong></span> <span class='ocrx_word' id='word_1_377' title='bbox 587 2078 597 2094; x_wconf 70' lang='grc' dir='ltr'><strong>ι</strong></span> 
     </span>
    </p>
   </div>
   <div class='ocr_carea' id='block_1_50' title="bbox 921 1448 944 1479">
    <p class='ocr_par' dir='ltr' id='par_1_50' title="bbox 921 1448 944 1479">
     <span class='ocr_line' id='line_1_50' title="bbox 921 1448 944 1479; baseline 0 0"><span class='ocrx_word' id='word_1_378' title='bbox 921 1448 944 1479; x_wconf 90' lang='lat' dir='ltr'>C</span> 
     </span>
    </p>
   </div>
   <div class='ocr_carea' id='block_1_51' title="bbox 1026 550 1764 587">
    <p class='ocr_par' dir='ltr' id='par_1_51' title="bbox 1026 550 1764 587">
     <span class='ocr_line' id='line_1_51' title="bbox 1026 550 1764 587; baseline 0 -8"><span class='ocrx_word' id='word_1_379' title='bbox 1026 551 1146 586; x_wconf 79' lang='grc' dir='ltr'><strong>Μωῦσῆς</strong></span> <span class='ocrx_word' id='word_1_380' title='bbox 1163 551 1214 586; x_wconf 79' lang='grc' dir='ltr'><strong>μὲν</strong></span> <span class='ocrx_word' id='word_1_381' title='bbox 1233 552 1287 587; x_wconf 78' lang='grc' dir='ltr'><strong>γὰρ</strong></span> <span class='ocrx_word' id='word_1_382' title='bbox 1300 551 1368 587; x_wconf 77' lang='grc' dir='ltr'>πρὸς</span> <span class='ocrx_word' id='word_1_383' title='bbox 1387 553 1451 584; x_wconf 78' lang='grc' dir='ltr'><strong>τοὺς</strong></span> <span class='ocrx_word' id='word_1_384' title='bbox 1464 552 1585 587; x_wconf 77' lang='grc' dir='ltr'><strong>πατέρας</strong></span> <span class='ocrx_word' id='word_1_385' title='bbox 1596 550 1684 586; x_wconf 75' lang='grc' dir='ltr'>εἶπεν,</span> <span class='ocrx_word' id='word_1_386' title='bbox 1716 553 1764 579; x_wconf 81' lang='grc' dir='ltr'><strong>ὅτι</strong></span> 
     </span>
    </p>
   </div>
   <div class='ocr_carea' id='block_1_52' title="bbox 966 597 1760 633">
    <p class='ocr_par' dir='ltr' id='par_1_52' title="bbox 966 597 1760 633">
     <span class='ocr_line' id='line_1_52' title="bbox 966 597 1760 633; baseline 0.003 -11"><span class='ocrx_word' id='word_1_387' title='bbox 966 606 975 621; x_wconf 76' lang='grc' dir='ltr'><strong>ι</strong></span> <span class='ocrx_word' id='word_1_388' title='bbox 993 597 1140 632; x_wconf 78' lang='grc' dir='ltr'><strong>Προφήτην</strong></span> <span class='ocrx_word' id='word_1_389' title='bbox 1176 597 1239 632; x_wconf 81' lang='grc' dir='ltr'><strong>ὑμῖν</strong></span> <span class='ocrx_word' id='word_1_390' title='bbox 1263 599 1410 633; x_wconf 78' lang='grc' dir='ltr'><strong>ἀναστήσει</strong></span> <span class='ocrx_word' id='word_1_391' title='bbox 1433 598 1534 633; x_wconf 81' lang='grc' dir='ltr'>Κύριος</span> <span class='ocrx_word' id='word_1_392' title='bbox 1548 600 1562 625; x_wconf 83' lang='grc' dir='ltr'><strong><em>ὁ</em></strong></span> <span class='ocrx_word' id='word_1_393' title='bbox 1577 599 1643 629; x_wconf 69' lang='grc' dir='ltr'>Θεὸς</span> <span class='ocrx_word' id='word_1_394' title='bbox 1668 598 1760 633; x_wconf 81' lang='grc' dir='ltr'>ἡμῶν</span> 
     </span>
    </p>
   </div>
   <div class='ocr_carea' id='block_1_53' title="bbox 967 643 1764 679">
    <p class='ocr_par' dir='ltr' id='par_1_53' title="bbox 967 643 1764 679">
     <span class='ocr_line' id='line_1_53' title="bbox 967 643 1764 679; baseline 0.003 -10"><span class='ocrx_word' id='word_1_395' title='bbox 967 652 976 668; x_wconf 84' lang='grc'><strong>‹</strong></span> <span class='ocrx_word' id='word_1_396' title='bbox 996 644 1028 670; x_wconf 77' lang='grc' dir='ltr'>ἐκ</span> <span class='ocrx_word' id='word_1_397' title='bbox 1044 643 1098 669; x_wconf 87' lang='grc' dir='ltr'><strong>τῶν</strong></span> <span class='ocrx_word' id='word_1_398' title='bbox 1132 643 1256 677; x_wconf 78' lang='grc' dir='ltr'><strong>ἀδελφῶν</strong></span> <span class='ocrx_word' id='word_1_399' title='bbox 1280 643 1357 678; x_wconf 84' lang='grc' dir='ltr'>ὑμῶν</span> <span class='ocrx_word' id='word_1_400' title='bbox 1370 643 1407 675; x_wconf 82' lang='grc' dir='ltr'><strong>ὡς</strong></span> <span class='ocrx_word' id='word_1_401' title='bbox 1420 645 1481 679; x_wconf 85' lang='grc' dir='ltr'><strong>ὲμέ.</strong></span> <span class='ocrx_word' id='word_1_402' title='bbox 1495 645 1581 671; x_wconf 83' lang='grc' dir='ltr'><strong>Αὑτοῦ</strong></span> <span class='ocrx_word' id='word_1_403' title='bbox 1601 644 1764 671; x_wconf 73' lang='grc' dir='ltr'><strong>ἀκούσεσθε</strong></span> 
     </span>
    </p>
   </div>
   <div class='ocr_carea' id='block_1_54' title="bbox 967 689 1762 725">
    <p class='ocr_par' dir='ltr' id='par_1_54' title="bbox 967 689 1762 725">
     <span class='ocr_line' id='line_1_54' title="bbox 967 689 1762 725; baseline 0.003 -11"><span class='ocrx_word' id='word_1_404' title='bbox 967 698 975 714; x_wconf 81' lang='grc' dir='ltr'>ι</span> <span class='ocrx_word' id='word_1_405' title='bbox 994 689 1065 715; x_wconf 65' lang='grc' dir='ltr'>κατὰ</span> <span class='ocrx_word' id='word_1_406' title='bbox 1077 690 1165 715; x_wconf 79' lang='grc' dir='ltr'>πάντα</span> <span class='ocrx_word' id='word_1_407' title='bbox 1187 689 1237 715; x_wconf 74' lang='grc' dir='ltr'><strong>ὅσα</strong></span> <span class='ocrx_word' id='word_1_408' title='bbox 1253 689 1286 716; x_wconf 81' lang='grc' dir='ltr'>ἂν</span> <span class='ocrx_word' id='word_1_409' title='bbox 1299 689 1404 724; x_wconf 83' lang='grc' dir='ltr'>λαλήσῃ</span> <span class='ocrx_word' id='word_1_410' title='bbox 1426 690 1492 725; x_wconf 74' lang='grc' dir='ltr'>πρὸς</span> <span class='ocrx_word' id='word_1_411' title='bbox 1505 689 1587 724; x_wconf 81' lang='grc' dir='ltr'><strong>ὑμᾶς.</strong></span> <span class='ocrx_word' id='word_1_412' title='bbox 1603 690 1703 716; x_wconf 80' lang='grc' dir='ltr'><strong>Ἔσται</strong></span> <span class='ocrx_word' id='word_1_413' title='bbox 1714 689 1762 723; x_wconf 73' lang='grc' dir='ltr'>δὲ,</span> 
     </span>
    </p>
   </div>
   <div class='ocr_carea' id='block_1_55' title="bbox 969 733 1763 770">
    <p class='ocr_par' dir='ltr' id='par_1_55' title="bbox 969 733 1763 770">
     <span class='ocr_line' id='line_1_55' title="bbox 969 733 1763 770; baseline 0.001 -11"><span class='ocrx_word' id='word_1_414' title='bbox 969 743 978 758; x_wconf 84' lang='grc' dir='ltr'>ί</span> <span class='ocrx_word' id='word_1_415' title='bbox 997 734 1072 759; x_wconf 79' lang='grc' dir='ltr'>πᾶσα</span> <span class='ocrx_word' id='word_1_416' title='bbox 1086 733 1159 769; x_wconf 64' lang='grc' dir='ltr'>ψυχὴ</span> <span class='ocrx_word' id='word_1_417' title='bbox 1174 734 1235 768; x_wconf 83' lang='grc' dir='ltr'>ἦτις</span> <span class='ocrx_word' id='word_1_418' title='bbox 1250 733 1282 760; x_wconf 83' lang='grc' dir='ltr'>ἂν</span> <span class='ocrx_word' id='word_1_419' title='bbox 1300 734 1338 769; x_wconf 79' lang='grc' dir='ltr'><strong>μὴ</strong></span> <span class='ocrx_word' id='word_1_420' title='bbox 1352 734 1457 769; x_wconf 80' lang='grc' dir='ltr'><strong>ἀκούσῃ</strong></span> <span class='ocrx_word' id='word_1_421' title='bbox 1468 734 1515 760; x_wconf 87' lang='grc' dir='ltr'><strong>τοῦ</strong></span> <span class='ocrx_word' id='word_1_422' title='bbox 1525 734 1666 770; x_wconf 85' lang='grc' dir='ltr'><strong>προφήτου</strong></span> <span class='ocrx_word' id='word_1_423' title='bbox 1678 734 1763 760; x_wconf 79' lang='grc' dir='ltr'>ὲκεί-</span> 
     </span>
    </p>
   </div>
   <div class='ocr_carea' id='block_1_56' title="bbox 929 773 1553 815">
    <p class='ocr_par' dir='ltr' id='par_1_56' title="bbox 929 773 1553 815">
     <span class='ocr_line' id='line_1_56' title="bbox 929 773 1553 815; baseline 0.002 -10"><span class='ocrx_word' id='word_1_424' title='bbox 929 773 951 800; x_wconf 82' lang='grc' dir='ltr'><strong>Β</strong></span> <span class='ocrx_word' id='word_1_425' title='bbox 970 789 978 805; x_wconf 81' lang='grc' dir='ltr'><strong>ι</strong></span> <span class='ocrx_word' id='word_1_426' title='bbox 997 788 1054 811; x_wconf 79' lang='grc' dir='ltr'>νου,</span> <span class='ocrx_word' id='word_1_427' title='bbox 1068 779 1324 815; x_wconf 78' lang='grc' dir='ltr'>ἑξολοθρευθήσεται</span> <span class='ocrx_word' id='word_1_428' title='bbox 1341 781 1372 807; x_wconf 83' lang='grc' dir='ltr'>ὲκ</span> <span class='ocrx_word' id='word_1_429' title='bbox 1382 780 1429 806; x_wconf 81' lang='grc' dir='ltr'><strong>τοῦ</strong></span> <span class='ocrx_word' id='word_1_430' title='bbox 1444 780 1520 808; x_wconf 78' lang='grc' dir='ltr'>λαοῦ.</span> <span class='ocrx_word' id='word_1_431' title='bbox 1543 790 1553 806; x_wconf 71' lang='grc' dir='ltr'><strong><em>ι</em></strong></span> 
     </span>
    </p>
   </div>
   <div class='ocr_carea' id='block_1_57' title="bbox 1001 825 1764 863">
    <p class='ocr_par' dir='ltr' id='par_1_57' title="bbox 1001 825 1764 863">
     <span class='ocr_line' id='line_1_57' title="bbox 1001 825 1764 863; baseline 0.003 -12"><span class='ocrx_word' id='word_1_432' title='bbox 1001 825 1034 852; x_wconf 83' lang='grc' dir='ltr'>Τί</span> <span class='ocrx_word' id='word_1_433' title='bbox 1044 826 1101 852; x_wconf 77' lang='grc' dir='ltr'>ἐστι</span> <span class='ocrx_word' id='word_1_434' title='bbox 1112 826 1151 858; x_wconf 84' lang='grc' dir='ltr'>τὸ,</span> <span class='ocrx_word' id='word_1_435' title='bbox 1174 826 1217 857; x_wconf 81' lang='grc' dir='ltr'><strong><em>Ὠς</em></strong></span> <span class='ocrx_word' id='word_1_436' title='bbox 1228 826 1296 860; x_wconf 80' lang='grc' dir='ltr'><strong>ἑμέ;</strong></span> <span class='ocrx_word' id='word_1_437' title='bbox 1314 827 1444 853; x_wconf 78' lang='grc' dir='ltr'>Γεννᾶται</span> <span class='ocrx_word' id='word_1_438' title='bbox 1461 827 1490 853; x_wconf 82' lang='grc' dir='ltr'>ὲν</span> <span class='ocrx_word' id='word_1_439' title='bbox 1507 827 1633 863; x_wconf 80' lang='grc' dir='ltr'>Βηθλεὲμ</span> <span class='ocrx_word' id='word_1_440' title='bbox 1652 828 1666 853; x_wconf 78' lang='grc' dir='ltr'><strong>ὁ</strong></span> <span class='ocrx_word' id='word_1_441' title='bbox 1685 827 1764 862; x_wconf 82' lang='grc' dir='ltr'>Χρι-</span> 
     </span>
    </p>
   </div>
   <div class='ocr_carea' id='block_1_58' title="bbox 966 872 1761 908">
    <p class='ocr_par' dir='ltr' id='par_1_58' title="bbox 966 872 1761 908">
     <span class='ocr_line' id='line_1_58' title="bbox 966 872 1761 908; baseline 0.003 -10"><span class='ocrx_word' id='word_1_442' title='bbox 966 872 1038 904; x_wconf 81' lang='grc' dir='ltr'>στὸς,</span> <span class='ocrx_word' id='word_1_443' title='bbox 1053 874 1100 899; x_wconf 81' lang='grc' dir='ltr'>καὶ</span> <span class='ocrx_word' id='word_1_444' title='bbox 1118 872 1239 907; x_wconf 54' lang='lat' dir='ltr'><strong>Mai-36?};</strong></span> <span class='ocrx_word' id='word_1_445' title='bbox 1252 873 1280 899; x_wconf 85' lang='grc' dir='ltr'>ὲν</span> <span class='ocrx_word' id='word_1_446' title='bbox 1293 873 1434 908; x_wconf 79' lang='grc' dir='ltr'>Αἰγύπτῳ.</span> <span class='ocrx_word' id='word_1_447' title='bbox 1450 874 1621 908; x_wconf 80' lang='grc' dir='ltr'>Ὶσραηλίτης</span> <span class='ocrx_word' id='word_1_448' title='bbox 1636 874 1761 905; x_wconf 74' lang='grc' dir='ltr'>ἐκεῖνος,</span> 
     </span>
    </p>
   </div>
   <div class='ocr_carea' id='block_1_59' title="bbox 964 915 1762 955">
    <p class='ocr_par' dir='ltr' id='par_1_59' title="bbox 964 915 1762 955">
     <span class='ocr_line' id='line_1_59' title="bbox 964 915 1762 955; baseline 0.003 -11"><span class='ocrx_word' id='word_1_449' title='bbox 964 918 1001 950; x_wconf 85' lang='grc' dir='ltr'><strong>ὡς</strong></span> <span class='ocrx_word' id='word_1_450' title='bbox 1009 915 1098 950; x_wconf 69' lang='grc' dir='ltr'>οὗτος,</span> <span class='ocrx_word' id='word_1_451' title='bbox 1107 918 1138 944; x_wconf 81' lang='grc' dir='ltr'>τὸ</span> <span class='ocrx_word' id='word_1_452' title='bbox 1153 919 1223 945; x_wconf 83' lang='grc' dir='ltr'>κατὰ</span> <span class='ocrx_word' id='word_1_453' title='bbox 1236 920 1337 954; x_wconf 79' lang='grc' dir='ltr'>σάρκα.</span> <span class='ocrx_word' id='word_1_454' title='bbox 1357 920 1405 945; x_wconf 83' lang='grc' dir='ltr'>Ἐκ</span> <span class='ocrx_word' id='word_1_455' title='bbox 1418 920 1512 954; x_wconf 79' lang='grc' dir='ltr'><strong>γένους</strong></span> <span class='ocrx_word' id='word_1_456' title='bbox 1525 919 1663 955; x_wconf 81' lang='grc' dir='ltr'>ιερατικοῦ</span> <span class='ocrx_word' id='word_1_457' title='bbox 1682 921 1762 946; x_wconf 72' lang='grc' dir='ltr'>ἐκεῖ-</span> 
     </span>
    </p>
   </div>
   <div class='ocr_carea' id='block_1_60' title="bbox 964 961 1761 1000">
    <p class='ocr_par' dir='ltr' id='par_1_60' title="bbox 964 961 1761 1000">
     <span class='ocr_line' id='line_1_60' title="bbox 964 961 1761 1000; baseline 0.003 -10"><span class='ocrx_word' id='word_1_458' title='bbox 964 972 1018 995; x_wconf 72' lang='grc' dir='ltr'>νος,</span> <span class='ocrx_word' id='word_1_459' title='bbox 1032 964 1070 994; x_wconf 85' lang='grc' dir='ltr'>ὡς</span> <span class='ocrx_word' id='word_1_460' title='bbox 1084 961 1162 995; x_wconf 75' lang='grc' dir='ltr'>οὗτος</span> <span class='ocrx_word' id='word_1_461' title='bbox 1179 964 1211 990; x_wconf 78' lang='grc' dir='ltr'>ἐκ</span> <span class='ocrx_word' id='word_1_462' title='bbox 1226 964 1306 990; x_wconf 82' lang='grc' dir='ltr'>Δαυῒδ</span> <span class='ocrx_word' id='word_1_463' title='bbox 1333 964 1377 991; x_wconf 83' lang='grc' dir='ltr'><strong>διὰ</strong></span> <span class='ocrx_word' id='word_1_464' title='bbox 1398 965 1447 1000; x_wconf 86' lang='grc' dir='ltr'>τὴν</span> <span class='ocrx_word' id='word_1_465' title='bbox 1478 966 1627 1000; x_wconf 79' lang='grc' dir='ltr'><strong>Παρθένον.</strong></span> <span class='ocrx_word' id='word_1_466' title='bbox 1653 964 1761 1000; x_wconf 75' lang='grc' dir='ltr'>Φαραὼ</span> 
     </span>
    </p>
   </div>
   <div class='ocr_carea' id='block_1_61' title="bbox 964 1008 1760 1045">
    <p class='ocr_par' dir='ltr' id='par_1_61' title="bbox 964 1008 1760 1045">
     <span class='ocr_line' id='line_1_61' title="bbox 964 1008 1760 1045; baseline 0.003 -10"><span class='ocrx_word' id='word_1_467' title='bbox 964 1008 1137 1041; x_wconf 72' lang='grc' dir='ltr'>ἐπ’ἐκεὶνου,</span> <span class='ocrx_word' id='word_1_468' title='bbox 1166 1009 1290 1044; x_wconf 81' lang='grc' dir='ltr'><strong>Ἡρώδης</strong></span> <span class='ocrx_word' id='word_1_469' title='bbox 1319 1010 1366 1036; x_wconf 75' lang='grc' dir='ltr'><strong>ἐπὶ</strong></span> <span class='ocrx_word' id='word_1_470' title='bbox 1388 1010 1495 1037; x_wconf 84' lang='grc' dir='ltr'>τούτου.</span> <span class='ocrx_word' id='word_1_471' title='bbox 1522 1011 1615 1045; x_wconf 80' lang='grc' dir='ltr'>Βρέφη</span> <span class='ocrx_word' id='word_1_472' title='bbox 1644 1011 1760 1045; x_wconf 77' lang='grc' dir='ltr'><strong>φονεύει</strong></span> 
     </span>
    </p>
   </div>
   <div class='ocr_carea' id='block_1_62' title="bbox 964 1053 1757 1092">
    <p class='ocr_par' dir='ltr' id='par_1_62' title="bbox 964 1053 1757 1092">
     <span class='ocr_line' id='line_1_62' title="bbox 964 1053 1757 1092; baseline 0.001 -11"><span class='ocrx_word' id='word_1_473' title='bbox 964 1056 1077 1087; x_wconf 75' lang='grc' dir='ltr'>ἐκεῖνος,</span> <span class='ocrx_word' id='word_1_474' title='bbox 1103 1055 1190 1091; x_wconf 75' lang='grc' dir='ltr'>βρέφη</span> <span class='ocrx_word' id='word_1_475' title='bbox 1203 1056 1231 1082; x_wconf 85' lang='grc' dir='ltr'><strong>δὲ</strong></span> <span class='ocrx_word' id='word_1_476' title='bbox 1246 1053 1322 1088; x_wconf 70' lang='grc' dir='ltr'>οὗτος</span> <span class='ocrx_word' id='word_1_477' title='bbox 1346 1056 1470 1090; x_wconf 77' lang='grc' dir='ltr'>ἀναιρεῐο</span> <span class='ocrx_word' id='word_1_478' title='bbox 1485 1057 1620 1092; x_wconf 72' lang='grc' dir='ltr'>ἀρρενικὰ</span> <span class='ocrx_word' id='word_1_479' title='bbox 1635 1057 1757 1089; x_wconf 78' lang='grc' dir='ltr'>ἐκεῖνος,</span> 
     </span>
    </p>
   </div>
   <div class='ocr_carea' id='block_1_63' title="bbox 963 1098 1758 1137">
    <p class='ocr_par' dir='ltr' id='par_1_63' title="bbox 963 1098 1758 1137">
     <span class='ocr_line' id='line_1_63' title="bbox 963 1098 1758 1137; baseline 0 -9"><span class='ocrx_word' id='word_1_480' title='bbox 963 1101 1011 1128; x_wconf 79' lang='grc' dir='ltr'>καὶ</span> <span class='ocrx_word' id='word_1_481' title='bbox 1027 1098 1112 1132; x_wconf 70' lang='grc' dir='ltr'>οὗτος.</span> <span class='ocrx_word' id='word_1_482' title='bbox 1129 1101 1178 1127; x_wconf 73' lang='grc' dir='ltr'><strong>Διὰ</strong></span> <span class='ocrx_word' id='word_1_483' title='bbox 1193 1102 1295 1136; x_wconf 69' lang='grc' dir='ltr'>μητρὸς</span> <span class='ocrx_word' id='word_1_484' title='bbox 1318 1101 1434 1133; x_wconf 78' lang='grc' dir='ltr'>σώζεται</span> <span class='ocrx_word' id='word_1_485' title='bbox 1448 1103 1561 1134; x_wconf 75' lang='grc' dir='ltr'>ἐκεῖνος,</span> <span class='ocrx_word' id='word_1_486' title='bbox 1580 1102 1624 1128; x_wconf 76' lang='grc' dir='ltr'>διὰ</span> <span class='ocrx_word' id='word_1_487' title='bbox 1639 1103 1758 1137; x_wconf 76' lang='grc' dir='ltr'>Μητρὸς</span> 
     </span>
    </p>
   </div>
   <div class='ocr_carea' id='block_1_64' title="bbox 963 1146 1757 1183">
    <p class='ocr_par' dir='ltr' id='par_1_64' title="bbox 963 1146 1757 1183">
     <span class='ocr_line' id='line_1_64' title="bbox 963 1146 1757 1183; baseline 0.003 -10"><span class='ocrx_word' id='word_1_488' title='bbox 963 1147 1052 1182; x_wconf 81' lang='grc' dir='ltr'><strong>ἐσώθη</strong></span> <span class='ocrx_word' id='word_1_489' title='bbox 1077 1148 1123 1173; x_wconf 78' lang='grc' dir='ltr'>καὶ</span> <span class='ocrx_word' id='word_1_490' title='bbox 1150 1148 1220 1182; x_wconf 75' lang='grc' dir='ltr'>μετὰ</span> <span class='ocrx_word' id='word_1_491' title='bbox 1245 1148 1356 1182; x_wconf 74' lang='grc' dir='ltr'>Μητρὸς</span> <span class='ocrx_word' id='word_1_492' title='bbox 1382 1148 1430 1174; x_wconf 72' lang='grc' dir='ltr'><strong>χαὶ</strong></span> <span class='ocrx_word' id='word_1_493' title='bbox 1456 1146 1543 1178; x_wconf 73' lang='grc' dir='ltr'>οὗτος.</span> <span class='ocrx_word' id='word_1_494' title='bbox 1565 1148 1609 1174; x_wconf 88' lang='grc' dir='ltr'>Ἑν</span> <span class='ocrx_word' id='word_1_495' title='bbox 1637 1148 1757 1183; x_wconf 78' lang='grc' dir='ltr'>λάρνακι</span> 
     </span>
    </p>
   </div>
   <div class='ocr_carea' id='block_1_65' title="bbox 963 1191 1757 1228">
    <p class='ocr_par' dir='ltr' id='par_1_65' title="bbox 963 1191 1757 1228">
     <span class='ocr_line' id='line_1_65' title="bbox 963 1191 1757 1228; baseline 0.005 -12"><span class='ocrx_word' id='word_1_496' title='bbox 963 1191 1066 1222; x_wconf 77' lang='grc' dir='ltr'>ἐκεῖνος</span> <span class='ocrx_word' id='word_1_497' title='bbox 1081 1193 1127 1217; x_wconf 80' lang='grc' dir='ltr'>καὶ</span> <span class='ocrx_word' id='word_1_498' title='bbox 1156 1191 1231 1226; x_wconf 75' lang='grc' dir='ltr'>παρὰ</span> <span class='ocrx_word' id='word_1_499' title='bbox 1248 1192 1382 1225; x_wconf 83' lang='grc' dir='ltr'>ποταμὸν,</span> <span class='ocrx_word' id='word_1_500' title='bbox 1397 1193 1425 1218; x_wconf 77' lang='grc' dir='ltr'>ἐν</span> <span class='ocrx_word' id='word_1_501' title='bbox 1455 1193 1536 1219; x_wconf 84' lang='grc' dir='ltr'>Λυκὼ</span> <span class='ocrx_word' id='word_1_502' title='bbox 1556 1193 1602 1219; x_wconf 77' lang='grc' dir='ltr'><strong>καὶ</strong></span> <span class='ocrx_word' id='word_1_503' title='bbox 1625 1191 1703 1224; x_wconf 75' lang='grc' dir='ltr'>οὗτος</span> <span class='ocrx_word' id='word_1_504' title='bbox 1719 1195 1757 1228; x_wconf 85' lang='grc' dir='ltr'><strong>τῇ</strong></span> 
     </span>
    </p>
   </div>
   <div class='ocr_carea' id='block_1_66' title="bbox 963 1236 1756 1274">
    <p class='ocr_par' dir='ltr' id='par_1_66' title="bbox 963 1236 1756 1274">
     <span class='ocr_line' id='line_1_66' title="bbox 963 1236 1756 1274; baseline 0.005 -12"><span class='ocrx_word' id='word_1_505' title='bbox 963 1236 1039 1270; x_wconf 79' lang='grc' dir='ltr'>παρὰ</span> <span class='ocrx_word' id='word_1_506' title='bbox 1070 1236 1115 1262; x_wconf 81' lang='grc' dir='ltr'>τὸν</span> <span class='ocrx_word' id='word_1_507' title='bbox 1133 1236 1214 1262; x_wconf 70' lang='grc' dir='ltr'>αὐτὸν</span> <span class='ocrx_word' id='word_1_508' title='bbox 1241 1237 1363 1271; x_wconf 79' lang='grc' dir='ltr'>ποταμδν</span> <span class='ocrx_word' id='word_1_509' title='bbox 1394 1238 1534 1274; x_wconf 74' lang='grc' dir='ltr'><strong>Αἰγυπτίᾳ</strong></span> <span class='ocrx_word' id='word_1_510' title='bbox 1559 1237 1646 1266; x_wconf 74' lang='grc' dir='ltr'>πόλει.</span> <span class='ocrx_word' id='word_1_511' title='bbox 1682 1240 1756 1266; x_wconf 76' lang='grc' dir='ltr'><strong>Ὑπὸ</strong></span> 
     </span>
    </p>
   </div>
   <div class='ocr_carea' id='block_1_67' title="bbox 962 1281 1756 1320">
    <p class='ocr_par' dir='ltr' id='par_1_67' title="bbox 962 1281 1756 1320">
     <span class='ocr_line' id='line_1_67' title="bbox 962 1281 1756 1320; baseline 0.009 -14"><span class='ocrx_word' id='word_1_512' title='bbox 962 1281 1113 1314; x_wconf 71' lang='grc' dir='ltr'><strong>ἀλλοφύλου</strong></span> <span class='ocrx_word' id='word_1_513' title='bbox 1141 1283 1245 1313; x_wconf 75' lang='grc' dir='ltr'>ἐκεῖνος</span> <span class='ocrx_word' id='word_1_514' title='bbox 1258 1284 1308 1317; x_wconf 81' lang='grc' dir='ltr'><strong>τῆς</strong></span> <span class='ocrx_word' id='word_1_515' title='bbox 1326 1284 1526 1319; x_wconf 79' lang='grc' dir='ltr'>Φαραωνίτιδος</span> <span class='ocrx_word' id='word_1_516' title='bbox 1541 1286 1682 1320; x_wconf 80' lang='grc' dir='ltr'>ἐτρέφετο,</span> <span class='ocrx_word' id='word_1_517' title='bbox 1698 1287 1756 1313; x_wconf 74' lang='grc' dir='ltr'><strong>ὑπὸ</strong></span> 
     </span>
    </p>
   </div>
   <div class='ocr_carea' id='block_1_68' title="bbox 963 1323 1755 1364">
    <p class='ocr_par' dir='ltr' id='par_1_68' title="bbox 963 1323 1755 1364">
     <span class='ocr_line' id='line_1_68' title="bbox 963 1323 1755 1364; baseline 0.004 -11"><span class='ocrx_word' id='word_1_518' title='bbox 963 1326 1066 1357; x_wconf 80' lang='grc' dir='ltr'>πόλεως</span> <span class='ocrx_word' id='word_1_519' title='bbox 1083 1328 1129 1353; x_wconf 78' lang='grc' dir='ltr'><strong>καὶ</strong></span> <span class='ocrx_word' id='word_1_520' title='bbox 1143 1323 1220 1358; x_wconf 76' lang='grc' dir='ltr'>οὗτος</span> <span class='ocrx_word' id='word_1_521' title='bbox 1231 1328 1428 1362; x_wconf 76' lang='grc' dir='ltr'>Φαραωνίτιδος</span> <span class='ocrx_word' id='word_1_522' title='bbox 1445 1329 1594 1363; x_wconf 73' lang='grc' dir='ltr'><strong>ἀλλοφύλου</strong></span> <span class='ocrx_word' id='word_1_523' title='bbox 1611 1330 1755 1364; x_wconf 77' lang='grc' dir='ltr'><strong>ἐτρέφετο.</strong></span> 
     </span>
    </p>
   </div>
   <div class='ocr_carea' id='block_1_69' title="bbox 961 1372 1757 1411">
    <p class='ocr_par' dir='ltr' id='par_1_69' title="bbox 961 1372 1757 1411">
     <span class='ocr_line' id='line_1_69' title="bbox 961 1372 1757 1411; baseline 0.006 -14"><span class='ocrx_word' id='word_1_524' title='bbox 961 1372 1054 1398; x_wconf 81' lang='grc' dir='ltr'>Ταῦτα</span> <span class='ocrx_word' id='word_1_525' title='bbox 1072 1373 1099 1398; x_wconf 84' lang='grc' dir='ltr'><strong>δὲ</strong></span> <span class='ocrx_word' id='word_1_526' title='bbox 1123 1373 1153 1399; x_wconf 73' lang='grc' dir='ltr'><strong>οὐ</strong></span> <span class='ocrx_word' id='word_1_527' title='bbox 1184 1374 1336 1407; x_wconf 72' lang='grc' dir='ltr'><strong>συγκρίνων</strong></span> <span class='ocrx_word' id='word_1_528' title='bbox 1368 1374 1439 1408; x_wconf 77' lang='grc' dir='ltr'>λέγω</span> <span class='ocrx_word' id='word_1_529' title='bbox 1467 1375 1512 1401; x_wconf 71' lang='grc' dir='ltr'><strong>τὸν</strong></span> <span class='ocrx_word' id='word_1_530' title='bbox 1544 1376 1684 1410; x_wconf 79' lang='grc' dir='ltr'>Δεσπότην</span> <span class='ocrx_word' id='word_1_531' title='bbox 1713 1376 1757 1411; x_wconf 84' lang='grc' dir='ltr'><strong>τῷ</strong></span> 
     </span>
    </p>
   </div>
   <div class='ocr_carea' id='block_1_70' title="bbox 961 1418 1758 1457">
    <p class='ocr_par' dir='ltr' id='par_1_70' title="bbox 961 1418 1758 1457">
     <span class='ocr_line' id='line_1_70' title="bbox 961 1418 1758 1457; baseline 0.006 -13"><span class='ocrx_word' id='word_1_532' title='bbox 961 1418 1057 1453; x_wconf 80' lang='grc' dir='ltr'>δούλῳ,</span> <span class='ocrx_word' id='word_1_533' title='bbox 1072 1418 1140 1444; x_wconf 75' lang='grc' dir='ltr'>ἀλλὰ</span> <span class='ocrx_word' id='word_1_534' title='bbox 1154 1419 1250 1453; x_wconf 71' lang='grc' dir='ltr'>καιρὸν</span> <span class='ocrx_word' id='word_1_535' title='bbox 1269 1419 1316 1445; x_wconf 77' lang='grc' dir='ltr'>καὶ</span> <span class='ocrx_word' id='word_1_536' title='bbox 1333 1420 1434 1456; x_wconf 80' lang='grc' dir='ltr'>τρόπον</span> <span class='ocrx_word' id='word_1_537' title='bbox 1445 1422 1609 1456; x_wconf 82' lang='grc' dir='ltr'>συγκρίνων,</span> <span class='ocrx_word' id='word_1_538' title='bbox 1626 1422 1672 1448; x_wconf 71' lang='grc' dir='ltr'>καὶ</span> <span class='ocrx_word' id='word_1_539' title='bbox 1687 1421 1758 1457; x_wconf 85' lang='grc' dir='ltr'>ἀλή-</span> 
     </span>
    </p>
   </div>
   <div class='ocr_carea' id='block_1_71' title="bbox 961 1464 1336 1500">
    <p class='ocr_par' dir='ltr' id='par_1_71' title="bbox 961 1464 1336 1500">
     <span class='ocr_line' id='line_1_71' title="bbox 961 1464 1336 1500; baseline 0.003 -9"><span class='ocrx_word' id='word_1_540' title='bbox 961 1464 1036 1491; x_wconf 80' lang='grc' dir='ltr'>θειαν</span> <span class='ocrx_word' id='word_1_541' title='bbox 1047 1466 1076 1491; x_wconf 85' lang='grc' dir='ltr'>ὲν</span> <span class='ocrx_word' id='word_1_542' title='bbox 1091 1466 1154 1500; x_wconf 75' lang='grc' dir='ltr'>σκιᾷ</span> <span class='ocrx_word' id='word_1_543' title='bbox 1167 1465 1336 1500; x_wconf 64' lang='grc' dir='ltr'>διαγράφων.</span> 
     </span>
    </p>
   </div>
   <div class='ocr_carea' id='block_1_72' title="bbox 997 1511 1754 1550">
    <p class='ocr_par' dir='ltr' id='par_1_72' title="bbox 997 1511 1754 1550">
     <span class='ocr_line' id='line_1_72' title="bbox 997 1511 1754 1550; baseline 0.005 -13"><span class='ocrx_word' id='word_1_544' title='bbox 997 1521 1007 1537; x_wconf 76' lang='grc' dir='ltr'><strong>ι</strong></span> <span class='ocrx_word' id='word_1_545' title='bbox 1027 1511 1082 1538; x_wconf 80' lang='grc' dir='ltr'><strong>Καὶ</strong></span> <span class='ocrx_word' id='word_1_546' title='bbox 1110 1511 1208 1543; x_wconf 76' lang='grc' dir='ltr'>πάντες</span> <span class='ocrx_word' id='word_1_547' title='bbox 1221 1512 1249 1537; x_wconf 81' lang='grc' dir='ltr'><strong>δὲ</strong></span> <span class='ocrx_word' id='word_1_548' title='bbox 1261 1513 1286 1538; x_wconf 84' lang='grc' dir='ltr'><strong>οἱ</strong></span> <span class='ocrx_word' id='word_1_549' title='bbox 1303 1513 1441 1548; x_wconf 73' lang='grc' dir='ltr'><strong>προφῆται</strong></span> <span class='ocrx_word' id='word_1_550' title='bbox 1462 1513 1516 1540; x_wconf 75' lang='grc' dir='ltr'>ἀπὸ</span> <span class='ocrx_word' id='word_1_551' title='bbox 1537 1515 1678 1550; x_wconf 79' lang='grc' dir='ltr'>Σαμουὴλ,</span> <span class='ocrx_word' id='word_1_552' title='bbox 1703 1515 1754 1541; x_wconf 76' lang='grc' dir='ltr'>καὶ</span> 
     </span>
    </p>
   </div>
   <div class='ocr_carea' id='block_1_73' title="bbox 959 1557 1758 1595">
    <p class='ocr_par' dir='ltr' id='par_1_73' title="bbox 959 1557 1758 1595">
     <span class='ocr_line' id='line_1_73' title="bbox 959 1557 1758 1595; baseline 0.005 -12"><span class='ocrx_word' id='word_1_553' title='bbox 959 1557 1013 1583; x_wconf 87' lang='grc' dir='ltr'><strong>τῶν</strong></span> <span class='ocrx_word' id='word_1_554' title='bbox 1027 1557 1155 1591; x_wconf 78' lang='grc' dir='ltr'><strong>καθεξῆς,</strong></span> <span class='ocrx_word' id='word_1_555' title='bbox 1168 1557 1225 1584; x_wconf 79' lang='grc' dir='ltr'>ὅσοι</span> <span class='ocrx_word' id='word_1_556' title='bbox 1239 1557 1387 1594; x_wconf 77' lang='grc' dir='ltr'>ἐλάλησαν,</span> <span class='ocrx_word' id='word_1_557' title='bbox 1411 1559 1461 1585; x_wconf 67' lang='grc' dir='ltr'><strong>καὶ⁵</strong></span> <span class='ocrx_word' id='word_1_558' title='bbox 1484 1560 1673 1595; x_wconf 72' lang='grc' dir='ltr'><strong>κατήγγειλαν</strong></span> <span class='ocrx_word' id='word_1_559' title='bbox 1705 1561 1758 1592; x_wconf 79' lang='grc' dir='ltr'>τὰς</span> 
     </span>
    </p>
   </div>
   <div class='ocr_carea' id='block_1_74' title="bbox 959 1603 1222 1638">
    <p class='ocr_par' dir='ltr' id='par_1_74' title="bbox 959 1603 1222 1638">
     <span class='ocr_line' id='line_1_74' title="bbox 959 1603 1222 1638; baseline 0.004 -10"><span class='ocrx_word' id='word_1_560' title='bbox 959 1603 1070 1638; x_wconf 79' lang='grc' dir='ltr'>ἡμέρας</span> <span class='ocrx_word' id='word_1_561' title='bbox 1085 1603 1196 1634; x_wconf 82' lang='grc' dir='ltr'>ταύτας.</span> <span class='ocrx_word' id='word_1_562' title='bbox 1212 1613 1222 1629; x_wconf 76' lang='grc' dir='ltr'><strong><em>ι</em></strong></span> 
     </span>
    </p>
   </div>
   <div class='ocr_carea' id='block_1_75' title="bbox 995 1650 1755 1688">
    <p class='ocr_par' dir='ltr' id='par_1_75' title="bbox 995 1650 1755 1688">
     <span class='ocr_line' id='line_1_75' title="bbox 995 1650 1755 1688; baseline 0.005 -13"><span class='ocrx_word' id='word_1_563' title='bbox 995 1650 1268 1684; x_wconf 82' lang='grc' dir='ltr'>Προσυπακουστέον</span> <span class='ocrx_word' id='word_1_564' title='bbox 1285 1650 1424 1678; x_wconf 82' lang='grc' dir='ltr'>κάνταῦθα</span> <span class='ocrx_word' id='word_1_565' title='bbox 1441 1652 1471 1678; x_wconf 79' lang='grc' dir='ltr'>τὸ</span> <span class='ocrx_word' id='word_1_566' title='bbox 1482 1671 1490 1685; x_wconf 85' lang='grc'><strong>,</strong></span> <span class='ocrx_word' id='word_1_567' title='bbox 1506 1652 1578 1688; x_wconf 74' lang='grc' dir='ltr'>Πρὸς</span> <span class='ocrx_word' id='word_1_568' title='bbox 1593 1654 1657 1684; x_wconf 80' lang='grc' dir='ltr'>τοὺς</span> <span class='ocrx_word' id='word_1_569' title='bbox 1669 1653 1755 1680; x_wconf 76' lang='grc' dir='ltr'>πατε-</span> 
     </span>
    </p>
   </div>
   <div class='ocr_carea' id='block_1_76' title="bbox 963 1695 1756 1735">
    <p class='ocr_par' dir='ltr' id='par_1_76' title="bbox 963 1695 1756 1735">
     <span class='ocr_line' id='line_1_76' title="bbox 963 1695 1756 1735; baseline 0.006 -14"><span class='ocrx_word' id='word_1_570' title='bbox 963 1705 1012 1731; x_wconf 82' lang='grc' dir='ltr'>ρας</span> <span class='ocrx_word' id='word_1_571' title='bbox 1031 1696 1120 1731; x_wconf 82' lang='grc' dir='ltr'>ἡμῶν,</span> <span class='ocrx_word' id='word_1_572' title='bbox 1138 1697 1180 1722; x_wconf 81' lang='grc' dir='ltr'>ἵνα</span> <span class='ocrx_word' id='word_1_573' title='bbox 1224 1705 1230 1712; x_wconf 89' lang='grc'>·</span> <span class='ocrx_word' id='word_1_574' title='bbox 1245 1697 1298 1723; x_wconf 79' lang='grc' dir='ltr'><strong>Καὶ</strong></span> <span class='ocrx_word' id='word_1_575' title='bbox 1314 1697 1414 1729; x_wconf 84' lang='grc' dir='ltr'>πάντες</span> <span class='ocrx_word' id='word_1_576' title='bbox 1425 1698 1453 1724; x_wconf 79' lang='grc' dir='ltr'><strong>δὲ</strong></span> <span class='ocrx_word' id='word_1_577' title='bbox 1466 1699 1524 1725; x_wconf 78' lang='grc' dir='ltr'>ὅσοι</span> <span class='ocrx_word' id='word_1_578' title='bbox 1538 1699 1673 1735; x_wconf 78' lang='grc' dir='ltr'>ἐλάλησαν</span> <span class='ocrx_word' id='word_1_579' title='bbox 1685 1699 1756 1734; x_wconf 78' lang='grc' dir='ltr'>πρὸς</span> 
     </span>
    </p>
   </div>
   <div class='ocr_carea' id='block_1_77' title="bbox 962 1742 1271 1777">
    <p class='ocr_par' dir='ltr' id='par_1_77' title="bbox 962 1742 1271 1777">
     <span class='ocr_line' id='line_1_77' title="bbox 962 1742 1271 1777; baseline 0.003 -9"><span class='ocrx_word' id='word_1_580' title='bbox 962 1743 1025 1773; x_wconf 70' lang='grc' dir='ltr'>τοὺς</span> <span class='ocrx_word' id='word_1_581' title='bbox 1039 1743 1161 1776; x_wconf 79' lang='grc' dir='ltr'>πατέρας</span> <span class='ocrx_word' id='word_1_582' title='bbox 1181 1742 1271 1777; x_wconf 80' lang='grc' dir='ltr'>ἡμῶν.</span> 
     </span>
    </p>
   </div>
   <div class='ocr_carea' id='block_1_78' title="bbox 1000 1789 1756 1825">
    <p class='ocr_par' dir='ltr' id='par_1_78' title="bbox 1000 1789 1756 1825">
     <span class='ocr_line' id='line_1_78' title="bbox 1000 1789 1756 1825; baseline 0.004 -11"><span class='ocrx_word' id='word_1_583' title='bbox 1000 1798 1010 1814; x_wconf 68' lang='grc' dir='ltr'>ι</span> <span class='ocrx_word' id='word_1_584' title='bbox 1037 1789 1132 1824; x_wconf 82' lang='grc' dir='ltr'><strong>Ὑμεῖς</strong></span> <span class='ocrx_word' id='word_1_585' title='bbox 1151 1789 1213 1815; x_wconf 75' lang='grc' dir='ltr'>ἐστὲ</span> <span class='ocrx_word' id='word_1_586' title='bbox 1229 1789 1283 1815; x_wconf 71' lang='grc' dir='ltr'>υἱοὶ</span> <span class='ocrx_word' id='word_1_587' title='bbox 1297 1789 1350 1816; x_wconf 90' lang='grc' dir='ltr'><strong>τῶν</strong></span> <span class='ocrx_word' id='word_1_588' title='bbox 1364 1790 1512 1825; x_wconf 72' lang='grc' dir='ltr'>προφητῶν</span> <span class='ocrx_word' id='word_1_589' title='bbox 1527 1791 1637 1824; x_wconf 76' lang='grc' dir='ltr'>καὶτῆς</span> <span class='ocrx_word' id='word_1_590' title='bbox 1660 1790 1756 1825; x_wconf 81' lang='grc' dir='ltr'>διαθή-</span> 
     </span>
    </p>
   </div>
   <div class='ocr_carea' id='block_1_79' title="bbox 966 1833 1755 1872">
    <p class='ocr_par' dir='ltr' id='par_1_79' title="bbox 966 1833 1755 1872">
     <span class='ocr_line' id='line_1_79' title="bbox 966 1833 1755 1872; baseline 0.004 -11"><span class='ocrx_word' id='word_1_591' title='bbox 966 1845 975 1861; x_wconf 80' lang='grc'><strong>‹</strong></span> <span class='ocrx_word' id='word_1_592' title='bbox 995 1845 1056 1869; x_wconf 82' lang='grc' dir='ltr'>κης,</span> <span class='ocrx_word' id='word_1_593' title='bbox 1071 1833 1104 1872; x_wconf 81' lang='grc' dir='ltr'><strong>ἦς</strong></span> <span class='ocrx_word' id='word_1_594' title='bbox 1120 1835 1224 1862; x_wconf 79' lang='grc' dir='ltr'>διέθετο</span> <span class='ocrx_word' id='word_1_595' title='bbox 1239 1836 1253 1862; x_wconf 82' lang='grc' dir='ltr'><strong>ὁ</strong></span> <span class='ocrx_word' id='word_1_596' title='bbox 1271 1836 1337 1867; x_wconf 79' lang='grc' dir='ltr'>Θεδς</span> <span class='ocrx_word' id='word_1_597' title='bbox 1364 1837 1432 1872; x_wconf 68' lang='grc' dir='ltr'>πρὸς</span> <span class='ocrx_word' id='word_1_598' title='bbox 1443 1837 1507 1867; x_wconf 77' lang='grc' dir='ltr'>τοὺς</span> <span class='ocrx_word' id='word_1_599' title='bbox 1520 1837 1646 1872; x_wconf 81' lang='grc' dir='ltr'>Πατέρας</span> <span class='ocrx_word' id='word_1_600' title='bbox 1661 1838 1755 1872; x_wconf 86' lang='grc' dir='ltr'>ἡμῶν,</span> 
     </span>
    </p>
   </div>
   <div class='ocr_carea' id='block_1_80' title="bbox 967 1881 1754 1916">
    <p class='ocr_par' dir='ltr' id='par_1_80' title="bbox 967 1881 1754 1916">
     <span class='ocr_line' id='line_1_80' title="bbox 967 1881 1754 1916; baseline 0.001 -9"><span class='ocrx_word' id='word_1_601' title='bbox 967 1891 976 1907; x_wconf 79' lang='grc' dir='ltr'><strong>ι</strong></span> <span class='ocrx_word' id='word_1_602' title='bbox 995 1882 1082 1916; x_wconf 81' lang='grc' dir='ltr'>λέγων</span> <span class='ocrx_word' id='word_1_603' title='bbox 1110 1881 1178 1916; x_wconf 76' lang='grc' dir='ltr'>πρὸς</span> <span class='ocrx_word' id='word_1_604' title='bbox 1199 1881 1336 1916; x_wconf 73' lang='grc' dir='ltr'>Ἀϐραάμ.</span> <span class='ocrx_word' id='word_1_605' title='bbox 1365 1883 1420 1908; x_wconf 85' lang='grc' dir='ltr'><strong>Καὶ</strong></span> <span class='ocrx_word' id='word_1_606' title='bbox 1435 1882 1464 1907; x_wconf 82' lang='grc' dir='ltr'>ὲν</span> <span class='ocrx_word' id='word_1_607' title='bbox 1475 1881 1515 1916; x_wconf 84' lang='grc' dir='ltr'><strong>τῷ</strong></span> <span class='ocrx_word' id='word_1_608' title='bbox 1539 1883 1678 1916; x_wconf 83' lang='grc' dir='ltr'>σπέρματί</span> <span class='ocrx_word' id='word_1_609' title='bbox 1704 1891 1754 1909; x_wconf 74' lang='grc' dir='ltr'><strong>σου</strong></span> 
     </span>
    </p>
   </div>
   <div class='ocr_carea' id='block_1_81' title="bbox 968 1928 1756 1963">
    <p class='ocr_par' dir='ltr' id='par_1_81' title="bbox 968 1928 1756 1963">
     <span class='ocr_line' id='line_1_81' title="bbox 968 1928 1756 1963; baseline 0.003 -9"><span class='ocrx_word' id='word_1_610' title='bbox 968 1939 977 1954; x_wconf 77' lang='grc' dir='ltr'><strong>ι</strong></span> <span class='ocrx_word' id='word_1_611' title='bbox 994 1928 1221 1963; x_wconf 79' lang='grc' dir='ltr'>εὐλογηθήσονται</span> <span class='ocrx_word' id='word_1_612' title='bbox 1245 1929 1332 1954; x_wconf 77' lang='grc' dir='ltr'>πᾶσαι</span> <span class='ocrx_word' id='word_1_613' title='bbox 1345 1928 1374 1954; x_wconf 78' lang='grc' dir='ltr'>αἱ</span> <span class='ocrx_word' id='word_1_614' title='bbox 1396 1929 1510 1962; x_wconf 71' lang='grc' dir='ltr'>πατριαὶ</span> <span class='ocrx_word' id='word_1_615' title='bbox 1522 1928 1572 1962; x_wconf 81' lang='grc' dir='ltr'>τῆς</span> <span class='ocrx_word' id='word_1_616' title='bbox 1602 1930 1665 1963; x_wconf 83' lang='grc' dir='ltr'>γῆς’</span> <span class='ocrx_word' id='word_1_617' title='bbox 1689 1929 1756 1963; x_wconf 72' lang='grc' dir='ltr'>ὑμῖν</span> 
     </span>
    </p>
   </div>
   <div class='ocr_carea' id='block_1_82' title="bbox 969 1974 1754 2011">
    <p class='ocr_par' dir='ltr' id='par_1_82' title="bbox 969 1974 1754 2011">
     <span class='ocr_line' id='line_1_82' title="bbox 969 1974 1754 2011; baseline 0.001 -11"><span class='ocrx_word' id='word_1_618' title='bbox 969 1985 978 2000; x_wconf 74' lang='grc' dir='ltr'><strong><em>ι</em></strong></span> <span class='ocrx_word' id='word_1_619' title='bbox 996 1976 1103 2010; x_wconf 81' lang='grc' dir='ltr'>πρῶτον</span> <span class='ocrx_word' id='word_1_620' title='bbox 1117 1976 1130 2001; x_wconf 82' lang='grc' dir='ltr'>ὁ</span> <span class='ocrx_word' id='word_1_621' title='bbox 1144 1974 1219 2005; x_wconf 68' lang='grc' dir='ltr'>Θεδς,</span> <span class='ocrx_word' id='word_1_622' title='bbox 1236 1974 1391 2007; x_wconf 78' lang='grc' dir='ltr'>ἀναστήσας</span> <span class='ocrx_word' id='word_1_623' title='bbox 1417 1974 1461 2001; x_wconf 75' lang='grc' dir='ltr'><strong>τον</strong></span> <span class='ocrx_word' id='word_1_624' title='bbox 1480 1974 1565 2000; x_wconf 83' lang='grc' dir='ltr'>Παῖδα</span> <span class='ocrx_word' id='word_1_625' title='bbox 1595 1974 1677 2001; x_wconf 77' lang='grc' dir='ltr'>αὐτοῦ</span> <span class='ocrx_word' id='word_1_626' title='bbox 1700 1976 1754 2011; x_wconf 84' lang='grc' dir='ltr'><strong>Ἰη-</strong></span> 
     </span>
    </p>
   </div>
   <div class='ocr_carea' id='block_1_83' title="bbox 969 2019 1755 2056">
    <p class='ocr_par' dir='ltr' id='par_1_83' title="bbox 969 2019 1755 2056">
     <span class='ocr_line' id='line_1_83' title="bbox 969 2019 1755 2056; baseline 0.004 -11"><span class='ocrx_word' id='word_1_627' title='bbox 969 2031 978 2045; x_wconf 81' lang='grc'><em>‹</em></span> <span class='ocrx_word' id='word_1_628' title='bbox 999 2021 1080 2052; x_wconf 80' lang='grc' dir='ltr'>σοῦν,</span> <span class='ocrx_word' id='word_1_629' title='bbox 1105 2019 1265 2046; x_wconf 80' lang='grc' dir='ltr'>ἀπέστειλεν</span> <span class='ocrx_word' id='word_1_630' title='bbox 1298 2019 1380 2046; x_wconf 75' lang='grc' dir='ltr'>αὑτὸν</span> <span class='ocrx_word' id='word_1_631' title='bbox 1407 2020 1572 2054; x_wconf 82' lang='grc' dir='ltr'>εὐλογοῦντα</span> <span class='ocrx_word' id='word_1_632' title='bbox 1598 2021 1670 2056; x_wconf 76' lang='grc' dir='ltr'><strong>ὑμᾶς</strong></span> <span class='ocrx_word' id='word_1_633' title='bbox 1687 2041 1694 2053; x_wconf 86' lang='grc'><strong>,</strong></span> <span class='ocrx_word' id='word_1_634' title='bbox 1725 2023 1755 2048; x_wconf 81' lang='grc' dir='ltr'>ἐν</span> 
     </span>
    </p>
   </div>
   <div class='ocr_carea' id='block_1_84' title="bbox 969 2064 1755 2102">
    <p class='ocr_par' dir='ltr' id='par_1_84' title="bbox 969 2064 1755 2102">
     <span class='ocr_line' id='line_1_84' title="bbox 969 2064 1755 2102; baseline 0 -10"><span class='ocrx_word' id='word_1_635' title='bbox 969 2076 979 2092; x_wconf 84' lang='grc'><strong><em>‹</em></strong></span> <span class='ocrx_word' id='word_1_636' title='bbox 996 2066 1036 2101; x_wconf 80' lang='grc' dir='ltr'><strong>τῷ</strong></span> <span class='ocrx_word' id='word_1_637' title='bbox 1063 2064 1247 2099; x_wconf 76' lang='grc' dir='ltr'>ἀποστρέφειν</span> <span class='ocrx_word' id='word_1_638' title='bbox 1281 2064 1397 2091; x_wconf 75' lang='grc' dir='ltr'>ἕκαστον</span> <span class='ocrx_word' id='word_1_639' title='bbox 1435 2065 1489 2092; x_wconf 80' lang='grc' dir='ltr'><strong>ἀπὸ</strong></span> <span class='ocrx_word' id='word_1_640' title='bbox 1522 2065 1576 2092; x_wconf 87' lang='grc' dir='ltr'><strong>τῶν</strong></span> <span class='ocrx_word' id='word_1_641' title='bbox 1617 2066 1755 2102; x_wconf 77' lang='grc' dir='ltr'>πονηριῶν</span> 
     </span>
    </p>
   </div>
   <div class='ocr_carea' id='block_1_85' title="bbox 926 2111 1112 2151">
    <p class='ocr_par' dir='ltr' id='par_1_85' title="bbox 926 2111 1112 2151">
     <span class='ocr_line' id='line_1_85' title="bbox 926 2111 1112 2151; baseline -0.005 -13"><span class='ocrx_word' id='word_1_642' title='bbox 926 2121 953 2151; x_wconf 84' lang='lat' dir='ltr'>D</span> <span class='ocrx_word' id='word_1_643' title='bbox 969 2121 978 2138; x_wconf 72' lang='grc' dir='ltr'><strong>ι</strong></span> <span class='ocrx_word' id='word_1_644' title='bbox 997 2111 1085 2147; x_wconf 71' lang='grc' dir='ltr'>ὑμῶν.</span> <span class='ocrx_word' id='word_1_645' title='bbox 1102 2121 1112 2137; x_wconf 70' lang='grc' dir='ltr'><strong><em>ι</em></strong></span> 
     </span>
    </p>
   </div>
   <div class='ocr_carea' id='block_1_86' title="bbox 165 2153 916 2191">
    <p class='ocr_par' dir='ltr' id='par_1_86' title="bbox 165 2153 916 2191">
     <span class='ocr_line' id='line_1_86' title="bbox 165 2153 916 2191; baseline 0.007 -10"><span class='ocrx_word' id='word_1_646' title='bbox 165 2163 176 2181; x_wconf 74' lang='grc' dir='ltr'><strong>ι</strong></span> <span class='ocrx_word' id='word_1_647' title='bbox 195 2153 250 2182; x_wconf 79' lang='lat' dir='ltr'><strong>Vos</strong></span> <span class='ocrx_word' id='word_1_648' title='bbox 264 2155 331 2182; x_wconf 83' lang='lat' dir='ltr'><strong>estis</strong></span> <span class='ocrx_word' id='word_1_649' title='bbox 348 2155 393 2183; x_wconf 89' lang='lat' dir='ltr'><strong>lilii</strong></span> <span class='ocrx_word' id='word_1_650' title='bbox 418 2155 610 2190; x_wconf 88' lang='lat' dir='ltr'><strong>prophetarum</strong></span> <span class='ocrx_word' id='word_1_651' title='bbox 631 2165 638 2183; x_wconf 92' lang='lat'>:</span> <span class='ocrx_word' id='word_1_652' title='bbox 660 2166 669 2183; x_wconf 77' lang='grc' dir='ltr'>ι</span> <span class='ocrx_word' id='word_1_653' title='bbox 685 2157 736 2185; x_wconf 88' lang='lat' dir='ltr'><strong>hoc</strong></span> <span class='ocrx_word' id='word_1_654' title='bbox 757 2165 809 2191; x_wconf 82' lang='lat' dir='ltr'><strong>est,</strong></span> <span class='ocrx_word' id='word_1_655' title='bbox 825 2166 860 2186; x_wconf 90' lang='lat' dir='ltr'><strong>ne</strong></span> <span class='ocrx_word' id='word_1_656' title='bbox 877 2159 916 2185; x_wconf 90' lang='lat' dir='ltr'><strong>ti-</strong></span> 
     </span>
    </p>
   </div>
   <div class='ocr_carea' id='block_1_87' title="bbox 127 2200 914 2239">
    <p class='ocr_par' dir='ltr' id='par_1_87' title="bbox 127 2200 914 2239">
     <span class='ocr_line' id='line_1_87' title="bbox 127 2200 914 2239; baseline 0.006 -12"><span class='ocrx_word' id='word_1_657' title='bbox 127 2200 235 2234; x_wconf 82' lang='lat' dir='ltr'><strong>meatis,</strong></span> <span class='ocrx_word' id='word_1_658' title='bbox 251 2208 339 2236; x_wconf 85' lang='lat' dir='ltr'><strong>neque</strong></span> <span class='ocrx_word' id='word_1_659' title='bbox 357 2201 520 2229; x_wconf 83' lang='lat' dir='ltr'><strong>existimetis</strong></span> <span class='ocrx_word' id='word_1_660' title='bbox 543 2210 592 2230; x_wconf 86' lang='lat' dir='ltr'><strong>vos</strong></span> <span class='ocrx_word' id='word_1_661' title='bbox 614 2203 718 2231; x_wconf 85' lang='lat' dir='ltr'><strong>alienos</strong></span> <span class='ocrx_word' id='word_1_662' title='bbox 736 2212 798 2232; x_wconf 82' lang='lat' dir='ltr'><strong>esse</strong></span> <span class='ocrx_word' id='word_1_663' title='bbox 814 2212 829 2231; x_wconf 91' lang='lat' dir='ltr'><strong>a</strong></span> <span class='ocrx_word' id='word_1_664' title='bbox 848 2213 914 2239; x_wconf 86' lang='lat' dir='ltr'><strong>pro-</strong></span> 
     </span>
    </p>
   </div>
   <div class='ocr_carea' id='block_1_88' title="bbox 127 2247 916 2285">
    <p class='ocr_par' dir='ltr' id='par_1_88' title="bbox 127 2247 916 2285">
     <span class='ocr_line' id='line_1_88' title="bbox 127 2247 916 2285; baseline 0.006 -12"><span class='ocrx_word' id='word_1_665' title='bbox 127 2247 306 2274; x_wconf 79' lang='lat' dir='ltr'><strong>missionibus</strong></span> <span class='ocrx_word' id='word_1_666' title='bbox 330 2257 336 2274; x_wconf 91' lang='lat'><strong>:</strong></span> <span class='ocrx_word' id='word_1_667' title='bbox 355 2255 402 2274; x_wconf 80' lang='lat' dir='ltr'><strong>vos</strong></span> <span class='ocrx_word' id='word_1_668' title='bbox 424 2249 492 2276; x_wconf 82' lang='lat' dir='ltr'><strong>estis</strong></span> <span class='ocrx_word' id='word_1_669' title='bbox 523 2249 571 2276; x_wconf 87' lang='lat' dir='ltr'><strong>lilii</strong></span> <span class='ocrx_word' id='word_1_670' title='bbox 598 2249 802 2284; x_wconf 87' lang='lat' dir='ltr'><strong>prophetarum,</strong></span> <span class='ocrx_word' id='word_1_671' title='bbox 824 2251 916 2285; x_wconf 87' lang='lat' dir='ltr'><strong>itaque</strong></span> 
     </span>
    </p>
   </div>
   <div class='ocr_carea' id='block_1_89' title="bbox 128 2293 916 2329">
    <p class='ocr_par' dir='ltr' id='par_1_89' title="bbox 128 2293 916 2329">
     <span class='ocr_line' id='line_1_89' title="bbox 128 2293 916 2329; baseline 0.005 -10"><span class='ocrx_word' id='word_1_672' title='bbox 128 2293 206 2320; x_wconf 68' lang='lat' dir='ltr'><strong>vobis</strong></span> <span class='ocrx_word' id='word_1_673' title='bbox 220 2293 359 2325; x_wconf 81' lang='lat' dir='ltr'><strong>dicebant,</strong></span> <span class='ocrx_word' id='word_1_674' title='bbox 375 2300 401 2321; x_wconf 86' lang='lat' dir='ltr'><strong>et</strong></span> <span class='ocrx_word' id='word_1_675' title='bbox 418 2299 528 2329; x_wconf 80' lang='lat' dir='ltr'><strong>propter</strong></span> <span class='ocrx_word' id='word_1_676' title='bbox 544 2302 593 2322; x_wconf 86' lang='lat' dir='ltr'><strong>vos</strong></span> <span class='ocrx_word' id='word_1_677' title='bbox 615 2296 671 2323; x_wconf 72' lang='lat' dir='ltr'><strong>hazc</strong></span> <span class='ocrx_word' id='word_1_678' title='bbox 691 2296 760 2323; x_wconf 82' lang='lat' dir='ltr'><strong>facta</strong></span> <span class='ocrx_word' id='word_1_679' title='bbox 777 2302 852 2323; x_wconf 89' lang='lat' dir='ltr'><strong>sunt.</strong></span> <span class='ocrx_word' id='word_1_680' title='bbox 862 2297 916 2324; x_wconf 83' lang='lat' dir='ltr'><strong>Vos</strong></span> 
     </span>
    </p>
   </div>
   <div class='ocr_carea' id='block_1_90' title="bbox 129 2338 915 2377">
    <p class='ocr_par' dir='ltr' id='par_1_90' title="bbox 129 2338 915 2377">
     <span class='ocr_line' id='line_1_90' title="bbox 129 2338 915 2377; baseline 0.006 -12"><span class='ocrx_word' id='word_1_681' title='bbox 129 2338 239 2373; x_wconf 89' lang='lat' dir='ltr'><strong>quidem</strong></span> <span class='ocrx_word' id='word_1_682' title='bbox 251 2340 318 2368; x_wconf 85' lang='lat' dir='ltr'><strong>estis</strong></span> <span class='ocrx_word' id='word_1_683' title='bbox 333 2340 378 2366; x_wconf 87' lang='lat' dir='ltr'><strong>lilii</strong></span> <span class='ocrx_word' id='word_1_684' title='bbox 397 2341 602 2375; x_wconf 79' lang='lat' dir='ltr'><strong>prophetarum.</strong></span> <span class='ocrx_word' id='word_1_685' title='bbox 614 2342 672 2377; x_wconf 91' lang='lat' dir='ltr'><strong>ipse</strong></span> <span class='ocrx_word' id='word_1_686' title='bbox 687 2350 751 2370; x_wconf 88' lang='lat' dir='ltr'><strong>vero</strong></span> <span class='ocrx_word' id='word_1_687' title='bbox 767 2342 854 2369; x_wconf 85' lang='lat' dir='ltr'><strong>Filius</strong></span> <span class='ocrx_word' id='word_1_688' title='bbox 867 2343 915 2370; x_wconf 85' lang='lat' dir='ltr'><strong>Dei</strong></span> 
     </span>
    </p>
   </div>
   <div class='ocr_carea' id='block_1_91' title="bbox 127 2385 916 2421">
    <p class='ocr_par' dir='ltr' id='par_1_91' title="bbox 127 2385 916 2421">
     <span class='ocr_line' id='line_1_91' title="bbox 127 2385 916 2421; baseline 0.004 -10"><span class='ocrx_word' id='word_1_689' title='bbox 127 2389 179 2416; x_wconf 86' lang='lat' dir='ltr'><strong>est,</strong></span> <span class='ocrx_word' id='word_1_690' title='bbox 199 2385 246 2419; x_wconf 92' lang='lat' dir='ltr'><strong>qui</strong></span> <span class='ocrx_word' id='word_1_691' title='bbox 271 2386 443 2421; x_wconf 85' lang='lat' dir='ltr'><strong>participavit</strong></span> <span class='ocrx_word' id='word_1_692' title='bbox 459 2387 487 2414; x_wconf 89' lang='lat' dir='ltr'><strong>in</strong></span> <span class='ocrx_word' id='word_1_693' title='bbox 508 2395 536 2415; x_wconf 81' lang='lat' dir='ltr'><strong>se</strong></span> <span class='ocrx_word' id='word_1_694' title='bbox 552 2387 644 2415; x_wconf 83' lang='lat' dir='ltr'><strong>Patris</strong></span> <span class='ocrx_word' id='word_1_695' title='bbox 654 2388 863 2420; x_wconf 85' lang='lat' dir='ltr'><strong>.substantiam,</strong></span> <span class='ocrx_word' id='word_1_696' title='bbox 884 2396 916 2416; x_wconf 89' lang='lat' dir='ltr'><strong>ae</strong></span> 
     </span>
    </p>
   </div>
   <div class='ocr_carea' id='block_1_92' title="bbox 129 2431 917 2468">
    <p class='ocr_par' dir='ltr' id='par_1_92' title="bbox 129 2431 917 2468">
     <span class='ocr_line' id='line_1_92' title="bbox 129 2431 917 2468; baseline 0.004 -11"><span class='ocrx_word' id='word_1_697' title='bbox 129 2431 251 2466; x_wconf 86' lang='lat' dir='ltr'><strong>seipsutn</strong></span> <span class='ocrx_word' id='word_1_698' title='bbox 267 2432 328 2459; x_wconf 89' lang='lat' dir='ltr'><strong>aliis</strong></span> <span class='ocrx_word' id='word_1_699' title='bbox 344 2433 561 2468; x_wconf 86' lang='lat' dir='ltr'><strong>participandum</strong></span> <span class='ocrx_word' id='word_1_700' title='bbox 585 2433 669 2461; x_wconf 87' lang='lat' dir='ltr'><strong>dedit.</strong></span> <span class='ocrx_word' id='word_1_701' title='bbox 694 2443 704 2459; x_wconf 77' lang='grc' dir='ltr'><strong>ι</strong></span> <span class='ocrx_word' id='word_1_702' title='bbox 720 2434 774 2461; x_wconf 85' lang='lat' dir='ltr'><strong>Vos</strong></span> <span class='ocrx_word' id='word_1_703' title='bbox 787 2434 853 2461; x_wconf 84' lang='lat' dir='ltr'><strong>estis</strong></span> <span class='ocrx_word' id='word_1_704' title='bbox 869 2434 917 2460; x_wconf 88' lang='lat' dir='ltr'><strong>lilii</strong></span> 
     </span>
    </p>
   </div>
   <div class='ocr_carea' id='block_1_93' title="bbox 129 2479 916 2513">
    <p class='ocr_par' dir='ltr' id='par_1_93' title="bbox 129 2479 916 2513">
     <span class='ocr_line' id='line_1_93' title="bbox 129 2479 916 2513; baseline 0.004 -9"><span class='ocrx_word' id='word_1_705' title='bbox 129 2479 321 2513; x_wconf 88' lang='lat' dir='ltr'><strong>prophetarum</strong></span> <span class='ocrx_word' id='word_1_706' title='bbox 336 2484 363 2506; x_wconf 87' lang='lat' dir='ltr'><strong>et</strong></span> <span class='ocrx_word' id='word_1_707' title='bbox 380 2480 546 2507; x_wconf 88' lang='lat' dir='ltr'><strong>testamenti.</strong></span> <span class='ocrx_word' id='word_1_708' title='bbox 563 2489 572 2506; x_wconf 79' lang='grc' dir='ltr'><strong><em>ι</em></strong></span> <span class='ocrx_word' id='word_1_709' title='bbox 595 2480 667 2513; x_wconf 86' lang='lat' dir='ltr'><strong>Filii,</strong></span> <span class='ocrx_word' id='word_1_710' title='bbox 688 2481 738 2507; x_wconf 91' lang='lat' dir='ltr'><strong>hoc</strong></span> <span class='ocrx_word' id='word_1_711' title='bbox 762 2484 805 2507; x_wconf 81' lang='lat' dir='ltr'><strong>est</strong></span> <span class='ocrx_word' id='word_1_712' title='bbox 829 2480 916 2507; x_wconf 64' lang='lat' dir='ltr'><strong>hare-</strong></span> 
     </span>
    </p>
   </div>
   <div class='ocr_carea' id='block_1_94' title="bbox 129 2518 918 2558">
    <p class='ocr_par' dir='ltr' id='par_1_94' title="bbox 129 2518 918 2558">
     <span class='ocr_line' id='line_1_94' title="bbox 129 2518 918 2558; baseline 0.003 -8"><span class='ocrx_word' id='word_1_713' title='bbox 129 2518 198 2551; x_wconf 81' lang='lat' dir='ltr'><strong>des:</strong></span> <span class='ocrx_word' id='word_1_714' title='bbox 215 2532 277 2551; x_wconf 90' lang='lat' dir='ltr'><strong>nam</strong></span> <span class='ocrx_word' id='word_1_715' title='bbox 293 2525 315 2551; x_wconf 90' lang='lat' dir='ltr'><strong>si</strong></span> <span class='ocrx_word' id='word_1_716' title='bbox 329 2524 412 2558; x_wconf 83' lang='lat' dir='ltr'><strong>illius,</strong></span> <span class='ocrx_word' id='word_1_717' title='bbox 425 2529 452 2552; x_wconf 88' lang='lat' dir='ltr'><strong>et</strong></span> <span class='ocrx_word' id='word_1_718' title='bbox 468 2525 554 2553; x_wconf 78' lang='lat' dir='ltr'><strong>lueres</strong></span> <span class='ocrx_word' id='word_1_719' title='bbox 571 2534 579 2551; x_wconf 90' lang='lat'><strong>:</strong></span> <span class='ocrx_word' id='word_1_720' title='bbox 595 2526 716 2552; x_wconf 67' lang='lat' dir='ltr'><strong>haeredes</strong></span> <span class='ocrx_word' id='word_1_721' title='bbox 728 2532 791 2552; x_wconf 86' lang='lat' dir='ltr'><strong>vero</strong></span> <span class='ocrx_word' id='word_1_722' title='bbox 804 2532 858 2552; x_wconf 92' lang='lat' dir='ltr'><strong>non</strong></span> <span class='ocrx_word' id='word_1_723' title='bbox 875 2533 918 2552; x_wconf 88' lang='lat' dir='ltr'><strong>re-</strong></span> 
     </span>
    </p>
   </div>
   <div class='ocr_carea' id='block_1_95' title="bbox 130 2570 918 2606">
    <p class='ocr_par' dir='ltr' id='par_1_95' title="bbox 130 2570 918 2606">
     <span class='ocr_line' id='line_1_95' title="bbox 130 2570 918 2606; baseline 0.001 -9"><span class='ocrx_word' id='word_1_724' title='bbox 130 2574 222 2597; x_wconf 76' lang='lat' dir='ltr'><strong>center</strong></span> <span class='ocrx_word' id='word_1_725' title='bbox 239 2570 374 2605; x_wconf 86' lang='lat' dir='ltr'><strong>inscripti,</strong></span> <span class='ocrx_word' id='word_1_726' title='bbox 398 2570 445 2598; x_wconf 83' lang='lat' dir='ltr'><strong>sed</strong></span> <span class='ocrx_word' id='word_1_727' title='bbox 469 2576 598 2606; x_wconf 78' lang='lat' dir='ltr'><strong>tanquam</strong></span> <span class='ocrx_word' id='word_1_728' title='bbox 616 2571 673 2597; x_wconf 84' lang='lat' dir='ltr'><strong>ﬁlii.</strong></span> <span class='ocrx_word' id='word_1_729' title='bbox 689 2570 720 2596; x_wconf 90' lang='lat' dir='ltr'><strong>Et</strong></span> <span class='ocrx_word' id='word_1_730' title='bbox 741 2575 770 2597; x_wconf 87' lang='lat' dir='ltr'><strong>ut</strong></span> <span class='ocrx_word' id='word_1_731' title='bbox 793 2571 918 2598; x_wconf 85' lang='lat' dir='ltr'><strong>ostendat</strong></span> 
     </span>
    </p>
   </div>
   <div class='ocr_carea' id='block_1_96' title="bbox 130 2616 917 2652">
    <p class='ocr_par' dir='ltr' id='par_1_96' title="bbox 130 2616 917 2652">
     <span class='ocr_line' id='line_1_96' title="bbox 130 2616 917 2652; baseline 0.004 -11"><span class='ocrx_word' id='word_1_732' title='bbox 130 2616 201 2650; x_wconf 84' lang='lat' dir='ltr'><strong>quod</strong></span> <span class='ocrx_word' id='word_1_733' title='bbox 219 2620 350 2650; x_wconf 89' lang='lat' dir='ltr'><strong>quantum</strong></span> <span class='ocrx_word' id='word_1_734' title='bbox 375 2620 418 2644; x_wconf 87' lang='lat' dir='ltr'><strong>est</strong></span> <span class='ocrx_word' id='word_1_735' title='bbox 434 2625 466 2644; x_wconf 82' lang='lat' dir='ltr'><strong>ex</strong></span> <span class='ocrx_word' id='word_1_736' title='bbox 490 2617 647 2652; x_wconf 83' lang='lat' dir='ltr'><strong>adoptione,</strong></span> <span class='ocrx_word' id='word_1_737' title='bbox 663 2617 758 2651; x_wconf 91' lang='lat' dir='ltr'><strong>utique</strong></span> <span class='ocrx_word' id='word_1_738' title='bbox 777 2617 800 2644; x_wconf 78' lang='lat' dir='ltr'><strong>si</strong></span> <span class='ocrx_word' id='word_1_739' title='bbox 822 2617 917 2650; x_wconf 71' lang='lat' dir='ltr'><strong>velint,</strong></span> 
     </span>
    </p>
   </div>
   <div class='ocr_carea' id='block_1_97' title="bbox 130 2662 919 2698">
    <p class='ocr_par' dir='ltr' id='par_1_97' title="bbox 130 2662 919 2698">
     <span class='ocr_line' id='line_1_97' title="bbox 130 2662 919 2698; baseline 0.003 -10"><span class='ocrx_word' id='word_1_740' title='bbox 130 2662 251 2689; x_wconf 64' lang='lat' dir='ltr'><strong>hmretles</strong></span> <span class='ocrx_word' id='word_1_741' title='bbox 266 2667 329 2689; x_wconf 85' lang='lat' dir='ltr'><strong>sunt</strong></span> <span class='ocrx_word' id='word_1_742' title='bbox 350 2667 377 2690; x_wconf 85' lang='lat' dir='ltr'><strong>et</strong></span> <span class='ocrx_word' id='word_1_743' title='bbox 403 2663 455 2698; x_wconf 90' lang='lat' dir='ltr'><strong>ipsi</strong></span> <span class='ocrx_word' id='word_1_744' title='bbox 477 2667 606 2697; x_wconf 87' lang='lat' dir='ltr'><strong>tanquam</strong></span> <span class='ocrx_word' id='word_1_745' title='bbox 626 2663 672 2690; x_wconf 90' lang='lat' dir='ltr'><strong>lilii</strong></span> <span class='ocrx_word' id='word_1_746' title='bbox 690 2662 773 2690; x_wconf 88' lang='lat' dir='ltr'><strong>:ideo</strong></span> <span class='ocrx_word' id='word_1_747' title='bbox 786 2663 868 2690; x_wconf 90' lang='lat' dir='ltr'><strong>etiam</strong></span> <span class='ocrx_word' id='word_1_748' title='bbox 889 2667 919 2690; x_wconf 82' lang='lat' dir='ltr'><strong>ut</strong></span> 
     </span>
    </p>
   </div>
   <div class='ocr_carea' id='block_1_98' title="bbox 131 2707 918 2744">
    <p class='ocr_par' dir='ltr' id='par_1_98' title="bbox 131 2707 918 2744">
     <span class='ocr_line' id='line_1_98' title="bbox 131 2707 918 2744; baseline 0.005 -10"><span class='ocrx_word' id='word_1_749' title='bbox 131 2707 312 2743; x_wconf 85' lang='lat' dir='ltr'><strong>ﬁliis,inquit,</strong></span> <span class='ocrx_word' id='word_1_750' title='bbox 323 2709 399 2737; x_wconf 87' lang='lat' dir='ltr'><strong>misit</strong></span> <span class='ocrx_word' id='word_1_751' title='bbox 416 2708 606 2736; x_wconf 82' lang='lat' dir='ltr'><strong>Filiutn.Misit</strong></span> <span class='ocrx_word' id='word_1_752' title='bbox 619 2709 728 2744; x_wconf 89' lang='lat' dir='ltr'><strong>quidem</strong></span> <span class='ocrx_word' id='word_1_753' title='bbox 745 2713 772 2737; x_wconf 87' lang='lat' dir='ltr'><strong>et</strong></span> <span class='ocrx_word' id='word_1_754' title='bbox 783 2709 855 2741; x_wconf 86' lang='lat' dir='ltr'><strong>aliis,</strong></span> <span class='ocrx_word' id='word_1_755' title='bbox 870 2710 918 2738; x_wconf 81' lang='lat' dir='ltr'><strong>sed</strong></span> 
     </span>
    </p>
   </div>
   <div class='ocr_carea' id='block_1_99' title="bbox 132 2753 920 2793">
    <p class='ocr_par' dir='ltr' id='par_1_99' title="bbox 132 2753 920 2793">
     <span class='ocr_line' id='line_1_99' title="bbox 132 2753 920 2793; baseline 0.004 -11"><span class='ocrx_word' id='word_1_756' title='bbox 132 2753 207 2783; x_wconf 73' lang='lat' dir='ltr'><strong>vobis</strong></span> <span class='ocrx_word' id='word_1_757' title='bbox 227 2757 344 2791; x_wconf 87' lang='lat' dir='ltr'><strong>primum</strong></span> <span class='ocrx_word' id='word_1_758' title='bbox 361 2762 369 2782; x_wconf 88' lang='lat'><strong>:</strong></span> <span class='ocrx_word' id='word_1_759' title='bbox 387 2763 476 2791; x_wconf 81' lang='lat' dir='ltr'><strong>neque</strong></span> <span class='ocrx_word' id='word_1_760' title='bbox 490 2755 515 2783; x_wconf 90' lang='lat' dir='ltr'><strong>id</strong></span> <span class='ocrx_word' id='word_1_761' title='bbox 537 2759 651 2790; x_wconf 87' lang='lat' dir='ltr'><strong>tantum,</strong></span> <span class='ocrx_word' id='word_1_762' title='bbox 663 2755 710 2785; x_wconf 85' lang='lat' dir='ltr'><strong>sed</strong></span> <span class='ocrx_word' id='word_1_763' title='bbox 728 2757 846 2792; x_wconf 87' lang='lat' dir='ltr'><strong>primum</strong></span> <span class='ocrx_word' id='word_1_764' title='bbox 859 2757 920 2793; x_wconf 88' lang='lat' dir='ltr'><strong>qni-</strong></span> 
     </span>
    </p>
   </div>
   <div class='ocr_carea' id='block_1_100' title="bbox 166 2842 409 2879">
    <p class='ocr_par' dir='ltr' id='par_1_100' title="bbox 166 2842 409 2879">
     <span class='ocr_line' id='line_1_100' title="bbox 166 2842 409 2879; baseline 0.004 -9"><span class='ocrx_word' id='word_1_765' title='bbox 166 2842 190 2879; x_wconf 54' lang='lat' dir='ltr'><strong>‘F</strong></span> <span class='ocrx_word' id='word_1_766' title='bbox 206 2843 274 2871; x_wconf 87' lang='lat' dir='ltr'><strong>Gen.</strong></span> <span class='ocrx_word' id='word_1_767' title='bbox 287 2844 409 2875; x_wconf 67' lang='lat' dir='ltr'><strong>xxtt.18.</strong></span> 
     </span>
    </p>
   </div>
   <div class='ocr_carea' id='block_1_101' title="bbox 1004 2157 1754 2193">
    <p class='ocr_par' dir='ltr' id='par_1_101' title="bbox 1004 2157 1754 2193">
     <span class='ocr_line' id='line_1_101' title="bbox 1004 2157 1754 2193; baseline 0.004 -10"><span class='ocrx_word' id='word_1_768' title='bbox 1004 2167 1013 2184; x_wconf 75' lang='grc' dir='ltr'>ι</span> <span class='ocrx_word' id='word_1_769' title='bbox 1038 2158 1132 2192; x_wconf 82' lang='grc' dir='ltr'>Ὑμεῖς</span> <span class='ocrx_word' id='word_1_770' title='bbox 1151 2157 1212 2183; x_wconf 73' lang='grc' dir='ltr'>ὲστὲ</span> <span class='ocrx_word' id='word_1_771' title='bbox 1234 2158 1288 2184; x_wconf 73' lang='grc' dir='ltr'>υἱοὶ</span> <span class='ocrx_word' id='word_1_772' title='bbox 1321 2157 1376 2184; x_wconf 81' lang='grc' dir='ltr'><strong>τῶν</strong></span> <span class='ocrx_word' id='word_1_773' title='bbox 1404 2159 1561 2193; x_wconf 79' lang='grc' dir='ltr'>προφητῶν,</span> <span class='ocrx_word' id='word_1_774' title='bbox 1581 2169 1590 2185; x_wconf 76' lang='grc' dir='ltr'>ι</span> <span class='ocrx_word' id='word_1_775' title='bbox 1611 2159 1671 2186; x_wconf 75' lang='grc' dir='ltr'>ἀντὶ</span> <span class='ocrx_word' id='word_1_776' title='bbox 1694 2160 1754 2193; x_wconf 76' lang='grc' dir='ltr'>τοῦ,</span> 
     </span>
    </p>
   </div>
   <div class='ocr_carea' id='block_1_102' title="bbox 965 2203 1755 2240">
    <p class='ocr_par' dir='ltr' id='par_1_102' title="bbox 965 2203 1755 2240">
     <span class='ocr_line' id='line_1_102' title="bbox 965 2203 1755 2240; baseline 0 -8"><span class='ocrx_word' id='word_1_777' title='bbox 965 2205 1012 2240; x_wconf 81' lang='grc' dir='ltr'><strong>Μὴ</strong></span> <span class='ocrx_word' id='word_1_778' title='bbox 1035 2204 1161 2230; x_wconf 82' lang='grc' dir='ltr'>πτοεῖσθε</span> <span class='ocrx_word' id='word_1_779' title='bbox 1184 2203 1251 2238; x_wconf 80' lang='grc' dir='ltr'>μηδὲ</span> <span class='ocrx_word' id='word_1_780' title='bbox 1282 2204 1405 2236; x_wconf 77' lang='grc' dir='ltr'>νομίζετε</span> <span class='ocrx_word' id='word_1_781' title='bbox 1424 2205 1621 2240; x_wconf 74' lang='grc' dir='ltr'>ἠλλοτριῶσθαι</span> <span class='ocrx_word' id='word_1_782' title='bbox 1643 2207 1755 2238; x_wconf 76' lang='grc' dir='ltr'>ἑαυτοὺς</span> 
     </span>
    </p>
   </div>
   <div class='ocr_carea' id='block_1_103' title="bbox 967 2249 1750 2286">
    <p class='ocr_par' dir='ltr' id='par_1_103' title="bbox 967 2249 1750 2286">
     <span class='ocr_line' id='line_1_103' title="bbox 967 2249 1750 2286; baseline -0.001 -9"><span class='ocrx_word' id='word_1_783' title='bbox 967 2250 1022 2277; x_wconf 84' lang='grc' dir='ltr'><strong>τῶν</strong></span> <span class='ocrx_word' id='word_1_784' title='bbox 1037 2249 1220 2284; x_wconf 77' lang='grc' dir='ltr'>ἐπαγγελιῶν.</span> <span class='ocrx_word' id='word_1_785' title='bbox 1247 2249 1342 2283; x_wconf 81' lang='grc' dir='ltr'>Ὑμεῖς</span> <span class='ocrx_word' id='word_1_786' title='bbox 1369 2249 1431 2275; x_wconf 59' lang='lat' dir='ltr'><strong>me</strong></span> <span class='ocrx_word' id='word_1_787' title='bbox 1448 2250 1502 2276; x_wconf 77' lang='grc' dir='ltr'>υἱοὶ</span> <span class='ocrx_word' id='word_1_788' title='bbox 1523 2251 1577 2277; x_wconf 85' lang='grc' dir='ltr'><strong>τῶν</strong></span> <span class='ocrx_word' id='word_1_789' title='bbox 1592 2251 1750 2286; x_wconf 80' lang='grc' dir='ltr'>προφητῶν,</span> 
     </span>
    </p>
   </div>
   <div class='ocr_carea' id='block_1_104' title="bbox 967 2294 1750 2330">
    <p class='ocr_par' dir='ltr' id='par_1_104' title="bbox 967 2294 1750 2330">
     <span class='ocr_line' id='line_1_104' title="bbox 967 2294 1750 2330; baseline -0.001 -6"><span class='ocrx_word' id='word_1_790' title='bbox 967 2297 1037 2324; x_wconf 81' lang='grc' dir='ltr'>ὥστε</span> <span class='ocrx_word' id='word_1_791' title='bbox 1067 2297 1131 2330; x_wconf 85' lang='grc' dir='ltr'>ὑμῖν</span> <span class='ocrx_word' id='word_1_792' title='bbox 1162 2295 1265 2328; x_wconf 73' lang='grc' dir='ltr'>ἔλεγον.</span> <span class='ocrx_word' id='word_1_793' title='bbox 1290 2295 1338 2320; x_wconf 70' lang='grc' dir='ltr'><strong>καὶ</strong></span> <span class='ocrx_word' id='word_1_794' title='bbox 1361 2294 1394 2320; x_wconf 86' lang='grc' dir='ltr'><strong>δι’</strong></span> <span class='ocrx_word' id='word_1_795' title='bbox 1417 2295 1489 2329; x_wconf 78' lang='grc' dir='ltr'><strong>ὑμᾶς</strong></span> <span class='ocrx_word' id='word_1_796' title='bbox 1520 2296 1606 2322; x_wconf 83' lang='grc' dir='ltr'>ταῦτα</span> <span class='ocrx_word' id='word_1_797' title='bbox 1630 2296 1750 2330; x_wconf 76' lang='grc' dir='ltr'>γέγονεν.</span> 
     </span>
    </p>
   </div>
   <div class='ocr_carea' id='block_1_105' title="bbox 974 2340 1756 2377">
    <p class='ocr_par' dir='ltr' id='par_1_105' title="bbox 974 2340 1756 2377">
     <span class='ocr_line' id='line_1_105' title="bbox 974 2340 1756 2377; baseline 0 -8"><span class='ocrx_word' id='word_1_798' title='bbox 974 2343 1069 2377; x_wconf 81' lang='grc' dir='ltr'>Ὑμεῖς</span> <span class='ocrx_word' id='word_1_799' title='bbox 1085 2342 1143 2376; x_wconf 77' lang='grc' dir='ltr'>μὲν,</span> <span class='ocrx_word' id='word_1_800' title='bbox 1160 2341 1254 2376; x_wconf 77' lang='grc' dir='ltr'>φησὶν,</span> <span class='ocrx_word' id='word_1_801' title='bbox 1268 2340 1330 2367; x_wconf 67' lang='lat' dir='ltr'><strong>tm</strong></span> <span class='ocrx_word' id='word_1_802' title='bbox 1345 2341 1398 2366; x_wconf 75' lang='grc' dir='ltr'>υἱοὶ</span> <span class='ocrx_word' id='word_1_803' title='bbox 1417 2341 1471 2367; x_wconf 80' lang='grc' dir='ltr'><strong>τῶν</strong></span> <span class='ocrx_word' id='word_1_804' title='bbox 1486 2341 1644 2376; x_wconf 79' lang='grc' dir='ltr'>προφητῶν,</span> <span class='ocrx_word' id='word_1_805' title='bbox 1677 2340 1756 2375; x_wconf 69' lang='grc' dir='ltr'>οὗτος</span> 
     </span>
    </p>
   </div>
   <div class='ocr_carea' id='block_1_106' title="bbox 969 2386 1756 2422">
    <p class='ocr_par' dir='ltr' id='par_1_106' title="bbox 969 2386 1756 2422">
     <span class='ocr_line' id='line_1_106' title="bbox 969 2386 1756 2422; baseline 0 -7"><span class='ocrx_word' id='word_1_806' title='bbox 969 2389 996 2415; x_wconf 79' lang='grc' dir='ltr'><strong>δὲ</strong></span> <span class='ocrx_word' id='word_1_807' title='bbox 1007 2388 1070 2418; x_wconf 75' lang='grc' dir='ltr'><strong>Υἱός</strong></span> <span class='ocrx_word' id='word_1_808' title='bbox 1085 2389 1142 2414; x_wconf 77' lang='grc' dir='ltr'>ἐστι</span> <span class='ocrx_word' id='word_1_809' title='bbox 1159 2386 1205 2413; x_wconf 81' lang='grc' dir='ltr'>τοῦ</span> <span class='ocrx_word' id='word_1_810' title='bbox 1231 2386 1310 2418; x_wconf 82' lang='grc' dir='ltr'><strong>Θεοῦ,</strong></span> <span class='ocrx_word' id='word_1_811' title='bbox 1327 2387 1492 2422; x_wconf 79' lang='grc' dir='ltr'>ὲπιμερίσας</span> <span class='ocrx_word' id='word_1_812' title='bbox 1509 2388 1581 2414; x_wconf 85' lang='grc' dir='ltr'>κατὰ</span> <span class='ocrx_word' id='word_1_813' title='bbox 1599 2387 1648 2422; x_wconf 85' lang='grc' dir='ltr'>τὴν</span> <span class='ocrx_word' id='word_1_814' title='bbox 1662 2388 1756 2415; x_wconf 76' lang='grc' dir='ltr'>οὐσίαν</span> 
     </span>
    </p>
   </div>
   <div class='ocr_carea' id='block_1_107' title="bbox 970 2433 1756 2468">
    <p class='ocr_par' dir='ltr' id='par_1_107' title="bbox 970 2433 1756 2468">
     <span class='ocr_line' id='line_1_107' title="bbox 970 2433 1756 2468; baseline 0 -7"><span class='ocrx_word' id='word_1_815' title='bbox 970 2435 1016 2462; x_wconf 81' lang='grc' dir='ltr'>τὸν</span> <span class='ocrx_word' id='word_1_816' title='bbox 1040 2433 1159 2468; x_wconf 80' lang='grc' dir='ltr'>Πατέρα,</span> <span class='ocrx_word' id='word_1_817' title='bbox 1182 2433 1296 2464; x_wconf 70' lang='grc' dir='ltr'>ἐκείνοις</span> <span class='ocrx_word' id='word_1_818' title='bbox 1317 2433 1346 2459; x_wconf 82' lang='grc' dir='ltr'><strong>δὲ</strong></span> <span class='ocrx_word' id='word_1_819' title='bbox 1363 2434 1409 2459; x_wconf 72' lang='grc' dir='ltr'>καὶ</span> <span class='ocrx_word' id='word_1_820' title='bbox 1431 2433 1537 2459; x_wconf 82' lang='grc' dir='ltr'>ἑαυτόν.</span> <span class='ocrx_word' id='word_1_821' title='bbox 1556 2433 1670 2467; x_wconf 80' lang='grc' dir='ltr'><strong>(Ὑμεῖς</strong></span> <span class='ocrx_word' id='word_1_822' title='bbox 1694 2434 1756 2461; x_wconf 72' lang='grc' dir='ltr'>ἐστι</span> 
     </span>
    </p>
   </div>
   <div class='ocr_carea' id='block_1_108' title="bbox 970 2477 1756 2513">
    <p class='ocr_par' dir='ltr' id='par_1_108' title="bbox 970 2477 1756 2513">
     <span class='ocr_line' id='line_1_108' title="bbox 970 2477 1756 2513; baseline -0.001 -7"><span class='ocrx_word' id='word_1_823' title='bbox 970 2479 1023 2506; x_wconf 81' lang='grc' dir='ltr'><strong>υἷοὶ¹</strong></span> <span class='ocrx_word' id='word_1_824' title='bbox 1033 2479 1087 2505; x_wconf 83' lang='grc' dir='ltr'><strong>τῶν</strong></span> <span class='ocrx_word' id='word_1_825' title='bbox 1108 2478 1255 2513; x_wconf 80' lang='grc' dir='ltr'>προφητῶν</span> <span class='ocrx_word' id='word_1_826' title='bbox 1277 2478 1324 2504; x_wconf 71' lang='grc' dir='ltr'>καὶ</span> <span class='ocrx_word' id='word_1_827' title='bbox 1348 2478 1395 2512; x_wconf 85' lang='grc' dir='ltr'>τῆς</span> <span class='ocrx_word' id='word_1_828' title='bbox 1413 2477 1556 2512; x_wconf 78' lang='grc' dir='ltr'>διαθήκης.</span> <span class='ocrx_word' id='word_1_829' title='bbox 1572 2487 1582 2503; x_wconf 69' lang='grc' dir='ltr'><strong><em>ι</em></strong></span> <span class='ocrx_word' id='word_1_830' title='bbox 1609 2478 1678 2511; x_wconf 78' lang='grc' dir='ltr'>Υἱοὶ,</span> <span class='ocrx_word' id='word_1_831' title='bbox 1697 2480 1756 2506; x_wconf 76' lang='grc' dir='ltr'>ἀντὶ</span> 
     </span>
    </p>
   </div>
   <div class='ocr_carea' id='block_1_109' title="bbox 970 2523 1756 2560">
    <p class='ocr_par' dir='ltr' id='par_1_109' title="bbox 970 2523 1756 2560">
     <span class='ocr_line' id='line_1_109' title="bbox 970 2523 1756 2560; baseline -0.005 -8"><span class='ocrx_word' id='word_1_832' title='bbox 970 2525 1028 2558; x_wconf 80' lang='grc' dir='ltr'>τοῦ,</span> <span class='ocrx_word' id='word_1_833' title='bbox 1046 2525 1219 2560; x_wconf 79' lang='grc' dir='ltr'>κληρονόμοι.</span> <span class='ocrx_word' id='word_1_834' title='bbox 1235 2525 1267 2550; x_wconf 75' lang='grc' dir='ltr'><strong>Εἰ</strong></span> <span class='ocrx_word' id='word_1_835' title='bbox 1280 2524 1332 2558; x_wconf 80' lang='grc' dir='ltr'>γὰρ</span> <span class='ocrx_word' id='word_1_836' title='bbox 1348 2524 1414 2556; x_wconf 73' lang='grc' dir='ltr'>υἱὸς,</span> <span class='ocrx_word' id='word_1_837' title='bbox 1431 2523 1478 2550; x_wconf 76' lang='grc' dir='ltr'>καὶ</span> <span class='ocrx_word' id='word_1_838' title='bbox 1493 2524 1668 2559; x_wconf 81' lang='grc' dir='ltr'>κληρονόμος,</span> <span class='ocrx_word' id='word_1_839' title='bbox 1688 2525 1756 2560; x_wconf 86' lang='grc' dir='ltr'>κλη.</span> 
     </span>
    </p>
   </div>
   <div class='ocr_carea' id='block_1_110' title="bbox 973 2569 1756 2606">
    <p class='ocr_par' dir='ltr' id='par_1_110' title="bbox 973 2569 1756 2606">
     <span class='ocr_line' id='line_1_110' title="bbox 973 2569 1756 2606; baseline -0.001 -9"><span class='ocrx_word' id='word_1_840' title='bbox 973 2571 1080 2606; x_wconf 81' lang='grc' dir='ltr'>ρονόμοι</span> <span class='ocrx_word' id='word_1_841' title='bbox 1107 2571 1135 2597; x_wconf 82' lang='grc' dir='ltr'>δὲ</span> <span class='ocrx_word' id='word_1_842' title='bbox 1158 2571 1188 2596; x_wconf 87' lang='grc' dir='ltr'><strong>οὐ</strong></span> <span class='ocrx_word' id='word_1_843' title='bbox 1217 2569 1383 2605; x_wconf 79' lang='grc' dir='ltr'>προσφάτως</span> <span class='ocrx_word' id='word_1_844' title='bbox 1410 2569 1611 2603; x_wconf 80' lang='grc' dir='ltr'>ἐγγραφέντες,</span> <span class='ocrx_word' id='word_1_845' title='bbox 1635 2571 1693 2597; x_wconf 84' lang='grc' dir='ltr'>ἀλλ’</span> <span class='ocrx_word' id='word_1_846' title='bbox 1718 2571 1756 2603; x_wconf 84' lang='grc' dir='ltr'><strong>ὡς</strong></span> 
     </span>
    </p>
   </div>
   <div class='ocr_carea' id='block_1_111' title="bbox 970 2615 1739 2651">
    <p class='ocr_par' dir='ltr' id='par_1_111' title="bbox 970 2615 1739 2651">
     <span class='ocr_line' id='line_1_111' title="bbox 970 2615 1739 2651; baseline 0 -8"><span class='ocrx_word' id='word_1_847' title='bbox 970 2617 1041 2643; x_wconf 78' lang='grc' dir='ltr'>υἱοί¹</span> <span class='ocrx_word' id='word_1_848' title='bbox 1058 2617 1105 2643; x_wconf 74' lang='grc' dir='ltr'>καὶ</span> <span class='ocrx_word' id='word_1_849' title='bbox 1119 2617 1163 2643; x_wconf 85' lang='grc' dir='ltr'><strong>ἴνα</strong></span> <span class='ocrx_word' id='word_1_850' title='bbox 1184 2616 1258 2651; x_wconf 76' lang='grc' dir='ltr'>δείξῃ</span> <span class='ocrx_word' id='word_1_851' title='bbox 1281 2616 1321 2642; x_wconf 75' lang='grc' dir='ltr'>ὅτι</span> <span class='ocrx_word' id='word_1_852' title='bbox 1357 2616 1419 2641; x_wconf 74' lang='grc' dir='ltr'>ὅσον</span> <span class='ocrx_word' id='word_1_853' title='bbox 1444 2615 1499 2641; x_wconf 79' lang='grc' dir='ltr'><strong>ἀπὸ</strong></span> <span class='ocrx_word' id='word_1_854' title='bbox 1519 2616 1568 2650; x_wconf 84' lang='grc' dir='ltr'>τῆς</span> <span class='ocrx_word' id='word_1_855' title='bbox 1594 2616 1739 2650; x_wconf 70' lang='grc' dir='ltr'>υἱοθεσίας,</span> 
     </span>
    </p>
   </div>
   <div class='ocr_carea' id='block_1_112' title="bbox 971 2661 1756 2699">
    <p class='ocr_par' dir='ltr' id='par_1_112' title="bbox 971 2661 1756 2699">
     <span class='ocr_line' id='line_1_112' title="bbox 971 2661 1756 2699; baseline 0.001 -10"><span class='ocrx_word' id='word_1_856' title='bbox 971 2665 995 2690; x_wconf 74' lang='grc' dir='ltr'>εἰ</span> <span class='ocrx_word' id='word_1_857' title='bbox 1011 2664 1065 2699; x_wconf 71' lang='grc' dir='ltr'>ἄρα</span> <span class='ocrx_word' id='word_1_858' title='bbox 1076 2662 1216 2690; x_wconf 74' lang='grc' dir='ltr'>καὶαὺτοὶ</span> <span class='ocrx_word' id='word_1_859' title='bbox 1247 2661 1397 2694; x_wconf 86' lang='grc' dir='ltr'>βούλονται,</span> <span class='ocrx_word' id='word_1_860' title='bbox 1421 2661 1584 2697; x_wconf 83' lang='grc' dir='ltr'>κληρονόμοι</span> <span class='ocrx_word' id='word_1_861' title='bbox 1625 2664 1679 2689; x_wconf 68' lang='grc' dir='ltr'>εἰσὶ</span> <span class='ocrx_word' id='word_1_862' title='bbox 1711 2664 1756 2690; x_wconf 79' lang='grc' dir='ltr'><strong>καὶ</strong></span> 
     </span>
    </p>
   </div>
   <div class='ocr_carea' id='block_1_113' title="bbox 972 2707 1756 2741">
    <p class='ocr_par' dir='ltr' id='par_1_113' title="bbox 972 2707 1756 2741">
     <span class='ocr_line' id='line_1_113' title="bbox 972 2707 1756 2741; baseline -0.001 -5"><span class='ocrx_word' id='word_1_863' title='bbox 972 2710 1049 2736; x_wconf 68' lang='grc' dir='ltr'>αὐτοὶ</span> <span class='ocrx_word' id='word_1_864' title='bbox 1065 2710 1102 2740; x_wconf 78' lang='lat' dir='ltr'><strong>ti);</strong></span> <span class='ocrx_word' id='word_1_865' title='bbox 1115 2709 1179 2741; x_wconf 73' lang='grc' dir='ltr'>υἱοὶ,</span> <span class='ocrx_word' id='word_1_866' title='bbox 1210 2708 1249 2734; x_wconf 70' lang='grc' dir='ltr'><strong>διὸ</strong></span> <span class='ocrx_word' id='word_1_867' title='bbox 1271 2707 1318 2733; x_wconf 70' lang='grc' dir='ltr'>καὶ</span> <span class='ocrx_word' id='word_1_868' title='bbox 1348 2707 1386 2739; x_wconf 87' lang='grc' dir='ltr'><strong>ὡς</strong></span> <span class='ocrx_word' id='word_1_869' title='bbox 1413 2708 1479 2740; x_wconf 76' lang='grc' dir='ltr'>υἱοῖς</span> <span class='ocrx_word' id='word_1_870' title='bbox 1513 2707 1576 2734; x_wconf 79' lang='grc' dir='ltr'>Υἰὸν</span> <span class='ocrx_word' id='word_1_871' title='bbox 1599 2708 1756 2739; x_wconf 80' lang='grc' dir='ltr'>ἀπέστειλε.</span> 
     </span>
    </p>
   </div>
   <div class='ocr_carea' id='block_1_114' title="bbox 981 2753 1756 2790">
    <p class='ocr_par' dir='ltr' id='par_1_114' title="bbox 981 2753 1756 2790">
     <span class='ocr_line' id='line_1_114' title="bbox 981 2753 1756 2790; baseline 0 -8"><span class='ocrx_word' id='word_1_872' title='bbox 981 2755 1137 2782; x_wconf 69' lang='grc' dir='ltr'>Ἀπέστειλε</span> <span class='ocrx_word' id='word_1_873' title='bbox 1153 2754 1202 2790; x_wconf 79' lang='grc' dir='ltr'><strong>μὲν</strong></span> <span class='ocrx_word' id='word_1_874' title='bbox 1216 2754 1263 2781; x_wconf 76' lang='grc' dir='ltr'>καὶ</span> <span class='ocrx_word' id='word_1_875' title='bbox 1273 2753 1387 2789; x_wconf 78' lang='grc' dir='ltr'>ἑτέροις,</span> <span class='ocrx_word' id='word_1_876' title='bbox 1402 2754 1459 2781; x_wconf 82' lang='grc' dir='ltr'><strong>ἀλλ’</strong></span> <span class='ocrx_word' id='word_1_877' title='bbox 1482 2753 1547 2790; x_wconf 82' lang='grc' dir='ltr'>ὑμῖν</span> <span class='ocrx_word' id='word_1_878' title='bbox 1562 2754 1670 2790; x_wconf 83' lang='grc' dir='ltr'>πρῶτον</span> <span class='ocrx_word' id='word_1_879' title='bbox 1684 2763 1692 2770; x_wconf 87' lang='grc'><strong>·</strong></span> <span class='ocrx_word' id='word_1_880' title='bbox 1709 2755 1756 2782; x_wconf 71' lang='grc' dir='ltr'>καὶ</span> 
     </span>
    </p>
   </div>
  </div>
