1856 3049
127 120 171 152 93
491 153 494 156 ,
622 126 816 158 COMMENT.
832 127 872 156 IN
894 128 985 157 ACTA
1001 128 1292 162 APOSTOLORUM.
1738 133 1774 165 94

129 179 197 206 οὐδὲ
212 181 302 215 μόνον,
319 180 386 208 ἀλλά
399 182 517 217 πρώτοις
535 183 584 217 μὲν
610 184 692 210 οἱονεὶ
709 185 924 218 προηγουμένως

1021 194 1036 212 ιι
1051 191 1077 213 et
1094 188 1230 222 praecipue
1241 188 1330 219 vobis.
1344 189 1390 223 qui
1402 194 1490 216 tamen
1506 197 1567 216 eum
1594 190 1770 219 cruciﬁxistis

130 227 194 257 τοῖς
212 226 384 259 σταυρώσασι
400 229 446 254 καὶ
463 228 648 256 ἀποκτείνασι.
663 230 715 255 Καὶ
728 230 809 262 πότες
828 230 866 256 Οὐ
880 231 926 256 νῦν

134 271 232 304 μόνον,
249 272 372 298 ἀλλὰκαὶ
387 273 439 308 πρὸ
453 274 500 300 τοῦ
517 274 645 309 σταυροῦ,
664 276 710 300 καὶ
731 275 780 309 πρὸ
798 275 927 302 τοσούτου

130 317 321 352 τολμήματος,
337 320 384 345 καὶ
398 320 467 354 μετὰ
475 320 523 355 τὴν
538 321 694 348 ἀνάστασιν.
712 322 758 348 Διὸ
775 322 822 348 καί
833 331 927 356 φησιν,

136 372 146 388 1
177 364 258 398 Ὑμῖν
275 366 383 400 πρῶτον
403 367 560 402 ἀναστήσας
590 368 680 394 αὐτόν.
699 378 709 393 ι
740 368 772 394 Τί
795 369 927 402 ποιῆσαι;

133 409 292 443 Εὐλογῇσαι
310 411 451 438 κα“ι’σῶσαι
464 412 547 446 ὑμᾶς,
565 413 588 439 εὶ
605 413 658 448 ἄρα
670 414 716 440 καὶ
729 414 806 440 αὐτοὶ
820 413 928 440 ἕλοισθε

136 454 303 489 ἐπιστρέψαι
317 456 370 482 ἀπδ
383 456 438 482 τῶν
449 458 541 483 κακῶν
553 458 640 492 ὑμῶν.

177 510 186 526 1
207 501 368 528 Λαλούντων
382 502 410 528 δὲ
427 503 515 528 αὐτῶν
532 503 600 539 πρὸς
613 503 658 530 τὸν
686 503 751 530 λαὺν
776 504 928 539 ἐπέστησαν

140 557 151 571 1
171 547 261 578 αὐτοῖς
273 548 298 574 οἱ
310 548 402 583 ἱερεῖς,
417 549 462 574 καὶ
476 550 490 575 ό
505 550 657 583 στρατηγὸς
673 550 720 576 τοῦ
735 550 820 585 ἱεροῦ,
841 552 920 577 καιοὶ

141 605 151 618 1
169 594 342 620 Σαδδουκαῖοι
372 594 578 629 διαπονούμενοι
605 595 647 621 διὰ
672 596 702 621 τὸ
724 596 861 623 διδάσκειν
885 597 930 622 τὸν

140 649 150 665 1
171 639 246 670 λαὸν,
264 640 311 666 καὶ
327 640 522 674 καταγγέλλειν
535 642 560 667 ἐι
576 642 612 675 τῷ
627 641 715 676 Ἰησοῦ
726 641 773 676 τὴν
784 642 931 669 ἀνάστασιν

139 695 149 710 1
165 685 214 721 τὴν
227 686 259 712 ἐκ
271 686 385 721 νεκρῶν.
409 687 463 713 Καὶ
487 687 620 714 ἐπέϐαλον
642 689 734 719 αὐτοῖς
754 689 802 720 τὰς
824 690 928 723 χεῖρας,

139 741 149 756 1
169 732 216 758 καὶ
229 732 319 759 ἔθεντο
335 733 375 763 εις
390 734 505 769 τήρησιν
527 735 565 765 εις
594 735 642 769 τὴν
665 734 769 770 αὒριον,
797 733 851 761 Ἦν
877 735 931 770 γὰρ

139 786 149 802 1
171 777 275 812 ἑσπέρα
288 778 348 812 ήδη.
365 779 460 805 Πολλοὶ
488 779 515 806 δὲ
543 779 597 806 τῶν
621 779 797 806 ἀκουσάντων
829 781 875 807 τὸν
887 780 926 808 λά

140 834 149 849 1
166 832 215 857 γον
226 823 400 851 ἐπίστευσαν.
415 834 424 850 ι

141 891 144 894 ~
176 880 248 914 Ὅρα
276 880 334 912 πῶς
362 882 545 916 οἰκονομεῖται
572 882 607 909 τὰ
633 883 790 918 πράγματα.
820 884 929 917 Πρῶτον

137 925 343 961 ἐχλευάσθησαν
357 927 457 957 πάντες
472 927 551 962 ὁμοῦ.
566 926 631 954 Εἶτα
656 929 884 964 εὐδοκιμήσαντες
901 931 930 957 ἑν

139 973 202 1003 ταῖς
226 973 421 1007 δημηγορίαις,
465 974 512 1000 καὶ
540 973 632 1008 θαῦμα
655 975 840 1009 ἐργασάμενοι
861 976 930 1011 μετὰ

136 1018 224 1045 ταῦτα
241 1019 324 1053 μέγα,
338 1019 410 1046 οὕτω
424 1019 455 1054 δὴ
463 1020 556 1047 λοιπὸν
571 1021 640 1054 μετὰ
656 1021 685 1046 τὸ
700 1021 849 1056 (θαρρῆσαι,
861 1022 929 1048 θεοῦ

137 1067 379 1101 συγχωρήσαντος,
395 1067 434 1098 εἰς
451 1067 592 1098 κινδύνους
617 1067 789 1100 ἐμϐαίνουσι,
802 1069 849 1094 καὶ
875 1068 930 1095 τῶν

137 1112 254 1145 ἀγῶνι-ιν
267 1112 472 1139 ἅπτονται.Θέα
488 1113 516 1139 δὲ
539 1113 588 1148 τὴν
604 1114 645 1144 εἰς
662 1114 813 1148 ἰταμότητα
826 1123 929 1150 προκο-

136 1158 191 1193 πὴν
205 1158 258 1185 τῶν
282 1159 428 1191 Ἰουδαίων,
443 1159 485 1185 ὅτι
503 1159 550 1186 ἐπὶ
567 1159 615 1186 τοῦ
640 1159 760 1194 Χριστοῦ
777 1159 823 1186 τὸν
840 1169 929 1196 παρα-

135 1204 256 1230 δώσοντα
263 1204 417 1239 ζητοῦντες,
428 1205 475 1231 νῦν
484 1205 562 1232 αὐτοὶ
569 1207 619 1235 τὰς
631 1207 726 1240 χεῖρας
739 1206 927 1237 ἐπιϐάλλουσι,

137 1251 303 1286 θρασύτεροι
320 1252 464 1285 γεγονότες
481 1253 551 1286 μετὰ
564 1252 608 1278 τὸν
624 1253 751 1288 σταυρόν.
769 1251 848 1286 Εἶχον
873 1252 928 1288 γὰρ

137 1297 185 1323 καὶ
206 1296 250 1322 τὸν
262 1298 426 1332 στρατηγὸν,
441 1298 484 1323 ἵνα
500 1298 580 1324 πάλιν
592 1298 722 1332 δημόσιον
736 1299 864 1333 ἔγκλημα
876 1307 926 1324 πε-

139 1342 235 1376 ριθῶσι
249 1344 306 1374 τοῖς
315 1344 520 1377 γεγενημένοις,
530 1344 575 1370 καὶ
590 1343 627 1378 μὴ
638 1344 674 1375 ὡς
700 1343 836 1370 ἰδιωτικὸν
854 1344 927 1371 ἐκδι-

136 1387 216 1418 κῶσι,
233 1388 302 1423 ὅπερ
314 1388 452 1422 πανταχοῦ
469 1389 650 1420 σπουδάζουσι
675 1391 773 1416 ποιεῖν.
797 1390 928 1416 Ἐνώπιον

136 1433 164 1460 δὲ
177 1433 225 1460 τοῦ
242 1433 362 1469 πλήθους
376 1435 422 1460 τοῦ
438 1435 594 1461 ἀποστόλων
618 1435 795 1469 ὲδέσμευσαν,
819 1436 863 1462 ἵνα
882 1437 928 1462 καὶ

137 1479 237 1511 αὐτοὺς
275 1480 398 1514 ὁρῶντας
424 1480 593 1515 δειλοτέρους
628 1482 810 1515 ἐργάσωνται.
847 1482 927 1508 Ἀλλὰ

980 237 1006 257 et.
1045 232 1232 260 interemistis.
1264 233 1298 261 Et
1335 235 1445 269 quando
1474 235 1568 262 misit?
1601 235 1659 262 Non
1699 245 1772 266 nunc

980 281 1082 309 solum,
1098 280 1144 306 sed
1168 285 1194 307 et
1217 286 1281 307 ante
1310 282 1466 316 passionem
1485 282 1645 316 priusquam
1667 286 1771 309 tantum

981 325 1086 352 facinus
1108 331 1295 361 perpetratum
1311 333 1394 358 esset.
1410 332 1436 354 et
1453 332 1513 362 post
1531 329 1771 355 resurrectionem.

982 370 1058 398 Unde
1075 372 1112 398 ait
1127 381 1133 398 :
1155 382 1163 397 1
1184 372 1322 399 Suscitato
1345 373 1413 400 Filio
1427 382 1487 406 suo,
1504 374 1576 400 misit.
1592 382 1665 401 eum.
1685 383 1693 399 ι
1713 374 1773 406 Quo

980 418 1089 445 tandem
1106 418 1221 446 ﬁtn-?Ut
1235 419 1407 447 benediceret
1420 429 1450 446 ac.
1463 421 1581 447 salvaret
1594 429 1652 452 vos,
1669 421 1691 447 si
1708 428 1773 448 sane

981 465 1062 490 etiam
1082 465 1131 499 ipsi
1147 466 1268 492 eouvcrli
1284 466 1374 493 velitis
1390 473 1404 492 a
1420 466 1499 492 tualis
1517 466 1627 493 vestris.

1016 510 1061 541 ιν,
1078 511 1136 538 1-4.
1155 520 1164 536 1
1186 511 1375 546 Loquentibus
1395 517 1487 539 autem
1509 513 1561 539 illis
1584 512 1616 539 ad
1643 513 1772 546 populum

984 566 993 582 1
1013 564 1232 592 supervenerunt
1255 559 1296 586 eis
1322 559 1490 589 sacerdotes.
1516 567 1547 586 ac
1563 559 1616 585 dux
1631 559 1724 593 templi
1747 565 1774 586 et

985 611 994 628 1
1014 603 1168 634 Sadducazi,
1180 604 1305 630 dolentes
1321 611 1353 630 eo
1371 604 1443 639 quod
1457 605 1586 631 docerent
1603 603 1731 638 populum
1746 607 1773 629 ct

985 656 994 672 1
1013 649 1210 674 anutmtiareut
1226 656 1273 683 per
1287 647 1381 676 Iesum
1402 649 1630 676 resurrectionem
1650 652 1773 674 mortuo-

986 702 995 719 1
1014 701 1073 720 rum
1091 702 1097 718 :
1114 698 1141 721 et
1157 694 1309 729 injecerunt
1324 696 1364 722 eis
1379 703 1487 726 manus,
1508 699 1712 730 posuernntque
1724 701 1772 721 eos

986 749 995 765 1
1014 740 1040 766 in
1055 739 1210 766 custodiam
1229 740 1256 767 in
1278 744 1418 775 posterum
1437 741 1509 767 diem
1529 744 1609 767 :erat
1626 741 1698 766 enim
1715 739 1770 773 jam

986 795 995 812 1
1016 793 1138 820 vespera.
1158 786 1232 813 Multi
1247 791 1336 814 autent
1351 794 1384 814 ex
1399 787 1438 814 eis
1451 787 1497 822 qui
1511 786 1654 813 audierant
1667 792 1772 813 sermo-

987 839 996 856 1
1015 838 1091 862 nem,
1110 830 1298 858 crediderunt.
1319 841 1329 857 ι

1017 887 1086 915 Vide
1101 895 1156 923 quo
1173 889 1254 916 modo
1267 896 1313 916 res
1331 887 1527 923 disponantur.
1540 887 1660 914 Primum
1677 895 1773 914 omnes

982 934 1065 961 simul
1092 935 1166 962 irrisi
1189 940 1265 968 sunt,
1280 935 1379 963 deinde
1401 935 1427 962 in
1449 935 1631 961 concionibus
1652 934 1773 961 celebres

981 980 1080 1012 eﬂ'ecti,
1104 988 1166 1008 cum
1187 981 1270 1008 etiam
1289 980 1392 1015 grande
1411 981 1564 1008 edidissent
1587 980 1772 1006 miraculum:

982 1026 1020 1053 ita
1043 1026 1099 1061 jam
1124 1027 1233 1054 tandem
1258 1032 1400 1061 postquam
1425 1026 1509 1053 libere
1533 1026 1615 1052 locuti
1643 1024 1772 1055 fuissent.

980 1067 1155 1107 permittente
1173 1072 1237 1103 Deo,
1252 1073 1279 1099 in
1297 1073 1417 1105 pericula
1433 1072 1559 1098 incidunt
1572 1079 1603 1098 ac
1612 1071 1772 1097 eet-tamini-

980 1117 1033 1144 bus
1044 1121 1204 1152 tanguntur.
1222 1117 1369 1144 Considera
1382 1125 1447 1144 vero
1465 1116 1621 1144 Judaeorum
1647 1123 1774 1150 progres-

981 1169 1040 1188 sum
1060 1169 1091 1189 ac
1110 1167 1279 1189 cretnentnm
1303 1162 1336 1189 ad
1359 1161 1562 1193 crudelitatem,
1577 1169 1674 1195 nempe
1698 1160 1771 1195 quod

980 1207 1025 1240 qui
1042 1215 1068 1240 pi
1076 1207 1152 1234 iusin
1160 1206 1270 1234 Christo
1281 1207 1415 1241 Capiendo
1424 1207 1591 1242 proditorem
1601 1207 1771 1240 quaerebant,

981 1260 1054 1279 nunc
1081 1253 1131 1287 ipsi
1158 1261 1255 1280 inaltus
1276 1253 1415 1287 injiciunt,
1439 1253 1601 1280 audaciores
1624 1252 1687 1278 facti
1712 1257 1773 1286 pest

980 1298 1146 1333 passionem,
1176 1298 1314 1325 habebant
1339 1299 1412 1326 enim
1443 1298 1553 1330 ducent,
1580 1303 1609 1324 ut
1651 1298 1693 1324 bis
1712 1305 1773 1332 qua:

979 1345 1050 1372 facta
1070 1349 1162 1372 essent
1190 1345 1329 1380 publicum
1356 1352 1452 1372 rursus
1477 1345 1581 1371 crimen
1603 1344 1657 1380 34
1683 1344 1772 1378 allige-

980 1396 1051 1424 rent,
1077 1399 1128 1418 nec.
1157 1392 1295 1426 propriam
1327 1391 1423 1418 ulcisci
1452 1390 1609 1418 viderentur
1633 1390 1771 1423 injuriam,

979 1438 1052 1473 quod
1078 1437 1180 1471 ubique
1204 1438 1294 1464 facere
1316 1438 1453 1464 nituntur.
1477 1436 1576 1463 Coram
1598 1436 1773 1463 multitudine

980 1489 1068 1511 autem
1085 1484 1222 1518 apostolos
1238 1484 1395 1515 vinxerunt,
1414 1487 1443 1510 ut
1458 1490 1507 1510 eos
1526 1483 1606 1509 etiam
1628 1482 1674 1516 qui
1695 1482 1773 1508 vide-

137 1526 292 1552 τουναντεον
307 1527 424 1560 ἐγένετο.
441 1527 535 1554 Πολλοὶ
551 1529 605 1562 γὰρ
625 1527 679 1554 τῶν
692 1528 867 1554 ἀκουσάντων
883 1527 926 1554 τὸν

1017 1533 1037 1555 ιι
1055 1529 1206 1556 timidiores
1223 1529 1377 1556 redderent.
1399 1528 1451 1555 Sed
1466 1528 1634 1555 contrarium
1650 1527 1762 1554 accidit.

135 1570 215 1605 λόγον
232 1572 406 1599 ἐπίστευσαν.
425 1572 506 1607 Ὁρᾷς
527 1573 602 1598 θείαν
621 1573 762 1607 ἐνέργειαν
779 1573 900 1608 φανεράν
917 1581 924 1605 ;

136 1620 183 1644 καὶ
200 1618 253 1651 μὴν
267 1617 390 1648 καὶτοὺς
411 1618 460 1653 ἤδη
491 1618 692 1650 πιστεύσαντας
717 1618 928 1652 ἀσθενεστέρους

136 1662 189 1688 Εδει
203 1663 342 1696 γενέσθαι.
363 1663 432 1690 Ἀλλ’
447 1665 464 1698 ή
483 1664 586 1697 Πέτρου
611 1663 768 1698 δημηγορία
788 1664 929 1698 Πνεύματι

136 1708 199 1742 θειῳ
215 1710 440 1745 συγκροτουμένη
461 1711 546 1744 αὐτῆς
559 1709 649 1736 αὐτῶν
662 1711 711 1744 τῆς
728 1710 815 1745 ψυχῆς
829 1711 927 1745 ἥψατο.

137 1755 205 1782 Κατ’
218 1756 286 1783 tam
306 1756 333 1783 δὲ
347 1757 443 1788 αὐτοὺς
466 1757 651 1790 ἐξετάζουσιν,
682 1758 725 1784 ῖνα
742 1757 780 1791 μὴ
799 1758 853 1784 ἀπὸ
879 1758 928 1792 τῆς

138 1803 295 1839 παρρησίας
312 1803 402 1830 αὐτῶν
419 1805 444 1830 οἱ
456 1803 600 1835 ἀκούοντες
615 1803 794 1839 κερδήσωσιν.

175 1913 184 1930 1
205 1904 260 1930 Καί
274 1903 391 1939 ἐγενήθη
407 1905 546 1940 ὁάριθμὸς
560 1904 615 1930 τῶν
624 1904 731 1939 ἀνδρῶν
756 1904 824 1930 ὡσεὶ
840 1904 928 1938 χιλιά-

140 1960 148 1976 ι
165 1950 208 1981 δες
223 1950 316 1977 πέντε,
336 1950 461 1984 Ἐγένετο
471 1951 500 1977 δὲ
521 1951 567 1976 ἐπὶ
582 1951 631 1986 τὴν
651 1950 747 1986 αὔριον
763 1951 930 1986 συναχθῆναι

139 2005 150 2022 1
170 1996 260 2023 αὐτῶν
273 1997 334 2027 τοὺς
351 1997 484 2031 ἄρχοντας
499 1998 546 2023 καὶ
561 1997 766 2032 πρεσϐυτέρους
780 1998 827 2024 καὶ
837 2006 930 2032 γραμ-

140 2052 149 2068 1
167 2044 263 2076 ματείς
280 2043 320 2073 εις
333 2043 520 2080 Ἰερουσαλήμ,
538 2043 586 2069 καὶ
602 2044 701 2070 ’Ἄνναν
726 2043 772 2069 τὸν
787 2043 929 2078 ἀρχιερέα,

139 2097 148 2113 1
167 2089 214 2115 καὶ
232 2089 369 2122 Καϊάφαν,
386 2089 433 2115 καὶ
453 2088 590 2122 Ἰωάννην,
603 2091 649 2115 καὶ
674 2089 856 2124 Ἀλέξανδρον,
881 2089 928 2116 καὶ

140 2144 150 2160 1
168 2134 226 2161 ὅσοι
241 2132 312 2169 ἦσαν
323 2135 354 2161 ὲκ
369 2136 464 2169 γένους
479 2135 685 2170 ἀρχιερατικοῦ.
707 2135 762 2162 Καὶ
777 2136 926 2170 στήσαντες

139 2190 148 2206 1
167 2181 267 2211 αὐτοὺς
285 2181 359 2215 ὲντίρ
372 2180 457 2215 μέσῳ,
475 2180 668 2207 ἐπυνθάνοντο.
684 2189 693 2206 ι

174 2235 184 2252 1
200 2226 328 2257 Χιλιάδες
344 2227 436 2253 πέντε.
452 2235 461 2252 ι
475 2226 524 2252 Διὰ
543 2226 598 2260 γὰρ
611 2226 692 2252 τοῦτο
706 2227 863 2261 προέλεγεν,
880 2228 928 2254 ἐπὶ

133 2273 188 2299 τῶν
199 2273 330 2303 πεντάκις
346 2272 439 2308 χιλίων
451 2281 457 2287 ·
477 2282 486 2298 1
502 2273 566 2298 Δότε
584 2273 676 2304 αὐτοῖς
692 2273 771 2307 ὑμεῖς
788 2275 894 2307 φαγεῖν.
915 2283 925 2299 ι

137 2320 279 2353 Τουτέστι,
304 2319 542 2354 πεντακισχιλίους
573 2319 702 2355 κορέσετε
743 2320 860 2352 πίστεως
879 2320 928 2347 καὶ.

136 2366 215 2401 ὑμεῖς
235 2366 305 2400 μετὰ
317 2365 413 2393 ταῦτα.
540 2365 546 2368 “

176 2431 186 2447 1
207 2423 253 2449 Ἐν
271 2423 336 2459 ποίᾳ
363 2422 499 2458 δυνάμειῆ
513 2424 542 2449 ὲν
560 2423 629 2457 ποίῳ
644 2423 758 2458 ὀνόματι
781 2423 929 2459 ἐποιήσατε

136 2468 215 2494 τοῦτο
228 2468 308 2503 ὑμεῖς
319 2478 327 2502 ;
342 2478 352 2495 ι

170 2525 224 2551 Καὶ
241 2525 294 2560 μὴν
303 2525 413 2560 ᾔδεισαν
428 2533 435 2540 ·
450 2524 613 2559 πονούμενοι
637 2525 702 2561 γὰρ,
719 2525 747 2552 ἐν
763 2525 801 2560 τῷ
818 2534 926 2559 καταγ-

136 2571 283 2604 γέλλεινκὲν
292 2571 330 2606 τῷ
344 2571 433 2605 Ἰησοῦ
448 2571 496 2606 τὴν
509 2571 670 2603 ἀνάστασιν,
682 2571 931 2606 κατέσχοναὺτούς.

141 2617 280 2652 Ἐρωτῶσι
301 2617 339 2650 δὲ,
357 2617 564 2652 προσδοκῶντες
582 2618 692 2649 αὐτοὺς,
708 2618 736 2644 τὸ
755 2618 932 2654 δικαστήριον

138 2664 226 2690 καὶτὸ
242 2663 344 2698 πλῆθος
362 2664 542 2700 φοῆηθέντας,
570 2664 701 2700 ἐξάρνους
727 2665 864 2697 γενέσθαι,
882 2666 930 2692 καὶ

136 2710 166 2735 τὸ
180 2711 234 2736 πᾶν
247 2710 290 2736 διὰ
308 2711 406 2737 τούτου
432 2711 645 2746 κατωρθωκέναι
659 2710 825 2746 νομίζοντες.
857 2711 928 2746 Ὅρα

137 2755 191 2791 γὰρ
203 2755 262 2788 πῶς
277 2756 439 2792 κακούργως
452 2757 601 2792 ἐρωτῶσιν.
621 2756 779 2784 Ἐϐούλοντο
795 2756 849 2791 γὰρ
864 2757 927 2788 τοὺς

175 2846 197 2863 ι’
208 2847 302 2876 Matth.
319 2855 374 2882 χιιι,
397 2847 440 2875 l6.

943 2126 963 2153 θ
982 2148 990 2163 ι
1011 2141 1145 2172 quotquot
1160 2139 1240 2162 erant
1267 2142 1282 2161 e
1304 2142 1403 2169 genere
1433 2131 1596 2160 sacerdotali
1619 2140 1626 2159 :

981 1574 1046 1601 Nam
1071 1575 1148 1601 tuulti
1161 1583 1193 1601 ex
1218 1574 1259 1600 his
1272 1574 1318 1608 qui
1335 1574 1480 1600 audierant
1497 1580 1664 1604 sermonem,
1682 1572 1774 1600 credi-

979 1620 1091 1648 derunt.
1110 1620 1193 1648 Vides
1214 1620 1357 1647 manifeste
1371 1619 1491 1646 divinam
1507 1619 1654 1646 eliicaciam
1667 1619 1678 1645 τ
1693 1619 1773 1652 Atqui

979 1675 1027 1694 eos
1046 1667 1128 1694 etiam
1147 1667 1192 1701 qui
1214 1666 1387 1693 crediderant
1412 1665 1532 1699 oportuit
1550 1664 1625 1690 reddi
1650 1664 1774 1691 imbecil-

979 1712 1062 1738 liores
1085 1721 1092 1738 :
1117 1711 1163 1738 sed
1188 1710 1259 1738 Petri
1283 1711 1390 1742 concio,
1418 1711 1512 1736 divino
1536 1709 1628 1743 adjuta
1656 1709 1773 1743 Spiritu,

980 1758 1054 1792 ipsas
1069 1765 1165 1784 eorum
1192 1758 1298 1784 animas
1321 1756 1455 1791 tetigerat.
1475 1756 1602 1782 Privatim
1619 1760 1710 1782 autem
1733 1754 1776 1780 itt-

981 1808 1131 1838 terrogaut,
1149 1811 1182 1830 ne
1197 1812 1228 1830 ex
1248 1803 1368 1838 ipsortuu
1388 1802 1514 1829 libertate
1537 1800 1666 1836 loquendi
1695 1800 1774 1827 audi-

979 1854 1054 1877 tores
1073 1850 1180 1876 Iucrmu
1202 1853 1388 1884 reportarem.

1015 1906 1061 1938 1V,
1075 1906 1134 1933 4-7,
1151 1915 1161 1932 1
1180 1906 1214 1932 Et
1232 1906 1319 1932 iactus
1340 1909 1380 1932 est
1399 1912 1530 1932 numerus
1548 1903 1669 1930 virorum
1692 1901 1775 1928 circi-

983 1962 992 1978 1
1013 1957 1055 1980 ter
1070 1953 1191 1987 quinque
1214 1951 1342 1983 milli-um.
1361 1950 1470 1977 Accidit
1491 1954 1582 1976 autem
1604 1953 1715 1983 postero
1731 1947 1776 1974 die

984 2009 993 2024 1
1013 2004 1041 2026 ιιι
1056 2002 1289 2033 congregarentur
1302 1997 1439 2031 principes
1453 2000 1480 2022 et
1497 1995 1621 2022 seniores
1633 2001 1665 2020 ac
1679 1993 1776 2020 seriba:

984 2054 993 2070 1
1018 2044 1227 2078 Hierosolymis,
1245 2042 1382 2076 simulque
1399 2043 1493 2068 Atinas
1509 2040 1635 2074 princeps
1651 2037 1776 2065 sacerdo-

985 2100 994 2116 1
1016 2095 1072 2117 tum
1095 2097 1127 2117 ac
1148 2088 1277 2123 Caipltas,
1303 2087 1479 2121 Joannesque
1502 2094 1533 2112 ac.
1563 2083 1718 2112 Alexander
1749 2087 1777 2110 et

1647 2131 1777 2165 ipsosque

984 2193 993 2210 1
1011 2184 1038 2210 in
1060 2183 1150 2209 medio
1165 2181 1269 2216 positos
1283 2179 1499 2214 interrogabant.
1518 2188 1527 2203 ι

1020 2238 1028 2253 ι
1049 2228 1177 2261 Quinque
1191 2225 1287 2252 millia.
1304 2234 1313 2250 ι
1332 2224 1373 2252 0b
1389 2225 1440 2250 hoc
1462 2223 1535 2251 enim
1551 2222 1724 2257 praedixerat,
1741 2221 1776 2250 de

981 2274 1102 2308 quinque
1119 2272 1239 2299 millibus
1256 2279 1278 2296 :1
1297 2270 1362 2297 Date
1379 2270 1433 2297 illis
1448 2277 1495 2296 vos
1510 2269 1582 2303 quod
1599 2269 1683 2295 edant
1695 2269 1717 2288 ⁸⁸
1733 2277 1740 2296 :
1762 2277 1772 2294 ι

983 2319 1035 2346 hoc
1049 2323 1102 2351 cst,
1115 2326 1164 2346 vos
1183 2319 1265 2345 etiam
1285 2316 1460 2352 postmodum
1481 2316 1603 2350 quinque
1619 2315 1704 2342 millia
1724 2315 1776 2342 ﬁde

981 2370 1116 2394 saturate.

1017 2423 1061 2455 IV,
1077 2422 1130 2450 7-8.
1154 2432 1163 2448 1
1181 2421 1239 2455 Qua
1260 2421 1382 2457 potentia
1402 2424 1449 2447 aut
1466 2427 1520 2455 quo
1534 2419 1645 2446 nomine
1657 2417 1773 2450 fecistis,

985 2479 994 2497 ι
1016 2470 1068 2496 hoc
1089 2469 1162 2496 vos?
1180 2478 1190 2494 ›

1018 2525 1101 2560 Atqui
1119 2525 1242 2552 sciebant
1260 2534 1266 2552 :
1284 2525 1409 2552 dolentes
1435 2523 1507 2551 enim
1529 2522 1602 2557 quod
1628 2521 1775 2548 annuntia-

984 2577 1044 2600 rent
1067 2580 1114 2607 per
1137 2571 1229 2599 Jesnm
1262 2570 1506 2602 resurrectionem,
1526 2571 1673 2596 tenuerunt
1698 2574 1746 2593 COS
1766 2575 1774 2593 ζ

982 2617 1188 2652 interrogabant
1205 2621 1296 2644 tamen
1315 2617 1508 2643 existimantes
1528 2623 1576 2642 eos
1590 2613 1724 2648 judicium
1746 2620 1776 2639 ac

982 2663 1188 2691 multitudinem
1216 2662 1330 2694 veritos,
1355 2669 1416 2689 eSse
1444 2664 1603 2694 negaturos,
1632 2662 1774 2692 latumque

981 2710 1119 2744 negetium
1141 2716 1189 2743 per
1208 2708 1259 2736 hoc
1289 2707 1480 2742 corrigendum
1505 2705 1682 2731 arbitrantes.
1706 2701 1773 2730 Vide

998 2760 1070 2783 utem
1086 2762 1168 2791 quam
1193 2754 1307 2782 subdole
1328 2754 1512 2787 interrogant.
1537 2749 1674 2778 Malebant
1700 2749 1774 2778 enim
