1856 3049
39 119 85 153 85

543 122 733 153 COMMENT.
750 123 788 152 ΙΝ
810 124 902 153 ACTA
922 125 1207 156 APOSTULURUM.
1653 129 1691 160 85

39 179 100 206 καὶ
129 179 276 214 Χριστοῦθ
297 179 360 214 περὶ
386 179 506 211 ἑαυτοὺς,
535 180 578 207 διὰ
597 180 644 207 τοῦ
668 181 766 211 είπεῖν,
794 181 840 216 οὐχ

931 187 1087 215 mcernnnt,
1101 190 1181 218 quatn
1198 190 1257 218 qua:
1274 182 1411 210 Christum
1434 184 1599 218 resplciunt:
1617 185 1692 219 ipsos

44 225 110 260 ίδῐᾳ
129 225 255 259 δυνάμει
271 226 511 261 θαυματουργῆσαι
522 234 528 240 ·
545 227 609 261 περὶ
627 226 743 262 Χριστοῦ
764 227 803 260 δὲ,
816 226 855 262 τῷ

43 270 227 306 προσθεῖναι
240 271 292 297 τὸν
308 271 407 297 παῖδα·
423 272 452 297 ού
466 273 520 308 γὰρ
545 272 574 298 τὸ
599 272 790 306 αὐτοδόξαστον
816 273 854 300 ἔνι

44 317 230 352 προσθήκην
251 318 330 351 δόξης
351 317 452 344 λαϐεῖν.
475 317 653 349 Ταπεινὼσας
671 317 717 344 οὖν
737 318 766 344 τὸ
789 319 851 345 καθ’

49 362 184 393 ἑαυτοὺς
201 362 248 389 καὶ
257 363 388 398 Χριστὸν,
401 363 511 397 ἐπαίρει
524 364 554 390 τὸ
568 363 621 389 τῶν
635 363 768 390 Ἰουδαίων
784 364 854 391 κατὰ

45 407 187 442 Χριστοῦ
203 408 340 443 τόλμημα,
364 409 411 434 καὶ
431 409 461 434 ού
479 409 636 440 συσκιάζων
661 410 698 440 ὡς
717 409 747 435 τὸ
759 410 855 443 πρότε-

47 461 114 486 ρον.
136 452 230 478 Τοῦτο
254 452 283 478 δὲ
305 454 390 484 ποιεῖ,
415 453 514 487 μᾶλλον
538 453 636 485 αὐτοὺς
666 454 854 488 ἐπαγαγέσθαι

47 499 241 534 βουλόμενος.
259 500 341 526 Ὅσον
357 500 411 535 γὰρ
430 501 534 526 ἐδείκνυ
558 501 657 533 αὐτοὺς
676 502 853 534 ὑπευθύνους,

46 545 194 571 τοσοῦτον
208 545 306 580 μᾶλλον
315 545 394 572 τοῦτο
405 547 519 580 ἐγίνετο.
534 547 581 573 Διὰ
594 547 621 573 δὲ
629 547 702 578 τοῦ,‹
712 549 759 574 "Ov
774 548 854 582 ὑμεῖς

47 591 243 625 παρεδώκατε
272 591 319 617 καῖ’⁸
339 592 503 626 ἠρνήσασθε,
536 602 545 618 ι
571 592 617 619 δύο
636 593 670 619 τὰ
682 593 852 628 ἐγκλήματα.

48 636 176 671 Πιλάτῳ
202 645 231 662 τε
253 636 307 672 γὰρ
337 637 498 671 παρέδωκαν
523 639 563 668 είς
588 638 687 672 φόνον,
712 639 852 670 εἰπόντεςο

53 691 64 707 ε
95 681 187 716 Ἡμῖν
205 682 299 709 οὐδένα
315 682 417 715 ἔξεστιν
427 684 596 710 ἀποκτεῖναι·
612 693 621 709 ι
648 684 801 719 ἠρνήσαντο
824 684 853 711 δὲ

51 727 226 762 κράζοντες,
245 737 254 754 ι
280 728 336 754 Οὐκ
350 728 447 763 ἔχομεν
468 728 580 763 βασιλέα
593 730 617 755 εἰ
633 729 670 764 μὴ
685 730 821 764 Καίσαρα.
839 739 848 756 ι

59 772 151 799 Ἀλλά
163 781 198 807 γε
211 773 242 807 δὴ
259 773 306 800 καὶ
332 774 448 801 Πιλάτου
464 773 594 809 Ἕλληνος
612 774 699 807 ὄντος,
718 775 764 801 καὶ
784 775 853 810 μήτε

906 228 1029 261 quidem,
1043 227 1108 254 dum
1123 229 1161 254 ait
1179 228 1251 263 quod
1268 236 1320 255 non
1339 229 1447 263 propria
1464 230 1586 264 potentia
1600 231 1694 258 edide-

907 273 960 298 rint
977 273 1135 300 miraculum
1149 273 1304 305 ;Christum
1321 281 1395 307 vero,
1416 274 1541 302 addendo
1559 284 1566 302 :
1584 275 1693 302 Cloriﬁ-

905 319 974 345 cavit
990 318 1087 345 Filium
1107 327 1185 345 suum
1197 328 1307 354 :-neque
1321 321 1393 346 enim
1410 321 1542 353 contingit
1558 326 1585 346 ut
1602 321 1693 355 gloria:

907 364 1122 391 additamentum
1148 365 1265 399 accipiat
1285 365 1331 399 qui
1355 373 1385 392 ex
1407 373 1435 392 se
1452 366 1619 400 gloriﬁcatus
1638 371 1690 394 est.

907 408 956 435 Ubi
981 417 1045 444 ergo
1067 409 1176 436 demisit
1198 414 1252 436 tam
1274 410 1299 436 id
1325 410 1396 444 quod
1422 411 1527 445 sc-ipsos
1553 412 1693 438 conseruit

905 462 986 488 quam
1003 455 1076 489 quod
1093 454 1231 482 Christum
1262 455 1387 483 :facinus
1413 455 1691 491 adaugetJudaeorum

905 500 1035 527 'rlversns
1050 499 1187 527 Christum
1204 509 1210 526 :
1225 508 1312 534 neque
1328 501 1392 527 illud
1411 501 1549 528 inumbrat
1563 507 1589 528 ut
1604 503 1690 537 prius.

906 544 963 571 lloc
980 549 1069 571 autem
1094 545 1158 572 facit
1183 546 1268 580 magis
1290 547 1350 574 illos
1368 547 1476 574 allicere
1498 548 1602 575 volens.
1627 547 1692 575 Nam

904 595 1006 624 quanto
1026 590 1113 624 magis
1132 591 1206 624 ipsos
1228 592 1349 618 ostendit
1369 592 1515 624 obnoxios,
1538 598 1614 619 lauto
1635 601 1693 619 am-

905 636 976 666 nlius
1004 636 1069 662 illud
1084 636 1217 664 succedit.
1243 637 1295 664 Per
1320 637 1370 664 hoc
1389 644 1491 670 autem,
1513 648 1522 664 ι
1537 638 1622 671 Quem
1645 646 1693 666 vos

905 681 1057 708 tradidistis
1072 687 1100 709 et
1115 682 1236 716 negastis
1254 691 1260 709 :
1281 692 1290 709 ι
1311 683 1371 711 dum
1388 689 1528 718 ponuntur
1543 686 1694 712 accusatio-

905 733 963 752 nes.
982 726 1122 760 Siquidem
1138 726 1226 754 Pilato
1244 727 1276 753 ad
1292 727 1391 755 caedem
1406 728 1584 760 tradiderunt,
1601 730 1693 756 dict-n-

906 775 945 797 tes
958 777 964 796 :
979 779 988 795 ι
1000 770 1084 798 Nobis
1100 778 1152 798 non
1170 771 1233 798 licet
1243 772 1396 799 interﬁcere
1408 780 1572 808 quemquam
1580 774 1630 800 “⁰.›
1643 772 1693 800 Nc-

54 820 182 854 σημείον
196 819 263 854 πρὸς
289 819 408 855 Χριστοί
436 820 598 855 ἑωρακότος,
623 821 692 855 μήτε
706 821 840 856 προρητῶη

931 819 1137 844 n'cruntautem
1157 817 1328 845 clamantes:
1349 827 1358 843 ι
1375 817 1432 845 Non
1454 818 1584 845 habemus
1604 826 1692 853 regem

54 851 296 900 ἁπέηκοότος-περι
310 851 440 900 lic-.6105,
457 851 504 891 καὶ
513 851 675 899 βουλομένου
687 851 772 892 αὑτὸν
784 851 840 893 ἀπο

931 860 1140 889 τιξιοιιϐεεεειτειιι
1152 862 1185 888 ιι.
1208 872 1217 888 ι
1244 863 1325 897 Atqui
1339 870 1404 890 sane
1417 871 1479 890 cum
1498 864 1578 890 etiam
1591 863 1693 891 Pilatus

55 909 150 941 λύειν,
163 910 240 937 αὐτοὶ
254 913 302 937 καὶ
321 910 582 946 Θαυματουργοῦντα
592 911 708 946 Χριστὸν
725 912 850 946 τεθεαμέ-

56 965 112 988 νοι,
130 958 180 982 καὶ
192 957 337 992 προφητῶν
351 958 380 982 ὲν
392 957 492 991 γνώσει
509 957 563 984 τῶν
581 958 644 992 περὶ
657 958 740 985 αὑτοῦ
758 958 851 989 αὐτοῖς

59 1001 221 1036 είρημένων
235 1002 429 1034 καταστάντες,
442 1003 492 1029 οὐκ
512 1003 670 1038 ἠνέσχεσθε.
686 1003 734 1030 Διὰ
757 1003 784 1030 δὲ
802 1003 848 1030 τοῦ

61 1048 154 1074 εἰπεῖν
167 1068 174 1080 ,
194 1059 203 1074 ι
226 1049 310 1074 Φονέα
321 1048 468 1084 ᾐτήσασθε,
487 1058 496 1075 ι
522 1049 615 1080 δεινῶς
637 1049 848 1081 κατεσκεύασεν,

58 1093 103 1119 ὅτι
122 1093 251 1120 ἐδύναντο
265 1093 311 1120 τὸν
323 1094 439 1128 Χριστὸν
453 1094 594 1122 ἀπολύειν.
612 1095 642 1121 Εἰ
663 1095 716 1129 γὰρ
739 1094 785 1121 τὸν
802 1103 850 1129 φο-

61 1138 113 1165 νέα
139 1139 306 1174 ἀπολυθῆναι
329 1140 471 1174 ἐποίησαν,
483 1141 529 1166 τὸν
555 1140 654 1175 μᾶλλον
669 1140 802 1172 ὑπαίτιον,
819 1141 848 1167 ού

63 1183 157 1219 πολλῴ
171 1185 203 1219 δή
220 1193 272 1211 που
284 1185 329 1211 τὸν
339 1185 484 1212 ἀνεύθυνον
496 1195 504 1220 ;
516 1187 563 1213 νῦν
576 1186 603 1212 δὲ
615 1187 794 1219 ἁπεναντίας,
803 1187 849 1214 τὸν

65 1231 116 1265 μὲν
141 1231 292 1258 ὑπεύθυνον
321 1232 470 1264 ἐξείλοντο.
493 1234 538 1259 τὸν
559 1233 588 1260 δὲ
615 1233 761 1260 ἀνεύθυνον
780 1234 848 1260 ἁπο-

63 1276 216 1310 κτανθῆναι
243 1277 414 1311 παρέδωκαν.
445 1278 538 1305 Εἰπὼν
563 1278 603 1311 δὲ,
631 1288 640 1304 ι
657 1279 701 1305 τὶν
727 1279 849 1314 ἀρχηγὸν

64 1322 114 1356 τῆς
124 1321 208 1357 ζωῆς,
227 1332 236 1348 ι
255 1322 392 1350 δείκνυσιν
410 1324 448 1355 ὠς
464 1323 548 1355 αὐτὸς
561 1324 655 1350 ἑαυτὸν
672 1323 821 1358 ἀνέστησεν
835 1325 849 1350 ὁ

65 1367 193 1402 Χριστός.
215 1368 270 1404 Τὴν
296 1369 443 1396 ἀνάστασιν
465 1370 492 1396 δὲ
513 1371 543 1396 οὐ
574 1370 721 1405 προφητῶν
738 1370 850 1404 ἔμπεδοί

69 1414 232 1449 μαρτυρίαις
244 1435 252 1445 ,
267 1414 344 1446 ἀλλὰ,
362 1415 455 1450 ἐπειδὴ
474 1416 628 1448 ἀξιόπιστος
643 1417 734 1447 αὐτοῖς
745 1413 790 1451 ἦν,
811 1415 850 1451 τῷ

67 1458 139 1493 χορῷ
151 1458 204 1485 τῶν
217 1459 384 1486 ἀποστόλων.
412 1459 487 1486 Ἐπεὶ
501 1459 530 1486 δὲ
557 1461 725 1495 μετεωρίσας
747 1461 778 1487 τὸ
802 1460 849 1493 ἑγ-

901 907 1022 940 gentilis,
1038 909 1083 942 qui
1101 916 1191 944 neque
1215 909 1292 944 signa
1307 917 1322 937 a
1337 909 1450 937 Christo
1472 910 1588 943 viderat,
1604 918 1692 944 neque

902 953 1048 988 prophetas
1059 954 1091 980 de
1103 954 1214 982 Christo
1239 955 1374 987 audierat,
1393 956 1473 983 vellet
1495 960 1583 983 tamen
1602 956 1692 990 ipsum

901 997 1046 1026 absolvere
1060 1007 1067 1025 :
1080 1007 1128 1026 vos
1140 1000 1192 1035 ipsi
1206 1001 1252 1035 qni
1266 1005 1292 1027 et
1305 1000 1444 1028 Christum
1460 1001 1591 1027 miracula
1608 1001 1692 1028 eden-

901 1048 956 1072 tem
970 1047 1189 1079 conspexeratis.
1208 1053 1236 1075 et
1250 1048 1375 1075 notitiam
1391 1047 1533 1075 habebatis
1549 1048 1693 1083 propheta-

900 1098 960 1118 rum
976 1092 1001 1118 in
1019 1092 1062 1120 his
1079 1100 1139 1126 qua;
1152 1093 1185 1121 de
1203 1095 1263 1128 ipso
1278 1095 1416 1126 dixerant,
1443 1102 1496 1121 non
1510 1098 1601 1121 tamen
1614 1094 1647 1120 ab
1659 1100 1692 1120 eo

900 1145 948 1165 vos
961 1139 1146 1166 continuistis.
1161 1140 1258 1167 Dicens
1276 1148 1357 1167 vero:
1381 1149 1390 1165 ι
1409 1141 1579 1167 Homicidam
1600 1145 1692 1174 postu-

905 1183 994 1215 lastis,
1011 1193 1020 1209 ι
1037 1184 1181 1211 elﬁcaciler
1199 1185 1296 1219 probat
1311 1185 1381 1219 quod
1399 1185 1538 1212 Christum
1553 1185 1693 1220 potuerint

899 1229 1053 1256 absolvere.
1071 1230 1136 1256 Nam
1153 1231 1174 1257 si
1194 1230 1358 1258 homicidam
1379 1231 1483 1257 absolvi
1502 1230 1626 1258 fecerunt
1643 1230 1691 1265 qui

899 1273 977 1308 longe
985 1275 1103 1309 amplius
1115 1275 1249 1303 obnoxius
1262 1280 1332 1307 erat,
1342 1284 1375 1302 an
1384 1283 1437 1302 nou
1451 1281 1524 1303 certe
1535 1276 1614 1310 longe
1627 1276 1691 1302 laci~

899 1319 953 1347 lius
968 1321 1121 1354 potuissent
1136 1328 1198 1347 eum
1215 1321 1358 1348 absolrere
1373 1322 1420 1356 qui
1435 1321 1550 1348 crimine
1564 1321 1692 1348 carebat?

900 1365 978 1393 Nunc
1001 1371 1092 1393 autem
1117 1374 1132 1393 e
1153 1367 1263 1394 diverso
1288 1368 1437 1394 obnoxium
1462 1367 1571 1402 quidem
1594 1367 1691 1393 libera-

900 1415 975 1444 runt,
996 1411 1132 1439 iusontem
1149 1419 1214 1439 vero
1236 1417 1264 1440 ut
1290 1413 1492 1440 interimeretur
1508 1412 1687 1440 tradiderunt.

901 1456 1036 1484 Prwterea
1061 1457 1195 1489 dicendo,
1224 1467 1233 1484 ι
1259 1457 1406 1486 Auctorem
1432 1459 1510 1489 vitae.
1537 1467 1546 1484 ι
1571 1458 1690 1486 ostendit

69 1503 171 1538 κλημα,
199 1505 292 1531 ἐλύπει
320 1505 454 1539 σφοδρῶς,
472 1505 552 1532 πάλιν
568 1505 686 1541 ἀνίησιν,
702 1506 747 1532 ἐπὶ
770 1506 840 1541 μετά

931 1503 975 1530 rod
990 1504 1111 1538 scipsum
1132 1505 1307 1531 suscitaverit
1328 1505 1386 1538 ipse
1403 1503 1541 1532 Christus.
1554 1504 1689 1531 Resurre-

68 1558 140 1576 νοιαν
157 1550 253 1581 αὐτοὺς
269 1551 406 1584 συνωθῶν,
424 1552 464 1579 ὅτι
476 1560 504 1578 τε
528 1551 558 1584 ἐξ
581 1551 690 1586 ἀγνοίας
707 1552 736 1578 τὸ
751 1552 851 1587 ἐγκλη-

70 1603 108 1628 μα
125 1596 171 1621 καὶ
187 1596 289 1627 ἀνοίας,
302 1597 348 1622 καὶ
362 1597 402 1623 ὅτι
422 1596 453 1623 τὸ
470 1597 500 1629 ἐξ
511 1597 598 1632 ἀρχῆς
613 1597 778 1631 τεταγμένον
804 1597 851 1624 καὶ

66 1639 140 1674 λόγῳ
152 1641 297 1676 προφητῶν
313 1643 591 1678 κεχρησμῳδημένον,
611 1643 660 1669 οὔκ
686 1641 720 1676 ἦν
745 1643 851 1678 παρελ-

66 1685 133 1713 θεῖν.
156 1687 230 1713 Ἐπεὶ
252 1688 280 1714 δὲ
296 1688 375 1723 μέχρι
395 1688 490 1715 τούτου
507 1688 621 1723 προέϐη,
638 1689 688 1724 ήδη
704 1689 750 1716 καὶ
763 1688 852 1724 ῥητῶς

65 1733 116 1767 τὴν
132 1733 272 1767 μετάνοιαν
284 1734 435 1769 είσηγεῖται
457 1734 727 1769 κατηναγκασμὲνως
750 1733 849 1760 ἀναλα-

67 1777 136 1810 ϐεῖν,
151 1778 217 1812 πρός
231 1787 260 1804 τε
273 1778 407 1813 ἐξάλειψιν
422 1780 476 1806 τῶν
487 1781 702 1815 ἡμαρτημένων,
720 1779 766 1806 καὶ
779 1788 847 1814 τρυ-

66 1823 121 1858 φὴν
134 1824 179 1849 καὶ
191 1823 339 1851 ἀπόλαυσιν
352 1825 406 1851 τῶν
427 1825 471 1852 διὰ
489 1826 630 1860 μετανοίας
647 1825 693 1852 καὶ
714 1824 849 1860 ἀγαθοερ-

67 1869 130 1903 γίας
146 1869 197 1897 τῶν
206 1870 390 1904 ἁτελευτήτων
404 1870 513 1904 ἀγαθῶν
529 1871 763 1907 εὐμοιρησάντων.

902 1549 1021 1576 ctionem
1047 1557 1110 1576 vero
1125 1558 1179 1576 non
1196 1551 1389 1585 prophetarum
1405 1551 1547 1577 Conﬁrmat
1567 1550 1690 1577 testimo-

903 1595 968 1628 niis,
988 1595 1034 1622 sed
1057 1596 1142 1623 choro
1167 1597 1354 1631 apostolorum
1372 1596 1395 1623 si
1420 1597 1487 1630 ipsis
1514 1597 1566 1623 ﬁde
1589 1596 1689 1630 dignus

903 1644 974 1667 erat.
983 1641 1037 1676 29
1047 1640 1147 1668 Deinde
1160 1649 1223 1668 vero
1232 1647 1373 1676 postquam
1384 1641 1518 1668 eﬁ‘erendo
1527 1643 1629 1668 crimen
1640 1647 1688 1667 eoo

904 1693 976 1716 rum.
990 1687 1164 1713 vehementer
1175 1687 1374 1718 constristavit,
1391 1695 1498 1714 rursum
1514 1687 1638 1716 remittit.
1655 1687 1687 1712 aal

905 1731 1095 1766 paenitentiam
1113 1732 1173 1760 illos
1197 1733 1334 1760 invitans:
1357 1733 1428 1768 quod
1444 1741 1474 1760 ex
1492 1731 1646 1768 ignorantia
1661 1737 1689 1758 et

903 1777 1060 1811 insipientia
1074 1779 1256 1812 peccaverint,
1273 1779 1381 1813 etquod
1402 1779 1467 1806 illud
1478 1779 1550 1813 quod
1568 1777 1688 1805 :nbinitio

902 1824 1080 1851 constitutqu
1090 1828 1148 1851 erat
1157 1833 1187 1852 ac
1199 1825 1393 1859 prophetarum
1407 1826 1517 1852 oraculo
1528 1825 1687 1860 praedictum

901 1877 956 1896 non
971 1869 1090 1904 potuerit
1109 1870 1217 1898 evitari.
1244 1870 1293 1898 Ubi
1305 1878 1369 1897 vero
1387 1871 1527 1905 hucusque
1541 1870 1689 1906 promssit.

66 1916 122 1952 jam
135 1917 213 1944 etiam
220 1918 307 1953 palam
317 1918 436 1953 cogendo
445 1918 549 1946 inducit
559 1918 803 1953 ad_suscipicndam
815 1916 1002 1952 penitentiam
1014 1936 1022 1948 ,
1031 1920 1087 1942 tum
1096 1915 1128 1942 ad
1139 1915 1311 1943 abolitionem
1323 1916 1495 1947 delictorum,
1508 1922 1563 1943 tum
1574 1917 1606 1943 ad
1621 1916 1689 1943 deli‘

69 1965 127 1993 cia:
146 1965 356 2000 l'ruitiouemqne
376 1970 539 1994 :etcrnorum
562 1967 695 1995 bonorutn
706 1986 714 1999 ,
735 1974 796 2001 qua:
806 1972 853 1999 per
871 1963 1061 2000 pcenitentiam
1077 1963 1267 1998 bonorumque
1283 1964 1468 1999 operationem
1482 1965 1682 1999 percipiuntur.

108 2021 119 2039 ι
135 2013 187 2039 Καὶ
205 2014 250 2040 ἐπὶ
266 2014 298 2048 τῇ
322 2014 413 2040 πίστει
425 2014 472 2041 τοῦ
485 2015 613 2050 ὀνόματος
628 2015 722 2047 αὑτοῦ,
751 2014 846 2041 τοῦτον

74 2067 84 2084 ι
101 2057 130 2084 ὃν
156 2058 280 2093 Θεωρεῖτε
308 2058 355 2084 καὶ
381 2058 473 2086 οῖδατε
492 2079 500 2092 ,
529 2059 678 2095 ὲστερέωσε
705 2059 736 2086 τὸ
761 2059 846 2094 δνομα

75 2113 85 2130 ε
102 2103 190 2131 αὐτοῦ.
207 2113 218 2130 ι

106 2150 242 2182 Τουτέστι,
252 2151 285 2178 Τί
297 2151 381 2184 λέγω,
395 2151 544 2182 πιστεύσας
558 2151 604 2177 ἐπὶ
617 2151 655 2186 τῷ
671 2151 782 2186 ὀνόματι
800 2151 849 2178 αὐ-

73 2195 119 2222 τοῦ
141 2196 310 2232 ὲστερεώθη;
336 2197 383 2223 καὶ
407 2197 500 2232 πρὶνῆ
518 2196 673 2230 πιστεῦσαι,
707 2197 738 2223 τὸ
763 2196 848 2232 lli/opu

936 2011 982 2043 lll,
1002 2012 1044 2038 l6.
1064 2021 1072 2037 ι
1094 2011 1126 2038 Et
1147 2011 1181 2038 ob
1203 2011 1282 2038 ﬁdem
1300 2012 1420 2039 nominis
1434 2013 1502 2048 ejus,
1518 2012 1591 2040 hunc
1605 2020 1686 2048 quem

905 2067 914 2084 ι
933 2066 981 2086 vos
996 2057 1092 2085 videtis
1104 2061 1131 2085 et
1142 2057 1240 2091 nostis,
1257 2057 1438 2086 consolidavit
1450 2065 1546 2086 nomen
1559 2059 1654 2093 ipsius.
1673 2069 1682 2084 ι

937 2151 993 2178 [loc
1007 2156 1058 2183 est,
1074 2151 1144 2184 Quid
1166 2151 1228 2179 dico
1245 2151 1317 2186 quod
1337 2152 1382 2186 qui
1404 2152 1518 2179 credidit
1536 2153 1562 2179 in
1578 2154 1687 2180 nomine

902 2198 963 2233 ejus
980 2198 1165 2225 consolidatus
1182 2199 1237 2226 sit?
1253 2198 1307 2225 imo
1320 2198 1401 2225 etiam
1416 2198 1572 2232 priusquam
1590 2199 1684 2226 crede-

77 2243 151 2277 μόνον
161 2242 303 2277 ἐπικληθὲν
323 2243 489 2278 ἐστερέωσεν
518 2243 618 2270 αὐτόν·
638 2242 772 2278 τοσαύτην
795 2252 840 2278 mp

933 2248 952 2276 t,
969 2251 1067 2271 nomen
1086 2248 1190 2271 tantum
1211 2244 1365 2270 invocatum
1386 2243 1568 2270 consolidarit
1582 2244 1656 2270 llltllll
1676 2254 1683 2271 :

75 2286 148 2321 γάζει
159 2287 188 2314 τὸ
197 2287 281 2323 δνομα
300 2287 350 2323 τὴν
364 2289 453 2324 χάριν.
475 2288 558 2315 Οῠπω
573 2289 627 2324 γὰρ
638 2287 671 2324 ἦν
689 2288 847 2321 πιστεύσας,

76 2333 140 2359 ἀλλὰ
154 2333 218 2368 μόνη
231 2334 247 2368 ή
264 2334 408 2369 ἐπίκλησις
433 2334 480 2361 τοῦ
494 2335 625 2369 ὀνόματος
643 2335 673 2361 τὸ
687 2335 742 2362 πᾶν
753 2334 848 2370 εἰργά-

77 2387 148 2406 σατο.

113 2434 122 2451 ι
141 2424 191 2451 Καὶ
206 2425 222 2460 ἡ
236 2426 328 2457 πίστις
347 2426 364 2461 ή
385 2425 420 2452 δι’
444 2425 526 2452 αὐτοῦ
555 2425 655 2453 ἔδωκεν
687 2426 763 2462 αὑτῷ
799 2427 849 2463 τὴν

81 2479 90 2496 ι
106 2470 257 2506 ὁλοκληρίαν
268 2471 370 2505 ταύτην
388 2471 515 2498 ἀπέναντι
527 2472 634 2498 πάντων
651 2473 738 2506 ὑμῶν.
752 2482 762 2498 ι

111 2515 155 2547 Τίς
168 2516 194 2543 δὲ
211 2517 227 2550 ἡ
237 2516 355 2551 πιστιςή
371 2516 404 2542 δι’
420 2516 501 2543 αὑτοῦ
522 2517 699 2552 κηρυχθεῖσα,
714 2517 794 2550 αὐτὸς
805 2518 850 2553 έρ-

81 2562 204 2598 μηνεύει.‹
216 2563 275 2590 Ἵνα
287 2562 441 2596 γινώσκωσί
462 2571 491 2589 σε
508 2565 553 2589 τὸν
567 2563 645 2598 μόνον
660 2563 764 2598 ἀληθῆ,
777 2572 787 2589 ι
804 2563 850 2590 καὶ

79 2608 201 2641 ἑξῆςΠνα
216 2607 270 2644 γὰρ
286 2608 324 2644 μή
342 2617 384 2640 τις
398 2608 473 2644 εἴπῃ,
489 2608 593 2635 Οὐκοῦν
603 2608 653 2635 κᾶν
664 2608 776 2640 ἄπιστος
790 2611 851 2635 ὲπι-

80 2654 213 2686 καλέσηται
227 2654 257 2680 τὸ
272 2654 356 2689 ὄνομα
369 2654 517 2688 αὑτοῦ,κᾶν
524 2655 569 2681 ἐπὶ
578 2654 709 2689 θεραπείᾳ
724 2655 850 2687 ἀπίστου,

81 2699 148 2725 οὐδὲν
161 2697 238 2735 ἦττον
258 2700 273 2734 ἡ
291 2701 362 2731 ἴασις
377 2701 560 2736 προχωρήσει,
580 2700 659 2735 εἴπερ
676 2701 692 2734 ή
707 2700 851 2734 ἐπίκλησις

85 2744 143 2779 μόνη
153 2745 195 2771 τοῦ
206 2745 339 2780 ὀνόματος
355 2745 530 2781 ἐστερέωσεν·
549 2746 592 2772 ἶνα
610 2745 655 2772 οὖν
667 2747 703 2780 μή
717 2754 759 2777 τις
774 2745 850 2772 τοῦτο

84 2790 149 2825 tim“,
177 2791 309 2826 ὲπήγαγε⁶
347 2800 356 2816 ι
377 2791 431 2817 Καὶ
461 2791 477 2825 ή
512 2790 602 2821 πίστις
635 2790 706 2826 ήδι¹
733 2789 846 2818 αὐτοῦ.)

114 2837 133 2852 ⁸⁸
145 2836 215 2864 Joan.
230 2844 305 2870 svnt,
318 2837 360 2864 3|.
399 2837 418 2853 "
433 2837 511 2865 Joan.
533 2844 587 2870 xu,
601 2836 641 2864 l5.

899 2293 1002 2316 tantam
1025 2294 1116 2317 manat
1129 2297 1225 2317 nomen
1238 2289 1309 2316 illius
1324 2288 1440 2324 gratiam
1457 2289 1593 2316 :nunilum
1612 2290 1684 2317 enim

900 2335 1063 2369 crediderat,
1084 2336 1133 2365 sed
1146 2337 1204 2364 sola
1219 2336 1338 2364 nominis
1354 2336 1489 2363 invocatio
1504 2344 1559 2363 rem
1576 2344 1685 2364 onmem

902 2382 1014 2416 peregit.

940 2436 949 2453 ι
969 2426 1000 2453 Ει
1016 2427 1082 2454 ﬁdes
1097 2435 1156 2462 quae
1174 2435 1220 2463 per
1235 2435 1297 2456 eum
1314 2432 1367 2461 est,
1382 2428 1455 2456 dedit
1471 2429 1522 2463 ipsi
1542 2429 1684 2464 integrita~

906 2482 915 2498 ι
935 2476 987 2500 tem
1002 2473 1082 2500 istam
1104 2474 1129 2500 in
1148 2479 1293 2508 conspectu
1311 2475 1432 2501 omnium
1450 2480 1581 2502 vestrum.
1602 2484 1611 2500 ι

939 2516 1004 2550 Qua:
1020 2523 1109 2544 autem
1126 2517 1161 2544 sit
1181 2517 1245 2545 ﬁdes
1260 2526 1320 2552 quae
1344 2526 1392 2553 per
1406 2526 1467 2545 eum
1489 2523 1543 2550 cst,
1565 2519 1621 2552 ipse
1637 2519 1686 2546 th‘

903 2562 998 2595 clarat,
1019 2562 1064 2589 ubi
1080 2562 1118 2588 ait
1134 2571 1141 2589 :
1159 2571 1169 2587 ι
1191 2561 1226 2589 Ut
1251 2569 1418 2597 cognoscant
1438 2567 1463 2590 te
1486 2564 1573 2590 solum
1591 2571 1684 2589 verum

903 2609 986 2637 Deum
1003 2610 1036 2642 δ’,
1053 2620 1062 2636 ι
1080 2614 1132 2637 etc.
1153 2609 1190 2636 Ne
1203 2611 1266 2645 quis
1276 2611 1346 2638 enim
1366 2610 1457 2637 dicat:
1474 2609 1564 2644 Itaque
1577 2609 1685 2636 etiamsi

902 2655 1019 2682 inﬁdelis
1032 2655 1139 2682 invocet
1156 2662 1255 2682 nomen
1269 2655 1364 2689 ipsius,
1383 2655 1489 2682 etiamsi
1503 2654 1528 2680 in
1542 2653 1684 2679 curatione

902 2700 1032 2727 increduli
1048 2701 1074 2727 id
1087 2700 1142 2732 ﬁat,
1156 2700 1334 2728 nihilominus
1355 2700 1429 2727 salus
1443 2701 1637 2732 subseqnetur,
1660 2698 1683 2726 si

901 2745 1010 2779 quidem
1035 2746 1093 2774 sola
1105 2746 1225 2773 nominis
1246 2746 1381 2773 invocatio
1406 2744 1584 2772 eonsotitlzuit
1599 2745 1681 2771 hunc.

902 2788 941 2817 Ne
957 2789 1017 2825 quis
1031 2797 1095 2825 ergo
1109 2790 1160 2818 hoc
1177 2790 1259 2824 dicat,
1277 2790 1419 2824 subjuuxit
1436 2798 1442 2815 ς
1462 2798 1471 2814 ι
1491 2789 1523 2816 Ει
1542 2788 1606 2816 ﬁdes
1622 2797 1682 2823 que

681 2836 701 2852 δ’
718 2837 794 2865 Joan.
811 2845 876 2870 xvn,
891 2836 917 2864 5.
