  <div class='ocr_page' id='page_1' title='image "/cluster/home/n/w/nwhite01/storage/ocr_20150623/118/njp.32101077772992/077.png"; bbox 0 0 1856 3049; ppageno 0'>
   <div class='ocr_carea' id='block_1_1' title="bbox 117 117 1751 156">
    <p class='ocr_par' dir='ltr' id='par_1_1' title="bbox 117 117 1751 156">
     <span class='ocr_line' id='line_1_1' title="bbox 117 117 1751 156; baseline 0.006 -11"><span class='ocrx_word' id='word_1_1' title='bbox 117 117 150 150; x_wconf 74' lang='lat'><strong>91</strong></span> <span class='ocrx_word' id='word_1_2' title='bbox 628 119 826 149; x_wconf 70' lang='lat' dir='ltr'><strong>(ECUMENII</strong></span> <span class='ocrx_word' id='word_1_3' title='bbox 846 120 991 150; x_wconf 66' lang='lat' dir='ltr'><strong>TRICCJE</strong></span> <span class='ocrx_word' id='word_1_4' title='bbox 1011 122 1179 152; x_wconf 79' lang='lat' dir='ltr'><strong>EPISCOPI</strong></span> <span class='ocrx_word' id='word_1_5' title='bbox 1706 124 1751 156; x_wconf 73' lang='lat'><strong>92</strong></span> 
     </span>
    </p>
   </div>
   <div class='ocr_carea' id='block_1_2' title="bbox 118 173 851 216">
    <p class='ocr_par' dir='ltr' id='par_1_2' title="bbox 118 173 846 209">
     <span class='ocr_line' id='line_1_2' title="bbox 118 173 846 209; baseline 0.004 -9"><span class='ocrx_word' id='word_1_6' title='bbox 118 173 177 201; x_wconf 84' lang='lat' dir='ltr'><strong>lilii.</strong></span> <span class='ocrx_word' id='word_1_7' title='bbox 192 173 225 200; x_wconf 79' lang='lat' dir='ltr'><strong>lli</strong></span> <span class='ocrx_word' id='word_1_8' title='bbox 243 173 316 201; x_wconf 91' lang='lat' dir='ltr'><strong>enim</strong></span> <span class='ocrx_word' id='word_1_9' title='bbox 348 173 485 208; x_wconf 90' lang='lat' dir='ltr'><strong>spirituali</strong></span> <span class='ocrx_word' id='word_1_10' title='bbox 499 174 694 209; x_wconf 84' lang='lat' dir='ltr'><strong>prophetarum</strong></span> <span class='ocrx_word' id='word_1_11' title='bbox 712 175 846 203; x_wconf 82' lang='lat' dir='ltr'><strong>tiliatione</strong></span> 
     </span>
    </p>
   </div>
   <div class='ocr_carea' id='block_1_3' title="bbox 1018 173 1751 216">
    <p class='ocr_par' dir='ltr' id='par_1_3' title="bbox 1018 178 1751 216">
     <span class='ocr_line' id='line_1_3' title="bbox 1018 178 1751 216; baseline 0.005 -13"><span class='ocrx_word' id='word_1_12' title='bbox 1018 178 1148 212; x_wconf 83' lang='grc' dir='ltr'>εγόμενός</span> <span class='ocrx_word' id='word_1_13' title='bbox 1158 186 1234 213; x_wconf 70' lang='grc' dir='ltr'>φησι.</span> <span class='ocrx_word' id='word_1_14' title='bbox 1252 178 1301 205; x_wconf 77' lang='grc' dir='ltr'>Διὰ</span> <span class='ocrx_word' id='word_1_15' title='bbox 1313 178 1341 205; x_wconf 79' lang='grc' dir='ltr'><strong>δὲ</strong></span> <span class='ocrx_word' id='word_1_16' title='bbox 1357 178 1415 212; x_wconf 90' lang='grc' dir='ltr'>τοῦ,</span> <span class='ocrx_word' id='word_1_17' title='bbox 1435 188 1444 205; x_wconf 66' lang='grc' dir='ltr'><em>ς</em></span> <span class='ocrx_word' id='word_1_18' title='bbox 1459 180 1540 216; x_wconf 83' lang='grc' dir='ltr'>Ἀχρι</span> <span class='ocrx_word' id='word_1_19' title='bbox 1555 180 1659 215; x_wconf 86' lang='grc' dir='ltr'><strong>χρόνων</strong></span> <span class='ocrx_word' id='word_1_20' title='bbox 1673 182 1751 207; x_wconf 83' lang='grc' dir='ltr'>ἀπο-</span> 
     </span>
    </p>
   </div>
   <div class='ocr_carea' id='block_1_4' title="bbox 115 219 848 259">
    <p class='ocr_par' dir='ltr' id='par_1_4' title="bbox 115 219 846 256">
     <span class='ocr_line' id='line_1_4' title="bbox 115 219 846 256; baseline 0 -8"><span class='ocrx_word' id='word_1_21' title='bbox 115 220 201 256; x_wconf 83' lang='lat' dir='ltr'><strong>optati</strong></span> <span class='ocrx_word' id='word_1_22' title='bbox 218 224 293 253; x_wconf 84' lang='lat' dir='ltr'><strong>sunt,</strong></span> <span class='ocrx_word' id='word_1_23' title='bbox 311 219 357 247; x_wconf 89' lang='lat' dir='ltr'><strong>ille</strong></span> <span class='ocrx_word' id='word_1_24' title='bbox 372 227 439 246; x_wconf 85' lang='lat' dir='ltr'><strong>vero</strong></span> <span class='ocrx_word' id='word_1_25' title='bbox 458 221 578 247; x_wconf 85' lang='lat' dir='ltr'><strong>naturali</strong></span> <span class='ocrx_word' id='word_1_26' title='bbox 596 221 779 255; x_wconf 76' lang='lat' dir='ltr'><strong>dispositione</strong></span> <span class='ocrx_word' id='word_1_27' title='bbox 793 221 846 248; x_wconf 87' lang='lat' dir='ltr'><strong>ﬁlia</strong></span> 
     </span>
    </p>
   </div>
   <div class='ocr_carea' id='block_1_5' title="bbox 1017 219 1750 259">
    <p class='ocr_par' dir='ltr' id='par_1_5' title="bbox 1017 224 1750 259">
     <span class='ocr_line' id='line_1_5' title="bbox 1017 224 1750 259; baseline 0.005 -10"><span class='ocrx_word' id='word_1_28' title='bbox 1017 224 1159 255; x_wconf 82' lang='grc' dir='ltr'>ιστάσεως,</span> <span class='ocrx_word' id='word_1_29' title='bbox 1177 232 1187 249; x_wconf 71' lang='grc' dir='ltr'><strong>ι</strong></span> <span class='ocrx_word' id='word_1_30' title='bbox 1207 224 1257 259; x_wconf 82' lang='grc' dir='ltr'>τὴν</span> <span class='ocrx_word' id='word_1_31' title='bbox 1286 225 1375 251; x_wconf 74' lang='grc' dir='ltr'>αἰτίαν</span> <span class='ocrx_word' id='word_1_32' title='bbox 1400 225 1486 259; x_wconf 79' lang='grc' dir='ltr'>δηλοῖ,</span> <span class='ocrx_word' id='word_1_33' title='bbox 1513 225 1595 253; x_wconf 79' lang='grc' dir='ltr'>διὰτί</span> <span class='ocrx_word' id='word_1_34' title='bbox 1616 226 1665 253; x_wconf 86' lang='grc' dir='ltr'><strong>νῦν</strong></span> <span class='ocrx_word' id='word_1_35' title='bbox 1693 227 1750 253; x_wconf 73' lang='grc' dir='ltr'><strong>οὐκ</strong></span> 
     </span>
    </p>
   </div>
   <div class='ocr_carea' id='block_1_6' title="bbox 116 266 849 307">
    <p class='ocr_par' dir='ltr' id='par_1_6' title="bbox 116 266 849 301">
     <span class='ocr_line' id='line_1_6' title="bbox 116 266 849 301; baseline 0 -7"><span class='ocrx_word' id='word_1_36' title='bbox 116 274 176 294; x_wconf 88' lang='lat' dir='ltr'><strong>nem</strong></span> <span class='ocrx_word' id='word_1_37' title='bbox 194 266 308 294; x_wconf 93' lang='lat' dir='ltr'><strong>obtinet.</strong></span> <span class='ocrx_word' id='word_1_38' title='bbox 321 280 357 285; x_wconf 87' lang='lat'><strong>-—</strong></span> <span class='ocrx_word' id='word_1_39' title='bbox 370 266 431 293; x_wconf 78' lang='lat' dir='ltr'><strong>Alia</strong></span> <span class='ocrx_word' id='word_1_40' title='bbox 450 267 538 293; x_wconf 81' lang='lat' dir='ltr'><strong>modo.</strong></span> <span class='ocrx_word' id='word_1_41' title='bbox 556 266 622 293; x_wconf 94' lang='lat' dir='ltr'><strong>Illud</strong></span> <span class='ocrx_word' id='word_1_42' title='bbox 638 267 748 301; x_wconf 86' lang='lat' dir='ltr'><strong>quidem</strong></span> <span class='ocrx_word' id='word_1_43' title='bbox 763 277 770 294; x_wconf 91' lang='lat'><strong>:</strong></span> <span class='ocrx_word' id='word_1_44' title='bbox 786 277 795 293; x_wconf 71' lang='grc' dir='ltr'><strong>ι</strong></span> <span class='ocrx_word' id='word_1_45' title='bbox 814 267 849 300; x_wconf 75' lang='lat' dir='ltr'><strong>Qr</strong></span> 
     </span>
    </p>
   </div>
   <div class='ocr_carea' id='block_1_7' title="bbox 1019 266 1752 307">
    <p class='ocr_par' dir='ltr' id='par_1_7' title="bbox 1023 270 1752 307">
     <span class='ocr_line' id='line_1_7' title="bbox 1023 270 1752 307; baseline 0.004 -12"><span class='ocrx_word' id='word_1_46' title='bbox 1023 278 1126 304; x_wconf 87' lang='grc' dir='ltr'>ρχεται,</span> <span class='ocrx_word' id='word_1_47' title='bbox 1136 270 1372 305; x_wconf 81' lang='grc' dir='ltr'>Ἀποκαταστῆναι</span> <span class='ocrx_word' id='word_1_48' title='bbox 1386 271 1438 302; x_wconf 80' lang='grc' dir='ltr'>δεῖ,</span> <span class='ocrx_word' id='word_1_49' title='bbox 1454 272 1532 307; x_wconf 77' lang='grc' dir='ltr'>φησὶ,</span> <span class='ocrx_word' id='word_1_50' title='bbox 1545 273 1591 299; x_wconf 79' lang='grc' dir='ltr'>καὶ</span> <span class='ocrx_word' id='word_1_51' title='bbox 1605 273 1646 304; x_wconf 71' lang='grc' dir='ltr'>εἰς</span> <span class='ocrx_word' id='word_1_52' title='bbox 1657 272 1752 307; x_wconf 71' lang='grc' dir='ltr'>πέρας</span> 
     </span>
    </p>
   </div>
   <div class='ocr_carea' id='block_1_8' title="bbox 116 313 849 348">
    <p class='ocr_par' dir='ltr' id='par_1_8' title="bbox 116 313 849 347">
     <span class='ocr_line' id='line_1_8' title="bbox 116 313 849 347; baseline -0.001 -7"><span class='ocrx_word' id='word_1_53' title='bbox 116 317 224 347; x_wconf 76' lang='lat' dir='ltr'><strong>oportet</strong></span> <span class='ocrx_word' id='word_1_54' title='bbox 239 313 352 346; x_wconf 84' lang='lat' dir='ltr'><strong>suscipi,</strong></span> <span class='ocrx_word' id='word_1_55' title='bbox 371 323 380 338; x_wconf 79' lang='grc' dir='ltr'><strong><em>ι</em></strong></span> <span class='ocrx_word' id='word_1_56' title='bbox 397 313 515 347; x_wconf 90' lang='lat' dir='ltr'><strong>positum</strong></span> <span class='ocrx_word' id='word_1_57' title='bbox 531 317 574 340; x_wconf 89' lang='lat' dir='ltr'><strong>est</strong></span> <span class='ocrx_word' id='word_1_58' title='bbox 586 320 617 340; x_wconf 87' lang='lat' dir='ltr'><strong>ac</strong></span> <span class='ocrx_word' id='word_1_59' title='bbox 630 314 652 340; x_wconf 88' lang='lat' dir='ltr'><strong>si</strong></span> <span class='ocrx_word' id='word_1_60' title='bbox 668 313 811 341; x_wconf 82' lang='lat' dir='ltr'><strong>diceretur</strong></span> <span class='ocrx_word' id='word_1_61' title='bbox 825 324 831 340; x_wconf 91' lang='lat'><strong>:</strong></span> <span class='ocrx_word' id='word_1_62' title='bbox 846 314 849 339; x_wconf 89' lang='lat' dir='ltr'><strong>l</strong></span> 
     </span>
    </p>
   </div>
   <div class='ocr_carea' id='block_1_9' title="bbox 753 313 1486 348">
    <p class='ocr_par' dir='ltr' id='par_1_9' title="bbox 753 314 1486 348">
     <span class='ocr_line' id='line_1_9' title="bbox 753 314 1486 348; baseline 0.003 -7"><span class='ocrx_word' id='word_1_63' title='bbox 753 318 811 341; x_wconf 83' lang='lat' dir='ltr'><strong>etur</strong></span> <span class='ocrx_word' id='word_1_64' title='bbox 825 324 831 340; x_wconf 91' lang='lat'><strong>:</strong></span> <span class='ocrx_word' id='word_1_65' title='bbox 846 314 899 341; x_wconf 63' lang='lat' dir='ltr'><strong>Nev</strong></span> <span class='ocrx_word' id='word_1_66' title='bbox 954 314 1043 340; x_wconf 75' lang='grc' dir='ltr'>ἐλθεῖν</span> <span class='ocrx_word' id='word_1_67' title='bbox 1064 315 1183 348; x_wconf 79' lang='grc' dir='ltr'>ἅπαντα,</span> <span class='ocrx_word' id='word_1_68' title='bbox 1201 318 1249 342; x_wconf 75' lang='grc' dir='ltr'>καὶ</span> <span class='ocrx_word' id='word_1_69' title='bbox 1260 317 1321 343; x_wconf 80' lang='grc' dir='ltr'>τότε</span> <span class='ocrx_word' id='word_1_70' title='bbox 1336 317 1486 344; x_wconf 78' lang='grc' dir='ltr'>ἐλεύσεται.</span> 
     </span>
    </p>
   </div>
   <div class='ocr_carea' id='block_1_10' title="bbox 117 361 1753 401">
    <p class='ocr_par' dir='ltr' id='par_1_10' title="bbox 117 361 1753 401">
     <span class='ocr_line' id='line_1_10' title="bbox 117 361 1753 401; baseline 0.002 -13"><span class='ocrx_word' id='word_1_71' title='bbox 117 369 193 388; x_wconf 87' lang='lat' dir='ltr'><strong>cesse</strong></span> <span class='ocrx_word' id='word_1_72' title='bbox 218 366 260 388; x_wconf 87' lang='lat' dir='ltr'><strong>est</strong></span> <span class='ocrx_word' id='word_1_73' title='bbox 283 362 371 396; x_wconf 88' lang='lat' dir='ltr'><strong>ipsum</strong></span> <span class='ocrx_word' id='word_1_74' title='bbox 395 361 518 394; x_wconf 86' lang='lat' dir='ltr'><strong>suscipi,</strong></span> <span class='ocrx_word' id='word_1_75' title='bbox 541 366 569 387; x_wconf 94' lang='lat' dir='ltr'><strong>ut</strong></span> <span class='ocrx_word' id='word_1_76' title='bbox 584 361 631 396; x_wconf 86' lang='lat' dir='ltr'><strong>qui</strong></span> <span class='ocrx_word' id='word_1_77' title='bbox 656 369 721 389; x_wconf 87' lang='lat' dir='ltr'><strong>sane</strong></span> <span class='ocrx_word' id='word_1_78' title='bbox 748 362 819 390; x_wconf 90' lang='lat' dir='ltr'><strong>Deus</strong></span> <span class='ocrx_word' id='word_1_79' title='bbox 849 362 897 389; x_wconf 86' lang='lat' dir='ltr'><strong>sit.</strong></span> <span class='ocrx_word' id='word_1_80' title='bbox 915 362 1058 395; x_wconf 88' lang='lat' dir='ltr'><strong>Quomodo</strong></span> <span class='ocrx_word' id='word_1_81' title='bbox 1078 372 1144 399; x_wconf 76' lang='lat' dir='ltr'><strong>ergo</strong></span> <span class='ocrx_word' id='word_1_82' title='bbox 1167 373 1222 392; x_wconf 93' lang='lat' dir='ltr'><strong>non</strong></span> <span class='ocrx_word' id='word_1_83' title='bbox 1241 365 1418 398; x_wconf 77' lang='lat' dir='ltr'><strong>dixit,Quem</strong></span> <span class='ocrx_word' id='word_1_84' title='bbox 1458 366 1559 394; x_wconf 73' lang='lat' dir='ltr'><strong>omium</strong></span> <span class='ocrx_word' id='word_1_85' title='bbox 1603 364 1753 401; x_wconf 72' lang='lat' dir='ltr'><strong>suscepit?</strong></span> 
     </span>
    </p>
   </div>
   <div class='ocr_carea' id='block_1_11' title="bbox 115 408 1750 448">
    <p class='ocr_par' dir='ltr' id='par_1_11' title="bbox 115 408 1750 448">
     <span class='ocr_line' id='line_1_11' title="bbox 115 408 1750 448; baseline 0.001 -12"><span class='ocrx_word' id='word_1_86' title='bbox 115 409 173 436; x_wconf 78' lang='lat' dir='ltr'><strong>Hoc</strong></span> <span class='ocrx_word' id='word_1_87' title='bbox 211 413 341 442; x_wconf 87' lang='lat' dir='ltr'><strong>tanquam</strong></span> <span class='ocrx_word' id='word_1_88' title='bbox 382 408 416 435; x_wconf 88' lang='lat' dir='ltr'><strong>de</strong></span> <span class='ocrx_word' id='word_1_89' title='bbox 443 409 633 443; x_wconf 82' lang='lat' dir='ltr'><strong>superioribus</strong></span> <span class='ocrx_word' id='word_1_90' title='bbox 668 410 838 443; x_wconf 87' lang='lat' dir='ltr'><strong>temporibus</strong></span> <span class='ocrx_word' id='word_1_91' title='bbox 862 410 1003 438; x_wconf 70' lang='lat' dir='ltr'><strong>dissurens</strong></span> <span class='ocrx_word' id='word_1_92' title='bbox 1033 412 1163 446; x_wconf 91' lang='lat' dir='ltr'><strong>loquitur.</strong></span> <span class='ocrx_word' id='word_1_93' title='bbox 1196 412 1329 440; x_wconf 60' lang='lat' dir='ltr'><strong>Caeterum</strong></span> <span class='ocrx_word' id='word_1_94' title='bbox 1357 413 1429 448; x_wconf 90' lang='lat' dir='ltr'><strong>quod</strong></span> <span class='ocrx_word' id='word_1_95' title='bbox 1459 414 1520 440; x_wconf 88' lang='lat' dir='ltr'><strong>ait:</strong></span> <span class='ocrx_word' id='word_1_96' title='bbox 1559 422 1569 438; x_wconf 77' lang='grc' dir='ltr'>ί</span> <span class='ocrx_word' id='word_1_97' title='bbox 1588 411 1682 447; x_wconf 87' lang='lat' dir='ltr'><strong>Usque</strong></span> <span class='ocrx_word' id='word_1_98' title='bbox 1710 412 1750 439; x_wconf 85' lang='lat' dir='ltr'><strong>ad</strong></span> 
     </span>
    </p>
   </div>
   <div class='ocr_carea' id='block_1_12' title="bbox 118 456 1752 496">
    <p class='ocr_par' dir='ltr' id='par_1_12' title="bbox 118 456 1752 496">
     <span class='ocr_line' id='line_1_12' title="bbox 118 456 1752 496; baseline 0.003 -14"><span class='ocrx_word' id='word_1_99' title='bbox 118 463 237 491; x_wconf 84' lang='lat' dir='ltr'><strong>tempora</strong></span> <span class='ocrx_word' id='word_1_100' title='bbox 254 456 471 487; x_wconf 88' lang='lat' dir='ltr'><strong>iustaurationis,</strong></span> <span class='ocrx_word' id='word_1_101' title='bbox 488 465 497 481; x_wconf 67' lang='grc' dir='ltr'><strong>ι</strong></span> <span class='ocrx_word' id='word_1_102' title='bbox 511 463 622 483; x_wconf 82' lang='lat' dir='ltr'><strong>causam</strong></span> <span class='ocrx_word' id='word_1_103' title='bbox 638 456 795 484; x_wconf 78' lang='lat' dir='ltr'><strong>manifestat</strong></span> <span class='ocrx_word' id='word_1_104' title='bbox 810 465 896 491; x_wconf 87' lang='lat' dir='ltr'><strong>quare</strong></span> <span class='ocrx_word' id='word_1_105' title='bbox 916 466 990 485; x_wconf 91' lang='lat' dir='ltr'><strong>nunc</strong></span> <span class='ocrx_word' id='word_1_106' title='bbox 1007 458 1096 487; x_wconf 89' lang='lat' dir='ltr'><strong>adhuc</strong></span> <span class='ocrx_word' id='word_1_107' title='bbox 1114 467 1170 486; x_wconf 90' lang='lat' dir='ltr'><strong>non</strong></span> <span class='ocrx_word' id='word_1_108' title='bbox 1187 460 1291 487; x_wconf 81' lang='lat' dir='ltr'><strong>veniat.</strong></span> <span class='ocrx_word' id='word_1_109' title='bbox 1311 459 1436 496; x_wconf 86' lang='lat' dir='ltr'><strong>Oportet,</strong></span> <span class='ocrx_word' id='word_1_110' title='bbox 1454 461 1555 495; x_wconf 85' lang='lat' dir='ltr'><strong>inquit,</strong></span> <span class='ocrx_word' id='word_1_111' title='bbox 1594 460 1752 488; x_wconf 75' lang='lat' dir='ltr'><strong>instaurari</strong></span> 
     </span>
    </p>
   </div>
   <div class='ocr_carea' id='block_1_13' title="bbox 116 503 854 534">
    <p class='ocr_par' dir='ltr' id='par_1_13' title="bbox 116 503 854 534">
     <span class='ocr_line' id='line_1_13' title="bbox 116 503 854 534; baseline 0 -4"><span class='ocrx_word' id='word_1_112' title='bbox 116 509 143 530; x_wconf 90' lang='lat' dir='ltr'><strong>et</strong></span> <span class='ocrx_word' id='word_1_113' title='bbox 155 503 187 530; x_wconf 87' lang='lat' dir='ltr'><strong>ad</strong></span> <span class='ocrx_word' id='word_1_114' title='bbox 204 503 350 530; x_wconf 87' lang='lat' dir='ltr'><strong>terminum</strong></span> <span class='ocrx_word' id='word_1_115' title='bbox 368 503 463 528; x_wconf 79' lang='lat' dir='ltr'><strong>venire.</strong></span> <span class='ocrx_word' id='word_1_116' title='bbox 475 503 614 534; x_wconf 83' lang='lat' dir='ltr'><strong>universa,</strong></span> <span class='ocrx_word' id='word_1_117' title='bbox 631 506 658 529; x_wconf 87' lang='lat' dir='ltr'><strong>et</strong></span> <span class='ocrx_word' id='word_1_118' title='bbox 675 507 740 529; x_wconf 89' lang='lat' dir='ltr'><strong>tunc</strong></span> <span class='ocrx_word' id='word_1_119' title='bbox 755 503 854 530; x_wconf 86' lang='lat' dir='ltr'><strong>vcuiet.</strong></span> 
     </span>
    </p>
   </div>
   <div class='ocr_carea' id='block_1_14' title="bbox 152 543 885 581">
    <p class='ocr_par' dir='ltr' id='par_1_14' title="bbox 152 546 882 581">
     <span class='ocr_line' id='line_1_14' title="bbox 152 546 882 581; baseline -0.001 -7"><span class='ocrx_word' id='word_1_120' title='bbox 152 548 194 577; x_wconf 81' lang='lat' dir='ltr'><strong>Ill,</strong></span> <span class='ocrx_word' id='word_1_121' title='bbox 214 547 258 577; x_wconf 70' lang='lat'><strong>22.</strong></span> <span class='ocrx_word' id='word_1_122' title='bbox 273 546 317 572; x_wconf 73' lang='lat'><strong>23.</strong></span> <span class='ocrx_word' id='word_1_123' title='bbox 343 555 352 570; x_wconf 83' lang='grc'><em>‹</em></span> <span class='ocrx_word' id='word_1_124' title='bbox 372 546 462 573; x_wconf 81' lang='lat' dir='ltr'><strong>Moses</strong></span> <span class='ocrx_word' id='word_1_125' title='bbox 481 546 616 580; x_wconf 77' lang='lat' dir='ltr'><strong>siquidem</strong></span> <span class='ocrx_word' id='word_1_126' title='bbox 640 546 675 573; x_wconf 85' lang='lat' dir='ltr'><strong>ad</strong></span> <span class='ocrx_word' id='word_1_127' title='bbox 698 553 789 581; x_wconf 79' lang='lat' dir='ltr'><strong>patres</strong></span> <span class='ocrx_word' id='word_1_128' title='bbox 812 547 882 574; x_wconf 76' lang='lat' dir='ltr'><strong>dixit</strong></span> 
     </span>
    </p>
   </div>
   <div class='ocr_carea' id='block_1_15' title="bbox 1018 543 1751 581">
    <p class='ocr_par' dir='ltr' id='par_1_15' title="bbox 1020 543 1751 581">
     <span class='ocr_line' id='line_1_15' title="bbox 1020 543 1751 581; baseline -0.004 -8"><span class='ocrx_word' id='word_1_129' title='bbox 1020 545 1140 581; x_wconf 73' lang='grc' dir='ltr'><strong>Μωῦσῆς</strong></span> <span class='ocrx_word' id='word_1_130' title='bbox 1157 545 1207 581; x_wconf 76' lang='grc' dir='ltr'><strong>μὲν</strong></span> <span class='ocrx_word' id='word_1_131' title='bbox 1227 546 1281 581; x_wconf 79' lang='grc' dir='ltr'><strong>γὰρ</strong></span> <span class='ocrx_word' id='word_1_132' title='bbox 1294 546 1362 581; x_wconf 78' lang='grc' dir='ltr'>πρὸς</span> <span class='ocrx_word' id='word_1_133' title='bbox 1381 546 1445 578; x_wconf 84' lang='grc' dir='ltr'>τοὺς</span> <span class='ocrx_word' id='word_1_134' title='bbox 1458 546 1579 581; x_wconf 77' lang='grc' dir='ltr'>πατέρας</span> <span class='ocrx_word' id='word_1_135' title='bbox 1590 543 1678 580; x_wconf 74' lang='grc' dir='ltr'>εἶπεν,</span> <span class='ocrx_word' id='word_1_136' title='bbox 1704 547 1751 573; x_wconf 77' lang='grc' dir='ltr'>ὅτι</span> 
     </span>
    </p>
   </div>
   <div class='ocr_carea' id='block_1_16' title="bbox 120 591 853 627">
    <p class='ocr_par' dir='ltr' id='par_1_16' title="bbox 120 592 853 626">
     <span class='ocr_line' id='line_1_16' title="bbox 120 592 853 626; baseline 0 -7"><span class='ocrx_word' id='word_1_137' title='bbox 120 603 130 619; x_wconf 72' lang='grc' dir='ltr'><strong>ι</strong></span> <span class='ocrx_word' id='word_1_138' title='bbox 151 592 312 626; x_wconf 86' lang='lat' dir='ltr'><strong>Prophetam</strong></span> <span class='ocrx_word' id='word_1_139' title='bbox 329 592 476 619; x_wconf 85' lang='lat' dir='ltr'><strong>suscitabit</strong></span> <span class='ocrx_word' id='word_1_140' title='bbox 489 593 567 619; x_wconf 80' lang='lat' dir='ltr'><strong>vobis</strong></span> <span class='ocrx_word' id='word_1_141' title='bbox 583 593 715 620; x_wconf 85' lang='lat' dir='ltr'><strong>Dominus</strong></span> <span class='ocrx_word' id='word_1_142' title='bbox 731 593 801 620; x_wconf 86' lang='lat' dir='ltr'><strong>Deus</strong></span> <span class='ocrx_word' id='word_1_143' title='bbox 813 601 853 620; x_wconf 76' lang='lat' dir='ltr'><strong>uo:</strong></span> 
     </span>
    </p>
   </div>
   <div class='ocr_carea' id='block_1_17' title="bbox 1014 591 1747 627">
    <p class='ocr_par' dir='ltr' id='par_1_17' title="bbox 1014 591 1747 627">
     <span class='ocr_line' id='line_1_17' title="bbox 1014 591 1747 627; baseline 0.001 -11"><span class='ocrx_word' id='word_1_144' title='bbox 1014 592 1134 626; x_wconf 83' lang='grc' dir='ltr'>ροφήτην</span> <span class='ocrx_word' id='word_1_145' title='bbox 1169 591 1233 626; x_wconf 85' lang='grc' dir='ltr'>ὑμῖν</span> <span class='ocrx_word' id='word_1_146' title='bbox 1257 593 1403 627; x_wconf 84' lang='grc' dir='ltr'><strong>ἀναστήσει</strong></span> <span class='ocrx_word' id='word_1_147' title='bbox 1427 592 1556 627; x_wconf 82' lang='grc' dir='ltr'>Κύριοςό</span> <span class='ocrx_word' id='word_1_148' title='bbox 1571 592 1638 623; x_wconf 77' lang='grc' dir='ltr'>Θεὸς</span> <span class='ocrx_word' id='word_1_149' title='bbox 1662 592 1747 627; x_wconf 80' lang='grc' dir='ltr'>ήμῶν</span> 
     </span>
    </p>
   </div>
   <div class='ocr_carea' id='block_1_18' title="bbox 119 637 852 673">
    <p class='ocr_par' dir='ltr' id='par_1_18' title="bbox 119 638 850 673">
     <span class='ocr_line' id='line_1_18' title="bbox 119 638 850 673; baseline 0.001 -8"><span class='ocrx_word' id='word_1_150' title='bbox 119 649 130 665; x_wconf 75' lang='grc' dir='ltr'><strong>ι</strong></span> <span class='ocrx_word' id='word_1_151' title='bbox 150 647 164 665; x_wconf 94' lang='lat' dir='ltr'><strong>e</strong></span> <span class='ocrx_word' id='word_1_152' title='bbox 181 638 314 665; x_wconf 80' lang='lat' dir='ltr'><strong>fratribus</strong></span> <span class='ocrx_word' id='word_1_153' title='bbox 333 639 433 666; x_wconf 73' lang='lat' dir='ltr'><strong>vestris</strong></span> <span class='ocrx_word' id='word_1_154' title='bbox 454 639 507 665; x_wconf 91' lang='lat' dir='ltr'><strong>mei</strong></span> <span class='ocrx_word' id='word_1_155' title='bbox 525 638 642 666; x_wconf 89' lang='lat' dir='ltr'><strong>similem</strong></span> <span class='ocrx_word' id='word_1_156' title='bbox 659 647 667 665; x_wconf 84' lang='lat'><strong>:</strong></span> <span class='ocrx_word' id='word_1_157' title='bbox 683 639 772 673; x_wconf 88' lang='lat' dir='ltr'><strong>ipsqu</strong></span> <span class='ocrx_word' id='word_1_158' title='bbox 786 639 850 666; x_wconf 87' lang='lat' dir='ltr'><strong>audi</strong></span> 
     </span>
    </p>
   </div>
   <div class='ocr_carea' id='block_1_19' title="bbox 1018 637 1751 673">
    <p class='ocr_par' dir='ltr' id='par_1_19' title="bbox 1018 637 1751 672">
     <span class='ocr_line' id='line_1_19' title="bbox 1018 637 1751 672; baseline 0.001 -9"><span class='ocrx_word' id='word_1_159' title='bbox 1018 646 1022 663; x_wconf 88' lang='lat'><strong>:</strong></span> <span class='ocrx_word' id='word_1_160' title='bbox 1038 637 1092 664; x_wconf 87' lang='grc' dir='ltr'><strong>τῶν</strong></span> <span class='ocrx_word' id='word_1_161' title='bbox 1126 637 1250 671; x_wconf 78' lang='grc' dir='ltr'><strong>ἀδελφῶν</strong></span> <span class='ocrx_word' id='word_1_162' title='bbox 1274 637 1351 672; x_wconf 82' lang='grc' dir='ltr'>ὑμῶν</span> <span class='ocrx_word' id='word_1_163' title='bbox 1364 638 1401 669; x_wconf 86' lang='grc' dir='ltr'>ὼς</span> <span class='ocrx_word' id='word_1_164' title='bbox 1415 639 1475 672; x_wconf 63' lang='lat' dir='ltr'><strong>ens.</strong></span> <span class='ocrx_word' id='word_1_165' title='bbox 1489 638 1575 664; x_wconf 77' lang='grc' dir='ltr'>Αὑτοῦ</span> <span class='ocrx_word' id='word_1_166' title='bbox 1595 638 1751 665; x_wconf 76' lang='grc' dir='ltr'><strong>ἀκούσεσθε</strong></span> 
     </span>
    </p>
   </div>
   <div class='ocr_carea' id='block_1_20' title="bbox 120 683 853 719">
    <p class='ocr_par' dir='ltr' id='par_1_20' title="bbox 120 684 851 718">
     <span class='ocr_line' id='line_1_20' title="bbox 120 684 851 718; baseline 0.001 -8"><span class='ocrx_word' id='word_1_167' title='bbox 120 694 129 710; x_wconf 75' lang='grc' dir='ltr'><strong>ι</strong></span> <span class='ocrx_word' id='word_1_168' title='bbox 146 684 224 718; x_wconf 77' lang='lat' dir='ltr'><strong>juxta</strong></span> <span class='ocrx_word' id='word_1_169' title='bbox 236 685 328 711; x_wconf 81' lang='lat' dir='ltr'><strong>omnia</strong></span> <span class='ocrx_word' id='word_1_170' title='bbox 347 692 409 718; x_wconf 65' lang='lat' dir='ltr'><strong>qua</strong></span> <span class='ocrx_word' id='word_1_171' title='bbox 424 685 533 712; x_wconf 91' lang='lat' dir='ltr'><strong>locutus</strong></span> <span class='ocrx_word' id='word_1_172' title='bbox 551 684 633 711; x_wconf 77' lang='lat' dir='ltr'><strong>fuerit</strong></span> <span class='ocrx_word' id='word_1_173' title='bbox 647 685 737 712; x_wconf 86' lang='lat' dir='ltr'><strong>vobis.</strong></span> <span class='ocrx_word' id='word_1_174' title='bbox 761 685 851 712; x_wconf 78' lang='lat' dir='ltr'><strong>Contil</strong></span> 
     </span>
    </p>
   </div>
   <div class='ocr_carea' id='block_1_21' title="bbox 1017 683 1750 719">
    <p class='ocr_par' dir='ltr' id='par_1_21' title="bbox 1017 683 1750 719">
     <span class='ocr_line' id='line_1_21' title="bbox 1017 683 1750 719; baseline 0.001 -11"><span class='ocrx_word' id='word_1_175' title='bbox 1017 683 1059 709; x_wconf 79' lang='grc' dir='ltr'><strong>ιτὰ</strong></span> <span class='ocrx_word' id='word_1_176' title='bbox 1071 684 1159 709; x_wconf 79' lang='grc' dir='ltr'>πάντα</span> <span class='ocrx_word' id='word_1_177' title='bbox 1181 684 1231 710; x_wconf 74' lang='grc' dir='ltr'><strong>ὅσα</strong></span> <span class='ocrx_word' id='word_1_178' title='bbox 1248 684 1280 710; x_wconf 83' lang='grc' dir='ltr'>ἂν</span> <span class='ocrx_word' id='word_1_179' title='bbox 1294 683 1398 719; x_wconf 79' lang='grc' dir='ltr'><strong>λαλήσῃ</strong></span> <span class='ocrx_word' id='word_1_180' title='bbox 1420 683 1486 719; x_wconf 72' lang='grc' dir='ltr'>πρὸς</span> <span class='ocrx_word' id='word_1_181' title='bbox 1499 683 1581 718; x_wconf 79' lang='grc' dir='ltr'>ὑμᾶς.</span> <span class='ocrx_word' id='word_1_182' title='bbox 1597 683 1750 717; x_wconf 74' lang='grc' dir='ltr'>Ἐσταιδὲ,</span> 
     </span>
    </p>
   </div>
   <div class='ocr_carea' id='block_1_22' title="bbox 119 727 852 766">
    <p class='ocr_par' dir='ltr' id='par_1_22' title="bbox 119 730 852 766">
     <span class='ocr_line' id='line_1_22' title="bbox 119 730 852 766; baseline 0.001 -9"><span class='ocrx_word' id='word_1_183' title='bbox 119 740 130 757; x_wconf 70' lang='grc' dir='ltr'>ς</span> <span class='ocrx_word' id='word_1_184' title='bbox 151 734 242 758; x_wconf 87' lang='lat' dir='ltr'><strong>autem</strong></span> <span class='ocrx_word' id='word_1_185' title='bbox 261 739 268 756; x_wconf 88' lang='lat'><strong>:</strong></span> <span class='ocrx_word' id='word_1_186' title='bbox 283 730 379 757; x_wconf 87' lang='lat' dir='ltr'><strong>Omnis</strong></span> <span class='ocrx_word' id='word_1_187' title='bbox 400 730 492 757; x_wconf 88' lang='lat' dir='ltr'><strong>anima</strong></span> <span class='ocrx_word' id='word_1_188' title='bbox 508 738 568 764; x_wconf 73' lang='lat' dir='ltr'><strong>qua:</strong></span> <span class='ocrx_word' id='word_1_189' title='bbox 582 738 638 757; x_wconf 92' lang='lat' dir='ltr'><strong>non</strong></span> <span class='ocrx_word' id='word_1_190' title='bbox 655 731 772 759; x_wconf 81' lang='lat' dir='ltr'><strong>audierit</strong></span> <span class='ocrx_word' id='word_1_191' title='bbox 788 739 852 766; x_wconf 83' lang='lat' dir='ltr'><strong>prop</strong></span> 
     </span>
    </p>
   </div>
   <div class='ocr_carea' id='block_1_23' title="bbox 1019 727 1752 766">
    <p class='ocr_par' dir='ltr' id='par_1_23' title="bbox 1019 727 1752 763">
     <span class='ocr_line' id='line_1_23' title="bbox 1019 727 1752 763; baseline 0.001 -10"><span class='ocrx_word' id='word_1_192' title='bbox 1019 728 1066 754; x_wconf 75' lang='lat' dir='ltr'><strong>ica</strong></span> <span class='ocrx_word' id='word_1_193' title='bbox 1080 727 1153 763; x_wconf 71' lang='grc' dir='ltr'>ψυχὴ</span> <span class='ocrx_word' id='word_1_194' title='bbox 1168 728 1229 762; x_wconf 87' lang='grc' dir='ltr'>ἦτις</span> <span class='ocrx_word' id='word_1_195' title='bbox 1244 728 1276 754; x_wconf 78' lang='grc' dir='ltr'>ἂν</span> <span class='ocrx_word' id='word_1_196' title='bbox 1294 728 1332 763; x_wconf 82' lang='grc' dir='ltr'>μὴ</span> <span class='ocrx_word' id='word_1_197' title='bbox 1346 727 1451 763; x_wconf 81' lang='grc' dir='ltr'>ἀκούσῃ</span> <span class='ocrx_word' id='word_1_198' title='bbox 1462 728 1509 754; x_wconf 85' lang='grc' dir='ltr'><strong>τοῦ</strong></span> <span class='ocrx_word' id='word_1_199' title='bbox 1519 728 1660 763; x_wconf 83' lang='grc' dir='ltr'><strong>προφήτου</strong></span> <span class='ocrx_word' id='word_1_200' title='bbox 1672 728 1752 754; x_wconf 78' lang='grc' dir='ltr'>ὲκεί-</span> 
     </span>
    </p>
   </div>
   <div class='ocr_carea' id='block_1_24' title="bbox 121 767 854 809">
    <p class='ocr_par' dir='ltr' id='par_1_24' title="bbox 121 775 736 809">
     <span class='ocr_line' id='line_1_24' title="bbox 121 775 736 809; baseline -0.002 -8"><span class='ocrx_word' id='word_1_201' title='bbox 121 785 131 801; x_wconf 85' lang='grc'><strong>‹</strong></span> <span class='ocrx_word' id='word_1_202' title='bbox 154 779 209 802; x_wconf 88' lang='lat' dir='ltr'><strong>tam</strong></span> <span class='ocrx_word' id='word_1_203' title='bbox 225 775 314 806; x_wconf 84' lang='lat' dir='ltr'><strong>illum,</strong></span> <span class='ocrx_word' id='word_1_204' title='bbox 326 775 554 802; x_wconf 83' lang='lat' dir='ltr'><strong>exterminabitur</strong></span> <span class='ocrx_word' id='word_1_205' title='bbox 566 782 580 802; x_wconf 87' lang='lat' dir='ltr'><strong>e</strong></span> <span class='ocrx_word' id='word_1_206' title='bbox 591 775 702 809; x_wconf 89' lang='lat' dir='ltr'><strong>populo.</strong></span> <span class='ocrx_word' id='word_1_207' title='bbox 727 785 736 800; x_wconf 69' lang='grc' dir='ltr'><strong>ι</strong></span> 
     </span>
    </p>
   </div>
   <div class='ocr_carea' id='block_1_25' title="bbox 813 767 1546 809">
    <p class='ocr_par' dir='ltr' id='par_1_25' title="bbox 923 767 1546 809">
     <span class='ocr_line' id='line_1_25' title="bbox 923 767 1546 809; baseline 0.002 -10"><span class='ocrx_word' id='word_1_208' title='bbox 923 767 946 794; x_wconf 80' lang='grc' dir='ltr'><strong>Β</strong></span> <span class='ocrx_word' id='word_1_209' title='bbox 963 783 972 799; x_wconf 79' lang='grc'><strong>1</strong></span> <span class='ocrx_word' id='word_1_210' title='bbox 991 782 1048 805; x_wconf 87' lang='grc' dir='ltr'>νου,</span> <span class='ocrx_word' id='word_1_211' title='bbox 1062 773 1318 809; x_wconf 78' lang='grc' dir='ltr'>ἑξολοθρευθήσεται</span> <span class='ocrx_word' id='word_1_212' title='bbox 1335 775 1367 800; x_wconf 79' lang='grc' dir='ltr'><strong>ἑκ</strong></span> <span class='ocrx_word' id='word_1_213' title='bbox 1376 774 1423 800; x_wconf 84' lang='grc' dir='ltr'><strong>τοῦ</strong></span> <span class='ocrx_word' id='word_1_214' title='bbox 1439 773 1515 801; x_wconf 81' lang='grc' dir='ltr'>λαοῦ.</span> <span class='ocrx_word' id='word_1_215' title='bbox 1537 783 1546 800; x_wconf 75' lang='grc' dir='ltr'><strong>ι</strong></span> 
     </span>
    </p>
   </div>
   <div class='ocr_carea' id='block_1_26' title="bbox 153 819 886 856">
    <p class='ocr_par' dir='ltr' id='par_1_26' title="bbox 153 820 886 854">
     <span class='ocr_line' id='line_1_26' title="bbox 153 820 886 854; baseline 0.003 -8"><span class='ocrx_word' id='word_1_216' title='bbox 153 820 226 854; x_wconf 86' lang='lat' dir='ltr'><strong>Quid</strong></span> <span class='ocrx_word' id='word_1_217' title='bbox 239 821 303 848; x_wconf 86' lang='lat' dir='ltr'><strong>illud</strong></span> <span class='ocrx_word' id='word_1_218' title='bbox 318 825 371 852; x_wconf 86' lang='lat' dir='ltr'><strong>est,</strong></span> <span class='ocrx_word' id='word_1_219' title='bbox 384 820 434 847; x_wconf 83' lang='lat' dir='ltr'><strong>Mei</strong></span> <span class='ocrx_word' id='word_1_220' title='bbox 450 820 586 847; x_wconf 86' lang='lat' dir='ltr'><strong>similem?</strong></span> <span class='ocrx_word' id='word_1_221' title='bbox 598 820 726 848; x_wconf 79' lang='lat' dir='ltr'><strong>Nascitur</strong></span> <span class='ocrx_word' id='word_1_222' title='bbox 735 821 863 848; x_wconf 88' lang='lat' dir='ltr'><strong>Christus</strong></span> <span class='ocrx_word' id='word_1_223' title='bbox 880 821 886 848; x_wconf 91' lang='lat' dir='ltr'><strong>i</strong></span> 
     </span>
    </p>
   </div>
   <div class='ocr_carea' id='block_1_27' title="bbox 1021 819 1754 856">
    <p class='ocr_par' dir='ltr' id='par_1_27' title="bbox 1021 819 1754 856">
     <span class='ocr_line' id='line_1_27' title="bbox 1021 819 1754 856; baseline 0.001 -10"><span class='ocrx_word' id='word_1_224' title='bbox 1021 819 1094 846; x_wconf 82' lang='grc' dir='ltr'>ίὲστι</span> <span class='ocrx_word' id='word_1_225' title='bbox 1106 820 1145 852; x_wconf 79' lang='grc' dir='ltr'>τὸ,</span> <span class='ocrx_word' id='word_1_226' title='bbox 1168 820 1211 851; x_wconf 83' lang='grc' dir='ltr'>Ὠς</span> <span class='ocrx_word' id='word_1_227' title='bbox 1222 820 1290 854; x_wconf 82' lang='grc' dir='ltr'><strong>ὲμέ;</strong></span> <span class='ocrx_word' id='word_1_228' title='bbox 1307 821 1439 846; x_wconf 83' lang='grc' dir='ltr'>Γεννᾶται</span> <span class='ocrx_word' id='word_1_229' title='bbox 1456 821 1484 847; x_wconf 82' lang='grc' dir='ltr'>ὲν</span> <span class='ocrx_word' id='word_1_230' title='bbox 1501 820 1627 856; x_wconf 79' lang='grc' dir='ltr'>Βηθλεὲμ</span> <span class='ocrx_word' id='word_1_231' title='bbox 1646 821 1660 847; x_wconf 78' lang='grc' dir='ltr'><strong>ὁ</strong></span> <span class='ocrx_word' id='word_1_232' title='bbox 1679 820 1754 855; x_wconf 81' lang='grc' dir='ltr'>Χρι-</span> 
     </span>
    </p>
   </div>
   <div class='ocr_carea' id='block_1_28' title="bbox 117 865 850 902">
    <p class='ocr_par' dir='ltr' id='par_1_28' title="bbox 117 865 848 901">
     <span class='ocr_line' id='line_1_28' title="bbox 117 865 848 901; baseline 0.001 -8"><span class='ocrx_word' id='word_1_233' title='bbox 117 866 299 899; x_wconf 65' lang='lat' dir='ltr'><strong>Bethlehem,</strong></span> <span class='ocrx_word' id='word_1_234' title='bbox 330 871 356 893; x_wconf 89' lang='lat' dir='ltr'><strong>et</strong></span> <span class='ocrx_word' id='word_1_235' title='bbox 376 865 465 893; x_wconf 84' lang='lat' dir='ltr'><strong>Moses</strong></span> <span class='ocrx_word' id='word_1_236' title='bbox 493 865 521 892; x_wconf 93' lang='lat' dir='ltr'><strong>in</strong></span> <span class='ocrx_word' id='word_1_237' title='bbox 541 865 660 901; x_wconf 62' lang='lat' dir='ltr'><strong>Egypto</strong></span> <span class='ocrx_word' id='word_1_238' title='bbox 676 876 683 894; x_wconf 93' lang='lat'>:</span> <span class='ocrx_word' id='word_1_239' title='bbox 701 867 745 894; x_wconf 90' lang='lat' dir='ltr'><strong>ille</strong></span> <span class='ocrx_word' id='word_1_240' title='bbox 764 868 848 894; x_wconf 85' lang='lat' dir='ltr'><strong>lsrael</strong></span> 
     </span>
    </p>
   </div>
   <div class='ocr_carea' id='block_1_29' title="bbox 1017 865 1750 902">
    <p class='ocr_par' dir='ltr' id='par_1_29' title="bbox 1017 866 1750 902">
     <span class='ocr_line' id='line_1_29' title="bbox 1017 866 1750 902; baseline 0.001 -10"><span class='ocrx_word' id='word_1_241' title='bbox 1017 875 1032 898; x_wconf 69' lang='grc' dir='ltr'>ζ,</span> <span class='ocrx_word' id='word_1_242' title='bbox 1048 868 1094 893; x_wconf 75' lang='grc' dir='ltr'><strong>καὶ</strong></span> <span class='ocrx_word' id='word_1_243' title='bbox 1112 866 1234 901; x_wconf 81' lang='grc' dir='ltr'>Μωῦτῆς</span> <span class='ocrx_word' id='word_1_244' title='bbox 1246 867 1275 892; x_wconf 81' lang='grc' dir='ltr'>ἒν</span> <span class='ocrx_word' id='word_1_245' title='bbox 1288 867 1428 902; x_wconf 75' lang='grc' dir='ltr'>Αἰγύπτῳ.</span> <span class='ocrx_word' id='word_1_246' title='bbox 1445 867 1615 902; x_wconf 84' lang='grc' dir='ltr'>Ἰσραηλιτης</span> <span class='ocrx_word' id='word_1_247' title='bbox 1630 868 1750 899; x_wconf 77' lang='grc' dir='ltr'>ἐκεῖνος,</span> 
     </span>
    </p>
   </div>
   <div class='ocr_carea' id='block_1_30' title="bbox 117 909 850 949">
    <p class='ocr_par' dir='ltr' id='par_1_30' title="bbox 117 911 839 948">
     <span class='ocr_line' id='line_1_30' title="bbox 117 911 839 948; baseline -0.001 -8"><span class='ocrx_word' id='word_1_248' title='bbox 117 914 189 940; x_wconf 88' lang='lat' dir='ltr'><strong>sicut</strong></span> <span class='ocrx_word' id='word_1_249' title='bbox 214 912 296 939; x_wconf 84' lang='lat' dir='ltr'><strong>etiam</strong></span> <span class='ocrx_word' id='word_1_250' title='bbox 320 911 465 946; x_wconf 81' lang='lat' dir='ltr'><strong>hic,juxta</strong></span> <span class='ocrx_word' id='word_1_251' title='bbox 489 919 599 938; x_wconf 88' lang='lat' dir='ltr'><strong>carnem</strong></span> <span class='ocrx_word' id='word_1_252' title='bbox 617 920 624 938; x_wconf 92' lang='lat'>:</span> <span class='ocrx_word' id='word_1_253' title='bbox 640 912 685 939; x_wconf 90' lang='lat' dir='ltr'><strong>ille</strong></span> <span class='ocrx_word' id='word_1_254' title='bbox 706 920 721 940; x_wconf 87' lang='lat' dir='ltr'><strong>e</strong></span> <span class='ocrx_word' id='word_1_255' title='bbox 739 920 839 948; x_wconf 79' lang='lat' dir='ltr'><strong>genere</strong></span> 
     </span>
    </p>
   </div>
   <div class='ocr_carea' id='block_1_31' title="bbox 1018 909 1751 949">
    <p class='ocr_par' dir='ltr' id='par_1_31' title="bbox 1019 909 1751 949">
     <span class='ocr_line' id='line_1_31' title="bbox 1019 909 1751 949; baseline 0.003 -11"><span class='ocrx_word' id='word_1_256' title='bbox 1019 909 1092 944; x_wconf 70' lang='grc' dir='ltr'>ῦτος,</span> <span class='ocrx_word' id='word_1_257' title='bbox 1102 912 1133 938; x_wconf 82' lang='grc' dir='ltr'><strong>τὸ</strong></span> <span class='ocrx_word' id='word_1_258' title='bbox 1147 912 1218 939; x_wconf 71' lang='grc' dir='ltr'>κατὰ</span> <span class='ocrx_word' id='word_1_259' title='bbox 1231 914 1331 948; x_wconf 83' lang='grc' dir='ltr'>σάρκα.</span> <span class='ocrx_word' id='word_1_260' title='bbox 1352 914 1400 939; x_wconf 84' lang='grc' dir='ltr'>Ἐκ</span> <span class='ocrx_word' id='word_1_261' title='bbox 1412 914 1506 947; x_wconf 77' lang='grc' dir='ltr'>γένους</span> <span class='ocrx_word' id='word_1_262' title='bbox 1519 913 1658 949; x_wconf 75' lang='grc' dir='ltr'><strong>ἱερατικοῦ</strong></span> <span class='ocrx_word' id='word_1_263' title='bbox 1676 914 1751 940; x_wconf 85' lang='grc' dir='ltr'>ὲκεῖ-</span> 
     </span>
    </p>
   </div>
   <div class='ocr_carea' id='block_1_32' title="bbox 117 955 850 995">
    <p class='ocr_par' dir='ltr' id='par_1_32' title="bbox 117 957 845 994">
     <span class='ocr_line' id='line_1_32' title="bbox 117 957 845 994; baseline 0 -8"><span class='ocrx_word' id='word_1_264' title='bbox 117 958 262 990; x_wconf 77' lang='lat' dir='ltr'><strong>cerdotali.</strong></span> <span class='ocrx_word' id='word_1_265' title='bbox 286 957 368 985; x_wconf 85' lang='lat' dir='ltr'><strong>veluti</strong></span> <span class='ocrx_word' id='word_1_266' title='bbox 390 958 516 984; x_wconf 88' lang='lat' dir='ltr'><strong>Christus</strong></span> <span class='ocrx_word' id='word_1_267' title='bbox 536 966 570 985; x_wconf 84' lang='lat' dir='ltr'><strong>ex</strong></span> <span class='ocrx_word' id='word_1_268' title='bbox 589 958 673 985; x_wconf 82' lang='lat' dir='ltr'><strong>David</strong></span> <span class='ocrx_word' id='word_1_269' title='bbox 691 965 803 994; x_wconf 81' lang='lat' dir='ltr'><strong>propter</strong></span> <span class='ocrx_word' id='word_1_270' title='bbox 815 959 845 986; x_wconf 91' lang='lat' dir='ltr'><strong>Vi</strong></span> 
     </span>
    </p>
   </div>
   <div class='ocr_carea' id='block_1_33' title="bbox 1018 955 1751 995">
    <p class='ocr_par' dir='ltr' id='par_1_33' title="bbox 1027 955 1751 994">
     <span class='ocr_line' id='line_1_33' title="bbox 1027 955 1751 994; baseline 0 -10"><span class='ocrx_word' id='word_1_271' title='bbox 1027 958 1064 989; x_wconf 84' lang='grc' dir='ltr'>ὡς</span> <span class='ocrx_word' id='word_1_272' title='bbox 1078 955 1156 989; x_wconf 76' lang='grc' dir='ltr'>οὗτος</span> <span class='ocrx_word' id='word_1_273' title='bbox 1173 958 1205 984; x_wconf 80' lang='grc' dir='ltr'>ὲκ</span> <span class='ocrx_word' id='word_1_274' title='bbox 1220 958 1301 984; x_wconf 78' lang='grc' dir='ltr'>Δαυῒδ</span> <span class='ocrx_word' id='word_1_275' title='bbox 1327 958 1372 985; x_wconf 84' lang='grc' dir='ltr'>διὰ</span> <span class='ocrx_word' id='word_1_276' title='bbox 1392 958 1441 994; x_wconf 80' lang='grc' dir='ltr'>τὴν</span> <span class='ocrx_word' id='word_1_277' title='bbox 1473 959 1621 993; x_wconf 77' lang='grc' dir='ltr'><strong>Παρθένον.</strong></span> <span class='ocrx_word' id='word_1_278' title='bbox 1647 958 1751 993; x_wconf 75' lang='grc' dir='ltr'>Φαραὼ</span> 
     </span>
    </p>
   </div>
   <div class='ocr_carea' id='block_1_34' title="bbox 117 1003 850 1039">
    <p class='ocr_par' dir='ltr' id='par_1_34' title="bbox 117 1003 850 1038">
     <span class='ocr_line' id='line_1_34' title="bbox 117 1003 850 1038; baseline 0.003 -7"><span class='ocrx_word' id='word_1_279' title='bbox 117 1011 180 1031; x_wconf 88' lang='lat' dir='ltr'><strong>nem</strong></span> <span class='ocrx_word' id='word_1_280' title='bbox 204 1003 334 1031; x_wconf 78' lang='lat' dir='ltr'><strong>:Pharao</strong></span> <span class='ocrx_word' id='word_1_281' title='bbox 359 1003 435 1030; x_wconf 90' lang='lat' dir='ltr'><strong>illum</strong></span> <span class='ocrx_word' id='word_1_282' title='bbox 453 1005 642 1038; x_wconf 86' lang='lat' dir='ltr'><strong>persequitur,</strong></span> <span class='ocrx_word' id='word_1_283' title='bbox 669 1005 742 1033; x_wconf 92' lang='lat' dir='ltr'><strong>hunc</strong></span> <span class='ocrx_word' id='word_1_284' title='bbox 765 1005 850 1033; x_wconf 88' lang='lat' dir='ltr'><strong>Herod</strong></span> 
     </span>
    </p>
   </div>
   <div class='ocr_carea' id='block_1_35' title="bbox 1017 1003 1750 1039">
    <p class='ocr_par' dir='ltr' id='par_1_35' title="bbox 1017 1003 1750 1039">
     <span class='ocr_line' id='line_1_35' title="bbox 1017 1003 1750 1039; baseline 0.001 -10"><span class='ocrx_word' id='word_1_285' title='bbox 1017 1003 1132 1034; x_wconf 72' lang='grc' dir='ltr'>ἐκείνου,</span> <span class='ocrx_word' id='word_1_286' title='bbox 1160 1003 1284 1038; x_wconf 81' lang='grc' dir='ltr'><strong>Ἡρώδης</strong></span> <span class='ocrx_word' id='word_1_287' title='bbox 1314 1004 1361 1029; x_wconf 75' lang='grc' dir='ltr'><strong>ἐπὶ</strong></span> <span class='ocrx_word' id='word_1_288' title='bbox 1382 1004 1488 1030; x_wconf 84' lang='grc' dir='ltr'>τούτου.</span> <span class='ocrx_word' id='word_1_289' title='bbox 1516 1004 1609 1039; x_wconf 81' lang='grc' dir='ltr'>Βρὲφη</span> <span class='ocrx_word' id='word_1_290' title='bbox 1638 1004 1750 1039; x_wconf 76' lang='grc' dir='ltr'>φονεύει</span> 
     </span>
    </p>
   </div>
   <div class='ocr_carea' id='block_1_36' title="bbox 119 1047 852 1086">
    <p class='ocr_par' dir='ltr' id='par_1_36' title="bbox 119 1049 852 1082">
     <span class='ocr_line' id='line_1_36' title="bbox 119 1049 852 1082; baseline 0.005 -7"><span class='ocrx_word' id='word_1_291' title='bbox 119 1049 238 1076; x_wconf 79' lang='lat' dir='ltr'><strong>infantes</strong></span> <span class='ocrx_word' id='word_1_292' title='bbox 262 1049 364 1076; x_wconf 84' lang='lat' dir='ltr'><strong>occidit</strong></span> <span class='ocrx_word' id='word_1_293' title='bbox 388 1049 444 1082; x_wconf 88' lang='lat' dir='ltr'><strong>ille,</strong></span> <span class='ocrx_word' id='word_1_294' title='bbox 465 1049 586 1077; x_wconf 80' lang='lat' dir='ltr'><strong>infantes</strong></span> <span class='ocrx_word' id='word_1_295' title='bbox 600 1056 627 1077; x_wconf 88' lang='lat' dir='ltr'><strong>et</strong></span> <span class='ocrx_word' id='word_1_296' title='bbox 647 1051 690 1078; x_wconf 91' lang='lat' dir='ltr'><strong>hic</strong></span> <span class='ocrx_word' id='word_1_297' title='bbox 714 1052 852 1080; x_wconf 84' lang='lat' dir='ltr'><strong>interemit</strong></span> 
     </span>
    </p>
   </div>
   <div class='ocr_carea' id='block_1_37' title="bbox 1014 1047 1747 1086">
    <p class='ocr_par' dir='ltr' id='par_1_37' title="bbox 1014 1047 1747 1085">
     <span class='ocr_line' id='line_1_37' title="bbox 1014 1047 1747 1085; baseline 0 -9"><span class='ocrx_word' id='word_1_298' title='bbox 1014 1051 1071 1082; x_wconf 81' lang='lat' dir='ltr'><strong>&#39;vo;,</strong></span> <span class='ocrx_word' id='word_1_299' title='bbox 1097 1049 1184 1085; x_wconf 83' lang='grc' dir='ltr'>βρέφη</span> <span class='ocrx_word' id='word_1_300' title='bbox 1198 1050 1226 1076; x_wconf 80' lang='grc' dir='ltr'><strong>δὲ</strong></span> <span class='ocrx_word' id='word_1_301' title='bbox 1240 1047 1316 1081; x_wconf 69' lang='grc' dir='ltr'>οὗτος</span> <span class='ocrx_word' id='word_1_302' title='bbox 1341 1051 1464 1084; x_wconf 80' lang='grc' dir='ltr'>ἀναιρεῖ·</span> <span class='ocrx_word' id='word_1_303' title='bbox 1480 1051 1615 1085; x_wconf 69' lang='grc' dir='ltr'>ἀρρενικὰ</span> <span class='ocrx_word' id='word_1_304' title='bbox 1629 1051 1747 1083; x_wconf 76' lang='grc' dir='ltr'>ἐκεῖνος,</span> 
     </span>
    </p>
   </div>
   <div class='ocr_carea' id='block_1_38' title="bbox 118 1093 851 1133">
    <p class='ocr_par' dir='ltr' id='par_1_38' title="bbox 118 1093 836 1130">
     <span class='ocr_line' id='line_1_38' title="bbox 118 1093 836 1130; baseline 0.007 -10"><span class='ocrx_word' id='word_1_305' title='bbox 118 1098 233 1129; x_wconf 89' lang='lat' dir='ltr'><strong>uterque</strong></span> <span class='ocrx_word' id='word_1_306' title='bbox 253 1093 393 1122; x_wconf 85' lang='lat' dir='ltr'><strong>masculos</strong></span> <span class='ocrx_word' id='word_1_307' title='bbox 410 1102 479 1130; x_wconf 89' lang='lat' dir='ltr'><strong>:per</strong></span> <span class='ocrx_word' id='word_1_308' title='bbox 497 1100 612 1122; x_wconf 82' lang='lat' dir='ltr'><strong>matrem</strong></span> <span class='ocrx_word' id='word_1_309' title='bbox 630 1102 758 1124; x_wconf 76' lang='lat' dir='ltr'><strong>servatur</strong></span> <span class='ocrx_word' id='word_1_310' title='bbox 780 1098 836 1130; x_wconf 83' lang='lat' dir='ltr'><strong>ille,</strong></span> 
     </span>
    </p>
   </div>
   <div class='ocr_carea' id='block_1_39' title="bbox 1015 1093 1748 1133">
    <p class='ocr_par' dir='ltr' id='par_1_39' title="bbox 1021 1093 1748 1131">
     <span class='ocr_line' id='line_1_39' title="bbox 1021 1093 1748 1131; baseline 0.001 -10"><span class='ocrx_word' id='word_1_311' title='bbox 1021 1093 1107 1126; x_wconf 70' lang='grc' dir='ltr'>οὗτος.</span> <span class='ocrx_word' id='word_1_312' title='bbox 1123 1095 1173 1121; x_wconf 71' lang='grc' dir='ltr'><strong>Διὰ</strong></span> <span class='ocrx_word' id='word_1_313' title='bbox 1187 1096 1289 1130; x_wconf 77' lang='grc' dir='ltr'>μητρὸς</span> <span class='ocrx_word' id='word_1_314' title='bbox 1313 1095 1428 1127; x_wconf 76' lang='grc' dir='ltr'>σώζεται</span> <span class='ocrx_word' id='word_1_315' title='bbox 1442 1097 1556 1128; x_wconf 76' lang='grc' dir='ltr'>ἐκεῖνος,</span> <span class='ocrx_word' id='word_1_316' title='bbox 1575 1096 1619 1122; x_wconf 78' lang='grc' dir='ltr'>διὰ</span> <span class='ocrx_word' id='word_1_317' title='bbox 1633 1096 1748 1131; x_wconf 71' lang='grc' dir='ltr'>Μητρὸς</span> 
     </span>
    </p>
   </div>
   <div class='ocr_carea' id='block_1_40' title="bbox 117 1135 850 1177">
    <p class='ocr_par' dir='ltr' id='par_1_40' title="bbox 117 1135 838 1171">
     <span class='ocr_line' id='line_1_40' title="bbox 117 1135 838 1171; baseline 0.006 -4"><span class='ocrx_word' id='word_1_318' title='bbox 117 1146 233 1168; x_wconf 83' lang='lat' dir='ltr'><strong>matrem</strong></span> <span class='ocrx_word' id='word_1_319' title='bbox 250 1146 277 1168; x_wconf 93' lang='lat' dir='ltr'><strong>et</strong></span> <span class='ocrx_word' id='word_1_320' title='bbox 299 1149 361 1168; x_wconf 91' lang='lat' dir='ltr'><strong>cum</strong></span> <span class='ocrx_word' id='word_1_321' title='bbox 403 1145 490 1169; x_wconf 82' lang='lat' dir='ltr'><strong>matre</strong></span> <span class='ocrx_word' id='word_1_322' title='bbox 521 1147 647 1170; x_wconf 85' lang='lat' dir='ltr'><strong>servatus</strong></span> <span class='ocrx_word' id='word_1_323' title='bbox 668 1147 710 1170; x_wconf 84' lang='lat' dir='ltr'><strong>est</strong></span> <span class='ocrx_word' id='word_1_324' title='bbox 740 1135 771 1171; x_wconf 44' lang='lat' dir='ltr'><strong>et.</strong></span> <span class='ocrx_word' id='word_1_325' title='bbox 793 1144 838 1171; x_wconf 87' lang='lat' dir='ltr'><strong>hic</strong></span> 
     </span>
    </p>
   </div>
   <div class='ocr_carea' id='block_1_41' title="bbox 1016 1135 1749 1177">
    <p class='ocr_par' dir='ltr' id='par_1_41' title="bbox 1016 1140 1749 1177">
     <span class='ocr_line' id='line_1_41' title="bbox 1016 1140 1749 1177; baseline 0.001 -10"><span class='ocrx_word' id='word_1_326' title='bbox 1016 1141 1047 1176; x_wconf 78' lang='grc' dir='ltr'>Βη</span> <span class='ocrx_word' id='word_1_327' title='bbox 1072 1142 1117 1168; x_wconf 78' lang='grc' dir='ltr'><strong>καὶ</strong></span> <span class='ocrx_word' id='word_1_328' title='bbox 1145 1142 1214 1176; x_wconf 78' lang='grc' dir='ltr'>μετὰ</span> <span class='ocrx_word' id='word_1_329' title='bbox 1239 1141 1350 1176; x_wconf 78' lang='grc' dir='ltr'>Μητρδς</span> <span class='ocrx_word' id='word_1_330' title='bbox 1377 1142 1424 1168; x_wconf 76' lang='grc' dir='ltr'>καὶ</span> <span class='ocrx_word' id='word_1_331' title='bbox 1450 1140 1538 1171; x_wconf 74' lang='grc' dir='ltr'>οὗτος.</span> <span class='ocrx_word' id='word_1_332' title='bbox 1560 1142 1604 1168; x_wconf 86' lang='grc' dir='ltr'>Ἑν</span> <span class='ocrx_word' id='word_1_333' title='bbox 1631 1142 1749 1177; x_wconf 82' lang='grc' dir='ltr'>λάρνακι</span> 
     </span>
    </p>
   </div>
   <div class='ocr_carea' id='block_1_42' title="bbox 117 1184 850 1222">
    <p class='ocr_par' dir='ltr' id='par_1_42' title="bbox 117 1187 850 1222">
     <span class='ocr_line' id='line_1_42' title="bbox 117 1187 850 1222; baseline 0.004 -9"><span class='ocrx_word' id='word_1_334' title='bbox 117 1188 231 1222; x_wconf 78' lang='lat' dir='ltr'><strong>capsula</strong></span> <span class='ocrx_word' id='word_1_335' title='bbox 254 1188 300 1214; x_wconf 87' lang='lat' dir='ltr'><strong>ille</strong></span> <span class='ocrx_word' id='word_1_336' title='bbox 321 1191 349 1214; x_wconf 84' lang='lat' dir='ltr'><strong>et</strong></span> <span class='ocrx_word' id='word_1_337' title='bbox 372 1188 405 1214; x_wconf 83' lang='lat' dir='ltr'><strong>ad</strong></span> <span class='ocrx_word' id='word_1_338' title='bbox 439 1188 526 1222; x_wconf 90' lang='lat' dir='ltr'><strong>ripam</strong></span> <span class='ocrx_word' id='word_1_339' title='bbox 553 1187 686 1221; x_wconf 81' lang='lat' dir='ltr'><strong>ﬂuminis,</strong></span> <span class='ocrx_word' id='word_1_340' title='bbox 707 1189 751 1216; x_wconf 87' lang='lat' dir='ltr'><strong>hic</strong></span> <span class='ocrx_word' id='word_1_341' title='bbox 774 1191 850 1217; x_wconf 66' lang='lat' dir='ltr'><strong>etian&#39;</strong></span> 
     </span>
    </p>
   </div>
   <div class='ocr_carea' id='block_1_43' title="bbox 1016 1184 1749 1222">
    <p class='ocr_par' dir='ltr' id='par_1_43' title="bbox 1017 1184 1749 1222">
     <span class='ocr_line' id='line_1_43' title="bbox 1017 1184 1749 1222; baseline 0.003 -11"><span class='ocrx_word' id='word_1_342' title='bbox 1017 1193 1060 1216; x_wconf 79' lang='grc' dir='ltr'><strong>νος</strong></span> <span class='ocrx_word' id='word_1_343' title='bbox 1076 1187 1122 1211; x_wconf 81' lang='grc' dir='ltr'><strong>καὶ</strong></span> <span class='ocrx_word' id='word_1_344' title='bbox 1151 1186 1226 1220; x_wconf 72' lang='grc' dir='ltr'>παρὰ</span> <span class='ocrx_word' id='word_1_345' title='bbox 1243 1186 1377 1220; x_wconf 82' lang='grc' dir='ltr'>ποταμὸν,</span> <span class='ocrx_word' id='word_1_346' title='bbox 1391 1187 1420 1212; x_wconf 79' lang='grc' dir='ltr'>ὲν</span> <span class='ocrx_word' id='word_1_347' title='bbox 1449 1186 1531 1212; x_wconf 84' lang='grc' dir='ltr'>Λυκὼ</span> <span class='ocrx_word' id='word_1_348' title='bbox 1551 1187 1597 1213; x_wconf 79' lang='grc' dir='ltr'>καὶ</span> <span class='ocrx_word' id='word_1_349' title='bbox 1619 1184 1697 1218; x_wconf 76' lang='grc' dir='ltr'>οὗτος</span> <span class='ocrx_word' id='word_1_350' title='bbox 1713 1188 1749 1222; x_wconf 83' lang='grc' dir='ltr'><strong>τῇ</strong></span> 
     </span>
    </p>
   </div>
   <div class='ocr_carea' id='block_1_44' title="bbox 117 1230 850 1269">
    <p class='ocr_par' dir='ltr' id='par_1_44' title="bbox 117 1233 850 1269">
     <span class='ocr_line' id='line_1_44' title="bbox 117 1233 850 1269; baseline 0.003 -9"><span class='ocrx_word' id='word_1_351' title='bbox 117 1233 191 1269; x_wconf 79' lang='lat' dir='ltr'><strong>Lyco</strong></span> <span class='ocrx_word' id='word_1_352' title='bbox 203 1233 312 1269; x_wconf 61' lang='lat' dir='ltr'><strong>[Egypti</strong></span> <span class='ocrx_word' id='word_1_353' title='bbox 329 1234 527 1269; x_wconf 77' lang='lat' dir='ltr'><strong>civilatejuxta</strong></span> <span class='ocrx_word' id='word_1_354' title='bbox 543 1235 613 1262; x_wconf 90' lang='lat' dir='ltr'><strong>idem</strong></span> <span class='ocrx_word' id='word_1_355' title='bbox 626 1235 727 1262; x_wconf 85' lang='lat' dir='ltr'><strong>ﬂumen</strong></span> <span class='ocrx_word' id='word_1_356' title='bbox 743 1245 750 1263; x_wconf 91' lang='lat'><strong>:</strong></span> <span class='ocrx_word' id='word_1_357' title='bbox 766 1237 800 1263; x_wconf 90' lang='lat' dir='ltr'><strong>ab</strong></span> <span class='ocrx_word' id='word_1_358' title='bbox 817 1236 850 1262; x_wconf 59' lang='lat' dir='ltr'><strong>ait}</strong></span> 
     </span>
    </p>
   </div>
   <div class='ocr_carea' id='block_1_45' title="bbox 1015 1230 1748 1269">
    <p class='ocr_par' dir='ltr' id='par_1_45' title="bbox 1017 1230 1748 1268">
     <span class='ocr_line' id='line_1_45' title="bbox 1017 1230 1748 1268; baseline 0.005 -12"><span class='ocrx_word' id='word_1_359' title='bbox 1017 1230 1034 1256; x_wconf 78' lang='grc' dir='ltr'>ὰ</span> <span class='ocrx_word' id='word_1_360' title='bbox 1064 1230 1110 1256; x_wconf 78' lang='grc' dir='ltr'><strong>τὸν</strong></span> <span class='ocrx_word' id='word_1_361' title='bbox 1127 1230 1208 1257; x_wconf 78' lang='grc' dir='ltr'>αὐτὸν</span> <span class='ocrx_word' id='word_1_362' title='bbox 1236 1231 1358 1265; x_wconf 78' lang='grc' dir='ltr'>ποταμὸν</span> <span class='ocrx_word' id='word_1_363' title='bbox 1389 1231 1528 1268; x_wconf 68' lang='grc' dir='ltr'>Αἰγυπτία</span> <span class='ocrx_word' id='word_1_364' title='bbox 1553 1231 1641 1260; x_wconf 80' lang='grc' dir='ltr'>πόλει.</span> <span class='ocrx_word' id='word_1_365' title='bbox 1676 1234 1748 1260; x_wconf 78' lang='grc' dir='ltr'><strong>Ὑπὸ</strong></span> 
     </span>
    </p>
   </div>
   <div class='ocr_carea' id='block_1_46' title="bbox 118 1275 851 1317">
    <p class='ocr_par' dir='ltr' id='par_1_46' title="bbox 118 1282 851 1317">
     <span class='ocr_line' id='line_1_46' title="bbox 118 1282 851 1317; baseline 0.001 -8"><span class='ocrx_word' id='word_1_366' title='bbox 118 1282 280 1317; x_wconf 82' lang='lat' dir='ltr'><strong>ille.nempe</strong></span> <span class='ocrx_word' id='word_1_367' title='bbox 296 1282 350 1308; x_wconf 79' lang='lat' dir='ltr'><strong>lilia</strong></span> <span class='ocrx_word' id='word_1_368' title='bbox 371 1283 538 1314; x_wconf 83' lang='lat' dir='ltr'><strong>Pharaonis,</strong></span> <span class='ocrx_word' id='word_1_369' title='bbox 561 1284 682 1310; x_wconf 85' lang='lat' dir='ltr'><strong>nutritus</strong></span> <span class='ocrx_word' id='word_1_370' title='bbox 702 1288 754 1314; x_wconf 84' lang='lat' dir='ltr'><strong>est,</strong></span> <span class='ocrx_word' id='word_1_371' title='bbox 774 1289 801 1310; x_wconf 90' lang='lat' dir='ltr'><strong>et</strong></span> <span class='ocrx_word' id='word_1_372' title='bbox 814 1284 851 1311; x_wconf 82' lang='grc' dir='ltr'><strong>Ιιί(</strong></span> 
     </span>
    </p>
   </div>
   <div class='ocr_carea' id='block_1_47' title="bbox 1016 1275 1749 1317">
    <p class='ocr_par' dir='ltr' id='par_1_47' title="bbox 1016 1275 1749 1313">
     <span class='ocr_line' id='line_1_47' title="bbox 1016 1275 1749 1313; baseline 0.007 -12"><span class='ocrx_word' id='word_1_373' title='bbox 1016 1275 1107 1308; x_wconf 78' lang='grc' dir='ltr'>›φύλου</span> <span class='ocrx_word' id='word_1_374' title='bbox 1135 1277 1240 1307; x_wconf 81' lang='grc' dir='ltr'>ἐκεῖνος</span> <span class='ocrx_word' id='word_1_375' title='bbox 1253 1278 1303 1311; x_wconf 84' lang='grc' dir='ltr'>τῆς</span> <span class='ocrx_word' id='word_1_376' title='bbox 1321 1278 1521 1313; x_wconf 80' lang='grc' dir='ltr'>Φαραωνιτιδος</span> <span class='ocrx_word' id='word_1_377' title='bbox 1536 1279 1676 1313; x_wconf 78' lang='grc' dir='ltr'>ἐτρέφετο,</span> <span class='ocrx_word' id='word_1_378' title='bbox 1693 1281 1749 1306; x_wconf 78' lang='grc' dir='ltr'><strong>ὑπὸ</strong></span> 
     </span>
    </p>
   </div>
   <div class='ocr_carea' id='block_1_48' title="bbox 117 1318 850 1361">
    <p class='ocr_par' dir='ltr' id='par_1_48' title="bbox 117 1326 850 1361">
     <span class='ocr_line' id='line_1_48' title="bbox 117 1326 850 1361; baseline 0 -8"><span class='ocrx_word' id='word_1_379' title='bbox 117 1327 206 1354; x_wconf 91' lang='lat' dir='ltr'><strong>aliena</strong></span> <span class='ocrx_word' id='word_1_380' title='bbox 221 1327 332 1353; x_wconf 83' lang='lat' dir='ltr'><strong>civitate</strong></span> <span class='ocrx_word' id='word_1_381' title='bbox 354 1335 416 1361; x_wconf 64' lang='lat' dir='ltr'><strong>quae</strong></span> <span class='ocrx_word' id='word_1_382' title='bbox 431 1326 569 1353; x_wconf 84' lang='lat' dir='ltr'><strong>Pharaoni</strong></span> <span class='ocrx_word' id='word_1_383' title='bbox 591 1327 713 1358; x_wconf 77' lang='lat' dir='ltr'><strong>subjecta</strong></span> <span class='ocrx_word' id='word_1_384' title='bbox 731 1326 828 1354; x_wconf 78' lang='lat' dir='ltr'><strong>fuerat.</strong></span> <span class='ocrx_word' id='word_1_385' title='bbox 842 1326 850 1353; x_wconf 99' lang='grc' dir='ltr'><strong>Ι</strong></span> 
     </span>
    </p>
   </div>
   <div class='ocr_carea' id='block_1_49' title="bbox 1015 1318 1748 1361">
    <p class='ocr_par' dir='ltr' id='par_1_49' title="bbox 1015 1318 1748 1358">
     <span class='ocr_line' id='line_1_49' title="bbox 1015 1318 1748 1358; baseline 0.005 -12"><span class='ocrx_word' id='word_1_386' title='bbox 1015 1328 1061 1351; x_wconf 78' lang='grc' dir='ltr'>εως</span> <span class='ocrx_word' id='word_1_387' title='bbox 1077 1321 1124 1346; x_wconf 78' lang='grc' dir='ltr'><strong>καὶ</strong></span> <span class='ocrx_word' id='word_1_388' title='bbox 1137 1318 1214 1352; x_wconf 77' lang='grc' dir='ltr'>οὗτος</span> <span class='ocrx_word' id='word_1_389' title='bbox 1226 1322 1423 1356; x_wconf 75' lang='grc' dir='ltr'>Φαραωνίτιδος</span> <span class='ocrx_word' id='word_1_390' title='bbox 1440 1322 1589 1357; x_wconf 71' lang='grc' dir='ltr'>ἀλλοφύλου</span> <span class='ocrx_word' id='word_1_391' title='bbox 1605 1324 1748 1358; x_wconf 69' lang='grc' dir='ltr'>ἐτρέφετο.</span> 
     </span>
    </p>
   </div>
   <div class='ocr_carea' id='block_1_50' title="bbox 118 1366 851 1404">
    <p class='ocr_par' dir='ltr' id='par_1_50' title="bbox 118 1371 839 1404">
     <span class='ocr_line' id='line_1_50' title="bbox 118 1371 839 1404; baseline -0.001 -5"><span class='ocrx_word' id='word_1_392' title='bbox 118 1377 208 1399; x_wconf 86' lang='lat' dir='ltr'><strong>autem</strong></span> <span class='ocrx_word' id='word_1_393' title='bbox 218 1373 345 1404; x_wconf 73' lang='lat' dir='ltr'><strong>dixerint,</strong></span> <span class='ocrx_word' id='word_1_394' title='bbox 359 1380 414 1399; x_wconf 91' lang='lat' dir='ltr'><strong>non</strong></span> <span class='ocrx_word' id='word_1_395' title='bbox 432 1372 578 1399; x_wconf 89' lang='lat' dir='ltr'><strong>Dominum</strong></span> <span class='ocrx_word' id='word_1_396' title='bbox 590 1379 669 1399; x_wconf 81' lang='lat' dir='ltr'><strong>servo</strong></span> <span class='ocrx_word' id='word_1_397' title='bbox 684 1371 839 1404; x_wconf 79' lang='lat' dir='ltr'><strong>conferens,</strong></span> 
     </span>
    </p>
   </div>
   <div class='ocr_carea' id='block_1_51' title="bbox 1017 1366 1750 1404">
    <p class='ocr_par' dir='ltr' id='par_1_51' title="bbox 1017 1367 1750 1404">
     <span class='ocr_line' id='line_1_51' title="bbox 1017 1367 1750 1404; baseline 0.005 -12"><span class='ocrx_word' id='word_1_398' title='bbox 1017 1375 1049 1392; x_wconf 85' lang='grc' dir='ltr'><strong>τα</strong></span> <span class='ocrx_word' id='word_1_399' title='bbox 1066 1367 1094 1393; x_wconf 82' lang='grc' dir='ltr'><strong>δὲ</strong></span> <span class='ocrx_word' id='word_1_400' title='bbox 1118 1367 1148 1393; x_wconf 77' lang='grc' dir='ltr'>οὑ</span> <span class='ocrx_word' id='word_1_401' title='bbox 1179 1367 1331 1401; x_wconf 77' lang='grc' dir='ltr'><strong>συγκρίνων</strong></span> <span class='ocrx_word' id='word_1_402' title='bbox 1362 1368 1434 1402; x_wconf 82' lang='grc' dir='ltr'>λέγω</span> <span class='ocrx_word' id='word_1_403' title='bbox 1461 1369 1506 1395; x_wconf 68' lang='grc' dir='ltr'><strong>τὸν</strong></span> <span class='ocrx_word' id='word_1_404' title='bbox 1539 1369 1679 1404; x_wconf 81' lang='grc' dir='ltr'>Δεσπότην</span> <span class='ocrx_word' id='word_1_405' title='bbox 1707 1369 1750 1404; x_wconf 85' lang='grc' dir='ltr'><strong>τῷ</strong></span> 
     </span>
    </p>
   </div>
   <div class='ocr_carea' id='block_1_52' title="bbox 118 1412 851 1454">
    <p class='ocr_par' dir='ltr' id='par_1_52' title="bbox 118 1417 851 1454">
     <span class='ocr_line' id='line_1_52' title="bbox 118 1417 851 1454; baseline 0 -10"><span class='ocrx_word' id='word_1_406' title='bbox 118 1418 208 1445; x_wconf 78' lang='lat' dir='ltr'><strong>locum</strong></span> <span class='ocrx_word' id='word_1_407' title='bbox 222 1423 248 1444; x_wconf 86' lang='lat' dir='ltr'><strong>et</strong></span> <span class='ocrx_word' id='word_1_408' title='bbox 259 1423 366 1454; x_wconf 79' lang='lat' dir='ltr'><strong>tempus</strong></span> <span class='ocrx_word' id='word_1_409' title='bbox 379 1418 545 1450; x_wconf 87' lang='lat' dir='ltr'><strong>assimilans,</strong></span> <span class='ocrx_word' id='word_1_410' title='bbox 561 1421 589 1444; x_wconf 89' lang='lat' dir='ltr'><strong>et</strong></span> <span class='ocrx_word' id='word_1_411' title='bbox 601 1417 742 1444; x_wconf 83' lang='lat' dir='ltr'><strong>veritatem</strong></span> <span class='ocrx_word' id='word_1_412' title='bbox 759 1417 786 1444; x_wconf 93' lang='lat' dir='ltr'><strong>in</strong></span> <span class='ocrx_word' id='word_1_413' title='bbox 797 1425 851 1452; x_wconf 39' lang='lat' dir='ltr'><strong>lum</strong></span> 
     </span>
    </p>
   </div>
   <div class='ocr_carea' id='block_1_53' title="bbox 1019 1412 1752 1454">
    <p class='ocr_par' dir='ltr' id='par_1_53' title="bbox 1019 1413 1752 1451">
     <span class='ocr_line' id='line_1_53' title="bbox 1019 1413 1752 1451; baseline 0.005 -13"><span class='ocrx_word' id='word_1_414' title='bbox 1019 1421 1052 1447; x_wconf 80' lang='grc' dir='ltr'><strong>ῳ,</strong></span> <span class='ocrx_word' id='word_1_415' title='bbox 1067 1413 1135 1439; x_wconf 75' lang='grc' dir='ltr'>ἀλλὰ</span> <span class='ocrx_word' id='word_1_416' title='bbox 1149 1413 1244 1447; x_wconf 66' lang='grc' dir='ltr'>καιρὸν</span> <span class='ocrx_word' id='word_1_417' title='bbox 1264 1413 1311 1439; x_wconf 76' lang='grc' dir='ltr'>καὶ</span> <span class='ocrx_word' id='word_1_418' title='bbox 1327 1414 1428 1449; x_wconf 81' lang='grc' dir='ltr'>τρόπον</span> <span class='ocrx_word' id='word_1_419' title='bbox 1440 1415 1604 1450; x_wconf 82' lang='grc' dir='ltr'><strong>συγκρίνων,</strong></span> <span class='ocrx_word' id='word_1_420' title='bbox 1621 1416 1668 1442; x_wconf 80' lang='grc' dir='ltr'><strong>καὶ</strong></span> <span class='ocrx_word' id='word_1_421' title='bbox 1681 1415 1752 1451; x_wconf 80' lang='grc' dir='ltr'><strong>ἁλή-</strong></span> 
     </span>
    </p>
   </div>
   <div class='ocr_carea' id='block_1_54' title="bbox 118 1442 851 1494">
    <p class='ocr_par' dir='ltr' id='par_1_54' title="bbox 118 1442 850 1492">
     <span class='ocr_line' id='line_1_54' title="bbox 119 1442 850 1454; baseline -0.003 -9"><span class='ocrx_word' id='word_1_422' title='bbox 224 1442 247 1444; x_wconf 34' lang='grc' dir='ltr'><strong>ε,</strong></span> <span class='ocrx_word' id='word_1_423' title='bbox 261 1442 365 1454; x_wconf 49' lang='grc' dir='ltr'><strong>αυτ--</strong></span> <span class='ocrx_word' id='word_1_424' title='bbox 379 1442 545 1450; x_wconf 34' lang='grc' dir='ltr'><strong>κ--,..ν.,η.,-,</strong></span> <span class='ocrx_word' id='word_1_425' title='bbox 564 1442 587 1444; x_wconf 51' lang='grc' dir='ltr'>η</span> 
     </span>
     <span class='ocr_line' id='line_1_55' title="bbox 118 1464 289 1492; baseline 0.006 -1"><span class='ocrx_word' id='word_1_426' title='bbox 118 1464 289 1492; x_wconf 81' lang='lat' dir='ltr'><strong>describcns.</strong></span> 
     </span>
    </p>
   </div>
   <div class='ocr_carea' id='block_1_55' title="bbox 598 1442 1331 1494">
    <p class='ocr_par' dir='ltr' id='par_1_55' title="bbox 607 1442 1331 1494">
     <span class='ocr_line' id='line_1_56' title="bbox 607 1442 1331 1494; baseline 0.001 -10"><span class='ocrx_word' id='word_1_427' title='bbox 797 1442 882 1452; x_wconf 32' lang='lat' dir='ltr'><strong>(ww</strong></span> <span class='ocrx_word' id='word_1_428' title='bbox 916 1442 938 1473; x_wconf 69' lang='grc' dir='ltr'>Ο</span> <span class='ocrx_word' id='word_1_429' title='bbox 955 1442 1032 1485; x_wconf 71' lang='grc' dir='ltr'>οειαν</span> <span class='ocrx_word' id='word_1_430' title='bbox 1042 1442 1071 1485; x_wconf 65' lang='grc' dir='ltr'>ἐν</span> <span class='ocrx_word' id='word_1_431' title='bbox 1085 1459 1149 1494; x_wconf 81' lang='grc' dir='ltr'>σκιᾷ</span> <span class='ocrx_word' id='word_1_432' title='bbox 1162 1442 1331 1493; x_wconf 73' lang='grc' dir='ltr'>διαγράφων.</span> 
     </span>
    </p>
   </div>
   <div class='ocr_carea' id='block_1_56' title="bbox 154 1505 887 1544">
    <p class='ocr_par' dir='ltr' id='par_1_56' title="bbox 154 1510 887 1544">
     <span class='ocr_line' id='line_1_57' title="bbox 154 1510 887 1544; baseline -0.001 -6"><span class='ocrx_word' id='word_1_433' title='bbox 154 1511 197 1543; x_wconf 92' lang='lat' dir='ltr'><strong>Ill,</strong></span> <span class='ocrx_word' id='word_1_434' title='bbox 213 1511 258 1538; x_wconf 68' lang='grc'><strong>24.</strong></span> <span class='ocrx_word' id='word_1_435' title='bbox 283 1520 292 1537; x_wconf 87' lang='grc' dir='ltr'><strong>ι</strong></span> <span class='ocrx_word' id='word_1_436' title='bbox 311 1511 414 1539; x_wconf 87' lang='lat' dir='ltr'><strong>Omnes</strong></span> <span class='ocrx_word' id='word_1_437' title='bbox 436 1517 546 1544; x_wconf 87' lang='lat' dir='ltr'><strong>quoque</strong></span> <span class='ocrx_word' id='word_1_438' title='bbox 566 1510 707 1544; x_wconf 64' lang='lat' dir='ltr'><strong>prophetae</strong></span> <span class='ocrx_word' id='word_1_439' title='bbox 728 1517 743 1536; x_wconf 92' lang='lat' dir='ltr'><strong>a</strong></span> <span class='ocrx_word' id='word_1_440' title='bbox 765 1510 887 1537; x_wconf 82' lang='lat' dir='ltr'><strong>Samuele</strong></span> 
     </span>
    </p>
   </div>
   <div class='ocr_carea' id='block_1_57' title="bbox 1016 1505 1749 1544">
    <p class='ocr_par' dir='ltr' id='par_1_57' title="bbox 1021 1505 1749 1543">
     <span class='ocr_line' id='line_1_58' title="bbox 1021 1505 1749 1543; baseline 0.005 -12"><span class='ocrx_word' id='word_1_441' title='bbox 1021 1505 1077 1532; x_wconf 78' lang='grc' dir='ltr'><strong>Καὶ</strong></span> <span class='ocrx_word' id='word_1_442' title='bbox 1105 1506 1203 1537; x_wconf 75' lang='grc' dir='ltr'>πάντες</span> <span class='ocrx_word' id='word_1_443' title='bbox 1216 1506 1244 1532; x_wconf 76' lang='grc' dir='ltr'>δὲ</span> <span class='ocrx_word' id='word_1_444' title='bbox 1256 1506 1280 1532; x_wconf 89' lang='grc' dir='ltr'>οἱ</span> <span class='ocrx_word' id='word_1_445' title='bbox 1298 1507 1437 1542; x_wconf 76' lang='grc' dir='ltr'>προφῆται</span> <span class='ocrx_word' id='word_1_446' title='bbox 1457 1507 1511 1534; x_wconf 83' lang='grc' dir='ltr'>ἀπὸ</span> <span class='ocrx_word' id='word_1_447' title='bbox 1533 1508 1673 1543; x_wconf 79' lang='grc' dir='ltr'>Σαμουὴλ,</span> <span class='ocrx_word' id='word_1_448' title='bbox 1698 1508 1749 1535; x_wconf 68' lang='grc' dir='ltr'>καὶ</span> 
     </span>
    </p>
   </div>
   <div class='ocr_carea' id='block_1_58' title="bbox 122 1551 855 1591">
    <p class='ocr_par' dir='ltr' id='par_1_58' title="bbox 122 1555 829 1591">
     <span class='ocr_line' id='line_1_59' title="bbox 122 1555 829 1591; baseline 0.001 -9"><span class='ocrx_word' id='word_1_449' title='bbox 122 1564 132 1581; x_wconf 80' lang='grc' dir='ltr'><strong>ι</strong></span> <span class='ocrx_word' id='word_1_450' title='bbox 152 1561 179 1583; x_wconf 91' lang='lat' dir='ltr'><strong>et</strong></span> <span class='ocrx_word' id='word_1_451' title='bbox 207 1556 349 1591; x_wconf 73' lang='lat' dir='ltr'><strong>deincops,</strong></span> <span class='ocrx_word' id='word_1_452' title='bbox 380 1560 514 1590; x_wconf 87' lang='lat' dir='ltr'><strong>quotquot</strong></span> <span class='ocrx_word' id='word_1_453' title='bbox 535 1555 619 1582; x_wconf 83' lang='lat' dir='ltr'><strong>locuti</strong></span> <span class='ocrx_word' id='word_1_454' title='bbox 650 1560 726 1589; x_wconf 87' lang='lat' dir='ltr'><strong>sunt,</strong></span> <span class='ocrx_word' id='word_1_455' title='bbox 747 1556 829 1583; x_wconf 88' lang='lat' dir='ltr'><strong>etiam</strong></span> 
     </span>
    </p>
   </div>
   <div class='ocr_carea' id='block_1_59' title="bbox 1021 1551 1754 1591">
    <p class='ocr_par' dir='ltr' id='par_1_59' title="bbox 1022 1551 1754 1589">
     <span class='ocr_line' id='line_1_60' title="bbox 1022 1551 1754 1589; baseline 0.005 -12"><span class='ocrx_word' id='word_1_456' title='bbox 1022 1551 1220 1586; x_wconf 74' lang='grc' dir='ltr'>καθεξῆς.ὃσοι</span> <span class='ocrx_word' id='word_1_457' title='bbox 1234 1551 1382 1588; x_wconf 76' lang='grc' dir='ltr'><strong>ἐλάλησαν,</strong></span> <span class='ocrx_word' id='word_1_458' title='bbox 1406 1552 1455 1579; x_wconf 77' lang='grc' dir='ltr'>καὶ</span> <span class='ocrx_word' id='word_1_459' title='bbox 1479 1554 1668 1589; x_wconf 75' lang='grc' dir='ltr'>κατήγνειλαν</span> <span class='ocrx_word' id='word_1_460' title='bbox 1699 1554 1754 1585; x_wconf 86' lang='grc' dir='ltr'><strong>τὰς</strong></span> 
     </span>
    </p>
   </div>
   <div class='ocr_carea' id='block_1_60' title="bbox 123 1597 856 1634">
    <p class='ocr_par' dir='ltr' id='par_1_60' title="bbox 123 1601 541 1634">
     <span class='ocr_line' id='line_1_61' title="bbox 123 1601 541 1634; baseline 0 -8"><span class='ocrx_word' id='word_1_461' title='bbox 123 1609 132 1626; x_wconf 81' lang='grc' dir='ltr'><strong>ι</strong></span> <span class='ocrx_word' id='word_1_462' title='bbox 153 1602 348 1629; x_wconf 87' lang='lat' dir='ltr'><strong>nuntiaverunt</strong></span> <span class='ocrx_word' id='word_1_463' title='bbox 363 1601 513 1634; x_wconf 83' lang='lat' dir='ltr'><strong>dies_istos.</strong></span> <span class='ocrx_word' id='word_1_464' title='bbox 532 1610 541 1626; x_wconf 84' lang='grc'><strong>›</strong></span> 
     </span>
    </p>
   </div>
   <div class='ocr_carea' id='block_1_61' title="bbox 483 1597 1216 1634">
    <p class='ocr_par' dir='ltr' id='par_1_61' title="bbox 483 1597 1216 1632">
     <span class='ocr_line' id='line_1_62' title="bbox 483 1597 1216 1632; baseline -0.004 -5"><span class='ocrx_word' id='word_1_465' title='bbox 483 1610 513 1627; x_wconf 85' lang='lat' dir='ltr'><strong>IS.</strong></span> <span class='ocrx_word' id='word_1_466' title='bbox 532 1610 541 1626; x_wconf 84' lang='grc'><strong>›</strong></span> <span class='ocrx_word' id='word_1_467' title='bbox 954 1597 1064 1632; x_wconf 79' lang='grc' dir='ltr'>ἡμέρας</span> <span class='ocrx_word' id='word_1_468' title='bbox 1080 1597 1191 1629; x_wconf 87' lang='grc' dir='ltr'>ταύτας.</span> <span class='ocrx_word' id='word_1_469' title='bbox 1208 1607 1216 1623; x_wconf 80' lang='grc' dir='ltr'><strong>ι</strong></span> 
     </span>
    </p>
   </div>
   <div class='ocr_carea' id='block_1_62' title="bbox 154 1645 887 1683">
    <p class='ocr_par' dir='ltr' id='par_1_62' title="bbox 154 1647 887 1683">
     <span class='ocr_line' id='line_1_63' title="bbox 154 1647 887 1683; baseline 0.004 -9"><span class='ocrx_word' id='word_1_470' title='bbox 154 1647 242 1675; x_wconf 81' lang='lat' dir='ltr'><strong>Etiam</strong></span> <span class='ocrx_word' id='word_1_471' title='bbox 269 1649 313 1675; x_wconf 85' lang='lat' dir='ltr'><strong>hic</strong></span> <span class='ocrx_word' id='word_1_472' title='bbox 336 1647 557 1675; x_wconf 81' lang='lat' dir='ltr'><strong>subaudiendum</strong></span> <span class='ocrx_word' id='word_1_473' title='bbox 579 1653 622 1675; x_wconf 87' lang='lat' dir='ltr'><strong>est</strong></span> <span class='ocrx_word' id='word_1_474' title='bbox 645 1657 652 1675; x_wconf 93' lang='lat'>:</span> <span class='ocrx_word' id='word_1_475' title='bbox 673 1649 712 1676; x_wconf 84' lang='lat' dir='ltr'><strong>Ad</strong></span> <span class='ocrx_word' id='word_1_476' title='bbox 735 1654 827 1683; x_wconf 88' lang='lat' dir='ltr'><strong>patres</strong></span> <span class='ocrx_word' id='word_1_477' title='bbox 855 1658 887 1677; x_wconf 86' lang='lat' dir='ltr'><strong>no</strong></span> 
     </span>
    </p>
   </div>
   <div class='ocr_carea' id='block_1_63' title="bbox 1017 1645 1750 1683">
    <p class='ocr_par' dir='ltr' id='par_1_63' title="bbox 1018 1645 1750 1682">
     <span class='ocr_line' id='line_1_64' title="bbox 1018 1645 1750 1682; baseline 0.004 -12"><span class='ocrx_word' id='word_1_478' title='bbox 1018 1645 1264 1679; x_wconf 78' lang='grc' dir='ltr'>ροσυπακουστέον</span> <span class='ocrx_word' id='word_1_479' title='bbox 1280 1645 1419 1672; x_wconf 77' lang='grc' dir='ltr'>κάνταῦθα</span> <span class='ocrx_word' id='word_1_480' title='bbox 1435 1646 1466 1672; x_wconf 83' lang='grc' dir='ltr'><strong>τὺ</strong></span> <span class='ocrx_word' id='word_1_481' title='bbox 1477 1665 1486 1679; x_wconf 82' lang='grc'><strong>,</strong></span> <span class='ocrx_word' id='word_1_482' title='bbox 1501 1646 1574 1682; x_wconf 77' lang='grc' dir='ltr'>Πρὸς</span> <span class='ocrx_word' id='word_1_483' title='bbox 1588 1647 1652 1677; x_wconf 84' lang='grc' dir='ltr'>τοὺς</span> <span class='ocrx_word' id='word_1_484' title='bbox 1664 1646 1750 1673; x_wconf 79' lang='grc' dir='ltr'>πατέ-</span> 
     </span>
    </p>
   </div>
   <div class='ocr_carea' id='block_1_64' title="bbox 119 1689 852 1730">
    <p class='ocr_par' dir='ltr' id='par_1_64' title="bbox 119 1693 852 1730">
     <span class='ocr_line' id='line_1_65' title="bbox 119 1693 852 1730; baseline 0.004 -10"><span class='ocrx_word' id='word_1_485' title='bbox 119 1699 204 1726; x_wconf 86' lang='lat' dir='ltr'><strong>stros,</strong></span> <span class='ocrx_word' id='word_1_486' title='bbox 217 1698 245 1720; x_wconf 92' lang='lat' dir='ltr'><strong>ut</strong></span> <span class='ocrx_word' id='word_1_487' title='bbox 261 1694 297 1720; x_wconf 88' lang='lat' dir='ltr'><strong>sit</strong></span> <span class='ocrx_word' id='word_1_488' title='bbox 312 1702 409 1720; x_wconf 89' lang='lat' dir='ltr'><strong>sensus</strong></span> <span class='ocrx_word' id='word_1_489' title='bbox 422 1703 429 1720; x_wconf 90' lang='lat'>:</span> <span class='ocrx_word' id='word_1_490' title='bbox 441 1693 541 1721; x_wconf 85' lang='lat' dir='ltr'><strong>Omnes</strong></span> <span class='ocrx_word' id='word_1_491' title='bbox 555 1702 666 1729; x_wconf 90' lang='lat' dir='ltr'><strong>quoque</strong></span> <span class='ocrx_word' id='word_1_492' title='bbox 677 1699 810 1730; x_wconf 90' lang='lat' dir='ltr'><strong>quotquot</strong></span> <span class='ocrx_word' id='word_1_493' title='bbox 821 1696 852 1723; x_wconf 74' lang='lat' dir='ltr'><strong>lo&lt;</strong></span> 
     </span>
    </p>
   </div>
   <div class='ocr_carea' id='block_1_65' title="bbox 1019 1689 1752 1730">
    <p class='ocr_par' dir='ltr' id='par_1_65' title="bbox 1026 1689 1752 1728">
     <span class='ocr_line' id='line_1_66' title="bbox 1026 1689 1752 1728; baseline 0.006 -12"><span class='ocrx_word' id='word_1_494' title='bbox 1026 1691 1116 1725; x_wconf 82' lang='grc' dir='ltr'>ἡμῶν,</span> <span class='ocrx_word' id='word_1_495' title='bbox 1133 1691 1175 1716; x_wconf 75' lang='grc' dir='ltr'>ἵνα</span> <span class='ocrx_word' id='word_1_496' title='bbox 1219 1699 1225 1706; x_wconf 91' lang='grc'>·</span> <span class='ocrx_word' id='word_1_497' title='bbox 1240 1692 1293 1718; x_wconf 58' lang='grc' dir='ltr'><strong>Καὶ⁸</strong></span> <span class='ocrx_word' id='word_1_498' title='bbox 1309 1692 1410 1723; x_wconf 79' lang='grc' dir='ltr'>πάντες</span> <span class='ocrx_word' id='word_1_499' title='bbox 1420 1692 1448 1718; x_wconf 79' lang='grc' dir='ltr'><strong>δὲ</strong></span> <span class='ocrx_word' id='word_1_500' title='bbox 1461 1693 1519 1719; x_wconf 74' lang='grc' dir='ltr'>ὅσοι</span> <span class='ocrx_word' id='word_1_501' title='bbox 1533 1693 1668 1728; x_wconf 80' lang='grc' dir='ltr'>ἐλάλησαν</span> <span class='ocrx_word' id='word_1_502' title='bbox 1680 1692 1752 1728; x_wconf 74' lang='grc' dir='ltr'>πρὸς</span> 
     </span>
    </p>
   </div>
   <div class='ocr_carea' id='block_1_66' title="bbox 120 1736 853 1773">
    <p class='ocr_par' dir='ltr' id='par_1_66' title="bbox 120 1739 480 1773">
     <span class='ocr_line' id='line_1_67' title="bbox 120 1739 480 1773; baseline 0 -7"><span class='ocrx_word' id='word_1_503' title='bbox 120 1743 184 1766; x_wconf 82' lang='lat' dir='ltr'><strong>sunt</strong></span> <span class='ocrx_word' id='word_1_504' title='bbox 196 1739 228 1765; x_wconf 87' lang='lat' dir='ltr'><strong>ad</strong></span> <span class='ocrx_word' id='word_1_505' title='bbox 247 1743 340 1773; x_wconf 85' lang='lat' dir='ltr'><strong>patres</strong></span> <span class='ocrx_word' id='word_1_506' title='bbox 358 1743 480 1766; x_wconf 82' lang='lat' dir='ltr'><strong>nostros.</strong></span> 
     </span>
    </p>
   </div>
   <div class='ocr_carea' id='block_1_67' title="bbox 532 1736 1265 1773">
    <p class='ocr_par' dir='ltr' id='par_1_67' title="bbox 957 1736 1265 1770">
     <span class='ocr_line' id='line_1_68' title="bbox 957 1736 1265 1770; baseline 0 -7"><span class='ocrx_word' id='word_1_507' title='bbox 957 1738 1020 1767; x_wconf 67' lang='grc' dir='ltr'>τοὺς</span> <span class='ocrx_word' id='word_1_508' title='bbox 1034 1737 1156 1770; x_wconf 79' lang='grc' dir='ltr'>πατέρας</span> <span class='ocrx_word' id='word_1_509' title='bbox 1176 1736 1265 1770; x_wconf 87' lang='grc' dir='ltr'>ἡμῶν.</span> 
     </span>
    </p>
   </div>
   <div class='ocr_carea' id='block_1_68' title="bbox 156 1782 889 1822">
    <p class='ocr_par' dir='ltr' id='par_1_68' title="bbox 156 1785 889 1822">
     <span class='ocr_line' id='line_1_69' title="bbox 156 1785 889 1822; baseline 0.007 -11"><span class='ocrx_word' id='word_1_510' title='bbox 156 1785 258 1817; x_wconf 72' lang='grc' dir='ltr'><strong>ΙΙΙ,25,</strong></span> <span class='ocrx_word' id='word_1_511' title='bbox 273 1785 318 1813; x_wconf 75' lang='grc'><strong>26.</strong></span> <span class='ocrx_word' id='word_1_512' title='bbox 344 1795 354 1811; x_wconf 76' lang='grc' dir='ltr'><strong>ι</strong></span> <span class='ocrx_word' id='word_1_513' title='bbox 376 1786 434 1813; x_wconf 78' lang='lat' dir='ltr'><strong>Vos</strong></span> <span class='ocrx_word' id='word_1_514' title='bbox 457 1787 525 1815; x_wconf 85' lang='lat' dir='ltr'><strong>estis</strong></span> <span class='ocrx_word' id='word_1_515' title='bbox 546 1788 592 1815; x_wconf 81' lang='lat' dir='ltr'><strong>ﬁlii</strong></span> <span class='ocrx_word' id='word_1_516' title='bbox 615 1788 808 1822; x_wconf 79' lang='lat' dir='ltr'><strong>prophetarum</strong></span> <span class='ocrx_word' id='word_1_517' title='bbox 827 1793 854 1816; x_wconf 90' lang='lat' dir='ltr'><strong>et</strong></span> <span class='ocrx_word' id='word_1_518' title='bbox 868 1792 889 1816; x_wconf 81' lang='grc' dir='ltr'><strong>ιε</strong></span> 
     </span>
    </p>
   </div>
   <div class='ocr_carea' id='block_1_69' title="bbox 1020 1782 1753 1822">
    <p class='ocr_par' dir='ltr' id='par_1_69' title="bbox 1032 1782 1753 1819">
     <span class='ocr_line' id='line_1_70' title="bbox 1032 1782 1753 1819; baseline 0.001 -10"><span class='ocrx_word' id='word_1_519' title='bbox 1032 1783 1127 1817; x_wconf 83' lang='grc' dir='ltr'>Ὑμεῖς</span> <span class='ocrx_word' id='word_1_520' title='bbox 1147 1783 1208 1808; x_wconf 78' lang='grc' dir='ltr'>ἐστὲ</span> <span class='ocrx_word' id='word_1_521' title='bbox 1225 1782 1278 1808; x_wconf 78' lang='grc' dir='ltr'>υἱοὶ</span> <span class='ocrx_word' id='word_1_522' title='bbox 1292 1783 1345 1809; x_wconf 86' lang='grc' dir='ltr'><strong>τῶν</strong></span> <span class='ocrx_word' id='word_1_523' title='bbox 1359 1783 1508 1818; x_wconf 80' lang='grc' dir='ltr'>προφητῶν</span> <span class='ocrx_word' id='word_1_524' title='bbox 1523 1785 1570 1810; x_wconf 78' lang='grc' dir='ltr'>καὶ</span> <span class='ocrx_word' id='word_1_525' title='bbox 1583 1785 1633 1818; x_wconf 86' lang='grc' dir='ltr'>τῆς</span> <span class='ocrx_word' id='word_1_526' title='bbox 1655 1783 1753 1819; x_wconf 81' lang='grc' dir='ltr'>διαθή-</span> 
     </span>
    </p>
   </div>
   <div class='ocr_carea' id='block_1_70' title="bbox 124 1827 857 1870">
    <p class='ocr_par' dir='ltr' id='par_1_70' title="bbox 124 1832 857 1870">
     <span class='ocr_line' id='line_1_71' title="bbox 124 1832 857 1870; baseline 0.005 -13"><span class='ocrx_word' id='word_1_527' title='bbox 124 1840 134 1857; x_wconf 79' lang='grc' dir='ltr'><strong>ι</strong></span> <span class='ocrx_word' id='word_1_528' title='bbox 154 1833 281 1859; x_wconf 81' lang='lat' dir='ltr'><strong>stamenti</strong></span> <span class='ocrx_word' id='word_1_529' title='bbox 293 1853 299 1862; x_wconf 89' lang='lat'>.</span> <span class='ocrx_word' id='word_1_530' title='bbox 315 1832 368 1868; x_wconf 82' lang='lat'><strong><em>33</em></strong></span> <span class='ocrx_word' id='word_1_531' title='bbox 384 1833 455 1867; x_wconf 88' lang='lat' dir='ltr'><strong>quod</strong></span> <span class='ocrx_word' id='word_1_532' title='bbox 473 1838 590 1862; x_wconf 84' lang='lat' dir='ltr'><strong>testatus</strong></span> <span class='ocrx_word' id='word_1_533' title='bbox 612 1839 654 1861; x_wconf 74' lang='lat' dir='ltr'><strong>est</strong></span> <span class='ocrx_word' id='word_1_534' title='bbox 670 1834 741 1862; x_wconf 85' lang='lat' dir='ltr'><strong>Deus</strong></span> <span class='ocrx_word' id='word_1_535' title='bbox 761 1835 794 1862; x_wconf 85' lang='lat' dir='ltr'><strong>ad</strong></span> <span class='ocrx_word' id='word_1_536' title='bbox 815 1839 857 1870; x_wconf 90' lang='lat' dir='ltr'><strong>pal</strong></span> 
     </span>
    </p>
   </div>
   <div class='ocr_carea' id='block_1_71' title="bbox 1020 1827 1753 1870">
    <p class='ocr_par' dir='ltr' id='par_1_71' title="bbox 1020 1827 1753 1865">
     <span class='ocr_line' id='line_1_72' title="bbox 1020 1827 1753 1865; baseline 0.004 -11"><span class='ocrx_word' id='word_1_537' title='bbox 1020 1839 1052 1862; x_wconf 60' lang='grc' dir='ltr'>ις,</span> <span class='ocrx_word' id='word_1_538' title='bbox 1066 1827 1099 1865; x_wconf 81' lang='grc' dir='ltr'>ἦς</span> <span class='ocrx_word' id='word_1_539' title='bbox 1115 1829 1219 1855; x_wconf 70' lang='grc' dir='ltr'>διέθετο</span> <span class='ocrx_word' id='word_1_540' title='bbox 1234 1830 1248 1855; x_wconf 84' lang='grc' dir='ltr'>ὁ</span> <span class='ocrx_word' id='word_1_541' title='bbox 1267 1829 1332 1860; x_wconf 79' lang='grc' dir='ltr'>Θεὺς</span> <span class='ocrx_word' id='word_1_542' title='bbox 1360 1830 1428 1865; x_wconf 75' lang='grc' dir='ltr'>πρὸς</span> <span class='ocrx_word' id='word_1_543' title='bbox 1439 1830 1502 1860; x_wconf 71' lang='grc' dir='ltr'>τοὺς</span> <span class='ocrx_word' id='word_1_544' title='bbox 1515 1830 1641 1864; x_wconf 73' lang='grc' dir='ltr'>Πατέρας</span> <span class='ocrx_word' id='word_1_545' title='bbox 1657 1831 1753 1865; x_wconf 82' lang='grc' dir='ltr'>ἡμῶν,</span> 
     </span>
    </p>
   </div>
   <div class='ocr_carea' id='block_1_72' title="bbox 124 1874 857 1915">
    <p class='ocr_par' dir='ltr' id='par_1_72' title="bbox 124 1879 857 1915">
     <span class='ocr_line' id='line_1_73' title="bbox 124 1879 857 1915; baseline 0.005 -12"><span class='ocrx_word' id='word_1_546' title='bbox 124 1886 134 1904; x_wconf 77' lang='grc' dir='ltr'><strong>ι</strong></span> <span class='ocrx_word' id='word_1_547' title='bbox 155 1882 276 1910; x_wconf 80' lang='lat' dir='ltr'><strong>nostros,</strong></span> <span class='ocrx_word' id='word_1_548' title='bbox 292 1879 387 1907; x_wconf 88' lang='lat' dir='ltr'><strong>dicens</strong></span> <span class='ocrx_word' id='word_1_549' title='bbox 400 1880 432 1907; x_wconf 91' lang='lat' dir='ltr'><strong>ad</strong></span> <span class='ocrx_word' id='word_1_550' title='bbox 449 1881 584 1908; x_wconf 81' lang='lat' dir='ltr'><strong>Abraham</strong></span> <span class='ocrx_word' id='word_1_551' title='bbox 602 1890 608 1907; x_wconf 90' lang='lat'>:</span> <span class='ocrx_word' id='word_1_552' title='bbox 624 1881 655 1907; x_wconf 86' lang='lat' dir='ltr'><strong>Et</strong></span> <span class='ocrx_word' id='word_1_553' title='bbox 668 1889 714 1915; x_wconf 87' lang='lat' dir='ltr'><strong>per</strong></span> <span class='ocrx_word' id='word_1_554' title='bbox 725 1889 818 1909; x_wconf 81' lang='lat' dir='ltr'><strong>semen</strong></span> <span class='ocrx_word' id='word_1_555' title='bbox 832 1886 857 1908; x_wconf 94' lang='lat' dir='ltr'><strong>tu</strong></span> 
     </span>
    </p>
   </div>
   <div class='ocr_carea' id='block_1_73' title="bbox 1018 1874 1751 1915">
    <p class='ocr_par' dir='ltr' id='par_1_73' title="bbox 1022 1874 1751 1910">
     <span class='ocr_line' id='line_1_74' title="bbox 1022 1874 1751 1910; baseline 0 -9"><span class='ocrx_word' id='word_1_556' title='bbox 1022 1884 1077 1909; x_wconf 88' lang='grc' dir='ltr'><strong>γων</strong></span> <span class='ocrx_word' id='word_1_557' title='bbox 1106 1874 1174 1910; x_wconf 74' lang='grc' dir='ltr'>πρὸς</span> <span class='ocrx_word' id='word_1_558' title='bbox 1195 1874 1332 1909; x_wconf 78' lang='grc' dir='ltr'><strong>’Δΰραάμ.</strong></span> <span class='ocrx_word' id='word_1_559' title='bbox 1361 1876 1415 1901; x_wconf 79' lang='grc' dir='ltr'><strong>Καὶ</strong></span> <span class='ocrx_word' id='word_1_560' title='bbox 1431 1876 1460 1901; x_wconf 80' lang='grc' dir='ltr'>ἐν</span> <span class='ocrx_word' id='word_1_561' title='bbox 1471 1875 1511 1909; x_wconf 88' lang='grc' dir='ltr'>τῷ</span> <span class='ocrx_word' id='word_1_562' title='bbox 1535 1875 1673 1909; x_wconf 79' lang='grc' dir='ltr'>σπέρματί</span> <span class='ocrx_word' id='word_1_563' title='bbox 1701 1884 1751 1902; x_wconf 71' lang='grc' dir='ltr'><strong>σου</strong></span> 
     </span>
    </p>
   </div>
   <div class='ocr_carea' id='block_1_74' title="bbox 124 1921 857 1962">
    <p class='ocr_par' dir='ltr' id='par_1_74' title="bbox 124 1923 857 1962">
     <span class='ocr_line' id='line_1_75' title="bbox 124 1923 857 1962; baseline 0.005 -13"><span class='ocrx_word' id='word_1_564' title='bbox 124 1932 134 1949; x_wconf 76' lang='lat' dir='ltr'><strong>r</strong></span> <span class='ocrx_word' id='word_1_565' title='bbox 154 1923 352 1952; x_wconf 73' lang='lat' dir='ltr'><strong>benedicentur</strong></span> <span class='ocrx_word' id='word_1_566' title='bbox 367 1933 463 1953; x_wconf 79' lang='lat' dir='ltr'><strong>outnes</strong></span> <span class='ocrx_word' id='word_1_567' title='bbox 482 1925 591 1954; x_wconf 62' lang='lat' dir='ltr'><strong>familia:</strong></span> <span class='ocrx_word' id='word_1_568' title='bbox 609 1931 689 1953; x_wconf 75' lang='lat' dir='ltr'><strong>terrae</strong></span> <span class='ocrx_word' id='word_1_569' title='bbox 698 1926 731 1953; x_wconf 78' lang='grc'><strong>⁸⁸.</strong></span> <span class='ocrx_word' id='word_1_570' title='bbox 751 1926 837 1954; x_wconf 82' lang='lat' dir='ltr'><strong>Vobis</strong></span> <span class='ocrx_word' id='word_1_571' title='bbox 852 1935 857 1962; x_wconf 80' lang='grc' dir='ltr'>ι</span> 
     </span>
    </p>
   </div>
   <div class='ocr_carea' id='block_1_75' title="bbox 1020 1921 1753 1962">
    <p class='ocr_par' dir='ltr' id='par_1_75' title="bbox 1021 1921 1753 1956">
     <span class='ocr_line' id='line_1_76' title="bbox 1021 1921 1753 1956; baseline 0.004 -10"><span class='ocrx_word' id='word_1_572' title='bbox 1021 1921 1217 1956; x_wconf 80' lang='grc' dir='ltr'>λογηθήσονται</span> <span class='ocrx_word' id='word_1_573' title='bbox 1241 1922 1327 1947; x_wconf 74' lang='grc' dir='ltr'>πᾶσαι</span> <span class='ocrx_word' id='word_1_574' title='bbox 1341 1921 1370 1947; x_wconf 71' lang='grc' dir='ltr'>αἱ</span> <span class='ocrx_word' id='word_1_575' title='bbox 1392 1922 1506 1956; x_wconf 80' lang='grc' dir='ltr'>πατριαὶ</span> <span class='ocrx_word' id='word_1_576' title='bbox 1518 1921 1568 1955; x_wconf 86' lang='grc' dir='ltr'>τῆς</span> <span class='ocrx_word' id='word_1_577' title='bbox 1598 1923 1661 1956; x_wconf 79' lang='grc' dir='ltr'>γῆς’</span> <span class='ocrx_word' id='word_1_578' title='bbox 1685 1922 1753 1956; x_wconf 73' lang='grc' dir='ltr'>ὑμῖν</span> 
     </span>
    </p>
   </div>
   <div class='ocr_carea' id='block_1_76' title="bbox 125 1967 858 2004">
    <p class='ocr_par' dir='ltr' id='par_1_76' title="bbox 125 1971 858 2002">
     <span class='ocr_line' id='line_1_77' title="bbox 125 1971 858 2002; baseline 0.005 -7"><span class='ocrx_word' id='word_1_579' title='bbox 125 1979 134 1995; x_wconf 78' lang='grc' dir='ltr'><strong>ι</strong></span> <span class='ocrx_word' id='word_1_580' title='bbox 154 1977 227 1996; x_wconf 87' lang='lat' dir='ltr'><strong>mum</strong></span> <span class='ocrx_word' id='word_1_581' title='bbox 247 1971 328 2002; x_wconf 65' lang='lat' dir='ltr'><strong>Deus.</strong></span> <span class='ocrx_word' id='word_1_582' title='bbox 348 1972 482 1998; x_wconf 86' lang='lat' dir='ltr'><strong>suscitato</strong></span> <span class='ocrx_word' id='word_1_583' title='bbox 499 1971 568 1998; x_wconf 87' lang='lat' dir='ltr'><strong>Filio</strong></span> <span class='ocrx_word' id='word_1_584' title='bbox 593 1980 643 1999; x_wconf 90' lang='lat' dir='ltr'><strong>suo</strong></span> <span class='ocrx_word' id='word_1_585' title='bbox 656 1972 733 2002; x_wconf 83' lang='lat' dir='ltr'><strong>Jesu.</strong></span> <span class='ocrx_word' id='word_1_586' title='bbox 752 1973 828 1999; x_wconf 88' lang='lat' dir='ltr'><strong>misit</strong></span> <span class='ocrx_word' id='word_1_587' title='bbox 847 1981 858 1999; x_wconf 73' lang='lat' dir='ltr'><strong>te</strong></span> 
     </span>
    </p>
   </div>
   <div class='ocr_carea' id='block_1_77' title="bbox 1017 1967 1750 2004">
    <p class='ocr_par' dir='ltr' id='par_1_77' title="bbox 1017 1967 1750 2004">
     <span class='ocr_line' id='line_1_78' title="bbox 1017 1967 1750 2004; baseline 0.003 -11"><span class='ocrx_word' id='word_1_588' title='bbox 1017 1968 1099 2003; x_wconf 82' lang='grc' dir='ltr'>ρῶτον</span> <span class='ocrx_word' id='word_1_589' title='bbox 1113 1969 1126 1994; x_wconf 79' lang='grc' dir='ltr'>ὁ</span> <span class='ocrx_word' id='word_1_590' title='bbox 1140 1967 1215 1999; x_wconf 73' lang='grc' dir='ltr'>Θεὸς,</span> <span class='ocrx_word' id='word_1_591' title='bbox 1232 1967 1387 2000; x_wconf 75' lang='grc' dir='ltr'>ἀναστήσας</span> <span class='ocrx_word' id='word_1_592' title='bbox 1413 1967 1458 1994; x_wconf 73' lang='grc' dir='ltr'><strong>τὸν</strong></span> <span class='ocrx_word' id='word_1_593' title='bbox 1476 1967 1561 1994; x_wconf 86' lang='grc' dir='ltr'>Παῖδα</span> <span class='ocrx_word' id='word_1_594' title='bbox 1591 1967 1672 1994; x_wconf 77' lang='grc' dir='ltr'>αὑτοῦ</span> <span class='ocrx_word' id='word_1_595' title='bbox 1695 1968 1750 2004; x_wconf 83' lang='grc' dir='ltr'><strong>Ἰη-</strong></span> 
     </span>
    </p>
   </div>
   <div class='ocr_carea' id='block_1_78' title="bbox 125 2013 858 2049">
    <p class='ocr_par' dir='ltr' id='par_1_78' title="bbox 125 2015 858 2049">
     <span class='ocr_line' id='line_1_79' title="bbox 125 2015 858 2049; baseline 0.007 -10"><span class='ocrx_word' id='word_1_596' title='bbox 125 2023 134 2039; x_wconf 82' lang='grc' dir='ltr'><strong>ι</strong></span> <span class='ocrx_word' id='word_1_597' title='bbox 154 2016 200 2049; x_wconf 90' lang='lat' dir='ltr'><strong>qui</strong></span> <span class='ocrx_word' id='word_1_598' title='bbox 216 2015 392 2043; x_wconf 71' lang='lat' dir='ltr'><strong>benedicere:</strong></span> <span class='ocrx_word' id='word_1_599' title='bbox 404 2017 491 2048; x_wconf 79' lang='lat' dir='ltr'><strong>vobis,</strong></span> <span class='ocrx_word' id='word_1_600' title='bbox 508 2019 570 2043; x_wconf 92' lang='lat' dir='ltr'><strong>dum</strong></span> <span class='ocrx_word' id='word_1_601' title='bbox 586 2018 814 2044; x_wconf 70' lang='lat' dir='ltr'><strong>convertet-emitti</strong></span> <span class='ocrx_word' id='word_1_602' title='bbox 826 2026 858 2044; x_wconf 88' lang='lat' dir='ltr'><strong>un</strong></span> 
     </span>
    </p>
   </div>
   <div class='ocr_carea' id='block_1_79' title="bbox 1018 2013 1751 2049">
    <p class='ocr_par' dir='ltr' id='par_1_79' title="bbox 1018 2013 1751 2049">
     <span class='ocr_line' id='line_1_80' title="bbox 1018 2013 1751 2049; baseline 0.003 -10"><span class='ocrx_word' id='word_1_603' title='bbox 1018 2014 1076 2045; x_wconf 82' lang='grc' dir='ltr'>›ῦν,</span> <span class='ocrx_word' id='word_1_604' title='bbox 1101 2013 1261 2040; x_wconf 79' lang='grc' dir='ltr'>ἀπέστειλεν</span> <span class='ocrx_word' id='word_1_605' title='bbox 1295 2013 1376 2040; x_wconf 74' lang='grc' dir='ltr'>αὑτὸν</span> <span class='ocrx_word' id='word_1_606' title='bbox 1403 2013 1568 2047; x_wconf 78' lang='grc' dir='ltr'>εὐλογοῦντα</span> <span class='ocrx_word' id='word_1_607' title='bbox 1593 2014 1666 2049; x_wconf 73' lang='grc' dir='ltr'>ὑμᾶς</span> <span class='ocrx_word' id='word_1_608' title='bbox 1683 2034 1690 2046; x_wconf 83' lang='grc'><strong>,</strong></span> <span class='ocrx_word' id='word_1_609' title='bbox 1721 2016 1751 2041; x_wconf 78' lang='grc' dir='ltr'>ὲν</span> 
     </span>
    </p>
   </div>
   <div class='ocr_carea' id='block_1_80' title="bbox 124 2058 857 2095">
    <p class='ocr_par' dir='ltr' id='par_1_80' title="bbox 124 2060 592 2095">
     <span class='ocr_line' id='line_1_81' title="bbox 124 2060 592 2095; baseline 0.004 -9"><span class='ocrx_word' id='word_1_610' title='bbox 124 2069 135 2086; x_wconf 72' lang='grc' dir='ltr'><strong>ι</strong></span> <span class='ocrx_word' id='word_1_611' title='bbox 154 2060 273 2095; x_wconf 81' lang='lat' dir='ltr'><strong>ouisque</strong></span> <span class='ocrx_word' id='word_1_612' title='bbox 288 2068 302 2088; x_wconf 86' lang='lat' dir='ltr'><strong>a</strong></span> <span class='ocrx_word' id='word_1_613' title='bbox 320 2061 434 2088; x_wconf 84' lang='lat' dir='ltr'><strong>malitiis</strong></span> <span class='ocrx_word' id='word_1_614' title='bbox 451 2062 563 2088; x_wconf 85' lang='lat' dir='ltr'><strong>vestris.</strong></span> <span class='ocrx_word' id='word_1_615' title='bbox 582 2071 592 2087; x_wconf 73' lang='grc' dir='ltr'><strong><em>ι</em></strong></span> 
     </span>
    </p>
   </div>
   <div class='ocr_carea' id='block_1_81' title="bbox 1018 2058 1751 2095">
    <p class='ocr_par' dir='ltr' id='par_1_81' title="bbox 1018 2058 1751 2094">
     <span class='ocr_line' id='line_1_82' title="bbox 1018 2058 1751 2094; baseline 0.001 -9"><span class='ocrx_word' id='word_1_616' title='bbox 1018 2059 1032 2094; x_wconf 73' lang='grc' dir='ltr'><strong>ξ)</strong></span> <span class='ocrx_word' id='word_1_617' title='bbox 1059 2058 1243 2093; x_wconf 73' lang='grc' dir='ltr'>ἀποστρέφειν</span> <span class='ocrx_word' id='word_1_618' title='bbox 1277 2058 1394 2085; x_wconf 73' lang='grc' dir='ltr'>ἕκαστον</span> <span class='ocrx_word' id='word_1_619' title='bbox 1432 2058 1485 2086; x_wconf 77' lang='grc' dir='ltr'><strong>ἀπὸ</strong></span> <span class='ocrx_word' id='word_1_620' title='bbox 1517 2058 1572 2085; x_wconf 87' lang='grc' dir='ltr'><strong>τῶν</strong></span> <span class='ocrx_word' id='word_1_621' title='bbox 1613 2059 1751 2094; x_wconf 82' lang='grc' dir='ltr'>πονηριῶν</span> 
     </span>
    </p>
   </div>
   <div class='ocr_carea' id='block_1_82' title="bbox 922 2105 1256 2143">
    <p class='ocr_par' dir='ltr' id='par_1_82' title="bbox 922 2105 1256 2143">
     <span class='ocr_line' id='line_1_83' title="bbox 922 2105 1256 2143; baseline 0.003 -12"><span class='ocrx_word' id='word_1_622' title='bbox 922 2114 950 2143; x_wconf 81' lang='lat' dir='ltr'><strong>D</strong></span> <span class='ocrx_word' id='word_1_623' title='bbox 966 2115 975 2131; x_wconf 82' lang='grc' dir='ltr'><strong>ι</strong></span> <span class='ocrx_word' id='word_1_624' title='bbox 993 2105 1081 2140; x_wconf 70' lang='grc' dir='ltr'>ὑμῶν.</span> <span class='ocrx_word' id='word_1_625' title='bbox 1097 2115 1108 2131; x_wconf 76' lang='grc' dir='ltr'><strong>ι</strong></span> <span class='ocrx_word' id='word_1_626' title='bbox 1253 2105 1256 2108; x_wconf 50' lang='grc'><em>⁴</em></span> 
     </span>
    </p>
   </div>
   <div class='ocr_carea' id='block_1_83' title="bbox 160 2147 893 2186">
    <p class='ocr_par' dir='ltr' id='par_1_83' title="bbox 160 2147 893 2183">
     <span class='ocr_line' id='line_1_84' title="bbox 160 2147 893 2183; baseline 0.005 -8"><span class='ocrx_word' id='word_1_627' title='bbox 160 2157 171 2175; x_wconf 76' lang='grc' dir='ltr'><strong>ι</strong></span> <span class='ocrx_word' id='word_1_628' title='bbox 190 2147 245 2176; x_wconf 85' lang='lat' dir='ltr'><strong>Vos</strong></span> <span class='ocrx_word' id='word_1_629' title='bbox 259 2149 326 2176; x_wconf 85' lang='lat' dir='ltr'><strong>estis</strong></span> <span class='ocrx_word' id='word_1_630' title='bbox 342 2148 389 2176; x_wconf 81' lang='lat' dir='ltr'><strong>lilii</strong></span> <span class='ocrx_word' id='word_1_631' title='bbox 413 2148 606 2183; x_wconf 84' lang='lat' dir='ltr'><strong>prophetarum</strong></span> <span class='ocrx_word' id='word_1_632' title='bbox 626 2157 633 2176; x_wconf 89' lang='lat'>:</span> <span class='ocrx_word' id='word_1_633' title='bbox 655 2159 665 2176; x_wconf 75' lang='grc' dir='ltr'><strong>ι</strong></span> <span class='ocrx_word' id='word_1_634' title='bbox 681 2150 733 2178; x_wconf 87' lang='lat' dir='ltr'><strong>hoc</strong></span> <span class='ocrx_word' id='word_1_635' title='bbox 753 2157 805 2183; x_wconf 89' lang='lat' dir='ltr'><strong>est,</strong></span> <span class='ocrx_word' id='word_1_636' title='bbox 821 2158 856 2179; x_wconf 87' lang='lat' dir='ltr'><strong>ne</strong></span> <span class='ocrx_word' id='word_1_637' title='bbox 874 2151 893 2178; x_wconf 91' lang='lat' dir='ltr'><strong>ti</strong></span> 
     </span>
    </p>
   </div>
   <div class='ocr_carea' id='block_1_84' title="bbox 1015 2147 1748 2186">
    <p class='ocr_par' dir='ltr' id='par_1_84' title="bbox 1034 2151 1748 2186">
     <span class='ocr_line' id='line_1_85' title="bbox 1034 2151 1748 2186; baseline 0.001 -9"><span class='ocrx_word' id='word_1_638' title='bbox 1034 2152 1128 2186; x_wconf 80' lang='grc' dir='ltr'>Ὑμεῖς</span> <span class='ocrx_word' id='word_1_639' title='bbox 1146 2151 1208 2177; x_wconf 70' lang='grc' dir='ltr'>ἐστὶ</span> <span class='ocrx_word' id='word_1_640' title='bbox 1230 2152 1284 2178; x_wconf 70' lang='grc' dir='ltr'>υἱοὶ</span> <span class='ocrx_word' id='word_1_641' title='bbox 1317 2151 1371 2178; x_wconf 86' lang='grc' dir='ltr'><strong>τῶν</strong></span> <span class='ocrx_word' id='word_1_642' title='bbox 1400 2152 1557 2186; x_wconf 76' lang='grc' dir='ltr'>προφητῶν,</span> <span class='ocrx_word' id='word_1_643' title='bbox 1577 2162 1586 2178; x_wconf 74' lang='grc' dir='ltr'><strong><em>ι</em></strong></span> <span class='ocrx_word' id='word_1_644' title='bbox 1607 2152 1667 2179; x_wconf 76' lang='grc' dir='ltr'>ἀντὶ</span> <span class='ocrx_word' id='word_1_645' title='bbox 1690 2153 1748 2186; x_wconf 83' lang='grc' dir='ltr'>τοῦ,</span> 
     </span>
    </p>
   </div>
   <div class='ocr_carea' id='block_1_85' title="bbox 123 2194 856 2234">
    <p class='ocr_par' dir='ltr' id='par_1_85' title="bbox 123 2194 856 2232">
     <span class='ocr_line' id='line_1_86' title="bbox 123 2194 856 2232; baseline 0.005 -11"><span class='ocrx_word' id='word_1_646' title='bbox 123 2194 230 2227; x_wconf 83' lang='lat' dir='ltr'><strong>meatis,</strong></span> <span class='ocrx_word' id='word_1_647' title='bbox 247 2203 334 2230; x_wconf 82' lang='lat' dir='ltr'><strong>neque</strong></span> <span class='ocrx_word' id='word_1_648' title='bbox 352 2195 516 2223; x_wconf 83' lang='lat' dir='ltr'><strong>existimetis</strong></span> <span class='ocrx_word' id='word_1_649' title='bbox 538 2203 588 2223; x_wconf 85' lang='lat' dir='ltr'><strong>vos</strong></span> <span class='ocrx_word' id='word_1_650' title='bbox 609 2196 714 2224; x_wconf 88' lang='lat' dir='ltr'><strong>alienos</strong></span> <span class='ocrx_word' id='word_1_651' title='bbox 732 2204 794 2225; x_wconf 81' lang='lat' dir='ltr'><strong>esse</strong></span> <span class='ocrx_word' id='word_1_652' title='bbox 810 2205 825 2224; x_wconf 89' lang='lat' dir='ltr'><strong>a</strong></span> <span class='ocrx_word' id='word_1_653' title='bbox 844 2206 856 2232; x_wconf 75' lang='grc' dir='ltr'><strong>ιε</strong></span> 
     </span>
    </p>
   </div>
   <div class='ocr_carea' id='block_1_86' title="bbox 1016 2194 1749 2234">
    <p class='ocr_par' dir='ltr' id='par_1_86' title="bbox 1031 2197 1749 2233">
     <span class='ocr_line' id='line_1_87' title="bbox 1031 2197 1749 2233; baseline 0 -9"><span class='ocrx_word' id='word_1_654' title='bbox 1031 2198 1156 2224; x_wconf 81' lang='grc' dir='ltr'>πτοεῖσθε</span> <span class='ocrx_word' id='word_1_655' title='bbox 1180 2197 1246 2232; x_wconf 76' lang='grc' dir='ltr'>μηδὲ</span> <span class='ocrx_word' id='word_1_656' title='bbox 1278 2197 1401 2230; x_wconf 77' lang='grc' dir='ltr'>νομίζετε</span> <span class='ocrx_word' id='word_1_657' title='bbox 1420 2198 1617 2233; x_wconf 76' lang='grc' dir='ltr'>ἠλλοτριῶσθαι</span> <span class='ocrx_word' id='word_1_658' title='bbox 1638 2200 1749 2230; x_wconf 78' lang='grc' dir='ltr'>ἑαυτοὺς</span> 
     </span>
    </p>
   </div>
   <div class='ocr_carea' id='block_1_87' title="bbox 123 2240 856 2278">
    <p class='ocr_par' dir='ltr' id='par_1_87' title="bbox 123 2240 855 2278">
     <span class='ocr_line' id='line_1_88' title="bbox 123 2240 855 2278; baseline 0.007 -12"><span class='ocrx_word' id='word_1_659' title='bbox 123 2240 301 2268; x_wconf 80' lang='lat' dir='ltr'><strong>missionibus</strong></span> <span class='ocrx_word' id='word_1_660' title='bbox 325 2251 332 2268; x_wconf 92' lang='lat'><strong>:</strong></span> <span class='ocrx_word' id='word_1_661' title='bbox 351 2249 398 2268; x_wconf 81' lang='lat' dir='ltr'><strong>vos</strong></span> <span class='ocrx_word' id='word_1_662' title='bbox 419 2242 487 2269; x_wconf 93' lang='lat' dir='ltr'><strong>estis</strong></span> <span class='ocrx_word' id='word_1_663' title='bbox 520 2242 566 2269; x_wconf 84' lang='lat' dir='ltr'><strong>ﬁlii</strong></span> <span class='ocrx_word' id='word_1_664' title='bbox 594 2243 797 2278; x_wconf 88' lang='lat' dir='ltr'><strong>prophetarum,</strong></span> <span class='ocrx_word' id='word_1_665' title='bbox 819 2245 855 2271; x_wconf 88' lang='lat' dir='ltr'><strong>ita</strong></span> 
     </span>
    </p>
   </div>
   <div class='ocr_carea' id='block_1_88' title="bbox 1012 2240 1745 2278">
    <p class='ocr_par' dir='ltr' id='par_1_88' title="bbox 1012 2242 1745 2278">
     <span class='ocr_line' id='line_1_89' title="bbox 1012 2242 1745 2278; baseline -0.001 -7"><span class='ocrx_word' id='word_1_666' title='bbox 1012 2254 1018 2270; x_wconf 86' lang='lat' dir='ltr'><strong><em>I</em></strong></span> <span class='ocrx_word' id='word_1_667' title='bbox 1032 2243 1216 2278; x_wconf 74' lang='grc' dir='ltr'>ἐπαγγελιῶν.</span> <span class='ocrx_word' id='word_1_668' title='bbox 1244 2243 1338 2277; x_wconf 79' lang='grc' dir='ltr'>Ὑμεῖς</span> <span class='ocrx_word' id='word_1_669' title='bbox 1365 2242 1428 2269; x_wconf 56' lang='lat' dir='ltr'><strong>me</strong></span> <span class='ocrx_word' id='word_1_670' title='bbox 1443 2243 1498 2269; x_wconf 71' lang='grc' dir='ltr'>υῑοὶ</span> <span class='ocrx_word' id='word_1_671' title='bbox 1519 2243 1573 2270; x_wconf 83' lang='grc' dir='ltr'><strong>τῶν</strong></span> <span class='ocrx_word' id='word_1_672' title='bbox 1588 2244 1745 2278; x_wconf 80' lang='grc' dir='ltr'>προφητῶν,</span> 
     </span>
    </p>
   </div>
   <div class='ocr_carea' id='block_1_89' title="bbox 124 2286 857 2325">
    <p class='ocr_par' dir='ltr' id='par_1_89' title="bbox 124 2286 847 2323">
     <span class='ocr_line' id='line_1_90' title="bbox 124 2286 847 2323; baseline 0.006 -11"><span class='ocrx_word' id='word_1_673' title='bbox 124 2287 202 2313; x_wconf 81' lang='lat' dir='ltr'><strong>rohis</strong></span> <span class='ocrx_word' id='word_1_674' title='bbox 216 2286 354 2319; x_wconf 87' lang='lat' dir='ltr'><strong>dicebant,</strong></span> <span class='ocrx_word' id='word_1_675' title='bbox 371 2293 396 2314; x_wconf 87' lang='lat' dir='ltr'><strong>et</strong></span> <span class='ocrx_word' id='word_1_676' title='bbox 414 2292 524 2323; x_wconf 84' lang='lat' dir='ltr'><strong>propter</strong></span> <span class='ocrx_word' id='word_1_677' title='bbox 540 2296 589 2316; x_wconf 82' lang='lat' dir='ltr'><strong>vos</strong></span> <span class='ocrx_word' id='word_1_678' title='bbox 611 2289 667 2316; x_wconf 64' lang='lat' dir='ltr'><strong>haec</strong></span> <span class='ocrx_word' id='word_1_679' title='bbox 687 2289 757 2316; x_wconf 80' lang='lat' dir='ltr'><strong>facta</strong></span> <span class='ocrx_word' id='word_1_680' title='bbox 773 2295 847 2317; x_wconf 87' lang='lat' dir='ltr'><strong>sunt.</strong></span> 
     </span>
    </p>
   </div>
   <div class='ocr_carea' id='block_1_90' title="bbox 1011 2286 1744 2325">
    <p class='ocr_par' dir='ltr' id='par_1_90' title="bbox 1011 2287 1744 2325">
     <span class='ocr_line' id='line_1_91' title="bbox 1011 2287 1744 2325; baseline -0.001 -8"><span class='ocrx_word' id='word_1_681' title='bbox 1011 2300 1033 2317; x_wconf 73' lang='lat' dir='ltr'><strong>re</strong></span> <span class='ocrx_word' id='word_1_682' title='bbox 1063 2290 1128 2325; x_wconf 82' lang='grc' dir='ltr'>ὑμῖν</span> <span class='ocrx_word' id='word_1_683' title='bbox 1158 2289 1261 2322; x_wconf 77' lang='grc' dir='ltr'>ἔλεγον.</span> <span class='ocrx_word' id='word_1_684' title='bbox 1286 2289 1334 2314; x_wconf 71' lang='grc' dir='ltr'><strong>καὶ</strong></span> <span class='ocrx_word' id='word_1_685' title='bbox 1357 2287 1391 2313; x_wconf 71' lang='grc' dir='ltr'><strong>δι’</strong></span> <span class='ocrx_word' id='word_1_686' title='bbox 1414 2288 1485 2322; x_wconf 77' lang='grc' dir='ltr'>ὑμᾶς</span> <span class='ocrx_word' id='word_1_687' title='bbox 1517 2288 1603 2315; x_wconf 83' lang='grc' dir='ltr'>ταῦτα</span> <span class='ocrx_word' id='word_1_688' title='bbox 1626 2289 1744 2324; x_wconf 75' lang='grc' dir='ltr'>γέγονεν.</span> 
     </span>
    </p>
   </div>
   <div class='ocr_carea' id='block_1_91' title="bbox 124 2331 857 2371">
    <p class='ocr_par' dir='ltr' id='par_1_91' title="bbox 124 2331 850 2370">
     <span class='ocr_line' id='line_1_92' title="bbox 124 2331 850 2370; baseline 0.006 -11"><span class='ocrx_word' id='word_1_689' title='bbox 124 2331 234 2366; x_wconf 88' lang='lat' dir='ltr'><strong>quidem</strong></span> <span class='ocrx_word' id='word_1_690' title='bbox 246 2334 313 2361; x_wconf 89' lang='lat' dir='ltr'><strong>estis</strong></span> <span class='ocrx_word' id='word_1_691' title='bbox 329 2334 375 2361; x_wconf 84' lang='lat' dir='ltr'><strong>lilii</strong></span> <span class='ocrx_word' id='word_1_692' title='bbox 392 2335 598 2369; x_wconf 80' lang='lat' dir='ltr'><strong>prophetarum,</strong></span> <span class='ocrx_word' id='word_1_693' title='bbox 610 2335 668 2370; x_wconf 86' lang='lat' dir='ltr'><strong>ipse</strong></span> <span class='ocrx_word' id='word_1_694' title='bbox 683 2343 747 2363; x_wconf 81' lang='lat' dir='ltr'><strong>vero</strong></span> <span class='ocrx_word' id='word_1_695' title='bbox 763 2335 850 2363; x_wconf 78' lang='lat' dir='ltr'><strong>Filius</strong></span> 
     </span>
    </p>
   </div>
   <div class='ocr_carea' id='block_1_92' title="bbox 1017 2331 1750 2371">
    <p class='ocr_par' dir='ltr' id='par_1_92' title="bbox 1017 2333 1750 2370">
     <span class='ocr_line' id='line_1_93' title="bbox 1017 2333 1750 2370; baseline -0.001 -8"><span class='ocrx_word' id='word_1_696' title='bbox 1017 2337 1065 2367; x_wconf 81' lang='grc' dir='ltr'>ιεῖς</span> <span class='ocrx_word' id='word_1_697' title='bbox 1081 2336 1139 2370; x_wconf 76' lang='grc' dir='ltr'>μὲν,</span> <span class='ocrx_word' id='word_1_698' title='bbox 1156 2335 1249 2370; x_wconf 73' lang='grc' dir='ltr'>φησιν,</span> <span class='ocrx_word' id='word_1_699' title='bbox 1265 2334 1326 2360; x_wconf 81' lang='grc' dir='ltr'>ὲστὲ</span> <span class='ocrx_word' id='word_1_700' title='bbox 1341 2334 1395 2360; x_wconf 75' lang='grc' dir='ltr'>υἱοὶ</span> <span class='ocrx_word' id='word_1_701' title='bbox 1413 2334 1468 2360; x_wconf 81' lang='grc' dir='ltr'><strong>τῶν</strong></span> <span class='ocrx_word' id='word_1_702' title='bbox 1482 2334 1640 2369; x_wconf 76' lang='grc' dir='ltr'>προφητῶν,</span> <span class='ocrx_word' id='word_1_703' title='bbox 1673 2333 1750 2367; x_wconf 69' lang='grc' dir='ltr'>οὗτος</span> 
     </span>
    </p>
   </div>
   <div class='ocr_carea' id='block_1_93' title="bbox 123 2379 856 2416">
    <p class='ocr_par' dir='ltr' id='par_1_93' title="bbox 123 2379 856 2415">
     <span class='ocr_line' id='line_1_94' title="bbox 123 2379 856 2415; baseline 0.003 -10"><span class='ocrx_word' id='word_1_704' title='bbox 123 2383 175 2411; x_wconf 82' lang='lat' dir='ltr'><strong>est,</strong></span> <span class='ocrx_word' id='word_1_705' title='bbox 195 2379 242 2412; x_wconf 94' lang='lat' dir='ltr'><strong>qui</strong></span> <span class='ocrx_word' id='word_1_706' title='bbox 267 2380 439 2414; x_wconf 80' lang='lat' dir='ltr'><strong>participavit</strong></span> <span class='ocrx_word' id='word_1_707' title='bbox 455 2380 483 2407; x_wconf 89' lang='lat' dir='ltr'><strong>in</strong></span> <span class='ocrx_word' id='word_1_708' title='bbox 505 2388 533 2407; x_wconf 77' lang='lat' dir='ltr'><strong>se</strong></span> <span class='ocrx_word' id='word_1_709' title='bbox 549 2380 856 2415; x_wconf 79' lang='lat' dir='ltr'><strong>Patris.substantiam,</strong></span> 
     </span>
    </p>
   </div>
   <div class='ocr_carea' id='block_1_94' title="bbox 1018 2379 1751 2416">
    <p class='ocr_par' dir='ltr' id='par_1_94' title="bbox 1018 2379 1751 2416">
     <span class='ocr_line' id='line_1_95' title="bbox 1018 2379 1751 2416; baseline 0.003 -10"><span class='ocrx_word' id='word_1_710' title='bbox 1018 2382 1066 2412; x_wconf 79' lang='grc' dir='ltr'>’ἰός</span> <span class='ocrx_word' id='word_1_711' title='bbox 1081 2383 1138 2408; x_wconf 76' lang='grc' dir='ltr'>ἐστι</span> <span class='ocrx_word' id='word_1_712' title='bbox 1155 2379 1202 2406; x_wconf 85' lang='grc' dir='ltr'><strong>τοῦ</strong></span> <span class='ocrx_word' id='word_1_713' title='bbox 1227 2380 1307 2411; x_wconf 76' lang='grc' dir='ltr'>Θεοῦ,</span> <span class='ocrx_word' id='word_1_714' title='bbox 1324 2380 1488 2415; x_wconf 82' lang='grc' dir='ltr'>ὲπιμερίσας</span> <span class='ocrx_word' id='word_1_715' title='bbox 1506 2381 1577 2407; x_wconf 83' lang='grc' dir='ltr'>κατά</span> <span class='ocrx_word' id='word_1_716' title='bbox 1596 2380 1644 2416; x_wconf 84' lang='grc' dir='ltr'>τὴν</span> <span class='ocrx_word' id='word_1_717' title='bbox 1658 2382 1751 2408; x_wconf 76' lang='grc' dir='ltr'>οὐσίαν</span> 
     </span>
    </p>
   </div>
   <div class='ocr_carea' id='block_1_95' title="bbox 125 2425 858 2462">
    <p class='ocr_par' dir='ltr' id='par_1_95' title="bbox 125 2425 850 2461">
     <span class='ocr_line' id='line_1_96' title="bbox 125 2425 850 2461; baseline 0.006 -10"><span class='ocrx_word' id='word_1_718' title='bbox 125 2425 247 2459; x_wconf 88' lang='lat' dir='ltr'><strong>seipsum</strong></span> <span class='ocrx_word' id='word_1_719' title='bbox 263 2426 324 2453; x_wconf 88' lang='lat' dir='ltr'><strong>aliis</strong></span> <span class='ocrx_word' id='word_1_720' title='bbox 340 2426 557 2461; x_wconf 88' lang='lat' dir='ltr'><strong>participandum</strong></span> <span class='ocrx_word' id='word_1_721' title='bbox 581 2426 665 2454; x_wconf 84' lang='lat' dir='ltr'><strong>dedit.</strong></span> <span class='ocrx_word' id='word_1_722' title='bbox 690 2436 699 2452; x_wconf 75' lang='grc' dir='ltr'><strong>ι</strong></span> <span class='ocrx_word' id='word_1_723' title='bbox 716 2427 770 2455; x_wconf 88' lang='lat' dir='ltr'><strong>Vos</strong></span> <span class='ocrx_word' id='word_1_724' title='bbox 783 2427 850 2455; x_wconf 85' lang='lat' dir='ltr'><strong>estis</strong></span> 
     </span>
    </p>
   </div>
   <div class='ocr_carea' id='block_1_96' title="bbox 1019 2425 1752 2462">
    <p class='ocr_par' dir='ltr' id='par_1_96' title="bbox 1036 2426 1752 2462">
     <span class='ocr_line' id='line_1_97' title="bbox 1036 2426 1752 2462; baseline -0.001 -8"><span class='ocrx_word' id='word_1_725' title='bbox 1036 2427 1155 2462; x_wconf 79' lang='grc' dir='ltr'>Πατέρα,</span> <span class='ocrx_word' id='word_1_726' title='bbox 1179 2426 1291 2457; x_wconf 78' lang='grc' dir='ltr'>ἐκείνοις</span> <span class='ocrx_word' id='word_1_727' title='bbox 1314 2426 1342 2453; x_wconf 81' lang='grc' dir='ltr'><strong>δὲ</strong></span> <span class='ocrx_word' id='word_1_728' title='bbox 1360 2427 1406 2452; x_wconf 75' lang='grc' dir='ltr'>καὶ</span> <span class='ocrx_word' id='word_1_729' title='bbox 1427 2426 1533 2453; x_wconf 77' lang='grc' dir='ltr'>ἑαυτόν.</span> <span class='ocrx_word' id='word_1_730' title='bbox 1552 2427 1667 2461; x_wconf 75' lang='grc' dir='ltr'>«Ὑμεῖς</span> <span class='ocrx_word' id='word_1_731' title='bbox 1691 2427 1752 2454; x_wconf 76' lang='grc' dir='ltr'>ἐστε</span> 
     </span>
    </p>
   </div>
   <div class='ocr_carea' id='block_1_97' title="bbox 125 2471 858 2507">
    <p class='ocr_par' dir='ltr' id='par_1_97' title="bbox 125 2471 858 2507">
     <span class='ocr_line' id='line_1_98' title="bbox 125 2471 858 2507; baseline 0.004 -10"><span class='ocrx_word' id='word_1_732' title='bbox 125 2471 318 2506; x_wconf 88' lang='lat' dir='ltr'><strong>prophetarum</strong></span> <span class='ocrx_word' id='word_1_733' title='bbox 333 2478 359 2499; x_wconf 88' lang='lat' dir='ltr'><strong>et</strong></span> <span class='ocrx_word' id='word_1_734' title='bbox 377 2472 543 2500; x_wconf 89' lang='lat' dir='ltr'><strong>testamenti.</strong></span> <span class='ocrx_word' id='word_1_735' title='bbox 560 2482 569 2499; x_wconf 73' lang='grc' dir='ltr'><strong>ι</strong></span> <span class='ocrx_word' id='word_1_736' title='bbox 591 2473 662 2507; x_wconf 87' lang='lat' dir='ltr'><strong>Filii,</strong></span> <span class='ocrx_word' id='word_1_737' title='bbox 684 2474 735 2500; x_wconf 91' lang='lat' dir='ltr'><strong>hoc</strong></span> <span class='ocrx_word' id='word_1_738' title='bbox 758 2478 802 2501; x_wconf 80' lang='lat' dir='ltr'><strong>est</strong></span> <span class='ocrx_word' id='word_1_739' title='bbox 825 2474 858 2501; x_wconf 83' lang='lat' dir='ltr'><strong>ha</strong></span> 
     </span>
    </p>
   </div>
   <div class='ocr_carea' id='block_1_98' title="bbox 1019 2471 1752 2507">
    <p class='ocr_par' dir='ltr' id='par_1_98' title="bbox 1030 2471 1752 2507">
     <span class='ocr_line' id='line_1_99' title="bbox 1030 2471 1752 2507; baseline 0 -8"><span class='ocrx_word' id='word_1_740' title='bbox 1030 2472 1083 2499; x_wconf 83' lang='grc' dir='ltr'><strong>τῶν</strong></span> <span class='ocrx_word' id='word_1_741' title='bbox 1104 2471 1251 2507; x_wconf 74' lang='grc' dir='ltr'>προφητῶν</span> <span class='ocrx_word' id='word_1_742' title='bbox 1274 2472 1321 2498; x_wconf 77' lang='grc' dir='ltr'>καὶ</span> <span class='ocrx_word' id='word_1_743' title='bbox 1344 2471 1392 2506; x_wconf 85' lang='grc' dir='ltr'>τῆς</span> <span class='ocrx_word' id='word_1_744' title='bbox 1409 2471 1552 2506; x_wconf 76' lang='grc' dir='ltr'>διαθήκης.</span> <span class='ocrx_word' id='word_1_745' title='bbox 1569 2481 1578 2497; x_wconf 66' lang='grc' dir='ltr'><strong>ν</strong></span> <span class='ocrx_word' id='word_1_746' title='bbox 1606 2472 1675 2505; x_wconf 72' lang='grc' dir='ltr'>Υἱοὶ,</span> <span class='ocrx_word' id='word_1_747' title='bbox 1694 2473 1752 2499; x_wconf 77' lang='grc' dir='ltr'>ἀντὶ</span> 
     </span>
    </p>
   </div>
   <div class='ocr_carea' id='block_1_99' title="bbox 125 2511 858 2553">
    <p class='ocr_par' dir='ltr' id='par_1_99' title="bbox 125 2511 854 2551">
     <span class='ocr_line' id='line_1_100' title="bbox 125 2511 854 2551; baseline 0.001 -6"><span class='ocrx_word' id='word_1_748' title='bbox 125 2511 174 2545; x_wconf 74' lang='lat' dir='ltr'><strong>des</strong></span> <span class='ocrx_word' id='word_1_749' title='bbox 188 2525 194 2543; x_wconf 85' lang='lat'>:</span> <span class='ocrx_word' id='word_1_750' title='bbox 211 2525 274 2544; x_wconf 85' lang='lat' dir='ltr'><strong>nam</strong></span> <span class='ocrx_word' id='word_1_751' title='bbox 289 2517 312 2545; x_wconf 90' lang='lat' dir='ltr'><strong>si</strong></span> <span class='ocrx_word' id='word_1_752' title='bbox 326 2517 408 2551; x_wconf 87' lang='lat' dir='ltr'><strong>lilius,</strong></span> <span class='ocrx_word' id='word_1_753' title='bbox 421 2522 448 2545; x_wconf 93' lang='lat' dir='ltr'><strong>et</strong></span> <span class='ocrx_word' id='word_1_754' title='bbox 465 2518 550 2546; x_wconf 62' lang='grc' dir='ltr'><strong>Ιιωι-ρε</strong></span> <span class='ocrx_word' id='word_1_755' title='bbox 568 2527 575 2545; x_wconf 86' lang='lat'><strong>:</strong></span> <span class='ocrx_word' id='word_1_756' title='bbox 591 2519 712 2546; x_wconf 66' lang='lat' dir='ltr'><strong>hazredes</strong></span> <span class='ocrx_word' id='word_1_757' title='bbox 724 2526 787 2546; x_wconf 85' lang='lat' dir='ltr'><strong>vero</strong></span> <span class='ocrx_word' id='word_1_758' title='bbox 801 2526 854 2546; x_wconf 89' lang='lat' dir='ltr'><strong>non</strong></span> 
     </span>
    </p>
   </div>
   <div class='ocr_carea' id='block_1_100' title="bbox 1019 2511 1752 2553">
    <p class='ocr_par' dir='ltr' id='par_1_100' title="bbox 1019 2517 1752 2553">
     <span class='ocr_line' id='line_1_101' title="bbox 1019 2517 1752 2553; baseline 0 -8"><span class='ocrx_word' id='word_1_759' title='bbox 1019 2540 1024 2551; x_wconf 86' lang='lat'><strong>,</strong></span> <span class='ocrx_word' id='word_1_760' title='bbox 1042 2519 1215 2553; x_wconf 74' lang='grc' dir='ltr'>κληρονόμοι.</span> <span class='ocrx_word' id='word_1_761' title='bbox 1231 2518 1263 2544; x_wconf 82' lang='grc' dir='ltr'><strong>Εἰ</strong></span> <span class='ocrx_word' id='word_1_762' title='bbox 1276 2517 1329 2552; x_wconf 83' lang='grc' dir='ltr'><strong>γὰρ</strong></span> <span class='ocrx_word' id='word_1_763' title='bbox 1344 2517 1410 2550; x_wconf 73' lang='grc' dir='ltr'>υἱὸς,</span> <span class='ocrx_word' id='word_1_764' title='bbox 1427 2518 1474 2543; x_wconf 75' lang='grc' dir='ltr'>καὶ</span> <span class='ocrx_word' id='word_1_765' title='bbox 1489 2518 1666 2552; x_wconf 75' lang='grc' dir='ltr'>κληρονόμος,</span> <span class='ocrx_word' id='word_1_766' title='bbox 1684 2518 1752 2553; x_wconf 90' lang='grc' dir='ltr'>κλη-</span> 
     </span>
    </p>
   </div>
   <div class='ocr_carea' id='block_1_101' title="bbox 126 2563 859 2599">
    <p class='ocr_par' dir='ltr' id='par_1_101' title="bbox 126 2563 857 2598">
     <span class='ocr_line' id='line_1_102' title="bbox 126 2563 857 2598; baseline 0.001 -8"><span class='ocrx_word' id='word_1_767' title='bbox 126 2567 218 2590; x_wconf 78' lang='lat' dir='ltr'><strong>center</strong></span> <span class='ocrx_word' id='word_1_768' title='bbox 236 2563 370 2598; x_wconf 85' lang='lat' dir='ltr'><strong>inscripti,</strong></span> <span class='ocrx_word' id='word_1_769' title='bbox 395 2563 442 2591; x_wconf 78' lang='lat' dir='ltr'><strong>sed</strong></span> <span class='ocrx_word' id='word_1_770' title='bbox 466 2568 594 2598; x_wconf 88' lang='lat' dir='ltr'><strong>tanquam</strong></span> <span class='ocrx_word' id='word_1_771' title='bbox 612 2564 669 2591; x_wconf 84' lang='lat' dir='ltr'><strong>ﬁlii.</strong></span> <span class='ocrx_word' id='word_1_772' title='bbox 685 2563 716 2590; x_wconf 88' lang='lat' dir='ltr'><strong>Et</strong></span> <span class='ocrx_word' id='word_1_773' title='bbox 737 2568 766 2591; x_wconf 89' lang='lat' dir='ltr'><strong>ut</strong></span> <span class='ocrx_word' id='word_1_774' title='bbox 789 2569 857 2591; x_wconf 72' lang='lat' dir='ltr'><strong>oste:</strong></span> 
     </span>
    </p>
   </div>
   <div class='ocr_carea' id='block_1_102' title="bbox 1018 2563 1751 2599">
    <p class='ocr_par' dir='ltr' id='par_1_102' title="bbox 1018 2563 1751 2598">
     <span class='ocr_line' id='line_1_103' title="bbox 1018 2563 1751 2598; baseline 0 -8"><span class='ocrx_word' id='word_1_775' title='bbox 1018 2565 1076 2598; x_wconf 69' lang='lat' dir='ltr'><strong>6pm</strong></span> <span class='ocrx_word' id='word_1_776' title='bbox 1103 2564 1132 2591; x_wconf 78' lang='grc' dir='ltr'>δὲ</span> <span class='ocrx_word' id='word_1_777' title='bbox 1154 2564 1185 2590; x_wconf 85' lang='grc' dir='ltr'>οὺ</span> <span class='ocrx_word' id='word_1_778' title='bbox 1213 2563 1379 2598; x_wconf 72' lang='grc' dir='ltr'>προσφάτως</span> <span class='ocrx_word' id='word_1_779' title='bbox 1406 2563 1608 2598; x_wconf 78' lang='grc' dir='ltr'>ἐγγραφέντες,</span> <span class='ocrx_word' id='word_1_780' title='bbox 1632 2564 1690 2590; x_wconf 83' lang='grc' dir='ltr'>ἀλλ’</span> <span class='ocrx_word' id='word_1_781' title='bbox 1715 2564 1751 2596; x_wconf 84' lang='grc' dir='ltr'><strong>ὡς</strong></span> 
     </span>
    </p>
   </div>
   <div class='ocr_carea' id='block_1_103' title="bbox 126 2609 859 2646">
    <p class='ocr_par' dir='ltr' id='par_1_103' title="bbox 126 2609 858 2646">
     <span class='ocr_line' id='line_1_104' title="bbox 126 2609 858 2646; baseline 0.001 -11"><span class='ocrx_word' id='word_1_782' title='bbox 126 2609 197 2644; x_wconf 85' lang='lat' dir='ltr'><strong>quod</strong></span> <span class='ocrx_word' id='word_1_783' title='bbox 215 2613 348 2644; x_wconf 85' lang='lat' dir='ltr'><strong>quantum</strong></span> <span class='ocrx_word' id='word_1_784' title='bbox 372 2613 415 2637; x_wconf 88' lang='lat' dir='ltr'><strong>est</strong></span> <span class='ocrx_word' id='word_1_785' title='bbox 431 2618 462 2637; x_wconf 83' lang='lat' dir='ltr'><strong>ex</strong></span> <span class='ocrx_word' id='word_1_786' title='bbox 486 2611 643 2645; x_wconf 84' lang='lat' dir='ltr'><strong>adoptione,</strong></span> <span class='ocrx_word' id='word_1_787' title='bbox 660 2611 754 2646; x_wconf 85' lang='lat' dir='ltr'><strong>utique</strong></span> <span class='ocrx_word' id='word_1_788' title='bbox 774 2611 796 2638; x_wconf 88' lang='lat' dir='ltr'><strong>si</strong></span> <span class='ocrx_word' id='word_1_789' title='bbox 818 2612 858 2637; x_wconf 75' lang='lat' dir='ltr'><strong>vel</strong></span> 
     </span>
    </p>
   </div>
   <div class='ocr_carea' id='block_1_104' title="bbox 1003 2609 1736 2646">
    <p class='ocr_par' dir='ltr' id='par_1_104' title="bbox 1003 2609 1736 2645">
     <span class='ocr_line' id='line_1_105' title="bbox 1003 2609 1736 2645; baseline 0.001 -9"><span class='ocrx_word' id='word_1_790' title='bbox 1003 2611 1037 2637; x_wconf 64' lang='lat' dir='ltr'><strong>ii&#39;</strong></span> <span class='ocrx_word' id='word_1_791' title='bbox 1055 2611 1101 2636; x_wconf 65' lang='grc' dir='ltr'>καὶ</span> <span class='ocrx_word' id='word_1_792' title='bbox 1116 2610 1160 2636; x_wconf 82' lang='grc' dir='ltr'>ἵνα</span> <span class='ocrx_word' id='word_1_793' title='bbox 1181 2609 1254 2645; x_wconf 76' lang='grc' dir='ltr'>δείξῃ</span> <span class='ocrx_word' id='word_1_794' title='bbox 1277 2610 1318 2635; x_wconf 83' lang='grc' dir='ltr'>ὃτι</span> <span class='ocrx_word' id='word_1_795' title='bbox 1353 2610 1415 2635; x_wconf 78' lang='grc' dir='ltr'>ὅσον</span> <span class='ocrx_word' id='word_1_796' title='bbox 1441 2609 1496 2635; x_wconf 80' lang='grc' dir='ltr'><strong>ἀπὸ</strong></span> <span class='ocrx_word' id='word_1_797' title='bbox 1516 2610 1565 2643; x_wconf 86' lang='grc' dir='ltr'>τῆς</span> <span class='ocrx_word' id='word_1_798' title='bbox 1591 2609 1736 2643; x_wconf 73' lang='grc' dir='ltr'>υἱοθεσίας,</span> 
     </span>
    </p>
   </div>
   <div class='ocr_carea' id='block_1_105' title="bbox 127 2655 860 2692">
    <p class='ocr_par' dir='ltr' id='par_1_105' title="bbox 127 2655 860 2691">
     <span class='ocr_line' id='line_1_106' title="bbox 127 2655 860 2691; baseline 0.003 -9"><span class='ocrx_word' id='word_1_799' title='bbox 127 2655 247 2683; x_wconf 73' lang='grc' dir='ltr'>Ιιςιετοιιεε</span> <span class='ocrx_word' id='word_1_800' title='bbox 262 2659 326 2683; x_wconf 88' lang='lat' dir='ltr'><strong>sunt</strong></span> <span class='ocrx_word' id='word_1_801' title='bbox 347 2659 374 2683; x_wconf 85' lang='lat' dir='ltr'><strong>et</strong></span> <span class='ocrx_word' id='word_1_802' title='bbox 400 2656 451 2691; x_wconf 87' lang='lat' dir='ltr'><strong>ipsi</strong></span> <span class='ocrx_word' id='word_1_803' title='bbox 473 2660 602 2691; x_wconf 89' lang='lat' dir='ltr'><strong>tanquam</strong></span> <span class='ocrx_word' id='word_1_804' title='bbox 621 2657 668 2684; x_wconf 76' lang='lat' dir='ltr'><strong>lilii</strong></span> <span class='ocrx_word' id='word_1_805' title='bbox 686 2666 693 2683; x_wconf 90' lang='lat'><strong>:</strong></span> <span class='ocrx_word' id='word_1_806' title='bbox 708 2656 769 2684; x_wconf 89' lang='lat' dir='ltr'><strong>ideo</strong></span> <span class='ocrx_word' id='word_1_807' title='bbox 782 2657 860 2684; x_wconf 90' lang='lat' dir='ltr'><strong>etiam</strong></span> 
     </span>
    </p>
   </div>
   <div class='ocr_carea' id='block_1_106' title="bbox 1018 2655 1751 2692">
    <p class='ocr_par' dir='ltr' id='par_1_106' title="bbox 1018 2655 1751 2692">
     <span class='ocr_line' id='line_1_107' title="bbox 1018 2655 1751 2692; baseline -0.001 -8"><span class='ocrx_word' id='word_1_808' title='bbox 1018 2657 1061 2692; x_wconf 87' lang='grc' dir='ltr'>ἱρα</span> <span class='ocrx_word' id='word_1_809' title='bbox 1072 2657 1120 2684; x_wconf 77' lang='grc' dir='ltr'>καὶ</span> <span class='ocrx_word' id='word_1_810' title='bbox 1134 2656 1212 2683; x_wconf 73' lang='grc' dir='ltr'>αὐτοὶ</span> <span class='ocrx_word' id='word_1_811' title='bbox 1243 2655 1393 2688; x_wconf 79' lang='grc' dir='ltr'>βούλονται,</span> <span class='ocrx_word' id='word_1_812' title='bbox 1418 2655 1581 2691; x_wconf 80' lang='grc' dir='ltr'>κληρονόμοι</span> <span class='ocrx_word' id='word_1_813' title='bbox 1622 2657 1676 2683; x_wconf 72' lang='grc' dir='ltr'>εἰσὶ</span> <span class='ocrx_word' id='word_1_814' title='bbox 1709 2657 1751 2683; x_wconf 81' lang='grc' dir='ltr'>καὶ</span> 
     </span>
    </p>
   </div>
   <div class='ocr_carea' id='block_1_107' title="bbox 128 2701 861 2738">
    <p class='ocr_par' dir='ltr' id='par_1_107' title="bbox 128 2701 852 2738">
     <span class='ocr_line' id='line_1_108' title="bbox 128 2701 852 2738; baseline 0.004 -10"><span class='ocrx_word' id='word_1_815' title='bbox 128 2701 309 2736; x_wconf 77' lang='lat' dir='ltr'><strong>ﬁliis,inquit,</strong></span> <span class='ocrx_word' id='word_1_816' title='bbox 320 2703 396 2730; x_wconf 90' lang='lat' dir='ltr'><strong>misit</strong></span> <span class='ocrx_word' id='word_1_817' title='bbox 412 2702 602 2731; x_wconf 84' lang='lat' dir='ltr'><strong>Filium.Misit</strong></span> <span class='ocrx_word' id='word_1_818' title='bbox 615 2703 724 2738; x_wconf 85' lang='lat' dir='ltr'><strong>quidem</strong></span> <span class='ocrx_word' id='word_1_819' title='bbox 741 2707 768 2730; x_wconf 86' lang='lat' dir='ltr'><strong>et</strong></span> <span class='ocrx_word' id='word_1_820' title='bbox 779 2703 852 2735; x_wconf 85' lang='lat' dir='ltr'><strong>aliis,</strong></span> 
     </span>
    </p>
   </div>
   <div class='ocr_carea' id='block_1_108' title="bbox 1018 2701 1751 2738">
    <p class='ocr_par' dir='ltr' id='par_1_108' title="bbox 1018 2701 1751 2735">
     <span class='ocr_line' id='line_1_109' title="bbox 1018 2701 1751 2735; baseline -0.001 -6"><span class='ocrx_word' id='word_1_821' title='bbox 1018 2704 1045 2730; x_wconf 62' lang='lat' dir='ltr'><strong>‘o‘t</strong></span> <span class='ocrx_word' id='word_1_822' title='bbox 1061 2703 1098 2734; x_wconf 81' lang='grc' dir='ltr'>ὠς</span> <span class='ocrx_word' id='word_1_823' title='bbox 1111 2702 1175 2735; x_wconf 63' lang='lat' dir='ltr'><strong>uini,</strong></span> <span class='ocrx_word' id='word_1_824' title='bbox 1206 2702 1245 2728; x_wconf 71' lang='grc' dir='ltr'>διδ</span> <span class='ocrx_word' id='word_1_825' title='bbox 1268 2701 1314 2728; x_wconf 75' lang='grc' dir='ltr'>καὶ</span> <span class='ocrx_word' id='word_1_826' title='bbox 1345 2701 1382 2733; x_wconf 84' lang='grc' dir='ltr'>ὡς</span> <span class='ocrx_word' id='word_1_827' title='bbox 1409 2702 1476 2734; x_wconf 68' lang='grc' dir='ltr'>υἱοῖς</span> <span class='ocrx_word' id='word_1_828' title='bbox 1508 2701 1572 2728; x_wconf 72' lang='grc' dir='ltr'>Υἱὸν</span> <span class='ocrx_word' id='word_1_829' title='bbox 1596 2702 1751 2731; x_wconf 81' lang='grc' dir='ltr'>ἀπέστειλε.</span> 
     </span>
    </p>
   </div>
   <div class='ocr_carea' id='block_1_109' title="bbox 129 2747 862 2786">
    <p class='ocr_par' dir='ltr' id='par_1_109' title="bbox 129 2747 862 2786">
     <span class='ocr_line' id='line_1_110' title="bbox 129 2747 862 2786; baseline 0.003 -11"><span class='ocrx_word' id='word_1_830' title='bbox 129 2747 205 2776; x_wconf 73' lang='lat' dir='ltr'><strong>vobis</strong></span> <span class='ocrx_word' id='word_1_831' title='bbox 223 2750 340 2784; x_wconf 89' lang='lat' dir='ltr'><strong>primum</strong></span> <span class='ocrx_word' id='word_1_832' title='bbox 357 2757 365 2777; x_wconf 91' lang='lat'><strong>:</strong></span> <span class='ocrx_word' id='word_1_833' title='bbox 383 2757 472 2786; x_wconf 82' lang='lat' dir='ltr'><strong>neque</strong></span> <span class='ocrx_word' id='word_1_834' title='bbox 486 2751 511 2778; x_wconf 88' lang='lat' dir='ltr'><strong>id</strong></span> <span class='ocrx_word' id='word_1_835' title='bbox 533 2754 647 2784; x_wconf 81' lang='lat' dir='ltr'><strong>tantum,</strong></span> <span class='ocrx_word' id='word_1_836' title='bbox 659 2750 706 2779; x_wconf 88' lang='lat' dir='ltr'><strong>sed</strong></span> <span class='ocrx_word' id='word_1_837' title='bbox 724 2750 862 2786; x_wconf 79' lang='lat' dir='ltr'><strong>primumt</strong></span> 
     </span>
    </p>
   </div>
   <div class='ocr_carea' id='block_1_110' title="bbox 1017 2747 1750 2786">
    <p class='ocr_par' dir='ltr' id='par_1_110' title="bbox 1017 2747 1750 2784">
     <span class='ocr_line' id='line_1_111' title="bbox 1017 2747 1750 2784; baseline -0.003 -8"><span class='ocrx_word' id='word_1_838' title='bbox 1017 2749 1133 2776; x_wconf 79' lang='grc' dir='ltr'>τέστειλε</span> <span class='ocrx_word' id='word_1_839' title='bbox 1149 2748 1198 2784; x_wconf 77' lang='grc' dir='ltr'>μὲν</span> <span class='ocrx_word' id='word_1_840' title='bbox 1212 2747 1260 2775; x_wconf 68' lang='grc' dir='ltr'>καὶ</span> <span class='ocrx_word' id='word_1_841' title='bbox 1269 2747 1383 2783; x_wconf 77' lang='grc' dir='ltr'>ἑτέροις,</span> <span class='ocrx_word' id='word_1_842' title='bbox 1399 2747 1456 2775; x_wconf 80' lang='grc' dir='ltr'>ἀλλ’</span> <span class='ocrx_word' id='word_1_843' title='bbox 1479 2747 1544 2783; x_wconf 83' lang='grc' dir='ltr'>ὑμῖν</span> <span class='ocrx_word' id='word_1_844' title='bbox 1559 2748 1667 2783; x_wconf 87' lang='grc' dir='ltr'>πρῶτον</span> <span class='ocrx_word' id='word_1_845' title='bbox 1681 2757 1689 2764; x_wconf 75' lang='grc' dir='ltr'><strong>ο</strong></span> <span class='ocrx_word' id='word_1_846' title='bbox 1706 2747 1750 2775; x_wconf 79' lang='grc' dir='ltr'>καὶ</span> 
     </span>
    </p>
   </div>
   <div class='ocr_carea' id='block_1_111' title="bbox 163 2836 406 2874">
    <p class='ocr_par' dir='ltr' id='par_1_111' title="bbox 163 2836 406 2874">
     <span class='ocr_line' id='line_1_112' title="bbox 163 2836 406 2874; baseline 0.012 -11"><span class='ocrx_word' id='word_1_847' title='bbox 163 2836 187 2874; x_wconf 54' lang='grc' dir='ltr'>ξε</span> <span class='ocrx_word' id='word_1_848' title='bbox 203 2836 271 2864; x_wconf 87' lang='lat' dir='ltr'><strong>Gen.</strong></span> <span class='ocrx_word' id='word_1_849' title='bbox 285 2839 406 2871; x_wconf 78' lang='lat' dir='ltr'><strong>xxu,i8.</strong></span> 
     </span>
    </p>
   </div>
  </div>
