1864 3052
54 170 112 203 105

539 166 732 197 COMMENT.
755 164 794 194 IN
807 163 901 193 ACTA
917 162 1206 193 APOSTOLORUM.

1635 155 1685 188 106

55 226 90 252 σὺ
106 224 157 260 τὴν
170 223 250 259 χεῖρά
265 231 322 256 σου,
340 223 387 250 καὶ
402 223 542 258 ἐμπιπλᾷς
566 223 620 250 πᾶν
635 221 714 254 ζῶον,
734 231 743 246 ι
759 221 844 256 μίμη-

940 219 963 246 ls
975 219 1156 250 vindicarent,
1168 216 1259 244 nullus
1282 215 1353 243 inter
1367 221 1415 243 eos
1426 220 1508 249 egens
1521 216 1580 241 erat
1594 233 1601 246 ,
1613 211 1686 247 quod

55 278 100 302 σις
115 269 159 305 ἦν.

97 369 106 385 ι
132 359 189 386 Καὶ
202 359 309 394 μεγάλῃ
322 359 436 394 δυνάμει
452 358 595 385 ἀπεδίδουν
610 359 640 384 τὸ
651 357 804 394 μαρτύριον
823 357 847 384 οἱ

60 415 70 431 ι
93 405 242 432 ἀπόστολοι
258 405 307 440 τῆς
327 405 504 436 ἀναστάσεως
537 404 584 431 τοῦ
615 405 718 439 Κυρίου
748 404 847 440 Ἰησοῦ,

57 461 69 478 ε
85 452 168 487 χάρις
184 460 214 478 τε
231 451 337 486 μεγάλη
353 449 386 486 ἦν
410 451 456 478 ἐπὶ
467 451 572 483 πάντας
585 451 694 483 αὐτούς.
714 452 782 478 Οὐδὲ
794 451 849 486 γὰρ

61 508 70 524 ι
96 498 192 533 ἐνδεής
204 506 247 530 τις
262 497 384 533 ὑπῆρχεν
396 497 426 524 έν
439 498 542 530 αὐτοῖς,
561 497 640 524 Ὅσοι
650 499 705 532 γὰρ
717 499 848 534 κτήτορες

58 552 70 568 ἰ
87 543 198 579 χωρίων
213 543 230 578 ἢ
247 543 342 570 οἰκιῶν
358 543 491 578 ὑπῆρχον,
510 542 663 574 πωλοῦντες
684 543 782 579 ἔφερον
797 543 847 574 τὰς

60 599 71 615 1
93 589 180 625 τιμὰς
192 590 246 616 τῶν
261 590 504 625 πιπρασκομένων.
527 599 536 616 ι

94 679 143 712 Τὸ,
164 679 325 713 ἀπεδίδουν,
350 678 477 714 καθάπερ
504 677 721 714 έγχειρισθέντας
752 678 851 710 αὐτούς

58 734 94 759 τι,
114 725 247 759 δείκνυσι,
262 727 309 753 καὶ
321 726 358 758 ὡς
370 726 435 761 περ).
447 725 604 761 ὀφλήματος
619 725 692 759 λέγει
711 725 785 752 αὐτό.
802 725 852 752 Διὰ

58 773 116 808 γὰρ
132 772 186 799 τῶν
200 772 380 808 θεοσημειῶν,
399 772 475 799 θείαν
490 772 606 808 δύναμιν
635 771 771 798 ἐδείκνυον
787 771 851 799 δντα

57 819 105 845 τὸν
122 820 154 845 ὲκ
169 818 275 854 νεκρῶν
292 818 458 846 ἀναστάντα.

100 874 110 891 ι
129 866 187 892 Καὶ
208 864 314 891 ἐτίθουν
329 864 405 900 παρὰ
424 865 488 896 τοὺς
503 864 586 896 πόδας
605 864 659 890 τῶν
684 864 850 891 ἀποστόλων.

900 265 973 293 illius
1013 263 1136 291 Davidici
1178 262 1245 290 dicti
1285 260 1402 288 imitatio
1444 263 1503 288 erat
1534 257 1686 293 :tAperis

900 316 927 338 tu
956 317 1065 337 manum
1099 314 1185 340 tuam,
1213 312 1240 335 et
1267 306 1362 342 imples
1375 313 1456 333 omne
1471 304 1572 331 animal
1589 303 1622 330 ".
1639 313 1649 329 ι

938 364 948 381 ι
967 355 1011 387 ιν,
1035 355 1080 388 55,
1097 355 1142 382 54.
1168 353 1202 380 Ει
1219 359 1316 388 magna
1331 352 1434 379 virtute
1451 350 1601 378 reddebam
1621 356 1687 384 apo-

903 411 912 428 ‹
931 401 994 428 stoli
1022 399 1208 428 testimonium
1248 396 1459 425 resurrectionis
1487 394 1594 422 Domini
1612 393 1687 424 Jesu.

903 455 913 472 ι
937 445 1078 481 gratiaque
1094 450 1191 478 magna
1204 446 1262 470 erat
1274 449 1357 476 super
1387 441 1460 476 ipsos
1477 450 1484 467 :
1503 447 1591 474 neque
1617 439 1689 466 enim

903 490 1063 525 «quispiam
1084 495 1170 523 egens
1190 491 1249 515 erat
1272 487 1345 514 inter
1370 486 1443 513 illos.
1457 484 1526 512 Nam
1553 488 1689 520 quotquot

904 545 913 561 ι
927 542 1100 570 possessores
1114 533 1278 569 praediorum
1291 536 1339 558 aut
1353 531 1451 558 aedium
1465 534 1544 558 erant
1554 530 1688 560 intereos,

904 591 913 608 ι
931 579 1233 609 vendentcsall‘ercbant
1245 578 1332 613 pretia
1352 585 1446 605 eorum
1460 584 1520 611 quae
1532 575 1690 603 vendeban~

905 634 959 656 tur.
982 637 991 653 ι

939 673 1036 704 Dictio,
1054 672 1214 704 reddebant,
1244 675 1373 705 tanquam
1409 668 1512 703 aliquid
1548 668 1631 695 fuerit
1649 668 1691 696 eis

903 717 1088 746 concreditum
1101 715 1247 752 signiﬁcat,
1259 716 1347 743 ethoc
1363 714 1447 741 veluti
1462 712 1496 740 de
1507 713 1597 741 debito
1614 713 1690 740 dicit.

904 763 971 791 Nam
981 771 1029 798 per
1037 763 1126 790 divina
1135 763 1210 798 signa
1220 761 1339 789 divinam
1351 759 1532 788 ostendebant
1541 759 1691 794 potentiam

905 810 965 845 ejus
980 811 1050 846 quia
1066 810 1183 837 mortuis
1196 808 1374 836 surrexisset.

943 866 951 882 ε
972 855 1015 890 IV,
1035 856 1080 883 35.
1110 854 1143 882 Et
1168 855 1306 890 ponebant
1322 853 1356 880 ad
1380 852 1466 888 pedes
1493 851 1692 887 apostolorum.

60 921 72 937 ι
97 911 231 938 Διεδίδοτο
262 910 290 937 δὲ
319 895 426 946 ἑκάστῳ
455 895 550 938 καθότι
576 895 609 938 ἂν
629 919 670 942 τις
685 911 779 945 χρείαν
808 908 847 936 εἷ-

945 902 1164 930 Distribuebatur
1211 906 1302 928 autem
1343 899 1460 935 singulis
1487 902 1568 935 prout
1593 897 1693 933 cuique

62 966 71 982 ε
93 965 151 991 χεν.
169 966 178 982 ι

96 1004 133 1030 Τὸ
153 1003 232 1039 παρὰ
247 1003 309 1034 τοὺς
334 1000 418 1034 πόδας
431 1004 480 1034 τὰς
495 1003 578 1038 τιμὰς
591 1002 693 1029 τιθέναι
709 1003 763 1030 τῶν
782 1003 850 1029 ἀπο-

62 1050 175 1082 στόλων,
193 1049 260 1076 ἀλλά
277 1049 315 1084 μὴ
331 1049 399 1084 πρὸς
413 1048 463 1081 τὰς
473 1050 578 1085 χεῖρας,
592 1049 641 1084 τὴν
656 1049 756 1083 πολλὴν
768 1049 851 1083 τιμὴν

62 1095 109 1121 καὶ
121 1094 265 1122 εὐλάϐειαν
284 1095 338 1121 τῶν
360 1094 554 1128 προσαγόντων
568 1094 653 1129 δηλοῖ.
669 1094 728 1120 Ὀτι
745 1094 773 1120 δὲ
802 1094 852 1120 οὐκ

62 1140 101 1170 είς
115 1139 165 1170 τὰς
181 1139 275 1174 χεῖρας
295 1139 416 1174 ἐτόλμων
440 1138 543 1171 δοῦναι,
565 1139 663 1170 αὐτοὺς
683 1139 794 1174 κυρίους
818 1137 852 1174 ἦν

64 1186 152 1212 ποιεῖν
178 1184 226 1211 καὶ
241 1184 411 1218 οἰκονόμους,
432 1185 470 1216 ὡς
487 1185 519 1211 ἑκ
544 1185 642 1211 κοινῶν
659 1184 853 1216 ἀναλίσκοντας

64 1231 195 1265 ταμείων,
216 1231 264 1257 καὶ
293 1230 330 1266 μὴ
345 1231 382 1262 ὡς
398 1229 428 1262 ἐξ
457 1230 529 1257 ίδίων
545 1230 589 1257 διὰ
612 1231 721 1266 χειρῶν,
741 1231 801 1257 Ἔτι
823 1231 854 1258 τὸ

64 1276 133 1310 πρὸς
149 1276 211 1306 τοὺς
236 1275 330 1307 πόδας,
359 1275 406 1301 καὶ
423 1275 504 1306 σέϐας
522 1275 612 1306 αὐτοῖς
628 1275 791 1310 περιεποίει,
806 1276 853 1302 καὶ

63 1320 182 1352 ὀνείδους
191 1321 292 1356 ἀφῄρει
306 1320 355 1356 τὴν
367 1320 470 1347 ἔνδειαν
481 1320 536 1347 τῶν
543 1321 728 1356 τρεφομένων.
739 1321 854 1348 Ἑδίδουν

62 1365 101 1399 δὲ,
117 1366 157 1398 ὼς
172 1366 203 1392 ὲκ
220 1365 316 1394 κοινῶν
325 1365 446 1401 ταμείων
457 1366 678 1401 χορηγουμένων.

102 1464 112 1480 ι
132 1454 228 1490 Ἰωσῆς
241 1455 269 1482 δὲ
282 1454 296 1480 ὀ
310 1454 468 1489 ἐπικληθεὶς
484 1454 626 1489 Βαρνάὸας
643 1455 695 1481 ὑπὸ
709 1455 762 1482 τῶν
787 1456 856 1482 ἀπο-

67 1510 77 1527 (
98 1500 212 1533 στόλων,
229 1501 242 1528 ὅ
256 1501 340 1534 ἐστιν,
358 1501 414 1532 υίὸς
431 1500 644 1535 παρακλήσεως,
657 1501 784 1536 Λευῖτης,
798 1501 857 1528 Κύ-

66 1557 77 1574 ε
99 1556 180 1583 πριος
204 1547 243 1582 τῷ
257 1547 341 1581 γένει,
362 1547 532 1583 ὑπάρχοντος
548 1546 630 1573 αὐτοῦ
647 1547 744 1582 ἀγροῦ,
763 1547 857 1582 πωλή-

66 1603 77 1621 r
98 1602 149 1626 σας
165 1595 265 1630 ήνεγκε
281 1593 310 1620 τὺ
326 1594 431 1629 χρῆμα,
447 1593 494 1620 καὶ
509 1593 593 1629 ἔθηκε
604 1593 680 1629 παρὰ
694 1593 757 1624 τοὺς
776 1593 858 1625 πόδας

67 1652 77 1668 ι
98 1642 153 1669 τῶν
166 1641 334 1668 ἀποστόλων.
353 1651 362 1667 ι

103 1687 216 1722 Πρῶτον
233 1687 370 1722 μέμνηται
395 1686 442 1713 τοῦ
464 1686 688 1721 κατωρθωκότος,
711 1686 795 1721 ἤγουν
811 1685 858 1711 τοῦ

71 1733 165 1769 Ἰωσῆ,
184 1734 224 1765 εἰς
248 1733 358 1768 ἔλεγχον
373 1733 484 1768 μείζονα
504 1732 638 1764 Ἀνανίου,
652 1733 692 1759 ὄτι
724 1731 858 1758 τοσούτων

65 1780 154 1806 δντων
169 1780 222 1806 τῶν
231 1780 316 1806 ταῦτα
331 1779 489 1812 ποιούντων,
508 1779 556 1806 καὶ
571 1778 707 1806 τοσούτων
725 1779 858 1813 σημείων,

66 1826 117 1852 καὶ
128 1825 261 1860 τοσαύτης
276 1826 396 1860 χάριτος,
413 1825 458 1852 ὑπ’
468 1825 573 1857 οὐδενὸς
586 1825 688 1852 τούτων
700 1824 858 1858 ἐπαιδεύθη.

66 1871 115 1906 Τῷ
131 1872 160 1898 δὲ
176 1872 255 1907 Ίωσῇ
273 1871 327 1898 amt
342 1872 396 1898 τῶν
412 1871 581 1898 Ἀποστόλων
611 1872 627 1907 ὴ
645 1870 741 1906 κλῆσις
771 1871 858 1906 ἐπρυ-

66 1917 200 1952 τανεύοη,
217 1918 365 1954 μαρτύριον
381 1917 482 1952 ἀρετῆς
497 1917 728 1952 φιλοικτίρμονος.
744 1916 860 1950 Λευῖτης

67 1964 98 1990 δὲ
109 1963 157 1995 ὢν,
174 1964 296 1999 Κύπριος
308 1962 506 1999 ἐχρημάτιζεν,
518 1963 559 1989 ὅτι
571 1963 585 1989 ὀ
598 1962 679 1998 νόμος
689 1961 740 1997 ήδη
754 1960 859 1992 ἐλύετο,

67 2010 120 2036 καὶ
137 2008 277 2044 μετῷκουν
292 2009 323 2041 ἐξ
342 2009 472 2041 Ἰουδαίας
486 2009 553 2035 ὅπου
567 2008 600 2035 ἄν
611 2017 653 2040 τις
675 2007 804 2042 βούλοιτο.
824 2007 860 2033 Τὸ

67 2057 100 2083 δὲ
111 2056 255 2091 Βαρνάϐας
266 2056 295 2089 ἐξ
308 2056 440 2087 Ἰουδαίας
456 2056 582 2091 γλώσσης
605 2056 645 2087 εἰς
666 2055 780 2082 Ἐλλάδα
794 2055 861 2082 ανα-

68 2102 270 2136 πτυσσόμενον,
297 2102 367 2129 υίὸν
383 2101 606 2136 παρακλήσεως
623 2101 762 2137 παριστᾷ,
780 2100 862 2128 οίονεὶ

68 2146 248 2182 παραμυθίας
266 2146 312 2174 καὶ
325 2146 480 2182 οἰκτιρμοῦ.
498 2148 719 2182 Προπαρασκευὴ
739 2146 768 2173 δὲ
785 2146 862 2173 τοῦτο

68 2192 120 2219 τοῦ
135 2192 206 2220 κατὰ
221 2192 347 2219 Ἀνανίαν
363 2193 410 2219 καὶ
422 2192 582 2228 Σάπφειραν
593 2192 715 2228 ὀλεθρίου
729 2192 863 2227 διηγήμα-

906 958 915 974 ‹
937 956 1004 984 opus
1016 953 1085 976 crat.
1104 958 1113 974 ι

939 995 977 1021 Ad
991 994 1072 1029 pedes
1085 993 1272 1029 apostolorum
1287 993 1376 1028 pretia
1405 998 1510 1028 ponere
1533 994 1560 1018 et
1580 997 1634 1017 non
1659 989 1693 1016 al

904 1049 1011 1072 manus,
1028 1048 1155 1076 magnum
1169 1040 1270 1068 indicat
1281 1040 1412 1067 honorem
1437 1045 1469 1066 ac
1508 1036 1692 1064 reverentiam

904 1094 997 1114 eorum
1009 1087 1055 1121 qui
1067 1086 1226 1114 aﬂ‘erebant.
1242 1085 1321 1119 Quod
1335 1090 1426 1112 autem
1436 1085 1464 1112 in
1483 1083 1612 1110 manibus
1625 1081 1694 1109 dare

904 1139 959 1160 non
971 1132 1118 1164 audebant,
1141 1135 1201 1159 erat
1218 1131 1280 1159 illos
1311 1131 1482 1158 constituere
1509 1129 1636 1157 dominos
1664 1135 1695 1155 ac

905 1179 1117 1214 dispensatores,
1128 1182 1157 1205 ut
1165 1185 1197 1205 ex
1205 1177 1332 1205 omnibus
1344 1175 1538 1212 promptuariis
1550 1181 1696 1202 consume-

907 1227 977 1256 rent,
989 1227 1016 1250 et
1043 1230 1096 1250 non
1104 1221 1158 1258 42
1180 1229 1227 1257 per
1250 1228 1346 1248 manus
1361 1221 1395 1248 de
1408 1219 1538 1255 propriis.
1559 1219 1695 1247 Praeterea

907 1271 980 1305 quod
989 1264 1091 1296 dicitur
1107 1278 1116 1294 ι
1134 1268 1166 1296 ad
1178 1268 1287 1303 pedes”
1300 1271 1327 1294 et
1337 1266 1540 1294 venerationem
1550 1266 1603 1292 illis
1612 1265 1696 1292 adde-

907 1316 965 1348 bat,
978 1321 1004 1343 et
1016 1315 1191 1351 indigentiam
1205 1321 1298 1342 eorum
1309 1314 1356 1348 qui
1371 1313 1509 1341 alerentur
1517 1313 1617 1348 probro
1626 1313 1695 1340 libe-

907 1362 995 1388 rabat.
1008 1360 1228 1388 Distribuebatur
1236 1363 1464 1394 autem_tanquam
1476 1366 1491 1386 e
1504 1359 1696 1386 communibus

909 1414 935 1437 et
949 1408 1154 1436 abundantibus
1172 1406 1376 1442 promptuariis.

948 1463 957 1480 ι
971 1453 1017 1487 ιν,
1035 1453 1079 1488 56,
1096 1453 1140 1480 57.
1157 1452 1236 1480 loses
1268 1455 1370 1484 autem,
1415 1451 1462 1485 qui
1487 1449 1697 1485 cognominatus

913 1510 922 1526 ε
941 1505 983 1528 est
996 1499 1140 1527 Barnabas
1158 1499 1191 1526 ab
1203 1498 1349 1534 apostolis,
1369 1496 1443 1532 quod
1460 1499 1514 1529 est,
1531 1495 1603 1522 ﬁlius
1632 1502 1698 1522 eon-

915 1555 924 1572 t
944 1546 1098 1578 solationis,
1113 1545 1233 1578 Levites,
1253 1543 1370 1579 Cyprius
1384 1549 1493 1578 genere,
1503 1549 1566 1569 cum
1584 1541 1698 1568 haberet

915 1602 923 1618 ι
942 1600 1049 1628 agrum,
1062 1591 1183 1618 vendidit
1196 1597 1271 1622 eum,
1283 1589 1403 1617 ctattulit
1415 1588 1543 1623 pretium,
1556 1587 1698 1622 posuitque

914 1648 923 1664 ι
946 1639 979 1665 ad
991 1637 1071 1672 pedes
1085 1636 1282 1671 apostolorum.
1304 1645 1314 1660 ι

946 1685 1066 1712 Primum
1092 1683 1152 1718 ejus
1180 1682 1302 1709 meminit
1328 1681 1374 1716 qui
1402 1681 1563 1716 praeclarum
1591 1679 1698 1708 facinus

911 1735 1040 1766 operatus
1054 1734 1107 1762 est,
1126 1736 1223 1763 nempe
1236 1728 1322 1763 ipsius
1333 1727 1408 1760 Jose,
1427 1727 1460 1755 ad
1477 1727 1609 1762 majorem
1621 1727 1697 1754 Ana-

911 1777 963 1804 niae
974 1769 1186 1804 confutationem
1203 1783 1210 1801 :
1225 1774 1312 1808 quod,
1329 1780 1390 1802 eum
1416 1773 1482 1800 tanti
1498 1775 1588 1800 essent
1601 1771 1647 1807 qui
1658 1775 1699 1798 ta.

912 1821 947 1848 lia
979 1824 1090 1856 agerent
1104 1824 1130 1846 et
1149 1823 1224 1846 tanta
1237 1818 1325 1853 signa,
1340 1821 1471 1852 tantaque
1497 1817 1596 1851 gratia,
1625 1816 1700 1843 nullo

912 1867 1011 1893 horum
1028 1868 1169 1892 correctus
1195 1863 1241 1891 sit.
1267 1862 1328 1898 Ipsa
1356 1867 1446 1890 autent
1469 1861 1534 1891 Jose
1555 1861 1700 1898 appellatio

913 1911 946 1939 ab
963 1909 1095 1946 apostolis
1133 1907 1246 1935 inducta
1265 1911 1307 1935 est
1325 1908 1352 1934 in
1372 1907 1560 1935 testimonium
1590 1906 1700 1933 virtutis

912 1958 995 1986 animi
1016 1965 1079 1992 erga
1105 1963 1240 1992 pauperes
1253 1954 1394 1990 propensi.
1413 1953 1481 1980 Cum
1494 1957 1586 1980 autem
1602 1952 1700 1980 levites

913 2003 1121 2039 esset,Cyprius
1136 2001 1294 2032 dicebatur,
1321 1999 1394 2035 quod
1413 1999 1454 2027 lex
1469 1999 1525 2034 jam
1541 1999 1631 2026 soluta
1657 2006 1702 2026 cs-

913 2055 965 2083 set,
980 2049 1131 2078 etaludaea
1145 2046 1378 2082 transmigrabant
1394 2053 1449 2081 quo
1463 2046 1579 2081 quisque
1609 2044 1699 2072 vellet.

913 2097 1002 2125 Dictio
1015 2101 1105 2124 autem
1132 2095 1272 2123 Barnabas
1288 2093 1324 2121 ab
1349 2092 1483 2120 Hebraica
1495 2092 1586 2127 lingua
1611 2090 1639 2118 in
1651 2090 1704 2117 La-

913 2143 1000 2171 tinam
1009 2142 1134 2170 traducta
1143 2141 1229 2168 tilium
1252 2138 1377 2174 designat
1386 2137 1592 2170 consolationis,
1605 2144 1702 2170 nempe

914 2190 1023 2225 pietatis
1037 2196 1102 2224 erga
1116 2194 1263 2223 pauperes.
1293 2185 1351 2212 llnc
1371 2189 1462 2211 autem
1478 2188 1607 2217 tanquam
1633 2188 1702 2216 prae-

68 2244 130 2267 τος.
161 2237 284 2272 Μιμήσει
299 2236 354 2272 γὰρ
371 2236 419 2264 καὶ
442 2226 520 2268 οὗτος
533 2226 583 2263 τοῦ
609 2226 700 2272 Ἰωσῆ,
717 2226 847 2272 τὸνγάργὺ

940 2235 1020 2263 ιόίιιπι
1035 2239 1078 2262 est
1104 2233 1137 2260 ad
1153 2231 1340 2260 narrationem
1359 2228 1522 2265 perditionis
1535 2226 1650 2254 Ananiae
1674 2230 1702 2254 et

70 2282 251 2317 ἀποδόμενος,
278 2283 315 2318 μὴ
334 2283 512 2319 καταλλήλως
540 2283 713 2318 χρησάμενος
735 2284 767 2318 τῇ
795 2283 864 2319 ἀρχῇ

71 2328 122 2355 καὶ
135 2328 175 2364 τῷ
191 2329 272 2362 τέλει,
292 2329 386 2357 ἔλαθεν
403 2329 492 2364 ἑαυτῷ
506 2328 617 2365 ὄλεθρον
632 2328 800 2364 διαθέμενος.

113 2475 123 2492 ι
140 2465 223 2501 ’Δνὴρ
239 2465 266 2493 δέ
281 2475 322 2499 τις
333 2467 456 2498 ’Λνανίας
469 2465 582 2501 ὀνόματι
597 2466 646 2492 σὺν
662 2464 805 2500 Σαπφείρῃ
830 2465 863 2500 τῇ

74 2520 86 2538 ι
106 2513 221 2546 γυναικὶ
247 2513 329 2539 αὐτοῦ
352 2512 479 2547 ὲπώλησε
494 2512 599 2548 κτῆμα,
632 2511 679 2538 καὶ
704 2509 866 2545 ἐνοσφίσατο

75 2566 86 2583 ‹
104 2557 161 2583 ἀπὸ
175 2557 223 2592 τῆς
231 2558 324 2593 τιμῆς,
339 2558 492 2590 συνειδυίας
505 2558 552 2585 καὶ
566 2558 616 2593 τῆς
630 2557 758 2592 γυναικὸς
769 2555 864 2587 αὑτοῦ,

74 2612 86 2630 ι
103 2603 152 2630 καὶ
167 2603 281 2637 ἐνέγκας
300 2603 382 2640 μέρος
408 2612 435 2630 τι
453 2603 528 2639 παρὰ
543 2603 606 2635 τοὺς
627 2602 710 2634 πόδας
729 2602 783 2629 τῶν
797 2602 867 2629 ἀπο.

76 2661 86 2677 ι
109 2651 213 2678 στόλων
225 2650 334 2686 ἔθηκεν.
353 2659 363 2676 ι

119 2697 266 2727 Ὀλοτελῶς
293 2696 348 2732 γὰρ
364 2697 515 2732 Σιτανικῆς
539 2696 637 2732 μανίας
653 2694 759 2731 μεστὸς,
777 2694 791 2720 ὸ
802 2693 866 2721 αὺθ·

74 2744 206 2779 ορμὴτως
224 2743 270 2770 καὶ
296 2743 346 2770 οὐκ
375 2743 405 2775 ἐξ
422 2743 544 2778 ἀνάγκης
559 2743 606 2770 καὶ
620 2742 680 2778 βίας
697 2741 821 2776 ἐλόμενος
837 2739 867 2766 τδ

75 2789 206 2826 χρηστὸν,
228 2789 286 2825 ἆμα
301 2790 328 2817 δὲ
344 2791 377 2826 τῇ
391 2791 463 2826 ἀρχῇ
480 2789 529 2825 τὴν
542 2789 607 2826 περὶ
630 2790 659 2816 τὸ
671 2788 772 2823 ἀγαθὸν
787 2786 862 2818 ζέσιν

124 2883 148 2899 ⁵⁸
164 2882 240 2910 Psal.
251 2889 379 2913 cxxxnv,
397 2881 440 2908 16.

203 2928 342 2959 ΡΑτιιοι.
359 2928 417 2958 Gn.
436 2925 578 2958 CXVIII.

916 2279 1067 2316 Sapphirte.
1095 2277 1164 2305 Nam
1176 2282 1203 2305 et
1215 2277 1263 2304 hic
1279 2275 1365 2311 ipsius
1379 2273 1444 2302 .Iose
1469 2272 1622 2300 imitatione
1638 2280 1703 2308 agro

916 2325 1067 2358 divendito,
1087 2331 1143 2351 non
1168 2321 1344 2350 convenienti
1373 2319 1454 2348 modo
1476 2326 1545 2346 usus
1570 2318 1704 2353 principio

917 2377 945 2401 et
964 2372 1028 2404 line,
1044 2368 1267 2406 ignoravitquod
1279 2367 1330 2396 sibi
1345 2366 1395 2402 ipsi
1408 2364 1591 2402 perditionem
1609 2363 1703 2392 conci-

918 2419 1009 2446 liaret.

957 2474 966 2490 ι
980 2463 1012 2497 V,
1028 2463 1055 2495 1,
1065 2463 1093 2490 2.
1107 2462 1155 2489 Vir
1168 2464 1258 2488 autem
1270 2458 1381 2494 quidam
1389 2456 1508 2485 Lnanias
1521 2455 1630 2484 nomine
1643 2462 1705 2482 cum

922 2521 931 2535 ι
951 2508 1085 2544 Sappbira
1112 2514 1198 2534 uxore
1217 2513 1268 2533 sua
1284 2502 1406 2532 vendidit
1442 2501 1647 2538 possessionem
1680 2503 1707 2527 et

920 2565 929 2582 ι
941 2554 1080 2582 fraudavit
1092 2552 1127 2581 de
1141 2551 1240 2588 pretio,
1254 2550 1372 2583 conscia
1404 2549 1487 2577 etiam
1504 2555 1593 2576 uxore
1602 2553 1664 2578 sua,
1680 2549 1707 2572 et

922 2611 931 2629 ι
949 2601 1057 2628 allatam
1072 2602 1178 2635 partem
1203 2596 1349 2633 quamdam
1367 2594 1460 2630 posuit
1483 2594 1516 2622 ad
1531 2593 1614 2629 pedes
1641 2598 1707 2625 apo-

922 2656 931 2674 (
950 2647 1093 2676 stolarum.
1109 2655 1118 2671 ι

956 2693 1075 2722 Omnino
1093 2691 1165 2721 enim
1184 2690 1311 2719 Satanica
1337 2689 1443 2717 insania
1458 2687 1556 2723 plenus
1577 2687 1646 2715 erat,
1661 2682 1708 2718 qui

922 2747 985 2768 cum
1001 2738 1113 2775 proprio
1135 2737 1273 2766 instinctu
1291 2739 1319 2764 et
1335 2742 1390 2763 nou
1407 2741 1441 2762 ex
1458 2731 1634 2762 necessitate,
1662 2734 1709 2756 aut

918 2787 946 2814 vi
954 2787 1042 2821 aliqua
1055 2785 1128 2821 quod
1143 2785 1246 2812 bonum
1261 2787 1302 2811 est
1315 2781 1453 2816 elegisset,
1467 2777 1551 2807 simul
1572 2780 1663 2804 tan‘en
1678 2777 1710 2803 ut

1490 2915 1511 2946 Ιι
