1864 3052
156 145 207 180 119

695 145 895 176 (ECUMENJI
906 144 1051 176 TRICCrE
1068 146 1239 177 EPISCOPI

1733 149 1782 182 120

152 207 211 231 tum
237 206 280 230 est
295 202 342 238 qui
370 201 422 237 ipsi
437 202 635 237 obtemperant.
659 202 698 228 lta
721 206 750 229 ut
765 201 846 229 etiam
864 202 887 229 si
903 201 940 229 illi

1028 203 1131 229 ὶαύτοὶ
1144 203 1288 236 πείθοιντο,
1304 202 1342 239 μὴ
1365 203 1527 240 ἀμοιρησειν
1551 204 1600 240 τῆς
1615 204 1709 232 αὐτοῦ
1733 206 1782 232 δω-

152 250 304 281 obedirent,
323 256 378 276 non
401 248 594 276 l'raudarentur
617 251 693 282 parte
720 246 785 274 doni
802 247 889 282 ipsius
906 248 940 275 ob

153 294 398 330 transgressionem
419 301 480 329 quae
493 298 603 328 propter
615 299 725 320 crucem
735 293 878 320 commissa
887 297 939 326 est,

193 349 202 365 ι
221 339 254 372 ν,
279 338 373 367 ,ιι-56.
399 338 520 373 Surgens
540 341 629 364 autem
647 336 758 372 quidam
775 337 803 365 in
823 334 950 365 concilio'

160 395 169 411 ι
191 385 354 420 Pbarismus:
378 384 488 412 nomine
514 383 665 415 Gamaliel,
692 383 760 418 legis
786 383 889 415 doctor,
913 383 940 410 in

160 440 169 456 ι
191 431 278 465 pretio
298 429 410 457 habitus
431 429 501 464 apud
526 432 611 455 totum
636 429 782 463 populum,
803 428 886 463 jussit
910 433 941 455 ut

160 485 170 502 ι
191 477 330 511 paulisper
347 475 421 503 foras
436 474 593 503 secederent
614 474 741 508 apostoli,
762 474 885 509 dixitque
905 474 940 501 ad

160 533 168 548 ι
189 523 277 550 alios:
297 522 355 550 Viri
375 521 514 554 lsraelitze,
534 521 664 548 attendite
678 520 756 548 vobis
774 521 839 554 ipsis
859 527 942 555 super

159 579 168 594 ι
190 568 346 596 hominibus
360 567 420 595 istis
435 566 501 602 quid
519 567 608 594 acturi
626 566 697 594 silis.
717 567 788 594 Ante
802 567 852 594 ltos
866 567 940 594 enim

157 624 167 640 ι
189 614 247 642 dies
270 613 376 641 exstitit
399 612 537 645 Theudas,
561 613 655 640 dicens
671 620 700 640 se
720 620 782 640 esse
797 613 914 647 aliquem
932 620 939 637 :

157 669 166 686 ι
189 660 233 687 cui
258 659 372 687 adhaesit
388 666 521 686 numerus
536 659 656 686 virorum
678 658 788 685 circiter
810 657 942 693 quadrin-

157 713 166 730 ι
187 707 329 740 geniorum
344 712 352 731 :
367 704 414 738 qui
434 703 542 730 occisus
564 708 614 735 est,
638 710 788 737 omnesque
807 706 940 738 quotquot

157 759 167 775 ι
188 750 214 777 ei
235 748 411 776 adhaerebant
432 749 555 784 dissipati
575 752 649 781 sunt,
669 752 696 775 et
714 748 747 775 ad
762 748 877 775 nihilum
896 756 940 775 re-

158 806 166 822 ι
187 796 271 823 dacti.
279 804 288 822 ι
421 791 430 798 ”

191 841 241 869 Hic
249 841 380 869 Gamaliel
402 840 477 868 Pauli
489 847 638 877 praeceptor
647 846 716 869 erat.
729 840 806 868 nunc
817 849 881 876 ergo
892 841 938 877 qui

993 249 1068 284 ρεᾶς,
1086 250 1120 285 τῇ
1141 249 1184 276 διὰ
1202 249 1248 276 τὸν
1264 249 1379 284 σταυρὸν
1396 250 1563 286 παρανομίᾳ.

1031 346 1039 362 ι
1063 337 1197 367 ’Λναστάς
1219 336 1249 362 δέ
1270 345 1312 368 τις
1327 338 1355 364 ὲν
1371 336 1409 372 τῷ
1425 337 1554 373 συνεδρίῳ
1564 338 1718 373 Φαρισαῖος
1733 337 1785 364 6‘16-

996 393 1004 408 I
1026 391 1092 417 ματι
1107 382 1260 418 Γαμαλιήλ,
1285 383 1520 419 νομοδιδάσκαλος,
1538 383 1630 418 τίμιος
1649 384 1737 410 παντὶ
1746 383 1783 418 τῷ

995 438 1005 454 ‹
1026 428 1093 463 λαῷ,
1124 428 1269 456 ἐκέλευσεν
1295 429 1347 461 ἔξω
1371 429 1455 464 βραχύ
1471 438 1498 456 τι
1523 430 1585 462 τοὺς
1613 429 1783 460 ἀποστόλους

995 484 1004 500 ‹
1022 473 1144 509 ποιῆσαι,
1169 471 1231 500 εῖπέ
1257 483 1286 501 τε
1301 474 1369 509 πρὸς
1388 474 1496 506 αὐτούς·
1515 475 1628 510 Ἄνδρες
1647 475 1783 510 Ἰσραηλῇ

995 531 1004 546 ι
1024 529 1080 553 ται,
1105 520 1253 555 προσέχετε
1269 521 1374 552 ἑαυτοῖς
1393 521 1439 547 ἐπὶ
1457 521 1514 553 τοῖς
1542 521 1705 556 ἀνθρώποις
1723 521 1783 548 τού-

995 577 1004 593 ι
1022 576 1089 600 τοις,
1102 568 1129 594 τί
1156 567 1267 602 μέλλετε
1290 568 1434 602 πράσσειν.
1460 568 1517 602 Πρὸ
1532 568 1586 603 γὰρ
1601 567 1711 594 τούτων
1733 568 1783 595 τῶν

996 624 1004 639 ι
1021 614 1132 649 ἡμερῶν
1148 614 1246 649 ἀνέστη
1269 614 1380 646 Θευδᾶς,
1394 613 1480 647 λέγων
1500 611 1570 640 εἷναί
1597 622 1662 641 τινα
1677 614 1782 640 ἑαυτὸν.

995 670 1004 685 ι
1025 657 1060 695 ᾯ
1076 659 1282 695 προσεκολλήϐη
1305 659 1421 694 ἀριθμὸς
1445 659 1551 694 ἀνδρῶν
1565 659 1631 685 ὡσεὶ
1647 667 1783 694 τετρακο-

994 715 1003 731 ι
1026 705 1100 732 σίων.
1116 707 1162 736 Ὃς
1178 705 1311 740 ἀνῃρέθη,
1326 705 1373 731 καὶ
1388 705 1488 735 πάντες
1503 705 1560 731 ὅσοι
1577 704 1724 731 ἐπείθοντο
1739 705 1785 731 αὖ·

994 761 1003 777 ι
1023 751 1061 786 τῷ
1074 750 1236 786 διελύθησαν
1252 751 1299 777 καὶ
1315 751 1440 784 ἐγένοντο
1453 751 1491 782 εἰς
1508 750 1595 777 οὐδέν.
1608 759 1617 775 ι

1026 838 1110 872 Οὗτος
1124 841 1138 866 6
1155 840 1292 875 Γαμαλιὴλ
1312 840 1326 865 6
1343 838 1389 865 τοῦ
1414 838 1520 865 Παύλου
1545 837 1711 868 διδάσκαλος
1739 835 1783 872 ἦν.

157 890 309 922 praeceptor
327 891 397 920 erat,
416 890 443 913 et
458 887 485 914 in
498 887 609 921 judiciis
625 887 690 921 legis
708 886 885 922 approbatus,
896 887 944 914 ad-

1028 895 1045 913 tv
1066 887 1226 914 διδάσκαλον
1246 886 1310 912 ὄντα
1334 886 1381 912 καὶ
1406 884 1456 916 τὰς
1482 884 1551 911 κατὰ
1569 884 1653 919 νόμον
1678 883 1784 918 κρίσεις

156 933 211 960 huc
223 939 276 960 non
290 932 410 965 credere,
427 940 582 967 quanquam
612 932 788 967 perlectenon
806 933 941 968 intellige-

156 979 208 1008 ret,
229 980 356 1003 extrema:
387 980 445 1003 erat
473 976 624 1004 dementiae.
646 975 678 1002 Et
698 977 871 1004 manifestum
900 982 943 1005 est

156 1028 189 1047 ex
211 1021 300 1049 verbis
326 1022 396 1056 ejus.
420 1029 480 1056 quae
502 1023 583 1049 etiam
607 1023 674 1049 satis
701 1023 848 1050 ostendunt
870 1024 942 1058 quod

155 1067 298 1101 prudentia
321 1068 474 1096 excelleret.
491 1067 524 1094 Et
545 1069 625 1096 etiam
655 1076 686 1095 ex
708 1068 786 1096 factis
811 1070 868 1097 suis
894 1077 941 1104 pa-

156 1116 206 1140 tet.
233 1112 301 1139 Nam
338 1113 458 1148 iubendo
479 1114 616 1148 apostolos
645 1113 706 1148 ejici
734 1122 748 1141 a
770 1115 894 1148 consilio,
914 1120 943 1142 ut

156 1158 224 1192 ipsis
242 1161 372 1186 terrorem
390 1159 536 1192 incuteret,
551 1159 670 1193 seipsum
680 1167 789 1194 quoque
804 1161 942 1196 suspicio-

156 1210 191 1230 ne
204 1203 346 1236 liberabat,
357 1211 410 1239 qua
424 1209 564 1240 putaretur
580 1204 664 1232 verba
677 1205 767 1233 facere
784 1208 810 1232 in
823 1206 940 1241 gratiam

155 1248 275 1281 illorum,
299 1250 345 1284 qui
361 1249 483 1284 ejusdem
505 1257 566 1277 cum
589 1251 649 1286 ipso
670 1256 764 1281 essent
787 1251 941 1279 sententiae.

157 1293 221 1321 ideo
239 1301 328 1329 neque
353 1302 449 1330 magna
470 1295 643 1323 vehementia
658 1305 726 1325 usus
745 1301 797 1329 est,
813 1296 861 1324 sed
881 1300 942 1323 tan-

156 1346 237 1374 quam
253 1340 410 1368 temulentis
426 1348 481 1375 pra:
495 1340 588 1369 furore
603 1342 642 1369 ait
659 1351 666 1369 :
685 1352 694 1368 ι
710 1342 847 1369 Attendite
862 1341 940 1368 vobis

156 1386 224 1420 ipsis
240 1386 304 1420 quid
321 1387 408 1414 acturi
423 1387 495 1420 sitis,
510 1398 519 1414 ι
536 1396 568 1415 ac
587 1389 611 1416 si
627 1389 731 1416 diceret
745 1398 751 1416 :
767 1388 826 1416 Non
839 1392 941 1415 temere

156 1431 293 1460 feramini.
309 1432 411 1461 Deinde
421 1441 514 1462 eorum
527 1442 636 1470 quaque
645 1434 767 1469 exempla
779 1434 806 1461 in
823 1433 940 1461 medium

157 1477 279 1510 adducit,
294 1478 339 1513 qui
354 1479 493 1514 sapienter
503 1487 534 1507 ac
551 1480 603 1508 sibi
620 1479 686 1514 ipsis
699 1479 832 1507 inutiliter
841 1486 942 1506 consu-

155 1523 241 1552 lentes
257 1528 367 1560 propter
387 1525 543 1561 ltujusntodi
567 1525 723 1560 interempti
750 1529 824 1558 sunt,
845 1533 941 1561 nempe

158 1569 295 1598 Theudam
313 1579 344 1599 ac
357 1571 454 1599 Judam
478 1571 630 1602 Galilaeum,
650 1570 696 1605 qui
717 1570 750 1598 ad
770 1571 940 1606 auspicatum

159 1615 209 1644 sibi
223 1616 369 1644 terminum
383 1610 446 1644 non.
454 1619 648 1652 pervenerunt.
662 1614 696 1641 At
711 1623 766 1643 non
780 1620 869 1644 vetera
881 1624 944 1651 pro-

159 1662 211 1690 fert
232 1664 365 1698 exempla,
385 1663 432 1692 sed
456 1663 584 1695 recentia,
602 1667 630 1690 et
652 1669 767 1698 quorum
784 1662 864 1690 multi
884 1662 944 1690 fue-

160 1713 221 1736 rant
236 1709 288 1744 ipsi
304 1713 518 1744 conspectores:
535 1712 564 1734 ut
577 1708 746 1742 experientia
760 1709 945 1741 caveat,nein

157 1755 275 1783 similem
291 1756 476 1790 exemplorum
493 1755 640 1781 terminum
655 1753 787 1780 incurrat.
799 1753 902 1781 Deinde
916 1758 945 1781 ut

157 1809 285 1830 sermone
309 1802 352 1829 his
375 1800 498 1828 emollito
520 1802 607 1826 tentet
632 1799 770 1827 auditores
794 1803 915 1827 evertere
930 1808 946 1826 a

159 1848 261 1876 damno
277 1847 410 1883 apostolis
423 1845 563 1873 inferendo
576 1853 583 1871 ι
600 1851 634 1872 ne
649 1845 794 1879 quomodo,
806 1845 828 1872 si
844 1853 875 1872 ea
886 1854 946 1880 qua;

156 1893 241 1922 Deum
259 1894 361 1921 habent
381 1890 569 1918 auxiliatorem
590 1890 649 1917 sine
679 1890 733 1917 ullo
753 1891 946 1925 impedimento

155 1939 238 1966 ﬁnem
259 1939 421 1968 sortiuntur,
447 1934 653 1969 imprudenter,
667 1935 764 1970 inquit,
787 1930 947 1972 Deo'repug-

158 1990 256 2012 nantes
277 1985 326 2011 hos
347 1982 527 2011 occidamus:
552 1985 634 2016 atque
662 1982 698 2009 ita
729 1990 782 2010 non
816 1983 947 2011 adversus

157 2029 230 2060 illos,
256 2028 305 2056 sed
322 2029 455 2054 adversus
479 2033 528 2053 nos
542 2027 617 2061 ipsos
633 2034 782 2054 armentur.
802 2027 854 2060 Qui
875 2028 947 2056 enim

157 2076 275 2102 conatur
291 2073 329 2099 rei
344 2072 398 2099 Deo
409 2071 527 2106 probatae
538 2071 687 2102 adversari,
697 2071 719 2098 is
731 2073 850 2106 seipsutn
861 2080 949 2107 oppu—

159 2126 244 2154 gnare
258 2117 395 2152 solet.52
408 2116 473 2144 Nam
491 2117 512 2144 si
530 2117 649 2145 humano
666 2118 748 2144 haeret
765 2118 890 2150 consilio,
901 2127 949 2146 su-

161 2164 264 2200 perllua
278 2167 321 2191 est
332 2163 464 2190 adversus
482 2164 557 2198 ipsos
574 2163 740 2199 indignatio:
756 2164 817 2192 ﬁnis
833 2172 950 2200 namque

955 1556 976 1584 C

995 933 1149 968 εὐδόκιμον,
1178 933 1216 967 μὴ
1239 931 1384 958 πιστεῦσαι
1400 931 1439 962 εἰς
1457 931 1526 962 τόδε,
1541 931 1565 956 εί
1579 930 1627 956 καὶ
1644 930 1684 964 μὴ
1698 929 1785 955 διόλου

995 981 1106 1012 ἐννοεῖν,
1134 978 1250 1014 ἐσχάτης
1278 979 1372 1008 ἀνοίας
1397 977 1466 1004 ὲστι.
1483 977 1539 1004 Καὶ
1561 976 1640 1011 δῆλον
1656 976 1715 1002 ἀπὺ
1733 975 1785 1001 τῶν

996 1024 1125 1060 ῥημάτων
1146 1023 1239 1056 αὑτοῦ,
1261 1023 1278 1049 ἃ
1295 1022 1341 1050 καὶ
1367 1022 1407 1048 ὅτι
1431 1022 1536 1048 συνέσει
1551 1021 1689 1056 διέφερεν,
1707 1020 1785 1046 ἱκανά

995 1071 1142 1106 παριστᾷν.
1161 1070 1216 1096 Καὶ
1234 1069 1314 1104 δῆλον
1339 1068 1367 1095 δὲ
1392 1068 1439 1094 καὶ
1459 1067 1506 1094 ἀπ’
1521 1066 1680 1094 αὐτῶντῶν
1697 1075 1786 1102 πραγ-

996 1117 1097 1151 μάτων.
1111 1115 1147 1142 Τὸ
1161 1115 1214 1150 γὰρ
1231 1114 1359 1141 κελεῦσαι
1376 1114 1438 1146 τοὺς
1460 1113 1625 1143 ἀποστόλους
1647 1112 1786 1147 ἐχὸληθῆ-

994 1170 1037 1188 ναι
1054 1161 1100 1187 τοῦ
1116 1160 1265 1194 συνεδρίου,
1290 1159 1356 1194 πρὸς
1372 1159 1400 1184 τὺ
1415 1158 1551 1193 ὲμῳόϐους
1572 1158 1673 1189 αὐτοὺς
1702 1165 1786 1184 κατιο

995 1207 1104 1241 στῆσαι,
1120 1206 1158 1232 ἔτι
1175 1207 1220 1232 καὶ
1233 1205 1322 1240 ἑαυτῴ
1341 1205 1370 1231 τὸ
1385 1204 1538 1231 ἀνύποπτον
1554 1204 1722 1239 περιεποίει,
1739 1203 1784 1229 τοῦ

996 1254 1033 1289 μὴ
1045 1253 1082 1284 ὡς
1097 1251 1271 1287 ὁμογνώμοσι
1290 1250 1479 1286 χαριζόμενον,
1494 1250 1557 1281 τοὺς
1581 1249 1680 1283 λόγους
1698 1250 1783 1275 ποιεῖ-

995 1299 1066 1326 σθαι.
1091 1298 1189 1334 Διόπερ
1209 1299 1269 1325 οὐδὲ
1292 1299 1374 1333 πολλῇ
1405 1298 1567 1333 σφοδρότητι
1587 1298 1705 1332 χρῆται,
1728 1296 1784 1323 ἀλλ’

992 1345 1029 1376 ὡς
1047 1345 1098 1370 ὑπὸ
1115 1344 1201 1378 Θυμοῦ
1224 1344 1368 1378 μεθύουσιν
1391 1343 1461 1370 οὕτω
1486 1344 1572 1378 φησί·
1601 1353 1609 1369 ι
1627 1343 1785 1378 Προσέχετε

993 1392 1100 1422 ἑαυτοῖς
1112 1391 1138 1417 τι
1158 1390 1266 1426 μέλλετε
1281 1391 1422 1425 πράττειν,
1439 1400 1447 1416 ι
1464 1390 1556 1421 οἱονεὶ,
1573 1390 1619 1424 Μὴ
1642 1389 1684 1420 ὡς
1707 1389 1786 1422 ἔτυχε

968 1437 972 1441 ”
994 1435 1120 1470 φέρεσθε.
1138 1434 1205 1462 Εἶτα
1218 1436 1265 1462 καὶ
1280 1434 1489 1470 παραδείγματα
1508 1434 1644 1465 ἀσυνέτως
1664 1434 1716 1460 ἐπὶ
1731 1434 1785 1463 τοῖς

993 1481 1124 1512 τοιούτοις
1138 1480 1317 1515 χρησαμένων
1333 1479 1379 1506 καὶ
1403 1479 1568 1510 ἀλυσιτελῶς
1581 1479 1703 1512 ἑαυτοῖς,
1717 1486 1785 1512 προ-

994 1526 1071 1561 φέρει
1103 1525 1208 1552 Θευδᾶν
1237 1526 1283 1552 καὶ
1313 1524 1412 1551 Ἰούδαν
1441 1525 1486 1551 τὸν
1511 1524 1666 1556 Γαλιλαῖον,
1696 1524 1723 1550 οἳ
1748 1523 1784 1558 μὴ

995 1572 1063 1607 πρὸς
1077 1572 1164 1598 αἴσιον
1181 1571 1287 1603 ἑαυτοῖς
1308 1570 1473 1605 ὲκὸεὸήκασι
1493 1570 1589 1605 πέρας.
1615 1571 1651 1597 Οὐ
1680 1569 1784 1596 παλαιὰ

995 1618 1022 1644 δὲ
1038 1618 1072 1645 τὰ
1092 1617 1312 1653 παραδείγματα,
1327 1616 1395 1644 ἀλλὰ
1414 1617 1506 1652 νεαρὰ,
1524 1617 1570 1643 καὶ
1594 1614 1630 1643 ὧν
1647 1616 1784 1643 αὐτόπται

996 1665 1098 1692 πολλοί.
1121 1665 1166 1696 Ὠς
1183 1665 1216 1691 ἂν
1231 1665 1248 1700 ὴ
1264 1665 1356 1700 πεῖρα,
1371 1665 1401 1691 τὸ
1420 1665 1457 1699 μὴ
1473 1663 1541 1698 πρὸς
1563 1663 1655 1698 ὅμοιον
1683 1669 1785 1689 καταν-

995 1710 1078 1745 τῆσαι
1103 1711 1190 1745 πέρας
1214 1710 1366 1745 φυλάξηται
1384 1710 1438 1736 τῶν
1454 1709 1686 1744 παραδειγμάτων
1699 1716 1707 1723 ’
1726 1707 1785 1733 εἶτα

997 1757 1034 1788 ὡς
1049 1756 1155 1787 τούτοις
1171 1756 1333 1791 ἐξομαλίσας
1353 1757 1400 1782 τὸν
1424 1756 1513 1790 λόγον,
1528 1755 1676 1789 ἀποστῆναι
1689 1754 1787 1789 πειρὰ-

998 1811 1078 1837 σηται
1090 1803 1153 1833 τοὺς
1168 1802 1306 1836 ἀκροατὰς
1324 1800 1375 1836 τῆς
1398 1801 1466 1827 κατὰ
1482 1800 1535 1826 τῶν
1551 1800 1786 1833 ἀποστόλωνρπι-

997 1849 1105 1884 ὃουλῆς,
1125 1849 1233 1883 μήπως,
1246 1848 1271 1874 εί
1295 1847 1363 1881 πρδς
1382 1847 1578 1881 ἀνεμπόδιστον
1599 1847 1785 1881 ἀφώρμηνται

998 1893 1084 1925 τέλος,
1097 1894 1168 1928 ἅπερ
1182 1893 1238 1928 ἔχει
1259 1892 1325 1919 Θεὸν
1341 1891 1522 1926 συλλήπτορα,
1532 1891 1672 1924 λάθοιμεν,
1690 1891 1783 1925 φησὶν,

998 1939 1043 1965 ἐπὶ
1061 1938 1209 1974 θεομαχίαν
1230 1936 1474 1967 ἀποτελευτῶντες,
1497 1936 1544 1961 καὶ
1559 1935 1645 1966 οὕτως
1671 1935 1702 1960 οὐ
1726 1936 1784 1961 κατ’

998 1984 1108 2011 ἐκείνων
1136 1983 1204 2010 ἀλλά
1231 1983 1292 2009 καθ’
1317 1981 1420 2008 ἑαυτῶν
1444 1981 1616 2015 ὁπλιζόμενοι
1632 1979 1786 2014 πεφυκότος

998 2030 1044 2057 τοῦ
1055 2029 1123 2056 κατὰ
1131 2029 1177 2056 τοῦ
1186 2029 1224 2064 τῷ
1233 2029 1292 2064 Θεῷ
1301 2028 1440 2058 δοκοῦντος
1454 2027 1559 2062 βάλλειν
1569 2025 1783 2060 ἐπιχειροῦντος,

999 2077 1038 2108 εἰς
1063 2076 1094 2102 τὸ
1111 2075 1172 2102 καθ’
1188 2075 1286 2102 ἑαυτοῦ
1309 2075 1456 2109 καταντᾷν.
1474 2074 1505 2099 Εἰ
1532 2073 1585 2107 γὰρ
1611 2071 1785 2105 ἀνθρωπίνης

999 2121 1086 2156 ὁρμῆς
1101 2120 1202 2156 ἔχεται,
1220 2120 1334 2156 περιττὴ
1359 2120 1375 2155 ἡ
1398 2120 1457 2146 κατ’
1475 2116 1564 2144 αὐτῶν
1587 2116 1782 2150 ἀγανάκτησις.

1000 2168 1040 2203 Τῇ
1063 2167 1117 2202 γὰρ
1139 2167 1210 2202 ἀρχῇ
1236 2167 1283 2193 καὶ
1296 2167 1310 2193 6
1327 2165 1479 2200 ἀφανισμὺς
1495 2163 1652 2197 σύνδρομος,
1664 2160 1737 2195 ὧσγε
1752 2159 1783 2186 τὰ

163 2218 193 2237 ac
207 2210 266 2244 ejus
289 2216 304 2236 e
319 2209 410 2237 medio
432 2209 552 2237 sublatio
568 2210 693 2238 similiter
713 2210 840 2245 procedet
859 2215 889 2237 ιιι
900 2211 944 2238 ini

1028 2212 1209 2247 ιραδεὶγματα
1227 2210 1425 2238 ὑπαινιττεται.
1442 2209 1499 2236 Οὐκ
1514 2206 1574 2234 εἷπε
1586 2207 1613 2234 δὲ
1625 2205 1781 2252 «poem/(Its.

161 2257 241 2288 tium,
258 2260 337 2290 prout
352 2256 475 2289 exempla
496 2256 684 2284 subindicant.
702 2256 760 2283 Non
779 2260 867 2284 autem
891 2264 950 2284 ma-

161 2302 262 2329 nifeste
274 2300 342 2328 dixit
356 2300 544 2335 apostolorum
561 2301 673 2334 factum,
685 2292 730 2328 Dei
746 2305 792 2328 aut
806 2301 947 2328 hominum

163 2352 268 2374 motum
278 2354 339 2374 esse
353 2346 535 2379 consilio,sed
548 2346 684 2381 ambigue.
699 2345 802 2374 Etenim
814 2347 836 2374 si
848 2354 880 2374 ex
894 2347 950 2375 Deo

164 2393 289 2423 dixisset,
303 2392 429 2426 protinus
451 2391 490 2418 illi
514 2392 768 2420 contradixissent:
788 2393 810 2419 si
830 2400 894 2420 vero
916 2400 949 2419 ex

165 2438 332 2469 hominibusl
362 2445 471 2465 rursum
493 2442 632 2472 promptos
657 2438 789 2465 adversus
814 2437 950 2472 apostolos

165 2484 340 2512 reddidisset.
351 2484 500 2519 Propterea
515 2484 653 2519 sapienter
666 2488 815 2518 temperato
826 2491 951 2511 sermone

169 2532 248 2560 linem
263 2531 550 2566 exspectarejubet,et
564 2538 617 2558 non
630 2534 733 2558 temere
745 2530 809 2557 ferri
820 2529 950 2556 adversus

167 2586 223 2606 rem
239 2585 300 2612 quae
315 2578 464 2612 ignoretur.
486 2577 537 2610 Qui
557 2577 630 2604 enim
651 2581 752 2611 pugnat
773 2575 904 2603 adversus
925 2574 950 2601 id

167 2625 239 2659 quod
257 2624 311 2652 Deo
322 2624 462 2659 probatur,
485 2631 539 2650 non
557 2623 634 2655 illud,
651 2622 698 2649 sed
714 2622 833 2656 seipsutn
851 2621 949 2656 perdit.

168 2669 274 2698 Etenim
289 2671 311 2697 si
329 2669 478 2696 humanum
491 2673 543 2701 est,
559 2669 656 2703 inquit,
669 2667 734 2702 quid
750 2666 827 2693 vobis
840 2673 952 2693 necesse

169 2719 210 2742 est
237 2715 372 2744 facessere
397 2715 562 2749 negotium?
583 2714 605 2741 si
623 2720 688 2741 vero
709 2712 842 2743 divinum,
863 2719 952 2746 neque

169 2762 304 2796 susceptis
323 2762 455 2789 molestiis
474 2761 598 2796 poteritis
620 2760 711 2795 ipsum
734 2759 899 2790 dissolvere,
924 2762 952 2786 et

168 2806 206 2832 ita
224 2813 278 2833 non
294 2806 400 2834 videtur
414 2811 514 2835 temere
536 2805 739 2842 procedendum
761 2804 891 2832 adversus
907 2812 950 2832 res

170 2859 230 2886 qua!
244 2852 413 2886 ignorantur.

1000 2260 1030 2285 τὸ
1044 2258 1097 2285 τῶν
1113 2257 1269 2285 ἀποστόλων
1286 2257 1320 2283 ὲκ
1345 2255 1424 2288 Θεοῦ,
1439 2255 1455 2290 ἢ
1473 2254 1503 2286 ἐξ
1525 2252 1676 2288 ἀνθρώπων
1694 2250 1782 2286 ὁρμῆς

1001 2304 1173 2339 κεκινῆσθαι,
1191 2303 1248 2329 ἀλλ’
1263 2301 1462 2333 ὲνδοιαστικῶς.
1476 2301 1506 2327 Εἰ
1524 2300 1572 2335 μὲν
1587 2300 1641 2334 γὰρ
1654 2298 1731 2324 εἶπεν
1744 2297 1782 2322 ὅτι

1000 2351 1033 2377 ὲκ
1043 2349 1122 2381 Θεοῦ,
1138 2348 1281 2381 ἀντέλεγον
1299 2346 1331 2373 ἂν
1347 2345 1448 2376 εὐθέως
1462 2345 1569 2371 ἐκεῖνοι.
1585 2344 1615 2369 Εἰ
1630 2342 1658 2368 δὲ
1682 2341 1712 2372 ἐξ
1737 2340 1782 2366 ἀν-

1002 2395 1130 2430 θρώπων,
1146 2393 1310 2429 προχείρους
1327 2392 1408 2419 πάλιν
1424 2391 1512 2417 ἐποίει
1528 2389 1628 2419 αὐτοὺς
1649 2386 1720 2414 κατὰ
1731 2384 1781 2411 τῶν

1001 2440 1168 2467 ἀποστόλων.
1196 2439 1244 2465 Διὰ
1261 2438 1340 2465 τοῦτο
1363 2437 1451 2471 σοφῶς
1466 2436 1511 2462 τὸν
1536 2435 1614 2468 λόγον
1639 2430 1781 2464 οίκονομή-

1003 2494 1061 2517 σας.
1081 2486 1236 2520 περιμεῖναι
1251 2484 1280 2510 τὸ
1294 2484 1368 2514 τέλος
1391 2481 1507 2513 κελεύει,
1521 2480 1567 2506 καὶ
1581 2479 1618 2513 μὴ
1642 2475 1780 2512 προπετῶς

1002 2531 1072 2558 κατὰ
1097 2531 1259 2565 πράγματος
1279 2529 1461 2563 ἀγνοουμένου
1489 2523 1715 2561 φέρεσθαι.,ῐῐρὸς
1731 2522 1781 2554 γάρ

1002 2577 1031 2603 τὺ
1056 2576 1094 2610 τῷ
1125 2576 1184 2610 Θεῷ
1207 2575 1301 2602 δοκοῦν
1318 2576 1332 2601 6
1349 2574 1511 2609 μαχόμενος,
1541 2572 1589 2597 οὐκ
1616 2565 1779 2599 ἐκεῖνο,ἀλλ“

1002 2623 1096 2649 ἑαυτὸν
1119 2622 1258 2648 καταλύει.
1275 2622 1305 2646 Εἰ
1333 2621 1381 2655 μὲν
1397 2620 1450 2653 γὰρ
1465 2618 1649 2652 ἀνῆρώπινον,
1665 2615 1741 2650 φησὶ,
1758 2611 1780 2637 τί

1002 2669 1041 2695 δεῖ
1058 2669 1226 2703 πραγμάτων
1241 2667 1323 2701 ὑμῖν;
1340 2665 1363 2691 εἰ
1384 2665 1411 2691 δὲ
1429 2664 1509 2696 θεῖον,
1523 2663 1583 2689 οὐδὲ
1602 2661 1670 2697 μετὰ
1693 2664 1776 2703 πραγ-

1004 2715 1095 2749 μάτων
1106 2702 1252 2748 δυνήσεσϐε
1269 2711 1334 2738 αὐτὸ
1355 2709 1516 2741 καταλῦσαι,
1536 2708 1574 2739 ὡς
1591 2708 1628 2742 μὴ
1643 2702 1780 2742 προπετῶς

1002 2762 1076 2794 δόξαν.
1089 2761 1159 2788 κατὰ
1175 2759 1344 2795 πραγμάτων
1361 2757 1547 2793 ἀγνοουμένων
1556 2756 1667 2791 χωρεῖν.
