1864 3052
92 142 161 177 121

601 145 792 177 COMMENT.
814 146 854 177 IN
871 146 965 178 ACTA
983 148 1269 182 APOSTOLORUM.

1679 158 1730 190 1'22

147 208 157 224 t
176 198 257 226 Μετὰ
268 198 362 226 τοῦτον
381 198 480 234 ἀνέστη
501 198 602 231 Ἰούδας
617 201 632 226 ὁ
643 200 783 232 Γαλιλαῖος
791 201 820 227 ὲν
835 201 891 232 ταῖς

984 213 994 230 ‹
1017 204 1049 232 ν.
1065 205 1109 238 57,
1123 205 1168 235 58.
1178 205 1243 234 Post
1258 206 1332 235 hunc
1345 206 1449 235 exstitit
1463 207 1546 237 Iudas
1562 209 1687 240 Gnlilaeus
1703 214 1732 241 in

99 253 116 269 σ
143 243 263 280 ἡμέραις
275 244 327 279 τῆς
339 245 513 281 ἀπογραφῆς,
534 246 581 273 καλ¹
602 246 739 282 ἀπέστησε
750 246 814 273 λαὸν
834 247 895 273 ἰκα-

103 298 119 314 c
141 289 187 316 νον
199 289 287 316 ὀπίσω
301 290 394 317 αὐτοῦ.
412 291 547 322 Κάκεῖνος
561 291 694 319 ἀπώλετο.
718 291 774 318 Kal.
795 291 896 323 πάντες

101 344 120 361 α
143 336 202 362 ὅσοι
215 335 354 362 ἐπείθοντο
369 335 444 372 αὐτῷ
460 337 717 372 διεσκορπίσθησαν.
733 337 789 364 Καὶ
801 336 835 364 τὰ
848 337 896 364 νῦν

99 389 117 405 σ
138 381 212 414 λέγω
221 380 294 416 ὑμῖν.
306 389 315 406 ι
468 375 490 397 4

148 426 286 453 Ἐοίκασιν
300 427 324 453 oi
344 427 480 454 Γαλιλαῖοι
495 427 565 454 κατὰ
579 428 643 459 τοὺς
655 428 766 463 χρόνους
779 428 895 456 Πιλάτου

99 471 315 505 ὲστασιακέναι,
330 472 462 506 δόγμασιν
489 473 616 507 ἑπόμενοι
638 473 725 501 Ἰούδα
750 473 796 500 τοῦ
818 474 896 501 Γαλισ

92 515 192 549 λαίου.
202 514 257 544 Ἦν
267 517 296 543 δὲ
312 518 342 544 τὸ
354 518 441 552 δόγμα
452 518 498 544 τοῦ
521 518 616 552 Ἰούδα,
638 519 676 550 ὠς
693 520 740 546 καὶ
760 519 894 555 Ἰώσηπος

93 561 133 587 ἑν
157 563 215 594 τοῖς
238 563 402 595 τελευταίοις
431 565 480 599 τῆς
501 564 664 600 Ἰουδαϊκῆς
678 566 894 601 ἀρχαιολογίας

94 608 218 642 ἔδειξεν,
237 609 388 643 φαντασίαν
413 611 606 644 ὲξαποστιίλλον
628 611 728 647 πολλὴν
751 612 784 639 δι’
816 612 894 639 εὐσέ-

93 654 184 681 εειαν
203 655 336 687 εὐτονίας.
361 655 462 692 Κύριον
485 657 540 692 γὰρ
567 657 635 692 μηδὲ
660 658 741 693 μέχρι
760 658 894 693 στόματος

94 701 210 735 ἔφασκε
224 701 279 727 δεῖν
298 710 358 728 τινα
371 701 470 735 λέγειν,
488 702 554 737 μηδὲ
575 703 647 730 κατά
672 711 732 729 τινα
747 703 830 739 τιμὴν
844 704 892 730 καὶ

95 746 316 782 φιλοφροσύνην.
334 747 411 773 Οὕτω
427 747 455 773 δὲ
475 747 542 782 μηδὲ
563 747 607 782 τον
625 748 810 783 βασιλεύοντα.
837 749 893 776 Kal.

93 791 198 817 πολλοί
211 800 242 826 γε
259 791 348 818 αὐτῶν
365 791 409 818 διὰ
433 791 462 817 τὸ
479 791 516 826 μὴ
531 793 617 819 εἰπεῖν
637 792 763 828 Καίσαρα
785 793 891 828 κύριον,

92 837 301 871 χαλεπωτάτας
327 837 419 868 αἰκίας
445 837 605 871 ὑπέμειναν.
622 838 653 865 Οἳ
679 839 726 864 καὶ
743 838 890 871 ἐδίδασκον,

949 258 960 276 ι
982 249 1079 278 diebus
1093 251 1297 286 descriptionis,
1322 256 1349 280 et
1367 253 1483 281 multum
1503 255 1601 283 avertit
1620 261 1681 292 post
1703 266 1733 285 se

948 305 958 322 ι
980 296 1108 332 populum
1126 304 1133 324 :
1154 297 1254 333 illeque
1275 299 1366 334 periit,
1382 304 1409 327 et
1425 305 1561 336 quotquot
1579 309 1732 338 paruerunt

948 350 957 367 I
978 341 1002 369 ei
1018 341 1140 377 dispersi
1165 347 1239 370 sunt.
1256 342 1290 369 Et
1303 342 1337 371 de
1352 344 1435 374 rebus
1463 347 1644 382 praesentibus
1670 349 1732 377 dico

948 395 958 412 ε
976 387 1064 416 vobis.
1085 397 1094 414 ι

981 432 1136 461 Verisimile
1148 438 1189 462 est
1203 434 1329 464 Galilaeos
1340 437 1510 472 temporibus
1525 437 1605 466 Pilati
1621 439 1648 466 in
1661 440 1733 467 sedi-

946 477 1046 505 tionem
1059 483 1148 507 motos
1162 479 1257 513 fuisse,
1267 480 1394 516 dogmata
1410 487 1556 518 sequentes
1568 484 1645 512 Judaa
1658 485 1732 513 Gali—

945 522 998 550 hei.
1013 522 1114 558 Dogma
1135 529 1225 552 autem
1240 524 1320 553 Iudae
1340 532 1422 562 prout
1444 528 1525 555 etiam
1551 528 1686 564 Iosephus
1703 530 1730 558 in

948 569 1094 602 postremis
1119 569 1316 604 Antiquitatum
1349 571 1471 600 Iudaici:
1502 573 1620 602 historice
1654 575 1731 602 libris

944 613 1105 647 ostendit“,
1117 614 1229 642 multam
1246 623 1301 650 prae
1317 623 1346 643 se
1359 616 1730 655 ferebatambitionem,pro-

943 662 1004 692 pter
1023 659 1213 687 strenuitatem
1230 661 1382 696 religionis.
1406 663 1518 691 Dicebat
1535 665 1606 692 enim
1624 666 1729 693 nullum

943 707 1070 738 oportere
1085 705 1128 732 vel
1152 713 1199 733 ore
1215 711 1293 734 tenus
1308 706 1454 735 Dominum
1473 710 1620 744 appellare,
1641 718 1731 746 neque

943 749 1024 777 ullius
1035 749 1149 778 honoris
1164 755 1211 778 aut
1223 752 1420 780 benevolentia:
1437 755 1574 788 gratia,et
1589 755 1626 782 ita
1640 763 1730 790 neque

942 802 1003 822 eum
1026 795 1072 830 qui
1101 803 1185 831 regno
1211 797 1354 832 potiretur.
1383 798 1415 825 Et
1437 799 1516 826 multi
1543 799 1676 834 ipsorum,
1695 808 1730 827 ne

944 840 1079 868 Caesarem
1101 841 1242 869 dominum
1268 847 1409 876 vocarent,
1429 844 1584 873 miserrima
1606 848 1730 881 perpessi

97 882 143 917 μὴ
170 882 226 908 δεῖν
250 881 324 917 παρὰ
348 882 398 913 τὰς
424 882 636 917 διατεταγμένας
647 884 675 910 ὲν
691 882 729 918 τῷ
745 884 819 918 νόμῳ
831 884 891 910 Μω-

979 889 1010 912 ιιι
1025 887 1169 921 supplicia.
1180 887 1210 914 lli
1220 888 1300 916 etiam
1313 888 1447 917 docebant
1457 898 1511 918 non
1525 895 1650 926 oportere
1662 892 1730 920 alias
1770 887 1774 891 ”

95 929 185 961 σέως,
203 928 298 959 θυσίας
315 928 411 964 ἑτέρας
435 928 616 964 ἀναφέρεσθαι
641 928 679 963 τῷ
701 929 770 964 Θεῷ.
793 929 890 965 Διόπερ

94 974 152 1001 καὶ
165 974 285 1000 ἐκώλυον
300 974 351 1005 τὰς
365 973 418 1000 ὑπὸ
431 974 479 1008 τῆς
492 975 637 1009 γερουσίας
658 974 705 1000 τοῦ
721 974 786 1001 λαοῦ
800 983 890 1010 παρα-

94 1020 250 1054 δεδομένας
273 1020 394 1054 γίνεσθαι
411 1019 476 1054 ἰτερὶ¹
491 1020 540 1055 τῆς
554 1021 690 1055 σωτηρίας
701 1021 747 1046 τοῦ
760 1021 890 1055 βασιλέως

93 1064 150 1092 καὶ
166 1064 213 1090 τοῦ
234 1064 377 1099 Ῥωμαίων
402 1063 505 1095 ἔθνους.
536 1064 614 1095 Εἰκὸς
641 1062 688 1091 οὖν
713 1065 758 1091 ἐπὶ
787 1065 891 1096 τούτοις

93 1109 311 1145 ἀγανακτοῦντα
325 1109 394 1144 πρδς
406 1109 564 1140 Γαλιλαίους
580 1110 625 1136 τὸν
637 1109 751 1136 Πιλᾶτον
764 1110 890 1137 κελεῦσαι

93 1156 167 1191 παρ’
185 1157 282 1187 αὑταῖς
299 1153 343 1187 αἷς
359 1155 468 1182 ἐδόκουν
487 1155 557 1183 κατὰ
574 1155 618 1183 τὸν
631 1156 712 1190 νόμον
725 1157 890 1191 προσφέρειν

95 1202 211 1233 ίὶυσίαις
226 1202 325 1233 αὐτοὺς
348 1201 533 1237 ἀναιρεθῆναι.
560 1202 603 1233 Ὧς
627 1202 689 1228 τότε
706 1203 890 1237 ἀναμιχθῆναι

93 1249 161 1279 ταῖς
185 1247 421 1283 προσφερομέναις
435 1247 541 1279 θυσίαις
559 1247 589 1273 τὺ
600 1245 668 1282 αἷμα
686 1247 740 1274 τῶν
752 1257 891 1283 προσαγοο

96 1292 206 1325 μένων,
219 1292 290 1320 καθὰ
306 1293 352 1319 καὶ
366 1293 396 1319 ὲν
410 1291 449 1327 τῷ
464 1292 534 1319 κατὰ
546 1293 653 1320 Λουκᾶν
669 1293 827 1329 Εὐαγγελίῳ
840 1294 890 1328 ἑμ-

94 1338 226 1373 φέρεται.

137 1393 147 1409 ι
176 1384 325 1419 Ἀπόστητε
350 1384 404 1411 ἀπὸ
430 1384 484 1411 τῶν
515 1384 666 1420 ἀνθρώπων
693 1385 808 1419 τούτων,
844 1388 890 1414 καὶ

98 1440 108 1455 ε
128 1430 229 1456 ἐάσατε
257 1430 366 1462 αὐτούς.
388 1430 449 1456 Ὀτι
463 1430 510 1456 ἐὰν
556 1431 585 1463 ἐξ
607 1431 759 1466 ἀνθρώπων
774 1433 790 1467 ἡ
808 1432 889 1468 βουλὴ
905 1434 909 1437 ’

99 1485 109 1500 ι
132 1474 150 1510 ἦ
168 1475 198 1501 τὺ
213 1474 293 1510 ἔργον
308 1475 398 1508 τοῦτο,
423 1475 649 1511 καταλυθήσεται.
668 1477 698 1502 Εἰ
721 1477 749 1503 δὲ
768 1478 800 1504 ἐκ
822 1477 889 1504 Θεοῦ

96 1529 108 1546 ς
131 1521 217 1552 ἐστιν,
229 1521 260 1546 οὐ
274 1520 419 1556 δυνήσεσθε
439 1520 588 1547 καταλῦσαι
607 1521 683 1554 αὐτὸ,
703 1523 740 1557 μή
764 1531 829 1550 ποτε
844 1524 890 1550 καὶ

99 1575 109 1590 ε
130 1566 264 1600 θεομάχοι
285 1566 428 1601 εὑρεθῆτε.
460 1566 641 1602 Ἐπείσθησαν
673 1568 701 1594 δὲ
719 1568 805 1602 αὐτῷ.
835 1569 890 1596 Kal.

96 1620 107 1636 ί
128 1611 382 1646 προσκαλεσάμενοι
393 1611 456 1643 τοὺς
469 1612 644 1644 ἀποστόλους,
662 1613 802 1648 δείραντες
819 1622 890 1649 παρ-

98 1664 110 1681 (
133 1656 266 1691 ήγγειλαν
283 1656 321 1692 μὴ
344 1656 433 1683 λαλεῖν
463 1657 510 1684 ἐπὶ
524 1657 563 1692 τῷ
578 1658 690 1692 ὀνόματι
716 1658 763 1685 τοῦ
785 1659 884 1694 Ἰησοῦ.

98 1711 108 1726 ι
130 1701 188 1728 Καὶ
202 1702 340 1728 ἀπέλυσαν
352 1702 460 1734 αὐτούς.
476 1703 506 1729 Οἱ
531 1704 580 1737 μὲν
590 1703 637 1730 οὖν
652 1704 815 1739 ἐπορεύοντο
834 1705 891 1739 χαί-

98 1757 107 1772 (
134 1755 228 1782 ροντες
244 1747 298 1774 ἀπὸ
310 1747 455 1783 προσώπου
472 1749 519 1774 τοῦ
536 1749 685 1784 συνεδρίου,
703 1750 744 1776 ὅτι
759 1750 828 1785 ὑπὲρ
843 1750 888 1776 τοῦ

99 1804 109 1819 ι
129 1793 263 1828 ὀνόματος
287 1794 371 1820 αὐτοῦ
389 1794 598 1830 κατηξιώθησαν
623 1795 817 1830 ἀτιμασθῆναι.
833 1797 889 1823 Πᾶ-

99 1849 108 1864 ι
131 1839 184 1865 σαν
207 1847 236 1865 τε
266 1839 369 1874 ἡμέραν
395 1840 424 1865 ὲν
444 1839 483 1874 τῷ
510 1840 576 1876 ιερῷ
602 1841 648 1867 καὶ
673 1841 732 1868 κατ’
747 1839 821 1868 οἶκον
841 1842 890 1869 οὐκ

101 1894 110 1909 ι
120 1914 123 1916 ,
133 1884 269 1911 ἐπαύοντο
283 1884 454 1916 διδάσκοντες
466 1886 513 1913 καὶ
525 1886 762 1922 εὐαγγελιζόμενοι
786 1887 890 1922 Ἰησοῦν

100 1929 167 1957 «τον
183 1930 311 1964 Χριστόν.
328 1940 337 1956 ι

136 1976 196 2001 Οὐκ
209 1973 284 2001 εἶπεν
299 1976 340 2002 ὅτι
355 1977 387 2002 ὲκ
403 1976 470 2002 Θεοῦ
493 1978 578 2010 ἐστιν,
603 1977 661 2004 ἀλλ’
676 1978 731 2004 οὐδ’
748 1978 888 2012 ἀνθρώπι-

97 2029 146 2046 νον
160 2019 191 2046 τὸ
207 2019 296 2055 ἔργον.
317 2020 389 2055 Πρὸς
405 2021 458 2055 γὰρ
476 2021 506 2047 τὺ
530 2022 562 2048 ἐκ
582 2021 661 2054 Θεοῦ,
680 2021 761 2053 εὐθὺς
787 2023 885 2049 ἐκεῖνοι

906 1547 927 1576 C

942 937 1039 966 prmter
1064 933 1219 968 assignatas
1244 934 1269 962 in
1294 934 1351 970 lege
1366 935 1449 963 Mosis
1465 936 1590 964 victimas
1608 937 1731 965 exhiberi

943 977 1007 1010 Deo,
1024 978 1138 1014 ideoque
1154 979 1334 1014 prohibebant
1355 981 1472 1009 traditas
1489 990 1502 1008 τι
1519 987 1613 1010 senatu
1631 990 1663 1009 ac
1683 990 1733 1018 po—

943 1023 1008 1057 pulo
1025 1024 1082 1051 ﬁeri
1106 1032 1155 1059 pro
1173 1025 1262 1052 salute
1281 1026 1352 1061 regis
1371 1034 1402 1053 ac
1421 1028 1510 1062 gentis
1532 1027 1729 1055 Romanorum.

942 1069 1096 1097 Verisimile
1118 1078 1183 1105 ergo
1202 1076 1243 1098 est
1262 1071 1377 1099 Pilatum
1403 1078 1514 1108 propter
1536 1074 1588 1101 ista
1612 1073 1730 1101 Galilznis

943 1115 1111 1149 indignatum
1128 1115 1259 1150 jussisse,
1278 1118 1348 1144 inter
1367 1119 1501 1146 Sacriﬁcia
1519 1126 1580 1153 quae
1596 1119 1674 1153 juxta
1691 1120 1730 1146 lc-

942 1166 1001 1193 gem
1029 1158 1126 1186 ollcrre
1153 1160 1327 1194 videbantur,
1353 1162 1426 1196 ipsos
1450 1163 1568 1190 interimi
1586 1171 1593 1189 :
1610 1167 1640 1190 ut
1663 1168 1729 1190 tunc

943 1204 1044 1231 mistus
1061 1205 1097 1231 sit
1112 1205 1211 1233 oblatis
1228 1198 1325 1233 hostiis
1343 1208 1454 1242 sanguis
1468 1214 1563 1235 eorum
1580 1209 1624 1243 qui
1640 1209 1731 1243 capie-

941 1249 1050 1281 bantur,
1066 1255 1145 1285 prout
1161 1251 1242 1278 etiam
1258 1252 1457 1288 inzﬁvangelio
1473 1253 1550 1288 juxta
1567 1253 1668 1281 Lucam
1687 1261 1731 1281 rc-

945 1294 1034 1322 fertur
1045 1295 1080 1322 ⁸⁵.

977 1383 1029 1419 53
1046 1393 1055 1410 ι
1075 1383 1107 1416 ν,
1124 1384 1220 1411 58-42.
1236 1384 1377 1412 Abstinete
1393 1384 1427 1412 ab
1444 1384 1600 1412 hominibus
1617 1384 1687 1417 istis,
1704 1388 1731 1412 et

945 1439 954 1455 ι
976 1430 1061 1457 sinite
1074 1430 1147 1457 illos.
1162 1430 1229 1457 Nam
1243 1431 1266 1458 si
1282 1431 1364 1458 fuerit
1379 1439 1410 1458 ex
1423 1431 1577 1458 hominibus
1585 1431 1731 1458 consilium

945 1484 954 1501 ι
977 1480 1023 1502 aut
1038 1483 1108 1511 opus
1124 1476 1187 1509 hoc,
1197 1476 1363 1503 dissolvetur
1376 1485 1382 1503 :
1404 1477 1445 1504 sin
1457 1480 1547 1504 autem
1562 1485 1594 1503 ex
1609 1476 1662 1503 Deo
1677 1480 1730 1508 est,

946 1530 955 1546 (
979 1529 1032 1548 non
1053 1522 1177 1556 poteritis
1192 1522 1259 1549 illud
1280 1522 1440 1554 dissolvere,
1451 1530 1485 1550 ne
1498 1522 1607 1557 quando
1625 1526 1652 1549 et
1676 1521 1731 1549 Deo

948 1576 957 1592 ‹
980 1575 1132 1601 repugnare
1155 1567 1341 1602 reperianiini.
1359 1567 1486 1596 Persuasi
1506 1571 1571 1595 sunt
1592 1571 1683 1594 autem
1697 1567 1731 1593 ab

947 1621 956 1638 ι
978 1619 1020 1640 eo.
1036 1612 1158 1647 Cumque
1172 1613 1352 1640 advocassent
1368 1612 1518 1647 apostolos,
1533 1612 1611 1639 cwsis
1628 1619 1730 1646 prmce-

947 1667 955 1682 ι
981 1661 1080 1692 perunt
1097 1665 1131 1685 ne
1147 1658 1325 1692 loquerentur
1343 1658 1369 1684 in
1387 1657 1496 1685 nomine
1511 1657 1586 1690 Jesu,
1603 1661 1630 1684 et
1646 1657 1729 1684 dimi-

947 1712 956 1728 ι
979 1709 1075 1730 serunt
1086 1703 1193 1731 eos.l|li
1203 1704 1296 1738 itaque
1306 1704 1380 1730 ibant
1390 1703 1539 1738 gaudentes
1552 1710 1567 1729 a
1581 1706 1730 1736 conspectu

947 1757 956 1772 ι
979 1749 1088 1776 concilii
1104 1757 1110 1775 :
1126 1749 1197 1784 quod
1213 1748 1287 1784 digni
1308 1754 1411 1781 essent,
1430 1752 1459 1775 ut
1473 1755 1522 1782 pro
1544 1748 1654 1775 nomine
1670 1747 1730 1782 ejus

947 1804 955 1819 ι
980 1794 1147 1822 contumelia
1167 1794 1350 1822 adicerentur.
1367 1794 1399 1821 Et
1416 1794 1538 1829 quotidie
1550 1794 1576 1821 in
1593 1793 1693 1828 templo
1704 1797 1732 1820 et

947 1849 956 1865 ‹
981 1841 1008 1866 in
1035 1840 1152 1874 singulis
1175 1840 1302 1867 domibus
1333 1847 1388 1866 non
1408 1839 1553 1867 cessabant
1577 1838 1678 1866 docere
1705 1842 1732 1866 et

947 1896 956 1911 ι
979 1886 1147 1913 annuntiare
1160 1885 1253 1913 Jcsum
1268 1885 1422 1914 Christum.
1449 1894 1458 1910 ›

978 1975 1038 2003 Non
1065 1975 1135 2002 dixit
1157 1975 1229 2010 quod
1249 1982 1282 2002 ex
1301 1975 1354 2002 Deo
1378 1979 1460 2006 esset,
1480 1973 1527 2001 sed
1550 1980 1639 2008 neque
1660 1973 1731 2007 quod

945 2021 1093 2048 humanum
1107 2024 1181 2047 esset
1196 2027 1274 2055 opus.
1287 2019 1355 2046 Nam
1367 2018 1467 2045 dicenti
1478 2017 1550 2052 quod
1565 2025 1597 2045 ex
1609 2017 1675 2050 Deo,
1693 2017 1731 2044 illi

100 2066 249 2100 ἀντέλεγον
263 2066 308 2098 ἂν,
318 2066 346 2093 τὸ
356 2066 383 2092 δὲ
392 2067 421 2100 ἐξ
433 2067 594 2102 ἀνθρώπων,
610 2067 790 2102 θρασυτέρους
803 2068 889 2094 ἐποίει

978 2067 1036 2094 itim
1053 2065 1305 2093 contradixissent:
1332 2065 1356 2091 si
1372 2071 1437 2091 vero
1466 2063 1580 2090 dixisset
1605 2063 1678 2097 quod
1698 2070 1732 2089 ex

100 2110 175 2137 κατὰ
187 2110 240 2137 τῶν
251 2110 416 2138 ἀποστόλων.
432 2110 533 2144 Διόπερ
548 2111 598 2145 ὅρα
611 2110 719 2136 σύνεσιν
733 2109 888 2144 ἀνθρώπου,

101 2158 193 2192 σοφῶς
210 2157 255 2184 τὸν
270 2158 349 2191 λόγον
361 2156 576 2191 οἱκονομοῦντος.
596 2156 756 2190 Περιμεῖναι
772 2155 802 2181 τὺ
815 2155 889 2186 τέλος

104 2204 222 2231 κελεύει.
237 2204 294 2230 Οὐκ
309 2201 367 2230 εἷπε
381 2203 410 2229 δέ
423 2211 431 2219 ’
446 2202 500 2229 Καὶ
517 2201 565 2228 ἐὰν
579 2201 616 2236 μὴ
631 2200 799 2235 καταλὺσητε
812 2201 888 2232 αὐτὸ,

100 2250 190 2283 γνῶτε
206 2249 247 2275 ὅτι
261 2249 314 2275 ἀπὸ
335 2248 402 2275 Θεοῦ
418 2249 502 2279 ἐστιν,
525 2247 582 2274 ἀλλ’
595 2247 658 2273 Ἐὰν
676 2248 707 2274 ὲκ
722 2246 789 2273 Θεοῦ
805 2248 890 2279 ἐστιν,

99 2295 131 2321 οὔ
143 2294 370 2330 καταλυθήσεται.
385 2294 421 2320 Τὸ
439 2293 488 2329 μὲν
504 2293 558 2328 γὰρ
573 2294 621 2328 τῆς
632 2293 743 2319 ἐκείνων
754 2292 890 2327 λογισθείη

100 2341 249 2376 ἀπηνείας,
274 2341 304 2367 τὸ
320 2340 348 2367 δὲ
363 2341 412 2375 τῆς
435 2340 509 2370 θείας
535 2339 685 2374 δυνάμεως.
707 2338 890 2373 Ἐπείσθησαν

99 2387 142 2417 δὲ,
153 2387 194 2422 τῷ
211 2386 248 2422 μὴ
263 2386 399 2421 παρουσίᾳ
415 2385 470 2411 τῶν
486 2384 647 2411 ἀποστόλων
659 2384 746 2411 ταῦτα
760 2383 889 2419 ῥηθῆναι,

101 2431 171 2458 ἀλλὰ
184 2431 279 2466 χωρίς.
298 2431 358 2457 Ἔτι
383 2430 410 2457 δὲ
433 2431 480 2457 καὶ
502 2430 544 2456 ὄτι
563 2429 775 2464 συνεπιγνώμων
800 2429 891 2460 αὐτοῖς

102 2477 253 2512 νομισθεὶς,
271 2478 317 2503 καὶ
336 2477 385 2511 τὴν
399 2476 509 2503 ἔκϐασιν
526 2477 563 2508 ὼς
577 2476 609 2502 ἂν
624 2477 672 2503 καὶ
691 2476 796 2509 γένοιτο
805 2475 890 2502 δεδοι-

101 2524 170 2555 κὼς,
194 2523 290 2558 ὥσπερ
316 2522 362 2549 καὶ
389 2522 479 2553 αὐτοῖς
510 2521 643 2548 ὑπετίθει.
663 2521 734 2556 Πρὸς
756 2520 785 2547 δὲ
811 2521 858 2546 καὶ
873 2521 890 2556 ὴ

103 2569 242 2604 γλυκύτης
260 2568 316 2595 τῶν
335 2568 422 2602 λόγων
446 2567 514 2602 μετὰ
536 2567 583 2594 τοῦ
601 2567 705 2594 δικαίου
732 2567 892 2593 συνεϐάλετο

102 2614 179 2649 αὑτῷ
197 2614 265 2649 πρὸς
295 2613 325 2640 τὸ
355 2614 461 2639 πεῖσαι.
485 2612 566 2645 Ἀλλ’,
587 2613 611 2639 εἰ
634 2612 811 2648 ἐπείσθησαν,
833 2612 891 2644 πῶς

104 2661 212 2695 ἔδειραν
222 2668 231 2692 ;
241 2658 422 2693 Ἐπείσθησαν
434 2658 484 2692 τῆς
499 2657 605 2692 σφαγῆς
616 2657 793 2692 ἀποσχέσθαι.
809 2657 893 2683 Τοῦτο

103 2707 159 2741 γὰρ
188 2705 285 2740 ὤργων
314 2703 464 2739 μανιωδῶς.
489 2704 615 2738 Ἔδειραν
642 2703 670 2729 δὲ
699 2703 737 2738 τῷ
763 2703 799 2738 μὴ
819 2703 892 2735 δόξαι

103 2752 230 2788 ἀφρόνως
245 2751 400 2798 ὁρμηθῆναι
413 2750 459 2776 καὶ
473 2750 544 2776 κατὰ
559 2749 726 2776 ἀνεκϐάτων.
743 2750 796 2775 Καὶ
811 2747 844 2784 ἦν
854 2749 893 2784 τῷ

143 2842 166 2858 ⁸⁸
179 2841 332 2873 ιὶὺμινιιι,
349 2841 359 2867 l
379 2845 405 2867 et
432 2840 457 2867 2.
498 2842 519 2857 ε⁵
535 2840 600 2867 Luc.
625 2847 665 2872 Ill,
683 2840 705 2866 l.

945 2112 1112 2145 hominibus,
1125 2111 1287 2138 audaciores
1295 2115 1390 2138 contra
1403 2110 1542 2145 sustolos
1556 2108 1731 2136 reddidisset.

944 2157 1012 2185 Vide
1027 2165 1092 2192 ergo
1106 2156 1224 2184 hominis
1240 2155 1413 2190 prudentiam
1425 2157 1470 2189 qui
1483 2155 1620 2188 sapienter
1631 2153 1733 2188 dirige-

947 2203 994 2231 bat
1008 2210 1172 2230 sermonem.
1188 2201 1271 2228 anet
1285 2205 1375 2227 autem
1392 2204 1553 2234 exspectare
1569 2199 1660 2226 ﬁnem.
1678 2197 1733 2225 Ne-

946 2256 999 2284 que
1013 2248 1099 2275 dixit:
1116 2247 1144 2274 Si
1159 2254 1212 2274 non
1226 2245 1408 2273 dissolveritis
1420 2245 1498 2278 illud,
1511 2244 1607 2272 scitote
1616 2243 1688 2279 quod
1699 2251 1733 2271 ex

947 2295 1002 2322 Deo
1017 2297 1069 2326 est,
1085 2293 1143 2326 sed,
1163 2292 1191 2320 Si
1207 2300 1240 2319 ex
1254 2292 1308 2319 Deo
1324 2296 1376 2324 est,
1394 2298 1449 2318 non
1467 2291 1642 2318 dissolvetur.
1664 2289 1733 2317 ιιιυά

946 2341 1019 2368 enim
1044 2339 1158 2366 daretur
1183 2338 1285 2365 feritati
1314 2338 1435 2369 illorum,
1456 2337 1508 2364 hoc
1522 2340 1613 2364 autem
1635 2335 1734 2363 divina:

946 2385 1084 2421 potentiae.
1103 2384 1233 2412 Persuasi
1249 2387 1313 2411 sunt
1326 2387 1428 2416 autem;
1441 2391 1501 2409 cum
1512 2382 1569 2409 haec
1582 2382 1610 2408 in
1623 2387 1733 2417 aposto-

941 2433 1029 2459 lorum
1056 2430 1201 2466 praesentia
1226 2437 1280 2456 non
1308 2430 1475 2461 dicerentur,
1496 2428 1543 2456 sed
1568 2427 1622 2455 illis
1653 2428 1730 2454 foras

944 2477 1050 2512 ejectis,
1070 2482 1126 2504 tum
1142 2477 1215 2510 quod
1233 2475 1256 2502 is
1268 2475 1314 2510 qui
1330 2482 1387 2501 rem
1403 2482 1457 2501 una
1475 2482 1538 2501 cum
1555 2473 1622 2508 ipsis
1638 2474 1732 2507 explo-

944 2523 1034 2554 rabat,
1051 2522 1090 2548 rei
1113 2525 1251 2553 eventum,
1270 2520 1360 2547 hocne
1393 2527 1426 2546 an
1445 2519 1491 2546 illo
1508 2519 1589 2546 modo
1605 2518 1733 2546 succede-

943 2575 993 2600 ret,
1015 2567 1190 2599 formidabat,
1212 2565 1442 2602 quemadmodum
1459 2565 1541 2592 etiam
1560 2564 1614 2591 illis
1632 2570 1732 2598 sugge-

945 2614 1032 2641 rebat.
1054 2613 1188 2640 Praeterea
1203 2615 1294 2638 autem
1313 2617 1471 2638 sermonum
1490 2609 1587 2637 lenitas
1603 2615 1657 2635 una
1669 2614 1731 2633 cum

945 2659 1074 2694 atquitate
1097 2658 1130 2684 ad
1158 2656 1388 2692 persuadendum,
1414 2655 1525 2682 fuerunt
1544 2654 1595 2687 ipsi
1618 2651 1728 2678 auxilio.

947 2704 1045 2732 Verum
1062 2704 1084 2731 si
1107 2703 1230 2739 persuasi
1255 2705 1330 2735 sunt,
1346 2700 1484 2737 quomodo
1499 2699 1589 2734 ﬂagris
1608 2698 1668 2724 illos
1685 2704 1731 2724 ce-

946 2751 1092 2780 ciderunt?
1118 2749 1246 2778 Persuasi
1273 2748 1383 2784 quidem
1404 2749 1480 2780 sunt,
1503 2752 1538 2773 ne
1564 2744 1732 2777 occiderent,
