1864 3052
123 142 171 172 127

121 194 370 232 philosophandum
381 193 480 221 idonea
495 197 564 225 erat,
581 201 676 228 nempe
691 193 903 226 Libertinorum,
919 194 944 223 A

119 246 147 270 et
165 241 425 273 Alexandrinorum,
440 245 467 268 et
478 239 684 275 Cyrenensium,
701 243 730 266 et
741 239 867 271 Cilicum,
879 242 905 266 et

73 318 76 321 ,
121 288 296 317 Asianorum.
316 286 350 314 Et
365 285 596 322 quemadmodum
615 292 660 319 per
678 292 763 311 unam
778 284 905 311 multitu-

122 335 214 362 dinem
230 337 273 361 est
285 332 446 368 disputatio,
461 331 499 358 ita
511 334 539 358 et
553 337 601 365 per
613 330 682 357 alios
697 334 740 357 est
752 330 904 362 accusatio,

121 386 150 408 et
169 379 257 408 forma
269 379 347 407 dolos
363 377 514 405 texentium
527 384 561 404 ac
574 376 792 411 deploratorum.
809 375 905 403 Prohi-

122 425 172 451 biti
191 424 264 452 enim
289 431 304 450 a
329 422 490 454 Gamaliele,
509 425 539 448 ut
556 420 626 448 nihil
649 425 745 448 centra
766 421 905 455 apostolos

121 473 269 501 tentarent,
286 469 340 496 imo
353 468 423 495 nihil
440 467 571 494 habentes
586 466 722 494 adversus
741 467 804 494 illos
822 473 905 494 accu-

121 515 247 546 sationis,
266 514 436 549 Stephanum
456 512 490 539 de
503 512 687 546 praesentibus
703 512 785 540 rebus
804 513 907 539 calum-

123 561 202 588 niose
217 559 423 594 aggrediuntur,
444 564 460 584 a
474 558 532 585 veri
553 558 732 593 inquisitione
747 557 906 585 aberrantes

123 603 219 637 nugaci
232 602 408 637 loquacitate.
421 601 577 629 Libertinos
592 605 683 629 autem
701 602 769 630 dicit
781 602 906 630 fortassis

121 647 211 675 vocari
233 647 383 679 Romanos,
406 646 480 682 quod
505 654 520 673 a
544 646 622 674 Livia
649 646 764 683 Augusti
789 648 906 683 conjuge

121 696 226 730 seipsos
250 694 373 722 celebres
389 693 560 722 reddiderint
584 703 591 721 :
616 701 650 722 eo
671 693 745 730 quod
761 698 788 722 et
809 695 907 722 mulier

121 741 286 776 percelebris
302 744 389 773 esset,
409 744 437 767 et
461 740 496 768 ab
516 739 653 775 Augusto,
674 740 785 767 virtutis
806 739 905 775 gratia,

121 786 222 814 eximie
241 786 417 813 adamarctur
435 794 441 812 :
461 785 504 811 cui
522 792 588 812 sane
611 785 669 818 ipsa
693 792 802 819 quoque
820 785 846 811 id
863 791 907 811 rc-

123 832 228 867 pcndit,
243 836 273 858 ut
291 831 324 858 ad
340 830 457 866 Augusti
479 831 635 865 sepulcrum
661 830 789 857 toleranti
815 830 906 856 animo

124 876 347 912 perseveraverit.
365 875 425 902 Alio
454 876 530 903 modo
547 875 769 903 :Libcrtinorum
785 879 812 903 et
826 875 908 910 Cyre—
924 871 944 898 Β

124 923 260 955 nensium,
292 923 338 958 qui
364 926 444 950 erant
474 929 488 949 a
518 922 638 954 civitate,
667 929 727 957 qum.
754 925 798 949 est
827 926 903 949 trans

124 967 340 995 Alexandriam:
363 974 459 1002 nempe
483 968 558 995 circa
581 967 751 1002 sophisticen
777 967 848 994 vires
875 974 908 994 ac

125 1013 239 1048 gloriam
258 1013 328 1048 apud
347 1011 476 1040 Hebrmos
494 1013 653 1039 habentium
674 1022 680 1040 :
696 1020 810 1047 quorum
825 1013 907 1039 variae

127 1059 355 1094 congregationes
370 1057 568 1092 Hierosolymis
585 1062 672 1091 erant,
693 1058 907 1085 inhabitantium

126 1111 202 1131 more
219 1104 350 1139 gentium.
371 1103 433 1131 ideo
455 1111 564 1139 quoque
584 1098 736 1138 synagogas
757 1104 905 1136 habebant,

126 1157 222 1183 nempe
239 1149 298 1176 loca
316 1154 442 1183 separata
456 1149 489 1175 ad
507 1150 651 1176 lectionem
668 1149 757 1184 legum
771 1149 906 1177 Mosaica-

125 1202 196 1221 ruln.
214 1193 291 1220 Multi
301 1194 435 1228 siquidem
451 1201 557 1226 eorum,
575 1194 622 1228 qui
638 1194 807 1221 adorationis
820 1195 907 1229 gratia

123 1238 274 1266 Jerusalem
288 1238 465 1270 accedebant,
482 1240 598 1265 maxime
613 1239 686 1265 circa
705 1239 821 1271 Pascha,
834 1239 907 1273 quod

125 1293 178 1312 non
200 1285 298 1312 licebat
317 1289 393 1312 extra
408 1284 560 1312 Jerusalem
585 1285 735 1318 celebrare,
753 1287 780 1312 in
798 1293 829 1313 ea
845 1293 909 1321 age-

124 1332 200 1358 bant.
216 1331 252 1358 Nc
271 1331 342 1358 enim
359 1331 488 1358 continue
507 1335 670 1367 cogerentur
685 1340 700 1358 a
717 1332 813 1367 patriis
840 1332 907 1360 locis

124 1383 236 1411 peregre
253 1383 332 1410 agere
362 1374 560 1410 frequentanda
574 1375 735 1408 Jerusalem,
751 1375 850 1402 ibidem
863 1383 907 1403 re-

124 1421 260 1448 sidebant.
282 1419 437 1448 Libertinos
464 1425 553 1448 autem
572 1421 754 1456 appellabant,
764 1421 810 1455 qui
829 1420 909 1448 aiio-

127 1466 215 1494 manis
231 1466 394 1494 manumissi
420 1471 508 1494 erant.
519 1467 656 1500 Stephano
673 1467 755 1502 igitur
767 1467 907 1502 indignum

124 1513 240 1539 ducente
254 1519 315 1538 eum
330 1512 369 1539 eis
382 1516 511 1547 tanquam
529 1513 613 1540 corde
628 1512 774 1540 exerceatis
788 1519 905 1540 conver-

124 1557 190 1591 sari,
215 1557 277 1592 ipsi,
293 1565 348 1585 suae
374 1558 487 1585 vanitati
511 1558 637 1589 ﬁdentes,
660 1557 694 1585 ad
713 1557 908 1593 disputandum

124 1611 186 1630 eum
200 1611 232 1631 co
250 1609 452 1638 processerunt.
471 1604 562 1630 Solum
576 1608 666 1631 autem
679 1604 712 1631 ad
723 1612 796 1637 ctuu,
807 1612 862 1631 non
875 1604 909 1631 ad

124 1649 206 1676 alium
224 1657 231 1676 :
245 1655 300 1676 tum
317 1649 428 1685 quidem
445 1649 547 1676 invidia
559 1657 666 1682 eorum,
682 1657 743 1683 quae
758 1649 909 1677 edebantur

126 1695 157 1721 ab
173 1702 206 1722 eo
221 1695 371 1730 signorum,
387 1699 417 1722 ut
433 1695 456 1722 si
470 1695 541 1722 forte
555 1694 588 1720 ad
604 1695 783 1732 luesitant‘iam
800 1702 831 1722 ac
841 1703 910 1722 con-

124 1738 176 1765 silii
191 1738 310 1773 inopiam
328 1747 391 1767 eum
416 1738 570 1774 adigerent,
587 1738 691 1773 pudore
708 1737 907 1771 suﬁ‘underent,

125 1789 255 1819 tanquam
276 1785 442 1820 insipienter
464 1792 494 1812 se
514 1784 659 1811 habentem
677 1784 703 1810 in
719 1783 761 1810 his
779 1791 839 1818 qua:
856 1785 908 1811 sibi

124 1829 245 1865 delegata
266 1835 377 1863 essent;
397 1835 453 1857 tum
469 1829 551 1856 etiam
566 1833 594 1854 ut
613 1828 794 1855 distractione
813 1828 908 1863 dispu-

124 1875 233 1903 tationis
254 1884 319 1911 erga
347 1877 433 1910 ipsos,
460 1881 543 1901 causa
565 1873 604 1900 illi
626 1877 718 1901 essent
735 1877 763 1900 ut
783 1881 798 1901 a
823 1874 909 1910 signis

123 1925 239 1949 \acarct.
257 1922 324 1949 Cum
350 1923 441 1955 itaque
477 1919 522 1947 his
541 1919 574 1946 de
592 1919 684 1946 causis
699 1918 738 1945 illi
760 1919 907 1954 instarent,

123 1967 235 2002 insuper
252 1968 370 2003 maligno
381 1974 490 2002 quoque
504 1965 596 1992 animo
608 1965 641 1992 ad
655 1965 796 2000 quippiam
810 1966 908 1994 adver-

122 2020 169 2040 sus
189 2013 274 2048 legem
300 2013 446 2040 dicendum
468 2011 648 2044 impellerent,
674 2011 707 2038 ad
732 2011 804 2045 quod
824 2011 906 2039 etiam

120 2066 201 2086 onme
215 2060 336 2086 studium
348 2058 456 2085 illorum
471 2056 597 2083 tendebat
612 2065 620 2083 :
634 2057 692 2092 58
705 2057 763 2091 ipse
775 2057 907 2085 malitiam

119 2112 214 2131 eorum
231 2110 388 2139 aggressus,
400 2101 478 2128 initio
492 2100 557 2127 facit
571 2101 631 2133 hoc,
648 2106 676 2128 ut
690 2102 789 2129 acriori
803 2107 902 2130 certa—

119 2150 193 2177 mine
215 2150 288 2185 quod
309 2149 363 2176 illis
387 2147 552 2182 praecipuum
576 2151 634 2174 erat
660 2148 846 2183 aggrediatur,
873 2156 906 2176 ac

922 1534 943 1563 (ἒ

651 137 849 168 (ECUMENII
866 137 1011 167 TRICCE
1030 138 1201 168 EPISCOPI

1705 133 1766 166 128

958 194 1073 225 στεύειν,
1089 193 1264 228 Λιὸερτίνων,
1281 193 1327 219 καὶ
1350 193 1554 227 Ἀλεξανδρέων,
1581 193 1631 218 x11
1655 192 1774 225 Κυρη-

957 241 1050 272 ναίων,
1068 240 1115 267 καὶ
1130 239 1258 272 Κιλίκων,
1281 239 1327 266 καὶ
1349 239 1490 266 Ἀσιανῶν.
1508 238 1561 265 Καὶ
1585 238 1700 272 ὥσπερ
1733 236 1773 263 δι’

957 285 1051 320 ἑτέρου
1070 285 1216 320 πλήθουςή
1235 284 1392 318 συζήτησις,
1411 284 1482 310 οὕτω
1499 283 1545 310 καὶ
1558 283 1592 309 δι’
1606 283 1658 309 ἑτέ
1666 290 1735 316 ρων
1752 283 1770 316 ἡ

956 330 1117 365 κατηγορία.
1140 330 1187 368 καὶ
1203 330 1234 356 τὸ
1254 331 1347 365 σχῆμα
1363 329 1531 356 δολοπλόχων
1549 329 1597 356 καὶ
1614 330 1774 361 ἀπεγνω-

957 377 1073 412 σμένων.
1088 376 1264 407 κωλυθέντες
1278 376 1331 410 γὰρ
1347 375 1399 401 ὑπὸ
1413 374 1554 410 Γαμαλιὴλ
1570 374 1664 410 μηδὲν
1683 372 1771 399 κατά

955 423 1009 449 τῶν
1023 421 1178 448 ἀποστόλων
1201 422 1361 456 ἐπιχειρεῖν,
1385 421 1433 447 καὶ
1455 421 1539 455 μηδὲν
1558 421 1677 455 ἔχοντες
1698 418 1772 445 κατ’

956 468 1067 495 ἐκείνων
1087 467 1229 501 ἐγκαλεῖν,
1255 467 1382 501 Στεφάνῳ
1404 466 1438 493 τὰ
1463 465 1510 493 νῦν
1537 464 1772 500 συκοφαντικῶς

956 513 1131 543 ἐπιτίθενται,
1148 512 1349 547 ἀστοχήσαντες
1364 511 1414 546 τῆς
1433 511 1477 538 διὰ
1493 511 1548 538 τῶν
1573 509 1772 545 λογολεσχῶν

956 557 1139 593 συζυτήσεως.
1163 557 1336 591 Λιόερτίνους
1349 556 1377 583 δὲ
1395 556 1458 588 τοὺς
1479 556 1633 591 Ῥωμαίους
1652 554 1769 582 καλεῖ-

957 603 1018 630 σθαι
1034 604 1104 638 τάχα
1121 603 1214 637 φησὶν,
1235 602 1288 628 ἀπὸ
1302 602 1398 633 Λιόίας
1409 602 1460 635 τῆς
1474 602 1631 636 Αὐγούστου
1650 609 1770 635 γυναι-

956 649 1003 680 κος
1018 648 1234 683 ἐπιφημίσαντες
1248 648 1370 679 ἑαυτοὺς,
1387 647 1483 674 καθότι
1497 648 1545 674 καὶ
1559 647 1735 682 περιφανὴς
1750 647 1769 680 ή

956 695 1035 729 γυνὴ,
1052 694 1098 720 καὶ
1115 693 1148 720 δι’
1172 694 1273 728 ἀρετὴν
1292 693 1461 729 στεργομένη
1483 693 1673 728 διαφερόντως
1706 692 1771 718 ὑπὸ

956 740 1121 774 Αὐγούστου.
1137 736 1172 775 ’ᾯ
1186 739 1217 774 δὴ
1230 740 1276 766 καὶ
1291 739 1359 774 αὑτὴ
1372 740 1414 770 είς
1426 739 1599 774 ἀντάμειψιν,
1616 739 1658 773 τῷ
1673 738 1769 771 τάφῳ

956 786 1003 813 τοῦ
1026 785 1180 820 Αὐγούστου
1207 785 1450 820 προσκαρτεροῦσιν.
1473 785 1606 820 διέζησεν.
1623 799 1660 804 —
1680 785 1769 811 Ἀλ-

957 835 1013 865 xw;
1026 832 1205 867 ’Λιϐερτίνων
1219 833 1265 858 καὶ
1276 831 1438 866 Κυρηναίων
1451 831 1505 857 τῶν
1520 831 1650 857 ἐπέκεινα
1674 830 1767 855 Ἀλε-

959 878 1110 912 ξανδρείας,
1123 878 1170 904 ᾶτε
1189 878 1252 912 περὶ
1271 877 1430 911 σοφιστικὴν
1443 876 1473 902 τὸ
1487 876 1589 911 κράτος
1605 876 1766 909 ἀποφερο-

960 923 1047 958 μένων
1062 923 1126 957 παρ’
1150 923 1294 958 Ἑϐραίοις.
1316 920 1367 948 Ὧν
1383 923 1430 949 καὶ
1445 922 1570 957 διάφοροι
1583 921 1766 955 συναγωγαὶ

958 969 987 994 ἐν
1006 969 1183 1004 Ἰερουσαλὴμ
1208 968 1278 995 κατά
1303 968 1366 1003 ἔθνη
1395 968 1620 1002 ἐναυλιζομένων.
1638 967 1690 993 Διὸ
1709 967 1766 992 καὶ

959 1015 1121 1049 συναγωγὰς
1137 1013 1209 1049 εἶχον
1225 1015 1323 1046 τόπους
1339 1015 1547 1050 ἀφωρισμένους
1562 1014 1605 1040 ἐπ’
1620 1012 1765 1046 ἀναγνώ-

959 1070 999 1087 σει
1014 1061 1067 1087 τῶν
1080 1060 1200 1091 Μωσέως
1218 1060 1318 1096 νόμων.
1334 1060 1431 1086 Πολλοὶ
1447 1060 1500 1094 γὰρ
1513 1059 1566 1085 τῶν
1580 1058 1765 1094 ἐπιδημούν-

960 1116 1013 1133 των
1029 1107 1244 1142 προσκυνήσεως
1265 1107 1344 1141 χάριν
1359 1106 1399 1137 εἰς
1420 1104 1606 1140 Ἰερουσαλὴμ,
1627 1105 1764 1139 μάλιστα.

958 1152 1029 1178 κατὰ
1051 1152 1080 1177 τὸ
1095 1151 1201 1185 Πάσχα,
1213 1151 1227 1177 ὅ
1242 1151 1291 1177 οὐκ
1308 1151 1371 1185 ἐξῆν
1396 1150 1448 1182 ἔξω
1469 1150 1556 1176 τελεῖν
1570 1150 1620 1184 τῆς
1644 1149 1765 1183 Ἰερου-

959 1197 1060 1231 σαλὴμ,
1080 1196 1261 1231 συνδιέτριϐον
1279 1198 1307 1222 ἐν
1324 1196 1404 1231 αὐτῇ.
1428 1195 1471 1226 Ὠς
1496 1195 1529 1222 ἂν
1554 1194 1600 1222 οὖν
1628 1194 1666 1230 μὴ
1687 1202 1762 1220 συν-

958 1243 1028 1278 εχῶς
1043 1243 1250 1277 ἀναγκάζωνται
1276 1243 1329 1269 ἀπὸ
1348 1242 1486 1278 πατρίδων
1508 1243 1670 1276 ἀποδημεῖν,
1692 1250 1762 1275 φοι-

957 1290 1058 1320 τῶντες
1075 1290 1115 1320 είς
1135 1288 1312 1324 Ἰερουσαλὴμ
1329 1288 1514 1324 προσήδρευον
1527 1289 1601 1315 ιέκεῖ.
1621 1288 1761 1322 Λιϐερτί-

959 1343 1020 1366 νους
1035 1335 1063 1361 δὲ
1079 1335 1142 1366 τοὺς
1161 1334 1306 1368 Ῥωμαίων
1328 1334 1529 1369 ἀπελευθέρους
1542 1333 1666 1360 ἐκάλουν.
1687 1334 1745 1360 Στε

959 1381 1043 1415 φάνου
1059 1380 1149 1406 τοίνυν
1162 1380 1343 1412 ἀπαξιοῦντος
1360 1377 1451 1411 αὐτοῖς
1464 1380 1511 1406 ἅτε
1528 1380 1760 1414 πεπωρωμένοις

958 1427 991 1461 τῇ
1008 1426 1105 1461 καρδίᾳ
1121 1426 1307 1461 προσομιλεῖν,
1324 1426 1400 1452 αὐτοὶ
1416 1427 1448 1461 τῇ
1464 1425 1568 1452 ἑαυτῶν
1585 1425 1759 1459 ματαιότητι

960 1470 1143 1506 θαρροῦντες,
1166 1471 1212 1497 ἐπὶ
1235 1471 1266 1497 τὸ
1293 1471 1420 1506 συζητεῖν
1449 1471 1523 1506 αὐτῷ
1550 1471 1758 1505 προεφὲροντο,

959 1518 1031 1553 Πρὸς
1043 1517 1124 1544 αὑτὸν
1136 1517 1164 1543 δὲ
1179 1517 1267 1552 μόνον,
1281 1517 1311 1543 οὐ
1330 1517 1397 1552 προς
1412 1517 1515 1551 ἕτερον,
1533 1516 1564 1542 τὺ
1581 1516 1640 1550 μὲν,
1658 1515 1758 1549 φθόνῳ

959 1563 1012 1589 τῶν
1029 1563 1074 1589 ὑπ’
1098 1563 1180 1589 αὑτοῦ
1206 1562 1376 1597 τελουμένων
1397 1562 1526 1597 σημείων,
1548 1562 1585 1592 ὡς
1605 1562 1637 1588 ἂν
1662 1561 1756 1586 εἴτ-τωο

959 1609 997 1639 είς
1019 1609 1136 1643 ἀπορίαν
1166 1608 1247 1635 αὑτὸν
1273 1609 1489 1644 παραοτήσειαν,
1518 1608 1648 1642 αἰσχύνην
1672 1608 1748 1640 αὑτίε

958 1654 1172 1688 προσπορίσωσι,
1187 1654 1240 1681 τῶν
1255 1654 1482 1689 πρεσϐευομένων
1498 1653 1612 1687 ἀμαθῶς
1629 1653 1725 1687 έχοντι
1744 1660 1754 1668 ·

956 1697 987 1724 τὸ
1003 1698 1050 1731 δέ,
1065 1698 1113 1726 καὶ
1126 1699 1164 1730 ὡς
1181 1700 1219 1734 τῷ
1233 1700 1418 1734 περισπασμῷ
1434 1700 1483 1735 τῆς
1503 1699 1570 1734 πρὸς
1585 1699 1684 1729 αὐτοὺς
1703 1707 1756 1724 συ-

957 1743 1107 1779 ζητὴσεως,
1123 1745 1219 1778 σχολὴν
1243 1745 1316 1779 αὑτῷ
1335 1746 1390 1771 τῶν
1404 1745 1526 1779 σημείων
1550 1745 1756 1779 περιποιοῖντο.

957 1789 1006 1815 Διὰ
1018 1789 1105 1816 ταῦτα
1116 1787 1162 1816 οὖν
1179 1791 1361 1824 ἐπικειμένων
1378 1790 1476 1821 αὐτῶν,
1495 1790 1543 1816 καὶ
1561 1790 1628 1823 πρὸς
1642 1789 1756 1820 τούτοις

957 1836 1043 1861 εἰπεῖν
1063 1844 1089 1862 τι
1111 1835 1268 1869 ἐπαγόντων
1288 1836 1476 1870 φιλοπονήρως
1493 1835 1563 1861 κατά
1583 1835 1629 1860 τοῦ
1650 1835 1753 1868 νόμου,

957 1880 991 1907 δι’
1005 1880 1019 1906 ὃ
1034 1881 1081 1907 καὶ
1096 1881 1112 1915 ἡ
1133 1881 1208 1907 πᾶσα
1232 1881 1345 1916 σπουδὴ,
1364 1881 1444 1911 αὐτὸς
1460 1880 1566 1914 φθάσας
1590 1880 1619 1905 τδ
1635 1880 1755 1913 φιλοπό-

957 1934 1039 1960 νηρον
1065 1926 1165 1957 αὐτῶν,
1181 1926 1260 1952 τοῦτο
1275 1927 1348 1952 ποιεῖ
1364 1925 1425 1952 κατ’
1441 1924 1540 1960 ἀρχὰς,
1559 1925 1753 1958 ἀγωνιστικώ‹

958 1979 1036 2006 τερον
1052 1971 1144 2002 αὐτοῖς
1159 1971 1245 2006 ἀρχὴν
1264 1971 1435 2006 ἐφορμήσας,
1455 1970 1502 1996 καὶ
1516 1971 1548 2005 τῇ
1564 1970 1678 2004 δυνάμει
1699 1970 1751 1996 τοῦ

958 2015 987 2041 ἐν
1005 2016 1078 2050 αὑτῷ
1101 2016 1173 2042 θείου
1199 2016 1357 2051 Πνεῦματος
1382 2016 1429 2042 καὶ
1452 2015 1547 2050 σοφίας
1572 2016 1611 2045 είς
1627 2015 1750 2048 ἀφασίαν

958 2061 1057 2093 αὐτοὺς
1074 2061 1223 2093 συνελάσας
1234 2070 1240 2077 ·
1257 2059 1316 2088 εἶτα
1331 2061 1378 2088 καὶ
1394 2061 1462 2095 πρὸς
1478 2060 1496 2087 ἃ
1519 2060 1659 2086 ἐϐούλοντο
1673 2056 1749 2085 οὗτοι

958 2107 1238 2142 αἱνιγματωδέστερον
1263 2107 1419 2141 συμῦαλὼν,
1440 2107 1477 2138 ὡς
1501 2107 1561 2133 οὐδὲ
1579 2106 1647 2140 πρὸς
1666 2106 1748 2132 τοῦτο

960 2151 1079 2183 συνετῶς
1098 2152 1180 2186 ἔχειν.
1197 2153 1246 2179 Διά
1268 2161 1309 2179 τοι
1326 2151 1404 2178 τοῦτο
1421 2152 1467 2178 καὶ
1483 2151 1702 2187 λῃστρικώτερον
1716 2151 1748 2176 τὸ

119 2195 204 2222 divini
219 2195 265 2230 qui
289 2195 316 2222 in
337 2201 369 2220 co
387 2197 445 2220 erat
460 2192 579 2228 Spiritus
591 2198 619 2221 et
640 2194 782 2229 sapientiae
803 2195 901 2223 virtute

973 2197 1010 2223 arb
1025 2197 1099 2224 τοῦδε
1115 2198 1235 2232 ἐχώρουν
1256 2197 1317 2233 ἤδη.
1345 2197 1400 2224 Καὶ
1425 2197 1505 2228 αὐτὸς
1531 2197 1561 2223 τὸ
1584 2196 1638 2222 ἀπὸ
1667 2196 1746 2222 τοῦδε

118 2248 150 2268 os
166 2241 234 2275 ipsis
251 2241 386 2267 obstruat.
404 2239 506 2267 Deinde
520 2239 604 2266 etiam
618 2240 652 2267 ad
667 2247 699 2268 ea
714 2248 776 2275 quae
791 2241 834 2268 isti
853 2241 904 2268 de-

117 2284 277 2316 cernebant,
296 2283 442 2310 obscurius
461 2291 543 2318 quam
562 2288 590 2310 ut
608 2285 719 2318 possint
739 2285 902 2320 intelligere,

117 2329 241 2366 quaedam
257 2329 284 2356 in
301 2329 419 2356 medium
434 2328 638 2363 all'ert.Propter
652 2330 724 2364 quod
737 2334 764 2358 et
778 2330 832 2365 ipsi
848 2331 904 2365 jam

117 2376 248 2410 deinceps
262 2375 331 2402 clam
350 2374 545 2409 procedebant,
560 2378 587 2402 et
600 2374 659 2409 ipse
671 2380 766 2410 postea
785 2376 904 2410 apertis-

117 2421 196 2453 sime,
221 2421 293 2456 quod
312 2421 339 2447 in
356 2420 447 2447 animo
471 2425 529 2447 erat
547 2419 588 2447 eis
610 2421 789 2456 proponebat.
815 2421 903 2454 Quid-

117 2465 199 2492 nam?
213 2465 293 2492 Certe
304 2465 372 2500 legis
388 2465 582 2497 cessationem,
597 2473 679 2500 quam
695 2473 751 2492 non
767 2467 904 2501 exprime-

961 2244 1117 2278 γυμνότατα
1140 2245 1171 2270 τὸ
1206 2244 1240 2270 δι’
1264 2243 1411 2278 ἐπιθυμίας
1437 2243 1528 2274 αὐτοῖς
1553 2241 1685 2269 ἐπετίθει.
1713 2241 1746 2267 Τί

959 2289 1054 2322 τοῦτο;
1072 2289 1122 2323 τὴν
1146 2289 1193 2315 τοῦ
1219 2288 1303 2322 νόμου
1320 2288 1502 2315 κατάπαυσιν.
1521 2289 1572 2314 Ἦν
1595 2287 1645 2313 οὐκ
1669 2286 1746 2320 ἔλεγε

960 2334 1018 2369 μὲν,
1033 2334 1155 2369 ᾐνίττετο
1168 2334 1207 2362 δέ.
1231 2334 1308 2361 Ἐπεὶ
1328 2335 1352 2360 εξ
1373 2333 1497 2368 φανερῶς
1519 2333 1623 2367 ἔλεγεν,
1646 2332 1696 2358 οὐκ
1714 2331 1746 2358 ἂν

959 2379 1063 2406 ἐδέοντο
1087 2379 1141 2405 τῶν
1165 2379 1406 2416 ψευδομαρτύρων.
1428 2379 1518 2413 Ὅπερ
1545 2377 1619 2412 αὐτῷ
1646 2376 1696 2411 μὲν
1716 2376 1746 2402 τὸ

960 2424 1126 2459 ποθούμενον
1139 2424 1228 2457 τέλος,
1240 2425 1353 2456 ἐκείνοις
1370 2424 1397 2450 δὲ
1411 2424 1456 2450 τὸν
1470 2423 1580 2458 ὄλεθρον
1597 2422 1745 2456 ἐθησαύρι-

962 2478 1017 2497 σεν.
1099 2474 1106 2481 ’

116 2513 173 2544 bat,
189 2512 236 2539 sed
254 2511 471 2540 innuebat.Nam
482 2512 505 2539 si
518 2512 545 2539 id
560 2512 703 2540 manifeste
717 2513 914 2548 expressisset,
927 2514 1006 2545 falsis
1023 2524 1078 2544 non
1100 2516 1195 2544 fuisset
1209 2517 1248 2544 eis
1265 2524 1334 2552 opus
1352 2516 1480 2548 testibus,
1511 2514 1584 2550 quod
1601 2514 1652 2549 ipsi
1683 2513 1744 2548 qui-

117 2559 178 2588 dem
198 2559 261 2587 ﬁnis
275 2564 385 2594 optatus
405 2558 466 2591 fuit,
486 2559 540 2586 illis
558 2566 622 2586 vero
642 2559 822 2593 perditionem
846 2562 969 2594 paravit.

156 2615 165 2632 ι
183 2604 216 2632 Et
230 2606 404 2641 insurgentes
419 2605 614 2641 corripuerunt
626 2613 700 2638 eum,
716 2605 901 2634 adduxerunt-

122 2662 132 2678 ε
147 2660 199 2687 que
218 2652 245 2679 in
264 2652 423 2680 conciliem.
442 2661 450 2678 ι
697 2655 699 2657 ’

153 2697 281 2726 Furtivos
299 2699 399 2734 ubique
420 2699 546 2726 niiuntur
570 2706 719 2734 aggressus
737 2707 744 2725 :
762 2698 901 2726 Christum

120 2744 384 2778 comprehendentes
413 2752 461 2780 per
487 2744 561 2772 \‘iros
592 2743 753 2776 homicidas,
786 2744 902 2778 gladios,

121 2789 211 2816 noctis
228 2790 382 2824 lampadum
405 2791 551 2826 lacumque
572 2790 683 2822 auxilio,
708 2789 836 2818 ferentes.
853 2790 903 2818 Pe—

120 2839 192 2863 trum
215 2835 387 2872 reliquosque
408 2838 546 2872 apostolos
561 2845 573 2864 a
593 2838 702 2872 templo,
726 2846 797 2865 nunc
814 2843 903 2866 autem

936 2839 939 2845 '
960 2838 1068 2868 "mar/.3;
1086 2836 1248 2866 ἀποστᾶὶους
1272 2836 1324 2861 ἀπὸ
1341 2836 1384 2861 τοῦ
1410 2834 1494 2870 ἱεροῦ,
1514 2836 1558 2860 καὶ
1578 2835 1619 2860 νῦ.
1638 2834 1664 2860 '3‘:

993 2620 1003 2636 ‹
1021 2611 1076 2638 Καὶ
1091 2609 1250 2640 ἐπιστάντες
1275 2609 1453 2643 συνήρπασαν
1476 2607 1567 2641 αὑτὸν,
1581 2608 1628 2635 καὶ
1642 2608 1743 2643 ἤγαγον

959 2665 967 2682 t
986 2657 1024 2688 εἰς
1039 2657 1068 2682 τὸ
1083 2657 1230 2690 συνέδριον.
1254 2664 1264 2681 ι

990 2702 1130 2737 Πανταχοῦ
1144 2701 1191 2728 τοῦ
1199 2699 1346 2736 λῃστρικοῦ
1358 2699 1474 2735 ἔχονται·
1485 2700 1602 2736 Χριστὸν
1617 2700 1665 2734 μὲν
1676 2698 1744 2733 μετὰ

956 2749 1099 2784 φονώντων
1115 2747 1265 2782 ἀνθρώπων
1289 2746 1340 2772 ὑπὸ
1366 2746 1489 2780 λαμπάσι
1512 2746 1559 2772 καὶ
1583 2746 1675 2780 ιρανοῖς
1699 2744 1744 2769 καὶ

960 2791 1233 2828 μαχαιροφορούντων
1250 2791 1492 2825 συλλαμϐάνοντες.
1509 2791 1608 2825 Πέτρον
1621 2790 1668 2816 καὶ
1682 2788 1743 2818 τους

1654 2834 1663 2846 ~.
1683 2833 1729 2851 v-;
