1864 3052
102 138 159 170 12-9

587 134 781 166 COMMENT.
791 133 832 164 IN
841 133 934 163 ACTA
950 134 1240 167 APOSI‘OLORUM.

1677 138 1729 170 130

100 203 189 229 φανον
204 194 259 220 ἀπὸ
272 192 319 219 τοῦ
334 192 522 220 διδασκαλικοῦ
538 192 621 219 τόπου
643 192 688 219 ἐπὶ
706 191 737 218 τὸ
755 189 891 224 συνέδριον

987 191 1154 227 Stephanum
1173 193 1360 227 iudicandum,
1374 201 1388 220 a
1403 194 1533 222 doctrinre
1545 193 1604 221 loco
1620 194 1652 222 ad
1662 202 1729 222 con-

98 241 304 276 κριθησόμενον
322 238 499 274 ἁρπάζοντες.

144 294 152 309 ι
175 284 311 319 Ἐστησάν
337 291 367 309 τε
396 283 537 318 μάρτυρας
553 283 672 318 ψευδεῖς,
696 283 842 317 λέγοντας·
865 284 894 308 ’0

103 340 115 355 ε
136 330 280 366 ἄνθρωπος
293 325 369 360 οὗτος
389 329 420 355 οὺ
435 329 552 356 παύεται
565 330 672 364 ῥήματα
685 329 832 364 βλάσφημα
847 329 894 355 λα-

104 386 115 401 :
137 376 191 402 λῶν
205 374 276 401 κατὰ
290 375 336 401 τοῦ
357 374 440 401 τόπου
458 375 504 402 τοῦ
520 375 599 408 ἁγίου
616 375 709 402 τούτου
727 375 773 401 καὶ
786 374 834 401 τοῦ
848 375 894 401 v6-

105 431 115 447 ι
136 430 200 456 μου.
222 421 394 456 Ἀκηκόαμεν
411 421 465 456 γὰρ
480 421 561 447 αὐτοῦ
578 420 712 454 λέγοντος,
731 421 772 447 ὅτι
795 421 809 447 ὁ
839 421 893 455 Ἰη-

103 476 114 492 ε
136 467 202 498 σοῦς
217 466 231 492 ὁ
243 465 405 500 Ναζωραῖος
419 464 657 498 οὖτος,καταλύσει
674 466 812 502 τὺνςτὸπον
829 465 892 492 τοῦ-

103 521 113 537 c
133 521 192 544 τον,
209 511 255 538 καὶ
271 511 380 543 ἀλλάξει
403 511 436 538 τὰ
458 512 506 547 ἔθη
529 512 546 539 a
564 512 721 548 παρέδωκεν
744 513 810 548 ἡμῖν
825 513 892 539 Μω-

103 568 112 583 ι
136 558 197 592 σῆς.
215 568 224 583 ι

145 604 296 631 ’Υπὲὂαλον
314 604 414 639 ἄνδρας
436 603 574 637 λέγοντας,
593 604 633 630 ὃτι
647 603 819 638 Ἀκηκόαμεν
842 603 892 630 aia—

96 649 151 676 τοῦ
174 650 285 684 ῥήματα
303 649 451 684 βλάσφημα
476 648 619 680 λαλοῦντος
648 649 686 680 εἰς
709 649 828 684 Μωῦσῆν
845 650 892 676 καὶ

97 695 149 721 τὶν
163 694 237 720 Θεόν.
257 704 266 719 ι
281 694 347 720 Τίνα
362 694 390 720 δὲ
404 693 438 720 τὰ
452 694 598 729 ρήματα;ι
621 694 681 720 Ὀτι
693 694 796 729 Ἰησοῦς
807 695 821 720 ό
836 695 893 721 Να-

98 741 220 776 ζωραῖος
238 736 317 771 οὗτος
341 739 488 766 καταλύσει
512 739 556 765 τὸν
579 740 661 767 τόπον
684 739 789 767 τοῦτον.
810 749 819 766 ›
838 740 892 766 Καὶ

99 787 158 822 μὴν
181 788 277 822 εἴρηκε
293 785 371 812 τοῦτο
386 785 532 820 Στέφανος,
547 786 571 812 el
595 786 642 812 καὶ
656 785 694 820 μὴ
711 785 824 820 γυμνῶς
845 785 892 812 οὓς

96 841 171 864 τως.
189 833 251 864 Πῶς
268 830 314 859 οὖν
338 831 526 867 ὑποϐολιμαῖοι
542 829 615 859 οὗτοι
639 833 685 858 καὶ
700 832 890 868 ψευδομάρτυ-

98 886 167 910 pag;
182 878 223 903 ὃτι
242 877 290 911 οὐχ
307 876 400 913 ὥσπερ
416 876 545 911 ἥκουσαν,
567 877 615 903 καὶ
630 866 789 912 ὲληρῶδςυν.
822 866 891 903 Ἅλλ¹
908 866 929 893 Β

96 922 197 956 ἐπειδὴ
222 922 308 953 ἄλλως
334 922 384 955 μὲν
411 923 540 957 ἥκουσαν,
571 921 658 953 ἄλλως
682 922 710 948 δὲ
738 922 786 949 νῦν
815 923 892 949 αὐτοὶ

96 968 289 1003 προύχώρουν,
312 968 423 999 εἰκότως
450 968 496 994 καὶ
520 969 742 1005 ψευδομάρτυρες
769 970 891 1006 ἀναγρά-

98 1022 212 1047 φονται.
234 1014 277 1045 Ὠς
291 1014 345 1048 γὰρ
365 1014 410 1040 ἐπὶ
425 1014 544 1049 Χριστοῦ
562 1015 592 1041 τὸ
609 1015 757 1049 δυνάμενον
771 1017 892 1043 καταλῦ⁴

98 1069 149 1087 σαι
163 1060 209 1086 τὸν
227 1060 300 1092 ναὸν,
315 1059 538 1095 ψευδομαρτυρία
559 1061 600 1094 (οὐ
615 1062 668 1096 γὰρ
680 1062 795 1097 Χριστὸς
820 1060 891 1095 εἷπε,

96 1105 203 1137 Λύσω,
223 1105 301 1137 ἀλλὰ,
323 1115 332 1131 ι
358 1104 473 1137 Λύσατε,
498 1115 508 1131 ι
537 1106 652 1137 ἐκείνοις
677 1106 709 1132 τὸ
740 1106 892 1142 λῦσαι,οὑχ

96 1150 193 1184 ἑαυτῷ
209 1150 357 1182 ἀνατιθεὶς,
379 1150 412 1176 δι’
427 1151 441 1176 ὃ
456 1151 503 1177 καὶ
519 1151 641 1186 ψευδεῖς)
661 1160 668 1167 ’
683 1152 754 1178 οὓτω
776 1153 823 1179 καὶ
845 1152 892 1179 νῦν

95 1196 222 1231 ψευδεῖς,
243 1196 268 1221 οἱ
290 1195 329 1230 τῷ
346 1195 500 1230 Ναξωραίῳ
521 1196 567 1223 τὸν
584 1196 719 1230 Στέφανον
742 1197 893 1230 φάσκοντες

96 1243 151 1278 τὴν
170 1242 316 1269 κατάλυσιν
332 1243 379 1269 τοῦ
395 1243 478 1276 νόμου
499 1243 605 1269 καὶτοῦ
620 1243 703 1269 τόπου
725 1243 891 1270 ἀνατιθέναι.

96 1288 159 1315 Καὶ
174 1289 252 1314 τοῦτο
275 1290 363 1315 ποιεῖν
389 1288 473 1324 ἄνδρα
495 1288 657 1324 Ναζωραῖον
673 1289 794 1324 δηλονότι
813 1289 892 1315 αὐτο-

98 1334 187 1368 χειρὶ,
203 1335 249 1360 καὶ
259 1334 288 1360 οὺ
303 1335 369 1361 Θεὸν
385 1335 431 1361 καὶ
444 1334 488 1362 διὰ
510 1332 671 1369 Ῥωμαϊκῶν
693 1335 892 1370 στρατοπέδων.

98 1379 144 1406 Τὰ
163 1379 191 1405 δὲ
208 1380 347 1411 Μωῦτέως
370 1380 418 1415 ἐοη
438 1380 576 1415 προδήλως
602 1381 616 1406 ὀ
639 1381 720 1412 aest;
742 1381 817 1413 Θεὸς,
846 1381 893 1408 καὶ

98 1425 148 1450 διὰ
176 1425 229 1451 τῶν
255 1425 337 1451 αὑτοῦ
367 1425 495 1460 μαθητῶν
522 1426 568 1452 καὶ
595 1427 761 1460 ἀποστόλων,
796 1427 842 1453 ἐπὶ
864 1426 894 1453 τὸ

100 1472 230 1505 κρεῖττον
245 1471 400 1506 ἡλλοίωσεν.
415 1472 451 1498 Τὸ
473 1472 511 1504 δὲ,
526 1474 540 1498 ὁ
565 1472 735 1507 Ναζωραῖος,
754 1473 894 1500 ὀνειδιστι-

99 1517 172 1548 κῶς.
198 1517 332 1551 Στέφανος
349 1518 377 1544 δὲ
395 1518 514 1552 οὐδαμοῦ
537 1518 697 1553 Ναζωραῖον
724 1519 819 1554 εἴρηκε
847 1519 893 1546 τὸν

101 1563 234 1598 Χριστὸν,
248 1565 271 1590 ει
288 1564 325 1598 μὴ
349 1564 373 1590 oi.
395 1563 529 1598 Ἐῦραίων
546 1564 684 1599 ἄρχοντες.
702 1565 786 1596 Αὐτὸς
802 1565 830 1592 δὲ
848 1574 893 1592 σε-

101 1609 222 1644 ϐάσμιον
237 1610 280 1636 ἀεὶ
294 1609 338 1636 τὸν
354 1609 472 1644 Χριστὸν
488 1610 533 1636 καὶ
549 1610 653 1636 δίκαιον
678 1611 730 1637 ὑπὸ
746 1612 893 1646 προφητῶν

103 1654 373 1689 καταγγελλόμενον,
390 1655 437 1682 καὶ
451 1655 628 1690 συμπαρόντα
643 1655 686 1682 ἀεὶ
698 1656 737 1691 τῷ
759 1657 827 1692 Θεῷ.
851 1658 895 1688 Ὠς

100 1700 184 1734 δῆλον
208 1701 254 1727 καὶ
272 1701 325 1727 ἀπὸ
345 1700 398 1727 τῶν
415 1701 604 1736 προκειμένων
625 1702 709 1728 αὐτοῦ
725 1703 821 1736 λόγων.
847 1701 895 1734 Οἷς

102 1746 156 1772 καὶ
171 1746 324 1782 συναπῆλοε
338 1746 385 1772 τοῦ
402 1747 540 1782 μοχθηροῦ
561 1747 655 1774 τούτου
670 1749 721 1783 ζῇν
738 1749 894 1780 ἀπολυθείς.

107 1801 118 1818 ‹
130 1792 286 1818 Καταλύσει
301 1792 347 1818 τὸν
357 1793 438 1819 τόπον
452 1793 554 1819 τοῦτον.
563 1803 571 1819 ι
585 1793 672 1829 Πολλὴ
688 1795 742 1830 γὰρ
758 1793 791 1830 ἦν
803 1796 895 1826 αὐτοῖς

105 1838 236 1865 εὐλάϐεια
257 1840 320 1874 περὶ
335 1837 381 1864 τοῦ
396 1837 472 1868 ναοῦ,
487 1838 534 1865 ἂτε
547 1839 593 1866 καὶ
608 1841 745 1874 μετοικεῖν
761 1841 894 1875 βουλομέ-

105 1895 175 1918 νοις.
197 1886 285 1920 Διπ).ἧ
304 1886 333 1912 δὲ
352 1886 504 1921 κατηγορία
529 1887 553 1912 εἰ
569 1885 678 1918 ἀλλάξει
700 1887 734 1913 τὰ
763 1887 821 1922 ἔθη.
849 1888 896 1913 καὶ

104 1933 190 1968 ἕτερα
207 1932 369 1964 ἀντεισάξει.
391 1932 574 1967 Προεϐάλλετο
597 1932 625 1959 δὲ
648 1933 788 1967 πανταχοῦ
802 1934 816 1959 ὁ
833 1933 897 1959 Μω-

106 1981 170 2016 σῆς,
189 1979 282 2014 ἐπειδὴ
296 1978 330 2005 τὰ
345 1978 392 2005 τοῦ
409 1979 477 2005 Θεοῦ
493 1979 523 2005 οὐ
548 1979 651 2014 σφόδρα
667 1979 781 2013 ἔμελλεν
794 1979 896 2012 αὐτοῖς,

105 2024 146 2056 ὡς
163 2023 198 2050 τὲι
213 2024 343 2057 Μωσέως.
369 2024 462 2056 Οὕτως
481 2024 549 2056 ὅλως
573 2024 641 2057 ἔζων
658 2024 726 2060 πρὸς
743 2025 827 2060 μόνην
848 2024 897 2061 τὴν

105 2069 156 2096 τοῦ
168 2069 287 2104 πλήθους
302 2069 391 2102 δόξαν.

150 2165 158 2181 ι
173 2156 229 2182 Καὶ
252 2156 425 2188 ἀτενίσαντες
448 2157 488 2188 εἰς
509 2156 590 2183 αὐτὸν
611 2157 730 2188 ἅπαντες
749 2157 773 2183 οἱ
787 2157 899 2188 καθεζό-

945 238 1038 265 cilium
1060 239 1207 274 rapientes.

983 283 1024 315 Vl,
1043 284 1088 315 15,
1103 284 1145 311 Μ.
1165 294 1174 309 ι
1191 285 1230 312 Ac
1248 289 1401 312 statuerunt
1417 285 1501 313 falsos
1518 289 1611 316 testes.
1625 286 1670 320 qui
1688 286 1730 312 di-

951 338 960 355 ι
981 334 1075 357 cerent
1094 339 1100 356 :
1119 330 1204 357 Homo
1216 331 1266 358 iste
1280 339 1333 358 non
1354 335 1444 358 cessat
1462 331 1536 366 loqui
1558 331 1640 358 verba
1656 331 1726 358 blas-

947 385 957 401 ι
976 375 1073 410 phema
1110 376 1242 404 adversus
1259 377 1349 404 locum
1368 381 1492 404 sanctum
1506 377 1578 404 hunc
1593 380 1619 404 et
1631 377 1727 411 legem.

946 431 956 448 ι
974 422 1138 450 Audivitnus
1152 423 1224 450 enim
1247 431 1309 450 eum
1331 423 1477 455 dicentetn,
1491 424 1563 458 quod
1579 423 1659 451 Jesus
1675 422 1729 449 Na-

953 478 963 495 r
983 477 1099 497 zarenus
1115 469 1158 496 hic
1177 469 1338 496 demolietur
1357 469 1447 496 locum
1465 469 1548 500 hunc.
1568 473 1595 497 et
1615 469 1729 496 mtttabit

946 523 956 540 ι
977 515 1101 542 instituta
1118 523 1178 550 quae
1204 515 1315 542 tradidit
1329 514 1409 542 nobis
1422 515 1519 543 Moses.
1541 525 1551 541 ι

979 603 1172 630 Submiseruut
1192 603 1278 634 viros,
1297 603 1344 637 qui
1368 603 1491 630 dicerent
1508 612 1514 629 :
1534 612 1543 628 ι
1564 602 1728 629 Andivimus

943 656 1005 676 eum
1020 650 1178 683 loquentem
1195 649 1277 676 verba
1297 649 1456 683 blaspltema
1475 649 1606 676 adversus
1622 647 1726 679 Mosen,

943 702 974 722 ac
991 694 1085 721 Deum.
1104 704 1113 720 ι
1125 694 1254 727 Quanam
1273 698 1365 721 autent
1380 699 1443 721 sunt
1459 701 1491 721 ea
1508 694 1632 722 verbah
1649 694 1728 726 Quod

942 741 1022 769 Jesus
1045 740 1206 768 Nazarenus
1240 741 1284 767 hic
1305 740 1469 767 demolietur
1495 741 1583 767 locum
1612 739 1696 767 hunc.
1717 749 1727 766 ι

944 787 1026 822 Atqui
1043 787 1093 814 hoc
1110 787 1178 814 dixit
1199 785 1367 820 Stephanus,
1385 785 1436 813 etsi
1465 793 1519 812 non
1535 786 1603 813 adeo
1618 788 1728 819 aperte:

943 833 1078 867 qttomodo
1099 840 1164 867 ergo
1180 836 1244 860 sunt
1263 832 1289 858 hi
1311 831 1480 867 supposititii
1495 831 1610 864 falsique
1628 829 1731 857 testes?

944 878 1013 911 Quia
1030 886 1083 904 non
1101 883 1130 904 ιιι
1144 877 1289 904 audierant
1303 877 1339 903 ita
1356 876 1506 903 narrabant
1523 885 1529 902 :
1542 875 1588 903 sed
1601 875 1655 902 alio
1668 875 1732 907 qui-

944 924 1005 951 dem
1031 924 1110 951 tnodo
1133 923 1287 954 attdierant,
1314 930 1388 949 nttnc
1410 930 1473 949 vero
1496 921 1549 956 ipsi
1576 921 1629 947 alio
1650 920 1731 947 modo

944 970 1140 1004 proferebant:
1159 969 1256 996 merito
1277 969 1368 1003 itaque
1387 968 1448 995 falsi
1474 973 1559 994 testes
1582 975 1643 994 esse
1660 966 1730 993 refe-

944 1019 1054 1042 runtur.
1073 1015 1309 1047 Quemadmodum
1325 1015 1397 1042 enim
1411 1014 1443 1041 de
1456 1013 1567 1040 Christo
1583 1012 1654 1047 quod
1666 1020 1730 1047 pos-

944 1065 986 1089 set
999 1061 1128 1096 templum
1143 1061 1294 1088 dissolvere
1311 1061 1409 1087 falsum
1428 1060 1478 1086 fuit
1493 1059 1682 1087 testimonittm
1695 1059 1730 1090 “,

945 1107 1043 1143 (neque
1060 1107 1132 1134 enim
1155 1107 1281 1134 Christus
1301 1107 1417 1135 dixerat.
1432 1107 1552 1137 Solvam,
1569 1105 1627 1136 sed,
1644 1114 1652 1130 ι
1671 1103 1727 1131 Sol-

944 1147 1058 1184 vite“,i
1079 1153 1110 1179 ad
1128 1153 1200 1185 illos,
1219 1160 1273 1179 non
1290 1151 1323 1178 ad
1339 1159 1369 1178 se
1385 1153 1504 1178 ret'erens
1525 1149 1730 1183 resolutionem)

945 1199 981 1226 ita
1001 1203 1028 1226 et
1049 1206 1121 1225 nttne
1145 1198 1291 1225 mendaces
1317 1201 1381 1224 sunt
1404 1198 1450 1232 qui
1473 1196 1639 1231 Stephanum
1657 1195 1732 1222 aiunt

944 1245 1011 1279 legis
1023 1252 1052 1271 ac
1064 1245 1114 1271 loci
1125 1243 1329 1270 demolitionem
1340 1242 1480 1268 Nazarene
1493 1241 1661 1272 attribuere;
1679 1239 1734 1274 59

945 1291 1073 1325 quodque
1089 1291 1129 1316 vir
1145 1289 1303 1316 Nazarenus
1326 1288 1385 1316 suis
1403 1287 1529 1314 videlicet
1548 1286 1675 1313 manibus
1691 1285 1732 1311 fa-

945 1340 1029 1367 ceret,
1047 1339 1074 1363 et
1093 1343 1146 1362 non
1170 1336 1240 1362 Deus
1256 1334 1336 1361 etiam
1358 1341 1407 1368 per
1425 1333 1564 1359 Romanos
1580 1331 1732 1358 exercitus.

945 1381 1030 1408 Musis
1041 1388 1106 1408 vero
1122 1381 1246 1408 instituta
1266 1379 1408 1406 manifeste
1424 1379 1495 1405 Deus
1508 1378 1565 1412 ipse
1581 1385 1628 1411 per
1648 1376 1731 1402 disci‘

945 1429 1026 1463 pulos
1050 1435 1115 1455 suos
1138 1433 1164 1454 et
1192 1427 1331 1463 apostolos
1369 1426 1398 1453 in
1420 1426 1517 1453 melius
1545 1423 1733 1451 commutavit.

946 1474 1105 1502 Nazarenus
1129 1479 1219 1500 autem
1249 1472 1447 1500 contumeliose
1472 1471 1563 1498 (Ηι-ῑιιε
1587 1475 1640 1496 est.
1665 1468 1733 1495 Nam

907 1532 930 1562 α
948 1519 1104 1554 Stephanus
1117 1525 1289 1553 nequaquam
1305 1516 1476 1543 Nazarenum
1498 1515 1566 1542 dixit
1581 1514 1733 1544 Christum,

946 1564 993 1592 sed
1010 1563 1185 1590 llebrzeorum
1206 1562 1345 1597 principes
1362 1570 1369 1587 :
1385 1561 1442 1595 ipse
1463 1558 1646 1587 venerandum
1660 1565 1734 1585 sem-

945 1618 993 1644 per
1007 1610 1147 1637 Christum
1169 1616 1199 1634 ac
1215 1608 1319 1642 justum
1335 1614 1350 1633 a
1366 1605 1506 1641 prophetis
1520 1603 1724 1634 annuntiatum,

946 1657 1055 1690 Deoque
1086 1663 1193 1689 semper
1217 1654 1285 1681 dixit
1319 1657 1466 1683 astantem,
1492 1651 1576 1677 veluti
1601 1650 1682 1676 etiam
1700 1657 1732 1675 ex

945 1702 1094 1738 propositis
1113 1702 1173 1735 ejus
1190 1700 1364 1728 sermonibus
1388 1698 1563 1724 manifestum
1587 1701 1639 1727 est,
1668 1703 1730 1721 cu'n

947 1748 1048 1783 quibus
1060 1754 1112 1772 una
1122 1745 1249 1772 discessit
1262 1744 1295 1770 ab
1308 1744 1358 1770 hac
1367 1743 1420 1768 vita
1433 1741 1566 1775 ﬂagitiosa
1579 1738 1733 1766 absolutus.

950 1804 960 1820 ι
982 1793 1149 1820 Demolietur
1168 1791 1258 1818 iocunt
1284 1790 1367 1816 hunc.
1386 1798 1395 1814 δ
1421 1787 1522 1814 Multus
1543 1785 1678 1820 siquidem
1701 1783 1735 1809 de

949 1838 1050 1872 templo
1064 1837 1118 1863 illis
1134 1841 1224 1863 metus
1239 1839 1307 1867 erat,
1325 1839 1354 1861 ut
1369 1833 1509 1868 quietiam
1529 1835 1640 1866 propter
1656 1828 1734 1860 illud,

948 1885 1039 1910 locum
1062 1882 1240 1909 habitationis
1257 1883 1421 1908 mutassent.
1449 1878 1550 1912 Duplex
1568 1880 1658 1903 autem
1677 1878 1737 1902 erat

954 1928 1094 1956 accusatio
1106 1937 1112 1954 :
1123 1927 1194 1962 quod
1204 1927 1327 1954 instituta
1342 1928 1496 1952 mutaturus
1507 1926 1590 1953 esset,
1604 1926 1630 1948 et
1641 1927 1736 1947 eorum

949 1976 1009 2002 loco
1029 1974 1082 2001 alia
1105 1973 1280 2000 inducturus.
1305 1971 1412 2005 Ubique
1434 1970 1516 1997 etiam
1538 1966 1738 1994 obtendebatur

949 2023 1041 2050 Moses
1060 2028 1068 2046 :
1086 2019 1307 2055 quandoquidem
1331 2017 1377 2044 Dei
1395 2016 1496 2051 placita
1513 2021 1567 2042 non
1588 2019 1665 2046 teque
1684 2011 1738 2038 illis

950 2073 1024 2094 curae
1044 2070 1123 2093 erant
1149 2068 1178 2091 ut
1210 2062 1278 2090 Mosi
1300 2070 1307 2088 :
1334 2062 1370 2089 ita
1390 2061 1424 2088 ad
1447 2060 1533 2088 solam
1553 2057 1738 2085 multitudinis

950 2111 1077 2147 gloriam,
1092 2111 1175 2138 vitam
1190 2109 1303 2136 omnino
1320 2108 1481 2142 dirigebant.

986 2155 1030 2187 Vl,
1048 2155 1098 2188 15;
1116 2154 1170 2186 Vll,
1192 2153 1244 2179 1-2.
1263 2161 1272 2178 ι
1297 2153 1330 2180 Ει
1360 2153 1498 2179 intuentes
1519 2157 1582 2177 eum
1616 2148 1736 2175 universi

109 2213 120 2229 ι
141 2211 216 2237 μενοι
234 2203 264 2229 ἐν
293 2203 332 2238 τῷ
362 2203 502 2238 συνεδρίῳ,
524 2201 594 2229 εϊδον
613 2203 643 2229 τὸ
658 2203 803 2238 πρόσωπον
815 2203 897 2229 αὑτοῦ

986 2201 1031 2236 qui
1049 2200 1181 2228 sedebant
1206 2199 1235 2225 in
1260 2197 1386 2229 consilio,
1405 2196 1535 2223 viderunt
1559 2193 1658 2220 faciem
1676 2193 1737 2227 ejus

108 2258 119 2275 ‹
141 2249 209 2275 ὡσεὶ
228 2248 374 2284 πρόσωπον
388 2248 517 2283 ἀγγέλου.
533 2246 599 2275 Εῐπε
616 2248 646 2275 δὲ
663 2249 678 2275 ό
691 2248 847 2284 ἀρχιερεὺς,
868 2247 900 2276 Et

110 2303 121 2320 ι
140 2294 288 2330 ἄραταΰτα
304 2294 389 2326 οὕτως
400 2294 473 2330 Exn;
489 2294 518 2322 '0
526 2294 554 2322 δὲ
571 2294 650 2330 ἔφη.»

151 2394 160 2410 ι
173 2382 249 2411 Εἶδον
264 2385 294 2412 τὸ
306 2385 453 2420 πρόσωπον
469 2384 564 2412 αὐτοῦ.
586 2393 595 2410 ι
612 2384 706 2417 Οὕτως
734 2384 792 2411 ἐστι
806 2385 852 2412 καὶ
872 2385 902 2412 ἐν

110 2431 236 2458 ἐλάττονι
264 2431 363 2466 βαθμῷ
386 2431 462 2464 ὂντα,
479 2430 607 2466 ἐπίχαριν
622 2430 670 2458 καὶ
687 2431 814 2466 λαμπρὸν
835 2431 902 2466 ὁρᾶ-

111 2477 187 2504 σθαι.
204 2476 260 2504 Ἰνα
273 2475 319 2503 οὖν
332 2476 471 2510 πληγῶσιν
482 2473 523 2507 οἷς
539 2475 650 2510 ἔμελλεν
665 2476 748 2512 ἐρεῖν,
766 2477 805 2512 τῷ
819 2486 903 2505 κατα-

110 2522 256 2558 πληκτικῷ
269 2522 316 2549 τοῦ
345 2521 493 2557 προσώπου
507 2521 547 2553 είς
565 2521 595 2548 τὸ
609 2521 663 2548 τῶν
679 2521 767 2556 λόγων
781 2523 902 2556 εὐπαρά-

110 2569 208 2595 δεκτον
227 2567 412 2603 προοιμιάζει.

150 2623 161 2640 1
183 2614 295 2650 Ἄνδρες
311 2613 420 2647 ἀδελφοὶ
433 2614 481 2639 καὶ
500 2612 629 2648 πατέρες,
639 2613 783 2641 ἀκούσατε.
802 2623 810 2640 ι

150 2659 225 2692 ὐρα
246 2659 328 2687 αὐτὸν
348 2659 398 2686 οὐκ
418 2659 595 2694 ἐπιτρέχοντα
614 2659 653 2694 τῷ
683 2659 828 2693 διδάσκειν,
845 2660 902 2687 ἀλλ’

113 2705 337 2740 ἀναγκαζόμενον
350 2705 402 2732 ὑπὸ
417 2704 641 2738 τῶνζητούντων.
653 2705 707 2731 Καὶ
720 2705 814 2740 ἐπειδὴ
824 2705 904 2741 ἐκρά-

113 2761 157 2779 τει
174 2751 214 2787 τῷ
229 2752 301 2787 λόγῳ
313 2752 361 2778 καὶ
376 2752 432 2783 τοῖς
450 2751 585 2786 σημείοις,
595 2750 733 2786 ἀφόρητος
751 2749 786 2787 ἦν
800 2752 903 2785 αὐτοῖς,

151 2843 174 2860 ⁸⁸
186 2842 280 2870 Matth.
296 2849 370 2875 χχιιι,
383 2841 428 2869 τι.
468 2841 579 2869 ".loan.
601 2848 632 2874 ll,
651 2841 693 2870 t9.

956 2257 965 2274 ι
987 2252 1116 2281 tanquam
1151 2243 1249 2271 faciem
1274 2241 1374 2277 angeli.
1399 2240 1472 2267 Dixit
1499 2243 1590 2266 autem
1614 2238 1740 2273 princeps

956 2303 965 2320 ι
983 2292 1174 2321 sacerdotum:
1192 2289 1262 2317 Num
1286 2289 1343 2316 hac
1366 2288 1403 2315 ita
1432 2294 1462 2315 se
1491 2285 1613 2313 habent?
1633 2285 1666 2312 At
1695 2284 1741 2311 ille

956 2350 966 2366 ο
982 2340 1032 2366 ait.
1049 2347 1058 2364 ι

992 2394 1002 2410 ι
1019 2383 1150 2411 Viderunt
1158 2382 1256 2409 faciem
1268 2379 1336 2416 ejus.
1350 2389 1360 2406 ›
1377 2379 1416 2406 lta
1427 2377 1650 2413 contingitetiam
1664 2375 1741 2402 illum

953 2432 999 2468 qui
1016 2431 1044 2458 in
1059 2428 1183 2457 infcriori
1197 2427 1282 2464 gradu
1300 2430 1342 2454 est
1353 2425 1505 2460 gratiosum
1522 2431 1554 2450 ac
1566 2422 1741 2458 splendidum

957 2477 1054 2505 videri.
1083 2475 1121 2503 Ut
1144 2481 1210 2508 ergo
1238 2471 1412 2501 sermonibus
1435 2477 1506 2505 quos
1535 2469 1661 2496 dicturus
1684 2471 1743 2494 erat

954 2524 1209 2552 consternarentur,
1222 2526 1236 2545 a
1251 2518 1330 2545 faciei
1341 2522 1526 2551 stupore,quo
1536 2514 1644 2542 facilius
1661 2513 1741 2540 verba

954 2570 1014 2605 ejus
1027 2567 1210 2602 excipiantur,
1223 2564 1307 2592 sumit
1323 2562 1476 2590 exordium.

993 2625 1002 2641 ι
1019 2614 1078 2642 Viri
1091 2613 1191 2640 fratres
1203 2615 1229 2638 et
1244 2615 1347 2645 patres,
1363 2607 1465 2635 audite.
1483 2615 1493 2633 ι

990 2660 1059 2687 Vide
1075 2657 1146 2693 quod
1171 2664 1201 2684 se
1220 2655 1253 2683 ad
1267 2654 1422 2682 docendum
1445 2659 1500 2679 non
1522 2648 1678 2679 inseruerit,
1694 2647 1742 2674 sed

959 2708 993 2735 ab
1006 2706 1050 2734 his
1064 2706 1110 2740 qui
1124 2706 1363 2738 interrogaverunt
1382 2703 1496 2728 coaetus
1509 2698 1555 2725 sit.
1571 2697 1603 2722 Et
1613 2695 1744 2730 quoniam

961 2754 1051 2783 verbis
1075 2761 1106 2781 ac
1128 2753 1216 2788 signis
1242 2750 1381 2783 vincebat,
1403 2745 1583 2776 intolerabilis
1607 2743 1647 2771 eis
1671 2745 1743 2770 erat.
