1864 3052
131 113 182 146 135

660 108 862 140 (ECUMENII
879 108 1027 138 TRICCJE
1043 107 1212 137 EPISCUPI

1747 99 1798 132 138

129 177 240 206 quoque
255 168 413 203 Stephanus
431 167 457 196 in
481 167 590 195 illorum
606 166 789 201 improbitate,
803 173 864 200 qua:
881 172 913 192 ex

996 173 1052 195 ;ιοις
1066 161 1271 193 ὺποϐλεπτικῶς
1292 160 1521 196 προσκειμένους;
1546 159 1601 186 διὸ
1633 158 1695 186 καὶ
1729 159 1796 185 Στέ-

129 220 230 245 inleeto
247 217 338 244 animo
355 219 425 248 erat,
443 214 559 242 liberius
571 212 744 247 coarguenda
761 216 913 247 occupatus

129 268 182 292 est.
198 263 232 290 Et
250 261 473 298 promissionem,
490 267 552 295 qure
564 259 598 286 ad
611 263 702 293 patres
725 258 796 284 facta
812 261 864 290 est,
880 257 914 284 ob

129 317 213 345 quam
228 309 420 340 efferebantur,
432 305 553 334 ostendit
564 308 626 332 ante
642 311 704 331 eum
726 303 828 336 locum,
851 306 915 330 ante

131 353 388 384 circumcisionem,
405 355 468 378 ante
485 350 632 382 sacriﬁcia,
646 353 712 376 ante
726 347 858 382 templum
872 346 915 374 fa-

131 404 202 427 ctam
222 407 283 427 esse
309 403 358 425 :et
371 404 459 432 neque
479 396 507 423 hi
520 395 760 423 circumcisionem
769 398 816 421 aut
828 394 914 428 legem

132 449 295 480 acceperant
306 444 378 478 quod
390 444 465 478 digni
481 443 609 473 fuissent,
623 442 670 468 sed
684 440 770 468 solius
785 440 916 468 obedien-

134 493 178 518 tize
195 497 299 518 merces
314 493 374 517 erat
397 489 454 516 sola
467 491 550 515 terra.
564 486 598 514 Et
619 494 709 520 neque
722 486 785 513 data
797 485 917 512 circum-

133 537 239 564 cisione
253 536 386 570 completa
404 538 446 562 est
458 533 617 568 promissio,
635 532 708 567 quod
720 532 803 559 etiam
818 531 876 558 haec
889 530 917 558 in

134 582 217 614 figura
230 580 434 614 contingerent.
449 578 601 606 Considera
618 584 694 607 vero.
709 576 781 611 quod
802 577 824 604 si
841 580 918 611 pater

134 627 222 653 Thare
251 625 372 653 nonfuit
399 625 492 652 socius
517 623 748 659 peregrinationis
776 630 838 649 cum
862 622 918 649 ﬁlio

133 672 270 699 Abraham
280 679 312 698 eo
323 671 396 704 quod
408 670 539 705 indignus
555 673 639 701 esset,
656 668 741 695 multo
759 668 846 703 magis
859 668 917 702 ﬁlii,

134 718 242 744 etiamsi
260 716 410 751 plurimum
437 715 489 742 viae
512 713 690 741 confecerint.
713 713 849 741 Abraham
866 712 918 740 ita-

134 769 187 797 que
202 761 269 788 adeo
296 761 346 787 fuit
362 761 566 795 obtemperans,
589 763 656 786 utet
671 759 862 793 cognationem
889 763 917 785 et

135 805 251 840 patriam
270 805 328 832 solo
344 808 434 831 motus
450 804 561 831 oraculo
579 804 730 838 reliquerit.
744 803 823 836 Quod
839 803 862 830 si
876 803 920 830 hic

968 217 1050 243 φανος
1062 210 1095 244 τῇ
1106 208 1219 235 ἐκείνων
1234 207 1286 234 ἀπὸ
1312 206 1456 241 χρώματος
1472 205 1705 241 κακεντρεχείᾳ
1724 207 1797 241 παρ-

969 253 1213 290 ῥησιαστικώτερον
1223 253 1395 288 ἐπεμϐαίνων
1410 252 1616 287 κατείληπται.
1642 251 1712 278 Καὶ
1739 250 1795 277 δεξ-

968 309 1047 327 κνυσι
1062 300 1111 336 τὴν
1125 300 1193 334 πρὸς
1204 300 1265 331 τοὺς
1275 298 1396 334 πατέρας
1409 298 1595 332 ἐπαγγελίαν,
1613 298 1670 331 ἐφ’
1721 297 1796 332 μέγα

969 345 1111 381 ἐφρόνουν,
1126 345 1179 381 πρὸ
1190 344 1236 371 τοῦ
1248 345 1331 371 τόπου
1340 343 1499 378 γενομένην,
1515 343 1570 379 πρὸ
1589 343 1655 377 τῆς
1675 350 1795 377 περιτο-

972 393 1035 428 μῆς,
1057 392 1111 428 πρὸ
1136 393 1186 427 τῆς
1211 392 1316 425 θυσίας,
1337 391 1452 427 προτοῦ
1466 390 1542 418 ναοῦ.
1567 390 1640 417 Καὶ
1657 390 1708 416 ὅτι
1731 389 1795 415 οὐδὲ

970 440 1031 466 κατ’
1046 439 1123 472 ἀξίαν
1134 436 1206 466 οὗτοι
1222 438 1316 465 ἔλαϐον
1329 437 1389 464 οὐδὲ
1408 437 1570 472 περιτομὴν,
1595 436 1674 463 οὐδὲ
1692 435 1793 469 νόμον,

971 485 1039 513 ἀλλὰ
1058 487 1107 521 τῆς
1132 485 1256 519 ὑπακοῆς
1278 484 1362 519 μόνης
1390 484 1404 510 ὁ
1429 483 1524 519 μισθὸς
1538 481 1571 518 ἦν
1589 483 1611 517 ἡ
1635 481 1680 516 γῆ
1706 482 1792 515 μόνη.

970 531 1026 558 Καὶ
1041 531 1102 558 οὺδέ
1118 523 1269 566 περιτομῆς
1296 529 1420 564 δοθείσης
1440 530 1457 564 ὴ
1470 528 1636 563 ἐπαγγελία
1657 527 1793 562 πληροῦ-

970 586 1026 610 ται,
1050 577 1097 603 καὶ
1112 577 1153 604 ὅτι
1175 576 1258 603 τύποι
1283 573 1353 610 ἦσαν
1369 575 1466 601 ταῦτα.
1489 575 1590 601 Σκόπει
1604 574 1643 600 δὲ
1660 573 1724 605 ὅτι,
1743 573 1791 598 sio

972 623 1064 658 πατὴρ
1090 622 1185 658 Θάρρα
1200 623 1251 649 οὑκ
1266 620 1430 656 ἐκοινώνησε
1442 620 1481 655 τῷ
1500 619 1551 655 υίῷ
1569 619 1726 654 Ἀϐραὰμ.
1744 619 1792 652 τῆς

971 668 1126 704 ἀποδημίας
1143 668 1198 695 ἀπὺ
1219 668 1272 695 τῶν
1285 667 1487 700 Χαλδαίων,διὰ
1501 667 1530 693 τδ
1547 666 1675 699 ἀνάξιος
1698 663 1789 696 εἶναι,

972 714 1062 749 πολλῷ
1091 714 1191 749 μᾶλλον
1220 714 1254 740 τὰ
1279 714 1384 747 παιδία,
1409 713 1462 740 κᾶν
1490 712 1604 745 δόξωσιν
1635 712 1694 738 ὲπί
1719 711 1789 737 πολὺ

973 760 1115 795 προελθεῖν
1130 761 1179 795 τῆς
1193 759 1265 787 ὁδοῦ.
1282 759 1407 795 Ἀϐραὰμ
1417 759 1467 794 μὲν
1479 757 1525 786 οὖν
1536 759 1610 785 οὕτω
1629 757 1787 792 πειθήνιος

973 806 1093 839 ἐγένετο,
1112 805 1149 836 ὡς
1159 805 1206 832 καὶ
1219 805 1295 839 γένος
1309 805 1355 832 καὶ
1369 805 1487 839 πατρίδα
1501 804 1554 831 ἀπὸ
1566 802 1788 839 χρηματισμοῦ

136 852 174 877 ita
193 858 223 877 se
242 850 347 882 habuit,
367 849 505 884 quomodo
522 849 560 881 hi,
574 850 620 884 qui
642 849 670 876 in
685 849 814 876 omnibus
827 848 924 875 inobe-

997 852 1052 878 ιλοῦ
1083 852 1215 879 ἐκλιπεῖν.
1245 851 1276 877 Εἰ
1303 851 1331 877 δὲ
1354 847 1432 882 οὗτος
1451 851 1547 883 οὕτως,
1567 851 1629 881 πῶς
1648 847 1736 876 οὗτοι
1758 851 1786 874 ἐν

136 896 243 923 dientes
256 904 316 923 esse
332 895 585 930 deprehenduntur,
604 896 631 922 in
653 895 722 922 ﬁlios
745 895 861 921 Abrahm
881 903 924 921 re-

136 941 326 976 putabuntur?
337 941 429 976 Neque
440 941 512 968 enim
525 941 586 968 vita:
601 941 740 973 nativitas,
758 940 804 968 Sed
815 948 922 967 morum

139 988 255 1014 imitatio
273 986 432 1014 ﬁliationem
451 987 582 1013 conciliat
596 995 602 1013 :
620 986 747 1020 quoniam
762 986 799 1012 ita
814 993 924 1020 quoque

137 1033 272 1059 monstris
295 1033 366 1059 mala
391 1032 499 1058 fortuna
527 1032 609 1063 natis,
625 1031 698 1066 quod
719 1031 869 1066 legitimum
892 1037 924 1057 ac

137 1078 260 1104 naturale
270 1082 311 1104 est
325 1081 414 1112 posset
428 1077 605 1112 attribui.63
614 1077 670 1104 lloc
679 1077 758 1103 modo
768 1083 922 1110 quanquam

137 1124 266 1151 dictionis
289 1124 360 1152 serie
380 1132 434 1151 non
447 1124 585 1158 procedat,
600 1131 697 1157 magna
714 1127 805 1150 tamen
825 1122 923 1150 abbre-

137 1171 202 1197 viati
214 1171 360 1202 sermonis,
379 1170 558 1204 intelligentia
573 1169 765 1204 progrediens,
776 1170 922 1196 etillorum

138 1215 334 1249 impudentiam
359 1215 393 1242 atl
420 1215 521 1243 Christi
554 1224 639 1250 usque
661 1216 817 1250 passionem
844 1223 925 1242 coar-

139 1269 235 1295 guens,
259 1269 355 1296 passus
383 1265 425 1288 est
448 1270 508 1296 quae
530 1261 678 1288 verisimile
709 1266 767 1288 erat
780 1269 842 1288 eum
868 1261 923 1295 pati

139 1311 277 1342 oportere,
298 1307 344 1340 qui
368 1306 456 1334 malos
479 1311 617 1341 argueret.
641 1306 672 1333 Et
688 1307 815 1341 promisit
831 1314 860 1333 se
884 1307 922 1333 illi

140 1352 280 1378 daturum.
306 1361 314 1378 ι
345 1351 395 1378 ilic
410 1351 541 1386 deinceps
555 1352 670 1379 Abrahae
689 1352 812 1386 procedit
838 1352 924 1379 histo-

140 1396 193 1429 ria,
218 1403 277 1430 quia
305 1399 362 1422 tota
393 1396 556 1431 patriarcha:
581 1401 674 1423 narrat
697 1397 868 1424 tolerantiam
889 1396 922 1424 ad

141 1446 267 1470 eventum
285 1450 372 1476 ttsque
385 1443 608 1476 promissionum.
630 1442 771 1476 Siquidem
785 1443 922 1470 Abraham

141 1486 255 1521 ejusque
280 1490 405 1520 nepotes,
431 1486 476 1520 qui
496 1486 570 1513 circa
594 1486 701 1514 divinas
724 1487 922 1521 promissioues

141 1535 312 1570 longanimes
326 1534 447 1567 fuerunt,
463 1534 634 1562 demonstrat
649 1534 830 1569 percelebres,
840 1534 927 1569 negli-

142 1586 237 1615 gentes
253 1587 317 1608 vero
338 1580 442 1607 similes
460 1580 640 1614 prmsentibus
655 1584 722 1607 tunc
747 1579 924 1607 auditoribus

142 1627 189 1661 qui
216 1631 243 1653 et
264 1626 315 1660 ipsi
338 1626 445 1653 illorum
471 1626 640 1653 calamitates
671 1626 773 1660 absque
794 1625 927 1652 dilatione

142 1679 197 1698 una
219 1679 280 1698 eum
307 1672 347 1699 eis
369 1676 562 1706 assequentur,
596 1671 744 1699 abstractis
771 1672 805 1698 ab
834 1679 928 1698 eorum

143 1716 271 1743 manibus
298 1716 377 1742 bonis
392 1724 450 1750 quae
465 1716 623 1750 sperabant.

179 1760 245 1793 Quae
269 1765 356 1787 tamen
384 1760 474 1787 omnia
501 1768 582 1794 parva
598 1764 674 1794 sunt,
690 1769 712 1788 ει
729 1760 762 1788 ad
778 1765 928 1788 extremum

143 1807 170 1833 in
189 1806 326 1833 Christum
344 1814 442 1833 ausum
463 1812 729 1834 connuensurentur.
744 1807 806 1834 Ideo
820 1814 928 1841 quoque

143 1850 205 1877 duri
226 1850 332 1877 cervice
349 1855 375 1878 et
394 1851 579 1879 ineircumeisi
600 1852 682 1880 corde
706 1859 737 1879 ac
760 1852 873 1879 auribus
887 1852 930 1879 di-

144 1901 244 1923 cuntur
266 1905 273 1924 :
301 1901 411 1932 propter
433 1904 493 1932 quae
520 1902 547 1925 ct
569 1898 762 1933 prophetarum
789 1898 931 1925 homicidae

143 1948 204 1969 esse
218 1947 417 1977 coarguuutur,
434 1943 488 1969 imo
510 1943 597 1977 ipsius
612 1943 694 1971 etiam
708 1943 820 1974 Christi,
837 1943 881 1977 qui
905 1947 932 1970 et

143 1986 282 2014 interitum
309 1991 336 2014 et
362 1988 538 2015 novissimam
569 1988 638 2023 ipsis
663 1988 862 2021 dispersionem
888 1995 931 2015 re-

142 2032 253 2066 pendet.
272 2032 358 2060 Tanta
384 2033 477 2070 itaque
502 2037 577 2065 sunt,
594 2040 655 2067 quae
679 2033 774 2059 videre
799 2033 934 2067 contingit

144 2078 172 2104 in
187 2077 238 2104 hoc
258 2077 415 2106 ahbrcviato
431 2086 559 2106 sermone
586 2077 806 2113 prudentissima:
820 2077 932 2104 concio-

144 2123 187 2151 nis
218 2122 348 2158 Stephani
377 2124 469 2152 divina
500 2123 605 2159 przediti
636 2122 788 2157 sapientia,
815 2129 931 2157 quorum

144 2170 316 2205 etiamjuxta
331 2174 454 2198 nostram
473 2170 633 2197 tenuitatem
650 2172 790 2204 sumptum
823 2169 932 2196 intelle-

147 2221 221 2244 ctum
247 2217 380 2244 hactenus
398 2216 587 2244 ordinavimus
601 2215 750 2243 secundum
775 2215 931 2251 qualitatem

145 2261 200 2288 dati
215 2262 294 2289 nobis
308 2263 456 2296 sermonis,
474 2262 555 2289 ﬁnem
574 2270 628 2289 una
642 2269 703 2288 eum
720 2261 855 2296 principio
868 2268 933 2288 con-

146 2306 287 2333 trahentes
305 2316 312 2333 :
329 2306 356 2333 in
380 2307 440 2341 ipso
463 2314 601 2340 sermone,
617 2314 632 2333 a
650 2314 705 2341 quo
720 2307 790 2334 latex
805 2307 851 2335 hic
865 2307 934 2335 divi-

146 2352 219 2379 nitus
234 2351 388 2379 scaturiens
408 2352 523 2385 efﬂuxit,
540 2360 591 2380 nos
612 2353 790 2380 obiectantes.
806 2351 865 2379 Iam
885 2360 933 2379 au-

146 2400 200 2423 tem
225 2396 292 2423 utile
317 2397 370 2424 erit
392 2405 441 2432 per
465 2401 557 2432 partes
578 2406 610 2426 ea
628 2405 736 2434 quoque
748 2398 932 2432 interpretari,

143 2442 221 2477 juxta
247 2446 368 2469 nostram
391 2442 614 2478 possibilitatem,
629 2451 689 2478 quae
711 2442 842 2477 majorem
866 2442 936 2470 desi-

146 2487 243 2515 derant
267 2495 381 2514 moram.
397 2487 457 2515 Non
481 2489 555 2515 enim
571 2489 674 2516 frustra
691 2488 724 2516 ad
746 2488 935 2516 concionantis

146 2533 349 2561 robor-ationem
374 2537 516 2569 assumpta
531 2539 573 2562 est
586 2534 702 2562 Abrahae
725 2533 839 2569 ejusque
858 2533 936 2561 dein-

146 2587 211 2615 ceps
224 2583 355 2614 nepotum
379 2579 496 2607 historia
513 2589 520 2606 :
537 2580 583 2607 sed
600 2583 629 2607 ut
648 2579 819 2611 ostendatur,
835 2582 861 2606 et
878 2586 937 2606 ma-

145 2625 236 2660 jorum
257 2626 330 2653 circa
346 2625 373 2652 id
391 2625 464 2660 quod
489 2625 611 2653 divinum
634 2629 677 2654 est
701 2624 789 2652 facilis
806 2624 936 2653 obedien~

149 2673 198 2705 tia,
216 2677 242 2700 et
261 2673 398 2700 minorum
422 2671 458 2699 ob
478 2672 618 2707 improbos
633 2679 724 2700 mores
741 2671 934 2699 inobedientia.

149 2716 183 2744 Et
199 2718 316 2752 primum
330 2717 440 2753 quidem
455 2718 608 2752 exemplum
631 2725 663 2744 ex
679 2717 815 2744 Abraham
832 2716 936 2751 profer-

149 2769 203 2795 tur,
220 2764 293 2797 quod
315 2772 369 2791 non
392 2767 516 2799 oporteat
538 2764 692 2791 accelerare
710 2771 741 2791 ea
761 2771 821 2797 qua:
836 2763 937 2791 divinis

150 2807 295 2842 promissis
309 2809 479 2843 deferuntur,
495 2809 560 2845 quia
577 2817 667 2845 reque
681 2809 818 2838 Abraham
834 2810 936 2838 accele-

976 898 1059 924 πᾶσιν
1080 897 1202 928 ἀπειθεῖς
1232 896 1518 932 καταλαμϐανόμενοι,
1547 897 1588 927 είς
1614 896 1715 922 τέκνα.
1739 894 1787 920 τοῦ

981 943 1108 978 Ἀϐραὰμ
1123 942 1348 978 λογισθήσονταις
1365 943 1394 968 οὑ
1406 942 1460 976 γὰρ
1472 943 1487 976 ἡ
1499 940 1610 975 ζωὼδης
1624 940 1785 970 σύστασις,

975 987 1032 1014 ἀλλ’
1046 989 1062 1022 ἡ
1079 987 1132 1014 τῶν
1159 987 1267 1021 τρόπων
1293 987 1410 1022 μίμησις
1430 986 1480 1021 τὴν
1495 985 1607 1021 υἱότητα
1626 985 1782 1020 προξενεῖ.

981 1034 1057 1060 Ἐπεὶ
1071 1033 1143 1060 οὕτω
1153 1042 1185 1066 γε
1213 1033 1259 1060 καὶ
1274 1033 1368 1068 τέρασι
1383 1032 1414 1058 τὸ
1433 1032 1545 1067 γνήσιον
1556 1033 1612 1063 τοῖς
1625 1030 1783 1065 δυστυχῶς

975 1079 1076 1113 φύσασι
1096 1078 1310 1114 προσνεμηθείη.
1337 1077 1415 1104 υῧτω
1448 1077 1499 1104 κᾶν
1518 1077 1542 1103 εί
1575 1077 1612 1112 μὴ
1638 1078 1679 1112 τῇ
1709 1076 1785 1107 λέξει

975 1125 1124 1160 προελθὼν,
1139 1125 1172 1159 τῇ
1186 1124 1252 1158 γοῦν
1271 1124 1317 1150 τοῦ
1341 1123 1562 1158 συντετμημὲνου
1587 1123 1677 1157 λόγου
1697 1122 1783 1148 πολυ-

976 1171 1035 1205 νοίᾳ
1063 1170 1178 1204 προϐὰς,
1193 1170 1241 1196 καὶ
1258 1169 1338 1204 μέχρι
1357 1169 1404 1195 τοῦ
1425 1169 1497 1195 κατὰ
1514 1168 1633 1204 Χριστὸν
1670 1167 1783 1198 πάθους

975 1216 1025 1251 τὴν
1043 1216 1178 1242 ἀναίδειαν
1192 1215 1355 1249 ἁπελέγξας,
1372 1215 1471 1242 ἔπαθεν
1485 1215 1537 1241 ὑπὸ
1559 1215 1613 1241 τῶν
1628 1215 1686 1241 ὅσα
1705 1213 1781 1244 εἰκὸς

974 1263 1019 1289 τὸν
1040 1262 1186 1297 ἐλέγχοντα
1214 1261 1325 1293 κακοὺς,
1356 1261 1462 1289 παθεῖν.
1488 1261 1544 1287 Καὶ
1580 1259 1779 1295 ἐπηγγείλατο

974 1306 1066 1333 δοῦναι
1076 1306 1161 1340 αὐτῷ.
1178 1305 1244 1332 ’Λπὺ
1255 1305 1357 1332 τούτων
1370 1300 1485 1341 λόιπὸνὴ
1501 1306 1570 1332 κατὰ
1581 1305 1626 1332 τὸν
1641 1305 1779 1339 Ἀϐραὰμ

975 1351 1080 1386 ἱστορία
1111 1350 1244 1385 πρόεισιν,
1272 1350 1332 1384 ἥτις
1360 1350 1454 1377 ἅπασα
1476 1350 1507 1376 τὸ
1530 1349 1778 1384 προσκαρτερικὸν

974 1398 1020 1425 ἐπὶ
1036 1399 1096 1429 ταῖς
1115 1398 1168 1424 τῶν
1187 1396 1358 1431 ἐπαγγελιῶν
1380 1397 1508 1423 ἐκϐάσεσι
1530 1397 1578 1423 τοῦ
1592 1396 1777 1431 πατριάρχου

973 1443 1123 1476 διεξιοῦσα,
1139 1443 1318 1479 τὸνἈϐραὰμ
1331 1443 1379 1478 μὲν
1392 1443 1511 1474 καὶτοὺς
1526 1443 1586 1469 κατ’
1597 1443 1695 1471 αὑτὸν.
1712 1441 1777 1471 τοὺς

975 1490 1040 1525 περὶ
1054 1490 1103 1520 ’τὰς
1120 1488 1196 1520 θείας
1222 1488 1388 1523 ἐπαγγελίας
1411 1489 1589 1523 καρτερικοὺς
1602 1508 1608 1520 ,
1628 1487 1778 1522 ἀοιδίμους

979 1535 1136 1570 ἀποφαίνει,
1154 1535 1217 1566 τοὺς
1242 1533 1392 1569 ὀλιγώρους
1411 1533 1449 1566 δέ,
1475 1534 1584 1568 ὁμοίους
1598 1533 1653 1559 τῶν
1668 1532 1776 1567 παρόν-

980 1591 1032 1608 των
1051 1582 1203 1618 τηνικαῦτα
1229 1580 1384 1615 ἀκροατῶν,
1399 1580 1424 1606 οἳ
1447 1580 1494 1606 καὶ
1518 1580 1594 1607 αὑτοὶ
1609 1580 1663 1607 τῶν
1678 1579 1776 1606 αὐτῶν

981 1629 1095 1659 ἐκείνοις
1120 1627 1323 1663 ἀκληρημάτων
1348 1626 1713 1663 ἁνυπερθέτωςγτεύξονται,
1744 1625 1773 1658 ἐξ

982 1672 1072 1699 αὐτῶν
1099 1672 1209 1708 χειρῶν,
1241 1672 1294 1699 τῶν
1316 1671 1501 1706 ἐλπιζομένων
1525 1662 1636 1704 αὖτοῐς,
1657 1673 1774 1706 ρυῖσκο-

983 1716 1082 1751 μένων.

1018 1762 1107 1796 ’Ἄπερ
1122 1761 1230 1788 ἅπαντα
1241 1763 1315 1796 ὅμως
1333 1762 1419 1796 μικρὰ
1431 1763 1681 1797 παραμετροῦμενα
1703 1760 1772 1796 πρὸς

983 1808 1012 1834 τὸ
1026 1808 1138 1842 ἔσχατον
1162 1808 1231 1833 κατὰ
1244 1807 1362 1842 Χριστοῦ
1377 1807 1514 1842 τόλμημα.
1533 1807 1578 1833 Διὸ
1591 1809 1638 1834 καὶ
1650 1807 1771 1842 σκληρο-

987 1853 1118 1888 τρόιχηλοι
1145 1852 1193 1878 καὶ
1217 1852 1402 1887 ἀπερίτμητοι
1417 1854 1448 1886 τῇ
1465 1852 1574 1886 καρδίᾳ,
1592 1852 1707 1882 καὶτοῖς
1722 1852 1773 1878 ὠσὶ

978 1898 1228 1934 παραϐεϐυσμένοι.
1241 1899 1279 1924 Δι’
1289 1899 1307 1925 ἃ.
1316 1899 1363 1925 καὶ
1373 1899 1462 1932 φονεῖς
1475 1897 1622 1932 προφητῶι
1644 1897 1689 1924 τὸν
1710 1898 1767 1924 ϐλεο

985 1945 1048 1980 ορον
1068 1945 1114 1971 καὶ
1127 1943 1352 1978 ἀπηλέγχθησαν,
1368 1943 1415 1969 καὶ
1425 1935 1561 1969 αὐτοῦτοῦ
1578 1942 1709 1977 Χριστοῦ.
1724 1943 1771 1973 Ὃς

985 1989 1032 2014 καὶ
1043 1988 1093 2022 τὴν
1106 1987 1222 2022 ἐσχάτην
1234 1987 1325 2018 αὐτοῖς
1339 1987 1485 2022 βραϐεύσει
1496 1987 1658 2021 διασποράν.
1674 1988 1707 2014 Ἃ
1722 1987 1770 2022 μὲν

984 2033 1030 2060 οὖν
1043 2033 1243 2068 ἐνθεωρηθῆναι
1258 2033 1330 2064 εἰκὸς
1342 2034 1396 2060 τῶν
1410 2033 1480 2061 κατὰ
1491 2034 1536 2060 τὸν
1552 2033 1770 2068 συντετμημένον

985 2079 1064 2112 λόγον
1079 2078 1127 2113 τῆς
1142 2078 1271 2113 θεοσόφου
1286 2078 1422 2113 Στεφάνου
1439 2079 1524 2114 σοφῆς
1543 2079 1709 2114 δημηγορίας
1724 2087 1766 2105 τε-

985 2125 1221 2160 θησαυρισμένων,
1234 2124 1354 2151 τοσαῦτα
1365 2132 1371 2139 ·
1388 2123 1425 2151 ὦν
1440 2125 1487 2152 καὶ
1500 2123 1531 2151 τὸ
1545 2125 1680 2160 ἡμέτερον
1696 2125 1769 2151 εὐτε-

985 2169 1032 2202 λές
1048 2171 1118 2197 κατὰ
1133 2170 1163 2197 τὸ
1176 2170 1318 2206 ἐνάμιλλον
1335 2171 1383 2206 τῆς
1394 2170 1548 2205 προσούσης
1563 2170 1628 2204 ἡμῖν
1641 2169 1768 2204 καθαριό-

985 2225 1067 2252 τητος
1083 2217 1164 2243 λαϐὸν
1178 2217 1227 2252 τὴν
1239 2216 1346 2244 σύνεσιν
1356 2218 1419 2252 τῇδε
1431 2216 1629 2250 κατετάξαμεν,
1644 2216 1768 2242 συνελόν-

984 2271 1030 2294 τες
1044 2262 1111 2297 πρδς
1127 2264 1160 2297 τῇ
1177 2263 1246 2297 ἀρχῇ
1267 2262 1314 2288 καὶ
1332 2262 1362 2288 τὺ
1380 2261 1477 2295 πέρας,
1497 2260 1570 2295 αὐτῷ
1586 2269 1616 2286 τε
1629 2261 1711 2296 λόγῳ,
1723 2259 1767 2294 ἀφ’

985 2304 1016 2334 οὗ
1044 2307 1092 2334 καὶ
1105 2307 1135 2332 τὸ
1167 2306 1329 2332 θεόϐλυστον
1343 2305 1422 2332 τοῦτο
1437 2305 1521 2340 ὲρρύη
1548 2305 1621 2339 νᾶμα
1638 2324 1644 2336 ,
1670 2305 1767 2330 ἐπανα-

986 2351 1151 2382 παύσαντες.
1169 2351 1250 2377 mas
1260 2351 1313 2386 γὰρ
1334 2350 1414 2384 σοφὸν
1430 2351 1480 2386 ἥδη
1500 2350 1549 2376 καὶ
1571 2351 1628 2382 τοῖς
1640 2349 1708 2376 κατὰ
1722 2350 1764 2385 μέ-

987 2406 1032 2433 ρος
1049 2397 1213 2432 χρήσασθαι,
1225 2398 1296 2424 κατὰ
1314 2397 1345 2423 τὸ
1363 2397 1428 2432 ἡμῖν
1444 2397 1555 2431 ἐφικτὸν
1571 2396 1766 2432 ἐμφιλοχωροῦ-

987 2451 1039 2470 σιν.
1054 2443 1092 2469 Οὐ
1116 2442 1170 2478 γὰρ
1202 2443 1290 2478 μάτην
1304 2444 1344 2475 εἰς
1372 2443 1523 2478 ἐπίρῤωσιν
1548 2443 1709 2477 παρελήφθη
1724 2440 1765 2468 τοῦ

986 2487 1216 2524 δημηγοροῦντος,
1233 2489 1249 2524 ὴ
1266 2488 1336 2516 κατὰ
1350 2488 1396 2516 τὸν
1417 2488 1544 2524 Ἀϐραὰμ
1559 2489 1606 2515 καὶ
1628 2488 1682 2515 τῶν
1710 2487 1764 2516 καθ’

987 2532 1053 2568 ἑξῆς
1069 2533 1211 2568 ἀπογόνων
1228 2534 1310 2561 αὐτοῦ
1338 2534 1454 2569 ἱστορία,
1473 2534 1531 2561 ἀλλ’
1555 2534 1593 2566 ὡς
1621 2535 1654 2561 ἂν
1680 2534 1762 2569 δειχθῇ

987 2580 1035 2606 καὶ
1053 2579 1108 2607 τῶν
1137 2581 1276 2616 προγόνων
1297 2581 1392 2617 ήπερὶ
1404 2581 1434 2608 τὺ
1445 2581 1521 2608 Θεῐον
1553 2581 1702 2614 εὐπείθεια,
1724 2581 1764 2608 καὶ

987 2625 1041 2652 τῶν
1058 2626 1199 2660 ἀπογόνων
1219 2628 1236 2662 ή
1252 2627 1284 2653 ἐκ
1301 2626 1397 2654 σκαιοῦ
1426 2627 1528 2662 τρόπου
1556 2627 1694 2654 ἀπείθεια.
1715 2626 1763 2654 Καὶ

989 2671 1095 2707 πρῶτον
1113 2673 1161 2708 μὲν
1179 2673 1331 2708 ὑπόδειγμα
1346 2674 1375 2707 ἐξ
1393 2673 1529 2710 Ἀϐραὰμ,
1546 2674 1576 2700 τὸ
1591 2674 1628 2709 μὴ
1647 2673 1763 2709 ἐπιταχύ-

989 2726 1044 2744 νειν
1059 2718 1094 2745 τὰ
1105 2720 1164 2750 ταῖς
1180 2719 1267 2751 Θείαις
1293 2719 1469 2755 ἐμφερόμενα
1495 2720 1683 2754 ἐπαγγελίαις.
1713 2720 1762 2745 Ὅτι

990 2764 1058 2799 μηδέ
1092 2764 1217 2800 Ἀϐραὰμ
1241 2764 1291 2801 τὴν
1319 2766 1366 2792 ἀπ’
1385 2765 1525 2799 Αἰγύπτου
1551 2766 1605 2792 τῶν
1635 2766 1762 2799 ἀπογόνων

989 2810 1089 2845 ἔξοδον,
1103 2812 1152 2846 τῆς
1168 2812 1286 2848 κατοχῆς
1302 2812 1391 2840 αὐτῶν
1407 2813 1454 2840 ἐπὶ
1475 2813 1638 2848 τετρακόσια
1658 2813 1706 2848 ἔτη
1720 2819 1761 2837 m-
