1864 3052
44 100 108 131 1&7
559 105 750 135 COMMENT.
773 106 809 135 IN
831 105 923 134 ACTA
942 103 1227 135 APOSTOLORUM.
1652 106 1701 135 illi

40 161 232 198 ραταοῆναι
241 162 415 199 δηλωθείσης,
425 164 471 190 καὶ
482 164 550 198 μετὰ
559 164 659 198 πολλῆς
667 164 714 198 τῆς
722 163 861 194 κακώσεως

952 163 974 190 ri
999 163 1076 198 petiit
1102 168 1229 198 nepotum
1253 164 1287 190 ab
1310 163 1426 198 Αεεγριο
1449 170 1587 199 egressum
1607 171 1612 188 :
1639 171 1701 190 cum

37 206 102 232 καὶ
117 207 304 241 δουλώσεωςλ
317 209 477 241 Δουλὼσεως
490 209 518 236 δὲ
533 210 563 236 οὐ
579 210 628 245 τῆς
639 210 784 244 τυχούσης,
797 209 861 236 ἀλλὰ

950 209 1096 237 anifestata
1113 213 1185 237 esset
1201 210 1225 236 ei
1241 209 1372 241 detentio,
1395 217 1454 244 qua:
1470 209 1502 236 ad
1518 209 1701 244 quadringen-

37 252 104 286 τῆς
129 254 324 281 ἁνυποίστου.
344 254 406 282 Ὀτι
427 255 492 290 μηδὲ
510 255 547 286 ὡς
562 255 674 288 δούλοις,
690 255 746 282 ἀλλ’
761 255 798 287 ὼς
819 256 863 290 ἑχ-

39 296 140 331 Θροῖς
154 301 290 335 ἐχρῶντο.
304 301 358 327 Καὶ
367 301 397 327 οὺ
409 301 492 337 δήπου
508 301 600 337 δέησις
613 301 643 334 ἐξ
655 302 780 337 Ἀϐραὰμ
802 310 865 328 συν-

40 343 190 379 τέμνειν
205 346 250 373 τὺν
265 347 371 382 χρόνον,
392 348 449 374 ἀλλ’
468 348 509 374 ὅτι
524 348 603 382 μόνον
622 347 718 383 μικρὸν
738 349 777 379 εἰς
799 349 865 374 ἁνα-

39 389 159 425 ψυχὴν
182 394 197 427 ἡ
219 393 373 425 ἁντέκτισις
389 393 457 429 πρὸς
475 394 537 425 τοὺς
566 393 717 426 κακοῦντας
731 394 760 427 ἐξ
783 394 866 420 αὑτοῦ

40 435 170 464 τούτου
192 438 295 472 κρίνειν
308 439 545 475 ἐπαγγειλαμένου
558 440 620 472 τοὺς
641 439 784 475 ἐχθρωδῶς
804 440 866 471 τοὺς

40 483 146 510 οῦδὲν
168 485 337 520 ἠδικηκότας
348 486 587 522 ἐπανῃρημένους.
605 486 642 513 Τὸ
653 486 682 513 δὲ
698 486 750 513 duo
764 487 865 521 Περσι-

39 527 99 559 δος
128 529 182 561 εἰς
215 530 399 566 Παλαιστίνην
424 531 471 563 τὰς
503 531 668 565 ἐπαγγελίας
688 531 866 566 περαίνεσθαι

44 577 243 612 προσδοκᾷν,
271 578 318 604 καὶ
335 578 394 604 οὐδὲ
413 578 456 605 διὰ
468 578 498 605 τὸ
513 579 686 613 μακροδαπὲς
710 580 749 610 εἰς
761 579 790 606 τδ
804 578 866 606 ἀδύ-

43 628 149 646 νατον
169 623 316 657 περιιστᾷν
331 622 380 658 τὴν
396 624 574 657 ἐπαγγελίαν,
587 624 616 650 τὸ
636 625 690 650 πᾶν
701 624 865 658 ἀναθέμενον

44 667 86 700 τῇ
104 666 168 692 τοῦ
198 667 433 702 ἐπαγγειλαμένου
450 669 574 703 δυνάμει,
604 669 702 703 πόσης,
717 669 766 704 τῆς
796 669 865 704 πρὸς

44 710 130 737 Θεὸν
151 711 310 747 σύμϐουλον
329 713 527 749 πεποιθήσεως,
543 714 610 749 πρὸς
629 714 733 746 τούτοις
754 715 768 741 ὁ
783 714 864 749 ζῆλος

45 757 115 783 τῶν
134 757 267 792 ἀδελφῶν
281 758 349 793 πρὸς
362 758 407 785 τὸν
429 759 538 794 Ἰωσὴφ,
561 760 608 786 καὶ
630 759 821 794 ἀμνησικακία
835 759 861 786 ὲν

953 768 976 792 s,
1002 765 1031 789 et
1056 768 1144 795 neque
1170 764 1279 796 propter
1305 760 1412 794 longam
1436 767 1539 787 moram
1564 767 1595 786 ac
1614 767 1704 786 rerum

45 800 96 836 τῷ
133 802 181 837 μὴ
197 803 393 830 ἀνταποδοῦναι
421 803 522 838 καίπερ
535 803 695 839 δυνηθέντα,
711 804 765 831 τῶν
781 812 861 830 κεκα-

950 805 1133 840 agnitudincm
1151 805 1315 840 detorquere
1331 805 1537 841 promissionem
1554 804 1587 832 ad
1604 805 1706 840 impos-

48 849 221 882 κωμένων,
247 849 303 875 ἀλλ’
319 849 429 883 ἀγαθοῖς
447 849 674 884 ἀνταμειψασθαι.
692 850 767 878 Μετὰ
778 850 861 877 ταῦτα

950 850 1089 883 tilitatem,
1116 851 1180 886 quia
1204 855 1290 878 totum
1313 851 1340 878 in
1365 850 1550 886 promittentis
1571 852 1706 885 potestate

49 892 186 929 ἐλεγχος
202 894 257 921 τῶν
272 895 482 930 ἀπροφασίστως
495 894 565 922 κατὰ
593 895 711 931 Χριστοῦ
739 896 784 922 καὶ
807 895 861 923 τῶν

950 897 1069 932 ponitur,
1093 901 1204 932 quanta:
1227 902 1269 924 est
1292 904 1354 932 erga
1381 897 1463 924 Deum
1489 897 1534 932 qui
1559 895 1584 923 id
1611 896 1706 924 suadet

53 938 207 974 μαθητῶν
222 940 304 967 αὑτοῦ
322 939 463 971 λυσσωδῶς
475 941 649 975 κινουμένων.

951 942 1104 970 nfidentim?
1138 943 1271 972 Praeterea
1301 943 1401 971 invidia
1432 943 1546 970 fratrum
1577 942 1708 971 adversus

50 984 174 1021 Joseph
202 986 323 1022 ponitur,
339 993 366 1015 et
391 987 552 1022 injuriartun
568 988 681 1022 oblivio,
707 988 734 1015 in
762 995 794 1016 eo
817 988 902 1024 quod,
923 997 984 1017 cum
1000 994 1102 1025 posset,
1128 999 1182 1018 non
1205 990 1278 1018 ultus
1302 991 1337 1017 sit
1359 997 1406 1017 eos
1425 989 1471 1024 qui
1493 996 1522 1017 se
1546 987 1706 1019 afﬂixerant.

55 1032 134 1067 quin
166 1034 258 1068 po!ius
287 1033 416 1061 beneﬁcia
441 1034 577 1069 rependit.
613 1034 678 1062 Post
708 1036 764 1062 hrec
798 1035 973 1070 subjungitur
1000 1045 1094 1065 eorum
1124 1038 1279 1073 correptio,
1307 1037 1352 1072 qui
1377 1040 1470 1072 aperte
1499 1043 1531 1064 ac
1562 1035 1707 1064 furibunde

919 259 961 284 tos
978 263 1065 284 annos
1085 255 1255 291 proroganda
1279 260 1348 287 erat,
1372 255 1452 290 idque
1476 263 1539 282 cum
1565 255 1648 282 multa
1665 255 1704 282 af.

918 300 1035 329 dictione
1060 305 1087 328 et
1111 301 1273 329 subaetione
1300 301 1326 328 in
1351 302 1521 332 servitutem.
1544 301 1704 328 subactionu

920 355 984 375 vero
995 355 1050 375 non
1061 347 1191 383 qualibet,
1201 347 1431 379 sed‘intolerabili,
1443 347 1577 382 siquidem
1587 347 1641 375 illis
1650 355 1703 374 non

920 397 950 420 ut
964 392 1061 426 servis,
1081 393 1128 420 sed
1149 397 1178 419 ut
1194 392 1314 420 inimicis
1335 393 1492 420 utebantur.
1507 392 1562 428 64
1581 392 1613 419 Ει
1631 397 1705 420 certe

921 439 994 466 nulla
1020 439 1159 474 profertur
1176 439 1209 466 ab
1231 439 1366 466 Abraham
1383 438 1538 474 deprecatio
1559 439 1591 466 de
1606 440 1704 466 abbre-

919 485 1018 512 viando
1034 489 1168 521 tempore,
1183 485 1231 513 sed
1254 486 1396 521 paululum
1419 485 1549 521 quiddam
1570 486 1705 512 duntaxat

917 531 950 557 ad
973 531 1199 559 refocillationem
1224 531 1387 566 prrestitum,
1417 539 1511 566 nempe
1536 532 1703 567 respondens

918 576 1052 605 adversus
1067 577 1216 612 amigentes
1230 577 1306 610 ultio.
1324 578 1358 605 ab
1370 585 1403 605 eo
1415 578 1461 612 qui
1475 585 1504 605 se
1518 578 1704 612 iudicaturum

917 623 1043 657 promisit
1066 623 1139 656 illos,
1176 623 1223 658 qui
1251 624 1390 651 hostiliter
1422 631 1468 651 eos
1505 624 1704 655 interimerent,

917 669 964 704 qui
979 669 1048 696 nihil
1065 669 1172 704 injuriae
1191 670 1241 705 ipsi
1267 669 1434 697 intulissent.
1452 669 1574 696 Animari
1591 677 1655 697 vero
1671 669 1704 696 ad

916 714 1113 749 exspectandas
1131 722 1147 742 a
1163 714 1279 743 Perside
1299 715 1326 742 in
1351 715 1522 742 Palaestinam
1545 715 1704 750 promissio-

56 1079 259 1106 movehantur
271 1079 401 1108 adversus
415 1079 552 1108 Christum
561 1081 675 1116 ejusque
687 1081 847 1117 discipulos.

102 1132 112 1148 ι
137 1121 229 1156 Οὗτος
241 1126 491 1161 κατασοφισάμενος
503 1126 532 1153 to
541 1127 620 1161 γένος
634 1128 723 1163 ἡμῶν,
736 1128 860 1155 ἐκάκωσε

60 1180 71 1196 ι
97 1171 171 1203 τοὺς
191 1173 311 1209 πατέρας
325 1173 412 1208 ἡμῶν,
427 1172 474 1200 τοῦ
496 1174 582 1201 ποιεῖν
604 1174 702 1202 ἔκθετα
718 1175 751 1202 τὰ
774 1175 860 1210 βρέφη

63 1226 74 1242 ι
101 1218 213 1251 αὐτῶν,
231 1219 269 1250 εὶς
285 1219 316 1245 τὸ
331 1219 369 1255 μὴ
384 1219 588 1254 ζωογονεῖσθαι.
603 1230 612 1246 r

101 1265 384 1300 Κατασοφισάμενος,
399 1266 520 1292 τουτέστι
540 1266 704 1302 πανούργοις
718 1266 862 1298 ἐπινοίαις,

62 1309 164 1336 αὐτῶν
188 1311 377 1345 περιγενέσθαι
403 1311 626 1348 βουλευσάμενος.
656 1313 791 1348 Σοφισμδς
806 1313 860 1348 γάρ

63 1356 129 1381 ἐστι
147 1355 318 1392 βεειασμένη
331 1357 468 1392 ἐξήγησις.
481 1359 519 1384 Δι’
530 1358 544 1384 ὃ
554 1355 606 1385 ὦδε
621 1360 637 1393 ἡ
650 1358 766 1393 ἔμφασις
778 1358 873 1399 λέγειη

62 1401 97 1428 τὸ
113 1401 216 1436 βιαίως
232 1402 321 1433 αὐτοῖς
337 1402 479 1429 ἐπιθέσθαι
497 1403 618 1438 δηλονότι
629 1411 636 1419 ⁵
650 1404 710 1430 ὃθεν
725 1405 771 1431 καὶ
787 1412 864 1438 σοφι-

66 1448 140 1480 στὰς
154 1449 220 1480 τοὺς
234 1449 333 1484 γόητας
348 1449 487 1483 καλοῦσιν,
504 1450 542 1482 ὡς
555 1450 585 1477 τὸ
597 1450 695 1484 ἀληθὲς
707 1450 740 1477 δι’
756 1451 862 1484 ἀπάτης

65 1495 120 1521 καὶ
132 1495 278 1530 σοφισμῶν
291 1496 470 1530 κρύπτοντας.
480 1495 591 1532 Ἑφεξῆς
604 1497 657 1523 τῶν
667 1497 730 1532 περὶ
739 1495 865 1531 Ἀϐραὰμ

68 1541 245 1576 εἰρημένων,
259 1543 291 1568 ὲκ
310 1542 502 1578 χρηματισμοῦ
517 1543 566 1578 τὴν
579 1543 633 1569 τῶν
652 1543 793 1576 ἀπογόνων
817 1542 865 1568 αὐ-

67 1587 118 1613 τοῦ
137 1587 193 1614 ὑπὸ
207 1588 364 1622 Αἰγυπτίων
377 1589 452 1622 δηλοῖ
463 1588 660 1623 ταλαιπωρίαν.
675 1585 730 1620 Ἷις
749 1588 793 1613 καὶ
814 1588 862 1614 ἁν-

950 1127 982 1159 ν,
1017 1126 1060 1154 19.
1093 1126 1175 1154 ιἸΙῘς
1211 1127 1428 1154 circumveniens
1460 1134 1548 1162 genus
1582 1129 1706 1153 nostrum

915 1183 924 1200 ι
951 1174 1047 1201 afﬂixit
1072 1178 1164 1209 patres
1189 1178 1310 1206 nostros,
1339 1178 1367 1200 ut
1391 1176 1559 1208 exponerent
1586 1172 1704 1201 infantes

915 1230 924 1246 ι
949 1228 1025 1254 suos,
1042 1228 1075 1248 ne
1090 1221 1116 1247 in
1134 1220 1189 1247 vita
1205 1224 1393 1247 servarentur.
1418 1229 1427 1246 ι

951 1266 1224 1301 Κατασοψσάμενος,
1244 1266 1269 1293 id
1284 1270 1326 1294 est
1344 1266 1574 1299 circumveniens,
1595 1265 1647 1293 hoc
1664 1269 1709 1293 est

915 1312 1064 1339 decernens
1081 1319 1136 1346 quo
1156 1316 1235 1346 pacto
1254 1311 1374 1339 versutis
1395 1311 1500 1339 technis
1523 1311 1647 1346 superior
1666 1310 1708 1338 eis

916 1358 1096 1386 sufﬁceretur.
1130 1356 1196 1384 Nam
1232 1357 1365 1392 σοφισμὸς
1394 1363 1488 1385 coacta
1516 1356 1708 1392 interpretatio

916 1405 1026 1432 dicitur.
1044 1404 1160 1440 Propter
1182 1404 1255 1439 quod
1277 1405 1314 1431 ita
1341 1403 1525 1440 signiﬁcanter
1545 1403 1628 1436 dicit,
1648 1403 1708 1431 vio-

920 1451 992 1478 lente
1022 1450 1148 1477 videlicet
1178 1450 1233 1477 illis
1268 1450 1412 1485 imponere
1442 1450 1545 1478 volens.
1575 1449 1708 1478 Underet

920 1496 1049 1531 σοφιστὰς
1090 1499 1189 1522 vocant
1229 1495 1402 1530 imposiores,
1433 1499 1527 1530 utpote
1565 1496 1708 1523 veritatem

919 1541 1013 1569 fraude
1029 1549 1060 1568 ac
1077 1541 1141 1568 dolo
1163 1541 1345 1568 occultantes.
1361 1541 1425 1567 Post
1446 1550 1476 1568 ea
1494 1549 1553 1576 qua:
1574 1541 1607 1568 de
1621 1541 1708 1568 Abra-

918 1589 979 1615 ham
1001 1587 1072 1614 dicta
1089 1591 1153 1614 sunt
1169 1594 1201 1613 cx
1217 1586 1309 1613 divino
1333 1595 1477 1621 responso.
1504 1586 1640 1622 signiﬁcat
1657 1594 1708 1613 ne-

69 1633 229 1668 τισήκωσίς
253 1635 327 1660 ἐστιν
341 1634 516 1669 ἀναψύχουσα
529 1635 542 1661 ὁ
553 1634 606 1661 τῶν
625 1633 782 1668 Αἰγυπτίων
807 1633 861 1659 δλε-

950 1638 1011 1661 ιιυιη
1042 1633 1129 1668 ipsius
1144 1640 1281 1660 aerumnas
1296 1634 1329 1659 ab
1346 1632 1481 1668 [Egyptiis
1498 1633 1625 1660 toleratas
1639 1639 1707 1668 qua-

71 1679 152 1714 θρος,
169 1679 198 1710 ὃς
213 1679 258 1706 ὑπ’
271 1679 354 1706 αὑτοῦ
371 1680 417 1707 τοῦ
433 1680 500 1707 Θεοῦ
519 1681 609 1712 αὐτοῖς
625 1679 694 1707 κατὰ
711 1679 758 1715 τὴν
789 1679 865 1714 Ἐρυι

73 1723 144 1760 θρὰν
163 1724 301 1752 θάλασσαν
323 1726 495 1762 ἐπηρτῆσθαι
520 1726 730 1761 ὑπεσημαῐνετο.
750 1726 793 1758 Ὧς
826 1725 864 1762 μὴ

71 1771 106 1806 τῇ
129 1771 251 1805 ὲπιφορᾷ
269 1772 324 1797 τῶν
348 1772 496 1804 ἀνιώντων,
521 1772 676 1806 ἀπόγνωσις
697 1772 752 1798 τῶν
773 1780 862 1807 σωτη-

74 1817 156 1851 ρίων,
173 1817 241 1852 πρὸς
267 1818 396 1844 ἀπιστίαν
421 1818 592 1853 ὲξολισθῆσαι
608 1817 748 1853 παράσχῃ.
765 1818 865 1844 Σκόπει

74 1863 125 1890 καὶ
141 1863 174 1889 τὸ
188 1864 319 1898 ἐχέγγυον
333 1864 381 1899 τῆς
405 1865 522 1896 πίστεως
538 1864 592 1892 τῶν
608 1865 863 1900 ἐπαγγελλομένων.

74 1909 161 1936 Ποῖον
172 1909 251 1936 τοῦτο
264 1917 272 1943 ;
289 1909 340 1944 τὴν
350 1910 501 1945 περιτομὴν
515 1910 569 1937 τῶν
583 1911 749 1945 γεννητικῶν
764 1910 866 1946 μορίων

75 1955 173 1986 αὐτοῖς
195 1954 284 1990 μόνοις
296 1956 346 1982 οὐκ
360 1956 449 1987 ἀλλοις
456 1956 593 1992 γνώριμον
607 1957 664 1988 τοῖς
683 1956 720 1992 μὴ
735 1956 867 1982 πεπονθό-

77 2008 132 2027 σιν.
157 2000 203 2032 Ἐξ
217 1997 254 2026 ὧν
269 2001 302 2036 δὴ
323 2001 432 2028 πάντων
449 2001 480 2028 τὸ
500 2002 638 2037 πειθήνιον
663 2003 713 2037 ὅρα
730 2002 782 2028 τῶν
800 2011 866 2037 χρη-

77 2045 282 2081 ματιζομένων.
313 2047 394 2073 Ἀλλὰ
406 2048 453 2074 καὶ
472 2048 537 2074 καθ’
555 2048 584 2075 ὃν
601 2049 696 2084 χρόνον
713 2049 730 2083 ὴ
746 2048 798 2075 τῶν
818 2056 867 2074 κα-

77 2093 272 2127 κουχουμένων
290 2094 404 2129 ἤγγιζεν
415 2094 514 2127 ἔξοδος,
529 2095 574 2120 ἐπὶ
594 2094 623 2120 τὸ
652 2094 782 2129 μᾶλλονή
811 2094 866 2120 τῶν

78 2137 240 2165 κακούντων
263 2139 340 2174 ὕϐρις
366 2139 511 2175 προϐᾶσα,
535 2139 585 2174 τὴν
605 2139 659 2166 τῶν
677 2139 797 2175 ἀρρένων
809 2139 869 2170 ταῖς

80 2184 178 2218 μαιαις
192 2184 294 2220 φθορὰν
309 2185 482 2222 εἰσηγήσατο.
498 2185 566 2211 Ἀλλ’
579 2185 626 2212 ἐπὶ
642 2185 690 2219 μὲν
703 2186 760 2216 ταῖς
775 2185 869 2217 ἄλλαις

78 2229 231 2262 κακώσεσι,
248 2232 277 2257 τὸ
293 2231 372 2258 πλέον
387 2232 449 2263 τοὺς
468 2232 653 2266 κακουμένους
679 2230 864 2266 πληθύνεσθαι

79 2276 256 2312 ὰντεξήγετο,
272 2278 387 2304 ἐνταῦθα
399 2278 427 2304 δὲ
446 2278 513 2312 πρὸς
526 2277 565 2314 τῷ
580 2278 738 2313 διαμαρτεῖν
753 2276 808 2303 τῶν
820 2285 869 2302 κα-

80 2324 294 2358 κουργημάτων,
321 2325 366 2350 καὶ
383 2324 464 2351 αὑτὸν
485 2324 588 2352 Μωσέα
608 2323 653 2350 τὸν
673 2322 866 2359 όλοθρεύσοντσ

80 2370 183 2400 αὐτοὺς
196 2370 272 2404 παρᾶ
296 2370 459 2405 προσδοκίαν
490 2369 627 2401 διασώζει,
657 2370 704 2396 καὶ
730 2369 866 2404 βασιλείου

81 2415 185 2450 τροφῆς
204 2416 272 2448 ἀξιοῖ
288 2416 335 2442 καὶ
351 2416 519 2452 ἐπιμελείας.
538 2416 610 2452 Πρδς
621 2415 689 2442 τίδὲ
705 2415 865 2451 παρελήφθη

82 2461 129 2487 καὶ
146 2460 240 2493 τοῦτο;
256 2460 328 2497 Πρὸς
344 2462 511 2498 ὑποδήλωσιν
523 2462 570 2489 τοῦ
588 2463 634 2490 καὶ
653 2462 700 2489 νῦν
718 2462 755 2497 μὴ
769 2463 866 2495 ἀπογι-

84 2505 210 2537 νώσκειν,
228 2507 290 2537 τοὺς
315 2507 386 2533 κατὰ
411 2507 530 2542 Χριστοῦ
546 2509 592 2534 καὶ
607 2509 660 2534 τῶν
672 2507 755 2534 αὐτοῦ
779 2507 866 2541 μαθη-

83 2552 136 2580 τῶν
152 2553 346 2588 ὁπλιζομένους
361 2554 415 2580 τῶν
427 2553 528 2587 ὁμοίων
543 2555 643 2589 τυχεῖν,
661 2555 689 2580 ὲν
704 2555 760 2584 τοῖς
776 2553 866 2587 ἔργοις

83 2598 137 2625 τῶν
158 2599 256 2634 χειρῶν
285 2600 374 2626 αὐτῶν
403 2600 682 2635 συλλαμὸανομένους.
710 2599 745 2626 Τδ
765 2599 793 2626 δὲ
818 2600 867 2633 τῆς

85 2646 234 2681 περιτομῆς
264 2648 376 2682 σημεῖον
401 2647 448 2673 ἐπὶ
481 2648 537 2678 τοῖς
564 2647 732 2681 γεννητικιίς
760 2645 865 2680 μορίοις

84 2691 162 2719 τοῦτο
177 2693 273 2726 δηλοῦν
287 2692 420 2728 βούλεται.
439 2693 475 2719 Τὸ
488 2693 674 2727 προκάλυμμα
685 2692 715 2718 τὸ
731 2693 786 2723 τοῖς
803 2700 865 2725 γεν-

86 2739 197 2774 νάρχαις
221 2740 250 2765 ἐν
274 2739 312 2774 τῷ
339 2739 505 2775 παραδείσω,
534 2738 622 2773 φθόνῳ
636 2737 682 2764 τοῦ
711 2737 866 2772 ἁρχεκάκου

86 2785 171 2821 δφεως
187 2787 319 2821 ὑποφυὲν,
336 2787 382 2821 ἀφ’
394 2784 424 2812 οὒ
437 2786 482 2812 καὶ
498 2785 718 2820 ἀξιοπιστότερος
735 2783 806 2816 ἔδοξε
819 2783 866 2808 τοῦ

87 2833 266 2869 πεποιηκότος
281 2833 349 2859 Θεοῦ
364 2833 428 2867 περὶ
444 2832 491 2866 τὴν
510 2831 603 2866 γεῦσιν
617 2831 663 2857 τοῦ
679 2830 768 2863 ξῢλου.
783 2829 868 2856 Τοῦτο

260 2883 395 2913 ΡΛΤΚΟΙ..
413 2882 469 2911 (in.
495 2879 634 2912 CXVIII.

916 1688 975 1707 rum
991 1680 1073 1707 etiam
1095 1680 1283 1714 compensatio
1300 1687 1438 1712 recreans,
1455 1679 1644 1715 [Egyptiornm
1663 1682 1706 1708 est

913 1727 1052 1757 interitus,
1068 1726 1113 1762 qui
1132 1726 1165 1753 ab
1183 1726 1242 1761 ipso
1260 1726 1314 1754 Deo
1331 1726 1386 1753 illis
1403 1727 1476 1753 circa
1493 1733 1566 1753 mare
1580 1726 1705 1754 Rubrum

914 1773 1080 1808 impendisse
1104 1772 1275 1807 significatus
1301 1776 1354 1805 est,
1370 1780 1403 1799 ne
1419 1771 1649 1799 discruciantium
1663 1779 1706 1799 re—

913 1826 973 1846 rum
1000 1819 1112 1854 impetu,
1129 1818 1286 1853 desperatio
1311 1818 1473 1846 salutarium
1502 1826 1614 1846 causam
1636 1825 1706 1853 prte-

916 1866 978 1893 brat
1004 1864 1159 1892 collahendi
1186 1865 1213 1891 in
1239 1864 1438 1892 infidelitatem.
1457 1864 1605 1893 Considera
1623 1865 1706 1892 etiam

916 1918 977 1945 qua:
1002 1910 1037 1938 sit
1058 1909 1119 1937 fidei
1136 1909 1271 1937 securitas
1296 1910 1330 1937 de
1355 1910 1398 1937 his
1423 1918 1483 1944 qua:
1499 1910 1705 1944 promittuntur.

917 1957 1045 1989 Qumnam
1061 1956 1106 1983 illa
1120 1959 1172 1988 est,
1191 1955 1316 1990 inquies?
1330 1954 1432 1990 Nempe
1447 1955 1518 1990 quod
1532 1955 1707 1983 circumcisio

916 2003 1075 2038 genitalium
1094 2001 1211 2037 partium
1237 2001 1304 2036 ipsis
1320 2001 1387 2029 solis
1401 2001 1476 2033 data,
1493 2001 1600 2036 insigne
1613 2001 1705 2034 fuerit,

919 2058 972 2076 non
991 2049 1024 2076 iis
1037 2048 1137 2084 quibus
1153 2055 1206 2074 non
1224 2048 1385 2083 contigerat.
1406 2047 1444 2074 Ex
1462 2048 1563 2082 quibus
1578 2047 1706 2075 omnibus

918 2105 1012 2124 eorum
1027 2096 1134 2124 intuere
1154 2095 1352 2128 obedientiam,
1369 2094 1414 2129 qui
1432 2093 1522 2121 divina
1544 2097 1707 2128 acceperant

920 2149 1059 2177 responsa.
1077 2141 1131 2169 Sed
1148 2147 1175 2169 et
1188 2146 1320 2177 tempore,
1339 2148 1395 2176 quo
1410 2140 1570 2167 afllietorum
1586 2140 1706 2167 instabat

919 2195 1059 2222 egressus,
1078 2187 1194 2222 amplius
1213 2194 1359 2221 progressa
1377 2191 1417 2213 est
1438 2185 1613 2220 aflligentium
1633 2185 1706 2220 inju—

919 2233 979 2264 ria,
1003 2239 1062 2266 quae
1090 2232 1253 2259 obstetrices
1272 2231 1424 2268 admonuit
1457 2230 1490 2257 ad
1521 2230 1705 2257 masculorum

920 2278 1112 2313 p-rditionem.
1130 2276 1230 2305 Verum
1255 2277 1281 2304 in
1305 2277 1366 2304 aliis
1390 2276 1498 2312 quidem
1514 2275 1707 2303 afﬂictionibus

883 2310 906 2338 Ῑ)
921 2310 946 2350 id
965 2324 1118 2359 oppositum
1144 2328 1185 2351 est
1208 2323 1281 2358 quod
1299 2310 1525 2358 aiuictivarnplius
1542 2322 1707 2356 multiplica-

920 2371 1030 2398 bantur.
1039 2369 1164 2405 6511εο
1176 2374 1265 2397 autem
1276 2369 1434 2405 improbitas
1446 2374 1625 2403 praeterquam
1633 2368 1705 2403 quod

921 2417 947 2444 in
971 2416 1050 2442 malis
1072 2416 1143 2442 dolis
1166 2415 1271 2443 intento
1292 2414 1486 2448 frusu'abatur,
1501 2413 1593 2442 Mosen
1612 2415 1705 2448 etiam.

920 2462 966 2496 qui
989 2462 1063 2496 ipsos
1089 2460 1249 2496 perditurus
1271 2466 1326 2487 erat
1353 2468 1449 2494 μυξη-τ
1475 2460 1705 2495 exspectationem

921 2506 1051 2537 servavit,
1065 2513 1096 2533 ac
1114 2506 1187 2540 regia
1202 2504 1363 2532 educatione
1379 2513 1499 2539 curaque
1514 2505 1625 2540 dignum
1640 2505 1706 2532 efl'e-

921 2552 966 2579 cit.
991 2550 1051 2584 Quo
1069 2555 1158 2578 autem
1180 2550 1233 2578 fine
1260 2550 1286 2578 id
1310 2557 1480 2585 assumptum
1501 2551 1560 2578 est?
1577 2550 1616 2577 Ad
1635 2551 1707 2578 indi-

921 2599 1037 2626 candqu
1059 2597 1133 2633 quod
1160 2605 1247 2632 neque
1266 2604 1340 2624 nunc
1363 2597 1514 2632 negandum
1541 2597 1576 2625 sit
1597 2597 1639 2629 iis,
1659 2596 1704 2630 qui

922 2644 1053 2671 adversus
1079 2643 1217 2670 Christum
1242 2642 1355 2677 ejusque
1381 2642 1530 2677 discipulos
1553 2646 1705 2674 armantur,

921 2690 1020 2717 similia
1041 2689 1212 2723 contingere,
1235 2690 1281 2722 qui
1302 2688 1328 2715 in
1343 2688 1471 2723 operibus
1490 2694 1618 2715 manuum
1643 2695 1708 2715 sua-

919 2745 978 2764 rum
993 2735 1273 2771 comprehenduntur.
1287 2734 1399 2770 Signum
1412 2742 1475 2762 vero
1486 2734 1706 2763 circumcisionis

918 2783 945 2810 in
963 2783 1087 2818 partibus
1110 2782 1279 2817 genitalibus
1303 2781 1328 2808 id
1349 2780 1503 2815 signiﬁcare
1525 2780 1593 2813 vult.
1610 2787 1707 2815 nempe

921 2829 1119 2865 operimentum
1133 2835 1187 2862 quo
1205 2834 1234 2855 se
1248 2827 1328 2862 primi
1350 2831 1476 2861 parentes
1494 2830 1662 2862 operuerunt
1679 2827 1706 2853 in

1529 2875 1547 2906 5
