1864 3052
138 149 190 182 159

681 151 762 180 (EEU
770 151 883 181 MENII
899 150 1043 180 TRICC/E
1061 150 1230 180 EPISCOPI

1711 150 1764 182 16»)

135 210 265 245 baptizati
280 212 358 236 erant
378 216 431 236 non
450 209 588 244 accepisse
619 208 749 243 Spiritum
778 213 897 235 sanctum

986 208 1075 239 ῦέντες
1091 208 1140 235 οὑκ
1154 206 1223 244 ἦσαν
1239 209 1364 240 λαϐόντες
1378 209 1489 244 Πνεῦμα
1505 209 1592 244 ἅγιον,
1613 211 1659 236 διὰ
1679 210 1712 236 τὸ
1726 212 1765 244 μὴ

135 263 168 281 eo
184 255 256 289 quod
272 254 374 282 donum
391 254 547 288 hujusmodi
561 261 614 281 non
638 255 749 282 haberet
769 265 774 281 :
792 255 918 290 quando-

135 301 257 335 quidem,
273 303 303 326 ut
319 300 450 332 diximus,
465 300 508 326 hic
523 307 592 326 unus
606 307 638 326 ex
655 305 758 335 septem
769 306 836 328 erat.
850 301 917 328 Nam

136 346 162 372 hi
179 346 307 373 virtutem
321 345 431 380 quidem
448 345 482 371 ad
509 345 613 372 edenda
639 345 718 380 signa
741 352 915 380 acceperunt,

136 398 189 417 non
209 395 298 418 autem
316 395 345 417 ut
365 391 471 417 ceteris
501 384 610 425 quoque
635 390 735 418 darent
758 391 916 425 hujusmodi

136 436 266 471 Spiritum
282 445 288 462 :
307 436 357 463 hoc
370 436 442 463 enim
461 437 591 470 apostolis
610 441 749 463 servatum
763 440 832 464 erat.
844 437 917 464 Prm-

134 485 206 507 terea
220 480 362 514 Philippus
379 481 404 507 in
429 488 485 512 eos,
511 479 556 514 qui
586 487 600 506 a
624 488 654 508 se
683 481 810 515 baptizati
838 485 917 508 erant

134 526 265 560 Spiritum
279 520 353 553 illabi
370 534 423 552 non
436 526 510 558 fecit,
531 527 668 554 honorans
699 526 826 554 videlicet
854 534 917 561 apo-

132 571 227 598 stolos.
244 571 335 605 Neque
351 572 423 598 enim
439 575 569 606 tanquam
599 572 723 606 abiectus
743 577 769 599 et
786 573 915 607 indignus

132 615 251 652 (quando
267 617 348 643 etiam
368 617 400 643 de
415 617 475 651 ipso
501 617 641 652 proditum
664 622 706 645 est
736 619 809 653 quod
836 619 913 653 signa

130 662 246 688 ediderit
263 661 290 688 in
303 662 468 690 sanitatibus
491 663 659 696 morborum,
679 663 915 698 ejectionibusque

129 708 308 743 daemonum),
328 708 376 735 sed
396 708 470 743 quod
492 716 548 736 non
568 709 699 743 oraverit,
730 714 760 737 ut
788 710 840 737 hoc
859 710 914 737 illis

129 752 309 787 contingeret,
325 753 447 779 nondum
478 753 605 781 videlicet.
630 754 700 789 aptis
728 755 759 781 ad
793 754 914 789 Spiritus

130 798 334 832 susceptionem
353 808 360 825 :
377 798 486 833 quando
499 803 526 826 et
539 798 634 826 Simon
650 800 696 834 qui
718 799 753 827 ab
765 807 798 827 eo
823 800 913 834 bapti-

130 847 205 870 zatus
224 847 294 876 erat,
315 852 376 879 qua:
390 844 482 872 carnis
494 849 559 872 sunt
580 844 671 872 adhuc
696 845 816 880 sapiens,
834 851 911 880 pete-

969 254 1040 289 ἔχειν
1055 255 1177 290 χάρισμα
1207 255 1325 281 τοιοῦτον
1337 262 1344 270 ·
1364 257 1456 290 ἐπειδὴ
1480 252 1567 288 οὗτος,
1583 257 1621 288 ὡς
1636 256 1764 291 ἔφημεν,

967 298 1008 331 εἷς
1027 300 1081 326 τῶν
1103 301 1173 327 ἑπτὰ
1200 299 1243 335 ἦν.
1265 299 1342 327 Οὗτοι
1360 302 1413 335 γὰρ
1437 302 1565 336 δυνάμεις
1584 303 1632 336 μὲν
1659 302 1765 329 ἔλαϐον

968 347 1054 371 ποιεῖν
1083 347 1193 380 σημεῖα,
1208 347 1268 380 οὐχ).
1284 347 1312 372 δὲ
1330 349 1374 373 καὶ
1387 346 1497 381 Πνεῦμα
1510 347 1609 374 διδόναι
1629 349 1745 381 ἑτέροις
1757 358 1763 363 ·

967 390 1045 416 τοῦτο
1060 391 1114 426 γὰρ
1128 389 1162 426 ἦν
1187 391 1217 416 τὸ
1231 391 1285 417 τῶν
1301 392 1457 418 ἀποστόλων
1481 392 1629 426 ἐξαίρετον.
1647 393 1764 424 Ἄλλως

965 444 995 462 τε
1009 435 1036 462 δὲ
1053 436 1083 462 οὺ
1101 437 1239 471 κατήγαγε
1267 436 1297 462 τὸ
1318 437 1431 471 Πνεῦμα
1447 438 1460 463 ὁ
1483 437 1615 469 Φίλιππος
1626 439 1675 463 ἐπὶ
1696 439 1764 468 τοὺς

966 481 1012 507 ὑπ’
1022 481 1103 508 αὑτοῦ
1117 482 1325 516 βαπτισθέντας,
1335 484 1393 517 ἦτοι
1404 483 1491 517 τιμῶν
1502 484 1563 515 τοὺς
1575 484 1761 515 ἀποστόλους.

966 527 1002 552 Οὐ
1019 527 1073 560 γὰρ
1090 527 1128 558 ὡς
1147 527 1257 562 εὐτελὴς
1285 528 1332 554 καὶ
1344 528 1450 560 ἀνάξιος
1474 530 1564 562 (ὁπότε
1597 531 1644 555 καὶ
1672 530 1762 562 αὐτὸς

965 572 1108 607 ἀνεγράφη
1135 575 1235 608 σημεῖα
1258 574 1414 606 πεποιηκὼς
1430 575 1457 599 ἐν
1482 575 1568 600 ἰάσεσι
1583 575 1684 608 νόσων,
1712 576 1762 602 καὶ

964 617 1087 646 ἐκϐολαῖξ
1104 619 1260 653 δαιμόνων),
1277 619 1335 645 ἀλλ’
1345 620 1385 645 ὃτι
1396 620 1445 645 οὐκ
1455 620 1556 652 ηῠξατο
1569 620 1648 646 τοῦτο
1660 622 1761 652 αὐτοῖς

965 662 1094 697 ὑπάρξαι,
1109 663 1147 694 ὡς
1167 664 1259 698 ἀκμὴν
1282 664 1319 699 μὴ
1334 663 1408 690 οὖσιν
1423 665 1586 699 ἐπιτηδείοις
1608 668 1678 700 πρὶς
1707 667 1760 701 τὴν

963 707 1010 733 τοῦ
1027 708 1184 742 Πνεύματος
1198 709 1342 743 ὑποδοχὴν,
1358 710 1437 735 ὁπότε
1450 710 1497 736 καὶ
1514 711 1527 736 ό
1546 711 1636 745 Σίμων
1654 711 1761 745 βαπτι-

965 753 1037 784 σθεὶς
1055 753 1100 780 ὑπ’
1119 754 1212 787 αὐτοῦ,
1235 755 1328 789 ἀκμὴν
1341 755 1373 781 τὰ
1386 757 1434 788 τῆς
1451 755 1552 790 σαρκὸς
1569 757 1677 790 φρονῶν
1693 757 1758 791 ᾔτει

964 799 1024 830 τοὺς
1038 799 1203 830 ἀποστόλους
1216 799 1260 826 διὰ
1276 801 1424 835 χρημάτων
1438 800 1537 832 δόσεως
1562 801 1655 827 λαϐεῖν
1673 802 1757 835 ἐξου-

965 844 1035 877 σίαν,
1054 841 1076 878 ᾧ
1099 845 1145 870 ἐὰν
1158 844 1237 879 ἐθέλῃ
1262 845 1306 872 διὰ
1324 845 1373 880 τῆς
1398 845 1452 872 τῶν
1477 845 1577 881 χειρῶν
1601 846 1758 880 ἐπιθέσεως

129 887 175 913 bat
188 887 222 914 ab
233 888 365 922 apostolis
377 888 448 916 dono
458 889 635 924 pecuniarum
647 890 774 925 accipere
789 895 894 924 potesta

986 889 1053 916 δῦναι
1067 889 1176 924 Πνεῦμα
1190 889 1277 923 ἅγιον.

131 937 195 965 tem,
229 937 259 961 ut
287 935 441 970 cuicunque
465 935 558 969 vellet,
583 943 711 964 manuum
737 937 911 972 impositione

128 980 206 1007 daret
219 979 351 1014 Spiritum
364 985 506 1009 sanctum.

165 1024 232 1057 Vlll.
249 1026 293 1057 18,
310 1027 355 1053 t9.
372 1035 381 1052 ‹
407 1026 525 1055 lntuitus
549 1033 638 1056 autem
654 1029 748 1057 Simon
774 1030 846 1064 quod
863 1038 911 1066 per

131 1078 141 1094 α
164 1070 365 1104 impositionem
382 1079 510 1099 manuum
548 1075 733 1108 apostolorum
746 1074 859 1102 daretur
870 1077 910 1103 eis

131 1123 141 1140 ‹
161 1113 281 1149 Spiritus
307 1120 429 1150 sanctus,
455 1118 552 1144 obtulit
582 1119 622 1146 eis
633 1120 775 1154 pecunias,
793 1121 907 1149 dicens:

130 1167 140 1184 t
159 1158 224 1186 Date
236 1164 262 1187 et
280 1161 345 1187 mihi
365 1166 526 1196 potestatem
540 1163 633 1196 istam,
647 1168 676 1191 ut
691 1165 845 1199 cuicunque
859 1165 910 1192 im-

129 1212 139 1230 ι
161 1212 279 1239 posuero
299 1214 406 1240 manus,
419 1208 537 1242 accipiat
553 1208 685 1243 Spiritum
704 1214 841 1238 sanctum.
861 1219 870 1235 ι

162 1251 302 1280 Scelestus
317 1253 360 1281 hic
382 1253 476 1281 Simon
488 1254 543 1281 non
564 1255 625 1283 ﬁdei
648 1257 746 1290 gratia,
778 1256 908 1291 pecunias

125 1296 253 1331 oderens,
270 1299 322 1327 hoc
335 1299 387 1327 sibi
411 1301 573 1336 contingere
591 1301 718 1336 cupiebat
747 1310 755 1329 :
782 1302 829 1329 sed
855 1309 907 1336 quo

126 1343 178 1370 sibi
193 1349 316 1378 quaestus
339 1353 371 1373 ac
400 1348 512 1374 occasio
543 1348 722 1382 pecuniarum
738 1349 789 1375 boc
821 1348 906 1376 ﬁeret.

125 1388 247 1416 Accessit
259 1390 344 1422 enim,
365 1395 394 1418 ιιι
416 1396 533 1427 accepta
554 1392 715 1426 huiusmodi
733 1393 820 1426 gratia
839 1393 908 1420 dite-

125 1439 216 1463 seeret
228 1443 275 1471 per
289 1437 367 1472 signa
385 1446 393 1464 :
408 1438 637 1472 quemadmodum
654 1443 732 1466 antea
747 1439 907 1474 imaginaria

124 1485 212 1508 Solum
231 1489 348 1516 operans
377 1483 534 1510 daemonum
568 1483 682 1516 auxilio,
713 1484 771 1511 sive
797 1488 906 1512 tentans

123 1527 260 1562 apostolos
273 1528 324 1555 hoc
340 1528 467 1560 faciebat,
482 1529 576 1556 volens
588 1530 796 1556 accusationem
810 1537 905 1564 eapes~
919 1548 939 1576 ε

123 1581 193 1601 sere.
206 1573 267 1601 Ideo
278 1574 361 1601 etiam
375 1575 452 1602 audit
466 1584 472 1601 :
490 1584 500 1600 ί
517 1574 575 1602 Νοη
590 1579 631 1602 est
654 1575 701 1602 tibi
716 1583 778 1610 pars
790 1576 817 1603 in
843 1584 903 1604 ser-

123 1627 202 1646 mone
215 1620 277 1653 isto,
292 1628 341 1648 cor
362 1622 434 1648 enim
457 1625 533 1647 tuum
553 1629 607 1649 non
627 1625 668 1648 cst
689 1627 793 1649 rectum
812 1629 904 1649 coram

122 1664 186 1693 Deo.
205 1665 347 1701 Resipisce
367 1667 450 1701 igitur
461 1667 484 1694 si
502 1666 571 1694 forte
580 1667 736 1695 remittatur
752 1668 799 1695 tibi
814 1675 908 1703 pecca-

122 1715 178 1738 tum
194 1711 226 1740 ⁸³.
246 1721 256 1737 ι
275 1712 442 1740 Ριιωνίᾱεγαι
461 1719 580 1747 namque
595 1713 693 1741 Petrus
716 1721 778 1741 eum
790 1714 824 1741 ad
853 1721 906 1749 pm.

122 1755 264 1783 nitentiam
280 1764 333 1784 non
348 1757 576 1790 convertendum,
591 1763 734 1792 propterea
749 1757 826 1790 dicit,
847 1768 855 1784 t
877 1758 905 1786 Si

122 1801 193 1830 forte
226 1804 393 1830 remittatur.
423 1811 432 1828 ι
465 1802 533 1830 Illud
557 1803 692 1838 siquidem
722 1804 793 1838 quod
818 1805 905 1836 addit.

123 1856 133 1873 ο
150 1847 231 1876 Orate
242 1856 302 1880 vos,
320 1857 328 1874 ι
343 1855 396 1875 non
411 1848 579 1882 poenitentia:
589 1854 631 1877 est
642 1853 688 1876 aut
703 1849 904 1883 conversionis,

119 1893 175 1928 80
192 1894 241 1921 sed
260 1893 440 1921 defunctorie
457 1897 563 1921 tantum
589 1895 760 1930 purgationis
774 1898 904 1929 prtetextu

119 1939 226 1967 dicebat
251 1939 318 1967 :ubi
347 1939 416 1966 enim
447 1939 574 1975 lacrymae
605 1943 670 1967 sunt
692 1944 719 1967 et
745 1940 905 1968 confessio?

119 1985 175 2012 lioc
186 1991 277 2013 autem
290 1987 462 2013 demonstrat
474 1994 532 2013 rem
544 1978 742 2015 esse‘corrcctu
757 1986 902 2021 difﬁcilem,

118 2030 260 2064 multaque
279 2029 439 2064 paenitentia
466 2038 537 2065 opus
560 2031 673 2064 habere,
691 2031 713 2059 si
727 2032 773 2066 qui
787 2032 814 2059 in
831 2040 905 2060 eam-

118 2075 179 2102 dem
198 2083 254 2102 rem
283 2075 405 2102 divinam
428 2076 579 2109 oﬂendant,
605 2077 729 2112 inquam
751 2076 861 2105 offendit
877 2083 905 2106 et

119 2121 228 2154 Simon,
245 2121 291 2156 qui
318 2121 495 2149 existimabat
517 2123 650 2158 Spiritum
678 2128 804 2151 sanctum
822 2132 905 2160 pecu-

117 2166 170 2194 nire
180 2166 367 2195 obsecundare
383 2168 417 2194 ad
443 2168 592 2196 eﬂicaciam
608 2169 776 2204 operationis
795 2169 902 2198 baben-

116 2213 189 2240 dam.
918 2221 938 2246 ῃ

415 2258 531 2287 CAPUT
553 2259 599 2287 IV.

116 2302 193 2336 Quod
208 2311 259 2341 non
273 2309 380 2341 argento
395 2313 476 2340 neque
500 2307 710 2341 simulataribus,
726 2309 772 2336 sed
796 2309 895 2336 sanctis

148 2346 195 2372 per
209 2339 287 2372 ﬁdem
304 2340 421 2372 Spiritus
435 2342 521 2368 sancti
534 2339 737 2370 communicatio
751 2344 832 2370 datur
846 2352 855 2370 ε
871 2345 898 2370 in

148 2381 198 2411 quo
215 2375 293 2411 etiaut
322 2380 455 2411 poliuntur
476 2384 534 2411 qum
549 2383 609 2404 sunt
632 2377 664 2405 de
679 2379 855 2406 simulatione
870 2387 902 2405 ac

149 2409 331 2443 objurgatione
347 2408 473 2442 Simonis.

149 2453 216 2485 Vlll,
235 2454 329 2481 19-25.
350 2464 360 2480 (
380 2454 477 2483 Petrus
492 2461 584 2484 autem
601 2458 671 2485 dixit
688 2458 722 2485 ad
738 2466 800 2485 eum
821 2467 827 2485 :
848 2457 898 2485 Pe-

117 2499 224 2526 t’cunia
244 2503 291 2527 tua
316 2503 406 2528 tecum
437 2501 474 2528 sit
487 2501 515 2529 in
540 2503 736 2537 perditionem,
769 2503 898 2538 quoniam

116 2553 127 2571 ‹
142 2545 243 2572 domnn
269 2545 313 2572 Dei
329 2546 495 2574 existimasti
516 2549 641 2583 pecuniis
667 2548 768 2583 parari.
784 2547 842 2575 Non
858 2553 901 2576 est

116 2598 126 2615 ‹
142 2590 188 2617 tibi
204 2598 267 2625 pars
281 2599 370 2627 neque
382 2599 444 2620 sors
460 2593 487 2620 in
500 2601 628 2622 sermone
647 2594 702 2621 isto
727 2603 733 2621 :
749 2601 798 2621 cor
824 2592 898 2621 enim

116 2645 127 2662 ι
141 2641 215 2663 tuum
235 2644 287 2664 non
302 2642 343 2665 est
352 2643 457 2666 rectum
475 2647 568 2666 coram
578 2639 643 2667 Deo.
660 2639 802 2675 Resipisce
815 2640 899 2674 igitur

116 2691 127 2708 ι
146 2682 180 2708 ab
203 2683 253 2709 hoc
264 2683 341 2716 vitio,
357 2688 384 2711 et
407 2692 471 2720 roga
497 2684 580 2711 Deum
597 2685 619 2712 si
645 2684 715 2712 forte
744 2686 899 2713 remittatur

117 2735 127 2752 α
145 2725 193 2753 tibi
209 2727 338 2761 cogitatio
355 2729 448 2756 cordis
469 2729 518 2755 tui.
533 2729 601 2756 Nam
619 2730 646 2757 in
664 2729 726 2758 felle
740 2731 899 2759 amaritudi-

116 2779 127 2797 ι
146 2771 188 2799 nis
205 2771 400 2806 etgcollatione
429 2773 584 2807 iniquitatis
600 2774 680 2804 video
703 2779 730 2806 te
748 2784 819 2806 esse.
844 2776 898 2805 lie-

150 2850 174 2867 "
185 2849 248 2879 Aet.
259 2851 422 2883 “11,21,972

1002 1033 1010 1048 ι
1029 1023 1200 1056 Θεασάμενος
1214 1023 1241 1048 δὲ
1258 1024 1270 1049 ὁ
1296 1024 1396 1056 Σίμων,
1409 1024 1449 1050 ὅτι
1465 1024 1509 1050 διὰ
1529 1024 1579 1059 τῆς
1599 1025 1756 1056 ἐπιθέσεως

966 1078 974 1094 ‹
984 1069 1037 1095 τῶν
1051 1068 1150 1104 χειρῶν
1164 1069 1218 1094 τῶν
1234 1069 1390 1096 ἀποστόλων
1415 1069 1515 1096 δίδοται
1531 1070 1560 1096 τὸ
1578 1070 1694 1105 Πνεῦμα
1720 1071 1756 1098 τδ

964 1123 973 1140 ι
985 1114 1071 1148 ἅγιον,
1090 1115 1277 1150 προσήνεγκεν
1294 1115 1386 1146 αὐτοῖς
1408 1116 1547 1150 χρήματα,
1561 1116 1666 1150 λέγων’
1683 1117 1754 1143 Δότε

964 1170 972 1186 ‹
984 1160 1066 1194 κάμοὶ
1088 1159 1136 1194 τὴν
1157 1160 1279 1192 ἐξουσίαν
1294 1161 1404 1195 ταύτην,
1419 1160 1468 1187 ἵνα
1486 1158 1507 1195 ᾧ
1519 1161 1566 1188 ἐὰν
1590 1161 1681 1188 ἐπιθῶ
1700 1163 1752 1194 τὰς

964 1215 972 1230 ‹
985 1207 1086 1241 χεῖρας,
1108 1205 1234 1240 λαμϐάνῃ
1248 1205 1358 1240 Πνεῦμα
1376 1206 1463 1239 ἅγιον.
1476 1215 1485 1231 ι

1001 1252 1029 1278 '0
1044 1251 1139 1286 μιαρὸς
1157 1249 1231 1283 οὗτος
1247 1252 1347 1286 Σίμων,
1369 1252 1398 1279 οὐ
1416 1253 1533 1284 πίστεως
1549 1252 1641 1279 ἕνεκεν
1658 1261 1751 1288 προσ-

961 1297 1052 1332 φέρων
1080 1297 1112 1323 τὰ
1137 1297 1276 1332 χρήματα,
1291 1298 1350 1333 ᾔτει
1364 1297 1444 1324 τοῦτο
1451 1299 1577 1332 γενέσθαι
1590 1299 1676 1333 αὐτῷ,
1691 1299 1753 1326 ἀλλ’

960 1342 1030 1368 ὥστε
1063 1342 1197 1377 πορισμὸν
1215 1343 1291 1378 αὐτῷ
1314 1343 1463 1378 χρημάτων
1484 1345 1530 1370 καὶ
1553 1345 1681 1380 ἀφορμὴν
1705 1354 1753 1380 γε-

962 1388 1052 1415 νέσθαι
1067 1389 1145 1415 τοῦτο
1172 1389 1310 1424 Προσῆλθε
1325 1390 1379 1423 γὰρ
1396 1389 1476 1422 ὥστε,
1496 1390 1641 1425 δεξάμενος
1654 1391 1754 1418 τοιαύ-

959 1435 1105 1470 ηνχάριν,
1120 1435 1268 1469 πλουτῆσαι
1286 1435 1330 1461 διὰ
1340 1436 1394 1461 τῶν
1413 1436 1546 1470 σημείων,
1564 1436 1634 1463 κατὰ
1651 1437 1750 1472 πρώην

957 1480 1105 1514 φαντασίαν
1119 1480 1238 1515 ἐνεργῶν
1267 1481 1312 1508 διὰ
1337 1482 1389 1507 τῶν
1406 1481 1550 1516 δαιμόνων,
1572 1483 1631 1518 ἦτοι
1644 1483 1747 1518 πειρά-

957 1526 1010 1558 ζων
1026 1527 1089 1558 τοὺς
1105 1527 1267 1558 ἀποστόλους
1278 1526 1360 1553 τοῦτο
1374 1527 1471 1558 ἐποίει,
1488 1527 1650 1562 βουλόμενος
1675 1537 1746 1555 κατ-

956 1572 1070 1608 ηγορίαν
1100 1572 1268 1607 περιϐαλεῖν.
1285 1572 1331 1599 Διὸ
1341 1573 1388 1600 καὶ
1402 1573 1497 1600 ἀκούει
1509 1583 1516 1590 ·
1533 1584 1543 1600 t
1557 1575 1614 1601 οὐκ
1630 1575 1690 1602 ἐστι
1705 1584 1748 1602 σοι

958 1619 1036 1653 μερὶς
1051 1619 1079 1644 ἐν
1093 1618 1131 1652 τῷ
1145 1618 1216 1654 λόγῳ
1226 1618 1322 1654 τούτῳ
1337 1620 1352 1654 ἡ
1367 1619 1421 1654 γὰρ
1436 1619 1534 1654 καρδία
1549 1629 1594 1647 σου
1610 1621 1660 1648 οὐκ
1671 1621 1748 1648 ἔστιν

956 1664 1048 1691 εὐθεῖα
1061 1663 1176 1690 ἐνώπιον
1202 1663 1248 1690 τοῦ
1264 1664 1342 1691 BMG.
1359 1665 1534 1700 Μετανύησον
1548 1663 1604 1699 οὖν,
1634 1667 1658 1692 εί
1683 1667 1740 1702 ἄρα

956 1709 1121 1745 ἀφεθήσεταί
1137 1718 1179 1736 σοι
1192 1709 1222 1736 τὸ
1236 1709 1543 1746 ἁμάρτημα.›Προῄδει
1553 1711 1607 1746 γὰρ
1624 1711 1707 1738 αὑτὸν
1732 1711 1746 1737 ὸ

957 1755 1058 1790 Πέτρος
1071 1755 1107 1790 μὴ
1122 1755 1190 1791 πρὸς
1214 1755 1359 1790 μετάνοιαν
1373 1756 1580 1790 ἐπιστρέψοντα.
1599 1757 1647 1784 Διά
1663 1757 1745 1784 τοῦτό

956 1809 1048 1834 φησιν,
1077 1800 1130 1827 (Εἰ
1157 1800 1324 1836 ἀφεθήσεταί
1351 1809 1421 1828 σοι.ι
1455 1801 1490 1827 Τὸ
1505 1801 1570 1837 γὰρ,
1595 1811 1604 1827 t
1621 1802 1744 1837 Δεήθητε

956 1847 1044 1881 ὑμεῖς,
1060 1857 1069 1872 ι
1085 1847 1115 1874 οὐ
1132 1847 1275 1882 μετανοίας
1291 1847 1336 1874 καὶ
1364 1847 1541 1882 ἐπιστροφῆς,
1566 1848 1633 1875 ἀλλὰ
1662 1849 1746 1883 μόνον

955 1893 1128 1927 ἀφοσιώσεως
1143 1893 1224 1920 ἕνεκα
1237 1892 1306 1927 ἔφη·
1327 1893 1398 1925 ἐπεὶ,
1427 1891 1479 1918 ποῦ
1507 1893 1541 1919 τὰ
1565 1893 1672 1928 δάκρυα
1695 1893 1744 1920 καὶ

954 1940 970 1973 ἡ
1005 1938 1217 1974 ὲξομολόγησις;
1248 1937 1333 1965 Τοῦτο
1360 1938 1388 1965 δέ
1413 1937 1566 1970 δεικνύντος
1592 1938 1666 1965 ἐστὶν
1705 1939 1743 1970 ὡς

954 1984 1174 2020 δυσκατόρθωτον
1207 1984 1237 2010 τὸ
1262 1985 1388 2019 πρᾶγμα,
1421 1984 1468 2011 καὶ
1493 1984 1594 2019 πολλῆς
1616 1985 1744 2020 δεόμενον

956 2030 1110 2065 μετανοίας,
1136 2030 1194 2061 τοῖς
1208 2030 1248 2061 είς
1265 2029 1330 2056 αὐτὸ
1351 2029 1380 2055 τὸ
1404 2029 1474 2056 Θεῖον
1492 2029 1741 2065 ἐξαμαρτάνουσιν,

954 2075 993 2106 εἰς
1007 2074 1021 2100 ὃ
1036 2074 1084 2100 καὶ
1103 2074 1194 2109 Σίμων
1209 2074 1374 2109 ἐξήμαρτεν,
1387 2074 1518 2110 ἀργυρίου
1536 2075 1684 2102 ὑπακούειν
1701 2076 1743 2106 εις

954 2120 1004 2152 τὰς
1018 2120 1160 2156 ἐνεργείας
1171 2121 1201 2147 τὸ
1218 2119 1330 2155 Πνεῦμα
1345 2121 1375 2146 τὸ
1393 2120 1469 2155 ἅγιον
1485 2122 1669 2157 ἡγησάμενος.

1243 2256 1368 2282 ΚΕΦΑΛ.
1394 2255 1446 2281 1Α’.

950 2305 1015 2332 "Ott
1028 2306 1083 2331 οὐκ
1098 2303 1240 2337 ἀργυρίου
1258 2301 1329 2328 οὐδὲ
1340 2302 1530 2337 ᾧπωιριταῖς,
1551 2302 1630 2328 ἀλλὰ
1644 2303 1741 2336 ἁγίοις

985 2340 1034 2366 διὰ
1051 2335 1218 2371 πίστει.)ρῌτὶ
1241 2335 1353 2370 μετοχὴ
1381 2336 1434 2362 τοῦ
1453 2337 1540 2371 ἁγίου
1568 2337 1740 2370 Πνεύματσς

988 2374 1115 2400 δίδοται·
1129 2373 1163 2399 ἐν
1176 2369 1200 2405 ᾧ
1216 2369 1251 2398 τᾶ
1268 2372 1335 2405 περὶ
1346 2369 1531 2403 ὑποκρίσεως
1551 2371 1599 2397 καὶ
1613 2369 1740 2404 edim/ly}.

988 2409 1062 2441 ξεως
1078 2408 1220 2442 Σίμωνος.

991 2465 999 2481 t
1011 2455 1115 2489 Πέτρος
1131 2453 1160 2480 δὲ
1170 2451 1230 2479 εἷπε
1246 2453 1314 2488 πρὸς
1329 2452 1419 2479 αὐτόν·
1433 2453 1469 2478 Τὸ
1485 2451 1614 2486 ἀργύριόν
1630 2460 1675 2478 σου
1691 2452 1740 2478 σὺν

954 2511 962 2527 t
975 2501 1016 2528 σοὶ
1028 2501 1070 2535 εἴη
1087 2500 1125 2531 εἰς
1140 2498 1285 2530 ἀπώλειαν,
1299 2498 1339 2524 ὃτι
1355 2498 1403 2533 τὴν
1419 2498 1523 2533 δωρεὰν
1535 2497 1583 2524 τοῦ
1595 2497 1661 2523 Θεοῦ
1680 2498 1738 2523 ἐνὸ-

956 2556 965 2573 (
980 2555 1060 2582 μισας
1090 2545 1133 2572 διὰ
1147 2544 1294 2580 χρημάτων
1309 2544 1439 2570 κτᾶσθαι.
1455 2543 1510 2569 Οὔκ
1526 2543 1584 2568 ἔστι
1606 2551 1646 2568 σοι
1660 2551 1692 2576 με
1699 2543 1739 2576 ρπς

955 2591 1035 2618 «οὐδὲ
1048 2590 1148 2625 κλῆρος
1167 2589 1195 2614 ἐν
1213 2587 1251 2622 τῷ
1266 2587 1336 2621 λόγῳ
1353 2587 1454 2622 τούτῳ·
1477 2588 1493 2621 ἡ
1510 2587 1563 2621 γὰρ
1578 2587 1675 2621 καρδία
1693 2595 1738 2613 σου

955 2637 1026 2663 tofm
1050 2635 1123 2662 ἐστιν
1150 2634 1242 2661 εὐθεῖα
1265 2633 1380 2659 ἐνώπιον
1402 2632 1449 2659 τοῦ
1469 2632 1547 2660 Θεοῦ.
1563 2633 1738 2666 Μετανόητον

956 2693 964 2709 t
974 2683 1020 2709 οὖν
1047 2681 1102 2708 ἀπὸ
1114 2680 1163 2714 τῆς
1178 2679 1276 2710 κακίας
1288 2687 1335 2704 σου
1348 2677 1447 2712 ταύτης
1461 2686 1468 2710 ;
1485 2679 1532 2704 καὶ
1551 2678 1662 2713 δεήθητι
1690 2677 1737 2704 τοῦ

954 2740 964 2757 t
976 2728 1054 2761 Θεοῦ,
1071 2728 1095 2754 εί
1106 2727 1160 2762 ἀρα
1175 2719 1341 2760 ἀφεθήσεταί
1355 2732 1394 2750 σοι
1408 2725 1424 2757 ὴ
1446 2723 1552 2750 ἐπίνοια
1566 2724 1615 2758 τῆς
1626 2723 1737 2758 καρδίας

954 2785 963 2801 t
979 2782 1036 2801 σου.
1049 2773 1094 2803 Εἰς
1106 2771 1160 2806 γὰρ
1175 2770 1256 2805 χολὴν
1269 2768 1392 2804 πικρίας,
1408 2769 1455 2796 καὶ
1471 2768 1618 2803 σύνδεσμον
1628 2767 1736 2799 ἀδικίας
