1864 3052
81 132 132 165 lui

565 126 761 158 COMMENT.
781 125 822 156 ΙΝ
847 124 942 156 ACTA
959 124 1248 155 APOS’I‘OLORUM.

1659 128 1712 161 162

83 199 92 216 ι
106 190 163 226 ὸρὦ
185 198 214 217 σε
229 190 303 217 ὄντα.
324 186 497 223 ’Δποκριθιὶς
509 186 538 213 δὲ
553 186 567 213 ὸ
582 185 685 220 Σίμων,
706 183 765 212 εἷπε
777 193 783 201 ·
800 185 862 219 Δεή·

958 183 1090 219 spondens
1103 187 1194 211 autem
1212 183 1307 211 Simon
1334 184 1403 212 dixit
1417 194 1423 212 :
1439 185 1522 214 Orate
1536 194 1585 215 vos
1600 195 1651 222 pro
1665 196 1709 217 me

82 247 90 262 ι
105 237 171 272 θητε
187 237 266 271 ὑμεῖς
281 235 352 270 ὑπὲρ
367 234 434 270 ἐμοῦ
446 233 514 269 πρὸς
529 232 575 259 τὸν
598 233 713 268 Κύριον,
731 232 804 262 ὅπως
821 240 872 266 μη-

83 292 91 307 ι
107 282 151 308 δὲν
170 281 273 316 ἐπέλθῃ
289 279 334 306 ἐπ’
345 279 406 315 ἐμὲ,
421 274 458 305 ὧν
481 277 621 312 εἰρήκατε.
639 277 671 303 Οί
690 276 739 310 μὲν
756 273 802 302 οὖν
816 276 869 302 δια-

78 337 86 353 ι
103 327 311 362 μαρτυράμενοι
336 325 382 352 καὶ
407 324 574 359 λαλήσαντες
589 323 635 350 τὸν
657 321 737 356 λόγον
749 321 796 348 τοῦ
813 322 867 348 Κυ-

79 383 87 399 ι
103 373 178 408 ρίου,
207 371 382 406 ὑπέστρεψαν
409 371 450 401 είς
481 369 675 404 Ἰερουσαλὴμ,
709 367 811 399 πολλάς
838 376 868 394 τε

77 426 86 442 ι
100 416 200 450 κώμας
218 415 272 441 τῶν
287 414 466 449 Σαμαρειτῶν
479 413 704 448 εὐηγγελίσαντι..
721 421 731 439 ›

113 470 122 486 ι
134 461 172 486 Τὸ
185 459 315 494 ἀργύριόν
328 467 375 484 σου
390 458 438 485 σὺν
452 457 504 485 σοί.
525 467 534 483 ι
553 458 610 484 οὐκ
619 457 677 484 εστι
697 456 782 484 ταῦτα
797 457 867 493 ἀρω-

75 507 172 540 μένου,
186 505 256 532 ἀλλὰ
278 504 465 536 παιδεύοντος,
480 503 518 535 ὡς
536 503 569 531 ἄν
585 512 625 534 τις
637 503 727 537 araret-9
738 503 774 530 Τὸ
787 503 869 538 ἀργύ-

73 551 134 586 ριόν
153 559 200 577 σου
217 551 395 578 συναπόλοιτὸ
411 558 452 576 σοι
469 549 538 585 μετὰ
556 549 606 585 τῆς
621 549 816 585 προαιρέσεως.
830 549 867 575 Οὐ

72 597 185 629 κολάζει
194 597 222 623 δὲ
233 596 280 623 νῦν
295 596 341 623 τὸν
353 596 466 629 Σίμωνα
481 595 495 621 ὀ
509 595 611 631 Πέτρος
625 595 699 621 καθὰ
710 595 757 621 καὶ
773 594 868 630 πρώην

72 643 122 668 τὸν
142 642 335 674 ’Δνανῐανλνα
347 641 423 676 δείξῃ
437 642 478 668 ὃτι
501 641 552 668 οὐκ
576 641 700 676 ἀνάγκης
725 642 741 676 ἡ
765 641 868 673 πίστις,

73 688 133 714 ἀλλ’
152 689 195 714 ἵνα
205 688 252 715 καὶ
267 688 301 714 τὰ
319 690 369 723 τῆς
383 688 529 723 μετανοίας
540 688 686 722 εἰσαγάγῃ.
712 687 808 722 Ἄρκεϊ
815 687 869 721 γὰρ

73 734 145 768 πρὸς
159 733 302 769 διόρθωσιν
316 733 346 760 τὸ
374 733 493 767 ἐλέγξαι,
510 733 556 760 καὶ
571 733 607 759 τὰ
626 734 656 760 ἐν
672 734 705 768 τῇ
719 732 818 768 καρδίᾳ
831 734 869 758 εί-

73 781 148 812 πεῖν,
172 779 270 812 καὶτὸ,
284 780 388 806 ἐκεῖνον
401 779 580 815 ὁμολογῆσαι,
607 780 648 806 ὅτι
665 779 746 806 ἑάλω.
764 778 800 806 Τὸ
814 779 868 814 γὰρ

71 826 175 858 εἰπεῖν,
192 825 312 861 Δεήθητε
328 826 407 860 ὑμεῖς
430 826 500 861 ὑπὲρ
516 825 595 860 ιμοῦ,
612 825 693 852 τοῦτό
716 825 791 852 ἐστιν
804 826 868 860 ὀμο-

926 239 934 255 ι
957 230 1029 264 apud
1050 229 1210 263 Dominum,
1236 238 1270 258 ne
1289 231 1356 266 quid
1372 232 1464 259 veniat
1482 233 1510 260 in
1537 241 1580 260 me
1597 234 1710 268 horum,

925 285 934 301 ι
953 283 1014 311 qua:
1033 276 1154 303 dixistis.
1171 275 1205 303 Et
1219 276 1258 304 illi
1281 276 1392 312 quidem
1419 278 1556 306 testificati
1568 287 1600 306 ac
1628 281 1711 308 locuti

926 331 935 348 ι
957 323 1070 350 verbum
1088 322 1146 356 Dei,
1174 323 1278 351 reversi
1293 328 1358 350 sunt
1374 323 1584 360 Jerosolymam,
1603 326 1711 354 multis-

925 377 934 393 ι
951 375 1004 402 que
1017 368 1084 396 vicis
1112 368 1351 396 Samaritanorum
1377 370 1565 404 pradicabant
1592 370 1713 407 Evange-

925 423 935 439 ι
957 414 1036 441 lium.
1057 423 1066 440 ι

961 469 970 486 ι
991 459 1110 488 Pecunia
1127 465 1173 488 tua
1185 458 1286 488 tecum.
1304 471 1313 487 I
1333 461 1392 489 Non
1406 466 1472 489 sunt
1490 462 1548 490 hac
1565 469 1712 490 exsecran-

922 505 970 537 tis,
989 505 1036 533 sed
1054 506 1242 541 eorripientis,
1255 507 1337 534 veluti
1365 508 1387 534 si
1403 508 1465 542 quis
1479 508 1553 535 dicat
1571 508 1711 536 :Pecunia

923 554 970 576 tua
988 551 1070 578 simul
1095 551 1146 578 tibi
1172 556 1264 586 pereat
1288 560 1350 579 cum
1380 552 1539 587 hujnsmodi
1559 555 1709 582 voluntate.

922 595 982 623 Non
996 596 1075 631 punit
1090 601 1182 624 autem
1198 605 1272 624 nunc
1301 597 1443 625 Simonem
1460 599 1558 626 Petrus
1579 600 1709 634 quemad-

922 641 1033 668 modum
1045 641 1122 676 prins
1132 642 1278 674 Ananiam,
1298 647 1327 670 ut
1339 643 1466 671 ostendat
1486 644 1564 672 ﬁdem
1577 653 1631 672 non
1648 652 1710 674 esse

921 687 1097 714 necessitatis
1116 688 1175 714 sive
1190 689 1345 716 coactionis
1364 698 1371 716 :
1388 690 1434 717 sed
1449 694 1478 717 ut
1499 690 1534 718 ad
1559 698 1590 718 ea
1617 691 1710 726 potius

920 733 1037 761 inducat
1063 741 1124 768 quae
1155 733 1327 768 pmnitentia:
1349 739 1424 762 sunt.
1450 735 1490 762 Ad
1508 737 1709 764 correctionem

919 778 992 806 enim
1008 777 1106 805 suﬁicit
1124 779 1260 814 arguisse.
1283 783 1310 806 et
1325 786 1357 807 ea
1387 787 1448 814 quae
1472 780 1500 807 in
1524 781 1606 808 corde
1629 786 1709 809 erant

919 823 1022 851 dixisse
1037 831 1068 851 ac
1081 824 1157 852 illum
1178 825 1337 854 confessum
1352 833 1413 854 esse
1433 825 1505 862 quod
1521 826 1709 862 deprehensus

71 872 228 906 λογοῦντος,
248 873 272 898 et
287 872 334 899 καὶ
349 872 387 908 μὴ
400 871 454 899 ἀπὸ
469 871 555 907 ὀρθῆς
571 871 618 898 καὶ
639 871 758 906 σφοδρᾶς
771 870 862 898 διαθέ-

958 875 999 899 et.
1013 872 1067 906 ει
1081 871 1222 907 Siquidem
1235 873 1338 906 dicere,
1351 872 1432 901 Orate
1449 881 1499 902 vos
1513 881 1563 909 pro
1575 882 1628 907 me.
1641 883 1708 902 con-

73 926 146 949 σιως
163 918 281 952 ἐλέγετο.

373 1019 500 1048 ΚΕΦΔΛ.
516 1019 568 1048 lB'.

73 1078 141 1105 Ὀτι
156 1077 219 1110 τοῖς
235 1076 359 1112 ἀγαθοῖς
369 1076 416 1103 καί
441 1076 558 1112 πιστοῖς
575 1074 678 1103 εὐοδοῒ
691 1075 749 1110 τὴν
764 1082 863 1111 σωτη-

107 1113 181 1147 ρίαν
193 1114 209 1138 ό
227 1112 308 1144 Θεὸς,
322 1111 420 1145 δῆλον
435 1111 469 1138 ἐκ
485 1111 540 1146 τῆς
557 1112 631 1138 κατὰ
650 1112 704 1138 τόν
719 1112 868 1147 εὐνοῦχον

112 1146 300 1179 ὑποθέσεως.

115 1203 124 1220 ι
157 1193 290 1227 Ἀγγελος
313 1192 342 1219 δὲ
366 1192 468 1228 Κυρίου
490 1192 606 1228 ὶλὰλησε
631 1193 700 1228 πρὸς
724 1193 866 1227 Φίλιππον,

75 1250 87 1267 s
108 1239 197 1273 λέγων
210 1247 216 1254 ·
233 1239 387 1274 ’Δνάστηθι,
405 1238 453 1265 καὶ⁵
476 1239 593 1274 πορεύου
610 1239 678 1265 κατὰ
693 1239 867 1274 μεσημϐρίαν

75 1296 86 1313 ε
108 1286 157 1313 hri.
171 1286 221 1321 τὴν
236 1286 296 1312 ὁδὸν
319 1285 368 1320 τὴν
388 1284 608 1312 καταΰαίνουσαν
620 1285 674 1311 ἀπὸ
692 1285 868 1320 Ἰερουσαλὴμ

77 1342 87 1358 ι
108 1334 150 1364 εἰς
168 1331 267 1364 Γάζαν,
283 1331 352 1368 αὕτη
371 1332 444 1358 ἐστὶν
464 1331 575 1367 ἔρημος.
595 1331 651 1358 Καὶ
667 1331 787 1363 ἀναστὰς
803 1333 867 1358 irro-

79 1388 89 1404 ο
109 1378 204 1413 ρεύθτ,.
223 1379 277 1405 Καὶ
298 1379 353 1405 ίδοὺ
370 1378 439 1413 ἀνὴρ
458 1377 563 1411 Αἰθίοψ,
578 1377 716 1412 εὐνοῦχος,
732 1377 866 1412 δυνάστης

77 1435 87 1450 ι
111 1425 259 1458 Κανδάκης
286 1424 336 1458 τῆς
365 1423 525 1459 βασιλίσσης
548 1422 694 1455 Αἰθιόπων,
723 1423 752 1454 ὃς
773 1421 807 1458 ἦν
821 1424 867 1450 ἐπὶ

79 1480 89 1496 α
110 1471 202 1505 πάσης
228 1473 277 1506 τῆς
300 1469 392 1505 Γάζης
414 1470 510 1504 αὐτῆς,
530 1469 653 1504 ἐληλύθει
672 1471 867 1506 προσκυνήσων

79 1527 89 1543 ι
109 1517 351 1552 είςΊερουσαλήμ·
369 1514 402 1551 ἦν
421 1525 450 1543 τε
461 1516 638 1552 ὑποστρέφων
655 1517 700 1543 καὶ
716 1516 867 1551 καθήμενος

79 1571 89 1588 ι
109 1563 156 1588 ἐπὶ
171 1562 218 1588 τοῦ
237 1562 360 1596 ἅρματος
377 1561 470 1593 αὑτοῦ,
490 1561 536 1588 καὶ
552 1562 718 1595 ἀνεγίνωσκε
735 1561 780 1588 τὸν
799 1569 866 1596 προ-

79 1618 89 1634 ι
112 1609 202 1643 φήτην
219 1607 344 1634 Ἡσαΐαν.
362 1605 429 1633 Εἷπε
445 1607 473 1634 δὲ
487 1607 517 1634 τὸ
539 1607 650 1642 Πνεῦμα
665 1607 704 1642 τῷ
719 1607 846 1642 Φιλίππῳ
860 1616 867 1623 ·

78 1664 88 1680 ι
112 1654 250 1688 nmmo:
266 1654 314 1680 καὶ
337 1653 483 1688 κολλήθητι
499 1653 537 1688 τῷ
549 1654 652 1689 ἅρματι
665 1652 764 1688 τούτῳ.
782 1654 869 1688 Προσ-

80 1710 90 1726 l
112 1699 225 1736 δραμὼν
237 1700 265 1726 δὲ
280 1701 294 1726 ὁ
304 1699 435 1730 Φίλιππος
447 1700 562 1734 ηκουσεν
574 1698 656 1725 αὑτοῦ
671 1698 870 1732 ἀναγινώσκον-

84 1755 92 1771 ι
113 1753 158 1776 τος
174 1745 218 1771 τὸν
234 1745 377 1779 προφήτην
395 1744 521 1776 Ἡσαΐαν,
536 1743 584 1770 καὶ
595 1741 682 1770 εἶπεν
697 1741 770 1778 ’Δρά
783 1751 815 1776 γε
828 1751 870 1777 γι-

81 1801 91 1817 (
111 1791 227 1822 νὼσκεις
243 1790 262 1817 ἃ
277 1790 490 1824 ἁναγινώσκεις;
509 1790 538 1816 '0
561 1789 589 1816 δὲ
603 1787 674 1820 εἷπε,
692 1789 754 1820 Πῶς
769 1789 824 1823 γὰρ
838 1788 870 1814 ἂν

82 1846 91 1862 ι
111 1837 256 1872 δυναίμην,
273 1837 320 1863 ἐὰν
338 1837 374 1871 μή
392 1845 432 1866 τις
445 1835 564 1871 όδηγήσῃ
581 1843 632 1870 μσς
651 1835 824 1870 Παρεκάλεσέ
841 1842 870 1860 τε

82 1893 91 1910 ι
113 1884 159 1910 τὸν
178 1883 312 1909 Φίλιππον
327 1881 466 1908 ἀναϐάντα
488 1881 600 1908 καθίσαι
626 1881 674 1907 σὺν
693 1881 778 1916 αὐτῷ.
797 1881 829 1907 Ἡ
842 1880 870 1907 δὲ

82 1938 90 1954 ι
112 1929 227 1963 περιοχὴ
241 1927 291 1962 τῆς
306 1928 414 1962 Γραφῆς
431 1926 464 1962 ἢν
480 1926 673 1960 ἀνεγίνωσκεν,
691 1924 724 1960 ἧν
735 1926 833 1961 αὕτη.»

116 1974 167 2000 Διὰ
182 1974 208 2000 τί
232 1975 270 2008 μὴ
293 1973 333 2009 τῷ
358 1973 478 2007 εὐνούχῳ
505 1973 630 2006 φαίνεται
649 1973 663 1998 ὁ
686 1971 801 2005 ἄγγελος
824 1973 871 1998 καὶ

79 2022 142 2054 ἇγει
159 2019 240 2046 αὐτὸν
259 2019 326 2055 πρὸς
344 2019 494 2051 Φίλιππονς
515 2018 576 2044 Ὀτι
595 2018 660 2050 ἴσως
675 2018 724 2044 οὐκ
745 2017 778 2045 ἃν
794 2019 870 2044 ἐπεί-

79 2067 143 2101 σθη,
159 2065 217 2092 ἁλλ’
237 2065 375 2100 ἐξεπλάγη
391 2065 500 2100 μᾶλλον.
518 2064 555 2090 Οὐ
578 2063 633 2100 γὰρ
654 2062 688 2099 ἦν
711 2064 748 2096 ὡς
765 2065 779 2091 ὁ
799 2065 871 2100 Κορ-

79 2113 172 2149 νήλιος
190 2109 278 2143 οὗτος.
303 2121 312 2137 ι
332 2112 410 2138 Κατὰ
436 2110 620 2146 μεσημϐρίαν.
640 2120 649 2136 ι
676 2111 733 2137 Οὐκ
758 2110 790 2137 ἂν
818 2110 872 2138 ἀπὸ

85 2158 285 2194 Ἱεροσολύμων
305 2158 373 2192 πρὸς
401 2156 577 2192 μεσημϐρίαν
602 2157 696 2192 ἀπῄει,
721 2157 788 2184 ἀλλὰ
804 2156 871 2192 πρὸς

80 2206 198 2241 ἄρκτον
220 2206 275 2232 ἀπὸ
301 2204 328 2230 δὲ
353 2204 520 2240 Σαμαρείας,
543 2203 607 2230 ἔνθα
633 2203 765 2234 Φίλιππος
782 2204 796 2229 ὁ
815 2202 870 2229 τῶν
886 2213 908 2239 ο

81 2253 150 2279 ἑπτὰ
165 2252 284 2287 διέτρισε
308 2252 354 2278 καὶ
371 2251 493 2277 ἐδίδασκε
518 2250 589 2281 τότε,
607 2249 676 2284 πρὸς
697 2249 870 2284 μεσημὸρίαν

81 2298 156 2324 ἐστὶν
177 2299 193 2332 ὴ
210 2297 278 2327 ὁδός.
298 2297 334 2322 To
354 2296 394 2327 δὲ,
419 2305 427 2321 ι
440 2295 513 2330 Αὕτη
535 2294 610 2321 ἐστὶν
628 2294 742 2330 ἔρημος,
756 2303 765 2320 ›
783 2291 870 2326 εἶπεν,

82 2343 153 2370 ὥστε
171 2344 208 2378 μὴ
228 2343 381 2378 φοὸηοῆναι
397 2343 447 2376 τὴν
464 2342 517 2367 τῶν
537 2340 674 2368 Ἰουδαίων
696 2339 870 2366 ἐπιστασίαν,

83 2389 215 2419 Γυναῖκες
229 2388 257 2414 δὲ
278 2386 363 2423 ἦρχον
384 2387 490 2421 ἐκείνης
502 2387 551 2421 τῆς
566 2387 719 2418 Αἰθιοπίας,
735 2382 772 2412 ὧν
793 2385 840 2412 καὶ
854 2385 870 2419 ἡ

82 2435 213 2470 Κανδάκη
227 2436 297 2461 κατὰ
317 2434 441 2468 διαδοχὴν
457 2433 516 2468 μία,
532 2431 566 2470 ἧς
582 2433 597 2459 ό
613 2432 740 2467 εὐνοῦχος
764 2431 871 2468 ὑπῆρχε

82 2481 184 2517 ταμίας
212 2481 266 2507 τῶν
294 2480 441 2516 βασιλικῶν
468 2479 622 2515 θησαυρῶν.
655 2478 751 2505 Ἰστέον
774 2478 802 2504 δὲ
830 2478 871 2504 ὃτι

84 2527 232 2561 Κανδάκην
247 2526 373 2557 Αἰθίοπες
386 2527 475 2552 πᾶσαν
488 2526 538 2559 τὴν
557 2524 604 2551 τοῦ
621 2524 752 2559 βασιλέως
767 2523 871 2558 μητέρα

83 2572 224 2604 καλοῦσιν,
242 2572 336 2606 ἐπειδὴ
348 2572 453 2606 πατέρα
471 2571 598 2601 Λίϋίοπες
611 2570 660 2596 οὐκ
677 2570 869 2604 ἀναφέρουσιν,

83 2619 141 2645 ἀλλ’
159 2619 196 2649 ὡς
208 2617 287 2649 ὄντας
309 2618 383 2649 υἱοὺς
395 2617 471 2652 ἡλίου
488 2616 695 2652 παραδιδόασιν·
712 2615 826 2642 ἑκάστου
842 2613 870 2640 δὲ

81 2665 133 2700 τὴν
152 2663 260 2699 μητέρα
271 2663 385 2690 καλοῦσι
398 2662 552 2698 Κανδάκην.

119 2765 130 2781 ε
155 2754 199 2785 Ὧς
219 2752 356 2788 πρόϐατον
375 2752 422 2779 ἐπὶ
436 2752 542 2786 σφαγὴν
563 2751 645 2786 ἢχθη,
665 2750 712 2776 καὶ
727 2748 765 2780 ὡς
787 2748 872 2783 ἀμνὸς

83 2810 93 2827 ι
113 2799 239 2827 ἐναντίον
253 2798 301 2824 τοῦ
324 2798 462 2833 κείροντος
484 2797 565 2824 αὐτὸν
583 2797 699 2830 ἄφωνος,
715 2793 801 2825 οὕτως
821 2794 871 2820 οὐκ

84 2857 94 2873 ι
114 2846 222 2880 ὴνοίγει
239 2845 270 2872 τὸ
288 2845 375 2880 στόμα
391 2843 483 2872 αὐτοῦ.
505 2844 548 2870 Ἐν
563 2844 595 2879 τῇ
611 2842 774 2869 ταπεινώσει
788 2840 870 2868 αὑτοῦ

918 918 1023 945 utentis
1038 923 1079 945 est.
1096 925 1104 944 :
1121 926 1278 953 quanquam
1296 919 1347 946 hoc
1361 927 1416 947 non
1431 927 1446 947 a
1457 924 1533 948 recto
1543 921 1708 948 vehementi-

919 970 973 998 que
984 962 1081 991 allecto
1097 963 1244 992 diceretur.

1214 1018 1329 1048 CAPUT
1344 1019 1402 1047 XII.

920 1073 996 1106 Quod
1018 1079 1169 1102 catulorum
1192 1084 1223 1102 ac
1244 1077 1363 1110 ﬁdelium
1380 1079 1513 1104 communi
1534 1078 1614 1106 saluti
1636 1079 1708 1108 Deus

955 1117 1108 1149 prosperum
1128 1112 1227 1149 tribqu
1246 1119 1407 1149 successum,
1425 1118 1529 1146 suntpto
1553 1120 1708 1149 argumento

955 1151 987 1170 ea:
1000 1145 1051 1176 his,
1069 1153 1128 1180 qua
1139 1144 1209 1172 τίνεὰ
1226 1147 1373 1174 eunuchum
1388 1144 1566 1182 contigerunt.

958 1199 967 1216 ι
983 1189 1050 1222 Vill,
1065 1190 1160 1218 26-32.
1177 1192 1297 1226 Angelus
1309 1196 1399 1219 autem
1415 1192 1522 1220 Domini
1542 1194 1650 1221 locutus
1666 1199 1708 1222 est

922 1244 932 1262 ι
949 1236 982 1263 ad
1003 1235 1170 1271 Philippum,
1193 1237 1309 1265 dicens:
1329 1238 1416 1273 Surge
1442 1243 1469 1265 et
1485 1239 1554 1266 vade
1567 1241 1708 1268 meridiem

922 1291 932 1307 ι
950 1289 1058 1315 versus,
1073 1282 1106 1309 ad
1123 1283 1194 1309 viam
1207 1290 1268 1317 qute
1290 1283 1433 1311 descendit
1448 1285 1482 1311 ah
1501 1284 1652 1312 Jerusalem
1673 1285 1708 1312 ad

922 1337 931 1353 ι
947 1327 1060 1360 Gazam,
1072 1328 1175 1356 ha>cest
1184 1329 1302 1356 deserta.
1315 1329 1490 1365 Surgensque
1505 1331 1645 1366 profectus
1655 1337 1707 1359 est.

923 1383 933 1399 ι
949 1373 981 1400 Et
989 1381 1052 1401 ecce
1062 1374 1103 1401 vir
1116 1373 1253 1409 Ethiops,
1265 1376 1421 1406 eunuchus,
1439 1377 1585 1411 praefectus
1602 1377 1710 1406 Canda-

922 1429 931 1445 ι
951 1427 996 1447 ces
1007 1421 1107 1455 reginae
1119 1420 1289 1456 (Ethiopum,
1301 1422 1347 1456 qui
1358 1428 1470 1455 prmerat
1487 1424 1620 1451 universae
1631 1424 1710 1452 Gazae

923 1474 932 1490 ι
947 1466 1044 1501 ipsius,
1064 1471 1174 1494 venerat
1190 1468 1355 1496 adoraturus
1370 1467 1538 1504 Jerosolyma
1552 1479 1558 1496 :
1575 1474 1601 1497 ct
1617 1478 1710 1498 rever-

924 1520 932 1536 ι
950 1512 1057 1538 tebatur
1082 1512 1181 1540 sedens
1211 1521 1294 1548 super
1309 1522 1420 1541 currunt
1453 1522 1532 1542 suum
1546 1515 1709 1550 legebatque

922 1566 931 1580 α
949 1557 1046 1584 Isaiam
1061 1558 1232 1592 prophetam.
1253 1558 1323 1586 Dixit
1340 1564 1428 1587 autem
1447 1559 1565 1594 Spiritus
1574 1561 1708 1596 Philippo:

923 1611 931 1627 ι
946 1603 1050 1630 Accede
1067 1608 1093 1630 ct
1110 1604 1258 1641 adjungere
1272 1605 1335 1632 huic
1352 1606 1456 1632 currui.
1471 1606 1596 1640 Cumque
1611 1615 1708 1633 accur-

924 1658 932 1674 ι
948 1650 1028 1676 risset
1046 1649 1205 1684 Philippus,
1237 1651 1341 1677 audivit
1368 1659 1430 1678 cum
1452 1651 1584 1686 legentem
1612 1652 1708 1678 Isaiam

923 1703 932 1720 ‹
950 1697 1121 1730 prophetam,
1138 1702 1165 1723 et
1190 1696 1279 1723 dixit:
1303 1697 1470 1735 lntelligisne
1486 1705 1546 1732 qua:
1565 1698 1652 1732 legis?
1675 1698 1709 1724 At

924 1750 933 1766 ι
951 1741 996 1768 ille
1012 1742 1049 1768 ait
1064 1751 1070 1768 :
1087 1742 1204 1774 Quinam
1223 1743 1295 1769 enim
1313 1743 1415 1777 possim
1442 1743 1494 1770 nisi
1513 1744 1647 1778 quispiam
1665 1752 1708 1770 me

925 1796 934 1813 ι
954 1787 1168 1814 manuduxerit?
1187 1787 1356 1823 Rogavitque
1374 1788 1542 1823 Philippum,
1563 1795 1590 1815 ut
1611 1796 1710 1816 ascen-

924 1841 934 1858 ι
949 1833 1026 1860 deret
1041 1840 1071 1860 ac
1085 1833 1192 1860 sederet
1206 1841 1312 1860 secum.
1337 1834 1535 1868 Argumentum
1551 1842 1615 1861 vero
1632 1833 1710 1861 Scri-

925 1888 933 1904 ι
949 1882 1046 1913 ptum,
1064 1886 1144 1913 quam
1163 1879 1270 1914 legebat
1289 1884 1348 1906 erat
1363 1879 1422 1906 hor.
1445 1889 1454 1905 ι

957 1965 1044 1998 Quam
1064 1965 1099 1993 ob
1114 1973 1226 1993 causam
1245 1966 1372 1993 eunucho
1393 1974 1448 1992 non
1464 1969 1577 2000 apparet
1595 1966 1709 2000 angelus

923 2013 1066 2046 ipsumque
1079 2012 1154 2039 ducit
1167 2012 1201 2038 ad
1219 2012 1397 2047 Philippum?
1429 2012 1563 2045 Quoniam
1583 2011 1711 2039 fortassis

922 2064 976 2084 non
1005 2057 1191 2090 credidisset,
1221 2059 1268 2085 sed
1297 2058 1385 2092 magis
1413 2058 1575 2092 perterritus
1601 2057 1708 2085 fuisset.

922 2101 1015 2137 Neque
1043 2104 1115 2130 enim
1149 2107 1209 2130 erat
1236 2105 1326 2139 qualis
1353 2105 1506 2132 Cornelius.
1538 2114 1547 2130 ι
1566 2104 1708 2132 Meridiem
1757 2114 1764 2119 ·

922 2156 1030 2178 versus.
1048 2159 1057 2176 ι
1089 2149 1147 2177 Νοη
1165 2157 1179 2176 a
1195 2149 1375 2186 Jerosolymis
1392 2151 1425 2178 ad
1454 2151 1594 2178 meridiem
1615 2151 1710 2178 tende-

923 2194 980 2225 bat,
997 2194 1045 2222 sed
1061 2195 1094 2221 ad
1110 2195 1323 2229 septentrionem
1337 2203 1344 2222 :
1361 2203 1375 2221 a
1391 2195 1513 2222 Samaria
1527 2203 1602 2227 vero,
1617 2197 1642 2222 in
1656 2203 1709 2229 qna

923 2240 1064 2275 Philippus
1078 2248 1150 2267 unus
1163 2248 1195 2267 ex
1211 2245 1314 2275 septem
1330 2241 1490 2267 versabatur
1507 2244 1572 2267 tunc
1587 2246 1614 2268 et
1629 2241 1710 2268 doce—

922 2287 979 2319 bat,
990 2287 1032 2314 via
1048 2290 1106 2314 erat
1122 2287 1264 2314 meridiem
1282 2294 1388 2314 versus.
1410 2286 1482 2313 Dixit
1498 2291 1600 2320 autem,
1617 2297 1625 2313 ι
1645 2287 1709 2314 Han:

921 2338 964 2360 est
984 2333 1103 2366 deserta,
1119 2342 1128 2359 ι
1159 2337 1188 2359 ut
1208 2341 1262 2360 non
1287 2338 1421 2360 metueret
1434 2331 1590 2359 Judmornm
1608 2334 1711 2366 princi-

922 2385 1026 2415 patum.
1035 2380 1160 2406 Mulieres
1167 2382 1256 2406 autem
1263 2378 1318 2413 82
1329 2378 1497 2412 imperabant!
1507 2378 1542 2404 illi
1552 2377 1710 2411 Ethiopian,

922 2433 1038 2460 quarum
1076 2433 1130 2452 una
1165 2432 1213 2459 per
1241 2424 1446 2460 successionem
1471 2427 1530 2450 erat
1555 2423 1708 2450 Candacaa:

922 2472 1002 2506 cujus
1037 2471 1181 2498 eunuchus
1219 2473 1334 2505 preerat
1364 2469 1487 2496 conclavi
1518 2470 1709 2495 thesaurorum

922 2519 1070 2554 regiorum.
1087 2516 1234 2544 Sciendum
1252 2521 1342 2543 autem
1357 2516 1429 2550 quod
1446 2515 1591 2549 lEthiopes
1602 2521 1709 2542 onmem

922 2565 994 2600 regis
1031 2569 1145 2590 matrem
1182 2562 1326 2590 Candacen
1368 2561 1526 2596 appellant:
1575 2559 1708 2594 siquidem

922 2610 1065 2644 Ethiopes
1097 2617 1192 2644 regum
1213 2612 1320 2643 patrem
1339 2615 1393 2634 non
1420 2606 1551 2636 referunt.
1580 2604 1628 2632 sed
1649 2604 1709 2630 illos

922 2661 1052 2690 tanquam
1065 2662 1144 2682 veros
1161 2654 1229 2681 solis
1241 2653 1311 2680 ﬁlios
1330 2652 1464 2679 tradunt:
1492 2649 1710 2683 uoiuscujmquc

922 2707 1011 2730 autem
1030 2706 1142 2730 matrem
1163 2699 1307 2726 Candacen
1328 2698 1475 2733 appellant.

961 2759 970 2776 ι
989 2749 1058 2781 Vlll,
1067 2749 1160 2775 32-36.
1170 2748 1311 2782 Tanquam
1322 2747 1380 2774 ovis
1388 2746 1420 2773 ad
1433 2746 1597 2773 occisionem
1609 2743 1708 2770 ductus

925 2806 934 2822 ι
949 2802 1001 2830 est,
1018 2799 1045 2823 et
1060 2795 1131 2822 sicut
1147 2802 1233 2829 agnus
1245 2800 1337 2821 coram
1353 2792 1484 2819 tondente
1500 2798 1529 2818 se
1539 2795 1642 2821 mutus,
1667 2790 1708 2817 sic

926 2852 934 2868 ι
955 2850 1008 2870 non
1018 2841 1164 2876 aperuitos
1176 2847 1266 2868 suum.
1277 2839 1306 2866 In
1324 2835 1707 2872 huntilitateipsiusjudiciutn
