1864 3052
156 115 205 147 167

700 105 897 137 (ECUMENII
915 104 1062 135 TRICCIE
1076 102 1246 133 EPISCOPI

1732 95 1785 128 168

151 171 180 199 in
195 169 338 198 Christum
352 172 448 195 verum
462 165 547 193 Deum
559 167 694 196 nostrum,
708 169 789 196 quam
807 161 938 196 prmdica-
954 173 961 191 λ

1032 169 1054 187 iV
1068 160 1113 186 τὸν
1128 159 1214 194 ἀληθῆ
1229 157 1295 184 Θεὸν
1308 155 1396 191 ἡμῶν,
1413 156 1446 190 ἣν
1460 156 1608 191 ἐκήρυττον
1621 154 1645 180 οἱ
1662 153 1783 181 ἀπόστο-

151 217 219 245 bant
234 214 351 250 apostoli
365 222 372 240 :
387 217 414 240 et
425 211 522 239 merito
537 217 612 238 sane.
622 207 764 243 Siquidem
780 207 806 234 in
826 215 938 241 regnum

153 262 288 290 caelorum
304 267 352 294 per
365 259 439 286 illam
457 263 484 285 et
496 263 549 283 non
566 262 614 290 per
628 254 708 281 aliam
721 254 802 280 ullam
818 252 940 286 ingredi-

157 315 231 335 mur.
257 305 365 339 Veriori
387 308 476 330 autem
495 308 622 329 sermone
647 301 690 327 via
706 298 881 332 intelligenda
899 302 941 325 est

156 353 338 382 conversatio,
357 349 438 378 veluti
458 348 529 383 apud
544 347 640 374 Isaiam
660 355 666 372 :
688 355 696 371 ι
720 345 754 372 Ut
770 345 834 380 quid
849 351 942 372 errare

158 406 207 426 nos
222 397 346 425 fecerunt
366 403 380 422 a
406 395 449 421 via
471 398 516 420 tua
528 393 594 419 δτι»
619 392 675 418 lloc
702 397 743 418 cst
763 398 778 418 a
797 397 943 417 conversa-

158 445 243 476 tione,
261 450 319 476 qua:
337 442 392 468 tuis
414 440 542 468 convenit
565 438 687 473 placitis.
718 437 758 464 ita
771 444 835 470 ergo
853 441 878 462 et
899 435 943 462 hic

159 491 230 517 viam
258 487 403 523 appellavit
431 485 666 512 conversationem
699 482 848 509 secundum
866 481 944 508 Chri-

159 539 243 563 stum.
268 533 313 559 Sic
328 538 353 558 et
366 531 427 558 aliis
445 530 511 557 locis
529 529 574 556 ubi
595 528 643 555 viae
658 527 794 559 meminit,
812 526 944 561 praedica-

159 581 261 607 tionem
273 576 422 604 secundum
443 575 584 602 Christum
606 573 782 608 signiﬁcavit,
807 577 854 598 aut
879 579 945 598 con-

159 623 342 652 versationem
367 621 447 655 juxta
476 620 575 655 placita
609 619 722 646 Christi.
755 617 838 646 Forte
862 618 943 645 etiam

159 669 237 704 quasi
252 671 423 695 attenUantes
439 671 487 693 aut
500 665 676 693 detrahentes
690 667 727 692 ita
740 672 787 692 eos
799 664 943 699 vocabant.

160 712 299 747 Siquidem
313 711 465 739 obscurum
481 711 538 738 sive
550 710 695 745 ignobilem
707 709 794 736 solent
810 709 945 744 appellare

161 759 298 787 hominem
325 765 340 784 e
370 757 413 784 via
443 764 491 784 seu
513 764 527 784 e
554 756 647 782 trivio.
671 755 729 782 Non
748 755 842 789 petivit
855 758 946 781 autem

162 808 324 840 potestatem
339 810 387 830 eos
403 802 441 830 ibi
453 802 594 837 puniendi.
612 802 657 828 sed
673 801 826 828 adducendi
840 800 947 828 Jeroso-

163 851 252 885 lyma:
275 849 347 884 quod
362 849 421 875 bxc
438 848 535 882 majori
551 846 715 874 auctoritate
734 846 793 874 ﬁeri
811 845 901 873 vellet.
917 844 946 872 In

164 896 275 922 civitate
291 902 355 921 vero
370 901 425 921 non
439 893 538 920 accidit
553 893 632 925 visio,
649 894 697 920 sed
709 893 736 919 in
752 892 793 918 via
807 899 855 926 per
864 892 948 927 quie—

165 944 230 973 tem,
247 947 280 966 ne
294 939 355 966 aliis
371 938 466 966 liceret
480 937 535 965 alio
558 938 638 964 modo
662 944 774 964 narrare
789 936 860 971 quod
876 936 948 963 circa

165 985 255 1020 ipsum
279 984 449 1019 contigisset,
477 984 524 1011 sed
547 983 604 1018 ipse
626 983 679 1010 lida
701 983 799 1018 dignus
817 987 891 1009 esset
916 981 949 1008 ad

166 1032 352 1063 referendum,
375 1031 421 1066 qui
437 1030 569 1057 visionem
589 1029 713 1060 vidisset.
730 1033 757 1056 ct
776 1036 870 1056 casum
888 1035 950 1064 per-

166 1086 263 1114 pessus
282 1078 388 1105 fuisset.
418 1075 476 1103 Non
502 1084 598 1103 omnes
624 1080 714 1102 autem
741 1081 871 1107 excaecat,
901 1074 950 1102 sed

167 1124 256 1152 solum
285 1124 419 1151 duntaxat
439 1121 564 1153 Paulum,
597 1129 630 1149 ne
662 1121 816 1149 communis
841 1120 950 1148 alliictio

165 1170 378 1200 existimaretur,
399 1172 426 1195 et
442 1175 503 1202 qua:
519 1175 584 1194 casu
607 1168 779 1203 contigisset,
801 1168 848 1194 sed
865 1175 880 1193 a
905 1166 950 1193 di-

166 1217 229 1244 vina
247 1215 428 1251 providentia.
453 1213 543 1247 Quare
560 1220 649 1241 autem
666 1222 720 1241 non
742 1213 918 1240 crediderunt
933 1213 950 1239 ii

165 1262 213 1298 qui
232 1269 292 1288 cum
309 1268 341 1288 co
363 1260 464 1288 erant?
479 1260 514 1288 Ut
531 1260 581 1286 [ide
596 1259 669 1294 digni
688 1262 773 1286 testes
787 1262 880 1285 essent
893 1258 951 1293 ejus

166 1306 242 1343 quod
256 1307 329 1333 circa
342 1306 455 1333 Paulum
467 1305 629 1340 contigerat.
647 1304 713 1330 Nam
727 1304 750 1332 si
760 1305 951 1335 credidissent,

167 1353 326 1380 viderentur
360 1351 393 1378 ad
435 1350 551 1385 gratiam
587 1349 737 1378 testiﬁcari.
780 1349 954 1376 «Audientes

168 1397 277 1433 quidem
300 1404 403 1424 vocent.
423 1405 433 1421 ι
466 1395 527 1422 Non
549 1402 609 1421 eam
630 1401 690 1429 quae
712 1394 829 1429 chuper
844 1394 953 1429 delapsa

168 1448 227 1471 erat
242 1451 331 1470 vocem
346 1442 495 1469 audierunt
512 1441 537 1467 lii
555 1441 602 1475 qui
620 1448 681 1467 cum
699 1441 783 1467 Paulo
797 1445 886 1472 erant,
905 1439 953 1468 sed

991 207 1042 238 λοι,
1062 206 1171 232 πίστιν-
1198 204 1244 230 καὶ
1266 203 1338 238 μάλα
1354 201 1476 233 εἰκότως.
1500 202 1539 227 Δι’
1561 201 1645 234 αὐτῆς
1670 200 1730 234 γᾶρ
1745 202 1784 232 είς

992 252 1041 288 τὴν
1057 251 1112 278 τῶν
1127 249 1248 286 οὐρανῶν
1275 248 1422 283 βασιλείαν,
1448 248 1494 274 καὶ
1511 247 1542 273 ού
1557 246 1589 272 δι’
1606 246 1694 280 ἄλλης
1711 245 1786 277 τινὸς

992 297 1182 335 εἰσερχόμεθα.
1204 295 1390 332 Ἀληθεστέρῳ
1406 293 1436 321 δὲ
1449 294 1531 328 λόγῳ,
1557 292 1616 319 ὁδὸν
1629 291 1682 327 τὴν
1706 292 1786 318 πολι-

992 345 1067 372 τείαν
1099 343 1256 376 ἀκουστέον,
1286 342 1324 373 ὡς
1354 338 1429 376 παρᾶ
1459 340 1499 374 τῷ
1520 339 1636 375 Ἡσαΐα-
1656 339 1746 366 «Ίνα
1761 339 1786 365 τί

993 391 1148 426 ὲπλάνησαν
1176 390 1250 424 ἡμᾶς
1265 388 1320 416 ἀπὸ
1332 388 1382 423 τῆς
1395 385 1454 413 ὁδοῦ
1471 394 1532 418 σου;
1551 394 1560 411 ι
1592 384 1721 411 τουτέστι
1736 384 1788 419 τῆς

994 437 1065 464 κατὰ
1090 437 1119 463 oi;
1137 435 1284 466 πολιτείας.
1308 433 1401 465 Οὕτως
1418 430 1464 459 οὖν
1486 431 1603 457 ἐνταῦθα
1631 430 1703 462 ὁδὸν,
1734 430 1787 464 τὴν

995 483 1065 509 κατὰ
1079 481 1195 517 Χριστὸν
1210 479 1270 508 εἷπε
1282 479 1428 506 πολιτείαν,
1452 478 1505 504 Καὶ
1519 478 1548 503 ὲν
1561 474 1601 508 οἷς
1615 476 1709 507 ἄλλοις
1723 475 1786 502 ὀδοῦ

996 528 1170 564 μνημονεύει,
1190 527 1220 554 τὸ
1233 527 1302 553 κατὰ
1316 525 1433 560 Χριστὸν
1445 525 1576 559 κήρυγμα
1592 522 1637 549 καὶ
1651 522 1704 558 τὴν
1724 521 1788 548 κατ’

995 574 1076 601 αὺτδν
1090 574 1217 608 σημαίνει
1231 571 1380 599 πολιτείαν.
1399 571 1478 601 Ἴσως
1501 569 1548 595 καὶ
1573 569 1610 600 ὡς
1629 568 1787 600 εὐτελίςονς

996 629 1039 652 τες
1053 620 1100 647 καὶ
1114 620 1288 654 διασύροντες
1301 617 1387 648 οὕτως
1403 617 1500 648 αὐτοὺς
1514 616 1636 642 ἐκάλουν.
1653 614 1711 642 Καὶ
1729 615 1788 648 γὰρ

996 667 1040 694 τὸν
1053 667 1151 702 ἄτιμον
1168 665 1279 692 εἰώθασι
1296 665 1390 691 καλεῖν
1403 663 1546 698 ἄνθρωπον
1570 662 1598 695 ἐξ
1624 660 1696 688 ὁδοῦ.
1730 660 1789 687 Οῡκ

998 713 1115 747 ἐζήτησε
1131 712 1159 738 δὲ
1175 711 1299 744 ἐξουσίαν
1311 712 1369 737 ἐκεῖ
1382 708 1592 744 τιμωρήσασθαι
1603 707 1715 739 αὐτοὺς,
1729 705 1788 732 ἀλλ’

999 760 1114 793 ἀγαγεῖν
1128 759 1167 789 εἱς
1185 757 1374 792 Ἰερουσαλὴμ,
1392 757 1432 782 ὃτι
1451 755 1518 790 μετὰ
1536 754 1658 785 πλείονος
1671 753 1726 788 τῆς
1743 751 1788 784 ἔξ-

999 805 1092 836 ουσίας
1106 805 1192 831 ταῦτα
1207 803 1285 840 ἡθελε
1295 802 1488 839 πράττειν.Ἐν
1503 802 1578 829 πόλει
1591 802 1617 828 δὲ
1634 802 1649 836 ὴ
1663 800 1790 827 tinacia.

999 852 1029 877 οὗ
1043 851 1156 885 γίνεται,
1171 850 1227 876 ἀλλ’
1245 850 1274 876 ὲν
1288 851 1321 884 τῇ
1335 848 1387 884 ὁδῷ
1402 848 1444 883 ἐφ’
1459 848 1571 883 ἠσυχῖᾳ,
1582 847 1618 878 ὡς
1636 846 1672 881 μὴ
1685 845 1789 877 ἐξεῖναι

1000 897 1031 923 τὸ
1055 896 1117 932 περὶ
1151 896 1232 922 αὐτὴν
1253 894 1363 928 γεγονὸς
1388 894 1485 925 ἄλλους
1502 893 1591 924 ἄλλως
1622 891 1790 926 διηγεῖσθαι,

1001 943 1057 969 ἀλλ’
1069 943 1149 974 αὐτὸς
1163 941 1319 975 ἀξιόπιστος
1330 941 1372 975 εῑη
1384 939 1537 974 διηγεῖσθαι
1553 939 1591 970 ὡς
1605 938 1653 965 καὶ
1666 938 1717 972 τὴν
1729 937 1791 971 δᾴιν

1002 988 1074 1020 ἰδὼν,
1088 989 1133 1014 καὶ
1147 987 1178 1014 τὸ
1191 988 1275 1019 πάθος
1291 987 1420 1018 ὑποστάς.
1438 986 1474 1012 Οὐ
1490 985 1594 1016 πάντας
1613 984 1640 1011 δὲ
1654 984 1755 1018 τυφλοῖ
1769 983 1793 1010 ει

1004 1035 1040 1070 μὴ
1055 1034 1161 1061 Παῦλον
1180 1033 1272 1068 μόνον,
1289 1033 1333 1059 ἵνα
1351 1033 1388 1068 μὴ
1400 1031 1488 1058 κοινὸν
1511 1031 1558 1058 καὶ
1575 1031 1612 1062 ὡς
1632 1030 1686 1056 ἀπὸ
1703 1029 1792 1064 τύχης

1001 1080 1030 1106 τὸ
1041 1079 1126 1111 πάθος
1137 1079 1262 1114 νομισθῇ,
1277 1078 1345 1105 ἀλλὰ
1357 1078 1431 1110 θείας
1447 1077 1584 1113 προνοίας.
1603 1077 1652 1103 Διὰ
1667 1076 1695 1103 τί
1710 1075 1740 1102 δὲ
1756 1075 1792 1110 μὴ

1002 1126 1168 1153 ἐπίστευσαν
1197 1126 1222 1152 οἱ
1255 1125 1303 1151 σὺν
1332 1125 1425 1159 αὐτῷς
1458 1123 1516 1150 Ἰνα
1546 1120 1612 1150 ὦσιν
1636 1122 1793 1156 ἀξιόπιστοι

1006 1172 1208 1208 μαρτυροῦντες
1222 1172 1252 1198 τὸ
1266 1171 1331 1207 περὶ
1351 1171 1467 1198 Παῦλον.
1485 1170 1516 1197 El
1539 1170 1591 1205 γὰρ
1614 1169 1792 1200 ἐπίστευσαν,

1004 1219 1094 1251 ἔδοξαν
1111 1219 1144 1246 ἂν
1161 1219 1228 1254 πρὸς
1244 1219 1324 1254 χάριν
1350 1219 1509 1254 μαρτυρεῖν.
1536 1226 1545 1242 ι
1567 1216 1726 1247 Ἀκούοντες
1743 1215 1793 1250 μὲν

1004 1267 1053 1300 τῆς
1079 1265 1181 1299 φωνῆς.
1199 1274 1208 1290 ι
1237 1265 1273 1291 Οὐ
1291 1264 1341 1299 τῆς
1367 1263 1469 1291 ἄνωθεν
1498 1263 1618 1298 ἥκουσαν
1643 1261 1738 1297 φωνῆς
1768 1261 1792 1287 οἱ

1006 1311 1130 1342 συνόντες
1143 1310 1181 1345 τῷ
1194 1310 1301 1346 Παύλῳ,
1324 1310 1390 1337 ἀλλὰ
1417 1310 1466 1345 τῆς
1488 1309 1535 1336 τοῦ
1552 1309 1668 1335 Παύλου.
1688 1307 1793 1334 Οῖιδένα

1004 1356 1031 1383 δὲ
1045 1356 1179 1391 ἐθεώρουν
1195 1357 1262 1391 πρὸς
1274 1356 1304 1383 ὃν
1317 1356 1499 1391 ἁπεκρίνατο⁵
1511 1356 1525 1382 ὁ
1543 1355 1571 1381 δὲ
1587 1354 1693 1385 Παῦλος
1709 1355 1792 1388 μόνος

1007 1402 1056 1436 τῆς
1071 1402 1183 1429 ἄνωθεν.
1199 1403 1253 1429 Καὶ
1268 1403 1322 1438 γὰρ
1337 1401 1438 1437 προῖὼν
1457 1401 1536 1428 αὐτὸν
1557 1401 1663 1434 εἰσάγει
1676 1400 1792 1434 λέγοντα

1005 1448 1050 1474 τὸν
1074 1448 1199 1474 Παῦλον·
1226 1458 1236 1473 ‹
1252 1449 1282 1475 Οί
1304 1449 1332 1475 δὲ
1358 1449 1406 1475 σὺν
1435 1447 1496 1483 ἐμοὶ
1519 1447 1594 1478 ὄντες
1612 1446 1642 1473 τὸ
1667 1446 1717 1481 μὲν
1736 1445 1794 1480 φῶς

168 1489 245 1517 Pauii
270 1497 373 1517 vocem.
406 1488 498 1522 Ipsum
516 1487 620 1514 etenim
636 1486 748 1514 Paulum
771 1487 798 1514 in
815 1486 953 1522 sequenti-

1032 1495 1163 1525 lsdtattvro,
1181 1495 1228 1521 καὶ
1241 1494 1354 1529 ἕμφοὸοι
1370 1494 1503 1528 ἐγένοντο,
1517 1493 1565 1526 τὴν
1580 1492 1607 1518 δὲ
1631 1491 1725 1527 φωνὴν
1743 1492 1793 1517 οὐκ

170 1536 221 1563 bus
239 1535 344 1562 inducit
357 1534 493 1560 diccntem
507 1542 514 1560 :
545 1542 554 1558 ‹
570 1533 600 1559 Ει
616 1533 662 1568 qui
681 1541 785 1560 mecum
801 1537 889 1565 erant,
913 1534 955 1560 lu-

170 1589 229 1609 men
244 1582 353 1616 quidem
371 1579 498 1606 viderunt
513 1583 539 1606 et
556 1579 680 1606 exterriti
700 1583 774 1610 sunt,
795 1587 888 1606 vocem
909 1587 956 1605 au-

171 1631 223 1654 tetn
242 1635 297 1654 non
313 1625 527 1659 audieruntejus
539 1625 584 1659 qui
602 1624 766 1659 loquebatur
779 1632 886 1651 mecum
903 1623 953 1651 ⁸⁸.»

170 1672 200 1699 Si
213 1672 285 1698 enim
299 1677 393 1697 vocem
413 1669 486 1695 illam
503 1669 656 1701 audissent,
673 1676 843 1704 nequaquam
865 1669 956 1695 inerr-

171 1717 227 1744 duli
251 1715 477 1751 pertnansissent.
504 1715 618 1742 Paulum
649 1722 713 1742 vero
745 1715 955 1749 respondentem

171 1763 304 1795 videntes,
315 1762 496 1789 mirabantur.
505 1761 566 1788 ldeo
578 1766 666 1789 autem
677 1761 727 1788 hoc
737 1762 771 1788 ab
779 1761 857 1788 initio
867 1765 956 1789 actum

172 1814 226 1835 non
248 1811 298 1838 est,
323 1805 379 1841 86
404 1810 433 1833 ut
451 1805 643 1833 ostenderetur
657 1805 728 1841 quod
750 1814 811 1832 vere
827 1814 956 1834 surrexe-

174 1853 207 1878 rit
222 1852 359 1879 Christus.
383 1851 449 1878 Nam
467 1853 490 1879 is
511 1852 559 1886 qui
582 1852 659 1879 illum
682 1851 884 1886 rejiciebatnec
898 1853 957 1887 ejus

1005 1540 1126 1575 ἥκουσαν
1154 1541 1200 1567 τοῦ
1229 1540 1371 1571 λαλοῦντός
1388 1549 1444 1574 μοι.
1464 1549 1472 1566 ι
1495 1540 1525 1566 Εἰ
1552 1538 1606 1574 γὰρ
1621 1540 1670 1573 τῆς
1697 1537 1791 1572 φωνῆς

1005 1587 1123 1621 ἥκουσαν
1139 1587 1257 1622 ἐκείνης,
1277 1587 1327 1613 οὐκ
1351 1587 1383 1613 ἂν
1396 1587 1559 1621 ἠπίστησαν.
1574 1585 1626 1612 Τὸν
1641 1585 1670 1611 δὲ
1687 1584 1794 1611 Παῦλον

1009 1629 1126 1665 ὁρῶντες
1146 1631 1370 1666 ἀποκρινόμενον,
1392 1630 1559 1666 ἐθαύμαζον.
1583 1629 1633 1656 Διὰ
1663 1628 1744 1656 τοῦτο
1767 1629 1794 1655 δὲ

1008 1675 1059 1702 οὐκ
1070 1675 1099 1707 ὲξ
1113 1676 1198 1711 ἀρχῆς
1216 1677 1293 1703 τοῦτο
1311 1678 1432 1711 γέγονεν,
1456 1675 1499 1702 ἴνα
1527 1675 1618 1710 δειχθῇ
1644 1674 1728 1706 ὅντως
1755 1675 1795 1701 ὅτι

1010 1721 1108 1757 ἀνέστη
1131 1723 1258 1757 Χριστός.
1283 1723 1312 1750 Ὀ
1339 1723 1393 1759 γὰρ
1420 1722 1539 1749 ἐλαύνων
1563 1721 1645 1748 αὐτὸν
1665 1721 1712 1747 καὶ
1728 1721 1793 1748 ἀπι-

1012 1767 1081 1793 στῶν
1108 1768 1190 1794 αὐτοῦ
1207 1770 1238 1804 τῇ
1263 1769 1419 1801 ἀναστάσει,
1433 1770 1479 1795 καὶ
1498 1769 1560 1800 τοὺς
1574 1767 1700 1804 μαθητὰς
1713 1767 1794 1794 αὑτοῦ

1010 1811 1125 1845 διώκων,
1153 1814 1236 1840 πόθεν
1254 1815 1285 1841 ἂν
1305 1814 1474 1849 ἐπίστευσεν,
1497 1816 1522 1842 εί
1544 1815 1582 1851 μὴ
1596 1814 1683 1851 πολλὴ
1698 1812 1732 1850 ἦν
1747 1814 1794 1848 τῆς

1011 1857 1185 1890 ἀναστάσεως
1201 1860 1216 1893 ἡ
1234 1859 1322 1894 ἰσχύς

172 1896 308 1945 tradendo
343 1896 540 1945 resurrectioiti
575 1896 656 1923 etiam
684 1896 771 1931 ipsius
803 1896 954 1945 discipulps
973 1904 1199 1938 persequebatur,
1220 1905 1292 1933 unde
1311 1905 1479 1940 credidisset.
1497 1907 1552 1934 nisi
1587 1913 1686 1942 magna
1723 1900 1795 1934 esMt

174 1951 182 1968 \
190 1943 212 1970 is
228 1942 440 1969 resurrectionis
460 1941 533 1976 ejus?

209 1999 219 2016 ι
237 1990 270 2017 Et
288 1998 340 2016 non
356 1989 474 2016 comedit
493 1997 580 2023 neque
593 1989 671 2016 bibit.
690 1998 700 2015 ι

207 2035 294 2068 Quam
315 2035 349 2061 ob
364 2035 495 2061 causam?
524 2034 659 2067 Quoniam
678 2035 797 2070 seipsum
815 2036 912 2063 mirum
930 2037 957 2065 in

173 2080 283 2108 modum
301 2087 381 2114 poena
398 2080 509 2115 dignum
522 2080 664 2115 judicabat
678 2082 714 2109 ob
729 2081 856 2110 Ecclesia:
867 2091 961 2119 perse-

174 2127 324 2172 culione’m,
356 2126 500 2161 tristisque
517 2126 603 2154 Deum
631 2127 830 2162 deprecabatur
851 2133 880 2157 ut
907 2130 958 2157 sibi

173 2173 336 2201 remitteret.

209 2217 256 2250 IX,
271 2218 365 2245 10-12.
394 2218 457 2244 Erat
486 2223 576 2245 autem
605 2219 715 2254 quidam
739 2220 892 2256 discipulus
908 2221 961 2248 Da-
979 2209 1000 2236 ο

178 2273 187 2290 ι
206 2265 293 2292 masci
320 2265 431 2292 nomine
455 2265 596 2292 Ananias:
625 2271 649 2292 et
666 2267 734 2293 dixit
757 2268 790 2295 ad
816 2269 891 2295 illum
918 2276 964 2303 per

178 2319 187 2335 t
206 2311 292 2337 visum
322 2311 472 2337 Dominus:
497 2311 614 2337 Anania.
630 2311 662 2338 At
675 2312 720 2340 ille
734 2313 788 2340 ait:
809 2312 880 2340 Ecce
899 2321 961 2348 ego,

180 2365 189 2382 ι
207 2355 332 2383 Domine.
354 2355 386 2382 Et
404 2355 535 2383 Dominus
548 2356 582 2384 ad
601 2365 660 2384 eum
675 2367 681 2384 :
704 2357 791 2392 Surge
811 2363 837 2386 ct
851 2359 918 2386 vade
934 2359 961 2386 in

179 2411 188 2428 ε
207 2402 295 2429 vicum
328 2401 375 2435 qui
402 2406 515 2428 vocatur
544 2401 658 2435 Rectus,
675 2411 708 2431 ac
726 2411 817 2438 quaere
839 2404 864 2430 in
883 2404 964 2432 domo

178 2457 188 2474 ι
207 2447 284 2476 Iudae
313 2447 424 2474 Saulum
451 2449 563 2476 nomine
583 2449 770 2477 Tarsensem:
804 2457 869 2476 ecce
891 2449 963 2477 enim

179 2504 189 2522 ι
209 2499 277 2521 orat.
301 2493 428 2529 Viditque
448 2503 495 2530 per
519 2496 606 2523 visum
634 2496 722 2522 virum
755 2496 867 2523 nomine
893 2496 964 2522 Ana-

180 2551 188 2567 t
210 2542 283 2568 niam
306 2542 502 2575 intrownlcm,
529 2547 554 2569 et
574 2543 760 2577 imponentem
785 2542 837 2568 silui
854 2551 963 2570 manum

180 2598 189 2614 ι
210 2593 238 2615 ιιι
253 2588 341 2615 visum
364 2589 507 2623 reciperet.
528 2598 537 2614 ι

214 2634 247 2662 Ut
276 2635 352 2670 quid.
372 2636 500 2668 obsecro,
528 2636 633 2662 nullum
655 2643 815 2670 magnorum
838 2638 884 2672 qui
913 2637 965 2666 tide

178 2682 276 2716 dignus
292 2687 365 2710 esset
383 2684 484 2714 traxit,
516 2687 562 2709 aut
590 2682 623 2709 ad
643 2682 719 2709 Pauli
752 2683 964 2712 instructionem

180 2728 341 2759 transmisit,
354 2728 401 2755 sed
416 2728 552 2754 Ananiam
568 2728 614 2762 qui
628 2735 700 2755 unus
723 2734 784 2757 erat
799 2737 831 2757 ex
851 2729 965 2766 Septua-

217 2815 238 2832 "
252 2815 304 2844 lsa.
318 2824 397 2848 uni,
417 2815 462 2842 l7.
501 2815 618 2851 "intra,
637 2824 703 2844 χιιι.

1050 2005 1059 2021 ι
1077 1996 1131 2022 Καὶ
1144 1996 1193 2022 οὐκ
1208 1996 1309 2030 ἔφαγεν
1323 1996 1382 2023 οὐδὲ
1395 1997 1481 2024 ἔπιεν.
1502 2007 1511 2023 ι

1047 2041 1097 2067 Διὰ
1109 2041 1149 2074 τί;
1168 2043 1228 2069 Ὅτι
1244 2043 1303 2069 λίαν
1317 2043 1412 2070 ἑαυτοῦ
1428 2043 1552 2077 κατέγνω
1566 2044 1610 2069 ἐπὶ
1632 2043 1670 2078 τῷ
1683 2042 1794 2078 διωγμῷ

1013 2088 1246 2124 τῆςἘκκλησίας.
1263 2090 1309 2116 καὶ
1323 2089 1492 2123 λυπούμενος
1506 2089 1656 2122 παρεκάλει
1669 2089 1714 2115 τὸν
1732 2088 1795 2115 Θεὸν

1013 2129 1146 2168 ἀφεθῆναι
1160 2135 1242 2170 αὐτῷ.

1053 2234 1060 2250 ι
1077 2222 1130 2251 Ἦν
1145 2224 1172 2251 δέ
1187 2233 1229 2255 τις
1243 2225 1364 2260 μαθητὴς
1379 2224 1408 2250 ἐν
1422 2224 1569 2260 Δαμασκῷ,
1585 2224 1695 2258 ὀνόματι
1721 2223 1796 2251 Ἀνα-

1018 2280 1028 2298 (
1048 2271 1123 2302 νίας·
1142 2272 1188 2298 καῖ¹
1203 2270 1263 2297 εἷπε
1289 2271 1357 2306 πρὸς
1373 2271 1452 2298 αὐτὸν
1473 2272 1487 2297 ὁ
1508 2271 1608 2306 Κύριος
1625 2271 1654 2296 ὲν
1670 2270 1795 2305 ὁράματι,

1018 2326 1026 2343 ι
1052 2317 1173 2352 Ἀνανία.
1196 2317 1225 2344 '0
1249 2317 1276 2344 δὲ
1304 2315 1397 2343 εἷπεν·
1421 2317 1488 2343 Ίδοὺ
1510 2316 1575 2350 ἐγὼ,
1605 2317 1702 2352 Κύριε.
1724 2317 1753 2343 '0
1770 2317 1795 2342 δὲ

1020 2371 1029 2388 ι
1049 2362 1149 2396 Κύριος
1167 2362 1233 2396 πρὸς
1251 2362 1332 2388 αὐτόν
1345 2371 1351 2377 ·
1373 2362 1504 2393 Ἀναστὰς
1521 2361 1668 2397 πορεύθητι
1684 2361 1731 2387 ἐπὶ
1750 2361 1795 2396 τὴν

1022 2417 1031 2432 ι
1051 2407 1141 2443 ῥύμην
1158 2408 1207 2442 τὴν
1231 2408 1401 2444 καλουμένην
1422 2407 1547 2440 Εὐθεῖαν,
1568 2408 1613 2434 καὶ
1637 2408 1753 2442 ζήτησον
1771 2408 1795 2432 ὲν

1020 2463 1030 2479 ι
1049 2453 1121 2488 οἰκίᾳ
1140 2453 1221 2480 Ἰούδα
1249 2454 1350 2480 Σαῦλον
1372 2454 1484 2489 ὀνόματι
1509 2454 1635 2489 Ταρσέα·
1661 2453 1716 2479 ίόοὺ
1745 2454 1795 2487 γὰρ

1021 2507 1030 2524 ι
1048 2499 1238 2533 προσεύχεται.
1253 2499 1308 2525 Καὶ
1317 2497 1387 2525 εἶδεν
1405 2499 1434 2525 ἐν
1450 2498 1570 2534 ὁράματι
1584 2498 1667 2533 ἄνδρα
1688 2498 1793 2532 ὀνόματι

1022 2553 1031 2569 ι
1054 2544 1180 2570 Ἁνανίαν
1195 2544 1362 2576 εἰσελθόντα,
1382 2542 1428 2570 καὶ
1443 2543 1600 2570 ἐπιτιθέντα
1621 2543 1695 2578 αὐτῴ
1710 2544 1792 2578 χεῖρα,

1021 2598 1029 2615 ι
1051 2591 1124 2622 ὅπως
1143 2590 1290 2625 ἀναϐλέψῃ.
1310 2599 1320 2616 ι

1053 2637 1085 2662 Τί
1109 2637 1141 2672 δή
1163 2645 1228 2663 ποτε
1247 2636 1340 2663 οὐδένα
1355 2636 1409 2663 τῶν
1424 2636 1588 2669 ἀξιοπίστων
1615 2636 1661 2662 καὶ
1676 2635 1792 2670 μεγάλων

1019 2682 1155 2714 εἵλκυσεν,
1186 2682 1246 2709 οὐδὲ
1280 2681 1428 2717 μετέστησε
1460 2683 1527 2717 πρὸς
1552 2682 1602 2717 τὴν
1625 2680 1671 2707 τοῦ
1695 2679 1791 2706 Παύλου

1020 2729 1182 2765 κατήχησιν,
1208 2728 1263 2755 ἀλλ’
1285 2727 1410 2756 Ἀνανίαν
1434 2728 1497 2762 ῥντα
1520 2728 1572 2755 τῶν
1595 2727 1789 2763 ἑϐδομήκοντα,
