1864 3052
42 184 90 215 18')

519 178 710 208 COMMENT.
734 178 772 208 IN
795 178 886 208 ACTA
901 176 1186 208 APOS’I‘OLOIIUM.

1618 172 1669 204 170

46 236 159 272 Ἐπειδὴ
180 236 230 262 οὒκ
251 234 348 270 ἔμελλε
363 233 396 261 δι’
420 233 573 269 ἀνθρώπων
589 233 746 268 ὲνάγεσθαι,
763 233 830 259 ἀλλὰ
844 258 847 262 ,

935 236 957 259 la
971 232 983 258 ’ἶ
996 231 1131 264 Quoniam
1148 238 1195 265 per
1212 229 1337 256 homines
1356 228 1430 256 indm
1441 234 1519 256 turus
1536 237 1598 256 eum
1614 238 1667 256 non

41 285 73 310 δι’
89 282 174 310 αὐτοῦ
187 281 234 308 τοῦ
250 279 382 314 Χριστοῦ.
407 279 484 306 Ἐπεὶ
506 280 553 306 καὶ
572 276 649 311 οὗτος
664 278 765 312 ἐδίδαξε
782 278 833 314 μὲν

41 329 123 356 αὐτὸν
147 328 235 360 οὐδὲν,
256 326 386 353 ὲῦάπτισε
413 325 441 352 δὲ
466 325 558 360 μόνον.
576 325 655 360 Ἀμα
678 325 732 359 γὰρ
749 333 833 358 φωτι-

41 375 117 406 σθεὶς
133 373 230 408 ἔμελλε
245 372 345 408 πολλὴν
371 371 579 398 ἐπισπάσασθαι
601 370 648 398 τοῦ
676 369 833 405 Πνεύματος

41 417 124 453 χάριν
137 417 192 444 ἀπὸ
207 415 255 443 τοῦ
274 415 356 450 ζήλου
377 415 425 441 καὶ
438 415 488 450 τῆς
502 415 668 450 προθυμίας.
694 415 834 441 Ἐντεῦθεν

41 463 69 489 δὲ
85 461 257 498 σημειωτέον
274 461 316 488 ὅτι
334 461 426 487 ἐκεῖνα
443 460 478 487 τὰ
498 461 626 496 ὀνείρατα
638 460 678 487 δεῖ
690 460 829 494 λέγεσθαι,

42 509 115 543 ἆπερ
133 506 284 542 κοινωφελῆ
303 508 372 539 ὲστι,
398 507 446 534 καὶ
467 505 651 542 συμϐάλλεται
679 507 718 538 εἰς
743 505 835 532 θεοσέ-

43 556 133 587 6ειαν,
162 555 213 582 ὅσα
238 553 295 589 ἔχει
320 554 367 580 τοῦ
383 554 487 589 Κυρίου
502 553 551 589 τὴν
565 552 765 588 παράστασινῆ
782 552 834 586 ἁγ-

42 602 143 636 γὲλων.
158 602 238 628 Ἐστι
252 601 282 628 δὲ
301 601 347 628 καὶ
362 602 423 628 κατ’
447 601 513 636 ὃναρ
538 601 619 634 tam,
638 601 656 628 ἃ.
669 601 719 627 οὐκ
735 599 835 634 ὀφείλει

43 647 197 676 λαλεῖσθαι.
212 647 296 683 Πλὴν,
310 648 335 673 ει
348 647 395 674 καὶ
414 647 485 683 ῑδικὴ
500 647 546 674 τοῦ
559 647 660 674 Σαύλου
672 648 688 682 ἡ
706 646 834 681 ὠφέλεια,

44 694 103 721 ἀλλ’
125 691 173 720 οὖν
189 694 261 724 ῐασις
290 693 443 728 παράδοξος
461 693 600 727 ωμὸἇσα,
625 692 706 719 πάλιν
719 693 759 724 εἰς
775 692 834 718 θεο-

45 740 156 767 σέϐειαν
170 740 216 767 τὸν
231 739 376 775 ἄνθρωπον
397 739 610 775 προσκαλεῖται⁸
634 739 680 766 καὶ
700 738 744 765 διὰ
758 737 837 764 τοῦτο

45 787 82 818 ὡς
100 785 254 821 κοινωφελῆ
275 785 449 812 ἐκλαλεῖσθαι
471 784 535 812 ἔδει.
555 793 564 810 ι
591 784 721 815 Ἀναστὰς
735 783 837 819 πορεύ-

46 833 120 866 θητι,
139 842 148 858 ι
167 833 222 859 Kal
243 828 343 863 οὗτοςὸ
360 831 486 863 ’Λνανίας
500 830 624 862 διάκονος
642 828 687 865 ἦν,
705 829 742 861 ὡς
756 829 837 860 αὐτὸς

46 877 156 910 Παῦλος
185 879 323 914 μαρτυρεῖ
349 879 379 905 ὲν
404 879 461 909 τοῖς
478 877 583 905 κανόσι.
600 876 685 904 Τοῦτο
697 875 726 902 δὲ
741 875 836 910 γέγονε

883 283 953 311 erat,
982 277 1027 304 sed
1053 285 1100 312 per
1133 276 1222 311 ipsum
1248 275 1401 302 Christum.
1429 273 1569 308 Siquidem
1602 275 1668 302 nihil

884 333 945 352 eum
961 323 1066 355 docuit,
1081 323 1128 351 sed
1145 326 1252 350 tantum
1268 321 1429 356 baptizavit.
1450 321 1538 348 Simul
1551 321 1623 348 enim
1637 325 1670 348 ut

883 369 1156 400 illuminatus‘esset.
1175 375 1301 404 magnam
1312 367 1432 403 Spiritus
1448 369 1563 403 gratiam
1583 375 1597 394 a
1612 368 1670 394 zelo

885 416 1025 450 animique
1049 413 1267 449 proniptitudine
1298 417 1467 442 attraetnrus
1494 417 1564 441 erat.
1602 413 1674 440 Ilinc‘

886 465 975 490 autem
998 461 1207 495 intelligendum
1226 464 1268 487 est
1288 460 1351 487 illas
1373 460 1481 487 narrari
1507 459 1606 487 debere
1629 459 1671 486 vi-

885 509 978 537 siones
994 513 1041 537 aut
1059 509 1164 537 somnia
1190 516 1251 544 qua:
1273 509 1300 535 in
1313 516 1487 536 communem
1507 512 1573 535 sunt
1596 508 1678 535 utili!

887 558 981 585 tatem,
999 554 1202 588 conleruntque
1225 553 1258 580 ad
1274 552 1321 580 Dei
1345 553 1462 585 cultum,
1487 560 1547 587 quze
1564 552 1671 579 Domini

886 599 1070 627 assistentiam
1082 598 1181 626 habent
1191 601 1237 624 aut
1249 597 1418 632 angelorum.
1427 597 1567 633 Contingit
1581 601 1670 625 autem

887 649 914 672 et
939 644 1044 680 privata
1066 651 1113 679 per
1135 651 1263 671 somnum
1289 643 1388 676 videri,
1411 650 1472 678 quae
1491 651 1545 671 non
1573 643 1674 670 debent

889 690 996 718 referri.
1016 690 1143 718 Attamen
1155 696 1312 725 quanquam
1332 690 1377 717 hic
1395 690 1502 724 privata
1520 694 1580 716 erat
1596 689 1671 717 Sauli

889 738 1009 770 utilitas,
1038 741 1064 764 at
1086 740 1163 764 certe
1185 736 1346 764 admiranda
1376 743 1438 770 qua:
1461 736 1561 762 accidit
1586 735 1672 767 salus,
1709 728 1711 731 ’

888 792 999 812 rursum
1014 783 1048 810 ad
1063 783 1187 811 divinum
1204 783 1307 810 cultum
1327 782 1441 811 asciscit
1455 782 1592 810 hominem
1610 791 1617 809 :
1647 786 1675 809 et

889 831 924 859 ob
947 832 973 859 id
1000 836 1131 866 tanquam
1146 831 1181 859 de
1207 831 1347 858 communi
1367 830 1486 858 utilitate
1501 830 1576 865 loqui
1595 830 1628 857 de
1643 837 1675 859 ea

889 878 1020 913 oportuit.
1047 886 1057 903 ‹
1072 877 1160 913 Surge
1180 881 1207 904 et
1229 877 1308 904 vade.
1336 886 1346 902 ι
1368 876 1401 903 Ει
1419 876 1463 904 hic
1479 876 1600 903 Ananias
1615 875 1676 903 dia-

45 924 91 951 διὰ
105 924 137 951 τὸ
151 923 191 960 μὴ
203 925 331 959 παρεῖναι
347 923 534 959 πρεσϐύτερον
550 924 579 950 ὲν
592 922 730 958 Δαμασκῷ
742 922 836 949 ἕνεκεν

935 931 977 951 ius
988 928 1056 956 erat,
1068 927 1150 958 prout
1160 923 1217 958 ipse
1229 922 1331 950 Paulus
1342 923 1370 950 in
1381 922 1534 950 canonibus
1550 926 1675 949 testatur.

47 970 96 996 τοῦ
114 971 260 1004 γεγονότος
281 969 414 1005 διωγμοῦ.
441 979 450 996 ι
469 970 525 996 Καὶ
540 967 609 996 εἶδεν
630 969 659 996 ἐν
674 969 804 1004 ὁράματι.
826 977 835 995 ι

47 1017 107 1043 Οὐκ
118 1016 236 1051 ἰ’,δὺνατο
251 1016 305 1052 γὰρ
323 1016 387 1044 ἰδεῖν
401 1015 464 1043 καθ’
477 1015 563 1051 ὕπαρ,
579 1015 672 1051 ἐπειδὴ
693 1015 781 1051 πηρὸς
792 1012 837 1050 ἦν.

88 1157 99 1174 ι
126 1147 279 1183 Ἀπεκρίθη
309 1147 337 1173 δὲ
363 1146 506 1179 Ἀνανιαςο
533 1147 631 1183 Κύριε,
663 1147 771 1182 ἀκήκοα
786 1147 841 1174 ἀπὸ

51 1203 61 1220 ι
81 1193 193 1220 πολλῶν
206 1193 270 1228 περὶ
284 1192 330 1219 τοῦ
343 1193 439 1228 ἀνδρὸς
450 1193 558 1227 τούτου,
574 1193 625 1220 ὅσα
638 1193 712 1220 κακὰ
729 1193 840 1229 ἐποίησε

53 1249 62 1265 ι
80 1241 138 1271 τοῖς
154 1239 242 1274 ἁγίοις
259 1247 306 1266 σου
328 1239 358 1266 ὲν
377 1239 567 1275 Ἰερουσαλήμ.
590 1239 646 1266 Kal
657 1237 707 1266 ὧδε
723 1239 780 1275 ἔχει
796 1239 841 1272 EE-

53 1295 62 1311 ι
81 1286 180 1311 ουσίαν
205 1285 280 1320 παρὰ
302 1285 357 1313 τῶν
377 1285 530 1321 ἀρχιερέων
552 1285 634 1320 δῆσαι
658 1285 764 1318 πάντας
778 1286 841 1317 τοὺς

54 1341 64 1358 ι
84 1331 322 1365 ἐπικαλουμένους
336 1331 367 1358 τδ
380 1331 466 1367 ὄνομά
478 1340 536 1358 σου.
552 1329 622 1358 Eius
634 1332 663 1359 δὲ
678 1332 746 1368 πρὸς
761 1332 842 1359 αὑτὸν

53 1387 62 1403 ι
82 1379 97 1404 6
110 1378 231 1413 Κύριος·
255 1377 388 1413 Πορεύου,
415 1378 456 1404 ὅτι
472 1377 568 1410 σκεῦος
581 1378 696 1413 ὲκλογῆς
709 1378 754 1414 μοι
767 1378 842 1404 ἐστιν

55 1433 64 1449 ι
84 1419 175 1454 οὗτος,
189 1422 236 1449 τοῦ
253 1422 386 1458 βαστάσαι
400 1423 431 1449 τὸ
451 1423 537 1458 ὁνομά
559 1431 610 1459 μου
625 1423 742 1450 ὲνὼπιον
758 1423 842 1450 ἐθνῶν

55 1478 65 1494 ι
86 1469 135 1495 καὶ
152 1468 297 1503 βασιλέων,
323 1467 389 1495 υἱῶν
414 1476 444 1495 τε
463 1467 581 1504 Ἰσραήλ.
606 1469 677 1504 Ἐγὼ
700 1469 754 1504 γὰρ
778 1469 844 1496 ὑπο-

55 1525 65 1541 :
87 1514 169 1547 δείξω
186 1514 260 1549 αὐτῷ
273 1514 322 1540 ὅσα
337 1513 377 1540 δεῖ
395 1514 477 1540 αὐτὸν
497 1515 568 1551 ὑπὲρ
580 1514 627 1541 τοῦ
642 1515 775 1550 ὀνόματός
791 1523 843 1551 μου

56 1570 66 1587 ι
88 1561 198 1588 παθεῖν.
219 1559 337 1595 Ἀπῆλθε
362 1560 390 1587 δὲ
413 1560 549 1594 Ἀνανίας,
579 1561 626 1588 καὶ
651 1561 776 1597 εἰσῆλθεν
805 1562 844 1591 εἰς

57 1617 67 1634 ε
86 1607 136 1642 τὴν
154 1605 253 1633 οῐκὶαψ
267 1606 314 1633 καὶ
328 1605 431 1637 ἐπιθεὶς
443 1605 487 1632 ἐπ’
501 1605 582 1634 αὑτὸν
593 1606 642 1639 τὰς
656 1596 750 1642 χεῖρας
764 1604 824 1633 εἷπε
835 1614 842 1621 ·
857 1596 879 1625 c

58 1662 67 1679 ι
89 1652 180 1679 Σαοὺλ
197 1652 306 1687 ἀδελφέ.
323 1661 333 1678 ι

95 1708 105 1725 ι
126 1699 246 1733 ’Δκήκοα
272 1698 326 1725 ἀπὸ
356 1698 472 1726 πολλῶν.
489 1707 500 1724 ι
530 1698 622 1726 Ταῦτά
637 1706 718 1734 φησιν
732 1699 746 1725 6
765 1698 845 1725 Ἀνα-

57 1744 130 1775 νίας,
147 1743 197 1778 οὐχ
211 1743 248 1775 ὡς
263 1743 386 1770 ἀπιστῶν
407 1745 463 1776 τοῖς
478 1744 645 1779 λεγομένοις,
660 1744 719 1771 οὐδὲ
737 1743 846 1779 ἡπατῆ-

58 1790 124 1817 σθαι
139 1789 259 1824 νομίζων
279 1789 326 1816 τδν
344 1790 480 1826 Χριστόν·
508 1790 546 1826 μὴ
572 1790 695 1824 γένοιτοι
714 1790 783 1817 ἀλλὰ
799 1799 847 1824 φο-

59 1836 193 1871 εούμενος
222 1836 270 1863 καὶ
294 1837 413 1873 τρέμων.
440 1836 523 1869 Εἰκὸς
552 1837 606 1873 γάρ
632 1834 666 1872 ἦν
688 1836 788 1868 αὐτοὺς
819 1837 848 1863 ἐν

59 1882 137 1917 φόϐῳ
161 1882 242 1915 ὕντας
271 1882 515 1919 περιεργάζεσθαι,
543 1883 614 1910 ὥστε
640 1883 789 1918 μανθάνειν
813 1883 848 1910 τὰ

58 1928 121 1954 κατ’
135 1927 226 1954 αὐτῶν
239 1929 385 1964 ὁριζόμενα
403 1928 478 1965 (ἐπεὶ
496 1928 578 1956 πόθεν
592 1927 626 1965 ἦν
652 1928 732 1964 δῆλον
745 1929 847 1962 αὐτοῖς,

58 1974 101 2000 ὅτι
124 1974 172 2000 καὶ
187 1970 238 2000 ὧδε
258 1974 383 2007 ἐξουσίαν
402 1974 459 2010 ἔχει
475 1975 551 2010 παρὰ
575 1975 629 2001 τῶν
658 1974 848 2011 ἁρχιερὲωνς)

60 2019 110 2046 καὶ
127 2019 230 2054 λέγειν,
256 2019 297 2046 ὃτι
315 2020 425 2048 Τούτων
440 2020 525 2047 ὄντων
542 2020 601 2052 πῶς
627 2020 738 2048 δύναται
761 2020 850 2048 ταῦτα

59 2065 207 2100 γενέσθαι,
222 2065 255 2092 Τί
271 2064 317 2092 οὖν
341 2067 354 2092 6
370 2066 472 2102 Κύριος
494 2067 508 2093 6
530 2068 591 2099 ταῖς
615 2067 739 2103 καρδίαις
759 2067 849 2102 ἐμϐα-

59 2111 150 2138 τεύων
163 2112 234 2138 κατὰ
249 2111 354 2138 Παύλου
368 2113 563 2148 ἐμαρτύρησε;
585 2113 725 2141 Δείκνυσιν
746 2114 786 2140 ὅτι
800 2113 850 2140 οὐκ

61 2158 122 2185 ἔστι
135 2159 238 2194 φυσικὴ
256 2159 273 2194 ή
286 2159 370 2185 κακία
385 2159 470 2195 αὐτῷ.
492 2160 592 2191 Σκεῠος
615 2161 680 2195 γάρ,
698 2161 790 2196 φησὶν,
804 2162 851 2187 ὲκ-

61 2202 148 2238 λογῆς
163 2203 231 2230 ἐστι.
246 2203 297 2230 Διὰ
319 2203 407 2238 τοῦτο,
433 2205 526 2240 φησιν,
552 2204 653 2236 ἔδειξεν
672 2205 713 2231 ὅτι
740 2204 852 2240 δόκιμός

889 969 917 997 Id
933 973 1024 997 autem
1037 969 1141 997 factum
1154 974 1207 1003 est,
1224 970 1297 1005 quod
1311 969 1436 996 Damasci
1451 974 1563 1004 propter
1575 973 1677 996 motam

889 1015 1110 1052 persecutionem
1139 1023 1195 1043 non
1221 1015 1331 1043 adesset
1355 1015 1509 1050 presbyter.
1534 1024 1543 1041 ι
1560 1014 1594 1042 Ει
1610 1015 1678 1042 vidit

890 1069 939 1098 per
960 1062 1062 1089 visum.
1077 1071 1086 1087 ι
1116 1060 1212 1096 Neque
1239 1061 1311 1089 enim
1335 1068 1430 1089 revera
1455 1061 1547 1090 videre
1578 1061 1677 1096 potuit,

889 1107 1018 1143 quoniam
1033 1114 1122 1135 caecus
1135 1111 1203 1134 erat.

926 1153 972 1186 lx,
986 1153 1078 1180 15-17.
1092 1163 1102 1180 ι
1118 1153 1268 1188 Respondit
1283 1157 1372 1181 autem
1388 1154 1509 1182 Ananias
1526 1163 1533 1182 :
1551 1154 1676 1188 Domine,

895 1208 903 1224 ι
925 1198 1018 1226 audivi
1033 1207 1067 1226 ex
1084 1199 1179 1226 multis
1193 1199 1227 1226 de
1249 1199 1309 1226 viro
1325 1199 1387 1231 hoc,
1401 1204 1502 1234 quanta
1517 1200 1590 1227 mala
1606 1200 1679 1228 fecea

895 1253 905 1270 ι
921 1245 957 1272 rit
971 1245 1077 1273 sanctis
1106 1245 1161 1273 tuis
1180 1244 1368 1280 Jerosolymis.
1397 1245 1431 1272 Et
1449 1245 1500 1273 hoc
1525 1245 1586 1273 loco
1602 1250 1680 1281 pote-

896 1300 905 1316 ι
925 1295 1023 1318 statem
1039 1290 1120 1318 habet
1133 1298 1149 1317 a
1166 1291 1338 1325 principibus
1354 1291 1528 1318 sacerdotum
1545 1292 1679 1319 vinciendi

896 1347 905 1364 ι
922 1331 1017 1365 omnes
1027 1337 1073 1372 qui
1086 1337 1213 1365 invocant
1230 1337 1286 1372 87
1295 1344 1393 1364 nomen
1407 1341 1494 1365 tuum.
1506 1337 1577 1365 Dixit
1587 1343 1679 1366 autem

897 1394 907 1410 ι
925 1385 958 1412 ad
982 1392 1043 1412 eum
1066 1384 1218 1412 Dominus:
1248 1383 1333 1417 Vade,
1349 1385 1478 1419 quoniam
1495 1394 1543 1413 vas
1562 1386 1679 1413 electum

897 1440 907 1456 ι
926 1434 969 1458 est
994 1430 1061 1457 mihi
1091 1431 1153 1461 iste,
1183 1436 1211 1458 ut
1239 1433 1331 1465 portet
1357 1437 1456 1458 nomen
1481 1439 1570 1458 meum
1587 1439 1679 1459 coram

897 1486 907 1502 ι
927 1477 1054 1512 gentibus
1082 1480 1109 1505 et
1137 1477 1257 1512 regibus,
1279 1484 1311 1504 ac
1336 1477 1398 1504 [iliis
1421 1477 1514 1504 Israel.
1535 1478 1590 1513 Ego
1608 1479 1680 1505 enim

899 1531 907 1547 ι
927 1521 1070 1549 ostendam
1086 1521 1123 1548 illi
1143 1525 1245 1556 quanta
1275 1525 1401 1556 oporteat
1430 1529 1492 1548 eum
1509 1530 1558 1557 pro
1571 1523 1683 1550 nomine

900 1577 909 1593 ι
928 1574 989 1594 meo
1019 1567 1086 1602 pati.
1128 1567 1162 1594 Et
1196 1566 1263 1594 abiit
1288 1567 1429 1599 Ananias,
1447 1567 1626 1602 introivitque
1654 1569 1681 1595 in

900 1621 910 1640 ι
926 1612 1049 1645 domum,
1074 1617 1101 1640 et
1123 1612 1259 1648 impositis
1285 1611 1325 1639 illi
1345 1611 1474 1639 manibus
1497 1612 1588 1640 dixit:
1617 1613 1682 1641 Saul

900 1669 909 1685 ι
931 1659 1027 1686 frater.
1046 1668 1055 1685 ›

935 1713 945 1730 ι
963 1703 1062 1731 Audivi
1087 1711 1119 1730 ex
1146 1703 1247 1730 multis.
1264 1712 1273 1729 ι
1308 1703 1370 1731 Haec
1391 1702 1458 1730 dicit
1475 1703 1606 1737 Ananias,
1629 1712 1682 1731 non

899 1753 1027 1785 tanquam
1060 1748 1219 1777 incredulus
1248 1749 1291 1776 his
1308 1756 1369 1784 quae
1394 1748 1576 1782 dicebantur,
1596 1758 1684 1784 neque

898 1803 991 1823 errare
1009 1795 1149 1823 Christum
1168 1794 1328 1823 existimans
1353 1803 1359 1822 :
1391 1795 1482 1822 absit!
1509 1795 1558 1823 sed
1586 1796 1685 1824 timens

899 1849 931 1868 ac
954 1842 1084 1869 tremens.
1108 1840 1172 1867 Erat
1197 1841 1270 1868 enim
1300 1840 1450 1868 verisimile
1479 1841 1552 1876 quod
1570 1849 1630 1868 eum
1658 1843 1684 1869 in

901 1887 998 1915 timore
1024 1891 1127 1917 essent,
1155 1886 1376 1917 sciscitabantur,
1408 1891 1437 1912 ut
1461 1886 1599 1914 discerent
1625 1896 1686 1922 qua:

900 1935 996 1959 contra
1022 1939 1052 1959 se
1076 1930 1187 1958 deﬁnita
1208 1934 1295 1957 erant.
1319 1930 1439 1965 (Alioqui
1455 1931 1527 1958 enim
1548 1932 1686 1965 quomodo

902 1978 956 2005 illis
977 1975 1153 2005 manifestum
1177 1979 1252 2003 esset
1280 1975 1353 2009 quod
1385 1976 1468 2002 etiam
1498 1976 1543 2003 hic
1575 1976 1688 2004 haberet

901 2027 1066 2060 potestatem
1085 2030 1099 2049 a
1113 2022 1284 2058 principibus
1301 2022 1474 2050 sacerdotum
1486 2022 1507 2058 2)
1536 2022 1629 2058 Itaque
1645 2024 1688 2051 di-

902 2071 999 2098 cebat:
1027 2071 1093 2097 Cum
1111 2070 1168 2096 han:
1187 2069 1223 2096 ita
1241 2069 1307 2101 sint,
1334 2067 1474 2102 quomodo
1497 2072 1613 2103 possunt
1637 2070 1688 2097 ista

903 2117 983 2144 lieri?
1019 2115 1089 2148 Quid
1117 2123 1182 2152 ergo
1207 2115 1349 2148 Dominus,
1380 2114 1408 2141 in
1437 2122 1532 2141 eorum
1559 2115 1688 2144 cordibus

903 2161 1047 2193 habitans,
1074 2161 1204 2188 adversus
1223 2159 1337 2187 Paulum
1364 2158 1536 2186 testabatur?
1562 2159 1690 2187 Ostendit

903 2215 958 2235 non
982 2214 1042 2234 esse
1059 2205 1185 2232 naturale
1208 2205 1247 2232 illi
1273 2204 1379 2232 vitium.
1410 2203 1478 2231 Nam
1504 2212 1551 2232 vas
1573 2205 1688 2234 electum

63 2249 141 2274 ἐστι·
153 2247 184 2274 τδ
199 2248 310 2284 δόκιμον
329 2249 382 2285 γάρ
403 2258 444 2282 τις
465 2250 606 2284 ἐκλέγεται
626 2250 734 2282 σκεῦος.
751 2251 806 2277 Kal
820 2251 847 2277 οὐ

937 2259 958 2287 ι,
977 2252 1075 2287 inquit.
1091 2251 1240 2286 Propterea
1262 2250 1383 2278 ostendit
1397 2251 1468 2285 quod
1487 2251 1619 2285 probatus
1633 2252 1688 2279 sit:

65 2294 147 2328 μόνον
159 2295 256 2326 πιστὸς
272 2295 357 2328 ἔσται,
375 2297 468 2332 φησὶν,
484 2296 552 2323 ἀλλὰ
570 2297 616 2324 καὶ
632 2297 792 2329 διδάσκαλος
804 2298 853 2324 καὶ

64 2340 154 2376 κῆρυξ
178 2340 228 2375 τῆς
249 2341 423 2378 οἰκουμένης,
452 2343 521 2369 ἁλλὰ
544 2344 592 2370 καὶ
618 2343 742 2370 πείσεται
767 2343 853 2370 πολλὰ

64 2387 136 2422 ὑπὲρ
151 2386 231 2421 ἐμοῦ.
249 2386 298 2414 Διὰ
307 2387 385 2414 τοῦτό
397 2397 491 2424 φησιν,
507 2389 547 2416 ὅτι
563 2389 663 2421 Σκεῦος
675 2389 792 2424 ἐκλογῆς
807 2389 853 2424 μοι

64 2434 136 2465 ἐστι,
150 2432 200 2459 καὶ
214 2432 255 2459 ὅτι
272 2432 402 2467 βαστάσει
416 2435 447 2460 τὸ
462 2435 547 2470 ὄνομα
561 2443 622 2470 μου.
642 2436 719 2462 Ἐπεὶ
730 2436 758 2462 δὲ
770 2437 852 2462 ἁκού-

66 2487 116 2509 σας
131 2479 146 2505 6
165 2478 292 2510 Ἁνανίας
313 2479 354 2505 ὅτι
375 2479 474 2515 τυφλός
493 2481 567 2508 ἐστιν
582 2482 595 2507 6
612 2481 728 2514 Παῦλος,
755 2482 852 2517 ἐχάρη,

65 2524 114 2550 καὶ
131 2523 275 2559 μονονουχὶ
287 2525 368 2551 τοῦτο
380 2524 454 2559 λέγει
469 2526 513 2553 διὰ
529 2527 583 2554 τῶν
599 2527 681 2554 αὑτοῦ
704 2528 835 2563 ῥημάτων
846 2536 852 2542 ·

66 2570 166 2603 Καλῶς
193 2571 260 2606 ἔχει,
276 2572 345 2606 ἄφες
360 2571 441 2598 αὑτὸν
465 2574 665 2609 πεπηρῶσθαι·
694 2575 720 2600 τι
749 2583 782 2609 με
808 2583 855 2600 κε-

65 2617 155 2648 λεύεις
174 2617 277 2649 ἀνοῖξαι
301 2618 365 2649 τοὺς
376 2617 548 2653 ὀφθαλμούς;
573 2619 616 2646 ἵνα
638 2619 719 2647 πάλιν
734 2620 853 2655 κολάσῃ;

65 2664 104 2690 Οὐ
123 2663 214 2698 μόνον,
237 2664 330 2698 φησὶν,
346 2663 423 2691 οὐδὲν
443 2665 592 2700 ἐργάσεται
609 2665 706 2699 δεινὸν,
726 2665 793 2693 ἀλλὰ
809 2667 856 2693 καὶ

66 2715 195 2742 πείσεται
208 2715 294 2742 πολλὰ
309 2715 380 2750 ὑπὲρ
395 2715 474 2751 ἐμοῦ.

102 2815 114 2832 ι
134 2805 164 2833 '0
177 2805 280 2840 Κύριος
293 2805 446 2832 ἀπέσταλκὲ
461 2813 493 2840 με
510 2805 523 2830 ὁ
543 2804 637 2839 ὀφθείς
652 2812 691 2830 σοι
706 2803 736 2829 ἐν
751 2804 784 2838 τῇ
805 2802 856 2838 ὁδῷ

68 2860 78 2877 ι
131 2852 230 2886 ήρχου,
247 2851 322 2882 ὅπως
334 2851 488 2887 ἀναϐλέψῃς
504 2850 552 2877 καὶ
566 2850 690 2885 πλησθῇς
700 2848 857 2884 Πνεύματος

69 2905 79 2923 I
98 2897 190 2932 ἁγίου.
205 2897 262 2923 Kal
278 2897 377 2927 εὐθέως
400 2895 538 2924 ἀπέπεσον
555 2896 609 2922 ἀπὸ
632 2896 685 2922 τῶν
709 2895 857 2931 ὀφθαλμῶν

211 2944 346 2975 ΡΔτιιοι.
369 2944 426 2974 Gn.
448 2944 583 2976 CXVIII.

905 2306 968 2327 nam
978 2298 1177 2333 probatumvas
1185 2296 1276 2332 quivis
1293 2296 1380 2332 eligit.
1396 2295 1451 2323 Nec
1467 2296 1568 2329 solum,
1586 2296 1687 2332 inquit,

905 2345 994 2372 ﬁdelis
1006 2344 1069 2375 erit,
1083 2344 1129 2370 sed
1143 2347 1169 2370 et
1186 2346 1335 2378 przeeeptor
1346 2350 1377 2369 ac
1390 2342 1552 2376 praedicator
1569 2343 1690 2371 universi

905 2391 991 2423 orbis,
1003 2392 1142 2425 multaque
1152 2397 1200 2424 pro
1212 2397 1253 2416 mc
1266 2389 1393 2424 patietur.
1410 2388 1556 2424 Propterea
1574 2389 1622 2422 ait.
1635 2390 1689 2418 Vas

905 2437 1020 2465 electum
1056 2436 1121 2463 mihi
1152 2441 1211 2467 est,
1246 2441 1273 2463 et
1305 2443 1404 2463 nomen
1438 2443 1527 2464 meum
1560 2438 1690 2471 portabit.

905 2483 1039 2516 Quoniam
1070 2487 1159 2510 autem
1198 2482 1319 2510 Ananias
1353 2482 1468 2509 audiens
1496 2483 1570 2517 quod
1603 2491 1691 2512 caecus

906 2532 979 2557 esset
995 2527 1108 2560 Paulus,
1130 2527 1240 2562 gavisus
1255 2532 1307 2559 est,
1338 2531 1365 2554 et
1380 2527 1577 2562 propemodum
1602 2529 1693 2556 verbis

907 2575 965 2602 suis
988 2574 1040 2601 hoc
1056 2574 1140 2600 dicit:
1161 2573 1234 2600 Bene
1256 2581 1285 2601 se
1303 2573 1395 2604 habet.
1416 2574 1475 2600 sine
1494 2581 1556 2600 eum
1572 2582 1693 2601 exczecm

907 2626 962 2649 tum
984 2628 1064 2648 csse:
1085 2626 1113 2646 ut
1128 2621 1192 2654 quid
1205 2627 1248 2647 me
1270 2619 1351 2654 jubes
1366 2619 1427 2653 ejus
1451 2619 1546 2647 oculos
1564 2621 1693 2654 aperire?

907 2675 939 2694 an
969 2671 998 2694 ut
1025 2674 1133 2694 rursum
1152 2666 1280 2693 vinciat?
1309 2670 1339 2693 ut
1367 2673 1474 2694 rursum
1500 2665 1693 2700 puniat?ideo

907 2713 946 2740 ait
961 2721 968 2739 :
983 2711 1043 2739 Non
1059 2713 1147 2740 solum
1163 2711 1231 2739 nihil
1248 2712 1311 2738 mali
1330 2712 1499 2746 operahitur,
1510 2711 1556 2738 sed
1570 2714 1597 2738 et
1609 2711 1694 2738 multa

908 2767 956 2793 pro
976 2765 1018 2786 me
1034 2758 1172 2785 tolerabit.

944 2804 990 2837 IX,
1009 2804 1102 2831 I7-I9.
1125 2813 1133 2830 ι
1150 2804 1280 2831 Dominus
1297 2804 1369 2831 misit
1383 2811 1425 2830 me
1441 2803 1486 2838 qui
1503 2803 1628 2838 apparuit
1645 2804 1694 2832 tibi

912 2859 920 2876 I
940 2851 967 2877 in
987 2851 1029 2877 via
1047 2857 1100 2885 qua
1129 2851 1270 2882 veniebas,
1288 2854 1317 2876 ut
1333 2849 1422 2876 visunt
1449 2849 1576 2884 recipias,
1601 2854 1628 2877 et
1644 2850 1696 2877 im-

911 2906 921 2924 ι
941 2897 1042 2933 plearis
1061 2897 1163 2933 Spiritu
1182 2900 1287 2925 sancto.
1311 2895 1465 2932 Statimque
1481 2896 1641 2924 deciderunt
1660 2896 1694 2923 ab
