1864 3052
181 158 238 190 ‘571

184 270 199 286 4
219 261 267 295 pit.
288 267 319 285 ac
345 266 460 295 surgens
481 259 636 292 baptizatus
668 262 719 285 csl.
745 257 869 293 Cumque
896 265 973 286 acce-

189 315 199 332 ‹
219 306 306 341 pissct
323 305 413 331 cibum
431 304 602 331 confortatus
618 308 669 330 est.
687 303 750 330 Fuit
766 308 856 331 autem
872 303 973 331 Saulus

189 361 277 380 «cum
311 351 454 386 discipulis
485 350 532 384 qui
566 355 645 376 crant
672 348 800 377 Damasci
830 349 890 377 dies
924 349 967 376 ali-

187 408 199 426 ι
217 402 293 434 quot.
314 407 323 423 ι

224 465 233 481 ι
250 453 300 487 Qui
326 452 453 487 apparuit
478 451 535 478 libi.
555 460 564 477 ι
581 451 663 486 Atqui
689 458 743 478 non
769 451 838 478 dixit
851 451 875 479 ei
893 451 973 478 Chri-

186 505 265 530 stus:
287 501 344 534 Ego
360 499 400 526 illi
425 497 547 532 apparui,
573 497 619 524 sed
636 497 688 524 hoc
711 504 726 524 a
747 496 851 531 Spiritu
877 501 972 524 sancto

185 547 292 575 didicit.
309 544 410 572 Verum
424 550 478 570 non
495 542 547 570 fuit
559 542 593 568 ab
610 549 642 569 eo
657 541 743 570 visus.
772 541 871 577 Utique
890 543 971 570 rebus

183 592 250 627 ipsis
266 595 293 618 et
307 589 424 617 efficacia
436 589 514 616 visus
538 587 590 615 fuit
617 592 644 615 et
665 588 802 623 apparuit.
823 588 882 616 Non
903 589 972 616 dixit

183 643 294 666 autem:
319 637 376 672 38
388 635 441 668 Qui
461 639 487 663 te
499 635 656 668 excaecavit,
675 635 870 670 improperium
891 635 973 662 decli-

183 691 263 716 nans,
275 683 323 711 sed
333 683 378 718 qui
389 682 516 717 apparuit
524 682 584 709 tibi.
596 681 729 709 Decidunt
738 686 827 709 autem
837 689 971 717 squamae,

181 728 384 757 vehementiam
412 728 545 759 caecitatis
566 727 761 761 ostendentes,
790 729 973 764 sanitatisque

183 774 388 804 certitudinem.

213 830 265 864 ιχ,
279 830 377 857 20-25.
399 829 447 856 «Et
464 829 610 858 confestim
629 830 656 858 in
670 832 816 866 synagogls
835 831 972 866 praedica-

730 156 926 186 (ECUMENII
943 157 1086 188 TRICCAE
1108 158 1277 189 EPlSCOPI

187 224 198 240 ι
218 213 304 242 oculis
334 212 395 246 ejus
426 217 555 247 tanquam
585 219 716 246 Squamrc,
741 218 767 239 et
793 213 880 239 visum
902 221 967 240 rcce-

1059 213 1142 241 αὑτοῦ
1165 213 1230 241 ὡσεὶ
1258 215 1377 250 λεπίδες,
1404 217 1535 252 ἀνέϐλεψέ
1561 227 1588 245 τε

1765 162 1813 194 172

1621 219 1666 245 καὶ
1691 220 1745 246 ἀνα
1751 222 1813 251 στας

1028 269 1037 285 ι
1056 261 1217 296 ἐϐαπτίσθη,
1233 261 1279 288 καὶ
1291 261 1381 289 λαϐὼν
1396 263 1498 299 τροφὴν
1517 264 1666 299 ὲνίσχυςεν.
1687 265 1815 299 Ἐγένετο

1028 315 1037 332 ‹
1055 305 1083 332 δὲ
1114 307 1128 333 6
1155 307 1256 339 Σαῦλος
1285 308 1355 343 μετὰ
1385 309 1438 336 τῶν
1460 309 1489 338 ἐν
1517 311 1656 347 Δαμασκῷ
1680 312 1813 347 μαθητῶν

1028 363 1037 380 ι
1056 354 1162 390 ἡμέρας
1180 355 1266 387 τινάς.
1284 365 1293 382 ι

1062 465 1072 481 ι
1097 455 1126 482 '0
1151 455 1244 490 ὀφθείς
1262 464 1314 483 σοι.
1334 465 1343 481 ι
1375 456 1431 484 Καὶ
1448 456 1502 491 μὴν
1519 458 1569 485 οὐκ
1593 456 1670 485 εἶπεν
1696 459 1778 495 αὐτῷ
1802 463 1815 487 ό

1023 501 1151 536 Χριστὸς,
1165 502 1206 528 ὅτι
1221 502 1325 536 Ὠφθην
1341 502 1426 537 αὐτῷ,
1445 503 1502 529 ἀλλ’
1521 503 1576 530 ἀπὸ
1589 505 1636 531 τοῦ
1651 505 1721 532 Πνεύ
1727 515 1816 541 ματος

1024 547 1136 582 ἔμαθεν.
1165 548 1221 575 Kal
1236 548 1289 584 μὴν
1305 549 1355 576 οὐκ
1371 549 1461 585 ὤφθη.
1489 550 1544 578 Ναὶ
1570 551 1613 578 διὰ
1640 552 1816 587 πραγμάτων

1024 594 1071 620 καὶ
1085 594 1134 629 τῆς
1155 595 1296 630 ἐνεργείας
1311 595 1399 630 ὤφθη.
1425 596 1482 624 Οὐκ
1497 593 1558 623 εἷπε
1572 597 1610 629 δὲ,
1632 597 1662 624 '0
1679 598 1817 633 πηρώσας

1024 647 1065 671 σε,
1083 639 1215 666 ἐκκλίνων
1243 640 1288 667 τὴν
1316 640 1478 675 όνειδισμδν,
1501 641 1571 675 ἀλλ’,
1595 642 1623 669 'O
1646 643 1744 677 ὀφθείς
1763 652 1815 671 σοι.

1030 683 1208 711 Ἐκπίπτουσι
1227 684 1256 711 δὲ
1269 685 1386 718 λεπίδες,
1404 686 1434 712 τὸ
1449 687 1564 721 σφοδρὸν
1574 686 1747 714 δεικνύουσαι
1766 688 1816 723 τῆς

1022 730 1199 766 τυφλὼσεως,
1217 731 1264 758 κα¹ι
1279 732 1310 758 τὸ
1324 732 1511 767 ἀναμφίὸολον
1524 733 1572 769 τῆς
1588 734 1695 766 ίάσεως.

1061 838 1070 855 ε
1088 829 1144 856 Kal
1164 829 1266 861 εὐθέως
1282 831 1311 857 ἐν
1337 831 1398 863 ταῖς
1416 833 1589 866 συναγωγαῖς
1614 833 1755 868 ἐκήρυσσε
1772 834 1817 860 τὸν

185 888 195 905 ‹
210 879 257 906 bat
278 878 431 911 Christum,
446 877 519 912 quod
539 877 583 905 hic
597 882 669 905 esset
686 878 774 906 Filius
787 878 844 906 Dei.
873 878 967 912 Stupe-

1057 875 1184 910 Χριστὸν,
1210 876 1252 903 ὅτι
1276 874 1354 909 οὗτός
1378 879 1451 904 ἐστιν
1466 879 1480 905 6
1494 878 1558 910 Υἱὸς
1579 878 1627 905 τοῦ
1650 879 1729 906 Θεοῦ.
1757 880 1817 912 Ἐξι

186 933 196 950 ι
216 924 284 952 bant
297 927 388 951 autem
405 930 501 950 omnes
525 923 572 958 qui
587 930 650 950 eum
667 923 825 957 audiebant,
853 930 884 950 ac
897 922 971 950 dice-

185 980 194 996 ι
214 971 279 998 bant
292 979 298 997 :
313 969 408 998 Nonne
420 969 465 996 hic
480 973 523 997 est
536 970 582 1004 qui
598 969 776 1004 expugnabat
791 968 973 1005 Jerosolytnis

180 1025 195 1042 ι(
210 1023 258 1043 cos
271 1016 316 1050 qui
333 1015 496 1043 invocabant
507 1022 606 1042 nomen
621 1015 718 1042 istud?
744 1015 776 1042 Et
794 1015 847 1042 huc
865 1015 897 1042 ad
921 1015 973 1042 hoc

186 1071 196 1089 ι
213 1063 287 1093 venit
300 1068 329 1089 ut
346 1063 454 1090 vinctos
465 1062 593 1089 educeret
604 1062 665 1089 illos
679 1061 711 1088 ad
725 1062 864 1097 principes
878 1070 973 1089 sacer-

185 1118 194 1134 ε
213 1108 331 1136 dolum?
356 1108 455 1135 Saulus
472 1114 537 1135 vero
549 1107 635 1142 magis
653 1107 850 1139 invalescebat,
862 1112 888 1135 et
904 1115 972 1135 con-

185 1164 195 1182 l
215 1154 345 1181 fundebat
366 1153 477 1180 Judaaos
496 1153 543 1187 qui
568 1153 694 1180 habitant
716 1153 854 1186 Damasci,
871 1153 974 1181 conﬁr-

185 1209 195 1226 ι
213 1208 291 1228 mans
306 1201 378 1227 hunc
392 1207 454 1227 esse
465 1198 617 1226 Christum.
636 1199 758 1234 Expletis
771 1205 859 1226 autem
875 1200 972 1227 diebus

185 1256 194 1273 ι
214 1246 412 1281 compluribus,
433 1245 555 1272 inierunt
579 1245 650 1272 inter
668 1253 698 1272 se
719 1245 805 1272 Judaei
826 1246 970 1273 consilium

184 1303 194 1319 ‹
218 1298 248 1320 ιιι
274 1294 364 1328 ipsum
387 1292 556 1320 occiderent.
580 1291 683 1319 Verum
709 1296 781 1319 notze
804 1291 882 1319 facta:
908 1297 972 1320 sunt

185 1351 194 1366 ι
213 1340 295 1368 Saulo
316 1340 422 1368 insidia:
438 1348 544 1368 eorum.
565 1339 597 1367 Et
619 1340 799 1367 asservabant
815 1345 908 1373 portas
928 1340 972 1368 die

186 1396 195 1412 ι
215 1394 246 1414 ac
262 1391 341 1413 nocte
357 1390 386 1413 ut
402 1386 492 1420 ipsum
507 1385 677 1412 occiderent.
705 1384 857 1420 Acceptum
878 1389 971 1412 autem

185 1441 195 1458 ι
211 1439 273 1459 eum
287 1431 414 1466 discipuli
431 1436 516 1458 noctu
538 1438 586 1466 per
605 1438 715 1458 murum
726 1431 896 1458 demiserunt
907 1430 972 1459 sub-

184 1487 195 1504 ‹
212 1479 352 1506 mittentes
367 1479 395 1505 in
413 1482 520 1512 sporta.
541 1486 551 1503 ι

220 1544 230 1560 ε
246 1534 417 1562 Prmdirabat
438 1534 580 1561 Christum
612 1534 639 1560 in
668 1534 846 1569 synagogisu
868 1533 970 1570 Nempe

182 1588 244 1608 cum
272 1581 358 1616 legem
389 1579 542 1612 didicisset,
571 1586 619 1605 ora
650 1579 704 1606 illis
731 1580 890 1611 obturabat.
919 1588 970 1608 nec

182 1627 288 1654 sinebat
308 1626 394 1661 loqui,
417 1625 465 1652 sed
486 1633 501 1652 a
526 1625 676 1660 Scriptnris
695 1626 865 1653 contrarium
881 1630 972 1654 osten-

181 1673 272 1701 debat.
288 1682 296 1699 ι
312 1672 497 1704 Conlirtnans,
514 1681 523 1697 ι
540 1672 591 1699 hoc
604 1676 657 1705 est,
679 1680 741 1700 cum
759 1674 971 1702 mansuetudine

180 1719 283 1746 docens
306 1718 400 1745 Jesum
420 1725 483 1745 esse
507 1717 647 1745 Christum
666 1717 712 1745 Dei
739 1717 848 1745 Filium.
869 1720 904 1746 At
930 1719 970 1746 illi

180 1764 382 1792 insidiabantur
398 1768 428 1790 ut
443 1763 531 1798 ipsum
548 1764 706 1791 occiderent
721 1774 728 1792 :
752 1773 847 1792 verum
859 1773 874 1792 a
890 1772 969 1793 muro

180 1818 229 1845 per
255 1810 406 1844 discipulos
430 1809 567 1837 demissus
595 1815 636 1838 est
657 1811 684 1838 in
714 1816 828 1846 sporta,
854 1819 887 1839 ac
907 1812 969 1847 fuga

180 1861 307 1884 servatus
329 1861 381 1884 cst.
404 1856 555 1884 Considera
576 1857 649 1892 quod
664 1857 719 1892 jam
737 1857 887 1893 discipulos
898 1867 968 1894 quo—

180 1910 233 1937 que
256 1907 353 1929 nactus
377 1906 446 1935 erat,
470 1903 539 1931 adeo
564 1907 637 1931 totus
660 1904 772 1931 ardebat
787 1913 819 1931 ac
842 1906 970 1940 praedica-

178 1950 254 1976 tione
280 1948 491 1982 perficiebatur:
519 1953 601 1984 atque
620 1957 653 1977 eo
679 1949 739 1984 ipso
760 1950 833 1985 quod
862 1951 966 1979 tardius

179 1996 352 2028 accessisset,
375 1996 528 2032 promptior
544 1997 725 2024 elliciebatur.
750 1996 783 2024 Et
807 2005 966 2033 quanquam

180 2041 245 2068 hinc
264 2042 381 2077 migrare
404 2046 534 2076 cuperet,
556 2047 676 2070 attamen
698 2043 839 2070 hominum
858 2051 966 2080 quoque

179 2087 296 2114 salutem
318 2087 446 2122 amabat;
477 2093 590 2122 propter
610 2088 684 2122 quod
712 2089 794 2116 etiam
809 2089 966 2124 frequenter

176 2133 337 2168 hujusmodi
370 2133 653 2167 comminiscebatur,
692 2143 805 2163 servans
843 2136 964 2171 seipsum

177 2179 363 2213 prmdicationi
381 2188 388 2206 :
407 2187 458 2208 nec
477 2180 624 2208 recusabat
638 2180 767 2209 humanis
783 2181 962 2216 utiinventis,

176 2225 222 2252 ubi
241 2225 372 2261 temporis
386 2227 496 2253 occasio
509 2231 660 2261 expeteret.

211 2281 259 2314 IX,
274 2282 367 2309 26-28.
393 2291 403 2308 ‹
420 2282 488 2309 Cum
514 2274 604 2310 autem
634 2282 734 2312 Saulus
753 2285 874 2313 venisset
891 2283 966 2313 Jeru-

178 2337 188 2354 ι
210 2329 307 2361 salem,
320 2321 444 2356 tentahat
454 2336 484 2356 se
498 2329 648 2364 adjungere
660 2330 963 2366 discipulis:etomnes

177 2383 188 2400 ι
204 2374 281 2402 illum
302 2374 445 2408 timebant,
472 2382 528 2402 non
542 2376 685 2404 credentes
704 2378 776 2412 quod
791 2381 865 2405 esset
877 2378 962 2405 disci—

177 2430 188 2447 ι
206 2421 297 2455 pulus.
321 2420 464 2449 Barnabas
489 2429 553 2449 vero
573 2423 774 2458 apprehensum
788 2423 866 2450 illum
883 2423 962 2452 duxit

176 2476 186 2492 ‹
201 2467 235 2494 ad
262 2466 413 2501 apostolos,
437 2469 614 2504 narravitque
635 2469 701 2504 ipsis
714 2469 854 2504 quomodo
875 2469 902 2495 in
916 2470 960 2497 via

175 2522 186 2539 ε
201 2513 316 2540 vidisset
333 2512 490 2547 Dominum,
507 2513 564 2550 89
577 2519 603 2542 et
617 2515 691 2549 quod
704 2515 814 2542 locutus
829 2519 903 2542 esset
913 2515 938 2542 ei
952 2524 959 2543 :

175 2568 185 2584 ι
203 2563 230 2586 et
237 2559 375 2594 quomodo
384 2558 509 2588 Damasci
519 2566 631 2588 strenue
640 2561 808 2595 segessisset
816 2560 841 2587 in
852 2561 962 2589 nomine

176 2613 185 2630 ι
198 2603 273 2632 Jesu.
302 2604 422 2640 Eratque
445 2612 508 2633 cum
525 2605 593 2640 ipsis
609 2605 718 2631 intrans
730 2608 757 2631 et
773 2605 868 2632 exiens
882 2604 961 2633 Jero-

174 2659 183 2676 I
202 2651 333 2686 Solymis,
366 2659 398 2679 ac
422 2659 485 2679 cum
512 2651 611 2678 fiducia
643 2651 758 2686 loquens
792 2651 819 2678 in
850 2652 960 2680 nomine

173 2705 184 2722 ί
201 2696 306 2724 Domini
321 2697 396 2726 Jesu.

206 2742 292 2778 Digna
314 2744 358 2770 hic
380 2742 523 2771 suboritur
539 2741 674 2770 dubitatio
689 2743 825 2778 quomodo
849 2742 877 2770 in
894 2741 957 2777 Epi-

170 2788 240 2815 stola
254 2788 287 2815 ad
300 2788 412 2815 Galatas
433 2788 507 2815 dicat
531 2789 604 2824 quod
630 2797 682 2817 non
708 2789 805 2817 abierit
819 2789 955 2824 Jerosoly-

168 2841 254 2867 mam,
279 2834 326 2862 sed
343 2834 371 2861 in
395 2834 534 2867 Arabiam,
556 2839 582 2862 et
603 2843 712 2863 rursum
731 2834 904 2866 Damascum.
927 2841 959 2862 ac

168 2881 232 2912 post
257 2881 312 2905 tres
339 2885 424 2906 annos
448 2878 644 2914 Jerosolymam
663 2885 690 2908 nt
714 2880 816 2907 rideret
834 2878 954 2911 Petrum,

1028 931 1037 947 ι
1058 922 1166 949 ίσταντο
1175 922 1204 948 δὲ
1219 923 1321 955 πάντες
1332 924 1357 950 οἱ
1380 924 1537 958 ἀκούοντες,
1561 925 1608 951 καὶ
1624 925 1714 958 ἔλεγον
1727 933 1736 940 ·
1760 926 1817 961 UDX

1026 977 1036 994 ι
1057 963 1134 1000 οὗτός
1146 969 1219 995 ἐστιν
1243 970 1258 996 6
1283 970 1424 1005 πορθήσας
1438 971 1468 997 ὲν
1485 971 1664 1006 Ἰερουσαλὴμ
1675 972 1743 1003 τοὺς
1760 973 1818 998 ἑπι-

1027 1022 1036 1039 ί
1057 1014 1241 1049 καλουμένους
1257 1015 1287 1041 τὸ
1301 1015 1386 1050 ὄνομα
1401 1015 1498 1049 τοῦτο;
1525 1017 1581 1043 Καὶ
1603 1013 1655 1043 ὧδε
1668 1018 1707 1048 εἰς
1734 1018 1818 1044 τοῦτο

1027 1070 1035 1085 ι
1055 1060 1195 1096 ἐλήλυθεν,
1213 1061 1257 1087 ἵνα
1280 1061 1440 1097 δεδεμένους
1459 1063 1559 1094 αὐτοὺς
1580 1063 1670 1099 ἀγάγῃ
1687 1065 1737 1091 ἐπὶ
1755 1065 1818 1095 τοὺς

1026 1116 1036 1132 ι
1057 1107 1212 1143 ἅρχιερεῖς;
1242 1107 1344 1138 Σαῦλος
1371 1107 1400 1134 δὲ
1428 1108 1529 1142 μᾶλλον
1544 1108 1754 1143 ἐνεδυναμοῦτο,
1772 1109 1818 1136 καὶ

1027 1163 1035 1178 ι
1056 1153 1184 1188 συνέχυνε
1216 1153 1279 1184 τοὺς
1310 1153 1453 1185 Ἰουδαίους
1473 1154 1537 1186 τοὺς
1559 1154 1759 1187 κατοικοῦντας
1789 1156 1817 1182 ἐν

1026 1207 1035 1223 ι
1054 1199 1204 1234 Δαμασκῷ,
1221 1199 1397 1234 συμϐιϐάζων
1411 1200 1453 1226 ὅτι
1466 1196 1544 1231 οὗτός
1567 1201 1640 1227 ἐστιν
1651 1202 1664 1228 6
1680 1201 1817 1236 Χριστός.

1027 1254 1035 1269 ι
1060 1244 1103 1275 Ὧς
1126 1243 1155 1270 δὲ
1183 1244 1351 1280 ἐπληροῦντο
1375 1245 1475 1280 ἡμέραι
1502 1247 1604 1278 ἱκαναὶ,
1632 1246 1802 1273 συνεϐουλεά

1025 1296 1035 1313 ι
1057 1296 1137 1314 παντο
1157 1289 1181 1315 οι
1201 1289 1319 1316 Ἰουδαῖοι
1335 1290 1441 1317 ἀνελεῖν
1458 1291 1548 1318 αὐτόν.
1573 1291 1710 1326 Ἐγνώσθη
1726 1292 1761 1319 δὲ
1778 1301 1814 1328 τῳ

1026 1344 1035 1360 ι
1054 1334 1148 1370 Σαύλῳ
1165 1335 1180 1370 ἠ
1197 1335 1327 1371 ἐπιϐουλὴ
1343 1336 1445 1364 αὐτῶν.
1461 1337 1637 1373 Παρετὴρουν
1647 1347 1676 1364 τε
1691 1339 1745 1370 τὰς

1026 1388 1035 1404 ι
1054 1380 1102 1411 λας
1116 1380 1222 1416 ἡμέρας
1236 1389 1267 1408 τι
1283 1382 1330 1408 καὶ
1342 1383 1451 1416 νυκτὸς,
1477 1383 1551 1415 ὅπως
1577 1384 1658 1411 αὐτὸν
1682 1385 1817 1412 ἀνέλωσι.

1025 1435 1035 1451 ί
1053 1425 1190 1458 Λαϐόντες
1201 1427 1230 1453 δὲ
1241 1427 1323 1455 αὐτὸν
1333 1429 1358 1454 ot
1373 1428 1495 1464 μαθηταὶ
1511 1430 1620 1464 νυκτὸς,
1634 1429 1764 1465 καθῆκαν
1777 1431 1820 1458 διὰ

1026 1481 1035 1497 ι
1051 1472 1098 1499 τοῦ
1110 1474 1226 1508 τείχους,
1243 1473 1412 1508 χαλάσαντες
1424 1476 1453 1502 ὲν
1468 1476 1590 1512 σπυρίδι.
1605 1485 1615 1502 ι

1060 1539 1070 1555 ι
1093 1530 1243 1566 Ἐκήρυσσε
1263 1531 1308 1558 τὸν
1325 1532 1442 1566 Χριστὸν
1467 1533 1496 1560 ἐν
1522 1534 1582 1565 ταῖς
1600 1537 1791 1569 συναγωγαῖς,
1807 1546 1816 1562 ι

983 1562 1005 1592 c
1024 1576 1088 1603 Ἀτε
1106 1577 1263 1612 νομομαθὴς
1274 1577 1311 1605 ὣν
1325 1579 1506 1614 ὲπεστόμιζεν
1518 1581 1627 1614 αὐτοὺς,
1642 1562 1688 1608 καὶ
1702 1562 1762 1609 οὐκ
1775 1583 1818 1610 εἷα

1023 1622 1200 1657 φθέγγεσθαι,
1214 1624 1271 1650 ἀλλ’
1286 1624 1341 1651 ἀπὸ
1355 1625 1407 1651 τῶν
1421 1625 1537 1661 Γραφῶν
1553 1626 1682 1654 ἐδείκνυε.
1706 1636 1716 1654 t
1736 1628 1818 1663 Συμ-

1022 1667 1151 1702 ϐιϐάζων,
1169 1678 1179 1695 ι
1196 1670 1331 1703 τουτέστι,
1355 1671 1415 1706 μετ’
1440 1672 1591 1703 ἐπιεικείας
1606 1672 1757 1706 διδάσκων,
1777 1675 1817 1701 ὅτι

1028 1716 1130 1751 Ἰησοῦς
1140 1717 1215 1744 ἐστιν
1228 1719 1242 1744 ό
1254 1718 1372 1754 Χριστὸς
1394 1720 1407 1746 6
1428 1719 1493 1750 Υίὺς
1505 1719 1552 1746 τοῦ
1569 1719 1647 1747 Θεοῦ.
1664 1721 1694 1747 Οί
1713 1721 1750 1747 δὲ
1769 1722 1817 1748 ἐπ-

1021 1761 1164 1789 εϐούλευον
1179 1762 1248 1790 ὥστε
1265 1763 1369 1790 ἀνελεῖν
1385 1765 1465 1791 αὐτόν
1475 1773 1482 1780 ·
1499 1765 1512 1791 6
1528 1766 1556 1791 δὲ
1573 1766 1626 1792 ἀπὸ
1639 1766 1684 1793 τοῦ
1698 1767 1815 1802 τείχους

1021 1809 1050 1834 ἐν
1065 1809 1175 1843 σπυρίδι
1193 1809 1308 1844 ἑχαλᾶτο
1322 1810 1365 1837 διὰ
1377 1810 1432 1836 τῶν
1451 1811 1590 1845 μαθητῶν,
1606 1813 1652 1838 καὶ
1662 1812 1815 1845 διεσώζετο

1021 1855 1121 1889 φυγάς.
1134 1855 1234 1882 Σκόπει
1248 1857 1289 1883 ὅτι
1306 1857 1356 1891 ἤδη
1374 1857 1422 1884 καὶ
1437 1857 1561 1894 μαθητὰς
1574 1855 1608 1894 ἦν
1623 1858 1814 1893 κτησάμενος,

1019 1900 1105 1932 οὕτως
1123 1901 1191 1933 ὅλως
1205 1902 1313 1928 ἐκαίετο
1339 1903 1386 1929 καὶ
1405 1903 1585 1938 ἐπεπλήρωτο
1601 1903 1646 1930 τοῦ
1661 1903 1815 1939 κηρύγμα-

1019 1954 1075 1979 τος,
1097 1947 1144 1972 καὶ
1168 1947 1199 1973 τὸ
1225 1947 1391 1983 βραδύτερον
1407 1949 1489 1976 αὐτὸν
1516 1950 1675 1985 προσελθεῖν
1700 1950 1813 1984 προθυ-

1020 1993 1134 2027 μότερον
1152 1993 1250 2020 ἐποίει.
1269 1994 1300 2021 Et
1317 1994 1370 2029 γὰρ
1397 1995 1445 2021 καὶ
1461 1995 1593 2030 ἐπεθύμει
1618 1997 1665 2032 τῆς
1681 1997 1813 2023 ἐντεῦθεν

1018 2037 1184 2073 ἀποδημίας,
1208 2039 1267 2066 ἀλλ’
1288 2039 1362 2074 ὅμως
1383 2041 1492 2075 καὶτῆς
1512 2041 1567 2068 τῶν
1587 2041 1740 2077 ἀνθρώπων
1757 2043 1813 2078 ἦρα

1019 2083 1170 2119 σωτηρίας·
1194 2085 1228 2111 δι’
1247 2085 1261 2111 ὂ
1278 2086 1324 2112 καὶ
1344 2086 1473 2118 πολλάκις
1497 2087 1610 2115 τοιαῦτα
1633 2089 1810 2123 ἐμηχανᾶτο,

1017 2127 1111 2163 τηρῶν
1123 2129 1219 2156 ἑαυτὸν
1233 2129 1272 2165 τῷ
1287 2130 1446 2166 κηρύγματι
1456 2140 1462 2147 ·
1485 2132 1532 2159 καὶ
1545 2132 1574 2159 οὺ
1589 2135 1740 2169 παρῃτεῖτο
1762 2134 1813 2161 καὶ

1016 2173 1199 2208 ἀνθρωπίνοις
1214 2176 1370 2210 χρήσασθαι
1386 2179 1594 2212 μηχανήμασιν,
1610 2179 1690 2214 ἡνίκα
1703 2179 1810 2216 ἀπῄτει

1016 2220 1120 2256 καιρός.

1055 2285 1063 2302 ι
1083 2277 1308 2312 Παραγενόμενος
1341 2279 1369 2305 δὲ
1393 2280 1406 2306 6
1430 2279 1531 2312 Σαῦλος
1553 2281 1583 2307 ἐν
1615 2281 1809 2318 Ἰερουσαλὴμ,

1019 2331 1028 2348 ι
1050 2323 1178 2358 ἐπειρᾶτο
1202 2324 1348 2351 κολλᾶσθαι
1373 2326 1429 2357 τοῖς
1453 2326 1604 2362 μαθηταῖς·
1631 2328 1676 2353 καὶ
1703 2328 1809 2361 πάντες

1018 2377 1027 2394 ι
1049 2368 1196 2402 ἐφοϐοῦντο
1207 2370 1299 2402 αὑτὸν,
1325 2371 1363 2406 μὴ
1389 2372 1564 2404 πιστεύοντες
1579 2373 1620 2399 ὅτι
1637 2374 1695 2399 ἐστὶ
1710 2375 1809 2409 μαθη-

1018 2424 1027 2441 ‹
1046 2415 1105 2450 τής.
1120 2415 1263 2452 Βαρνάϐας
1276 2417 1305 2445 δὲ
1315 2418 1510 2454 ἐπιλαϐόμενος
1525 2419 1618 2453 αὐτὸν,
1630 2420 1717 2455 ἡγαγε
1734 2421 1808 2456 πρὸς

1018 2471 1027 2487 ι
1046 2459 1108 2494 τοὺς
1119 2463 1295 2496 ἀποστόλους,
1311 2464 1358 2491 καὶ
1373 2464 1522 2500 διηγήσατο
1534 2465 1636 2498 αὐτοῖς,
1657 2465 1714 2497 πῶς
1726 2466 1758 2492 ὲν
1770 2468 1805 2501 τῇ

1019 2517 1028 2534 ‹
1047 2508 1098 2543 ὁδῷ
1110 2507 1164 2536 εἶδε
1179 2509 1225 2536 τὸν
1240 2510 1353 2545 Κύριον,
1375 2512 1422 2538 καὶ
1445 2511 1485 2537 ὃτι
1500 2511 1632 2546 ἐλάλησεν
1649 2511 1722 2546 αὺτῷ
1735 2520 1742 2526 ·
1756 2515 1806 2538 καὶ

1015 2563 1024 2580 ‹
1047 2555 1105 2585 πῶς
1129 2556 1157 2581 ἐν
1174 2556 1314 2591 Δαμασκῷ
1338 2557 1563 2592 ἐπαρρησιάσατο
1587 2557 1615 2583 ἐν
1635 2557 1673 2592 τῷ
1688 2557 1806 2592 ὀνόματι

1014 2609 1023 2626 ‹
1045 2600 1092 2627 τοῦ
1113 2601 1212 2637 Ἰησοῦ.
1227 2603 1283 2630 Kal
1296 2603 1330 2638 ἦν
1344 2604 1405 2637 μετ’
1418 2603 1508 2631 αὐτῶν
1519 2604 1748 2639 εἰσπορευόμενος
1762 2605 1805 2635 εἰς

1014 2656 1022 2672 ι
1046 2646 1233 2683 Ἰερουσαλὴμ,
1250 2649 1297 2675 καὶ
1314 2649 1572 2686 παρρησιαζόμενος
1587 2651 1616 2676 ὲν
1629 2650 1668 2686 τῷ
1684 2650 1805 2685 ὀνόματι

1013 2702 1022 2718 ι
1041 2693 1087 2719 τοῦ
1102 2694 1205 2728 Κυρίου
1227 2694 1326 2729 Ἰησοῦ.
1346 2704 1356 2720 ι

1048 2739 1140 2772 Ἄξιον
1167 2739 1284 2767 ἐνταῦθα
1312 2740 1486 2777 διαπορῆσαι,
1502 2743 1560 2773 πῶς
1573 2743 1601 2769 ἐν
1616 2743 1665 2778 μὲν
1679 2743 1711 2777 τῇ
1729 2743 1803 2778 πρὸς

1011 2786 1133 2818 Γαλάτας
1162 2787 1254 2822 φησὶν,
1271 2787 1313 2814 ὃτι
1330 2788 1386 2815 Οὐκ
1407 2789 1528 2825 ἀπῆλθον
1551 2791 1590 2821 είς
1610 2788 1801 2824 Ἰεροσόλυμα,

1013 2832 1119 2864 ἁλλέίς
1140 2832 1269 2868 Ἀραϐίαν
1281 2834 1328 2861 καὶ
1341 2835 1499 2869 Δαμασκὸν,
1515 2836 1562 2862 καὶ
1581 2835 1651 2871 μετὰ
1670 2835 1734 2870 τρία
1749 2834 1802 2869 ἐτη

1011 2879 1050 2909 είς
1073 2878 1266 2916 Ἰεροσόλυμα,
1300 2881 1345 2907 καί
1379 2881 1518 2916 ἱστορῆσαι
1550 2883 1653 2918 Πέτρον
1685 2883 1732 2908 καὶ
1754 2881 1802 2917 ἔτι
