1864 3052
119 125 172 158 125

654 116 852 147 GiCUMENII
869 115 1013 145 TRICCzE
1033 114 1203 145 EPISCOPI

1699 108 1750 140 176

121 191 129 204 ι
155 180 261 206 bentent
277 177 303 204 in
329 175 473 211 grabbato,
493 174 539 209 qui
556 178 614 201 erat
634 172 797 208 paralyticus
812 179 819 198 :
832 175 860 197 et
876 170 912 196 ait

999 170 1022 201 5;
1038 167 1071 205 ἦν
1086 167 1319 203 παραλελυμένος,
1340 165 1387 193 καλ¹
1410 162 1487 192 εἶπεν
1503 162 1576 198 αὐτῷ
1593 164 1607 190 ὁ
1632 162 1752 198 Πέτρος.

122 236 129 250 ι
150 225 187 251 illi
204 225 300 251 Petrus
313 231 320 249 :
334 222 432 253 J'Enca,
444 224 522 249 sanet
538 224 564 247 te
573 220 652 247 Jesus
666 218 802 245 Christus.
822 217 909 251 Surge

122 283 130 295 ι
154 280 185 297 ac
202 275 295 298 sterne
307 269 354 295 tibi
368 268 430 302 ipsi.
445 267 479 294 Et
493 268 616 301 protinus
628 262 906 292 surrexitNiderunt-

123 327 131 342 ι
152 325 205 352 que
218 324 280 344 eutn
297 322 392 342 omnes
411 313 457 348 qui
482 311 640 339 habitabant
665 310 764 345 Lyddae
786 314 813 337 et
827 310 909 336 Assa-

124 374 132 388 ι
155 370 231 394 rone,
246 362 291 396 qui
312 359 437 388 conversi
451 363 516 386 sunt
530 358 564 385 ad
577 357 735 384 Dominum.
753 365 762 382 ι

159 409 218 435 Non
245 405 414 442 exspectavit
428 405 478 433 viri
500 404 590 436 Iidem,
617 410 706 438 neque
731 400 911 436 interrogavit

124 464 157 482 an
175 455 265 482 sanari
290 453 369 480 vellet
394 459 401 477 ε
421 451 487 478 nulli
499 451 563 477 dum
586 449 659 476 enim
682 448 798 482 propria:
816 450 913 481 poten—

124 503 166 529 tia:
194 499 295 527 indicia
318 498 356 526 ibi
381 497 485 532 experti
506 499 604 523 erant:
633 493 732 521 merito
756 492 840 527 igitur
858 498 914 518 non

123 548 284 583 exigebatur
307 553 321 571 a
337 545 395 572 viro
410 543 489 576 ﬁdes,
514 540 648 576 siquidem
674 546 762 574 neque
787 545 800 565 a
816 537 914 565 claudo

124 597 279 628 exegerant.
297 591 349 627 91
364 590 402 617 Ad
414 590 563 617 multorum
573 587 644 615 enim
656 586 773 613 maxime
788 583 914 612 consola-

125 642 224 668 tionem
237 638 368 666 conduxit
381 637 431 664 hoc
444 635 618 667 miraculum,
632 632 747 668 insignis
761 631 862 667 quippe
875 631 917 658 vir

128 690 197 713 erat.
223 682 459 718 Quemadmodum
493 688 557 715 ergo
576 679 723 711 Christus,
750 685 812 705 cum
840 677 918 711 signa

129 734 219 758 lacere
235 731 379 764 inciperet,
392 728 471 755 Iidem
489 734 543 754 non
567 725 701 761 exigebat,
723 723 759 750 ita
772 730 859 758 neque
878 721 918 752 hi.

125 776 304 811 Jemsoiyinis
332 779 449 808 namque
463 771 561 799 merito
579 770 646 798 ﬁdes
662 776 724 803 erga
741 775 789 796 eos
804 774 921 803 praees-

130 825 165 850 sit
180 831 186 848 :
205 826 234 847 ut
252 819 385 847 venientis
403 817 477 845 Petri
493 817 534 845 ve‘l
556 815 652 843 umbra
676 814 831 849 quempiam
857 813 920 840 illo-

129 875 188 896 rum
204 865 390 893 obumbrat-ct.
403 862 487 890 Multa
501 862 574 890 enim
589 860 661 888 facta
674 848 754 887 erant
773 859 809 886 ibi
827 859 918 894 signa,
933 848 957 877 Β

131 914 173 940 liie
190 911 342 940 autem’hoc
352 909 470 945 primum
486 908 585 935 accidit
600 907 696 941 :signa
712 906 804 940 itaque
821 904 920 940 partim

131 960 230 987 ﬁebant
245 962 274 985 ut
286 957 331 984 alii
344 955 378 983 ad
393 955 473 982 ﬁdem
491 954 709 985 attraherentur,
733 951 834 986 partim
855 958 921 978 vero

131 1009 161 1033 ut
176 1004 321 1032 credentes
338 1001 556 1030 consolarentur.

163 1094 209 1126 IX,
222 1092 324 1122 3642.
343 1101 352 1118 ι
369 1091 462 1126 Joppae
475 1093 564 1117 autem
580 1092 639 1116 erat
650 1086 773 1122 quaedam
786 1085 922 1120 discipula

141 1150 149 1165 ‹
171 1141 284 1166 nomine
297 1137 426 1169 Tabitha,
439 1143 500 1171 qua:
515 1142 564 1170 per
581 1133 834 1169 interpretationem
855 1132 923 1159 dici-

135 1196 142 1211 ι
167 1191 210 1213 tur
235 1185 345 1212 Dorcas.
372 1183 435 1210 llazc
456 1183 536 1217 plena
559 1185 619 1209 erat
645 1180 727 1208 bonis
746 1179 877 1214 operibus
892 1185 924 1205 ac

136 1243 144 1256 ι
166 1230 347 1266 elcetnosynis
358 1236 426 1264 quas
440 1227 597 1263 praestabat.
609 1226 815 1254 Aeciditautem
828 1224 923 1251 diebus

136 1289 143 1302 ι
166 1277 219 1304 illis
245 1280 274 1303 ut
291 1275 450 1302 inﬁrmitate
462 1278 573 1309 gravata
591 1277 754 1299 moreretur.
770 1270 856 1303 Quam
878 1269 924 1297 ubi

137 1336 144 1347 ι
167 1323 309 1354 lavissent,
326 1324 477 1356 posuerunt
488 1320 515 1346 in
524 1318 676 1346 cmnaculo.
689 1316 757 1344 Cum
772 1322 837 1343 vero
852 1318 925 1342 esset

137 1381 143 1393 1
167 1367 260 1404 Lydda
275 1367 365 1394 vicina
378 1365 480 1401 Joppae,
496 1363 695 1397 audissentque
709 1360 839 1396 discipuli
852 1359 925 1395 quod

136 1424 146 1440 ι
172 1414 268 1442 Petrus
286 1416 360 1441 esset
375 1412 402 1439 in
416 1419 459 1443 ea,
473 1410 610 1438 miserunt
625 1409 659 1435 ad
675 1415 738 1435 eum
754 1411 881 1442 rogantes
892 1413 926 1433 ne
953 1401 957 1410 ¹

137 1471 146 1485 ι
167 1464 326 1496 gravaretur
341 1458 435 1485 venire
449 1464 536 1491 usque
553 1455 587 1482 ad
602 1462 642 1482 se.
657 1453 814 1487 Exsurgens
834 1456 925 1479 autem

139 1517 147 1533 ι
167 1507 267 1534 Petrus
286 1504 362 1532 venit
376 1510 439 1531 eum
462 1502 527 1529 illis.
548 1501 673 1535 Cumque
691 1498 856 1529 advenisset,
873 1497 926 1524 du-
940 1516 960 1545 c

138 1564 147 1579 ε
169 1556 268 1581 xerunt
287 1551 364 1578 illum
385 1550 413 1576 in
433 1547 619 1578 cmnacnlum,
638 1550 666 1572 et
682 1545 926 1572 circumsteterunt

140 1610 148 1625 ι
171 1606 234 1627 eum
250 1604 345 1625 omnes
359 1594 449 1622 vidum
462 1592 569 1624 ﬁentes,
587 1596 614 1618 et
628 1589 805 1618 ostendentes
819 1588 928 1616 tunicas

140 1655 148 1671 ι
170 1653 202 1672 ac
217 1648 307 1672 vestes
322 1649 391 1678 quas
405 1639 524 1667 faciebat
537 1645 600 1665 cum
614 1640 687 1664 esset
702 1643 764 1663 cum
779 1635 845 1669 ipsis
858 1634 929 1661 Dor-

140 1702 149 1717 ι
172 1698 230 1718 cas.
247 1689 345 1717 Petrus
368 1694 433 1714 vero
454 1685 550 1720 ejectis
576 1683 650 1711 foras
669 1681 808 1713 omnibus,
831 1679 929 1715 positis

140 1747 149 1762 ι
171 1736 286 1773 genibus
303 1734 413 1765 oravit,
439 1735 644 1763 conversusque
664 1727 699 1754 ad
721 1733 821 1761 corpus
835 1725 904 1752 dixit
922 1734 929 1752 :

141 1795 150 1809 ι
175 1772 304 1814 Tabitlia,
321 1787 415 1814 surge.
432 1779 464 1804 At
479 1778 525 1804 illa
539 1776 646 1811 aperuit
662 1774 756 1801 oculos
770 1780 844 1805 suos,
854 1772 929 1799 viso-

140 1841 150 1856 ι
174 1837 227 1865 que
240 1828 320 1855 Petro
340 1824 455 1853 resedit.
472 1823 537 1850 Data
550 1825 640 1848 autem
661 1820 700 1847 illi
721 1826 814 1852 manu,
831 1819 929 1850 erexit,

142 1884 151 1900 ι
172 1879 270 1901 etcum
283 1874 409 1899 vocasset
438 1873 548 1896 sanctos
570 1874 602 1893 ac
619 1865 854 1897 viduas,cxhibuit
869 1871 929 1891 eam

143 1932 151 1946 \
172 1923 273 1949 vivam.
288 1919 378 1953 'ltiqne
398 1915 516 1944 innotuit
530 1921 579 1950 per
597 1917 681 1941 totam
694 1912 810 1948 Joppen,
829 1915 856 1939 et
873 1918 933 1939 cre-

143 1978 152 1993 ι
174 1968 305 1994 diderunt
320 1963 398 1991 multi
415 1963 441 1990 in
457 1962 615 1990 Dominum.
629 1969 642 1986 ο

180 2065 189 2081 ‹
206 2054 320 2081 Nomine
336 2052 465 2084 Tabitha,
490 2061 500 2077 ›
519 2055 573 2078 etc.
587 2049 749 2077 Ostenditur
764 2056 796 2076 ex
824 2048 934 2076 nomine

143 2101 214 2136 quod
241 2101 298 2127 haec
321 2098 438 2134 vigilans
454 2101 512 2125 erat
531 2103 563 2123 ac
581 2095 685 2128 sobria,
705 2093 933 2129 quemadmodum

141 2146 252 2182 ὁορκὰς,
266 2145 292 2172 id
305 2149 346 2172 est
359 2151 467 2179 caprea.
491 2142 575 2169 Multa
592 2147 711 2175 namque.
723 2139 835 2167 nomina
849 2138 932 2165 etiam

964 225 973 241 ι
992 215 1082 248 Αἰνέα,
1101 215 1173 242 ἰᾶταί
1191 215 1244 240 σεὸ
1267 212 1370 247 Ἰησοῦς
1389 211 1517 247 Χριστός.
1541 209 1688 244 Ἀνάστηθι
1704 210 1755 235 καὶ

963 271 973 287 ι
994 261 1115 296 στρῶσον
1137 258 1254 294 σεαυτῷ.
1272 258 1327 285 Καὶ
1354 257 1455 288 εὐθέως
1472 256 1584 292 ἀνέστη.
1609 255 1664 282 Καὶ
1678 252 1754 281 εἶδον

965 317 974 334 ι
993 307 1072 334 αὐτὸν
1088 307 1188 338 πάντες
1203 307 1228 333 οἱ
1246 305 1436 336 κατοικοῦντες
1452 303 1555 330 Λύδδαν
1575 303 1622 330 καὶ
1634 303 1681 329 τὸν
1689 303 1756 329 Ἀσ-

967 363 976 379 ι
996 353 1118 386 σάρωνα,
1129 353 1226 383 οἵτινες
1243 350 1414 386 ἐπέστρεψαν
1428 350 1473 376 ἐπὶ
1482 349 1527 376 τὸν
1546 349 1660 384 Κύριον.
1679 357 1690 374 ι

998 398 1056 424 Οὐκ
1071 398 1195 432 ἀνέμεινε
1209 396 1257 432 τὴν
1278 396 1370 422 πίστιν
1382 395 1429 422 τοῦ
1444 394 1552 430 ἀνδρὸς,
1570 394 1631 421 οὺδέ
1646 393 1757 428 ἠρώτη-

965 452 1020 476 σεν,
1048 445 1072 470 εἰ
1104 443 1224 478 βούλοιτο
1248 442 1478 478 θεραπευθῆναι·
1506 440 1584 467 οὔπω
1607 441 1659 475 γὰρ
1682 437 1761 474 ἦσαν

963 491 1103 527 τεκμήρια
1118 491 1167 525 τῆς
1187 490 1290 522 οἰκείας
1302 489 1454 525 πάσχοντες
1467 488 1619 522 δυνάμεως.
1633 485 1763 516 Εἰκότως

964 535 1054 561 τοίνυν
1077 535 1128 561 οὐκ
1141 535 1272 570 ἀπῃτεῖτο
1286 533 1335 569 τὴν
1361 533 1452 560 πίστιν
1465 533 1480 560 ὁ
1501 533 1581 568 ἀνήρ.
1601 531 1670 558 Οὐδὲ
1696 531 1761 565 γὰρ

965 580 1011 607 τὸν
1038 580 1124 615 χωλὸν
1153 579 1305 615 ἁπῄτησαν.
1335 579 1460 606 Μάλιστα
1491 579 1541 614 μὲν
1552 576 1598 605 οὖν
1615 579 1663 604 καὶ
1687 577 1764 612 πρὸς

967 626 1072 653 πολλῶν
1085 626 1258 662 παράκλησιν
1268 626 1363 660 γέγονε
1383 626 1413 652 τὸ
1428 624 1533 660 θαῦμα’
1543 625 1681 662 ἐπίσημος
1701 623 1763 658 γὰρ

967 671 1001 709 ἦν
1022 674 1035 699 ὁ
1053 660 1133 708 ἀνήρ,
1159 660 1294 708 Καθάπερ
1310 670 1357 699 οὖν
1371 673 1385 698 ὁ
1401 672 1520 707 Χριστὸς
1535 660 1687 706 ἀργιόμενος
1699 670 1762 696 τῶν

970 719 1102 754 σημείων,
1127 718 1178 745 ούκ
1189 718 1288 754 ἀπῄτει
1300 718 1402 747 πίστιν.
1419 717 1505 749 οὕτως
1519 717 1579 743 οὑδέ
1607 713 1693 743 οὗτοι.
1715 715 1766 741 Ἐν

975 764 1174 801 Ἰεροσολύμοις
1200 764 1250 800 μὲν
1279 764 1335 800 γὰρ
1365 764 1476 795 εἰκότως
1502 764 1519 798 ἡ
1544 762 1636 794 πίστις
1666 761 1767 789 αὐτῶν

971 810 1144 845 προεγένετο,
1164 810 1207 836 ’ίνα
1222 809 1371 844 ἐρχομένου
1386 809 1492 844 Πέτρου
1516 807 1569 834 κᾶν
1583 808 1600 843 ἡ
1617 806 1680 834 σκιὰ
1698 808 1768 832 επι-

974 857 1072 892 σκιάσῃ
1086 856 1139 883 τινὶ
1152 855 1251 883 αὐτῶν.
1270 855 1359 882 Πολλὰ
1373 854 1427 890 γὰρ
1440 855 1499 881 ἐκεῖ
1515 853 1625 889 ἐγένετο
1643 854 1767 888 σημεῖα-

980 903 1112 930 Ἐνταῦθα
1124 902 1153 929 δέ
1165 902 1245 929 τοῦτο
1266 902 1375 937 πρῶτον
1400 901 1550 928 ἐπιϐαίνει.
1567 900 1607 927 Τὰ
1623 899 1672 934 μὲν
1704 899 1768 933 γὰρ

972 950 1026 977 τῶν
1059 949 1180 985 σημείων
1207 948 1277 984 ὑπὲρ
1297 948 1345 974 τοῦ
1356 948 1419 980 τοὺς
1437 947 1535 979 ἄλλους
1553 945 1769 974 ἐπισπάσασθαι

973 996 1088 1030 ἐγίνετο,
1102 993 1136 1021 τὰ
1151 994 1180 1020 δὲ
1195 994 1242 1021 καὶ
1253 993 1323 1029 ὑπὲρ
1339 993 1387 1029 τῆς
1408 993 1463 1020 τῶν
1477 993 1660 1020 πιστευόντων
1671 999 1771 1025 παρα.-

972 1042 1107 1078 κλήσεως.

1010 1097 1020 1114 ‹
1045 1087 1192 1122 ἘνἹόππῃ
1204 1086 1232 1113 δέ
1245 1095 1287 1118 τις
1305 1083 1340 1122 ἦν
1353 1085 1492 1121 μαθήτρια
1508 1084 1622 1119 ὀνόματι
1635 1082 1769 1118 Ταϐηθᾶ,

977 1144 986 1160 ‹
1004 1134 1022 1170 ἢ
1038 1131 1273 1169 διερμηνευομένη
1293 1131 1402 1166 λέγεται
1417 1131 1534 1166 Δορκάς.
1549 1130 1622 1166 Αὕτη
1635 1128 1670 1166 ἦν
1697 1130 1772 1163 πλή-

978 1188 987 1206 ι
1010 1188 1058 1214 ρης
1092 1178 1203 1213 ἀγαθῶν
1226 1178 1314 1213 ἔργων
1329 1177 1377 1204 καὶ
1406 1176 1598 1212 ἐλεημοσυνῶν
1609 1174 1645 1203 ὧν
1663 1175 1769 1202 ἐποίει.

978 1235 987 1252 ε
1011 1225 1135 1260 Ἐγένετο
1145 1225 1174 1251 δὲ
1185 1225 1213 1251 ἐν
1221 1225 1281 1256 ταῖς
1296 1224 1414 1259 ἡμέραις
1428 1224 1558 1255 ἐκείναις.
1571 1222 1770 1258 ἀσθενήσασαν

978 1281 987 1298 ‹
1007 1271 1092 1307 αὐτὴν
1107 1270 1264 1297 ἀποθανεῖν.
1299 1270 1453 1300 Λούσαντες
1463 1269 1491 1295 δὲ
1507 1269 1604 1302 αὐτὴν,
1620 1268 1724 1301 ἔθηκαν
1735 1268 1770 1293 ἐν

980 1327 990 1344 ι
1009 1317 1139 1352 ὑπερῴῳ.
1163 1316 1263 1351 Ἐγγὺς
1276 1315 1304 1342 δὲ
1317 1314 1401 1350 οὔσης
1419 1315 1522 1350 Λύδδης
1546 1316 1579 1349 τῇ
1602 1314 1710 1348 Ἰόππῃ,
1739 1313 1770 1339 οἱ

980 1373 990 1389 ι
1010 1363 1131 1398 μαθηταὶ
1155 1361 1332 1393 ἀκούσαντες,
1351 1361 1391 1387 ὅτι
1411 1360 1514 1395 Πέτρος
1539 1359 1614 1386 ἐστὶν
1634 1359 1663 1385 ἐν
1681 1358 1771 1392 αὐτῇ,

979 1418 989 1436 ι
1009 1409 1171 1436 ἀπέστειλαν
1185 1408 1253 1443 πρὸς
1265 1407 1357 1439 αὐτὸν,
1373 1405 1607 1442 παρακαλοῦντες,
1624 1405 1660 1440 μὴ
1678 1404 1772 1439 ὀκνῆ-

979 1465 989 1482 ‹
1012 1464 1056 1482 σαι
1070 1454 1185 1482 διελθεῖν
1199 1454 1251 1485 ἐως
1273 1453 1372 1481 αὐτῶν.
1394 1452 1524 1484 Ἀναστὰς
1540 1452 1567 1479 δέ
1582 1452 1685 1486 Πέτρος
1695 1459 1771 1477 συν-

981 1511 990 1527 (
1010 1500 1090 1536 ἦλθεν
1116 1500 1217 1531 αὐτοῖς,
1231 1499 1261 1526 ὃν
1276 1499 1499 1534 παραγενόμενον
1521 1498 1658 1531 ἀνήγαγον
1682 1498 1724 1528 εἰς
1736 1497 1774 1522 τὸ

982 1556 992 1573 ι
1011 1546 1147 1582 ὑπερῷον,
1179 1546 1226 1572 καὶ
1249 1544 1433 1580 περιέστησαν
1447 1543 1522 1578 αὐτῷ
1535 1543 1620 1570 πᾶσαι
1634 1544 1663 1569 αἰ
1680 1543 1774 1577 χῆραι

982 1601 991 1618 ι
1010 1591 1164 1623 κλαίουσαι,
1180 1590 1227 1617 καὶ
1247 1588 1470 1624 ἐπιδεικνύμεναι
1493 1588 1612 1623 «χιτῶνας
1635 1588 1682 1614 καὶ
1697 1587 1770 1622 ἰμά-

983 1646 992 1663 σ
1012 1645 1068 1667 τια,
1097 1635 1148 1662 ὅσα
1171 1634 1261 1661 ἐποίει
1288 1635 1347 1669 μετ’
1363 1633 1453 1660 αὐτῶν
1463 1631 1680 1668 οὗσαήδορκάς.
1702 1631 1774 1658 Ἐκς

983 1692 993 1709 ι
1013 1681 1101 1708 ϐαλὼν
1122 1680 1151 1707 δὲ
1169 1680 1221 1713 ἔξω
1249 1679 1379 1710 πάνταςδ
1395 1678 1509 1714 Πέτρος,
1532 1677 1590 1709 θεὶς
1613 1677 1648 1704 τὰ
1665 1676 1775 1711 γόνατα

983 1738 992 1755 ι
1013 1727 1200 1763 προσηύξατο.
1213 1726 1261 1753 καὶ
1272 1725 1439 1761 ἐπιστρέψας
1457 1724 1526 1760 πρὸς
1535 1724 1565 1751 τδ
1582 1724 1672 1759 σῶμα,
1691 1721 1773 1750 εἶπεν

983 1783 992 1799 ι
1011 1773 1134 1808 Ταὸηθὰ,
1165 1771 1308 1807 ἀνάστηθι.
1331 1771 1362 1797 Ἡ
1375 1770 1403 1797 δὲ
1416 1770 1506 1806 ἤνοιξε
1526 1771 1591 1801 τοὺς
1611 1768 1776 1804 ὀφθαλμοὺς

984 1829 994 1845 ι
1015 1819 1109 1854 αὐτῆς,
1135 1818 1182 1845 καὶ
1196 1817 1289 1844 ἰδοῦσα
1302 1817 1347 1844 τὸν
1361 1817 1474 1852 Πέτρον,
1487 1815 1644 1843 ἀνεκάθισε.
1656 1815 1726 1847 Δοὺς
1740 1814 1774 1842 δὲ

985 1875 994 1891 ι
1014 1865 1082 1900 αὐτῇ
1108 1865 1199 1900 χεῖρα,
1224 1863 1371 1898 ἀνέστησεν
1398 1862 1493 1896 αὑτήν·
1519 1862 1648 1896 φωνήσας
1665 1860 1693 1887 δὲ
1705 1861 1776 1892 τοὺς

985 1921 995 1938 ‹
1015 1911 1110 1946 ἁγίους
1125 1909 1238 1941 καὶτὰς
1261 1909 1360 1944 χήρας,
1373 1909 1546 1943 παρέστησεν
1563 1906 1648 1941 αὐτὴν
1667 1905 1774 1937 ζῶσαν.

986 1967 996 1984 ι
1013 1956 1138 1984 Γνωστὸν
1159 1955 1187 1982 δὲ
1203 1955 1311 1989 ἐγένετο
1338 1954 1399 1981 καθ’
1422 1953 1486 1988 ὅλης
1515 1954 1564 1988 τῆς
1585 1953 1707 1987 Ἰόππης,
1722 1951 1776 1978 καὶ

988 2012 998 2029 ‹
1019 2002 1112 2029 πολλοὶ
1127 2002 1291 2028 ἐπίστευσαν
1305 2000 1352 2026 ἐπὶ
1364 1999 1409 2026 τὸν
1428 1998 1541 2034 Κύριον.
1559 2007 1569 2024 ι

1023 2057 1033 2074 ι
1058 2048 1186 2083 ὀνόματι
1213 2046 1337 2082 Ταὸηθά,
1364 2046 1412 2072 καὶ
1432 2045 1467 2071 τὰ
1495 2044 1568 2079 ἑξῆς.
1588 2053 1598 2070 ι
1623 2043 1776 2070 Δείκνυται

985 2094 1026 2121 ὅτι
1042 2093 1110 2129 α’ύτη
1134 2092 1304 2128 φερωνύμως
1327 2089 1361 2127 ἦν
1386 2091 1552 2126 ἐγρηγορυία
1573 2090 1620 2116 καὶ
1647 2089 1777 2124 νήφοντα

987 2139 1081 2175 ὥσπερ
1107 2139 1218 2174 δορκάς.
1235 2137 1322 2164 Πολλά
1333 2137 1387 2172 γὰρ
1401 2137 1448 2163 καὶ
1462 2135 1643 2172 οἰκονομικῶς
1652 2135 1778 2169 ὀνόματα

143 2192 347 2228 dispensatione
358 2193 510 2226 ponuntur,
525 2195 576 2216 sua
586 2187 706 2214 cﬁicacia
720 2184 922 2221 appellationen

1004 2185 1100 2216 ίθεται,
1138 2182 1272 2218 δηλοῦντα
1295 2183 1328 2217 τῇ
1358 2181 1483 2217 ἐνεργείᾳ
1502 2181 1552 2215 τὴν
1585 2178 1777 2215 προσηγορίαν

145 2239 327 2275 signiﬁcantia
347 2245 407 2272 qua:
423 2235 613 2271 consequitur.
630 2243 638 2259 ι
658 2233 777 2268 Contigit
798 2236 889 2259 autem
902 2234 933 2257 ut

146 2290 201 2314 hinc
231 2286 388 2313 inﬁrmitate
428 2287 538 2318 gravata
574 2284 738 2308 moreretur.
772 2279 859 2312 Quam
884 2276 932 2304 ubi

147 2334 289 2366 iuvissent,
309 2341 319 2357 ι
344 2330 470 2358 iecerunt
493 2333 592 2356 cuncta
619 2335 680 2363 quae
696 2327 722 2353 in
738 2330 846 2353 mortuo
871 2324 930 2351 ﬁeri

146 2381 348 2407 consueverunt
365 2386 371 2403 :
387 2381 414 2404 et
436 2380 502 2403 tunc
522 2375 632 2402 Petrum
648 2371 933 2401 accersiveruntuﬂoe

146 2431 236 2454 autem
256 2431 312 2452 non
337 2422 640 2457 fecerunthpriusquam
661 2422 836 2446 moreretur:
861 2416 934 2444 indi-

146 2480 228 2508 gnum
242 2471 297 2506 92
307 2470 438 2498 ducentes
465 2469 500 2496 ob
523 2468 589 2494 talia
603 2473 700 2494 vexare
713 2462 861 2498 discipulos
878 2466 905 2489 et
918 2469 934 2489 a

148 2517 340 2553 praedicatione
356 2515 483 2543 avellere.
497 2513 565 2540 Nam
580 2516 606 2540 et
621 2515 765 2547 propterea
778 2508 846 2536 dicit
861 2508 934 2543 quod

148 2566 253 2592 vicinus
277 2568 336 2592 erat
351 2563 439 2590 locus.
463 2561 491 2588 Id
509 2561 582 2588 enim
603 2566 651 2593 per
665 2557 775 2584 modum
791 2554 935 2583 succisivat

147 2620 236 2648 opera:
247 2611 386 2647 petebant,
396 2608 530 2643 siquidem
538 2604 671 2640 discipula
682 2607 751 2630 erat.
762 2611 771 2627 ι
785 2601 851 2628 Cum
862 2604 936 2628 esset

148 2667 209 2687 eum
228 2659 295 2694 ipsis
310 2657 425 2684 Dorcas.
453 2664 464 2680 ι
481 2653 559 2686 Quod
582 2652 682 2679 dicitur
708 2649 792 2676 fuisse
806 2654 859 2675 una
873 2653 935 2673 cum

149 2705 225 2740 ipsis,
238 2692 324 2730 animi
346 2703 417 2729 illius
433 2698 595 2727 modestiam
613 2695 759 2731 signiﬁcat,
784 2692 857 2728 quod
873 2699 935 2719 cum

150 2751 238 2778 viduis
249 2750 412 2776 convivebat
425 2754 459 2774 ac
473 2745 633 2772 versabatur
647 2751 678 2769 ac
693 2743 716 2769 si
734 2749 788 2768 una
811 2740 907 2767 fuisset
922 2746 936 2766 e

152 2796 242 2829 vulgo.
256 2795 325 2826 Quid
354 2794 436 2828 igitur
454 2790 574 2818 Petrus?
588 2789 687 2816 Omnes
710 2787 785 2814 foras
801 2785 886 2820 ejicit,
903 2792 938 2812 ne

153 2842 279 2874 lacrytnat
289 2846 332 2865 Ulli
342 2838 458 2864 tumultu
471 2836 628 2863 turbaretur
640 2843 646 2862 :
662 2833 811 2868 positisque
823 2830 938 2866 genibus

987 2229 1195 2258 ἀκολουθοῦσαν.
1226 2239 1235 2254 ι
1250 2228 1351 2263 Συνέϐη
1363 2227 1453 2254 τοίνυν
1470 2226 1573 2260 ταύτην
1589 2226 1777 2262 ἀρρωστήσα-

989 2286 1037 2304 σαν
1049 2276 1206 2303 ἀποθανεῖν.
1222 2274 1373 2305 Λούσαντες
1389 2274 1417 2300 δὲ
1441 2273 1535 2308 αὐτὴν,
1550 2282 1559 2299 ι
1576 2272 1610 2299 τὰ
1620 2272 1667 2298 ἐπὶ
1683 2271 1777 2306 νεκρῷ

987 2323 1076 2350 πάντα
1101 2321 1246 2356 ἐποίησαν.
1273 2321 1328 2347 Καὶ
1345 2320 1406 2347 τότε
1421 2319 1633 2350 ἀποστείλαντες
1653 2326 1779 2353 μετακει-

988 2369 1097 2396 λοῠνται
1122 2368 1237 2403 Πέτρον.
1266 2368 1323 2394 Οὐκ
1348 2366 1479 2401 ἐποίησαν
1492 2366 1520 2392 δὲ
1535 2365 1614 2391 τοῦτο
1639 2363 1692 2399 πρὸ
1727 2363 1777 2389 τοῦ

989 2415 1145 2446 ἀποθανεῖν,
1166 2413 1273 2446 ἀνάξιον
1294 2412 1441 2447 ἡγούμενοι
1466 2410 1537 2445 ὑπὲρ
1560 2410 1614 2437 τῶν
1644 2408 1778 2436 τοιούτων

991 2460 1115 2488 σκύλλειν
1142 2459 1204 2491 τοὺς
1228 2458 1362 2494 μαθητὰς,
1377 2457 1480 2484 καὶτοῦ
1494 2456 1672 2492 κηρύγματος
1683 2463 1779 2489 παρα-

991 2508 1072 2542 σπᾷν.
1106 2505 1182 2532 Ἐπεὶ
1198 2506 1244 2532 καὶ
1259 2505 1303 2532 διὰ
1319 2505 1397 2531 τοῦτο
1422 2503 1495 2537 λέγει
1512 2504 1552 2529 ὅτι
1568 2503 1651 2536 ἐγγὺς
1667 2500 1710 2536 ἦν.
1730 2501 1779 2527 Ἐν

989 2553 1065 2585 τάξει
1079 2552 1132 2587 γὰρ
1152 2551 1292 2586 παρέργου
1303 2550 1382 2576 τοῦτο
1398 2549 1491 2585 ᾔτουν·
1505 2548 1644 2583 μαθήτρια
1659 2548 1713 2582 γὰρ
1729 2544 1776 2581 ἦν.

993 2608 1002 2625 ι
1020 2599 1086 2625 Μετ’
1110 2597 1199 2624 αὐτῶν
1221 2595 1289 2623 οὖσα
1301 2597 1317 2630 ὴ
1327 2596 1442 2631 Δορκάς.
1459 2604 1469 2621 ι
1484 2595 1531 2627 Τὸ,
1550 2603 1559 2620 ‹
1574 2594 1632 2629 μετ’
1647 2592 1748 2625 αὐτῶν,
1764 2601 1775 2618 ι

990 2645 1038 2680 τὴν
1049 2643 1299 2678 ταπεινοφροσύνην
1317 2643 1400 2677 αὐτῆς
1415 2642 1501 2678 δηλοῖ,
1519 2642 1562 2668 ὅτι
1581 2640 1664 2674 συνῆν
1679 2640 1780 2670 αὑταῖς

991 2692 1038 2718 καὶ
1065 2690 1224 2725 συνδιῃτᾶτο
1238 2690 1275 2720 ὡς
1295 2689 1345 2723 μία
1359 2688 1413 2715 τῶν
1441 2687 1548 2715 πολλῶν
1560 2686 1639 2714 οὖσα.
1658 2686 1690 2712 Τί
1702 2684 1750 2713 οὖν
1763 2687 1781 2712 ὁ

991 2737 1109 2772 Πέτρο;;
1127 2736 1234 2767 Πάντας
1252 2735 1376 2762 ἐκϐάλλει
1388 2735 1452 2768 ἔξω,
1468 2734 1538 2760 ὥστε
1553 2733 1590 2768 μὴ
1606 2732 1781 2767 συγχυθῆναι

991 2783 1046 2814 τοῖς
1075 2782 1189 2816 δάκρυσι
1205 2781 1273 2816 μηδὲ
1287 2780 1467 2817 ταραχθῆναι.
1484 2780 1538 2806 Καὶ
1558 2779 1615 2811 θεὶς
1627 2778 1660 2805 τὰ
1677 2778 1781 2812 γόνατα.

992 2826 1175 2863 προτηύξατο.
1206 2827 1243 2854 Οὐ
1256 2827 1344 2854 πάντα
1361 2826 1415 2861 γὰρ
1434 2825 1504 2861 μετά
1529 2825 1577 2860 τῆς
1598 2824 1684 2859 αὐτῆς
1699 2822 1781 2850 eimo-
