1864 3052
65 203 114 234 177

561 202 752 232 COMMENT.
772 202 813 232 IN
833 203 928 233 ACTA
940 203 1227 234 APOSTOLORUM.

1629 202 1686 233 ΠΧ

62 257 122 288 λίας
137 255 171 282 τὰ
196 256 298 291 σημεῖα
324 254 440 282 ἐποίουν.
468 253 535 282 Εἶτα
563 257 703 291 φωνήσας,
719 256 766 283 καὶ
785 256 867 288 δοὺςλ

953 257 995 284 vit.
1013 257 1105 292 Neque
1122 256 1196 284 enim
1217 255 1307 284 omnia
1333 256 1410 292 signa
1435 255 1530 284 cadent
1554 255 1656 282 facilita
1672 265 1691 284 ei

63 303 135 337 αὐτῇ
161 301 242 336 χεῖρα
264 300 413 336 ἀνέστησεν
432 300 531 336 αὐτὴν,
544 300 588 328 διὰ
608 301 658 336 μὲν
670 301 716 328 τοῦ
732 302 854 337 ῥήματος

63 349 116 383 τὴν
136 348 204 383 αὐτῇ
223 347 295 381 ζωὴν
309 347 488 382 δωρούμενος,
504 347 552 382 τὴν
573 347 601 374 δὲ
621 348 734 383 δύναμιν
749 348 792 375 διὰ
805 349 854 383 τῆς

63 402 94 428 χε
100 394 159 429 Iph;
168 392 500 429 παρασχών.Σημειωτέον
507 393 535 419 δὲ
545 393 585 420 ὃτι
593 393 623 420 οὐ
631 394 721 429 μόνοις
729 396 784 426 τοῖς
791 395 854 421 ἀπῖ-

65 447 152 470 στοις,
167 438 235 465 ἀλλὰ
247 439 296 465 καὶ
311 439 368 470 τοῖς
380 438 468 472 ἁγίοις
482 439 588 473 ἐγίνετο
598 441 697 475 σημεῖα
715 440 852 476 οἰκονομι-

65 483 135 514 κῶς,
150 483 193 510 ίνα
216 483 263 509 καὶ
286 482 361 509 ἄλλοι
376 483 571 512 πιστεύσωσιν.
592 484 657 511 Ἰδοὺ
667 485 722 520 γὰρ
739 486 809 520 μετά
824 485 854 512 τὸ

65 530 183 564 σημειον
203 528 281 555 τοῦτο
311 529 391 556 πάλιν
428 529 522 556 πολλοὶ
541 529 716 562 ἐπίστευσαν,
731 531 769 562 ὼς
786 529 855 558 εἶναι

65 575 151 601 πάλιν
164 574 199 601 τὰ
216 575 317 609 σημεῖα
331 576 388 606 τοῖς
409 576 550 608 ἀπίστοις.
567 577 604 603 Οὺ
621 576 675 611 γὰρ
690 577 777 608 ἄλλως
791 577 854 603 ἐπί-

67 628 186 647 στευσαν
201 620 226 646 εί
245 620 282 655 μὴ
299 620 381 647 πάλιν
405 618 475 648 εἷδον
506 623 617 657 σημεῖα,
638 622 693 648 τῶν
709 623 793 656 ἁγίων
808 623 856 649 καὶ

66 665 132 700 δίχα
143 666 190 692 τοῦ
205 666 318 701 σημείου
336 667 521 694 πιστευόντων
530 668 570 694 ὅτι
581 668 693 700 δυνατὸς
705 669 857 704 ἀναστῆσαι

67 712 167 747 αὐτὴν,
182 713 244 739 ἐπεὶ
255 713 313 745 πῶς
328 713 361 740 ἂν
372 713 454 740 αὐτὸν
471 714 690 749 μετεστείλαντος

108 813 120 830 ι
140 803 267 839 Ἐγένετο
296 804 325 832 δδ
345 804 454 841 ἡμέρας
486 805 584 836 ἱκανὰς
609 805 698 841 μεῖναι
725 805 807 832 αὑτὸν
828 805 858 832 ἐν

71 858 81 876 ι
108 850 207 886 Ἰόππῃ
222 849 298 886 παρά
305 859 358 877 τινι
372 850 474 885 Σίμωνι
486 850 590 886 βυρσεῖ.
610 859 620 876 )

108 896 149 923 Οὐ
173 896 248 931 παρὰ
263 897 336 931 ἄλλῳ
359 897 413 923 τινὶ
427 896 482 923 τῶν
495 896 638 932 ἐπισήμων
651 895 726 931 μένει
740 895 855 931 Πέτρος,

67 942 140 970 ἀλλὰ
156 942 233 977 παρὰ
254 941 359 978 βυρσεῖ,
378 941 422 968 διὰ
435 942 543 969 πάντων
557 942 597 974 είς
606 941 856 977 ταπεινοφροσύνην

67 989 146 1023 ἡμᾶς
161 989 275 1022 ἐναγων,
294 988 355 1015 οὔτε
364 988 429 1020 τοὺς
442 988 561 1020 εὐτελεῖς
569 988 743 1023 αἰσχύνεσθαι
757 989 857 1023 ἀφιεὶς,

68 1033 137 1061 οὔτε
159 1034 224 1066 τοὺς
237 1034 369 1070 μεγάλους
384 1034 556 1069 ἐπαίρεσθαι.
576 1034 696 1061 Ἐδέοντο
711 1034 766 1070 γὰρ
777 1034 860 1061 αὑτοῦ

70 1082 126 1116 τῆς
153 1080 329 1112 διδασκαλίας
343 1081 367 1107 οἱ
381 1080 425 1107 διὰ
444 1080 478 1107 τὰ
492 1079 594 1115 σημεῖα
616 1080 812 1112 πιστεύσαντες
821 1081 861 1112 εἰς

71 1127 122 1153 τὸν
133 1119 182 1153 ὕπ’
206 1126 290 1153 αὐτοῦ
306 1126 506 1162 κηρυττόμενον
521 1125 588 1153 Θεὸν
611 1125 718 1162 Ἰησοῦν
733 1125 780 1153 τὸν
793 1127 862 1162 Χρι-

74 1172 151 1200 στόν.

364 1251 490 1278 ΚΕΦΔΔ.
508 1251 559 1279 ΙΕ’.

76 1317 150 1352 nep}
163 1317 339 1352 Κορνηλίου,
366 1318 425 1345 ὅσα
446 1326 478 1345 τε
499 1318 574 1351 πρὸς
595 1317 690 1345 αὑτὸν
709 1318 725 1344 ό
740 1317 866 1352 ἅγγελος

113 1351 254 1384 dimicat
282 1353 341 1380 ὅσα
362 1353 458 1379 πάλιν
487 1353 595 1386 Πέτρῳῇ
609 1353 773 1386 οὐρανόθεν
783 1351 866 1385 "mp1

114 1387 256 1420 κλήσεως
269 1387 364 1422 ἐθνῶν
374 1388 477 1421 ὲρῤέθη
491 1396 498 1403 ·
518 1384 553 1414 ἐν
614 1384 657 1414 ὅίι
667 1384 867 1422 μετασταλεὶς

115 1424 133 1449 ὀ
148 1422 259 1456 Πέτρος
272 1420 345 1456 ἦλθε
359 1420 435 1457 mw
461 1420 638 1457 Κορνήλιον.
665 1420 869 1456 Ἑπανάληψις

120 1455 211 1490 παρὰ
219 1457 272 1484 τοῦ
284 1455 461 1491 Κορνηλίου,
483 1455 526 1484 ὧν
550 1455 869 1491 όᾶγγιελοςέπεμαρτύ-

111 1500 192 1526 ρησε
211 1491 260 1518 καὶ
279 1492 458 1526 ὑφηγήσατο
475 1491 555 1524 αὐτῷ
574 1493 737 1526 Κορνηλίῳ.
758 1493 870 1525 Πέτρου

115 1527 288 1561 κατήχησις
306 1529 349 1559 εἰς
364 1527 492 1559 Χριστὸν
506 1527 560 1554 τοῦ
576 1535 608 1553 τε
632 1527 718 1560 ἁγίου
737 1527 871 1560 Πνεῦμα-

117 1571 170 1594 τος
180 1562 229 1588 ἐπὶ
243 1562 313 1596 τοὺς
332 1562 499 1594 ἀκούοντας
517 1561 611 1595 δωρεὰ
625 1569 631 1576 ·
648 1562 697 1589 καὶ
710 1561 790 1595 ὅπως
804 1563 872 1589 ἐϐα-

117 1598 293 1631 πτίσθησαν
307 1598 334 1623 ol
348 1597 382 1628 ἐξ
396 1596 491 1624 ἐθνῶν
507 1597 737 1629 πιστεύσαντες.

123 1675 133 1690 ι
161 1663 244 1700 ’Δνὴρ
252 1664 279 1690 δέ
292 1661 373 1699 τιςῆν
379 1665 407 1691 ὲν
419 1663 571 1700 Καισαρείᾳ.
582 1663 695 1699 ὀνόματι
706 1663 868 1698 Κορνήλιος,

84 1719 95 1736 σ
112 1711 313 1745 ἑκατοντάρχης
326 1711 361 1736 ὲκ
367 1711 480 1746 σπείρης
487 1711 537 1745 τῆς
545 1709 714 1745 καλουμένης
726 1709 869 1744 Ἰταλικῆς,

86 1765 96 1782 ι
114 1755 229 1790 εὐσεϐὴς
239 1756 286 1782 καὶ
302 1755 384 1790 φοδού
389 1764 467 1790 μενος
474 1756 520 1782 τὸν
532 1755 598 1782 Θεὸν
607 1755 656 1782 σὺν
669 1755 750 1782 παντὶ
760 1755 798 1790 τῷ
804 1755 872 1790 οῐκῳ

86 1815 97 1830 ι
117 1804 213 1837 αὐτοῦ,
230 1804 316 1831 ποιῶν
330 1813 360 1830 τε
375 1804 561 1839 ἐλεημοσύνας
575 1803 676 1835 πολλὰς
687 1803 726 1838 τῷ
741 1802 808 1838 λαῷ,
825 1803 872 1829 καὶ

86 1861 97 1877 σ
115 1851 242 1885 δεόμενος
255 1849 302 1877 τοῦ
310 1850 377 1876 Θεοῦ
386 1849 430 1877 διὰ
445 1850 556 1882 παντός.
566 1847 644 1876 Εῐδεν
660 1849 872 1885 ὲνὸράματιφα-

87 1910 97 1925 θ
117 1899 206 1931 νερῶς
221 1898 288 1924 ὠσεὶ
297 1897 372 1932 ὦραν
383 1897 499 1933 ἑννάτην
512 1897 561 1932 τῆς
571 1897 678 1932 ἡμέρας
693 1897 810 1932 ἄγγελον
825 1896 873 1924 τοῦ

88 1955 98 1972 ι
119 1945 188 1972 Θεοῦ
215 1944 370 1971 εἰσελθόντα
382 1944 450 1978 πρὸς
471 1943 563 1976 αὑτὸν,
580 1944 628 1970 καὶ
650 1942 761 1970 εἰπόντα
782 1941 867 1977 αὐτῷ·

90 2000 100 2017 ι
121 1991 266 2027 Κορνήλιε.
284 1991 314 2017 '0
326 1990 483 2021 δὲὰτενίσας
496 1989 582 2023 αὐτῷ,
599 1989 646 2016 καὶ
656 1988 777 2024 ἔμφοϐος
796 1987 875 2022 γενό-

88 2046 100 2063 ι
117 2045 199 2072 μενος
211 2036 283 2063 εἶπεσ
292 2036 324 2063 Τί
337 2037 404 2068 ἔστι,
414 2035 500 2070 Κύριε
513 2033 596 2067 ;Είπε
609 2035 638 2062 δὲ
648 2034 734 2069 αὐτῷ·
743 2035 776 2064 Al
788 2042 876 2070 προσ-

89 2092 100 2109 :
121 2082 201 2116 ευχαί
227 2090 274 2108 σου
301 2081 347 2108 καὶ
359 2081 386 2107 αἱ
407 2081 586 2115 ἐλεημοσύναι
600 2088 646 2106 σου
676 2080 812 2114 ἀνέῦησαν
835 2079 876 2111 είς

90 2137 100 2154 ι
124 2127 298 2162 μνημόσυνον
311 2126 424 2153 ἐνώπιον
438 2126 484 2153 τοῦ
500 2125 578 2152 Θεοῦ.
595 2125 649 2152 Καὶ
656 2125 703 2152 νῦν
715 2125 821 2162 πέμψον
833 2125 873 2156 είς

92 2183 102 2199 ι
131 2173 242 2207 Ἰόππην
251 2172 361 2208 ἄνδρας,
378 2172 425 2198 καὶ
442 2170 618 2207 μετάπεμψαι
626 2171 736 2206 Σίμωνα
750 2170 796 2196 τὸν
811 2170 873 2196 ἑπι-

91 2229 101 2246 ‹
119 2219 286 2253 καλούμενον
294 2218 406 2254 Πέτρον.
421 2215 505 2249 Οὗτος
519 2216 654 2251 ξενίζεται
670 2216 747 2252 παρά
759 2224 814 2243 τινι
831 2216 877 2242 Σί-

91 2274 102 2292 ‹
124 2274 195 2300 μωνι
205 2265 310 2301 βυρσεῖ.

125 2322 164 2349 Οὐ
177 2322 390 2357 μνημονεύονται
408 2322 422 2349 ὅ
449 2329 480 2348 τε
497 2321 596 2356 Αίθίοψ
618 2320 665 2347 καὶ
682 2320 697 2346 6
715 2319 876 2355 Κορνήλιος,

89 2369 132 2396 ὅτι
146 2370 175 2395 ὲν
190 2368 336 2403 ἀξιώματι,
353 2369 412 2395 ἀλλ’
427 2369 468 2395 ὅτι
482 2368 536 2395 ὑπὸ
551 2368 598 2395 τοῦ
619 2366 735 2394 πλούτου
757 2366 805 2393 καὶ
829 2365 877 2392 τοῦ

89 2415 176 2448 ὄγκου
190 2413 239 2440 τοῦ
254 2414 318 2450 περὶ
330 2413 429 2446 αὐτοὺς
453 2413 503 2440 οὐκ
520 2412 698 2448 ἐκωλύθησαν
708 2412 737 2438 ὲν
750 2410 879 2446 εὐλαϐείᾳ

91 2460 294 2488 πολιτεύεσθαι.
311 2457 396 2492 Οὗτος
416 2460 466 2496 μὲν
494 2458 541 2488 οὖν
567 2459 617 2486 οὐκ
642 2459 716 2486 ἐστιν
744 2457 878 2491 Ἰουδαῖος,

90 2506 276 2533 assumens
285 2506 340 2533 τῶν
355 2505 457 2541 νόμων,
484 2505 543 2532 ἀλλ’
560 2505 613 2540 ήδη
644 2503 803 2539 προειλήφει
831 2503 881 2538 τὴν

91 2552 231 2588 ἡμετέραν
261 2551 409 2578 πολιτείαν.
437 2549 538 2577 Τοῦτον
563 2549 624 2576 ίδὼν
640 2549 655 2576 ό
674 2549 724 2584 τῆς
753 2547 880 2583 εὐηθείας

91 2599 244 2634 ὀφθαλμὸς,
265 2599 306 2626 ὅτι
319 2598 391 2626 καλά
405 2597 455 2633 μὲν
469 2597 504 2625 τὰ
518 2596 598 2632 ἔργα,
620 2595 706 2631 νεκρὰ
723 2595 762 2628 δὲ,
779 2594 820 2621 ἔτι
834 2593 880 2620 πί-

95 2654 156 2672 στιν
167 2645 217 2671 οὒκ
232 2644 338 2679 ἔχοντα,
347 2643 509 2671 ἀποστέλλει
521 2641 708 2678 βραδεύσοντα
720 2641 776 2670 τοῖς
789 2639 881 2674 ἔργοις

93 2690 224 2725 ἄγγελον,
235 2690 273 2722 ὡς
286 2689 378 2721 καλῶς
389 2689 522 2717 ἀθλοῦντα
546 2686 718 2722 στεφανῶσαι
730 2687 763 2721 τῇ
780 2685 880 2711 πίστει.

95 2737 184 2765 Τοῦτο
197 2737 225 2764 δι
240 2739 313 2764 ποιεῖ
322 2738 371 2764 καὶ
381 2737 423 2769 είς
446 2735 632 2772 πληροφορίαν
647 2733 761 2768 Πέτρου,
784 2731 882 2768 μᾶλλον

95 2785 127 2812 δὲ
141 2784 198 2811 τῶν
227 2784 438 2820 ἀσθενεστέρων.
462 2782 575 2818 Ἐννάτῃ
603 2781 630 2807 δὲ
645 2779 715 2816 ὥρᾳ,
740 2779 784 2805 ὅτε
804 2785 884 2812 φρον-

95 2831 178 2857 τίδων
192 2830 298 2865 ἠφίετο,
329 2830 377 2856 καὶ
399 2830 428 2856 ὲν
456 2827 557 2863 ἠσυχίᾳ
590 2825 624 2862 ἦν
647 2826 694 2852 καὶ
724 2823 880 2856 κατανύξει.

97 2875 150 2903 Διὰ
181 2875 260 2902 τοῦτο
301 2875 330 2902 δὲ
363 2874 408 2902 τὸν
438 2873 522 2908 ἄνδρα
560 2872 633 2897 ποιεῖ
669 2869 807 2905 γνώριμον
838 2867 884 2894 καὶ

99 2922 180 2958 δῆλον
193 2923 208 2949 6
222 2921 409 2956 συγγραφεὺς,
434 2920 477 2946 ἵνα
495 2918 531 2954 μή
548 2926 590 2949 τις
608 2917 728 2944 είττοιὸτι
747 2914 883 2949 ψεύδεται.

903 303 1037 331 edebant:
1050 303 1147 330 deinde
1156 302 1399 338 vocavit,dataque
1412 309 1495 330 manu
1507 302 1592 329 erexit
1604 309 1664 329 eam
1679 311 1686 328 :

905 349 987 376 verbo
997 349 1106 384 quidem
1120 349 1226 376 donans
1238 348 1276 376 illi
1286 349 1381 380 vitam,
1395 355 1476 375 manu
1488 355 1554 374 vero
1566 347 1689 381 prmbcns

903 395 957 430 ipsi
975 395 1055 422 vires.
1072 394 1263 422 Adnotandum
1279 399 1321 422 est
1344 399 1435 422 autem
1451 394 1525 429 quod
1545 401 1598 421 non
1624 394 1690 422 solis

903 440 1120 472 incredulis,sed
1133 445 1158 467 et
1170 440 1274 468 sanctis
1286 439 1471 475 dispensative
1486 439 1562 474 signa
1578 439 1689 470 fiebant.

905 489 935 511 ut
954 488 981 511 et
997 484 1042 511 alii
1066 484 1220 512 crederent.
1250 483 1319 512 Ecce
1340 485 1411 512 enim
1435 492 1533 511 rursus
1556 489 1617 518 post
1640 484 1690 511 hoe

905 529 1012 565 signum
1028 531 1105 558 multi
1121 530 1306 563 crediderunt.
1323 538 1351 558 ut
1364 531 1460 558 iterum
1477 530 1554 566 signa
1570 530 1610 558 sic
1618 530 1691 557 edita

905 577 961 603 sint
977 576 1131 604 infidelibus
1144 585 1150 609 ;
1161 577 1294 611 siquidem
1310 577 1414 612 alioqui
1425 585 1480 604 non
1496 576 1691 609 credidissent,

907 622 960 649 nisi
977 629 1087 649 rursum
1103 622 1180 658 signa
1192 623 1336 656 vidissent,
1349 630 1411 651 cum
1428 624 1515 650 sancti
1534 623 1614 650 etiam
1631 623 1694 650 abs~

906 675 959 702 que
975 669 1053 703 signo
1072 668 1216 695 crederent
1241 669 1312 703 quod
1332 673 1428 703 potens
1455 673 1530 697 esset
1554 669 1627 696 illam
1646 676 1693 695 ex-

907 714 992 740 citare
1009 723 1016 740 :
1037 722 1092 750 quo
1105 715 1186 742 modo
1203 714 1275 742 enim
1301 715 1402 750 alioqui
1420 715 1508 750 ipsum
1532 714 1695 742 accersivis-

908 762 969 786 sent
981 758 994 784 ?

944 803 990 836 ιι,
1006 804 1050 832 43.
1069 814 1078 830 ι
1096 804 1216 840 Contigit
1227 808 1316 832 autem
1334 808 1364 832 ut
1381 805 1478 832 diebus
1496 804 1589 832 multis
1601 811 1695 831 mane-

911 860 922 877 ι
942 854 984 878 ret
998 850 1092 886 Joppae
1104 851 1174 886 apud
1196 851 1336 878 Simonem
1348 850 1492 886 quemdam
1506 849 1664 878 coriarium.
1685 859 1695 875 ι

944 896 1004 924 Non
1033 897 1105 932 apud
1132 897 1216 924 alium
1239 897 1394 932 quempiam
1425 896 1577 932 insignium
1605 899 1698 922 manet

907 943 1014 977 Petrus,
1041 944 1088 972 sed
1112 944 1183 978 apud
1206 943 1355 971 coriarium
1369 964 1377 976 ,
1409 951 1459 980 per
1481 944 1573 971 omnia
1591 951 1640 971 nos
1662 942 1696 970 ad

909 991 993 1018 animi
1010 990 1171 1018 modestiam
1185 990 1336 1018 inducens:
1360 998 1449 1025 neque
1464 990 1588 1023 abiectos
1604 990 1701 1017 sinens

908 1036 1014 1072 pudore
1034 1035 1166 1068 sull'undi,
1184 1044 1273 1071 neque
1290 1043 1403 1071 magnos
1417 1036 1522 1064 extolli.
1536 1036 1604 1070 Ejus
1620 1043 1697 1063 nam-

910 1090 964 1118 que
985 1083 1108 1110 doctrina
1133 1082 1293 1117 indigebant
1311 1082 1338 1109 bi
1366 1083 1412 1117 qui
1437 1087 1550 1118 propter
1573 1081 1650 1117 signa
1671 1082 1700 1108 in

911 1129 996 1156 Deum
1014 1127 1107 1157 .lesum
1123 1128 1276 1160 Christum,
1290 1127 1336 1163 qui
1361 1127 1395 1155 ab
1409 1128 1468 1164 ipso
1487 1128 1699 1163 praedicabatur.

913 1174 1100 1203 crediderant.

1217 1251 1329 1280 CAPUT
1349 1252 1406 1279 XV.

915 1319 969 1356 93
980 1320 1015 1347 De
1025 1319 1156 1356 Cornelio.
1165 1328 1275 1355 quau/ue
1285 1319 1394 1355 angelus
1406 1318 1440 1356 ad
1450 1327 1508 1345 cum
1520 1319 1597 1356 dixit,
1609 1322 1633 1344 et
1645 1326 1703 1356 qua‘

952 1354 1058 1382 rursum
1078 1355 1155 1382 Petro
1178 1355 1279 1382 caelitus
1294 1354 1328 1380 de
1345 1355 1459 1389 gentium
1485 1354 1702 1389 rorationedirtu

952 1395 1014 1417 sunt
1029 1398 1038 1416 :
1058 1391 1085 1417 in
1103 1399 1152 1424 quo
1169 1395 1299 1417 narratur
1320 1388 1389 1423 quod
1413 1389 1584 1424 transmissus
1601 1388 1704 1424 Petrus

954 1427 1052 1452 uenerit
1068 1423 1282 1452 ad'Cornelium.
1299 1424 1462 1459 Repetunlur
1477 1433 1493 1450 a
1508 1423 1630 1450 Cornelio
1647 1431 1704 1456 quw

955 1460 1064 1495 angelus
1079 1460 1167 1494 fuerat
1183 1464 1292 1486 testatus
1313 1460 1414 1495 ipsique
1429 1458 1552 1495 Cornelio
1571 1467 1702 1495 narrauej

956 1493 1007 1521 rut.
1026 1495 1096 1522 Petri
1111 1495 1248 1521 instructio
1259 1495 1289 1521 de
1305 1494 1418 1524 Christo.
1434 1502 1464 1520 ac
1482 1493 1596 1528 Spiritus
1620 1493 1706 1519 sancti

957 1538 1036 1564 super
1064 1538 1107 1556 eas
1129 1530 1173 1564 qui
1193 1529 1335 1556 audiebant
1367 1529 1466 1564 donum
1484 1536 1492 1554 :
1510 1532 1546 1564 et
1576 1530 1705 1563 quomodo

958 1562 1085 1600 baptismi
1096 1562 1192 1599 fuerint
1210 1564 1254 1599 qui
1273 1571 1304 1590 ex
1319 1562 1436 1598 gentibus
1454 1563 1628 1590 crediderant.

955 1665 990 1697 X,
1007 1664 1062 1692 l-G.
1081 1673 1093 1690 ο
1120 1664 1168 1691 Vir
1188 1667 1279 1691 autem
1301 1663 1412 1698 quidam
1429 1667 1489 1691 erat
1511 1663 1643 1690 Caesareae
1657 1671 1706 1689 no-

925 1721 935 1738 ι
957 1712 1030 1739 mine
1043 1711 1197 1743 Cornelius,
1215 1711 1343 1738 centurio
1358 1719 1391 1738 ex
1404 1710 1519 1738 cohorte
1533 1717 1594 1745 quae
1606 1709 1708 1737 dicitur

926 1767 935 1784 ι
956 1757 1060 1789 Italica,
1073 1757 1220 1792 religiosus
1230 1764 1262 1784 ac
1287 1757 1388 1784 timens
1404 1756 1494 1784 Deum
1505 1763 1568 1783 cum
1592 1759 1648 1783 tota
1674 1755 1710 1782 fa-

925 1813 935 1829 ι
957 1803 1033 1831 milia
1047 1811 1110 1836 sua,
1128 1808 1262 1838 praestans
1285 1803 1476 1838 eleemosynas
1496 1802 1598 1830 multas
1621 1802 1706 1837 ριὼἰ,

927 1859 936 1875 ι
957 1850 1164 1884 deprecansque
1188 1849 1274 1877 Deum
1299 1857 1419 1884 semper.
1449 1849 1525 1876 Vidit
1554 1857 1604 1884 per
1620 1849 1709 1876 visum

928 1905 937 1921 ι
957 1895 1112 1928 manifeste,
1125 1895 1211 1923 ferme
1226 1895 1292 1923 hora
1304 1895 1359 1923 diei
1372 1903 1456 1929 nona,
1471 1895 1599 1931 angelum
1607 1895 1655 1922 Dei
1668 1895 1710 1922 in-

928 1951 938 1968 ‹
957 1950 1081 1977 gressum
1092 1942 1126 1969 ad
1141 1949 1181 1974 se,
1195 1949 1227 1969 ae
1241 1942 1378 1969 dicentem
1392 1942 1446 1969 sibi
1464 1951 1470 1969 :
1483 1941 1605 1969 Corneli.
1619 1941 1653 1968 At
1667 1941 1712 1968 ille

928 1996 938 2013 ι
958 1987 1056 2015 deﬁxis
1067 1988 1095 2014 in
1108 1995 1171 2015 eum
1186 1987 1275 2015 oculis
1289 1987 1444 2022 timoreque
1456 1991 1604 2023 correptus
1624 1987 1692 2014 dixit
1704 1996 1711 2014 :

929 2041 939 2058 ι
959 2031 1030 2066 Quid
1045 2037 1098 2063 est.
1123 2032 1345 2061 Domine?-Dixit
1368 2038 1460 2061 autem
1483 2033 1522 2060 illi
1539 2041 1546 2059 :
1567 2032 1712 2060 Orationes

929 2087 940 2103 ι
960 2081 1014 2105 tuae
1027 2082 1056 2105 et
1066 2078 1245 2114 eleemosyna:
1257 2083 1310 2106 tua
1320 2079 1505 2106 ascenderunt
1514 2079 1540 2106 in
1553 2078 1711 2106 memoriam

931 2133 940 2150 ι
959 2131 1051 2151 coram
1064 2124 1130 2152 Deo.
1155 2124 1189 2152 Et
1204 2132 1278 2152 nunc
1293 2125 1371 2152 mitte
1392 2125 1467 2152 viros
1480 2124 1596 2159 Joppen,
1620 2127 1648 2151 et
1669 2132 1715 2151 ac-

932 2179 945 2196 ι
963 2177 1041 2198 cerse
1060 2169 1200 2198 Simonem
1227 2170 1275 2204 qui
1302 2170 1512 2205 cognominatur
1530 2171 1638 2198 Petrus.
1664 2169 1715 2196 Hic

933 2225 942 2242 ι
962 2215 1117 2250 hospitatur
1128 2215 1200 2250 apud
1213 2215 1353 2243 Simonem
1362 2215 1508 2250 quemdam
1521 2215 1682 2243 coriarium.
1698 2225 1708 2240 ι

965 2314 1024 2342 Non
1038 2318 1228 2342 memorantur
1238 2313 1366 2349 [Ethiops
1380 2321 1412 2341 ac
1426 2313 1582 2345 Cornelius,
1599 2320 1632 2339 co
1642 2312 1715 2346 quod

931 2361 959 2389 in
982 2360 1116 2397 dignitate
1137 2359 1280 2387 constituti
1292 2364 1381 2392 erant,
1401 2359 1449 2387 sed
1463 2359 1536 2394 quod
1551 2359 1586 2386 ob
1607 2358 1717 2386 divitias

931 2412 958 2435 et
974 2407 1073 2435 fastum
1087 2405 1218 2441 prohibiti
1234 2414 1288 2433 non
1306 2405 1407 2433 fuerint
1416 2405 1482 2440 quin
1499 2409 1674 2432 versarentur
1690 2404 1716 2430 in

932 2454 1043 2489 pietate.
1059 2452 1202 2488 Siquidem
1217 2452 1262 2480 hic
1272 2451 1383 2480 Judazus
1397 2459 1451 2479 non
1468 2455 1509 2478 est
1523 2458 1613 2486 neque
1623 2458 1716 2478 eorum

933 2500 980 2535 qui
997 2500 1049 2528 sub
1071 2499 1130 2534 lege
1146 2502 1235 2531 erant,
1254 2498 1300 2526 sed
1312 2499 1367 2534 jam
1385 2501 1512 2525 nostrum
1528 2497 1639 2524 vivendi
1657 2504 1717 2524 mo-

933 2546 999 2574 dum
1018 2549 1215 2581 assumpserat.
1242 2544 1322 2572 llunc
1348 2544 1465 2572 intuitus
1487 2543 1598 2579 pietatis
1611 2543 1734 2573 oculus,‘

935 2592 1008 2627 quod
1026 2591 1100 2619 bona
1120 2591 1233 2626 quidem
1259 2594 1361 2622 essent.
1376 2594 1497 2617 attamen
1514 2593 1633 2620 mortua,
1655 2595 1718 2615 eum

936 2638 1017 2665 fidem
1035 2638 1126 2665 adhue
1146 2644 1202 2664 non
1225 2636 1280 2673 95,
1295 2636 1439 2668 haberent,
1456 2635 1543 2662 mittit
1566 2633 1613 2669 qui
1635 2639 1718 2666 opera

936 2683 1046 2717 dirigat,
1059 2682 1155 2717 eisque
1168 2682 1312 2716 praemium
1326 2681 1460 2716 acquirat,
1471 2687 1569 2714 nempe
1579 2677 1716 2712 angelum,

936 2731 967 2755 ut
978 2727 1049 2754 bene
1061 2730 1214 2754 certantem
1228 2734 1278 2761 per
1293 2725 1374 2752 ﬁdem
1387 2728 1542 2755 coronaret,
1557 2722 1639 2765 idque
1651 2722 1718 2750 hora

936 2780 1019 2805 nona,
1035 2772 1145 2807 quando
1160 2772 1236 2800 curis
1248 2771 1409 2799 solvebatur
1423 2774 1452 2797 et
1467 2770 1494 2796 in
1507 2769 1600 2804 quiete
1617 2772 1677 2796 erat
1687 2776 1719 2796 ae

938 2818 1160 2854 eompunctione.
1181 2819 1298 2852 Propter
1321 2817 1373 2843 hoc
1395 2819 1486 2843 autent
1517 2815 1606 2842 virum
1629 2815 1720 2842 reddit

938 2870 1033 2892 notum
1048 2872 1080 2892 ac
1094 2864 1267 2891 manifestum
1282 2866 1389 2895 auctor,
1402 2869 1437 2889 ne
1453 2861 1515 2897 quis
1531 2869 1593 2889 eum
1610 2861 1719 2888 mentiri

939 2911 1023 2944 dicat,
1038 2910 1099 2937 idco
1111 2917 1219 2944 quoque
1235 2908 1394 2943 dignitatem
1412 2907 1574 2943 significavit
1594 2907 1696 2933 addens
1712 2915 1719 2931 τ
