1864 3052
163 167 212 199 179

687 167 888 218 (ECU/“ENII
906 167 1054 197 TRICCE
1069 167 1240 198 EPISCOPI

1742 170 1787 203 180

165 235 174 251 ε
195 226 233 252 Ex
249 224 363 252 cohorte
375 233 436 260 quae
453 224 555 252 dicitur
571 224 675 251 ltalica.
698 233 707 249 ι
726 224 829 260 Σπεῖρα
845 230 936 252 autem

1035 225 1041 233 '
1057 225 1071 252 ὃ
1088 226 1134 252 καὶ
1149 225 1197 260 τὴν
1214 225 1292 258 ἀξίαν
1310 225 1452 261 ἐδήλωσεν.
1467 236 1476 253 ε
1497 227 1544 254 Ἐκ
1561 227 1678 263 σπείρης
1708 229 1787 255 εἰπὼν

161 272 189 299 id
205 277 246 299 est
260 271 371 305 cohors,
383 275 426 299 est
440 278 522 306 quam
534 278 608 298 nunc
621 270 752 305 νούμερον
767 270 895 298 dicimus.

197 361 231 395 Χ,
245 362 271 394 6,
287 363 314 390 7.
335 372 344 388 ι
362 361 412 390 Cui
437 361 535 389 domus
546 361 677 396 estjuxta
702 367 789 389 mare.
807 361 857 389 llic
877 361 950 389 dicet

167 418 175 434 ι
198 408 247 435 tibi
272 408 337 442 quid
351 412 376 435 te
391 412 518 443 oporteat
542 406 643 434 facere.
662 406 799 435 Utautem
822 407 950 434 discessit

167 465 175 480 ι
196 454 307 489 angelus
333 454 382 489 qui
410 453 575 489 loquebatur
598 452 739 486 Cornelio,
754 454 863 481 vocavit
879 453 950 482 duos

167 511 175 526 ι
198 500 316 528 famulos
330 505 358 528 et
372 500 488 528 militem
506 499 664 534 religiosum
678 507 710 526 ex
726 499 771 527 his
787 499 834 535 qui
850 500 877 527 ei
898 500 948 527 ad-

166 556 175 572 ‹
194 547 344 574 hmrebant.
365 556 374 572 ι

197 591 345 626 Segregala
360 590 393 618 ab
407 591 525 619 urbibus
544 591 606 619 loca
626 590 804 618 sectabantur
819 591 947 626 apostoli,

162 641 256 673 utpote
273 637 433 665 solitudinis
447 645 480 664 ac
503 636 606 672 quietis
621 636 713 664 amici.
729 636 800 670 Quid
814 641 906 664 autem
925 636 948 664 si

161 689 189 712 et
212 684 298 711 alium
321 683 483 720 contigisset
508 691 568 711 esse
583 684 742 711 Simonem?
754 683 824 710 Ecce
840 683 948 718 signum

160 731 207 758 dat
222 730 296 766 quod
311 730 418 758 habitet
434 731 512 765 juxta
528 738 614 757 mare.
635 730 735 757 Verum
758 737 870 756 causam
893 737 949 757 non

161 777 241 810 dixit,
253 785 289 804 ne
302 777 391 812 ipsum
409 781 565 809 enervaret,
581 775 627 803 sed
639 775 666 802 in
680 775 830 811 cupiditate
855 783 887 802 ac
898 774 948 802 de-

161 823 264 851 siderio
282 823 413 850 audiendi
428 830 488 850 csse
503 822 617 849 dimisit.

197 869 231 903 Χ,
247 869 322 906 8-10.
344 880 354 895 ‹
369 870 493 904 Cumque
511 872 650 898 narrasset
671 869 724 897 illis
752 868 855 902 omnia,
873 868 949 896 misit

166 925 175 942 ε
192 923 240 944 eos
255 916 281 943 in
293 915 408 951 Joppen.
418 915 554 943 Postridie
566 922 631 942 vero
646 914 811 943 facientibus
820 915 874 942 illis
886 914 949 947 iter,

166 972 175 988 ‹
195 963 307 998 jamque
325 961 615 997 appropinquantibus
627 961 744 993 civitati,
759 961 884 988 ascendit
897 961 948 988 Pe-

166 1018 175 1032 ε
195 1013 254 1036 trus
267 1008 294 1035 in
305 1008 477 1043 superiorem
489 1007 588 1035 domus
600 1011 705 1042 partem
719 1012 749 1035 ut
767 1011 859 1034 oraret
877 1007 949 1035 circa

165 1063 174 1078 ι
196 1053 292 1081 horam
306 1058 408 1086 sextam
433 1058 483 1081 :et
503 1061 564 1080 cum
587 1053 715 1086 esui-iret,
736 1052 822 1081 voluit
837 1059 949 1088 gustare

164 1109 174 1126 ι
193 1101 283 1128 cibum
298 1110 305 1127 :
321 1108 440 1135 cumque
455 1100 494 1127 illi
505 1103 682 1135 appararent.
703 1110 712 1126 ι

197 1146 266 1174 Vide
287 1146 370 1173 animi
384 1146 558 1174 modestiam.
587 1146 682 1181 Neque
698 1146 771 1174 enim
783 1146 854 1174 dixit
869 1157 875 1174 :
893 1147 948 1175 Vo-

160 1197 221 1220 cate
237 1191 271 1219 ad
288 1199 332 1219 me
358 1192 470 1219 Petrum
489 1191 619 1219 :nolebat
642 1191 780 1227 siquidem
805 1192 949 1228 dignitatis

158 1239 346 1266 nominoeum
369 1245 523 1267 accersere.
542 1238 692 1274 Propterea
717 1239 840 1266 narravit
857 1238 949 1266 omnia

160 1285 285 1313 utetiam
314 1285 494 1319 persuaderet
519 1292 525 1310 :
552 1285 622 1312 adeo
645 1284 688 1312 vir
716 1284 859 1311 modestus
877 1288 947 1311 crat.

160 1331 243 1366 Atqui
255 1331 324 1358 nihil
338 1331 430 1366 magni
449 1330 558 1365 concipi
576 1334 684 1365 poterat
697 1329 730 1357 de
743 1329 803 1356 viro
816 1329 864 1364 qui
877 1329 949 1364 apud

160 1377 308 1404 coriarium
322 1376 524 1404 diversabatur.

195 1421 230 1454 X,
255 1421 347 1450 10-15.
369 1431 378 1448 1
395 1422 480 1449 Irruit
499 1428 581 1456 super
604 1428 667 1448 eum
692 1420 793 1447 mentis
808 1426 948 1453 excessus,

164 1478 173 1494 ε
193 1468 324 1503 videtque
347 1468 447 1496 coelum
477 1471 615 1502 apertum,
632 1471 660 1494 et
673 1466 845 1494 descendens
864 1465 898 1493 ad
921 1474 950 1494 se

164 1524 173 1540 ι
193 1522 241 1542 vas
264 1514 403 1550 quoddam
426 1514 501 1542 velut
529 1513 646 1540 linteum
669 1520 798 1547 magnum
831 1518 950 1547 quatuor

164 1570 173 1586 ε
193 1560 279 1587 initiis
294 1560 446 1595 alligatum,
464 1557 589 1586 submitti
605 1565 620 1584 a
635 1557 705 1586 cutio
725 1556 753 1584 in
774 1561 873 1583 terram
895 1565 902 1582 :
921 1556 948 1583 in

163 1617 172 1633 ι
194 1615 248 1642 quo
260 1611 338 1635 erant
353 1607 445 1634 omnia
461 1604 651 1640 quadrupedia
669 1608 759 1637 terrae,
769 1609 797 1631 et
810 1603 906 1632 bestiae
917 1611 950 1631 ac

163 1664 172 1680 ε
192 1654 311 1689 reptilia,
333 1653 510 1687 volatiliaque
536 1651 608 1679 coeli.
636 1651 671 1679 Et
687 1651 757 1679 facta
776 1655 819 1678 est
842 1658 895 1678 vox
916 1650 950 1678 ad

163 1708 171 1725 1
194 1707 267 1727 eum.
286 1708 295 1725 ›

196 1741 346 1777 "Extruet;
363 1743 501 1780 signiﬁcat
521 1748 551 1771 et
576 1743 830 1771 consternationem
845 1750 907 1777 qua:
922 1742 949 1769 in

158 1790 342 1820 admiratione
352 1790 500 1826 contingit,
510 1794 610 1818 etcum
621 1793 698 1817 extra
709 1788 852 1818 sensibilis
862 1788 950 1816 factus

158 1836 295 1871 quispiam
310 1835 348 1862 ad-
373 1834 527 1870 spiritualia
547 1834 707 1863 deducitur.
730 1834 769 1861 Ex
790 1833 843 1861 hoc
857 1833 950 1868 itaque

158 1881 336 1909 manifestum
351 1880 406 1916 95
418 1884 461 1908 est
476 1880 551 1915 quod
561 1880 714 1916 spiritualis
724 1878 850 1915 quaedam
864 1879 949 1907 veluti

157 1927 229 1955 visio
245 1926 298 1962 ipsi
314 1926 385 1954 facta
396 1926 442 1959 sit,
459 1931 487 1954 et
497 1931 626 1962 tanquam
639 1926 730 1957 anima
745 1925 949 1961 quodammodo

159 1982 174 2001 a
194 1982 310 2009 corpore
328 1973 489 2002 excedente.
513 1983 522 2000 ι
538 1974 687 2009 Videtque.
706 1983 715 1999 ›
736 1973 864 2001 Linteum
881 1973 949 2000 illud

159 2020 267 2055 signum
285 2024 346 2048 erat
363 2020 481 2050 sublime
499 2021 622 2048 universi
641 2021 726 2048 orbis.
745 2021 869 2054 Quatuor
883 2029 948 2048 vero

162 2064 242 2091 initia
271 2068 392 2099 quatuor
417 2069 482 2092 sunt
498 2065 645 2093 elementa.
668 2065 723 2092 Vas
751 2068 843 2092 autem
860 2073 948 2100 appar-

160 2118 226 2138 rens
252 2111 415 2140 crassiorem
439 2111 564 2146 designat
590 2111 734 2139 mundum.
761 2111 848 2138 Porro
873 2111 948 2139 varia

161 2157 314 2185 animantia
340 2157 417 2192 signa
442 2162 507 2185 sunt
533 2162 620 2185 status
640 2157 794 2185 hominum.
824 2158 888 2189 Aut,
918 2160 948 2184 ut

159 2203 283 2238 apertius
296 2203 397 2236 dicam,
416 2203 517 2235 sindon
533 2208 575 2231 est
597 2203 731 2231 Ecclesia.
760 2203 859 2237 Bestia:
881 2211 948 2231 vero

962 1582 984 1614 C

1003 273 1052 306 τῆς
1062 271 1231 306 καλουμένης
1252 272 1394 307 Ἰταλικῆς.
1408 281 1417 298 ι
1433 273 1538 309 Σπεῖρα
1548 273 1578 300 δέ
1599 274 1675 300 ἐστιν
1698 273 1712 300 ὕ
1745 282 1789 300 κα-

1003 316 1101 351 λοῦμεν
1112 316 1159 344 νῦν
1172 317 1314 352 νούμερον.

1040 373 1049 390 ‹
1074 360 1109 399 γῼ
1126 364 1200 390 ἐστιν
1215 364 1287 391 οὶκία
1305 365 1381 400 παρὰ
1411 365 1560 393 Θάλασσαν.
1577 362 1666 398 Οὗτος
1679 367 1790 403 λαλήσει

1006 419 1016 435 ι
1037 418 1088 441 σοι,
1104 410 1130 436 τί
1157 419 1187 436 σε
1200 410 1240 436 δεῖ
1261 412 1358 437 ποιεῖν.
1381 410 1424 442 Ὠς
1440 411 1468 437 δὲ
1483 412 1604 446 ἀπῆλθεν
1619 414 1633 439 ὀ
1645 412 1764 447 ἄγγελος
1779 415 1791 439 ὁ

1007 466 1016 482 ι
1033 456 1119 483 λαλῶν
1133 456 1172 492 τῷ
1182 457 1334 492 Κορνηλίῳ,
1347 458 1473 492 φωνήσας
1489 457 1535 484 δύο
1549 458 1604 485 τῶν
1613 459 1731 485 οἰκετῶν
1748 461 1779 485 αὖ

1007 511 1016 528 ι
1035 501 1092 534 τοῦ,
1111 503 1156 528 καὶ
1170 502 1338 538 στρατιώτην
1356 503 1456 538 εὐσεῦῆ
1473 503 1528 531 τῶν
1549 506 1792 541 προσκαρτερούν-

1006 558 1015 574 σ
1033 557 1086 575 των
1103 548 1187 583 αὐτῷ.
1207 558 1217 575 ι

1039 594 1080 620 Τὰ
1093 593 1327 630 ἀνακελωρημένα
1352 595 1406 622 τῶν
1425 594 1530 622 πόλεων
1548 595 1673 622 ἐδίωκων
1688 597 1714 622 οι
1729 596 1793 622 ἀπὸ

1004 641 1101 673 στολοι,
1119 642 1235 677 ἐρημίας
1254 641 1329 673 ὄντες
1350 641 1421 676 φίλοι
1438 641 1487 668 καὶ
1513 642 1639 677 ἡσυχίας.
1654 642 1688 668 Τί
1720 642 1748 668 δὲ
1774 644 1793 667 εἰ

1003 686 1102 720 συνέϐη
1120 686 1166 712 καὶ
1180 686 1258 713 ἄλλον
1276 684 1348 713 εἶναι
1364 688 1476 721 Σίμωνα
1488 697 1495 720 ;
1507 687 1585 720 Ἰδοὺ,
1604 688 1664 714 ἐστι
1683 689 1794 722 σημεῑιν

1002 732 1033 758 τὸ
1047 732 1122 767 παρὰ
1137 731 1274 759 θάλασσαν
1290 733 1382 760 οἰκεῖν.
1398 733 1455 760 Οὐκ
1467 731 1528 760 εἶπε
1543 733 1572 760 δὲ
1583 733 1627 760 διὰ
1641 734 1678 764 τί,
1698 734 1741 759 ἵνα
1760 735 1794 766 μὴ

1003 777 1107 813 ἐκλύσῃ
1122 778 1215 811 αὑτὸν,
1231 778 1288 805 ἀλλ’
1304 779 1412 814 ἀφῆκεν
1430 779 1513 806 αὑτὸν
1544 781 1573 806 ὲν
1596 779 1734 815 ἐπιθυμίᾳ
1751 780 1794 805 καὶ

1004 823 1079 859 πόθῳ
1098 823 1148 858 τῆς
1162 823 1320 859 ἀκροάσεως
1334 824 1470 858 γενέσθαι.

1042 879 1052 897 ι
1067 870 1124 898 Καὶ
1136 870 1342 906 ἐξηγησάμενος
1367 871 1458 902 αὐτοῖς
1477 871 1596 905 ἅπαντα,
1628 871 1794 898 ἀπέστειλεν

1004 926 1013 943 ι
1033 916 1131 948 αὐτοὺς
1143 917 1183 948 εἰς
1197 916 1375 952 τὴνἹόππην.
1386 917 1424 952 Τῇ
1435 917 1462 944 δὲ
1474 917 1605 952 ἐπαύριον
1620 917 1795 952 ὁδοιπορούν-

1003 972 1012 989 I
1033 971 1087 990 των
1106 963 1230 995 ἐκείνων,
1257 963 1342 998 ἀνέϐη
1364 963 1468 999 Πέτρος
1484 964 1531 990 ἐπὶ
1542 964 1572 990 τὸ
1585 963 1664 999 δῶμα
1679 963 1795 999 προσεύ-

1003 1019 1012 1035 ‹
1033 1009 1130 1041 ξασθαι
1159 1010 1224 1045 περὶ
1239 1009 1314 1045 ὥραν
1327 1009 1420 1045 ἕκτην.
1434 1010 1558 1043 Ἐγένετο
1574 1009 1601 1036 δὲ
1617 1010 1793 1044 πρόσπεινος,

1003 1064 1012 1082 ‹
1030 1056 1078 1082 καὶ
1089 1055 1168 1090 ἦθελε
1178 1055 1340 1089 γεύσασθαι·
1352 1054 1618 1090 παρασκευαζόντων
1625 1056 1652 1082 δὲ
1669 1055 1791 1082 ἐκείνων.

1035 1146 1106 1181 Ὅρα
1134 1146 1164 1172 τὸ
1180 1146 1292 1180 ἆτυςςον.
1325 1146 1362 1172 Οὔ
1391 1145 1444 1180 γὰρ
1472 1143 1544 1177 εἷπε,
1568 1144 1714 1172 Καλέσατέ
1751 1154 1795 1180 μοι

1001 1192 1120 1226 Πέτρον¹
1139 1192 1168 1218 οὗ
1186 1191 1240 1226 γὰρ
1260 1190 1335 1226 ἠξίου
1360 1191 1414 1218 ἀπὺ
1443 1191 1491 1218 τοῦ
1524 1190 1682 1226 ἀξιώματος
1713 1191 1795 1217 αὑτὸν

1002 1236 1242 1272 μεταπέμψασθαι.
1261 1237 1310 1263 Διὰ
1326 1237 1406 1264 τοῦτο
1416 1237 1572 1273 ἐξηγήσατο
1590 1236 1794 1269 ἇπαντα,ὦστε

1001 1283 1048 1310 καὶ
1065 1284 1169 1311 πεῖσαι.
1181 1283 1261 1310 Οὕτω
1280 1284 1390 1318 μέτριος
1401 1281 1435 1318 ἦν
1451 1285 1464 1310 ὁ
1482 1284 1562 1319 ἁνήρ.
1589 1283 1700 1310 Καίτοι
1716 1283 1794 1310 οὐδὲν

1002 1329 1073 1363 μέγα
1088 1327 1318 1365 φαντασθῆναιῆν
1333 1329 1396 1364 περὶ
1413 1330 1507 1364 ἀνδρὸς
1519 1328 1711 1365 καταγομένου
1720 1329 1794 1365 παρὰ

1002 1375 1107 1411 βυρσεῖ.

1040 1431 1048 1447 ι
1070 1421 1220 1448 Ἐπέπεσεν
1243 1421 1286 1447 ἐπ’
1307 1421 1388 1448 αὑτὸν
1405 1420 1543 1453 ἔκστασις.
1565 1421 1620 1449 Καὶ
1636 1421 1740 1457 θεωρεῖ
1750 1422 1794 1448 τὸν

1004 1476 1013 1492 ι
1032 1467 1147 1503 οὐρανὸν
1177 1467 1359 1502 ἀνεῳγμένον,
1394 1468 1440 1494 καὶ
1471 1467 1635 1494 καταόαῑνον
1651 1468 1696 1494 ἐπ’
1712 1468 1794 1494 αὑτὸν

1005 1521 1014 1537 ι
1033 1512 1130 1543 σκεῦός
1149 1521 1175 1539 τι
1195 1513 1232 1544 ὡς
1255 1513 1352 1548 ὀθόνην
1369 1513 1501 1548 μεγάλην,
1526 1513 1676 1549 τέσσαρσιν
1692 1514 1794 1550 ἀρχαῖς

1005 1568 1014 1585 ι
1034 1558 1185 1594 δεδεμένον,
1219 1559 1265 1586 καὶ
1289 1560 1449 1595 καθιέμενον
1483 1560 1529 1586 ἐπὶ
1553 1560 1603 1595 τῆς
1630 1561 1694 1595 γῆς,
1721 1561 1751 1587 ὲν

1005 1614 1014 1630 ι
1032 1605 1139 1641 ὑπῆρχε
1156 1605 1245 1632 πάντα
1267 1606 1301 1632 τὰ
1315 1605 1467 1641 τετράποδα
1483 1606 1534 1641 τῆς
1554 1607 1616 1640 γῆς,
1632 1607 1681 1633 καὶ
1695 1606 1731 1633 τὰ
1744 1607 1794 1642 θη-

1003 1661 1012 1678 ‹
1034 1651 1090 1687 pta.
1109 1651 1156 1678 καὶ
1175 1651 1210 1678 τὰ
1230 1652 1342 1686 ἑρπετὰ,
1360 1652 1406 1678 καὶ
1425 1652 1458 1678 τὰ
1474 1653 1584 1678 πετεινὰ
1595 1652 1641 1679 τοῦ
1661 1652 1792 1688 οὐρανοῦ.

1003 1706 1012 1722 ‹
1033 1697 1090 1723 Καὶ
1108 1697 1218 1731 ἐγένετο
1235 1697 1310 1732 φωνὴ
1326 1697 1393 1731 πρὸς
1412 1697 1504 1724 αὐτόν.
1518 1706 1526 1722 ι

1041 1742 1074 1769 Ἠ
1091 1741 1219 1774 ἔκστασις
1234 1742 1310 1776 δηλοῖ
1333 1742 1381 1768 καὶ
1407 1742 1455 1776 τὴν
1487 1742 1534 1769 ἐπὶ
1565 1742 1724 1778 Θαυμασμῷ
1745 1743 1792 1770 εκ-

1000 1787 1108 1823 πληξιν,
1119 1787 1168 1815 καὶ
1185 1787 1215 1814 τὸ
1230 1787 1282 1821 ἔξω
1298 1787 1353 1814 τῶν
1380 1788 1516 1822 αἰσθητῶν
1534 1788 1661 1822 γενέσθαι
1687 1790 1736 1816 ἐπὶ
1760 1789 1794 1817 τὰ

1001 1834 1174 1869 πνευματικὰ
1217 1834 1410 1869 ὁδηγούμενον.
1442 1833 1492 1861 Ἐκ
1519 1834 1616 1861 τούτου
1645 1835 1727 1870 δῆλον
1752 1836 1793 1862 ὅτι

1002 1881 1175 1916 πνευματική
1190 1889 1231 1912 τις
1244 1880 1345 1907 ὡσανεὶ
1368 1880 1471 1916 θεωρία
1488 1881 1600 1915 γέγονεν
1628 1880 1716 1916 αὐτῷ,
1746 1881 1792 1908 τοῦ

1001 1926 1136 1962 σώματος,
1156 1927 1194 1958 ὼς
1209 1926 1241 1953 ἂν
1257 1927 1330 1953 εἴποι
1348 1935 1400 1958 τις,
1418 1927 1595 1961 ἐξεστηκυίας
1613 1927 1664 1962 τῆς
1690 1926 1791 1962 ψυχῆς.

1003 1982 1012 1999 ‹
1028 1972 1083 2000 Καὶ
1103 1972 1210 2008 θεωρεῖ,
1226 1981 1234 1998 ι
1254 1971 1392 2006 Σύμϐολον
1407 1972 1457 2006 τῆς
1489 1972 1653 2008 οἰκουμένης
1679 1972 1792 2007 ἁπάσης

999 2019 1160 2054 ἀκρότατον,
1178 2018 1227 2054 τὴν
1239 2018 1334 2053 ὀθόνην
1346 2018 1463 2053 ἐκείνην.
1479 2019 1511 2045 Αἱ
1524 2018 1553 2045 δὲ
1573 2018 1708 2053 τέσσαρες
1740 2018 1791 2053 ἀρ-

999 2065 1046 2100 χαὶ
1070 2065 1103 2092 τὰ
1125 2065 1246 2100 τέσσαρα
1272 2067 1392 2099 στοιχεῖα
1419 2065 1540 2100 δηλοῦσι.
1575 2065 1612 2090 Τὸ
1646 2064 1675 2090 δὲ
1701 2065 1788 2099 φανὲν

1002 2111 1097 2143 σκεῦος
1110 2111 1155 2138 τὸν
1167 2111 1322 2146 παχύτερον
1338 2111 1440 2146 κόσμον
1461 2111 1598 2146 σημαίνει.
1629 2111 1670 2137 Τὰ
1683 2111 1713 2137 δὲ
1732 2111 1791 2138 διά·

1000 2167 1070 2194 φορα
1081 2158 1149 2190 ζῶα,
1177 2158 1225 2193 τῆς
1253 2158 1307 2184 τῶν
1329 2157 1481 2194 ἀνθρώπων
1510 2158 1569 2184 ἐστὶ
1597 2158 1792 2189 καταστάσεως

1000 2204 1130 2240 σύμϐολα.
1150 2205 1196 2237 Ἢ,
1224 2205 1268 2230 ἵνα
1283 2205 1450 2240 σαφέστερον
1479 2205 1557 2236 sine),
1583 2202 1678 2230 σινδὼν
1694 2205 1710 2238 ή
1727 2203 1791 2230 Ἐκ-

160 2257 221 2284 qua:
241 2250 269 2277 in
298 2258 331 2278 ea
360 2255 449 2282 erant,
475 2255 570 2285 gentes
587 2253 661 2277 sunt.
681 2250 832 2278 Ecclesiam
853 2250 941 2285 itaque

1036 2251 1111 2287 ησία.
1128 2252 1168 2278 Τὰ
1184 2251 1212 2278 δὲ
1230 2252 1259 2278 ὲν
1279 2252 1348 2286 αὐτῇ
1367 2251 1459 2286 θηρία,
1479 2252 1502 2278 οἱ
1522 2251 1551 2284 ἐξ
1567 2251 1663 2280 ἐθνῶν.
1693 2250 1788 2278 Ἐθεά-

160 2296 303 2330 conspexit
313 2300 432 2331 quatuor
442 2297 599 2332 Evangeliis
608 2297 756 2333 alligatam,
768 2297 795 2324 in
804 2305 858 2332 qua
867 2302 948 2325 erant

159 2349 256 2369 omnes
265 2346 372 2377 gentes.

194 2386 227 2419 Χ,
246 2387 342 2414 15-29.
358 2397 367 2413 ε
389 2387 486 2423 Surge,
503 2389 594 2422 Petre,
607 2393 697 2417 macta
713 2393 742 2417 et
762 2396 885 2417 vescere.
903 2388 948 2416 Ait

162 2443 170 2458 ι
191 2437 283 2461 autem
302 2433 419 2461 Petrus:
436 2434 624 2470 Nequaquam,
647 2435 773 2468 Domine,
798 2435 862 2470 quia
877 2443 949 2462 nun-

162 2489 171 2505 c
191 2487 272 2514 quam
288 2479 332 2507 edi
350 2480 498 2516 quidquam
512 2489 659 2514 commune
674 2486 703 2510 et
716 2481 899 2509 immundum.
916 2482 948 2508 Et

162 2535 170 2551 ι
192 2534 244 2554 vox
269 2534 366 2553 rursus
391 2526 426 2554 ad
440 2534 503 2554 eum
524 2527 620 2560 :Quod
645 2528 717 2555 Deus
739 2527 895 2562 puriﬁcavit
918 2531 946 2555 tu

161 2583 170 2598 ι
193 2582 341 2602 commune
360 2582 394 2602 ne
421 2573 534 2602 dixeris.
547 2574 604 2601 lloc
626 2578 718 2601 autem
741 2574 823 2601 tertio
845 2574 947 2601 factum

160 2630 169 2646 ‹
191 2625 244 2648 est.
260 2621 294 2648 Et
305 2629 415 2649 rursum
432 2627 574 2656 receptum
585 2625 627 2648 est
637 2628 686 2651 vas
702 2621 730 2647 in
742 2620 852 2648 coelum.
868 2621 947 2648 Dum-

160 2676 169 2693 ‹
193 2675 247 2702 que
272 2667 345 2703 apud
370 2675 430 2696 sese
448 2668 588 2696 haesitaret
611 2667 708 2694 Petrus
730 2675 854 2702 quamam
875 2671 947 2696 esset

160 2724 168 2738 ι
192 2714 264 2741 visio
286 2722 370 2749 quam
385 2714 510 2746 vidisset,
525 2721 590 2741 ecce
604 2714 656 2741 viri
672 2713 719 2749 qui
733 2713 810 2742 missi
828 2719 911 2741 erant.
930 2722 946 2742 a

160 2769 169 2785 1
188 2759 319 2790 Cornelio
332 2759 488 2795 percontati
503 2759 537 2787 de
549 2759 631 2787 domo
650 2759 782 2793 Simonis,
797 2760 946 2788 astiterunt

159 2815 168 2831 ι
187 2806 220 2833 ad
232 2806 356 2840 ianuam.
371 2810 400 2834 et
413 2810 527 2835 evocato
544 2806 674 2841 quopiam
689 2806 895 2842 interrogabant
909 2815 944 2834 an

160 2861 169 2876 ‹
190 2851 288 2879 Simon
303 2852 350 2886 qui
368 2857 611 2886 cognominaretur
625 2853 734 2883 Petrus,
750 2853 864 2880 haberet
889 2853 944 2880 illic

161 2906 169 2923 ‹
190 2897 353 2931 hospitium.
365 2897 446 2924 Petro
456 2905 521 2926 vero
533 2898 670 2934 cogitante
686 2899 720 2926 de
733 2899 851 2933 visione,
876 2899 944 2927 dixit

1001 2306 1066 2325 σατο
1081 2298 1170 2325 τοίνυν
1188 2297 1236 2333 τὴν
1259 2297 1423 2332 Ἐκκλησίαν
1441 2297 1589 2332 τέσσαρσιν
1611 2297 1791 2331 Εὑαγγελὶοις

999 2344 1157 2380 δεδεμένην,
1176 2344 1206 2371 ὲν
1258 2344 1364 2379 ὑπῆρχε
1377 2343 1467 2370 πάντα
1481 2343 1516 2370 τὰ
1536 2343 1611 2376 ἑθνη.

1038 2400 1047 2417 ‹
1075 2390 1217 2422 Ἀναστὰς,
1234 2390 1332 2425 Πέτρε,
1348 2389 1430 2416 θῦσον
1443 2390 1490 2416 καὶ
1502 2390 1584 2423 φάγε.
1602 2389 1631 2416 '0
1644 2389 1672 2415 δὲ
1687 2389 1791 2423 Πέτρος

1003 2447 1012 2463 ι
1034 2435 1104 2470 εἷπε,
1117 2436 1269 2471 Μηδαμῶς,
1288 2436 1386 2471 Κύριε,
1399 2436 1441 2462 ὅτι
1457 2435 1518 2462 οὐδέ
1539 2443 1604 2462 ποτε
1616 2435 1718 2469 ἔφαγον
1736 2436 1791 2462 πᾶν

1002 2493 1011 2510 ί
1032 2482 1120 2510 κοινὸν
1138 2482 1330 2518 ἣόικὰοαρτον.
1348 2482 1404 2509 Καὶ
1424 2482 1500 2517 φωνὴ
1515 2481 1597 2508 πάλιν
1613 2482 1646 2508 ὲκ
1661 2481 1789 2516 δευτέρου

1003 2539 1012 2555 ι
1032 2529 1196 2565 πρὸςταὺτόν-
1210 2529 1314 2560 ἈΘεὲς
1321 2528 1479 2563 ὲκαθάρισε,
1495 2529 1526 2554 σὺ
1542 2527 1579 2563 μὴ
1593 2527 1695 2554 κοίνου.
1705 2527 1791 2554 Τοῦ-ω

1001 2585 1011 2602 ‹
1029 2575 1058 2602 δὲ
1072 2575 1181 2609 ἐγένετο
1192 2575 1239 2602 ἐπὶ
1253 2575 1323 2611 τρίς.
1337 2575 1393 2602 Καὶ
1405 2574 1484 2602 πάλιν
1500 2574 1642 2609 ἀνελήφθη
1651 2574 1684 2600 to
1692 2573 1790 2605 σκεῦος

1002 2632 1012 2649 ε
1030 2623 1069 2654 εἰς
1088 2622 1133 2649 τὸν
1149 2622 1274 2658 οὐρανόν.
1297 2622 1342 2653 Ὠς
1353 2621 1381 2647 δὲ
1395 2622 1424 2647 ἐν
1439 2620 1529 2656 ἑαυτῷ
1544 2621 1669 2656 διηπόρει
1695 2622 1710 2647 ό
1736 2620 1789 2647 Πέ-

1002 2677 1011 2694 «
1030 2676 1093 2703 τρος
1106 2668 1132 2694 τί
1146 2667 1179 2694 ἂν
1192 2667 1235 2702 εἴη
1246 2667 1276 2693 τὸ
1290 2667 1382 2701 ὅραμα
1394 2666 1407 2693 ὃ
1416 2664 1479 2699 εἶδε,
1490 2666 1602 2694 καὶέδοὺ
1612 2666 1636 2692 οἱ
1651 2665 1750 2700 ἄνδρες
1763 2665 1787 2692 oi

999 2722 1009 2739 ι
1030 2712 1230 2747 ἀπεσταλμένοι
1263 2712 1317 2738 ἀπὸ
1339 2711 1384 2738 τοῦ
1396 2711 1558 2747 Κορνηλίου,
1571 2711 1788 2746 διερωτήσαντες

1000 2769 1009 2785 ί
1024 2758 1074 2794 τὴν
1089 2757 1178 2785 οἰκίαν
1189 2756 1320 2792 Σίμωνος,
1334 2756 1489 2791 ἐπέστησαν
1497 2756 1543 2782 ἐπὶ
1551 2755 1596 2782 τὸν
1610 2755 1733 2787 πυλῶνα,
1742 2755 1786 2782 καὶ

1000 2814 1009 2831 ι
1027 2804 1203 2840 φωνήσαντες
1214 2802 1394 2829 ἐπυνθάνοντο
1406 2803 1430 2829 εἰ
1453 2803 1544 2837 Σίμων
1567 2803 1582 2828 ὁ
1603 2800 1786 2836 ἐπικαλούμε-

1000 2862 1009 2878 ‹
1027 2859 1072 2882 νος
1082 2851 1184 2886 Πέτρος
1202 2849 1294 2877 ἐνθάδε
1310 2849 1454 2883 ξενίζεται.
1470 2849 1522 2875 Τοῦ
1534 2849 1562 2875 δὲ
1574 2849 1677 2884 Πέτρου
1711 2847 1785 2874 ἐνου-

1001 2907 1009 2924 ‹
1028 2896 1166 2934 μουμένου
1185 2896 1303 2931 περὶτοῦ
1318 2897 1466 2932 ὁράματος,
1478 2892 1554 2923 εἶπεν
1567 2895 1640 2930 αὑτῷ
1655 2895 1685 2921 τὸ
1705 2893 1783 2920 πνεῦ-
