1864 3052
68 145 136 178 ῙἻ

584 150 777 182 ΕΟΜΜΕΝΤ.
800 150 841 181 ΙΝ
861 151 955 181 ACTA
976 151 1263 182 APOSTOLOIIUM.

1660 153 1723 184 182"

69 212 84 228 ι
117 211 156 237 μα
171 212 178 218 ι
196 202 261 230 ’1δοῦ
274 203 369 239 ἄνδρες
387 203 499 239 ζητοῦσι
511 213 554 231 σε·
571 206 629 232 ἀλλ’
654 207 773 240 ἀναστας
788 208 873 235 κατὰ·

966 209 981 236 ξί
999 209 1119 244 Spiritus
1134 218 1141 237 :
1157 209 1226 237 Ecce
1237 209 1288 237 viri
1301 215 1426 245 qum-unt
1442 214 1486 238 te:
1509 217 1590 245 surge
1612 211 1713 246 itaque.

71 258 89 274 ε
116 249 192 284 δηοι,
210 249 258 276 καὶ
272 250 390 286 πορεύου
410 251 459 278 σὺν
477 252 580 284 αὐτοῖς,
606 253 689 288 μηδὲν
703 254 875 290 διακρινόμε-

71 305 89 320 σ
115 304 172 326 νος,
195 295 261 322 διάει
288 296 343 330 ἐγὼ
369 297 527 324 ἀπέσταλκα
556 298 667 331 αὐτούς.
690 300 820 332 Καταὸἁς
849 301 876 328 δὲ

72 350 87 366 ι
116 341 226 377 Πέτρος
241 343 311 377 πρὸς
339 343 403 374 τοὺς
432 344 533 379 ἄνδρας
561 345 625 377 τοὺς
653 346 876 382 ἀπεσταλμένους

76 397 89 412 ι
113 387 172 414 ἀπὸ
187 388 235 414 τοῦ
255 389 406 424 Κορνηλίου
426 391 495 426 πρὸς
512 391 603 423 αὑτὸν,
625 390 700 418 εἶπεν
713 401 720 408 ⁸
741 393 807 420 Ἰδοὺ
822 394 877 428 ἐγώ

79 443 92 458 ι
114 434 177 468 εἰμι
190 435 220 461 ὃν
233 435 350 469 ζητεῖτε.
369 436 417 468 Τίς
436 437 452 472 ὴ
473 437 547 464 alata
571 438 605 464 δι’
629 438 661 474 ἢν
679 439 800 474 πάρεστε
816 449 823 473 ;
846 441 878 467 Οἱ

74 489 90 505 α
111 480 142 506 δὲ
160 478 240 507 εἶπον
251 489 258 495 ·
273 481 424 517 Κορνήλιος
440 484 454 509 ὁ
466 483 680 520 ἑκατοντάρχης,
695 485 764 521 ἀνὴρ
775 486 878 518 δίκαιος

77 535 93 551 σ
111 526 160 552 καὶ
177 526 348 562 φοϐούμενος
362 528 409 555 τὸν
424 528 502 561 Θεὸν,
517 530 742 566 μαρτυρούμενός
772 540 801 558 τε
831 533 878 559 καὶ

77 581 91 597 ε
111 572 169 599 ὑπὸ
185 572 248 599 ὅλου
259 573 306 600 τοῦ
335 573 438 607 ἔθνους,
447 575 501 601 τῶν
530 574 673 608 Ἰουδαίων,
689 577 878 613 ἐχρηματίσθη

77 628 91 644 1
112 619 170 645 ὑπὸ
180 620 297 653 ἀγγέλου
317 620 406 655 ἁγίου,
422 621 654 656 μεταπέμψασθαί
667 632 695 650 σε
710 625 750 656 είς
779 625 824 651 τὸν
839 623 878 651 οἴ-

79 675 90 690 (
112 674 164 692 κον
178 666 274 700 αὑτοῦ,
293 667 341 694 καὶ
356 666 472 694 ἀκοῦσαι
488 668 600 703 ῥήματα
612 671 686 704 παρὰ
703 671 760 698 σοῦ.
778 672 879 699 Εἰσκα-

80 722 90 738 ι
109 712 265 748 λεσάμενος
281 713 328 741 οὖν
343 715 443 747 αὐτοὺς
466 716 579 748 ἐξένισε.
603 718 642 753 Τῇ
668 717 696 744 δὲ
721 718 852 753 ἐπαύριον
866 720 883 746 ὀ-

79 768 91 785 (
110 760 220 795 Πέτρος
239 761 334 797 ἐξῆλθε
349 763 397 790 σὺν
411 763 515 796 αὐτοῖς,
530 764 576 791 καί
594 773 668 796 τινες
688 764 743 792 τῶν
757 764 880 800 ἀδελφῶν

81 815 93 832 ε
114 807 173 833 τῶν
189 808 244 835 ἀπὸ
255 808 368 844 Ἰόππης
387 810 517 845 συνῆλθον
531 811 615 845 αὐτῷ.
631 808 686 838 Καὶ
701 814 734 848 τῇ
749 812 880 848 ἐπαύριον

79 863 90 879 ι
109 854 241 889 εἰσῆλθον
253 856 293 886 είς
303 855 352 890 τὴν
372 856 551 891 Καισάρειαν.
573 857 605 885 '0
623 857 651 884 δὲ
674 859 822 894 Κορνήλιος
845 857 880 895 ἦν

933 263 942 280 ι
962 254 1099 283 descende
1113 259 1140 283 et
1155 255 1331 290 proficiscere
1347 264 1409 283 cum
1427 256 1468 284 eis
1490 256 1558 284 nillil
1575 257 1714 288 haesitans,

933 310 943 326 ‹
963 301 1094 335 quoniam
1114 309 1164 336 ego
1177 301 1238 328 misi
1253 302 1324 329 illos.
1338 302 1511 329 Descendens
1524 302 1606 338 igitur
1619 301 1716 329 Petrus

934 355 943 371 ι
965 347 999 373 ad
1014 347 1088 374 viros
1107 347 1154 382 qui
1177 347 1252 375 missi
1270 353 1350 374 erant
1367 355 1382 374 a
1402 347 1532 375 Cornelio
1554 347 1588 374 ad
1615 346 1715 382 ipsum.

935 403 943 418 ι
967 392 1060 420 dixit:
1081 392 1154 420 Ecce
1181 401 1231 428 ego
1253 401 1313 420 sum
1339 393 1385 421 ille
1403 401 1484 428 quem
1501 393 1634 428 qumritis.
1652 391 1718 425 Qum

935 449 943 465 ι
963 447 1045 466 causa
1055 444 1097 467 est
1108 443 1224 475 propter
1236 447 1318 474 quam
1331 439 1468 467 venistis?
1479 441 1513 466 At
1528 439 1566 466 illi
1578 439 1716 466 dixerunt:

935 495 944 511 ι
964 485 1108 513 Cornelius
1124 485 1260 518 centurio,
1283 486 1327 513 vir
1342 487 1432 522 justus
1455 494 1486 514 ac
1508 485 1607 513 timens
1620 483 1716 517 Deum,

935 541 944 557 ι
964 535 991 559 et
1005 531 1192 560 testimonium
1208 533 1354 560 habensab
1373 533 1500 560 universa
1517 536 1597 568 gente
1611 531 1719 560 Judtco-

936 587 944 602 ι
966 586 1039 609 rum.
1058 578 1201 606 Oraculum
1220 579 1327 614 accepit
1340 578 1374 606 ab
1396 579 1492 614 angelo
1508 581 1602 606 sancto
1619 581 1649 605 ut
1673 584 1719 604 ac-

936 634 945 649 ‹
964 629 1088 652 eerscret
1102 629 1128 652 te
1145 624 1170 652 in
1185 625 1296 652 domum
1312 632 1399 657 suam,
1413 629 1441 652 et
1456 625 1565 652 audiret
1574 624 1657 652 verba
1671 623 1721 650 abs

937 679 945 694 ε
967 674 1003 697 te.
1020 670 1094 697 lntro
1111 675 1222 698 vocatos
1239 670 1321 706 igitur
1333 678 1381 698 eos
1393 671 1508 706 'recepit
1524 670 1653 705 hospitio.
1672 667 1721 696 Sc-

937 725 946 741 ι
964 716 1059 750 qnenti
1075 724 1142 744 vero
1157 715 1202 743 die
1214 716 1312 744 Petrus
1326 717 1466 752 profectus
1479 721 1522 744 est
1536 723 1599 744 eum
1615 715 1679 748 illis,
1692 719 1720 742 et

937 770 946 787 ι
966 761 1078 796 quidam
1091 770 1125 789 ex
1138 761 1270 790 fratribus
1284 762 1331 797 qui
1348 762 1382 790 ab
1398 762 1484 797 Joppe
1497 765 1586 793 erant,
1597 759 1720 788 comitati

938 817 947 832 ι
969 812 1035 834 sunt
1059 815 1135 835 cum.
1168 807 1304 836 Postridie
1328 815 1394 835 vero
1423 807 1536 843 ingressi
1553 811 1618 834 sunt
1632 806 1721 833 Caesa-

912 886 915 889 _
937 862 946 879 ι
965 860 1051 881 ream.
1065 848 1551 889 PorroCorneliuscxspectabateos,
1563 852 1721 880 convocatis

80 909 91 926 σ
110 900 277 934 προσδοκῶν
298 902 406 936 αὐτοὺς,
425 904 665 940 συγκαλεσάμενος
692 905 755 938 τοὺς
782 915 878 941 συγγε-

966 900 1089 935 cognatis
1102 901 1160 928 suis
1175 908 1208 928 ac
1219 901 1385 928 necessariis
1399 901 1504 928 amicis.
1514 899 1569 936 96
1579 900 1613 928 Ut
1628 903 1719 926 autem

81 955 92 971 ‹
113 948 176 978 νεῖς
205 947 288 974 αὑτοῦ
310 949 356 975 καὶ
380 949 443 980 τοῦς
470 950 634 984 ἀναγκαίους
663 951 765 986 φίλους.
793 952 838 984 Ὠς
852 952 880 979 δὲ

83 1002 93 1017 ι
112 993 227 1025 ἐγένετο
256 995 387 1022 εἰσελθεῖν
401 996 446 1022 τὸν
468 996 582 1032 Πέτρον,
611 999 784 1032 συναντήσας
808 999 884 1034 αὑτῷ¹

82 1047 93 1065 ‹
112 1039 128 1065 ὁ
150 1039 302 1074 Κορνήλιος
318 1041 411 1068 πεσὼν
430 1042 545 1074 introii;
564 1043 648 1075 πόδας
666 1044 881 1080 προσεκύνησεν.

83 1093 94 1109 ‹
123 1083 156 1111 '0
168 1085 196 1111 δὲ
223 1086 326 1121 Πέτρος
346 1087 427 1114 αὐτὸν
450 1088 558 1123 ἤγειρε,
588 1089 695 1124 λέγων·
724 1089 881 1125 Ἀνάστηθι,

85 1138 96 1155 ε
122 1129 204 1164 κάγὼ
224 1131 305 1163 αὐτὸς
319 1132 462 1167 ἅνθρωπός
475 1135 544 1170 ειμι.
561 1134 615 1161 Καὶ
626 1136 778 1170 συνομιλῶν
796 1137 880 1171 αὐτῷ,

84 1186 95 1202 ε
115 1177 237 1212 εἰσῆλθε,
251 1179 298 1205 καὶ
309 1179 432 1214 εὑρίσκει
458 1179 673 1215 συνεληλυθότας
690 1181 815 1213 πολλοὺς,
826 1182 885 1218 ἔφη’

84 1232 95 1248 ι
120 1232 150 1249 τε
168 1223 235 1258 πρὸς
248 1224 346 1256 αὐτούς
358 1232 364 1239 ·
382 1225 478 1260 ’Υμεῖς
507 1226 667 1259 ἐπίστασθε,
694 1227 732 1258 ὼς
753 1228 882 1263 ἀθέμιτόν

84 1278 95 1294 ε
115 1269 193 1295 ἐστιν
221 1270 298 1304 ἀνδρὶ
318 1270 436 1306 Ἰουδαίῳ
467 1271 614 1299 κολλᾶσθαι
638 1272 654 1307 ῆ
678 1273 881 1308 προσέρχεσθαι

86 1324 97 1339 ε
118 1314 273 1351 ἀλλοφύλῳ.
300 1316 354 1343 Kal.
371 1317 432 1352 ἐμοὶ
445 1318 459 1344 δ
478 1318 543 1350 Θεὸς
556 1317 650 1350 ἔδειξε,
676 1319 778 1354 μηδένα
792 1320 881 1346 κοινὸν

85 1369 96 1386 ι
117 1361 134 1396 ἢ
152 1362 308 1400 ἀκάθαρτον
336 1362 425 1397 λέγειν
450 1363 595 1399 ἄνθρωπον
610 1373 617 1381 ·
634 1365 675 1392 διὸ
693 1365 739 1392 καὶ
754 1365 880 1402 ἀναντιρ-

87 1415 98 1431 ι
119 1407 212 1442 ρήτως
230 1405 314 1442 ἦλθον
328 1410 547 1444 μεταπεμφθείς.
564 1420 572 1436 ι

123 1452 164 1486 Γῆ
176 1453 226 1487 μὲν
236 1454 252 1486 ὴ
269 1453 416 1488 σινδὼν,τὰ
431 1455 459 1482 δὲ
470 1456 498 1483 ἐν
511 1457 580 1492 αὐτῇ
597 1456 691 1493 θηρία,
705 1458 729 1484 oi
741 1457 770 1490 ἐξ
783 1457 878 1484 ἐθνῶν.

82 1498 124 1524 Τὸ
144 1498 182 1530 δὲ,
202 1508 211 1524 ι
226 1498 314 1526 Θῦσον
330 1500 376 1527 καὶ
387 1501 468 1536 φάγε,
488 1511 497 1528 ι
513 1502 554 1529 ὅτι
576 1503 720 1534 κάκείνους
740 1503 879 1539 δείπροσ-

936 956 945 972 ι
966 947 1081 982 contigit
1096 947 1224 974 introisse
1235 947 1358 978 Petrum.
1378 947 1488 974 obviam
1513 953 1675 981 progressus
1695 944 1721 971 ei

936 993 948 1018 ι’
965 993 1110 1021 Cornelius
1125 994 1261 1026 adoravit,
1278 994 1425 1029 procitlcns
1440 993 1474 1020 ad
1498 993 1581 1028 pedes
1595 993 1670 1027 'ejus.
1687 991 1721 1018 At

937 1050 945 1065 ‹
967 1039 1065 1067 Petrus
1085 1041 1173 1068 erexit
1190 1045 1266 1072 eum,
1292 1040 1387 1068 dicens
1407 1039 1526 1075 :Snrge,
1549 1043 1577 1066 et
1589 1045 1639 1074 ego
1664 1037 1721 1072 ipse

937 1097 945 1113 ι
965 1087 1048 1114 homo
1060 1093 1132 1114 sum.
1143 1087 1175 1115 Et
1188 1088 1348 1123 colloquens
1358 1094 1420 1114 cum
1435 1086 1482 1113 illo
1498 1085 1619 1115 intravit,
1634 1084 1722 1111 ofl'cn-

937 1136 949 1158 ι
965 1132 1061 1167 ditqne
1078 1132 1191 1165 multos,
1209 1132 1258 1167 qui
1271 1135 1470 1163 convenerant,
1486 1135 1514 1157 et
1529 1129 1567 1156 ait
1586 1129 1619 1156 ad
1635 1128 1698 1155 illos
1713 1136 1718 1153 :

937 1187 946 1203 ‹
964 1178 1018 1204 Vos
1037 1177 1115 1205 scitis
1128 1185 1184 1204 non
1202 1185 1262 1205 csse
1283 1177 1323 1204 fas
1336 1177 1398 1204 viro
1408 1176 1503 1204 Judzeo
1529 1174 1657 1211 conjungi
1673 1179 1721 1200 aut

937 1233 946 1248 ι
969 1223 1103 1250 accedere
1122 1222 1154 1250 ad
1173 1222 1354 1258 alienigenam
1371 1231 1377 1250 :
1396 1223 1468 1250 Deus
1496 1226 1586 1249 tamen
1601 1220 1722 1248 ostendit

935 1274 947 1294 ι·
966 1268 1033 1296 mihi
1056 1269 1162 1296 nullu‘m
1191 1276 1366 1296 communem
1401 1273 1449 1296 aut
1474 1267 1645 1295 immundum
1666 1266 1721 1294 diei

935 1323 944 1338 ι
965 1313 1104 1340 hominem
1121 1322 1127 1339 :
1147 1317 1315 1349 quapropter
1330 1313 1413 1341 etiam
1439 1313 1632 1341 incunctanter
1657 1311 1720 1340 veni

936 1361 949 1384 ι’
966 1359 1124 1387 accersitus.
1147 1366 1158 1384 ι
1346 1379 1354 1395 ι

966 1452 1050 1479 Terra
1066 1451 1178 1487 quidem
1197 1448 1298 1479 sindon'
1315 1455 1369 1484 est,
1383 1451 1558 1484 bestiaevero
1574 1459 1636 1487 quae
1650 1450 1679 1478 in
1687 1458 1721 1479 ea

931 1503 1020 1530 erant.
1035 1503 1132 1534 gentes
1156 1503 1230 1526 sunt.
1246 1498 1354 1526 Dicitur
1378 1503 1482 1531 autem,
1498 1508 1506 1524 ι
1521 1498 1608 1526 Macta
1622 1502 1650 1525 et
1672 1505 1720 1525 ve-

83 1544 169 1572 ιέναι.
196 1545 234 1572 Τὺ
247 1546 275 1572 δὲ
289 1547 380 1582 τρίτον
404 1547 484 1575 τοῦτο
508 1548 645 1582 γενέσθαι,
671 1549 702 1576 τὸ
726 1549 878 1585 βάπτισμα.

966 1552 1021 1577 ere,
1040 1554 1049 1570 ι
1069 1545 1141 1579 quod
1159 1545 1242 1572 etiam
1257 1545 1318 1572 illos
1330 1549 1457 1580 oporteat
1472 1544 1614 1572 accedere.
1626 1544 1725 1572 Tertio

90 1591 138 1623 Ὦς
153 1591 181 1618 δὲ
193 1591 320 1628 διηπόρει
331 1594 344 1620 ὸ
359 1594 472 1629 Πέτρος,
487 1595 624 1630 εὐκαίρως
638 1593 721 1631 ἦλθον
736 1597 760 1623 et
773 1596 879 1631 ἄνδρες,

80 1637 135 1672 τὴν
153 1638 271 1673 ἀπορίαν
296 1638 414 1672 λύοντες.
434 1640 560 1673 Εὑκόλως
576 1641 631 1677 γὰρ
651 1641 751 1677 ἡψυχὴ
775 1642 882 1677 δέχεται

81 1683 135 1718 ’τὴν
155 1683 242 1711 λύσιν.
262 1685 399 1722 Πρότερον
415 1686 444 1713 δὲ
460 1687 489 1713 ὲν
507 1687 610 1723 ἀπορίᾳ
641 1689 760 1722 ἐγένετο,
787 1687 880 1724 ὥσπερ

89 1728 136 1754 καὶ
153 1729 166 1755 ὁ
179 1729 280 1765 Ἰωσὴφ
306 1731 438 1767 πρότερον
466 1733 644 1768 συνεχωρήθη
659 1733 818 1769 Θορυϐῆναι,
833 1734 882 1762 καὶ

85 1774 147 1800 τότε
165 1772 247 1809 ἦλθεν
266 1778 281 1803 ὁ
304 1777 429 1811 ἄγγελος.
445 1787 454 1803 ι
475 1778 532 1804 Kal.
565 1779 738 1814 φωνήπαντες
760 1780 880 1807 ἐπυνθά-

83 1830 172 1849 νοντο.
187 1831 196 1847 ι
214 1822 278 1849 “Ars
295 1823 335 1854 είς
348 1823 442 1858 εὐτελῆ
454 1824 542 1851 οίκίαν
549 1824 672 1852 κάτωθεν
688 1825 880 1860 ἐπυνθάνοντο,

84 1866 134 1893 καὶ
155 1867 186 1893 οὐ
201 1868 326 1901 γείτονας
343 1869 468 1904 ἠρώτων.
490 1870 579 1906 Πολλὴ
603 1871 631 1898 δὲ
658 1871 704 1898 τοῦ
722 1871 880 1907 Πνεύματος

84 1913 103 1946 ἡ
119 1912 230 1945 ἐξουσία
244 1914 377 1947 εἰπόντος,
395 1916 435 1943 ὅτι
457 1926 465 1941 ι
478 1916 549 1950 Ἐγὼ
562 1917 723 1945 ἀπέσταλκα
738 1918 849 1951 αὐτούς.
867 1929 875 1945 ι

85 1958 218 1990 Καταὸὰς
234 1959 262 1986 δὲ
275 1960 378 1996 Πέτρος
408 1961 458 1998 τὴν
483 1963 571 1991 αἰτίαν
607 1964 770 1992 πυνθάνεται
784 1965 828 1992 διὰ
843 1965 881 1998 τί,

86 2005 132 2030 ἵνα
149 2005 246 2040 ἂνμὲν
262 2007 364 2040 εὐθέως
381 2010 545 2046 κατεπείγῃ,
562 2011 719 2047 συνεξέλθῃ,
734 2010 767 2038 ἄν
785 2011 814 2038 δὲ
831 2012 880 2048 μὴ,

87 2051 132 2077 ἵνα
149 2051 241 2088 ξενίσῃ
259 2053 358 2085 αὐτοὺς
372 2055 411 2086 είς
424 2055 471 2082 τὸν
486 2054 571 2083 οἶκον.
592 2057 628 2084 Τδ
656 2057 683 2084 δὲ
705 2058 881 2085 συναπελϐεῑν

84 2097 126 2130 τῷ
146 2097 242 2132 Πέτρῳ
258 2099 335 2130 τινὰς
358 2100 474 2127 τῶνάπὸ
501 2101 614 2137 Ἰόππης
643 2102 775 2137 ἀδελφῶν,
809 2105 881 2130 obto-

86 2143 221 2176 νομικῶς.
238 2143 320 2169 ’Ὥστε
344 2143 414 2172 εἶναι
442 2145 570 2182 μάρτυρα
598 2147 668 2182 μετὰ
692 2148 789 2182 ταῦτα,
816 2150 880 2176 ὅταν

86 2188 310 2223 ἀπολογήσασθαι
323 2190 369 2226 δὲῃ
383 2191 486 2227 Πέτρον
510 2194 578 2228 πρὸς
594 2194 657 2226 τοὺς
684 2195 818 2229 μαθητὰς,
839 2196 880 2222 ὅτι

934 1598 1000 1618 vero
1013 1590 1039 1618 id
1053 1591 1124 1623 fieri,
1138 1591 1273 1625 baptisma
1286 1591 1408 1618 denotat.
1421 1590 1489 1618 Cum
1502 1599 1568 1618 vero
1582 1590 1721 1618 haesitaret

933 1637 1042 1669 Petrus,
1061 1641 1217 1672 opportune
1228 1640 1365 1664 venerunt
1391 1636 1455 1669 viri,
1474 1636 1520 1672 qui
1537 1636 1719 1664 limsitantiam

933 1683 1083 1711 solverent.
1098 1683 1197 1710 Anima
1210 1683 1283 1711 enim
1304 1683 1469 1711 solutionem
1492 1683 1570 1710 facile
1592 1683 1719 1718 suscipit.

932 1728 1055 1758 Primum
1069 1734 1158 1760 tamen
1174 1730 1201 1757 in
1213 1729 1393 1764 ambiguitate
1403 1729 1454 1757 fuit
1469 1739 1476 1756 :
1489 1729 1720 1764 quemadmodum

932 1781 960 1804 et
973 1777 1074 1812 .loscph
1090 1777 1241 1811 permissus
1262 1780 1305 1804 est
1332 1776 1452 1812 primum
1469 1775 1585 1809 turbari.
1601 1780 1630 1804 et
1654 1780 1721 1803 tunc

932 1825 1008 1852 venit
1023 1824 1137 1860 angelus
1151 1825 1185 1851 ’°.
1215 1833 1224 1849 ι
1244 1824 1278 1851 Et
1293 1828 1407 1851 evocato
1423 1823 1553 1858 quopiam
1568 1822 1721 1857 interroga-

932 1863 1009 1902 bant,
1027 1880 1037 1896 ι
1054 1878 1109 1897 non
1122 1878 1136 1897 a
1153 1869 1252 1897 vicinis
1264 1869 1451 1904 inquirebant.
1465 1869 1559 1904 Magna
1575 1874 1617 1897 est
1629 1874 1721 1897 autem

933 1914 1052 1950 Spiritus
1063 1915 1210 1947 auloritas,
1221 1914 1268 1949 qui
1284 1915 1323 1941 ait
1341 1923 1349 1941 :
1369 1924 1378 1938 ι
1392 1915 1450 1949 Ego
1463 1914 1523 1941 misi
1539 1915 1611 1942 illos.
1632 1925 1640 1940 ι
1666 1911 1719 1942 Dc-

932 1960 1069 1989 s'cendens
1079 1965 1171 1988 autem
1187 1960 1374 1996 interrogabat
1390 1967 1500 1987 causam
1514 1965 1624 1995 propter
1638 1969 1720 1996 quam

931 2005 1069 2040 venerint,
1082 2007 1143 2034 utsi
1158 2007 1270 2042 quidem
1288 2003 1433 2034 confestim
1450 2007 1567 2034 necesse
1585 2007 1631 2039 sit,
1656 2014 1723 2034 con-

932 2052 1075 2088 grediatur
1087 2062 1094 2080 :
1108 2053 1150 2080 sin
1165 2059 1270 2086 autent,
1286 2055 1315 2080 ut
1338 2053 1400 2080 illos
1411 2052 1439 2080 in
1450 2052 1562 2079 domum
1588 2052 1721 2088 suscipiat

932 2099 1061 2134 hospitio.
1073 2099 1151 2132 Quod
1167 2100 1251 2126 etiam
1265 2099 1391 2127 nonnulli
1407 2099 1535 2132 fratrum,
1547 2098 1594 2133 qui
1608 2106 1623 2125 a
1634 2099 1721 2134 Joppe

932 2151 1011 2174 erant
1031 2146 1111 2173 simul
1126 2145 1247 2173 abierint
1263 2153 1326 2173 cum
1339 2145 1431 2177 Petro,
1446 2144 1653 2180 dispensatorie
1663 2144 1721 2172 fac—-

933 2190 990 2220 tum
1008 2196 1061 2225 est,
1074 2200 1107 2219 ne
1123 2192 1296 2226 postmodum
1307 2191 1464 2219 testimonia
1479 2191 1560 2218 Petro
1577 2191 1720 2224 deessent,

87 2233 136 2260 καὶ
162 2233 284 2271 διεκρίθη
301 2235 352 2262 ὑπὸ
374 2237 420 2264 τοῦ
444 2237 602 2274 Πνεὺματος
625 2240 663 2275 μὴ
683 2241 878 2277 διακρίνεσθαι.

966 2238 1042 2265 tando
1055 2237 1144 2272 ipsum
1158 2237 1289 2264 fratribus
1305 2237 1473 2272 respondere
1483 2241 1633 2271 oporteret,
1646 2237 1726 2272 quod

88 2279 125 2305 Τὸ
141 2279 276 2314 Θηριῶδές
300 2291 329 2308 τε
348 2283 393 2309 καὶ
423 2283 519 2319 ἄλογον
547 2283 618 2318 εἶδος
648 2285 704 2313 τῶν
729 2287 881 2323 ἀνθρώπων

88 2324 171 2351 ῡῦσαι
184 2325 198 2351 ὁ
213 2326 318 2361 Πέτρος
332 2327 532 2363 διακελεύεται,
557 2331 602 2357 ἴνα
617 2331 811 2367 καθαρθέντων
833 2333 882 2360 αὐ-

87 2370 143 2397 τῶν
155 2371 186 2397 τὺ
200 2369 361 2407 λειπόμενον
378 2374 507 2410 ἐδώδιμον
537 2376 659 2412 γένηται.
682 2377 796 2413 Γυμνῶς
808 2379 821 2405 ὁ
833 2380 882 2414 τῆς

89 2415 232 2448 εὐσεϐείας
245 2418 421 2453 παραδίδοται
433 2420 522 2455 λόγος,
540 2423 590 2458 οὐχ
606 2423 678 2457 ams
694 2425 825 2461 εἰπούσης
833 2426 882 2461 τῆς

89 2461 163 2492 Θείας
179 2463 280 2498 φωνῆς,
296 2465 336 2492 ὃτι
353 2466 402 2493 οὐκ
418 2466 478 2493 ἐστι
493 2469 582 2495 κοινὸν
600 2470 669 2506 ὅπερ
693 2472 706 2498 ὁ
725 2471 791 2503 Θεὸς
815 2474 880 2499 ὲκαυ

89 2507 212 2541 θάρισεν,
229 2507 296 2536 ἀλλὰ
310 2511 372 2545 τρίς
388 2519 395 2526 ·
419 2511 462 2538 ἵνα
480 2513 611 2548 μάθωμεν
622 2516 655 2550 τῇ
666 2517 714 2551 μιᾷ
727 2518 802 2552 φωνῇ
813 2518 879 2544 Θεὸν

90 2552 274 2588 καθαρίζοντα
289 2556 334 2582 τὸν
348 2557 469 2593 Πατέρα,
483 2559 571 2595 καὶτῇ
587 2561 668 2597 ἑτέρᾳ
683 2561 750 2588 Θεὸν
761 2563 878 2597 καθαρί-

90 2598 171 2630 ζοντα
184 2600 229 2627 τὸν
237 2602 389 2638 Μονογενῆ,
400 2605 446 2631 καὶ
463 2607 495 2641 τῇ
508 2606 575 2643 ἄλλῃ
586 2607 616 2633 τὺ
631 2607 743 2642 Πνεῦμα
754 2608 783 2634 τὸ
790 2607 877 2642 ἅγιον.

91 2645 170 2676 Ἴσως
183 2647 231 2673 ἐπὶ
247 2647 349 2681 γόνατα
362 2650 487 2685 κείμενος
501 2649 554 2678 εἶδε
574 2653 623 2687 τὴν
642 2653 787 2681 ὀπτασίαν.
813 2654 851 2680 Δι’
865 2654 879 2680 ὃ

90 2691 136 2716 καὶ
147 2691 163 2725 ἡ
181 2692 257 2728 φωνὴ
269 2693 336 2728 πρὸς
351 2695 441 2729 αὑτὸν,
456 2705 464 2721 ι
477 2696 618 2729 Ἀναστὰς,
633 2698 731 2733 Πέτρε,
742 2699 818 2733 φησὶ,
829 2698 878 2725 θῦ-

90 2745 135 2763 σον
153 2738 201 2764 καὶ
222 2739 304 2773 φάγε.
321 2749 330 2766 ι
350 2741 493 2769 Δείκνυται
514 2742 542 2768 δὲ
559 2743 600 2770 ὅτι
630 2743 700 2770 θεῖον
716 2741 750 2779 ἦν
761 2744 790 2770 τὸ
805 2744 879 2777 γινό-

91 2791 182 2818 μενον,
195 2785 225 2810 τό
235 2794 265 2812 τε
281 2786 384 2814 ἄνωθεν
399 2789 474 2822 ἰδεῖν,
490 2790 536 2816 καὶ
553 2790 582 2817 ὲν
601 2790 728 2819 ἐκστάσει
751 2791 879 2826 γενέσθαι

125 2873 150 2890 ’⁸
165 2873 239 2902 Matt.
254 2883 273 2907 t,
285 2875 330 2902 νο.

932 2285 1015 2312 etiam
1037 2283 1194 2319 prohibitus
1208 2287 1291 2315 esset,
1307 2291 1340 2310 ne
1363 2282 1512 2318 quidquam
1539 2283 1719 2318 adiudicaret.

933 2331 1062 2359 Ferinum
1089 2338 1121 2358 ae
1146 2329 1307 2357 irrationale
1334 2329 1477 2356 hominum
1506 2337 1592 2365 genus
1621 2329 1721 2358 Petrus

932 2382 1053 2404 mactare
1070 2376 1193 2412 jubctur,
1222 2380 1252 2403 ut
1279 2376 1346 2411 ipsis
1368 2374 1521 2410 puriﬁcatis
1541 2374 1643 2403 edibile
1673 2375 1720 2403 fiat

933 2423 1006 2459 quod
1034 2423 1210 2458 relinquitur.
1232 2422 1311 2450 Nude
1332 2421 1451 2450 traditur
1479 2422 1591 2457 pietatis
1615 2429 1717 2455 sermo,

933 2477 995 2497 cum
1011 2477 1065 2496 non
1085 2469 1170 2496 semel
1185 2468 1279 2496 divina
1293 2476 1360 2495 voce
1373 2467 1476 2495 dicitur
1491 2475 1544 2495 non
1557 2475 1617 2495 esse
1642 2475 1719 2495 com-

933 2523 1017 2543 mune
1031 2515 1104 2550 quod
1118 2515 1192 2542 Deus
1203 2514 1370 2550 puriticavit,
1388 2514 1435 2541 sed
1455 2514 1535 2541 tertio
1552 2522 1558 2540 :
1574 2519 1603 2541 ut
1631 2513 1721 2549 prima

931 2568 999 2588 voce
1015 2561 1154 2587 discamus
1166 2560 1275 2587 Patrem
1289 2567 1350 2587 esse
1362 2559 1449 2586 Deum
1464 2559 1512 2594 qui
1526 2558 1662 2593 purifieat,
1678 2559 1719 2585 al-

934 2612 989 2633 tera
1005 2606 1180 2641 Unigcnitum
1195 2613 1306 2641 quoque
1319 2613 1380 2633 esse
1393 2606 1478 2633 Deum
1504 2605 1554 2640 qui
1578 2604 1718 2639 purificat,

934 2652 1014 2679 tertia
1031 2657 1163 2687 praetcrea
1187 2656 1313 2679 sanctum
1328 2652 1405 2679 illum
1422 2651 1567 2686 Spiritum.
1583 2650 1721 2677 Fortassis

933 2698 1053 2734 genibus
1076 2698 1212 2725 inlicerens
1237 2698 1344 2726 viderat
1367 2698 1501 2725 visionem
1534 2706 1541 2723 :
1575 2699 1721 2730 propterea

932 2744 1015 2771 etiam
1030 2752 1081 2772 vox
1098 2744 1130 2770 ad
1146 2744 1223 2771 illum
1241 2744 1280 2771 ait
1295 2752 1301 2770 :
1321 2754 1330 2770 ι
1350 2744 1449 2778 Surge,
1469 2743 1561 2774 Petre,
1585 2746 1674 2770 macta
1691 2746 1722 2769 et

933 2798 1056 2818 vescere.
1077 2801 1085 2816 ›
1104 2790 1231 2818 Ostendit
1250 2795 1343 2818 autem
1364 2789 1487 2816 divinum
1506 2796 1568 2817 esse
1580 2788 1653 2824 quod
1672 2796 1721 2816 su-
