1864 3052
150 140 199 172 183

675 140 872 170 (ECUMENII
891 142 1034 172 TlilCCdS
1049 142 1219 173 EPISCOPI

1729 139 1778 171 184

148 204 233 232 perne
244 196 345 224 viderit
358 196 424 224 etin
435 196 534 224 mentis
545 204 657 224 excessu
671 196 786 230 positus,
797 197 851 231 97
870 201 926 224 tum

1001 201 1025 226 αὶ
1041 200 1071 226 τὺ
1088 199 1180 234 φωνὴν
1194 197 1299 225 ἐκεῖθεν
1307 197 1460 232 ἐνεχθῆναι,
1474 196 1561 223 καὶτὸ
1584 196 1653 231 τρὶς
1677 194 1776 229 ὁμολο·

147 242 221 277 quod
237 250 288 270 vox
301 242 366 270 inde
382 242 565 276 descenderit,
582 248 608 270 et
623 242 695 278 quod
719 244 799 271 tertio
811 244 856 271 illa
869 252 929 272 esse

148 287 257 323 impura
272 292 387 316 testatus
396 289 440 316 sit.
453 289 586 316 Praeterea
596 289 669 323 quod
683 296 698 316 e
710 289 780 316 coelo
789 289 927 323 venerint,

146 341 235 369 eoque
251 337 369 361 retracta
383 334 447 366 sint,
466 341 593 369 magnum
615 338 657 361 est
672 334 871 368 purificationis
885 343 929 361 ar-

147 383 317 413 gumentum.
336 379 393 406 Hoc
403 383 494 406 autem
508 385 619 414 propter
633 380 694 407 illos
706 385 797 407 actum
810 386 853 408 est
869 381 929 414 qui-

148 424 200 452 bus
217 423 391 459 postmodum
405 432 464 452 rem
474 429 637 452 narraturus
652 430 702 452 est.
716 426 775 460 Ipse
788 426 926 460 siquidem

146 469 280 502 audierat,
296 479 306 496 1
323 470 353 497 lu
366 470 437 497 viam
451 471 571 506 gentium
587 479 621 498 ne
633 472 757 499 abieritis
768 473 800 498 θ’.
823 482 831 498 ι
849 472 927 505 Quod

147 516 212 543 item
231 523 284 543 vox
297 517 378 543 tertio
392 516 464 543 facta
483 521 535 549 est,
552 518 672 544 ostendit
683 517 734 552 ipsi
749 517 866 545 visionis
877 526 926 545 ve-

147 562 266 588 ritatem.
279 561 452 589 Manifestum
463 567 506 590 est
522 567 614 591 autem
632 564 705 598 quod
721 572 777 591 non
795 564 829 591 de
840 564 928 591 omni-

148 606 199 633 bus
221 606 290 634 cibis
319 607 530 641 pronuntiatum
542 616 602 636 esse
624 617 779 637 sermonem
799 610 926 644 voluerit,

146 659 200 686 quo
221 651 280 678 ait:
300 661 309 677 1
329 652 473 686 Nunquam
498 653 542 680 edi
558 653 708 688 quidquam
725 662 868 682 commune
881 660 929 682 aut

147 697 330 730 immundum,
346 707 355 724 ›
373 702 403 725 ut
424 702 452 725 et
464 698 549 726 boves
559 703 587 726 et
601 706 690 734 capra:
700 707 821 735 avesque
833 708 866 728 ac
878 708 928 728 vo-

147 743 236 771 lucres
252 744 410 771 communia
424 744 496 779 apud
507 752 570 771 eum
586 745 756 779 dicerentur,
783 755 844 775 cum
856 755 871 774 a
882 747 928 774 Ju~

147 788 212 827 daeis
224 793 302 816 ortus
317 794 390 817 esset
410 789 518 817 Petrus.
533 789 601 817 Nam
616 791 702 819 Judaei
722 799 817 820 carnes
831 792 927 825 edunt,

147 842 200 861 nec
219 834 292 868 apud
307 842 356 862 eos
372 834 549 864 interdicitur
563 836 689 864 carnium
705 844 779 864 esus.
797 836 865 864 Cum
876 837 928 864 ita-

148 887 201 915 que
217 880 275 915 ipse
290 880 324 908 ab
337 880 416 908 initio
428 881 540 914 edisset,
556 882 705 910 autsaltem
717 882 804 910 donec
822 882 855 910 ad
866 881 927 910 Sal-
945 875 967 903 Β

149 929 271 952 vatorem
298 926 472 959 accessisset,
493 926 669 954 manifestum
691 933 733 954 est
756 931 831 954 certe
857 926 931 961 quod

148 978 204 998 non
230 971 422 999 universaliter
437 972 668 1007 pronuntiaverit,
685 972 781 1000 dicens
797 981 804 1000 :
827 981 836 998 1
851 972 932 1000 Com-

149 1025 232 1045 mune
248 1022 276 1045 et
289 1017 472 1051 immundum,
493 1028 502 1044 ›
518 1018 565 1046 sed
579 1018 613 1046 de
624 1017 668 1046 his
677 1026 736 1053 qua:
751 1018 794 1046 lex
809 1026 932 1047 commu-

149 1062 193 1089 nia
210 1062 320 1091 dicebat
333 1067 361 1090 et
376 1063 528 1091 immunda.
543 1064 577 1091 Et
592 1068 683 1092 tamen
697 1072 759 1092 cum
782 1064 816 1092 de
832 1065 876 1092 bis
889 1065 932 1093 fa-

149 1111 225 1134 ceret
247 1108 346 1136 Petrus
386 1117 554 1143 sermonem,
567 1116 635 1146 qua
655 1110 683 1137 in
700 1110 760 1146 lege
775 1111 933 1139 communia

148 1156 227 1180 erant
240 1157 268 1180 et
282 1153 433 1187 immunda,
451 1154 523 1181 Deus
536 1155 583 1189 qui
599 1160 701 1182 sanctae
716 1155 818 1183 Christi
835 1156 933 1184 Eccle-

148 1199 194 1226 siae
209 1199 316 1234 signum
334 1199 493 1232 tradiderat,
511 1200 579 1227 nihil
602 1201 654 1236 ipsi
668 1208 814 1229 commune
837 1202 932 1229 existi-

148 1246 278 1273 mandum
292 1246 421 1278 ducebat,
433 1247 526 1274 omnia
539 1255 657 1283 namque
669 1248 721 1283 ipsi
739 1248 842 1276 munda
867 1253 933 1276 sunt

153 1301 162 1317 1
180 1300 241 1327 quae
263 1300 326 1320 cum
350 1293 498 1328 gratiarum
518 1293 625 1322 actione
638 1299 786 1321 sumuntur
795 1295 831 1322 θ’.
849 1304 858 1320 ι
878 1294 932 1322 Sed

149 1345 304 1373 quanquam
315 1338 348 1366 de
360 1339 481 1374 gentium
491 1339 635 1367 vocatione
642 1339 829 1368 subobscurus
841 1348 933 1368 sermo

150 1383 287 1417 fuerit,ne
301 1392 349 1412 eos
363 1385 408 1420 qui
424 1385 452 1412 in
463 1385 598 1420 praeputio
609 1389 689 1413 erant
700 1393 861 1414 communes
886 1391 934 1414 aut

151 1430 274 1465 impuros
285 1439 345 1458 esse
360 1431 493 1465 dicerent,
511 1432 584 1460 Petri
596 1435 687 1458 tamen
702 1439 792 1460 sermo
808 1432 933 1461 homines

152 1484 207 1503 non
216 1476 384 1512 designabat,
397 1477 446 1505 sed
457 1485 489 1504 ea
500 1485 561 1512 quae
571 1477 600 1504 in
612 1477 674 1513 lege
688 1477 834 1506 interdicta
843 1482 932 1512 erant,

153 1527 235 1558 prout
250 1523 469 1551 demonstratum
487 1526 539 1550 est.

190 1579 199 1596 1
219 1569 358 1605 interrogo
379 1577 444 1604 ergo
473 1576 555 1605 quam
581 1568 617 1597 ob
640 1576 751 1597 causam
778 1570 937 1599 accersistis

153 1623 205 1642 me.
231 1625 241 1641 ι

187 1659 245 1688 Jam
260 1660 358 1688 Petrus
370 1667 427 1688 rem
444 1667 550 1687 omnem
569 1661 650 1688 etiam
664 1669 679 1688 a
696 1661 830 1690 militibus
843 1663 937 1690 audie-

154 1712 206 1741 rat,
221 1707 268 1735 sed
279 1708 336 1736 vult
352 1708 470 1742 primum
481 1715 528 1735 eos
544 1707 681 1740 conﬁteri,
693 1716 725 1736 ac
739 1707 800 1736 fidei
812 1709 938 1737 subditos

153 1754 232 1781 illici.

189 1800 222 1834 X,
240 1801 285 1828 50.
301 1810 310 1826 1
332 1800 365 1827 Et
380 1799 525 1827 Cornelius
541 1799 609 1826 dixit
624 1809 630 1826 :
649 1799 671 1826 Α
692 1803 790 1834 quarto
804 1807 891 1835 usque
904 1800 937 1828 ad

156 1857 166 1872 1
182 1846 252 1873 hanc
267 1846 362 1873 horam
381 1845 425 1873 die
438 1844 605 1880 jejunabam,
620 1849 647 1873 et
661 1845 728 1873 hora
738 1852 811 1874 neua
826 1845 938 1873 orabam

157 1900 166 1917 1
184 1891 212 1918 in
230 1890 312 1918 domo
327 1897 396 1917 mea.
419 1899 428 1916 ι

190 1936 304 1965 Videtur
321 1936 366 1964 hic
377 1936 430 1964 sibi
448 1936 500 1972 ipsi
519 1936 686 1972 asperiorem
703 1935 809 1964 vivendi
829 1936 938 1964 modum

155 1983 316 2019 prielixisse,
341 1983 423 2018 idque
446 1983 529 2011 certis
556 1983 721 2018 quibusdam
747 1982 852 2010 diebus.
873 1982 939 2010 Ideo

155 2030 227 2057 enim
238 2029 306 2056 dixit
321 2037 328 2056 :
344 2038 353 2055 1
367 2029 389 2056 Δ
405 2033 504 2064 quarto
519 2029 574 2057 die.
592 2039 601 2055 ι
620 2029 734 2062 Quando
750 2036 814 2064 ergo
828 2033 940 2064 apparet

157 2075 209 2109 ipsi
220 2074 344 2110 angelus,
361 2075 406 2102 hic
423 2075 480 2102 dies
497 2082 566 2102 unus
582 2078 635 2107 est,
655 2075 724 2102 alter
738 2079 827 2101 autent
846 2074 869 2102 is
886 2081 940 2109 quo

158 2121 294 2154 abierunt,
303 2121 349 2154 qui
362 2129 376 2148 a
388 2121 515 2148 Cornelio
530 2121 606 2148 missi
617 2125 705 2152 erant,
718 2121 816 2148 tertius
827 2128 881 2155 quo
892 2128 941 2148 ve-

159 2174 267 2201 nerunt,
282 2173 308 2196 ct
318 2172 417 2203 quarto
433 2168 588 2202 comparuit
598 2167 706 2194 circiter
721 2166 815 2194 horam
831 2166 939 2194 tertiam

980 246 1062 280 γῆσαι
1076 247 1118 272 ὅτι
1131 245 1274 280 ἀκάθαρτα.
1282 242 1316 279 ἦν
1331 244 1432 270 ἐκεῖνα.
1445 242 1537 269 Καὶτδ
1553 241 1670 268 ἐκεῖθεν
1684 240 1777 274 ἣκειν,

979 292 1027 318 καὶ
1037 290 1067 317 τὸ
1079 291 1138 317 ἐκεῖ
1148 289 1366 323 ἀνασπασθῆναι,
1379 288 1450 323 μέγα
1458 287 1556 321 δεῖγμα
1565 285 1776 320 καθαρότητος.

979 337 1064 364 Τοῦτο
1076 337 1104 363 δὲ
1118 336 1220 370 γίνεται
1231 335 1274 362 διὰ
1284 335 1347 366 τοὺς
1365 335 1433 369 μετὰ
1448 333 1536 360 ταῦτα
1550 330 1590 364 οἷς
1605 332 1713 367 μέλλει
1732 331 1776 362 €5-

978 383 1116 418 ηγεῖσθαι.
1130 382 1208 409 Ἐπεὶ
1231 381 1310 412 αὐτὸς
1323 380 1488 416 ἣκουσειτόε
1509 387 1518 404 1
1535 379 1581 410 Είς
1589 378 1657 405 ὁδὸν
1691 376 1778 403 ὲθνῶν

981 430 1018 464 μὴ
1030 428 1175 463 ἀπέλθητε.
1191 438 1200 454 ι
1221 428 1257 454 Τὸ
1269 427 1297 453 δὲ
1315 427 1362 453 ἐπὶ
1373 425 1433 460 τρὶς
1448 426 1497 460 τὴν
1513 425 1604 459 φωνὴν
1625 423 1776 457 γενέσθαι,

979 475 1115 502 δείκνυσιν
1127 474 1201 508 αὐτῷ
1215 474 1245 500 τὸ
1256 472 1354 506 ἀληθὲς
1378 473 1428 507 τῆς
1453 470 1596 501 ὀπτασίας.
1627 469 1725 502 Δῆλον
1749 469 1775 495 δέ

978 522 1052 547 ἐστιν
1062 521 1103 547 ὅτι
1122 520 1158 555 μὴ
1169 519 1239 546 κατὰ
1250 518 1358 544 πάντων
1372 517 1426 544 τῶν
1446 516 1597 551 βρωμάτων
1609 514 1776 548 διιεξεληλυ⁸

980 567 1054 594 Θέναι
1071 566 1117 593 τὸν
1135 566 1214 599 λόγον
1241 564 1374 595 ἐϐούλετο,
1398 563 1438 598 τῷ
1469 562 1570 596 λέγειν,
1595 562 1639 588 ὅτι
1677 569 1688 586 1
1709 559 1776 586 Οὐδὲ

979 621 1044 640 ποτε
1063 612 1164 646 ἔφαγον
1192 611 1280 638 κοινὸν
1302 610 1349 637 καὶ
1363 609 1527 643 ἀκάθαρτον,
1543 618 1552 633 ι
1572 607 1609 638 ὡς
1624 607 1680 633 καὶ
1697 605 1773 640 βόας.

978 658 1025 685 καὶ
1040 655 1121 691 αἶγας
1149 657 1195 683 καὶ
1217 656 1342 691 πρόϐατα
1363 655 1411 681 καὶ
1433 654 1522 688 ὄρνεις
1543 651 1621 679 κοινὰ
1642 650 1775 684 λέγεσθαι

979 704 1043 739 παρ’
1060 703 1144 737 αὐτῷ,
1158 702 1198 738 τῷ
1212 702 1242 734 ἐξ
1259 701 1392 728 Ἰουδαίων
1416 699 1553 735 ὁρμᾶσθαι
1575 698 1697 732 Πέτρον.
1712 695 1775 723 Ἰον-

978 751 1048 777 δαῖοι
1062 749 1117 784 γάρ
1126 749 1231 783 σάρκας
1244 747 1375 779 ἐσθίουσι,
1396 746 1443 772 καὶ
1459 743 1622 781 κρεωφαγία
1641 742 1714 777 παρ’
1730 741 1775 767 αὐ-

978 797 1036 828 τοῖς
1051 796 1102 822 οὐκ
1115 794 1313 829 ἀπηγόρευται.
1331 793 1403 827 Ἀρά
1420 788 1467 817 οὖν
1491 788 1575 816 αὐτοῦ
1595 787 1774 824 βεϐρωκότος

980 842 1028 870 ἀπ’
1043 842 1142 877 ἀρχῆς,
1157 841 1174 877 ἢ
1187 840 1233 868 καὶ
1252 840 1305 871 ἕως
1326 838 1373 866 τοῦ
1403 837 1567 871 συναντῆσαι
1589 834 1629 869 τῷ
1651 833 1773 867 Σωτῆρι,

984 888 1042 919 πῶς
1052 887 1102 914 οὐκ
1117 886 1174 913 ἐστι
1193 885 1271 920 δῆλον
1286 885 1326 911 ὅτι
1341 883 1370 910 οὐ
1386 882 1456 910 κατὰ
1468 882 1576 908 πάντων
1593 878 1770 914 ἀπεφήνατο,

987 943 997 960 1
1015 933 1051 960 Τδ
1063 933 1151 960 κοινὸν
1160 931 1206 959 καὶ
1218 930 1382 965 ἀκάθαρτον,
1402 938 1411 954 ι
1433 927 1500 955 ἀλλὰ
1515 927 1578 962 περὶ
1592 923 1630 952 ὧν
1645 925 1743 957 ἔλεγεν
1760 923 1772 948 ὁ

984 979 1065 1014 νόμος
1080 977 1178 1005 κοινῶν
1192 976 1240 1003 καὶ
1260 975 1444 1010 ἀκαθάρτων;
1459 974 1553 1008 Ὅμως
1576 971 1644 1006 περὶ
1667 968 1771 996 τούτων

985 1024 1145 1060 ποιουμένου
1159 1023 1204 1050 τὸν
1217 1022 1296 1057 λόγον
1311 1021 1357 1048 τοῦ
1376 1020 1491 1054 Πέτρου,
1516 1018 1569 1044 τῶν
1581 1018 1609 1043 έν
1623 1016 1704 1050 νόμῳ
1727 1014 1771 1048 δη-

986 1070 1075 1097 λονότι
1090 1069 1189 1095 κοινῶν
1208 1077 1238 1094 τε
1260 1067 1307 1094 καὶ
1325 1065 1500 1100 ἀκαθάρτων,
1519 1064 1532 1090 ὁ
1544 1062 1610 1093 Θεὸς
1622 1062 1676 1095 τῆς
1691 1059 1770 1093 ἁγίας

984 1114 1103 1151 Χριστοῦ
1114 1114 1277 1149 Ἐκκλησίας
1287 1113 1332 1139 τὸν
1342 1111 1505 1147 χαρακτῆρα
1527 1107 1697 1144 παραδιδοὺς
1714 1105 1770 1131 ἔλε-

984 1170 1033 1198 γεν
1044 1161 1117 1195 αὐτῷ
1127 1160 1210 1196 μηδὲν
1224 1159 1314 1187 κοινὺν
1326 1157 1450 1194 ἡγεϊσθαι
1467 1164 1474 1171 ·
1499 1155 1588 1182 πάντα
1609 1154 1666 1201 γάρ
1698 1151 1769 1201 αὐτῶ

985 1209 1043 1235 ἐστι
1063 1206 1171 1241 καθαρὰ
1191 1215 1200 1232 ι
1216 1205 1273 1240 μετ’
1290 1203 1463 1239 εὐχαριστίας
1484 1201 1530 1228 καὶ
1558 1199 1687 1234 εὐλογίας
1705 1197 1769 1224 Θεοῦ

984 1253 1190 1289 λαμϐανόμενα.
1206 1262 1216 1278 ›
1239 1251 1307 1278 Ἀλλ’
1325 1251 1349 1277 εί
1367 1250 1415 1277 καὶ
1426 1249 1550 1284 περὶτῆς
1566 1247 1694 1281 κλήσεως
1718 1244 1768 1271 τῶν

985 1300 1070 1327 ἐθνῶν
1082 1299 1112 1326 τὸ
1123 1298 1249 1333 αἴνιγμα,
1263 1298 1308 1324 ’ίνα
1325 1298 1362 1332 μὴ
1386 1296 1524 1331 ἡγήσηται
1545 1293 1608 1324 τοὺς
1629 1293 1660 1319 ὲν
1687 1292 1768 1325 ἀκρο-

986 1346 1094 1381 ϐυστίᾳ,
1120 1345 1226 1376 κοινοὺς
1249 1343 1265 1379 ἢ
1288 1342 1473 1377 ἀκαθάρτους,
1497 1341 1569 1375 ὅμως
1589 1339 1603 1365 ὁ
1617 1338 1700 1371 λόγος
1724 1333 1767 1362 τοῦ

985 1393 1091 1428 Πέτρου
1105 1391 1135 1418 οὐ
1144 1391 1208 1426 περ)⁹
1222 1389 1373 1426 ἀνθρώπων
1400 1386 1456 1422 εἶχε
1471 1387 1521 1422 τὴν
1545 1386 1676 1420 ἔμφασιν,
1705 1381 1768 1428 ἀλλὰ

987 1427 1053 1474 περὶ
1078 1437 1134 1466 τῶν
1160 1437 1190 1464 ὲν
1220 1435 1261 1471 τῷ
1284 1435 1360 1470 νόμῳ
1394 1431 1637 1469 ἀπηγορευμένων,
1670 1429 1709 1460 ὡς
1728 1427 1768 1454 δέ·

986 1484 1100 1512 δεικται.

1025 1584 1034 1602 ι
1047 1568 1279 1608 Πυνθάνομαιοῦν
1289 1571 1342 1598 τίνι
1360 1569 1433 1605 λόγῳ
1460 1565 1672 1604 μετεπέμψασθέ
1695 1573 1737 1600 με.
1757 1571 1765 1588 ι

1024 1664 1095 1699 Ἤδη
1109 1663 1141 1690 τδ
1150 1662 1203 1689 πᾶν
1213 1662 1227 1688 ὁ
1241 1660 1343 1695 Πέτρος
1355 1658 1455 1694 ἤκουσε
1467 1656 1514 1684 καὶ
1532 1655 1608 1692 παρὰ
1619 1655 1674 1681 τῶν
1689 1661 1767 1688 στρα-

988 1698 1093 1737 τιωτῶν
1107 1717 1114 1725 ·
1132 1707 1200 1735 ἀλλὰ
1219 1706 1343 1743 βούλεται
1358 1703 1465 1739 πρῶτον
1480 1701 1578 1733 αὐτοὺς
1591 1698 1767 1736 ὁμολογῆσαι,

989 1755 1034 1782 καὶ
1051 1753 1216 1784 ὑπευθύνους
1231 1750 1340 1785 ποιῆσαι
1351 1750 1382 1784 τῇ
1396 1748 1496 1775 πίστει.

1026 1810 1036 1827 1
1059 1800 1114 1827 Καὶ
1139 1800 1153 1826 ὀ
1177 1797 1323 1834 Κορνήλιος
1340 1795 1408 1830 ἔφη·
1429 1792 1495 1820 Ἀπὸ
1510 1790 1643 1826 τετάρτης
1667 1787 1767 1834 ἡμέρας

992 1855 1002 1873 1
1022 1846 1104 1882 μέχρι
1118 1832 1225 1879 ταύτης*
1245 1842 1295 1877 τῆς
1313 1841 1387 1876 ὧρας
1405 1839 1478 1875 ῆμην
1491 1836 1639 1872 νηστεύων,
1659 1834 1707 1861 καὶ
1723 1832 1767 1866 τὴν

993 1901 1003 1918 1
1022 1889 1220 1924 ὲννάτηνῶριιν
1234 1886 1450 1924 προσευχόμενος
1462 1885 1490 1911 ὲν
1507 1883 1545 1917 τῷ
1558 1882 1624 1916 οῐκῳ
1637 1889 1699 1915 μου.
1714 1888 1723 1905 ι

1027 1938 1134 1964 Ἔοικεν
1147 1930 1224 1966 οὗτος
1241 1933 1354 1969 καιροὺς
1368 1931 1498 1967 ὡρικέναι
1518 1927 1606 1964 ἑαυτῷ
1618 1927 1676 1963 βίου
1691 1926 1764 1959 ἀκρι-

990 1983 1131 2018 ϐεστέρου,
1142 1981 1188 2008 καὶ
1199 1980 1228 2007 ἐν
1243 1988 1315 2007 τισιν
1326 1979 1453 2014 ἡμέραις.
1470 1975 1585 2021 Διὰῗγὰρ
1598 1974 1676 2001 τοῦτο
1686 1969 1766 2021 εἶτεν,

993 2040 1003 2056 1
1028 2017 1094 2056 Ἀττὸ
1105 2028 1236 2063 τετάρτης
1250 2026 1366 2061 ἡμέρας.
1388 2033 1398 2050 ι
1419 2024 1483 2051 Ὅτε
1502 2020 1548 2048 οὖν
1562 2020 1685 2056 φαίνεται
1699 2017 1765 2063 αὐτῷ

990 2075 1140 2110 ὸᾶγγελος,
1166 2062 1235 2108 αὕτη
1270 2072 1318 2106 μία
1343 2070 1451 2106 ήμέρα’
1475 2068 1523 2095 καὶ
1547 2068 1579 2102 ἣν
1604 2062 1766 2110 άπῆλθον-ιιί

992 2108 1162 2156 πεμφθέντες
1175 2118 1250 2152 παρὰ
1263 2116 1414 2151 Κορνηλίου
1431 2114 1481 2150 μία
1490 2121 1496 2129 '
1507 2114 1555 2140 καὶ
1570 2113 1603 2147 ἥν
1612 2109 1702 2147 ἦλθον,
1711 2108 1763 2143 μα’

991 2167 1038 2193 καὶ
1048 2165 1165 2200 τετάρτη
1179 2163 1264 2198 ἐφάνη
1277 2162 1341 2189 ὡσεὶ
1351 2161 1445 2196 τρίτην
1461 2159 1545 2194 ὥραν,
1564 2157 1623 2193 μεθ’
1636 2158 1669 2192 ἥν
1683 2161 1762 2200 προσ-

157 2198 300 2250 postquam
318 2198 420 2241 oravit.
431 2213 488 2248 98
497 2198 568 2240 Vide
578 2220 643 2247 ergo
657 2212 821 2247 precationis
835 2212 938 2247 magni-

1001 2211 1104 2248 γύξατο.
1117 2198 1192 2245 ’Ὅρα
1206 2208 1253 2236 οὖν
1268 2208 1297 2234 τὸ
1315 2206 1428 2242 μέγεθος
1440 2205 1490 2239 τῆς
1507 2203 1599 2238 εὐχῆς,
1615 2202 1659 2250 ὅτε
1668 2199 1764 2250 Evt-£6?-

159 2261 304 2288 iudinem:
329 2259 439 2294 quando
464 2259 583 2293 seipsum
606 2259 730 2294 provexit
744 2258 776 2285 ad
800 2259 939 2293 pietatem,

158 2312 222 2333 tunc
237 2311 349 2341 apparet
367 2305 417 2341 ipsi
433 2304 555 2340 angelus.

194 2352 228 2384 Χ,
244 2352 339 2380 30-55.
355 2360 364 2377 1
386 2351 418 2378 Et
432 2358 498 2378 ecce
512 2350 553 2377 vir
569 2350 643 2378 stetit
658 2357 750 2379 coram
764 2358 808 2378 me
821 2350 849 2377 in
865 2354 941 2378 veste

160 2408 169 2424 1
192 2397 335 2433 splendida
362 2396 413 2431 (vir
425 2395 493 2423 dicit
506 2398 534 2423 et
549 2403 603 2423 non
623 2395 742 2431 angelus,
761 2395 831 2422 adeo
845 2394 941 2421 mode-

161 2454 170 2470 1
189 2449 249 2471 stus
259 2442 340 2478 erat),
351 2446 378 2469 et
393 2442 429 2468 ait
441 2449 449 2468 :
463 2441 581 2473 Corneli,
595 2441 721 2468 exaudita
735 2443 776 2468 est
785 2440 941 2474 deprecatio

162 2498 170 2514 1
193 2492 249 2521 tua,
265 2491 292 2515 et
308 2487 485 2522 eleemosynte
501 2490 554 2514 tua;
569 2486 597 2513 in
615 2485 746 2513 memoria
762 2485 862 2512 habitat
877 2488 943 2512 sunt

162 2545 171 2560 ‹
192 2541 284 2561 coram
301 2533 365 2560 Deo.
380 2532 455 2560 Mitte
469 2540 533 2567 ergo
547 2531 653 2566 aliquos
666 2531 781 2566 Joppen,
791 2533 818 2558 et
832 2537 943 2558 accerse

162 2590 170 2606 1
195 2579 344 2611 Simonem,
368 2577 414 2613 qui
433 2578 643 2613 cognominatur
661 2576 781 2604 Petrus:
798 2575 843 2603 hic
853 2575 943 2604 diver-

161 2635 170 2650 1
192 2629 268 2652 satur
285 2625 311 2651 in
335 2624 418 2651 domo
435 2623 556 2650 Simonis
570 2622 679 2649 coriarii
698 2621 776 2656 juxta
796 2629 879 2653 mare,
896 2621 941 2656 qui

162 2681 171 2697 1
193 2671 236 2698 ubi
251 2670 354 2698 venerit
367 2670 494 2704 loquetur
521 2667 581 2695 tibi.
595 2667 690 2695 Statim
702 2674 766 2702 ergo
782 2667 841 2694 misi
855 2667 888 2694 ad
905 2670 941 2700 te,

163 2728 171 2743 1
192 2722 218 2745 et
235 2721 265 2744 tu
281 2717 351 2745 bene
365 2714 452 2743 fecisti
463 2714 509 2749 qui
523 2713 673 2740 adveneris.
686 2711 762 2740 Nunc
774 2720 839 2748 ergo
849 2720 944 2740 omnes

164 2774 172 2789 1
195 2771 256 2796 nos,
271 2767 339 2790 teste
355 2762 420 2793 Deo,
436 2758 945 2795 adsumus,utaudiamusquzecunque

198 2853 218 2868 °‘
238 2851 332 2878 Matth.
349 2850 416 2882 11,5.
466 2850 511 2875 ¹¹Ι
533 2848 602 2875 Tim.
623 2855 659 2879 tv,
676 2847 702 2874 ι.

1052 2256 1147 2284 ἑαυτὸν
1159 2243 1203 2286 ἐἰς
1219 2253 1372 2286 εὐλάϐειαν,
1389 2251 1449 2278 τότε
1470 2250 1594 2284 φαίνεται
1613 2245 1686 2282 αὐτῷ
1698 2244 1711 2271 6
1723 2243 1766 2276 ἆγ-

1011 2303 1080 2335 ελος.

992 2313 1111 2376 γιῖοξέαὶ
1121 2348 1176 2375 ίδοὺ
1188 2346 1256 2382 ἀνὴρ
1271 2345 1334 2381 ἔστη
1347 2343 1461 2371 ὲνὼπιόν
1482 2351 1533 2378 μου
1547 2341 1576 2368 ὲν
1588 2340 1681 2374 ἐσθῆτι
1703 2337 1764 2382 λαμ-

996 2405 1006 2422 1
1020 2395 1077 2430 πρᾷ
1083 2393 1170 2430 (ἀνὴρ
1177 2379 1305 2427 λέγεικαὶ
1314 2379 1363 2418 οὐκ
1369 2390 1506 2425 ἄγγελος,
1514 2386 1600 2419 οὕτως
1608 2384 1641 2421 ἦν
1649 2379 1763 2430 ἄτυφος),

995 2450 1006 2467 1
1197 2425 1342 2473 Κορνήλιε,
1357 2433 1522 2470 εἰσηκούσθη
1535 2442 1581 2459 σου
1597 2432 1614 2466 ἡ
1624 2425 1763 2474 προσευχὴ

996 2496 1006 2513 1
1023 2486 1070 2513 καὶ
1094 2486 1122 2512 at
1144 2483 1322 2519 ἐλεημοσύναι
1336 2490 1382 2508 σου
1398 2479 1572 2516 ἐμνήσθησαν
1589 2476 1702 2523 ἐνώπιον
1722 2478 1762 2523 ’Ξυ

995 2541 1005 2558 1
1024 2530 1101 2558 Θεοῦ.
1116 2517 1226 2564 Πέμψον
1236 2527 1281 2556 οὖν
1292 2527 1461 2562 είςΊόππην,
1477 2525 1524 2552 καὶ
1536 2522 1715 2560 μετακάλεσαι
1724 2517 1763 2564 Σί-

996 2586 1006 2603 1
1025 2585 1110 2612 μωνα,
1124 2561 1334 2607 ὃς-ὲτιικαλείται
1359 2561 1471 2608 Πέτρος.
1486 2567 1569 2601 Οὗτος
1595 2566 1724 2602 ξενίζεται
1739 2561 1764 2586 ἐν

996 2632 1006 2649 1
1024 2623 1096 2657 οίκίᾳ
1110 2621 1229 2656 Σίμωνος
1239 2619 1359 2655 βυρσέως
1370 2618 1446 2653 παρὰ
1455 2617 1602 2646 θάλασσαν,
1616 2613 1645 2645 ὃς
1654 2614 1764 2657 παραγξ”

997 2678 1007 2695 1
1023 2651 1134 2703 νόμένος
1143 2651 1253 2701 λαλήσει
1268 2651 1368 2696 σοι.Ὲξ
1376 2651 1460 2699 αὐτῆς
1475 2660 1520 2689 οὖν
1529 2659 1640 2695 ἔπεμψα
1652 2656 1716 2703 πρὸς
1726 2651 1763 2703 fg'

998 2724 1007 2740 1
1026 2698 1093 2740 avi-13
1110 2698 1338 2745 καλῶς-ἐποίησας
1349 2708 1576 2745 παραγενόμενος.
1584 2704 1641 2732 Νῦν
1653 2701 1698 2750 οὐν

1000 2769 1009 2785 1
1024 2768 1068 2790 τες
1094 2758 1173 2793 ἡμεῖς
1201 2756 1314 2784 ἐνώπιον
1328 2754 1374 2782 τοῦ
1389 2753 1455 2781 Θεοῦ
1487 2752 1637 2787 πάρεσμεν,
1660 2749 1762 2775 ἀκοῦσαι
