  <div class='ocr_page' id='page_1' title='image "/cluster/home/n/w/nwhite01/storage/ocr_20150623/118/njp.32101077772992/126.png"; bbox 0 0 1864 3052; ppageno 0'>
   <div class='ocr_carea' id='block_1_1' title="bbox 101 143 152 176">
    <p class='ocr_par' dir='ltr' id='par_1_1' title="bbox 101 143 152 176">
     <span class='ocr_line' id='line_1_1' title="bbox 101 143 152 176; baseline 0 0"><span class='ocrx_word' id='word_1_1' title='bbox 101 143 152 176; x_wconf 80' lang='grc'><strong>191</strong></span> 
     </span>
    </p>
   </div>
   <div class='ocr_carea' id='block_1_2' title="bbox 643 141 1195 175">
    <p class='ocr_par' dir='ltr' id='par_1_2' title="bbox 643 141 1195 175">
     <span class='ocr_line' id='line_1_2' title="bbox 643 141 1195 175; baseline -0.004 1"><span class='ocrx_word' id='word_1_2' title='bbox 643 143 841 175; x_wconf 74' lang='grc' dir='ltr'><strong>(ΕΟΗΜΕΝΙΙ</strong></span> <span class='ocrx_word' id='word_1_3' title='bbox 861 141 1007 171; x_wconf 74' lang='grc' dir='ltr'><strong>ΤΒΙΟΟῈ</strong></span> <span class='ocrx_word' id='word_1_4' title='bbox 1027 143 1195 174; x_wconf 84' lang='lat' dir='ltr'><strong>EPISCOPI</strong></span> 
     </span>
    </p>
   </div>
   <div class='ocr_carea' id='block_1_3' title="bbox 1671 144 1722 177">
    <p class='ocr_par' dir='ltr' id='par_1_3' title="bbox 1671 144 1722 177">
     <span class='ocr_line' id='line_1_3' title="bbox 1671 144 1722 177; baseline -0.02 0"><span class='ocrx_word' id='word_1_5' title='bbox 1671 144 1722 177; x_wconf 77' lang='lat'><strong>192</strong></span> 
     </span>
    </p>
   </div>
   <div class='ocr_carea' id='block_1_4' title="bbox 99 197 890 236">
    <p class='ocr_par' dir='ltr' id='par_1_4' title="bbox 99 200 883 236">
     <span class='ocr_line' id='line_1_4' title="bbox 99 200 883 236; baseline -0.003 -8"><span class='ocrx_word' id='word_1_6' title='bbox 99 206 144 228; x_wconf 86' lang='lat' dir='ltr'><strong>est</strong></span> <span class='ocrx_word' id='word_1_7' title='bbox 153 201 234 228; x_wconf 91' lang='lat' dir='ltr'><strong>Deum</strong></span> <span class='ocrx_word' id='word_1_8' title='bbox 244 200 333 228; x_wconf 87' lang='lat' dir='ltr'><strong>solum</strong></span> <span class='ocrx_word' id='word_1_9' title='bbox 341 200 442 228; x_wconf 91' lang='lat' dir='ltr'><strong>bonum</strong></span> <span class='ocrx_word' id='word_1_10' title='bbox 453 201 594 236; x_wconf 86' lang='lat' dir='ltr'><strong>essequod</strong></span> <span class='ocrx_word' id='word_1_11' title='bbox 603 201 690 229; x_wconf 89' lang='lat' dir='ltr'><strong>virum</strong></span> <span class='ocrx_word' id='word_1_12' title='bbox 700 201 802 228; x_wconf 89' lang='lat' dir='ltr'><strong>bonum</strong></span> <span class='ocrx_word' id='word_1_13' title='bbox 811 207 883 228; x_wconf 84' lang='lat' dir='ltr'><strong>esse.</strong></span> 
     </span>
    </p>
   </div>
   <div class='ocr_carea' id='block_1_5' title="bbox 977 197 1721 236">
    <p class='ocr_par' dir='ltr' id='par_1_5' title="bbox 977 197 1721 236">
     <span class='ocr_line' id='line_1_5' title="bbox 977 197 1721 236; baseline 0.001 -11"><span class='ocrx_word' id='word_1_14' title='bbox 977 207 982 223; x_wconf 73' lang='grc' dir='ltr'>ν</span> <span class='ocrx_word' id='word_1_15' title='bbox 998 197 1076 232; x_wconf 78' lang='grc' dir='ltr'>εῖναι,</span> <span class='ocrx_word' id='word_1_16' title='bbox 1098 200 1145 227; x_wconf 75' lang='grc' dir='ltr'>καὶ</span> <span class='ocrx_word' id='word_1_17' title='bbox 1167 199 1251 234; x_wconf 83' lang='grc' dir='ltr'>ἀνδρα</span> <span class='ocrx_word' id='word_1_18' title='bbox 1266 199 1367 234; x_wconf 78' lang='grc' dir='ltr'>ἀγαθὸν</span> <span class='ocrx_word' id='word_1_19' title='bbox 1383 199 1526 235; x_wconf 82' lang='grc' dir='ltr'>ὑπάρχειν.</span> <span class='ocrx_word' id='word_1_20' title='bbox 1552 199 1582 226; x_wconf 86' lang='lat'><strong>&#39;0</strong></span> <span class='ocrx_word' id='word_1_21' title='bbox 1599 199 1647 235; x_wconf 85' lang='grc' dir='ltr'>μὲν</span> <span class='ocrx_word' id='word_1_22' title='bbox 1667 200 1721 236; x_wconf 83' lang='grc' dir='ltr'><strong>γὰρ</strong></span> 
     </span>
    </p>
   </div>
   <div class='ocr_carea' id='block_1_6' title="bbox 100 246 886 281">
    <p class='ocr_par' dir='ltr' id='par_1_6' title="bbox 100 246 886 281">
     <span class='ocr_line' id='line_1_6' title="bbox 100 246 886 281; baseline 0.001 -8"><span class='ocrx_word' id='word_1_23' title='bbox 100 246 149 274; x_wconf 91' lang='lat' dir='ltr'><strong>Ille</strong></span> <span class='ocrx_word' id='word_1_24' title='bbox 161 247 294 281; x_wconf 81' lang='lat' dir='ltr'><strong>siquidem</strong></span> <span class='ocrx_word' id='word_1_25' title='bbox 306 250 405 274; x_wconf 88' lang='lat' dir='ltr'><strong>natura</strong></span> <span class='ocrx_word' id='word_1_26' title='bbox 419 247 507 275; x_wconf 91' lang='lat' dir='ltr'><strong>bonus</strong></span> <span class='ocrx_word' id='word_1_27' title='bbox 520 251 572 280; x_wconf 85' lang='lat' dir='ltr'><strong>est,</strong></span> <span class='ocrx_word' id='word_1_28' title='bbox 590 255 652 274; x_wconf 90' lang='lat' dir='ltr'><strong>cum</strong></span> <span class='ocrx_word' id='word_1_29' title='bbox 674 247 837 281; x_wconf 85' lang='lat' dir='ltr'><strong>principium</strong></span> <span class='ocrx_word' id='word_1_30' title='bbox 853 253 886 274; x_wconf 84' lang='lat' dir='ltr'><strong>ac</strong></span> 
     </span>
    </p>
   </div>
   <div class='ocr_carea' id='block_1_7' title="bbox 101 292 884 322">
    <p class='ocr_par' dir='ltr' id='par_1_7' title="bbox 101 292 884 322">
     <span class='ocr_line' id='line_1_7' title="bbox 101 292 884 322; baseline -0.001 -3"><span class='ocrx_word' id='word_1_31' title='bbox 101 293 166 320; x_wconf 80' lang='lat' dir='ltr'><strong>fons</strong></span> <span class='ocrx_word' id='word_1_32' title='bbox 178 293 212 320; x_wconf 95' lang='lat' dir='ltr'><strong>sit</strong></span> <span class='ocrx_word' id='word_1_33' title='bbox 226 293 360 320; x_wconf 90' lang='lat' dir='ltr'><strong>bonorum</strong></span> <span class='ocrx_word' id='word_1_34' title='bbox 373 301 381 320; x_wconf 92' lang='lat'><strong>:</strong></span> <span class='ocrx_word' id='word_1_35' title='bbox 396 292 438 319; x_wconf 82' lang='lat' dir='ltr'><strong>vir</strong></span> <span class='ocrx_word' id='word_1_36' title='bbox 451 297 542 320; x_wconf 83' lang='lat' dir='ltr'><strong>autem</strong></span> <span class='ocrx_word' id='word_1_37' title='bbox 555 300 609 320; x_wconf 94' lang='lat' dir='ltr'><strong>non</strong></span> <span class='ocrx_word' id='word_1_38' title='bbox 621 297 717 320; x_wconf 85' lang='lat' dir='ltr'><strong>natura</strong></span> <span class='ocrx_word' id='word_1_39' title='bbox 731 292 819 319; x_wconf 86' lang='lat' dir='ltr'><strong>bonus</strong></span> <span class='ocrx_word' id='word_1_40' title='bbox 831 296 884 322; x_wconf 90' lang='lat' dir='ltr'><strong>est,</strong></span> 
     </span>
    </p>
   </div>
   <div class='ocr_carea' id='block_1_8' title="bbox 101 337 884 372">
    <p class='ocr_par' dir='ltr' id='par_1_8' title="bbox 101 337 884 372">
     <span class='ocr_line' id='line_1_8' title="bbox 101 337 884 372; baseline -0.003 -7"><span class='ocrx_word' id='word_1_41' title='bbox 101 338 151 365; x_wconf 90' lang='lat' dir='ltr'><strong>sed</strong></span> <span class='ocrx_word' id='word_1_42' title='bbox 170 338 279 365; x_wconf 85' lang='lat' dir='ltr'><strong>virtutis</strong></span> <span class='ocrx_word' id='word_1_43' title='bbox 299 338 487 372; x_wconf 74' lang='lat' dir='ltr'><strong>assumptione</strong></span> <span class='ocrx_word' id='word_1_44' title='bbox 502 338 584 365; x_wconf 80' lang='lat' dir='ltr'><strong>habet</strong></span> <span class='ocrx_word' id='word_1_45' title='bbox 599 343 628 365; x_wconf 89' lang='lat' dir='ltr'><strong>ut</strong></span> <span class='ocrx_word' id='word_1_46' title='bbox 647 338 735 365; x_wconf 92' lang='lat' dir='ltr'><strong>bonus</strong></span> <span class='ocrx_word' id='word_1_47' title='bbox 756 338 800 364; x_wconf 90' lang='lat' dir='ltr'><strong>sit.</strong></span> <span class='ocrx_word' id='word_1_48' title='bbox 825 337 884 364; x_wconf 84' lang='lat' dir='ltr'><strong>Non</strong></span> 
     </span>
    </p>
   </div>
   <div class='ocr_carea' id='block_1_9' title="bbox 101 382 885 418">
    <p class='ocr_par' dir='ltr' id='par_1_9' title="bbox 101 382 885 418">
     <span class='ocr_line' id='line_1_9' title="bbox 101 382 885 418; baseline -0.001 -8"><span class='ocrx_word' id='word_1_49' title='bbox 101 384 175 411; x_wconf 86' lang='lat' dir='ltr'><strong>enim</strong></span> <span class='ocrx_word' id='word_1_50' title='bbox 195 384 358 418; x_wconf 75' lang='lat' dir='ltr'><strong>simpliciter</strong></span> <span class='ocrx_word' id='word_1_51' title='bbox 379 384 467 411; x_wconf 90' lang='lat' dir='ltr'><strong>bonus</strong></span> <span class='ocrx_word' id='word_1_52' title='bbox 489 384 600 415; x_wconf 85' lang='lat' dir='ltr'><strong>dicitur,</strong></span> <span class='ocrx_word' id='word_1_53' title='bbox 616 383 664 410; x_wconf 90' lang='lat' dir='ltr'><strong>sed</strong></span> <span class='ocrx_word' id='word_1_54' title='bbox 682 383 724 409; x_wconf 88' lang='lat' dir='ltr'><strong>vir</strong></span> <span class='ocrx_word' id='word_1_55' title='bbox 744 383 842 409; x_wconf 89' lang='lat' dir='ltr'><strong>bonus.</strong></span> <span class='ocrx_word' id='word_1_56' title='bbox 855 382 885 409; x_wconf 95' lang='lat' dir='ltr'><strong>In</strong></span> 
     </span>
    </p>
   </div>
   <div class='ocr_carea' id='block_1_10' title="bbox 101 427 886 464">
    <p class='ocr_par' dir='ltr' id='par_1_10' title="bbox 101 427 886 464">
     <span class='ocr_line' id='line_1_10' title="bbox 101 427 886 464; baseline 0 -8"><span class='ocrx_word' id='word_1_57' title='bbox 101 429 178 456; x_wconf 89' lang='lat' dir='ltr'><strong>hunc</strong></span> <span class='ocrx_word' id='word_1_58' title='bbox 203 437 268 464; x_wconf 74' lang='lat' dir='ltr'><strong>ergo</strong></span> <span class='ocrx_word' id='word_1_59' title='bbox 289 436 400 456; x_wconf 84' lang='lat' dir='ltr'><strong>sensum</strong></span> <span class='ocrx_word' id='word_1_60' title='bbox 416 429 498 456; x_wconf 89' lang='lat' dir='ltr'><strong>etiam</strong></span> <span class='ocrx_word' id='word_1_61' title='bbox 514 428 579 456; x_wconf 90' lang='lat' dir='ltr'><strong>illud</strong></span> <span class='ocrx_word' id='word_1_62' title='bbox 605 428 748 463; x_wconf 79' lang='lat' dir='ltr'><strong>accipitur,</strong></span> <span class='ocrx_word' id='word_1_63' title='bbox 768 437 777 453; x_wconf 88' lang='grc'><strong>‹</strong></span> <span class='ocrx_word' id='word_1_64' title='bbox 795 427 886 456; x_wconf 82' lang='lat' dir='ltr'><strong>Bonus</strong></span> 
     </span>
    </p>
   </div>
   <div class='ocr_carea' id='block_1_11' title="bbox 102 474 882 511">
    <p class='ocr_par' dir='ltr' id='par_1_11' title="bbox 102 474 882 511">
     <span class='ocr_line' id='line_1_11' title="bbox 102 474 882 511; baseline -0.001 -10"><span class='ocrx_word' id='word_1_65' title='bbox 102 475 186 502; x_wconf 89' lang='lat' dir='ltr'><strong>homo</strong></span> <span class='ocrx_word' id='word_1_66' title='bbox 202 476 224 492; x_wconf 82' lang='grc'><strong>’⁵</strong></span> <span class='ocrx_word' id='word_1_67' title='bbox 236 485 259 507; x_wconf 75' lang='grc' dir='ltr'><strong>ι,</strong></span> <span class='ocrx_word' id='word_1_68' title='bbox 281 480 307 502; x_wconf 88' lang='grc' dir='ltr'><strong>ει</strong></span> <span class='ocrx_word' id='word_1_69' title='bbox 337 485 346 502; x_wconf 85' lang='grc' dir='ltr'><strong>ι</strong></span> <span class='ocrx_word' id='word_1_70' title='bbox 362 475 435 511; x_wconf 73' lang='lat' dir='ltr'><strong>Euge</strong></span> <span class='ocrx_word' id='word_1_71' title='bbox 465 482 545 503; x_wconf 80' lang='lat' dir='ltr'><strong>serve</strong></span> <span class='ocrx_word' id='word_1_72' title='bbox 572 475 643 502; x_wconf 89' lang='lat' dir='ltr'><strong>bone</strong></span> <span class='ocrx_word' id='word_1_73' title='bbox 665 479 693 502; x_wconf 87' lang='lat' dir='ltr'><strong>et</strong></span> <span class='ocrx_word' id='word_1_74' title='bbox 715 474 804 502; x_wconf 85' lang='lat' dir='ltr'><strong>ﬁdelis</strong></span> <span class='ocrx_word' id='word_1_75' title='bbox 822 474 855 508; x_wconf 85' lang='lat'><strong>&quot;,</strong></span> <span class='ocrx_word' id='word_1_76' title='bbox 873 483 882 500; x_wconf 76' lang='grc' dir='ltr'><strong>ι</strong></span> 
     </span>
    </p>
   </div>
   <div class='ocr_carea' id='block_1_12' title="bbox 102 521 399 555">
    <p class='ocr_par' dir='ltr' id='par_1_12' title="bbox 102 521 399 555">
     <span class='ocr_line' id='line_1_12' title="bbox 102 521 399 555; baseline 0.003 -8"><span class='ocrx_word' id='word_1_77' title='bbox 102 521 212 555; x_wconf 88' lang='lat' dir='ltr'><strong>aliaque</strong></span> <span class='ocrx_word' id='word_1_78' title='bbox 231 521 274 548; x_wconf 87' lang='lat' dir='ltr'><strong>his</strong></span> <span class='ocrx_word' id='word_1_79' title='bbox 289 521 399 549; x_wconf 84' lang='lat' dir='ltr'><strong>similia.</strong></span> 
     </span>
    </p>
   </div>
   <div class='ocr_carea' id='block_1_13' title="bbox 139 565 887 601">
    <p class='ocr_par' dir='ltr' id='par_1_13' title="bbox 139 565 887 601">
     <span class='ocr_line' id='line_1_13' title="bbox 139 565 887 601; baseline 0.001 -10"><span class='ocrx_word' id='word_1_80' title='bbox 139 566 217 601; x_wconf 78' lang='lat'><strong>103</strong></span> <span class='ocrx_word' id='word_1_81' title='bbox 233 575 242 591; x_wconf 77' lang='grc' dir='ltr'><strong>ι</strong></span> <span class='ocrx_word' id='word_1_82' title='bbox 263 565 293 594; x_wconf 82' lang='lat' dir='ltr'><strong>Et</strong></span> <span class='ocrx_word' id='word_1_83' title='bbox 306 566 432 601; x_wconf 85' lang='lat' dir='ltr'><strong>discipuli</strong></span> <span class='ocrx_word' id='word_1_84' title='bbox 444 566 652 594; x_wconf 80' lang='lat' dir='ltr'><strong>nominarentur</strong></span> <span class='ocrx_word' id='word_1_85' title='bbox 660 566 779 601; x_wconf 90' lang='lat' dir='ltr'><strong>primum</strong></span> <span class='ocrx_word' id='word_1_86' title='bbox 790 565 887 593; x_wconf 86' lang='lat' dir='ltr'><strong>Antio-</strong></span> 
     </span>
    </p>
   </div>
   <div class='ocr_carea' id='block_1_14' title="bbox 106 612 413 641">
    <p class='ocr_par' dir='ltr' id='par_1_14' title="bbox 106 612 413 641">
     <span class='ocr_line' id='line_1_14' title="bbox 106 612 413 641; baseline 0.007 -3"><span class='ocrx_word' id='word_1_87' title='bbox 106 621 116 638; x_wconf 77' lang='grc' dir='ltr'><strong>ι</strong></span> <span class='ocrx_word' id='word_1_88' title='bbox 139 614 210 640; x_wconf 72' lang='grc' dir='ltr'>ειιὶεε</span> <span class='ocrx_word' id='word_1_89' title='bbox 223 612 384 641; x_wconf 68' lang='lat' dir='ltr'><strong>Christiani.</strong></span> <span class='ocrx_word' id='word_1_90' title='bbox 403 622 413 640; x_wconf 78' lang='grc' dir='ltr'><strong>ι</strong></span> 
     </span>
    </p>
   </div>
   <div class='ocr_carea' id='block_1_15' title="bbox 137 677 887 714">
    <p class='ocr_par' dir='ltr' id='par_1_15' title="bbox 137 677 887 714">
     <span class='ocr_line' id='line_1_15' title="bbox 137 677 887 714; baseline -0.001 -9"><span class='ocrx_word' id='word_1_91' title='bbox 137 678 218 705; x_wconf 83' lang='lat' dir='ltr'><strong>Pauli</strong></span> <span class='ocrx_word' id='word_1_92' title='bbox 239 679 290 705; x_wconf 89' lang='lat' dir='ltr'><strong>hoc</strong></span> <span class='ocrx_word' id='word_1_93' title='bbox 311 685 419 713; x_wconf 87' lang='lat' dir='ltr'><strong>quoque</strong></span> <span class='ocrx_word' id='word_1_94' title='bbox 441 677 549 706; x_wconf 81' lang='lat' dir='ltr'><strong>facinus</strong></span> <span class='ocrx_word' id='word_1_95' title='bbox 569 678 707 714; x_wconf 71' lang='lat' dir='ltr'><strong>egregium</strong></span> <span class='ocrx_word' id='word_1_96' title='bbox 732 677 760 704; x_wconf 94' lang='lat' dir='ltr'><strong>in</strong></span> <span class='ocrx_word' id='word_1_97' title='bbox 783 681 887 704; x_wconf 86' lang='lat' dir='ltr'><strong>tantam</strong></span> 
     </span>
    </p>
   </div>
   <div class='ocr_carea' id='block_1_16' title="bbox 104 723 888 758">
    <p class='ocr_par' dir='ltr' id='par_1_16' title="bbox 104 723 888 758">
     <span class='ocr_line' id='line_1_16' title="bbox 104 723 888 758; baseline -0.004 -6"><span class='ocrx_word' id='word_1_98' title='bbox 104 723 197 752; x_wconf 68' lang='lat' dir='ltr'><strong>eﬁ‘crri</strong></span> <span class='ocrx_word' id='word_1_99' title='bbox 221 728 340 751; x_wconf 84' lang='lat' dir='ltr'><strong>meretur</strong></span> <span class='ocrx_word' id='word_1_100' title='bbox 361 724 557 752; x_wconf 88' lang='lat' dir='ltr'><strong>sublimitatem</strong></span> <span class='ocrx_word' id='word_1_101' title='bbox 579 728 609 751; x_wconf 90' lang='lat' dir='ltr'><strong>ut</strong></span> <span class='ocrx_word' id='word_1_102' title='bbox 628 723 745 758; x_wconf 88' lang='lat' dir='ltr'><strong>quodvis</strong></span> <span class='ocrx_word' id='word_1_103' title='bbox 769 724 888 758; x_wconf 76' lang='lat' dir='ltr'><strong>signum.</strong></span> 
     </span>
    </p>
   </div>
   <div class='ocr_carea' id='block_1_17' title="bbox 103 767 888 803">
    <p class='ocr_par' dir='ltr' id='par_1_17' title="bbox 103 767 888 803">
     <span class='ocr_line' id='line_1_17' title="bbox 103 767 888 803; baseline -0.001 -7"><span class='ocrx_word' id='word_1_104' title='bbox 103 769 172 796; x_wconf 83' lang='lat' dir='ltr'><strong>Cum</strong></span> <span class='ocrx_word' id='word_1_105' title='bbox 190 770 261 796; x_wconf 87' lang='lat' dir='ltr'><strong>enim</strong></span> <span class='ocrx_word' id='word_1_106' title='bbox 276 773 331 796; x_wconf 83' lang='lat' dir='ltr'><strong>tam</strong></span> <span class='ocrx_word' id='word_1_107' title='bbox 348 769 427 796; x_wconf 91' lang='lat' dir='ltr'><strong>multi</strong></span> <span class='ocrx_word' id='word_1_108' title='bbox 444 774 536 796; x_wconf 85' lang='lat' dir='ltr'><strong>essent</strong></span> <span class='ocrx_word' id='word_1_109' title='bbox 548 768 574 796; x_wconf 87' lang='lat' dir='ltr'><strong>in</strong></span> <span class='ocrx_word' id='word_1_110' title='bbox 586 767 678 796; x_wconf 70' lang='lat' dir='ltr'><strong>Iudaea</strong></span> <span class='ocrx_word' id='word_1_111' title='bbox 690 768 736 803; x_wconf 89' lang='lat' dir='ltr'><strong>qui</strong></span> <span class='ocrx_word' id='word_1_112' title='bbox 753 767 888 795; x_wconf 79' lang='lat' dir='ltr'><strong>credidis-</strong></span> 
     </span>
    </p>
   </div>
   <div class='ocr_carea' id='block_1_18' title="bbox 103 813 888 848">
    <p class='ocr_par' dir='ltr' id='par_1_18' title="bbox 103 813 888 848">
     <span class='ocr_line' id='line_1_18' title="bbox 103 813 888 848; baseline -0.004 -5"><span class='ocrx_word' id='word_1_113' title='bbox 103 819 176 847; x_wconf 87' lang='lat' dir='ltr'><strong>sent,</strong></span> <span class='ocrx_word' id='word_1_114' title='bbox 190 815 256 842; x_wconf 89' lang='lat' dir='ltr'><strong>nihil</strong></span> <span class='ocrx_word' id='word_1_115' title='bbox 272 815 325 842; x_wconf 84' lang='lat' dir='ltr'><strong>tale</strong></span> <span class='ocrx_word' id='word_1_116' title='bbox 339 814 441 842; x_wconf 78' lang='lat' dir='ltr'><strong>factum</strong></span> <span class='ocrx_word' id='word_1_117' title='bbox 456 818 508 848; x_wconf 85' lang='lat' dir='ltr'><strong>est,</strong></span> <span class='ocrx_word' id='word_1_118' title='bbox 521 816 568 842; x_wconf 86' lang='lat' dir='ltr'><strong>sed</strong></span> <span class='ocrx_word' id='word_1_119' title='bbox 581 815 618 842; x_wconf 90' lang='lat' dir='ltr'><strong>ibi</strong></span> <span class='ocrx_word' id='word_1_120' title='bbox 630 815 697 842; x_wconf 88' lang='lat' dir='ltr'><strong>ﬁdes</strong></span> <span class='ocrx_word' id='word_1_121' title='bbox 711 814 737 841; x_wconf 92' lang='lat' dir='ltr'><strong>in</strong></span> <span class='ocrx_word' id='word_1_122' title='bbox 749 813 888 841; x_wconf 83' lang='lat' dir='ltr'><strong>Christum</strong></span> 
     </span>
    </p>
   </div>
   <div class='ocr_carea' id='block_1_19' title="bbox 102 860 890 896">
    <p class='ocr_par' dir='ltr' id='par_1_19' title="bbox 102 860 890 896">
     <span class='ocr_line' id='line_1_19' title="bbox 102 860 890 896; baseline -0.003 -7"><span class='ocrx_word' id='word_1_123' title='bbox 102 862 147 889; x_wconf 86' lang='lat' dir='ltr'><strong>via</strong></span> <span class='ocrx_word' id='word_1_124' title='bbox 163 862 316 890; x_wconf 86' lang='lat' dir='ltr'><strong>dicebatur.</strong></span> <span class='ocrx_word' id='word_1_125' title='bbox 334 862 537 889; x_wconf 81' lang='lat' dir='ltr'><strong>Advertendum</strong></span> <span class='ocrx_word' id='word_1_126' title='bbox 554 865 645 889; x_wconf 83' lang='lat' dir='ltr'><strong>autem</strong></span> <span class='ocrx_word' id='word_1_127' title='bbox 661 861 734 896; x_wconf 91' lang='lat' dir='ltr'><strong>quod</strong></span> <span class='ocrx_word' id='word_1_128' title='bbox 748 861 783 888; x_wconf 90' lang='lat' dir='ltr'><strong>ob</strong></span> <span class='ocrx_word' id='word_1_129' title='bbox 799 860 825 887; x_wconf 92' lang='lat' dir='ltr'><strong>id</strong></span> <span class='ocrx_word' id='word_1_130' title='bbox 842 867 890 895; x_wconf 85' lang='lat' dir='ltr'><strong>po-</strong></span> 
     </span>
    </p>
   </div>
   <div class='ocr_carea' id='block_1_20' title="bbox 103 906 884 943">
    <p class='ocr_par' dir='ltr' id='par_1_20' title="bbox 103 906 884 943">
     <span class='ocr_line' id='line_1_20' title="bbox 103 906 884 943; baseline -0.001 -8"><span class='ocrx_word' id='word_1_131' title='bbox 103 908 242 936; x_wconf 88' lang='lat' dir='ltr'><strong>tissimum</strong></span> <span class='ocrx_word' id='word_1_132' title='bbox 259 908 340 943; x_wconf 75' lang='lat' dir='ltr'><strong>digna</strong></span> <span class='ocrx_word' id='word_1_133' title='bbox 349 908 440 935; x_wconf 89' lang='lat' dir='ltr'><strong>habita</strong></span> <span class='ocrx_word' id='word_1_134' title='bbox 452 912 494 935; x_wconf 89' lang='lat' dir='ltr'><strong>est</strong></span> <span class='ocrx_word' id='word_1_135' title='bbox 502 908 646 935; x_wconf 79' lang='lat' dir='ltr'><strong>Antiochia</strong></span> <span class='ocrx_word' id='word_1_136' title='bbox 659 907 723 935; x_wconf 89' lang='lat' dir='ltr'><strong>sede</strong></span> <span class='ocrx_word' id='word_1_137' title='bbox 733 906 884 943; x_wconf 89' lang='lat' dir='ltr'><strong>pontiﬁcia,</strong></span> 
     </span>
    </p>
   </div>
   <div class='ocr_carea' id='block_1_21' title="bbox 102 953 890 989">
    <p class='ocr_par' dir='ltr' id='par_1_21' title="bbox 102 953 890 989">
     <span class='ocr_line' id='line_1_21' title="bbox 102 953 890 989; baseline -0.003 -8"><span class='ocrx_word' id='word_1_138' title='bbox 102 954 236 989; x_wconf 79' lang='lat' dir='ltr'><strong>quoniam</strong></span> <span class='ocrx_word' id='word_1_139' title='bbox 254 953 291 981; x_wconf 85' lang='lat' dir='ltr'><strong>ibi</strong></span> <span class='ocrx_word' id='word_1_140' title='bbox 316 954 434 988; x_wconf 93' lang='lat' dir='ltr'><strong>primum</strong></span> <span class='ocrx_word' id='word_1_141' title='bbox 451 957 620 985; x_wconf 85' lang='lat' dir='ltr'><strong>statuerunt,</strong></span> <span class='ocrx_word' id='word_1_142' title='bbox 644 958 674 981; x_wconf 91' lang='lat' dir='ltr'><strong>ut</strong></span> <span class='ocrx_word' id='word_1_143' title='bbox 697 953 825 988; x_wconf 87' lang='lat' dir='ltr'><strong>discipuli</strong></span> <span class='ocrx_word' id='word_1_144' title='bbox 840 959 890 980; x_wconf 91' lang='lat' dir='ltr'><strong>no-</strong></span> 
     </span>
    </p>
   </div>
   <div class='ocr_carea' id='block_1_22' title="bbox 105 997 889 1027">
    <p class='ocr_par' dir='ltr' id='par_1_22' title="bbox 105 997 889 1027">
     <span class='ocr_line' id='line_1_22' title="bbox 105 997 889 1027; baseline 0 -2"><span class='ocrx_word' id='word_1_145' title='bbox 105 999 279 1026; x_wconf 81' lang='lat' dir='ltr'><strong>minarentur</strong></span> <span class='ocrx_word' id='word_1_146' title='bbox 289 998 450 1027; x_wconf 84' lang='lat' dir='ltr'><strong>Christiani.</strong></span> <span class='ocrx_word' id='word_1_147' title='bbox 465 997 522 1026; x_wconf 89' lang='lat' dir='ltr'><strong>Hoc</strong></span> <span class='ocrx_word' id='word_1_148' title='bbox 536 1003 627 1026; x_wconf 89' lang='lat' dir='ltr'><strong>autem</strong></span> <span class='ocrx_word' id='word_1_149' title='bbox 644 1006 745 1026; x_wconf 76' lang='lat' dir='ltr'><strong>nomen</strong></span> <span class='ocrx_word' id='word_1_150' title='bbox 762 999 889 1026; x_wconf 92' lang='lat' dir='ltr'><strong>multitu-</strong></span> 
     </span>
    </p>
   </div>
   <div class='ocr_carea' id='block_1_23' title="bbox 104 1043 889 1079">
    <p class='ocr_par' dir='ltr' id='par_1_23' title="bbox 104 1043 889 1079">
     <span class='ocr_line' id='line_1_23' title="bbox 104 1043 889 1079; baseline -0.001 -7"><span class='ocrx_word' id='word_1_151' title='bbox 104 1044 160 1072; x_wconf 92' lang='lat' dir='ltr'><strong>dini</strong></span> <span class='ocrx_word' id='word_1_152' title='bbox 173 1045 287 1072; x_wconf 88' lang='lat' dir='ltr'><strong>deorum</strong></span> <span class='ocrx_word' id='word_1_153' title='bbox 310 1051 342 1073; x_wconf 90' lang='lat' dir='ltr'><strong>ac</strong></span> <span class='ocrx_word' id='word_1_154' title='bbox 354 1044 436 1072; x_wconf 69' lang='lat' dir='ltr'><strong>variat</strong></span> <span class='ocrx_word' id='word_1_155' title='bbox 448 1045 476 1072; x_wconf 92' lang='lat' dir='ltr'><strong>in</strong></span> <span class='ocrx_word' id='word_1_156' title='bbox 492 1044 546 1072; x_wconf 84' lang='lat' dir='ltr'><strong>illis</strong></span> <span class='ocrx_word' id='word_1_157' title='bbox 570 1044 707 1072; x_wconf 82' lang='lat' dir='ltr'><strong>divinitati</strong></span> <span class='ocrx_word' id='word_1_158' title='bbox 732 1043 889 1079; x_wconf 86' lang='lat' dir='ltr'><strong>opponitur.</strong></span> 
     </span>
    </p>
   </div>
   <div class='ocr_carea' id='block_1_24' title="bbox 387 1121 612 1152">
    <p class='ocr_par' dir='ltr' id='par_1_24' title="bbox 387 1121 612 1152">
     <span class='ocr_line' id='line_1_24' title="bbox 387 1121 612 1152; baseline -0.009 0"><span class='ocrx_word' id='word_1_159' title='bbox 387 1121 501 1152; x_wconf 81' lang='lat' dir='ltr'><strong>CAPUT</strong></span> <span class='ocrx_word' id='word_1_160' title='bbox 528 1122 612 1151; x_wconf 78' lang='lat' dir='ltr'><strong>XVII.</strong></span> 
     </span>
    </p>
   </div>
   <div class='ocr_carea' id='block_1_25' title="bbox 107 1201 890 1238">
    <p class='ocr_par' dir='ltr' id='par_1_25' title="bbox 107 1201 890 1238">
     <span class='ocr_line' id='line_1_25' title="bbox 107 1201 890 1238; baseline 0.001 -9"><span class='ocrx_word' id='word_1_161' title='bbox 107 1201 252 1235; x_wconf 85' lang='lat' dir='ltr'><strong>Prophetia</strong></span> <span class='ocrx_word' id='word_1_162' title='bbox 279 1202 364 1238; x_wconf 67' lang='grc' dir='ltr'><strong>Αθαὸί</strong></span> <span class='ocrx_word' id='word_1_163' title='bbox 392 1202 424 1229; x_wconf 84' lang='lat' dir='ltr'><strong>de</strong></span> <span class='ocrx_word' id='word_1_164' title='bbox 451 1203 569 1238; x_wconf 81' lang='lat' dir='ltr'><strong>generali</strong></span> <span class='ocrx_word' id='word_1_165' title='bbox 593 1210 640 1237; x_wconf 85' lang='lat' dir='ltr'><strong>per</strong></span> <span class='ocrx_word' id='word_1_166' title='bbox 655 1202 742 1230; x_wconf 79' lang='lat' dir='ltr'><strong>orbem</strong></span> <span class='ocrx_word' id='word_1_167' title='bbox 769 1201 839 1237; x_wconf 80' lang='lat' dir='ltr'><strong>fame</strong></span> <span class='ocrx_word' id='word_1_168' title='bbox 865 1207 890 1230; x_wconf 83' lang='lat' dir='ltr'><strong>et</strong></span> 
     </span>
    </p>
   </div>
   <div class='ocr_carea' id='block_1_26' title="bbox 140 1237 892 1298">
    <p class='ocr_par' dir='ltr' id='par_1_26' title="bbox 140 1237 892 1298">
     <span class='ocr_line' id='line_1_26' title="bbox 140 1237 892 1298; baseline 0.001 -34"><span class='ocrx_word' id='word_1_169' title='bbox 140 1238 307 1298; x_wconf 50' lang='lat' dir='ltr'><strong>elisumque</strong></span> <span class='ocrx_word' id='word_1_170' title='bbox 320 1237 430 1264; x_wconf 81' lang='lat' dir='ltr'><strong>collecta</strong></span> <span class='ocrx_word' id='word_1_171' title='bbox 443 1239 513 1272; x_wconf 85' lang='lat' dir='ltr'><strong>apud</strong></span> <span class='ocrx_word' id='word_1_172' title='bbox 526 1238 635 1272; x_wconf 74' lang='lat' dir='ltr'><strong>fratres,</strong></span> <span class='ocrx_word' id='word_1_173' title='bbox 650 1238 696 1272; x_wconf 79' lang='lat' dir='ltr'><strong>qui</strong></span> <span class='ocrx_word' id='word_1_174' title='bbox 706 1243 783 1265; x_wconf 83' lang='lat' dir='ltr'><strong>erant</strong></span> <span class='ocrx_word' id='word_1_175' title='bbox 796 1238 892 1265; x_wconf 79' lang='lat' dir='ltr'><strong>Antin-</strong></span> 
     </span>
     <span class='ocr_line' id='line_1_27' title="bbox 140 1280 220 1298; baseline 0 0"><span class='ocrx_word' id='word_1_176' title='bbox 140 1280 154 1298; x_wconf 85' lang='lat' dir='ltr'><strong>c</strong></span> <span class='ocrx_word' id='word_1_177' title='bbox 175 1280 220 1298; x_wconf 73' lang='grc' dir='ltr'><strong>ιω.</strong></span> 
     </span>
    </p>
   </div>
   <div class='ocr_carea' id='block_1_27' title="bbox 140 1280 220 1298">
    <p class='ocr_par' dir='ltr' id='par_1_27' title="bbox 140 1280 220 1298">
     <span class='ocr_line' id='line_1_28' title="bbox 140 1280 220 1298; baseline 0 0"><span class='ocrx_word' id='word_1_178' title='bbox 140 1280 220 1298; x_wconf 74' lang='grc' dir='ltr'>εηιω.</span> 
     </span>
    </p>
   </div>
   <div class='ocr_carea' id='block_1_28' title="bbox 138 1335 891 1374">
    <p class='ocr_par' dir='ltr' id='par_1_28' title="bbox 138 1335 891 1374">
     <span class='ocr_line' id='line_1_29' title="bbox 138 1335 891 1374; baseline 0.005 -11"><span class='ocrx_word' id='word_1_179' title='bbox 138 1335 187 1368; x_wconf 76' lang='lat' dir='ltr'><strong>XI,</strong></span> <span class='ocrx_word' id='word_1_180' title='bbox 201 1336 299 1364; x_wconf 71' lang='lat'><strong>27-30.</strong></span> <span class='ocrx_word' id='word_1_181' title='bbox 319 1346 328 1363; x_wconf 78' lang='grc' dir='ltr'><strong>ι</strong></span> <span class='ocrx_word' id='word_1_182' title='bbox 345 1336 392 1365; x_wconf 78' lang='lat' dir='ltr'><strong>His</strong></span> <span class='ocrx_word' id='word_1_183' title='bbox 409 1341 501 1365; x_wconf 83' lang='lat' dir='ltr'><strong>autem</strong></span> <span class='ocrx_word' id='word_1_184' title='bbox 521 1337 619 1366; x_wconf 90' lang='lat' dir='ltr'><strong>diebus</strong></span> <span class='ocrx_word' id='word_1_185' title='bbox 641 1343 861 1374; x_wconf 83' lang='lat' dir='ltr'><strong>supervenerunt</strong></span> <span class='ocrx_word' id='word_1_186' title='bbox 875 1346 891 1366; x_wconf 86' lang='lat' dir='ltr'><strong>a</strong></span> 
     </span>
    </p>
   </div>
   <div class='ocr_carea' id='block_1_29' title="bbox 109 1382 892 1421">
    <p class='ocr_par' dir='ltr' id='par_1_29' title="bbox 109 1382 892 1421">
     <span class='ocr_line' id='line_1_30' title="bbox 109 1382 892 1421; baseline 0.005 -11"><span class='ocrx_word' id='word_1_187' title='bbox 109 1392 118 1410; x_wconf 79' lang='grc' dir='ltr'><strong>ι</strong></span> <span class='ocrx_word' id='word_1_188' title='bbox 134 1382 316 1418; x_wconf 80' lang='lat' dir='ltr'><strong>Jerosolymis</strong></span> <span class='ocrx_word' id='word_1_189' title='bbox 340 1385 481 1419; x_wconf 71' lang='lat' dir='ltr'><strong>prophetat</strong></span> <span class='ocrx_word' id='word_1_190' title='bbox 506 1384 678 1413; x_wconf 71' lang='lat' dir='ltr'><strong>Antiochiam</strong></span> <span class='ocrx_word' id='word_1_191' title='bbox 695 1394 702 1413; x_wconf 88' lang='lat'><strong>:</strong></span> <span class='ocrx_word' id='word_1_192' title='bbox 721 1393 892 1421; x_wconf 73' lang='lat' dir='ltr'><strong>surgensque</strong></span> 
     </span>
    </p>
   </div>
   <div class='ocr_carea' id='block_1_30' title="bbox 109 1430 892 1467">
    <p class='ocr_par' dir='ltr' id='par_1_30' title="bbox 109 1430 892 1467">
     <span class='ocr_line' id='line_1_31' title="bbox 109 1430 892 1467; baseline 0.005 -12"><span class='ocrx_word' id='word_1_193' title='bbox 109 1438 118 1454; x_wconf 82' lang='grc' dir='ltr'><strong>ι</strong></span> <span class='ocrx_word' id='word_1_194' title='bbox 137 1437 211 1457; x_wconf 92' lang='lat' dir='ltr'><strong>unus</strong></span> <span class='ocrx_word' id='word_1_195' title='bbox 231 1430 341 1457; x_wconf 85' lang='lat' dir='ltr'><strong>nomine</strong></span> <span class='ocrx_word' id='word_1_196' title='bbox 359 1430 469 1465; x_wconf 75' lang='lat' dir='ltr'><strong>Agabus</strong></span> <span class='ocrx_word' id='word_1_197' title='bbox 492 1430 665 1467; x_wconf 73' lang='lat' dir='ltr'><strong>signiﬁcabat</strong></span> <span class='ocrx_word' id='word_1_198' title='bbox 693 1439 740 1466; x_wconf 87' lang='lat' dir='ltr'><strong>per</strong></span> <span class='ocrx_word' id='word_1_199' title='bbox 759 1431 892 1467; x_wconf 89' lang='lat' dir='ltr'><strong>Spiritum</strong></span> 
     </span>
    </p>
   </div>
   <div class='ocr_carea' id='block_1_31' title="bbox 110 1477 892 1515">
    <p class='ocr_par' dir='ltr' id='par_1_31' title="bbox 110 1477 892 1515">
     <span class='ocr_line' id='line_1_32' title="bbox 110 1477 892 1515; baseline 0.006 -12"><span class='ocrx_word' id='word_1_200' title='bbox 110 1485 118 1503; x_wconf 89' lang='grc' dir='ltr'><strong>ι</strong></span> <span class='ocrx_word' id='word_1_201' title='bbox 137 1477 240 1504; x_wconf 83' lang='lat' dir='ltr'><strong>famem</strong></span> <span class='ocrx_word' id='word_1_202' title='bbox 254 1485 380 1513; x_wconf 74' lang='lat' dir='ltr'><strong>magnam</strong></span> <span class='ocrx_word' id='word_1_203' title='bbox 405 1478 525 1506; x_wconf 82' lang='lat' dir='ltr'><strong>futuram</strong></span> <span class='ocrx_word' id='word_1_204' title='bbox 547 1479 574 1507; x_wconf 89' lang='lat' dir='ltr'><strong>in</strong></span> <span class='ocrx_word' id='word_1_205' title='bbox 592 1479 720 1508; x_wconf 83' lang='lat' dir='ltr'><strong>universo</strong></span> <span class='ocrx_word' id='word_1_206' title='bbox 734 1480 812 1512; x_wconf 85' lang='lat' dir='ltr'><strong>orbe,</strong></span> <span class='ocrx_word' id='word_1_207' title='bbox 832 1488 892 1515; x_wconf 69' lang='lat' dir='ltr'><strong>qua:</strong></span> 
     </span>
    </p>
   </div>
   <div class='ocr_carea' id='block_1_32' title="bbox 937 244 1721 281">
    <p class='ocr_par' dir='ltr' id='par_1_32' title="bbox 937 244 1721 281">
     <span class='ocr_line' id='line_1_33' title="bbox 937 244 1721 281; baseline 0.003 -11"><span class='ocrx_word' id='word_1_208' title='bbox 937 244 998 271; x_wconf 83' lang='grc' dir='ltr'>κατ’</span> <span class='ocrx_word' id='word_1_209' title='bbox 1012 245 1106 272; x_wconf 85' lang='grc' dir='ltr'>οὐσίαν</span> <span class='ocrx_word' id='word_1_210' title='bbox 1119 245 1218 279; x_wconf 76' lang='grc' dir='ltr'>ἀγαθὸς</span> <span class='ocrx_word' id='word_1_211' title='bbox 1236 246 1364 281; x_wconf 66' lang='grc' dir='ltr'>ὑπάρχει,</span> <span class='ocrx_word' id='word_1_212' title='bbox 1382 246 1452 281; x_wconf 67' lang='grc' dir='ltr'>ἀρχὴ</span> <span class='ocrx_word' id='word_1_213' title='bbox 1466 246 1514 272; x_wconf 84' lang='grc' dir='ltr'>καὶ</span> <span class='ocrx_word' id='word_1_214' title='bbox 1527 245 1601 281; x_wconf 80' lang='grc' dir='ltr'>πηγὴ</span> <span class='ocrx_word' id='word_1_215' title='bbox 1616 245 1654 272; x_wconf 85' lang='grc' dir='ltr'>ὣν</span> <span class='ocrx_word' id='word_1_216' title='bbox 1666 247 1721 272; x_wconf 78' lang='grc' dir='ltr'>τῶν</span> 
     </span>
    </p>
   </div>
   <div class='ocr_carea' id='block_1_33' title="bbox 937 291 1721 327">
    <p class='ocr_par' dir='ltr' id='par_1_33' title="bbox 937 291 1721 327">
     <span class='ocr_line' id='line_1_34' title="bbox 937 291 1721 327; baseline 0.001 -10"><span class='ocrx_word' id='word_1_217' title='bbox 937 291 1047 324; x_wconf 74' lang='grc' dir='ltr'>ἀγαθῶν</span> <span class='ocrx_word' id='word_1_218' title='bbox 1061 300 1067 306; x_wconf 94' lang='grc'><strong>·</strong></span> <span class='ocrx_word' id='word_1_219' title='bbox 1085 293 1099 318; x_wconf 99' lang='lat'><strong>6</strong></span> <span class='ocrx_word' id='word_1_220' title='bbox 1115 292 1224 327; x_wconf 71' lang='grc' dir='ltr'>δὲ’ἁνὴρ</span> <span class='ocrx_word' id='word_1_221' title='bbox 1239 293 1269 318; x_wconf 88' lang='grc' dir='ltr'>οὺ</span> <span class='ocrx_word' id='word_1_222' title='bbox 1285 293 1345 318; x_wconf 84' lang='grc' dir='ltr'>κατ’</span> <span class='ocrx_word' id='word_1_223' title='bbox 1361 292 1464 324; x_wconf 83' lang='grc' dir='ltr'>οὐσίαν,</span> <span class='ocrx_word' id='word_1_224' title='bbox 1477 292 1535 319; x_wconf 81' lang='grc' dir='ltr'>ἀλλ’</span> <span class='ocrx_word' id='word_1_225' title='bbox 1550 293 1579 318; x_wconf 77' lang='grc' dir='ltr'>ἐν</span> <span class='ocrx_word' id='word_1_226' title='bbox 1590 292 1721 326; x_wconf 71' lang='grc' dir='ltr'>ἀναλήψει</span> 
     </span>
    </p>
   </div>
   <div class='ocr_carea' id='block_1_34' title="bbox 937 337 1720 375">
    <p class='ocr_par' dir='ltr' id='par_1_34' title="bbox 937 337 1720 375">
     <span class='ocr_line' id='line_1_35' title="bbox 937 337 1720 375; baseline -0.001 -9"><span class='ocrx_word' id='word_1_227' title='bbox 937 338 1038 374; x_wconf 81' lang='grc' dir='ltr'>ἀρετῆς</span> <span class='ocrx_word' id='word_1_228' title='bbox 1052 339 1108 374; x_wconf 76' lang='grc' dir='ltr'>ἔχει</span> <span class='ocrx_word' id='word_1_229' title='bbox 1120 339 1151 365; x_wconf 84' lang='grc' dir='ltr'><strong>τὺ</strong></span> <span class='ocrx_word' id='word_1_230' title='bbox 1165 339 1266 372; x_wconf 76' lang='grc' dir='ltr'>ἀγαθὸν</span> <span class='ocrx_word' id='word_1_231' title='bbox 1281 337 1361 365; x_wconf 67' lang='grc' dir='ltr'>εἶναι.</span> <span class='ocrx_word' id='word_1_232' title='bbox 1383 339 1420 365; x_wconf 84' lang='grc' dir='ltr'><strong>Οὐ</strong></span> <span class='ocrx_word' id='word_1_233' title='bbox 1432 339 1486 375; x_wconf 86' lang='grc' dir='ltr'><strong>γάρ</strong></span> <span class='ocrx_word' id='word_1_234' title='bbox 1499 339 1592 370; x_wconf 84' lang='grc' dir='ltr'>ἀπλῶς</span> <span class='ocrx_word' id='word_1_235' title='bbox 1608 339 1720 372; x_wconf 76' lang='grc' dir='ltr'>ἀγαθὸς,</span> 
     </span>
    </p>
   </div>
   <div class='ocr_carea' id='block_1_35' title="bbox 937 383 1723 420">
    <p class='ocr_par' dir='ltr' id='par_1_35' title="bbox 937 383 1723 420">
     <span class='ocr_line' id='line_1_36' title="bbox 937 383 1723 420; baseline -0.001 -8"><span class='ocrx_word' id='word_1_236' title='bbox 937 385 996 412; x_wconf 79' lang='grc' dir='ltr'>ἀλλ’</span> <span class='ocrx_word' id='word_1_237' title='bbox 1007 385 1076 420; x_wconf 83' lang='grc' dir='ltr'>ἀνὴρ</span> <span class='ocrx_word' id='word_1_238' title='bbox 1088 384 1199 419; x_wconf 78' lang='grc' dir='ltr'>ἀγαθός.</span> <span class='ocrx_word' id='word_1_239' title='bbox 1214 385 1261 416; x_wconf 69' lang='lat' dir='ltr'><strong>Et;</strong></span> <span class='ocrx_word' id='word_1_240' title='bbox 1271 384 1350 411; x_wconf 83' lang='grc' dir='ltr'>τοῦτο</span> <span class='ocrx_word' id='word_1_241' title='bbox 1361 383 1408 411; x_wconf 79' lang='grc' dir='ltr'>οὖν</span> <span class='ocrx_word' id='word_1_242' title='bbox 1419 385 1491 420; x_wconf 78' lang='grc' dir='ltr'>λήψῃ</span> <span class='ocrx_word' id='word_1_243' title='bbox 1502 386 1548 412; x_wconf 75' lang='grc' dir='ltr'>καὶ</span> <span class='ocrx_word' id='word_1_244' title='bbox 1559 385 1599 417; x_wconf 81' lang='grc' dir='ltr'><strong>τὺ,</strong></span> <span class='ocrx_word' id='word_1_245' title='bbox 1613 394 1622 410; x_wconf 75' lang='grc' dir='ltr'><strong>ι</strong></span> <span class='ocrx_word' id='word_1_246' title='bbox 1638 385 1723 418; x_wconf 86' lang='grc' dir='ltr'><strong>Ἀγα-</strong></span> 
     </span>
    </p>
   </div>
   <div class='ocr_carea' id='block_1_36' title="bbox 937 430 1724 468">
    <p class='ocr_par' dir='ltr' id='par_1_36' title="bbox 937 430 1724 468">
     <span class='ocr_line' id='line_1_37' title="bbox 937 430 1724 468; baseline -0.003 -9"><span class='ocrx_word' id='word_1_247' title='bbox 937 432 1155 468; x_wconf 60' lang='grc' dir='ltr'>Θὺςᾞνθρωπος,</span> <span class='ocrx_word' id='word_1_248' title='bbox 1176 441 1186 458; x_wconf 70' lang='grc' dir='ltr'><strong>ι</strong></span> <span class='ocrx_word' id='word_1_249' title='bbox 1206 432 1254 458; x_wconf 79' lang='grc' dir='ltr'>καὶ</span> <span class='ocrx_word' id='word_1_250' title='bbox 1280 432 1321 465; x_wconf 80' lang='grc' dir='ltr'>τὸ,</span> <span class='ocrx_word' id='word_1_251' title='bbox 1340 441 1351 457; x_wconf 85' lang='grc'><em>‹</em></span> <span class='ocrx_word' id='word_1_252' title='bbox 1367 432 1448 466; x_wconf 79' lang='grc' dir='ltr'>Εὖγε,</span> <span class='ocrx_word' id='word_1_253' title='bbox 1474 431 1550 458; x_wconf 83' lang='grc' dir='ltr'><strong>δοῦλε</strong></span> <span class='ocrx_word' id='word_1_254' title='bbox 1572 430 1659 466; x_wconf 71' lang='grc' dir='ltr'>ἀγαθὲ</span> <span class='ocrx_word' id='word_1_255' title='bbox 1676 431 1724 458; x_wconf 74' lang='grc' dir='ltr'><strong>καὶ</strong></span> 
     </span>
    </p>
   </div>
   <div class='ocr_carea' id='block_1_37' title="bbox 937 477 1408 512">
    <p class='ocr_par' dir='ltr' id='par_1_37' title="bbox 937 477 1408 512">
     <span class='ocr_line' id='line_1_38' title="bbox 937 477 1408 512; baseline 0 -8"><span class='ocrx_word' id='word_1_256' title='bbox 937 477 1028 511; x_wconf 75' lang='grc' dir='ltr'>πιστὲ,</span> <span class='ocrx_word' id='word_1_257' title='bbox 1048 487 1057 504; x_wconf 73' lang='grc' dir='ltr'><strong>ι</strong></span> <span class='ocrx_word' id='word_1_258' title='bbox 1081 478 1128 504; x_wconf 79' lang='grc' dir='ltr'>καὶ</span> <span class='ocrx_word' id='word_1_259' title='bbox 1145 477 1180 504; x_wconf 79' lang='grc' dir='ltr'><strong>τὰ</strong></span> <span class='ocrx_word' id='word_1_260' title='bbox 1193 477 1300 509; x_wconf 76' lang='grc' dir='ltr'><strong>τούτοις</strong></span> <span class='ocrx_word' id='word_1_261' title='bbox 1314 477 1408 512; x_wconf 79' lang='grc' dir='ltr'>ὃμοια.</span> 
     </span>
    </p>
   </div>
   <div class='ocr_carea' id='block_1_38' title="bbox 975 562 1725 600">
    <p class='ocr_par' dir='ltr' id='par_1_38' title="bbox 975 562 1725 600">
     <span class='ocr_line' id='line_1_39' title="bbox 975 562 1725 600; baseline -0.004 -9"><span class='ocrx_word' id='word_1_262' title='bbox 975 574 985 590; x_wconf 78' lang='grc' dir='ltr'><strong>ι</strong></span> <span class='ocrx_word' id='word_1_263' title='bbox 1003 565 1178 600; x_wconf 79' lang='grc' dir='ltr'>Χρηματίσαι</span> <span class='ocrx_word' id='word_1_264' title='bbox 1196 572 1226 590; x_wconf 82' lang='grc' dir='ltr'><strong>τε</strong></span> <span class='ocrx_word' id='word_1_265' title='bbox 1250 564 1357 600; x_wconf 86' lang='grc' dir='ltr'>πρῶτον</span> <span class='ocrx_word' id='word_1_266' title='bbox 1374 563 1403 590; x_wconf 81' lang='grc' dir='ltr'>ὲν</span> <span class='ocrx_word' id='word_1_267' title='bbox 1422 562 1574 598; x_wconf 84' lang='grc' dir='ltr'>Ἀντιοχείᾳ</span> <span class='ocrx_word' id='word_1_268' title='bbox 1593 562 1658 594; x_wconf 77' lang='grc' dir='ltr'>τοὺς</span> <span class='ocrx_word' id='word_1_269' title='bbox 1674 570 1725 597; x_wconf 69' lang='grc' dir='ltr'>μαα</span> 
     </span>
    </p>
   </div>
   <div class='ocr_carea' id='block_1_39' title="bbox 941 610 1283 645">
    <p class='ocr_par' dir='ltr' id='par_1_39' title="bbox 941 610 1283 645">
     <span class='ocr_line' id='line_1_40' title="bbox 941 610 1283 645; baseline -0.003 -8"><span class='ocrx_word' id='word_1_270' title='bbox 941 621 951 637; x_wconf 81' lang='lat' dir='ltr'><strong>t</strong></span> <span class='ocrx_word' id='word_1_271' title='bbox 969 610 1052 645; x_wconf 79' lang='grc' dir='ltr'>θητὰς</span> <span class='ocrx_word' id='word_1_272' title='bbox 1069 611 1257 645; x_wconf 81' lang='grc' dir='ltr'>Χριστιανούς.</span> <span class='ocrx_word' id='word_1_273' title='bbox 1274 619 1283 636; x_wconf 71' lang='grc' dir='ltr'><strong>ι</strong></span> 
     </span>
    </p>
   </div>
   <div class='ocr_carea' id='block_1_40' title="bbox 974 675 1725 713">
    <p class='ocr_par' dir='ltr' id='par_1_40' title="bbox 974 675 1725 713">
     <span class='ocr_line' id='line_1_41' title="bbox 974 675 1725 713; baseline -0.003 -9"><span class='ocrx_word' id='word_1_274' title='bbox 974 677 1079 704; x_wconf 77' lang='grc' dir='ltr'><strong>Παύλου</strong></span> <span class='ocrx_word' id='word_1_275' title='bbox 1105 678 1152 704; x_wconf 79' lang='grc' dir='ltr'>καὶ</span> <span class='ocrx_word' id='word_1_276' title='bbox 1179 677 1258 704; x_wconf 85' lang='grc' dir='ltr'>τοῦτο</span> <span class='ocrx_word' id='word_1_277' title='bbox 1285 677 1315 703; x_wconf 80' lang='grc' dir='ltr'><strong>τὸ</strong></span> <span class='ocrx_word' id='word_1_278' title='bbox 1341 676 1506 713; x_wconf 74' lang='grc' dir='ltr'>κατόρθωμα</span> <span class='ocrx_word' id='word_1_279' title='bbox 1534 677 1575 708; x_wconf 83' lang='grc' dir='ltr'><strong>είς</strong></span> <span class='ocrx_word' id='word_1_280' title='bbox 1599 675 1725 703; x_wconf 80' lang='grc' dir='ltr'>τοσοῦτον</span> 
     </span>
    </p>
   </div>
   <div class='ocr_carea' id='block_1_41' title="bbox 939 723 1724 759">
    <p class='ocr_par' dir='ltr' id='par_1_41' title="bbox 939 723 1724 759">
     <span class='ocr_line' id='line_1_42' title="bbox 939 723 1724 759; baseline -0.003 -9"><span class='ocrx_word' id='word_1_281' title='bbox 939 724 1038 759; x_wconf 71' lang='grc' dir='ltr'>ἐπᾶραι</span> <span class='ocrx_word' id='word_1_282' title='bbox 1054 724 1120 758; x_wconf 76' lang='grc' dir='ltr'>ὕψος</span> <span class='ocrx_word' id='word_1_283' title='bbox 1134 724 1228 759; x_wconf 83' lang='grc' dir='ltr'>ὥσπερ</span> <span class='ocrx_word' id='word_1_284' title='bbox 1246 732 1273 750; x_wconf 87' lang='grc' dir='ltr'><strong>τι</strong></span> <span class='ocrx_word' id='word_1_285' title='bbox 1294 725 1406 758; x_wconf 83' lang='grc' dir='ltr'>σημεῖον</span> <span class='ocrx_word' id='word_1_286' title='bbox 1419 723 1450 749; x_wconf 84' lang='grc' dir='ltr'><strong>τδ</strong></span> <span class='ocrx_word' id='word_1_287' title='bbox 1474 723 1568 757; x_wconf 78' lang='grc' dir='ltr'>δνομα.</span> <span class='ocrx_word' id='word_1_288' title='bbox 1595 723 1641 749; x_wconf 80' lang='grc' dir='ltr'>Ἐν</span> <span class='ocrx_word' id='word_1_289' title='bbox 1669 723 1724 757; x_wconf 79' lang='grc' dir='ltr'><strong>γὰρ</strong></span> 
     </span>
    </p>
   </div>
   <div class='ocr_carea' id='block_1_42' title="bbox 939 769 1725 806">
    <p class='ocr_par' dir='ltr' id='par_1_42' title="bbox 939 769 1725 806">
     <span class='ocr_line' id='line_1_43' title="bbox 939 769 1725 806; baseline -0.004 -9"><span class='ocrx_word' id='word_1_290' title='bbox 939 771 972 806; x_wconf 81' lang='grc' dir='ltr'><strong>τῇ</strong></span> <span class='ocrx_word' id='word_1_291' title='bbox 1004 770 1119 806; x_wconf 79' lang='grc' dir='ltr'>Ἰουδαίᾳ</span> <span class='ocrx_word' id='word_1_292' title='bbox 1145 770 1281 797; x_wconf 81' lang='grc' dir='ltr'><strong>τοσούτων</strong></span> <span class='ocrx_word' id='word_1_293' title='bbox 1307 769 1393 796; x_wconf 73' lang='grc' dir='ltr'>ὄντων</span> <span class='ocrx_word' id='word_1_294' title='bbox 1426 769 1480 795; x_wconf 86' lang='grc' dir='ltr'><strong>τῶν</strong></span> <span class='ocrx_word' id='word_1_295' title='bbox 1511 769 1725 799; x_wconf 82' lang='grc' dir='ltr'>πιστευσάντων,</span> 
     </span>
    </p>
   </div>
   <div class='ocr_carea' id='block_1_43' title="bbox 939 813 1725 850">
    <p class='ocr_par' dir='ltr' id='par_1_43' title="bbox 939 813 1725 850">
     <span class='ocr_line' id='line_1_44' title="bbox 939 813 1725 850; baseline -0.004 -7"><span class='ocrx_word' id='word_1_296' title='bbox 939 816 1015 843; x_wconf 76' lang='grc' dir='ltr'>οὐδὲν</span> <span class='ocrx_word' id='word_1_297' title='bbox 1030 816 1151 843; x_wconf 79' lang='grc' dir='ltr'>τοιοῦτον</span> <span class='ocrx_word' id='word_1_298' title='bbox 1174 816 1295 850; x_wconf 86' lang='grc' dir='ltr'>γέγονεν,</span> <span class='ocrx_word' id='word_1_299' title='bbox 1320 815 1378 842; x_wconf 85' lang='grc' dir='ltr'>ἀλλ’</span> <span class='ocrx_word' id='word_1_300' title='bbox 1401 814 1426 842; x_wconf 86' lang='grc' dir='ltr'><strong>οί</strong></span> <span class='ocrx_word' id='word_1_301' title='bbox 1450 814 1500 849; x_wconf 84' lang='grc' dir='ltr'>τῆς</span> <span class='ocrx_word' id='word_1_302' title='bbox 1530 813 1589 840; x_wconf 72' lang='grc' dir='ltr'>ὁδοῦ</span> <span class='ocrx_word' id='word_1_303' title='bbox 1616 814 1725 847; x_wconf 71' lang='grc' dir='ltr'>ἤκουον.</span> 
     </span>
    </p>
   </div>
   <div class='ocr_carea' id='block_1_44' title="bbox 905 859 1727 905">
    <p class='ocr_par' dir='ltr' id='par_1_44' title="bbox 905 859 1727 905">
     <span class='ocr_line' id='line_1_45' title="bbox 905 859 1727 905; baseline -0.004 -16"><span class='ocrx_word' id='word_1_304' title='bbox 905 877 927 905; x_wconf 65' lang='grc' dir='ltr'><strong>Β</strong></span> <span class='ocrx_word' id='word_1_305' title='bbox 942 863 1114 897; x_wconf 83' lang='grc' dir='ltr'>Σημειωτέον</span> <span class='ocrx_word' id='word_1_306' title='bbox 1134 863 1161 890; x_wconf 80' lang='grc' dir='ltr'><strong>δι</strong></span> <span class='ocrx_word' id='word_1_307' title='bbox 1176 863 1217 889; x_wconf 86' lang='grc' dir='ltr'>ὅτι</span> <span class='ocrx_word' id='word_1_308' title='bbox 1238 862 1282 888; x_wconf 81' lang='grc' dir='ltr'><strong>διὰ</strong></span> <span class='ocrx_word' id='word_1_309' title='bbox 1304 862 1383 888; x_wconf 79' lang='grc' dir='ltr'>τοῦτο</span> <span class='ocrx_word' id='word_1_310' title='bbox 1411 861 1512 896; x_wconf 78' lang='grc' dir='ltr'>μᾶλλον</span> <span class='ocrx_word' id='word_1_311' title='bbox 1533 862 1550 896; x_wconf 83' lang='grc' dir='ltr'>ή</span> <span class='ocrx_word' id='word_1_312' title='bbox 1577 859 1727 894; x_wconf 70' lang='grc' dir='ltr'>Ἀντιόχεια</span> 
     </span>
    </p>
   </div>
   <div class='ocr_carea' id='block_1_45' title="bbox 942 905 1727 943">
    <p class='ocr_par' dir='ltr' id='par_1_45' title="bbox 942 905 1727 943">
     <span class='ocr_line' id='line_1_46' title="bbox 942 905 1727 943; baseline -0.005 -9"><span class='ocrx_word' id='word_1_313' title='bbox 942 908 1036 943; x_wconf 84' lang='grc' dir='ltr'><strong>θρόνου</strong></span> <span class='ocrx_word' id='word_1_314' title='bbox 1067 907 1171 942; x_wconf 75' lang='grc' dir='ltr'><strong>ἠξιώθη</strong></span> <span class='ocrx_word' id='word_1_315' title='bbox 1200 906 1372 942; x_wconf 81' lang='grc' dir='ltr'>ἀρχοντικοῢ,</span> <span class='ocrx_word' id='word_1_316' title='bbox 1405 906 1499 940; x_wconf 71' lang='grc' dir='ltr'>ἐπειδὴ</span> <span class='ocrx_word' id='word_1_317' title='bbox 1533 906 1592 932; x_wconf 76' lang='grc' dir='ltr'>ἐκεῖ</span> <span class='ocrx_word' id='word_1_318' title='bbox 1620 905 1727 939; x_wconf 82' lang='grc' dir='ltr'>πρῶτον</span> 
     </span>
    </p>
   </div>
   <div class='ocr_carea' id='block_1_46' title="bbox 941 949 1727 988">
    <p class='ocr_par' dir='ltr' id='par_1_46' title="bbox 941 949 1727 988">
     <span class='ocr_line' id='line_1_47' title="bbox 941 949 1727 988; baseline -0.004 -9"><span class='ocrx_word' id='word_1_319' title='bbox 941 952 1128 988; x_wconf 73' lang='grc' dir='ltr'>ἐχρημάτισαν</span> <span class='ocrx_word' id='word_1_320' title='bbox 1138 953 1163 980; x_wconf 77' lang='grc' dir='ltr'>οἱ</span> <span class='ocrx_word' id='word_1_321' title='bbox 1175 953 1296 988; x_wconf 79' lang='grc' dir='ltr'>μαθηταὶ</span> <span class='ocrx_word' id='word_1_322' title='bbox 1309 952 1450 979; x_wconf 78' lang='grc' dir='ltr'>καλεῖσθαι</span> <span class='ocrx_word' id='word_1_323' title='bbox 1460 951 1630 986; x_wconf 83' lang='grc' dir='ltr'>Χριστιανοί.</span> <span class='ocrx_word' id='word_1_324' title='bbox 1641 949 1727 977; x_wconf 85' lang='grc' dir='ltr'>Τοῦτο</span> 
     </span>
    </p>
   </div>
   <div class='ocr_carea' id='block_1_47' title="bbox 940 997 1537 1034">
    <p class='ocr_par' dir='ltr' id='par_1_47' title="bbox 940 997 1537 1034">
     <span class='ocr_line' id='line_1_48' title="bbox 940 997 1537 1034; baseline -0.003 -9"><span class='ocrx_word' id='word_1_325' title='bbox 940 997 969 1025; x_wconf 74' lang='grc' dir='ltr'>δὲ</span> <span class='ocrx_word' id='word_1_326' title='bbox 984 999 1015 1025; x_wconf 81' lang='grc' dir='ltr'><strong>τὺ</strong></span> <span class='ocrx_word' id='word_1_327' title='bbox 1027 999 1111 1034; x_wconf 77' lang='grc' dir='ltr'>δνομα</span> <span class='ocrx_word' id='word_1_328' title='bbox 1125 999 1272 1030; x_wconf 79' lang='grc' dir='ltr'>πολυθεῖας</span> <span class='ocrx_word' id='word_1_329' title='bbox 1288 999 1363 1025; x_wconf 67' lang='grc' dir='ltr'>ἐστὶν</span> <span class='ocrx_word' id='word_1_330' title='bbox 1380 997 1537 1024; x_wconf 86' lang='grc' dir='ltr'>ἀντίπαλον.</span> 
     </span>
    </p>
   </div>
   <div class='ocr_carea' id='block_1_48' title="bbox 1237 1136 1427 1164">
    <p class='ocr_par' dir='ltr' id='par_1_48' title="bbox 1237 1136 1427 1164">
     <span class='ocr_line' id='line_1_49' title="bbox 1237 1136 1427 1164; baseline 0 0"><span class='ocrx_word' id='word_1_331' title='bbox 1237 1137 1364 1164; x_wconf 79' lang='grc' dir='ltr'><strong>ΚΕΦΛΛ.</strong></span> <span class='ocrx_word' id='word_1_332' title='bbox 1378 1136 1427 1164; x_wconf 90' lang='lat' dir='ltr'><strong>IZ&#39;.</strong></span> 
     </span>
    </p>
   </div>
   <div class='ocr_carea' id='block_1_49' title="bbox 941 1212 1729 1249">
    <p class='ocr_par' dir='ltr' id='par_1_49' title="bbox 941 1212 1729 1249">
     <span class='ocr_line' id='line_1_50' title="bbox 941 1212 1729 1249; baseline -0.004 -7"><span class='ocrx_word' id='word_1_333' title='bbox 941 1214 1109 1249; x_wconf 73' lang='grc' dir='ltr'>Προφητεία</span> <span class='ocrx_word' id='word_1_334' title='bbox 1143 1214 1268 1248; x_wconf 71' lang='grc' dir='ltr'>Ἀτὰϐου</span> <span class='ocrx_word' id='word_1_335' title='bbox 1300 1213 1370 1249; x_wconf 71' lang='grc' dir='ltr'>περι</span> <span class='ocrx_word' id='word_1_336' title='bbox 1393 1212 1484 1248; x_wconf 79' lang='grc' dir='ltr'>λιμοῦ</span> <span class='ocrx_word' id='word_1_337' title='bbox 1510 1212 1729 1249; x_wconf 61' lang='grc' dir='ltr'>οικουμεκιξιοῦ,</span> 
     </span>
    </p>
   </div>
   <div class='ocr_carea' id='block_1_50' title="bbox 976 1247 1725 1293">
    <p class='ocr_par' dir='ltr' id='par_1_50' title="bbox 976 1247 1725 1293">
     <span class='ocr_line' id='line_1_51' title="bbox 976 1247 1725 1293; baseline -0.003 -17"><span class='ocrx_word' id='word_1_338' title='bbox 976 1247 1227 1293; x_wconf 53' lang='grc' dir='ltr'>κὰὶ¹’καρποφορία</span> <span class='ocrx_word' id='word_1_339' title='bbox 1241 1249 1316 1283; x_wconf 82' lang='grc' dir='ltr'>πρὸς</span> <span class='ocrx_word' id='word_1_340' title='bbox 1326 1248 1398 1282; x_wconf 81' lang='grc' dir='ltr'>τοὺς</span> <span class='ocrx_word' id='word_1_341' title='bbox 1409 1247 1444 1275; x_wconf 58' lang='grc' dir='ltr'>ἐν</span> <span class='ocrx_word' id='word_1_342' title='bbox 1461 1248 1620 1283; x_wconf 76' lang='grc' dir='ltr'><strong>Ἀντιοχείᾳ</strong></span> <span class='ocrx_word' id='word_1_343' title='bbox 1637 1247 1725 1275; x_wconf 69' lang='grc' dir='ltr'>ἀδελ-</span> 
     </span>
    </p>
   </div>
   <div class='ocr_carea' id='block_1_51' title="bbox 977 1293 1066 1319">
    <p class='ocr_par' dir='ltr' id='par_1_51' title="bbox 977 1293 1066 1319">
     <span class='ocr_line' id='line_1_52' title="bbox 977 1293 1066 1319; baseline 0.011 -8"><span class='ocrx_word' id='word_1_344' title='bbox 977 1293 1066 1319; x_wconf 76' lang='grc' dir='ltr'>φους.</span> 
     </span>
    </p>
   </div>
   <div class='ocr_carea' id='block_1_52' title="bbox 982 1349 1728 1386">
    <p class='ocr_par' dir='ltr' id='par_1_52' title="bbox 982 1349 1728 1386">
     <span class='ocr_line' id='line_1_53' title="bbox 982 1349 1728 1386; baseline -0.003 -8"><span class='ocrx_word' id='word_1_345' title='bbox 982 1361 992 1378; x_wconf 86' lang='grc' dir='ltr'><strong>ι</strong></span> <span class='ocrx_word' id='word_1_346' title='bbox 1011 1351 1057 1378; x_wconf 84' lang='grc' dir='ltr'>Ἐν</span> <span class='ocrx_word' id='word_1_347' title='bbox 1083 1351 1197 1382; x_wconf 84' lang='grc' dir='ltr'><strong>ταύταις</strong></span> <span class='ocrx_word' id='word_1_348' title='bbox 1221 1351 1250 1378; x_wconf 82' lang='grc' dir='ltr'>δὲ</span> <span class='ocrx_word' id='word_1_349' title='bbox 1277 1352 1338 1382; x_wconf 82' lang='grc' dir='ltr'>ταῖς</span> <span class='ocrx_word' id='word_1_350' title='bbox 1367 1349 1487 1386; x_wconf 76' lang='grc' dir='ltr'>ἡμέραις</span> <span class='ocrx_word' id='word_1_351' title='bbox 1515 1349 1651 1384; x_wconf 85' lang='grc' dir='ltr'>κατῆλθον</span> <span class='ocrx_word' id='word_1_352' title='bbox 1675 1350 1728 1376; x_wconf 76' lang='grc' dir='ltr'>ἀπὸ</span> 
     </span>
    </p>
   </div>
   <div class='ocr_carea' id='block_1_53' title="bbox 945 1395 1731 1433">
    <p class='ocr_par' dir='ltr' id='par_1_53' title="bbox 945 1395 1731 1433">
     <span class='ocr_line' id='line_1_54' title="bbox 945 1395 1731 1433; baseline -0.003 -9"><span class='ocrx_word' id='word_1_353' title='bbox 945 1406 956 1424; x_wconf 81' lang='grc' dir='ltr'><strong>ι</strong></span> <span class='ocrx_word' id='word_1_354' title='bbox 980 1397 1176 1433; x_wconf 76' lang='grc' dir='ltr'><strong>Ἱεροσολύμων</strong></span> <span class='ocrx_word' id='word_1_355' title='bbox 1198 1396 1336 1432; x_wconf 74' lang='grc' dir='ltr'><strong>προφῆται</strong></span> <span class='ocrx_word' id='word_1_356' title='bbox 1349 1397 1388 1428; x_wconf 86' lang='grc' dir='ltr'><strong>είς</strong></span> <span class='ocrx_word' id='word_1_357' title='bbox 1403 1396 1578 1431; x_wconf 81' lang='grc' dir='ltr'>Ἀντιόχειαν.</span> <span class='ocrx_word' id='word_1_358' title='bbox 1599 1395 1731 1427; x_wconf 76' lang='grc' dir='ltr'>’Δναστάς</span> 
     </span>
    </p>
   </div>
   <div class='ocr_carea' id='block_1_54' title="bbox 946 1440 1731 1477">
    <p class='ocr_par' dir='ltr' id='par_1_54' title="bbox 946 1440 1731 1477">
     <span class='ocr_line' id='line_1_55' title="bbox 946 1440 1731 1477; baseline -0.003 -7"><span class='ocrx_word' id='word_1_359' title='bbox 946 1452 956 1469; x_wconf 82' lang='grc' dir='ltr'><strong>ι</strong></span> <span class='ocrx_word' id='word_1_360' title='bbox 975 1443 1004 1470; x_wconf 72' lang='grc' dir='ltr'>δὲ</span> <span class='ocrx_word' id='word_1_361' title='bbox 1027 1440 1067 1474; x_wconf 68' lang='grc' dir='ltr'>εἷς</span> <span class='ocrx_word' id='word_1_362' title='bbox 1087 1443 1116 1476; x_wconf 72' lang='grc' dir='ltr'><strong>ἐξ</strong></span> <span class='ocrx_word' id='word_1_363' title='bbox 1135 1443 1224 1470; x_wconf 82' lang='grc' dir='ltr'>αὐτῶν</span> <span class='ocrx_word' id='word_1_364' title='bbox 1248 1443 1361 1477; x_wconf 81' lang='grc' dir='ltr'>ὀνόματι</span> <span class='ocrx_word' id='word_1_365' title='bbox 1390 1441 1520 1476; x_wconf 75' lang='grc' dir='ltr'>Ἄγαϐος,</span> <span class='ocrx_word' id='word_1_366' title='bbox 1543 1442 1663 1477; x_wconf 72' lang='grc' dir='ltr'>ἀσήμανε</span> <span class='ocrx_word' id='word_1_367' title='bbox 1687 1441 1731 1468; x_wconf 85' lang='grc' dir='ltr'><strong>διὰ</strong></span> 
     </span>
    </p>
   </div>
   <div class='ocr_carea' id='block_1_55' title="bbox 946 1487 1731 1523">
    <p class='ocr_par' dir='ltr' id='par_1_55' title="bbox 946 1487 1731 1523">
     <span class='ocr_line' id='line_1_56' title="bbox 946 1487 1731 1523; baseline -0.005 -7"><span class='ocrx_word' id='word_1_368' title='bbox 946 1498 956 1516; x_wconf 79' lang='lat' dir='ltr'><strong>t</strong></span> <span class='ocrx_word' id='word_1_369' title='bbox 975 1489 1021 1516; x_wconf 81' lang='grc' dir='ltr'><strong>τοῦ</strong></span> <span class='ocrx_word' id='word_1_370' title='bbox 1036 1488 1205 1523; x_wconf 79' lang='grc' dir='ltr'>ΙΙνεύματος.</span> <span class='ocrx_word' id='word_1_371' title='bbox 1224 1487 1304 1522; x_wconf 83' lang='grc' dir='ltr'>λιμὸν</span> <span class='ocrx_word' id='word_1_372' title='bbox 1330 1487 1418 1523; x_wconf 64' lang='grc' dir='ltr'>μέγαν</span> <span class='ocrx_word' id='word_1_373' title='bbox 1441 1487 1549 1522; x_wconf 72' lang='grc' dir='ltr'>μέλλειν</span> <span class='ocrx_word' id='word_1_374' title='bbox 1563 1487 1671 1514; x_wconf 68' lang='grc' dir='ltr'>ἔσεσθαι</span> <span class='ocrx_word' id='word_1_375' title='bbox 1688 1487 1731 1521; x_wconf 67' lang='grc' dir='ltr'><strong>ἐφ’</strong></span> 
     </span>
    </p>
   </div>
   <div class='ocr_carea' id='block_1_56' title="bbox 109 1523 890 1570">
    <p class='ocr_par' dir='ltr' id='par_1_56' title="bbox 109 1523 890 1560">
     <span class='ocr_line' id='line_1_57' title="bbox 109 1523 890 1560; baseline 0.004 -11"><span class='ocrx_word' id='word_1_376' title='bbox 109 1532 119 1548; x_wconf 72' lang='grc' dir='ltr'><strong>ι</strong></span> <span class='ocrx_word' id='word_1_377' title='bbox 136 1523 238 1550; x_wconf 86' lang='lat' dir='ltr'><strong>accidit</strong></span> <span class='ocrx_word' id='word_1_378' title='bbox 263 1525 315 1551; x_wconf 89' lang='lat' dir='ltr'><strong>sub</strong></span> <span class='ocrx_word' id='word_1_379' title='bbox 341 1523 457 1553; x_wconf 88' lang='lat' dir='ltr'><strong>Claudio</strong></span> <span class='ocrx_word' id='word_1_380' title='bbox 486 1525 605 1553; x_wconf 60' lang='lat' dir='ltr'><strong>Caesare.</strong></span> <span class='ocrx_word' id='word_1_381' title='bbox 633 1525 764 1560; x_wconf 86' lang='lat' dir='ltr'><strong>Discipuli</strong></span> <span class='ocrx_word' id='word_1_382' title='bbox 789 1530 890 1558; x_wconf 82' lang='lat' dir='ltr'><strong>autem,</strong></span> 
     </span>
    </p>
   </div>
   <div class='ocr_carea' id='block_1_57' title="bbox 977 1523 1732 1570">
    <p class='ocr_par' dir='ltr' id='par_1_57' title="bbox 977 1531 1732 1568">
     <span class='ocr_line' id='line_1_58' title="bbox 977 1531 1732 1568; baseline -0.004 -8"><span class='ocrx_word' id='word_1_383' title='bbox 977 1533 1042 1568; x_wconf 82' lang='grc' dir='ltr'>ὅλην</span> <span class='ocrx_word' id='word_1_384' title='bbox 1051 1534 1101 1567; x_wconf 84' lang='grc' dir='ltr'>τὴν</span> <span class='ocrx_word' id='word_1_385' title='bbox 1113 1532 1287 1568; x_wconf 74' lang='grc' dir='ltr'><strong>οἰκουμένην,</strong></span> <span class='ocrx_word' id='word_1_386' title='bbox 1304 1533 1378 1564; x_wconf 80' lang='grc' dir='ltr'>ὅστις</span> <span class='ocrx_word' id='word_1_387' title='bbox 1390 1533 1437 1559; x_wconf 85' lang='grc' dir='ltr'>καὶ</span> <span class='ocrx_word' id='word_1_388' title='bbox 1452 1532 1560 1566; x_wconf 65' lang='grc' dir='ltr'>ἐγένετο</span> <span class='ocrx_word' id='word_1_389' title='bbox 1575 1532 1622 1558; x_wconf 74' lang='grc' dir='ltr'><strong>ἐπὶ</strong></span> <span class='ocrx_word' id='word_1_390' title='bbox 1639 1531 1732 1558; x_wconf 85' lang='grc' dir='ltr'>Κλαυ-</span> 
     </span>
    </p>
   </div>
   <div class='ocr_carea' id='block_1_58' title="bbox 111 1569 893 1606">
    <p class='ocr_par' dir='ltr' id='par_1_58' title="bbox 111 1569 893 1606">
     <span class='ocr_line' id='line_1_59' title="bbox 111 1569 893 1606; baseline 0.004 -12"><span class='ocrx_word' id='word_1_391' title='bbox 111 1578 119 1594; x_wconf 78' lang='grc' dir='ltr'><strong>ι</strong></span> <span class='ocrx_word' id='word_1_392' title='bbox 139 1572 223 1603; x_wconf 86' lang='lat' dir='ltr'><strong>prout</strong></span> <span class='ocrx_word' id='word_1_393' title='bbox 237 1569 338 1604; x_wconf 87' lang='lat' dir='ltr'><strong>cuique</strong></span> <span class='ocrx_word' id='word_1_394' title='bbox 351 1571 523 1604; x_wconf 76' lang='lat' dir='ltr'><strong>suppetebat,</strong></span> <span class='ocrx_word' id='word_1_395' title='bbox 540 1570 722 1598; x_wconf 85' lang='lat' dir='ltr'><strong>decreverunt</strong></span> <span class='ocrx_word' id='word_1_396' title='bbox 733 1571 851 1606; x_wconf 88' lang='lat' dir='ltr'><strong>quisque</strong></span> <span class='ocrx_word' id='word_1_397' title='bbox 866 1570 893 1597; x_wconf 91' lang='lat' dir='ltr'><strong>in</strong></span> 
     </span>
    </p>
   </div>
   <div class='ocr_carea' id='block_1_59' title="bbox 111 1615 897 1644">
    <p class='ocr_par' dir='ltr' id='par_1_59' title="bbox 111 1615 897 1644">
     <span class='ocr_line' id='line_1_60' title="bbox 111 1615 897 1644; baseline 0.003 -3"><span class='ocrx_word' id='word_1_398' title='bbox 111 1623 120 1639; x_wconf 78' lang='grc' dir='ltr'><strong>ι</strong></span> <span class='ocrx_word' id='word_1_399' title='bbox 141 1615 298 1642; x_wconf 86' lang='lat' dir='ltr'><strong>subsidium</strong></span> <span class='ocrx_word' id='word_1_400' title='bbox 320 1615 429 1643; x_wconf 81' lang='lat' dir='ltr'><strong>mittere</strong></span> <span class='ocrx_word' id='word_1_401' title='bbox 450 1616 637 1644; x_wconf 83' lang='lat' dir='ltr'><strong>habitantibus</strong></span> <span class='ocrx_word' id='word_1_402' title='bbox 657 1616 684 1643; x_wconf 92' lang='lat' dir='ltr'><strong>in</strong></span> <span class='ocrx_word' id='word_1_403' title='bbox 698 1615 792 1644; x_wconf 61' lang='lat' dir='ltr'><strong>Judaa</strong></span> <span class='ocrx_word' id='word_1_404' title='bbox 804 1616 897 1644; x_wconf 78' lang='lat' dir='ltr'><strong>fratri-</strong></span> 
     </span>
    </p>
   </div>
   <div class='ocr_carea' id='block_1_60' title="bbox 111 1660 897 1697">
    <p class='ocr_par' dir='ltr' id='par_1_60' title="bbox 111 1660 897 1697">
     <span class='ocr_line' id='line_1_61' title="bbox 111 1660 897 1697; baseline 0.003 -10"><span class='ocrx_word' id='word_1_405' title='bbox 111 1669 120 1685; x_wconf 81' lang='grc' dir='ltr'><strong>ι</strong></span> <span class='ocrx_word' id='word_1_406' title='bbox 142 1660 195 1688; x_wconf 87' lang='lat' dir='ltr'><strong>bus</strong></span> <span class='ocrx_word' id='word_1_407' title='bbox 210 1669 217 1687; x_wconf 92' lang='lat'>:</span> <span class='ocrx_word' id='word_1_408' title='bbox 232 1660 304 1695; x_wconf 87' lang='lat' dir='ltr'><strong>quod</strong></span> <span class='ocrx_word' id='word_1_409' title='bbox 318 1665 344 1688; x_wconf 85' lang='lat' dir='ltr'><strong>et</strong></span> <span class='ocrx_word' id='word_1_410' title='bbox 364 1660 498 1694; x_wconf 80' lang='lat' dir='ltr'><strong>fecerunt,</strong></span> <span class='ocrx_word' id='word_1_411' title='bbox 514 1661 654 1690; x_wconf 82' lang='lat' dir='ltr'><strong>mittentes</strong></span> <span class='ocrx_word' id='word_1_412' title='bbox 665 1661 700 1688; x_wconf 87' lang='lat' dir='ltr'><strong>ad</strong></span> <span class='ocrx_word' id='word_1_413' title='bbox 720 1661 897 1697; x_wconf 85' lang='lat' dir='ltr'><strong>presbyteros</strong></span> 
     </span>
    </p>
   </div>
   <div class='ocr_carea' id='block_1_61' title="bbox 111 1706 642 1741">
    <p class='ocr_par' dir='ltr' id='par_1_61' title="bbox 111 1706 642 1741">
     <span class='ocr_line' id='line_1_62' title="bbox 111 1706 642 1741; baseline 0.002 -8"><span class='ocrx_word' id='word_1_414' title='bbox 111 1714 120 1732; x_wconf 84' lang='grc' dir='ltr'><strong>ι</strong></span> <span class='ocrx_word' id='word_1_415' title='bbox 138 1713 187 1741; x_wconf 87' lang='lat' dir='ltr'><strong>per</strong></span> <span class='ocrx_word' id='word_1_416' title='bbox 204 1714 315 1734; x_wconf 88' lang='lat' dir='ltr'><strong>manum</strong></span> <span class='ocrx_word' id='word_1_417' title='bbox 328 1706 461 1735; x_wconf 61' lang='lat' dir='ltr'><strong>Barnabas</strong></span> <span class='ocrx_word' id='word_1_418' title='bbox 476 1714 509 1735; x_wconf 82' lang='lat' dir='ltr'><strong>ac</strong></span> <span class='ocrx_word' id='word_1_419' title='bbox 525 1706 613 1735; x_wconf 85' lang='lat' dir='ltr'><strong>Sauli.</strong></span> <span class='ocrx_word' id='word_1_420' title='bbox 632 1716 642 1734; x_wconf 74' lang='grc' dir='ltr'><strong>ι</strong></span> 
     </span>
    </p>
   </div>
   <div class='ocr_carea' id='block_1_62' title="bbox 141 1815 896 1852">
    <p class='ocr_par' dir='ltr' id='par_1_62' title="bbox 141 1815 896 1852">
     <span class='ocr_line' id='line_1_63' title="bbox 141 1815 896 1852; baseline -0.001 -7"><span class='ocrx_word' id='word_1_421' title='bbox 141 1817 206 1845; x_wconf 81' lang='lat' dir='ltr'><strong>Non</strong></span> <span class='ocrx_word' id='word_1_422' title='bbox 220 1821 262 1846; x_wconf 88' lang='lat' dir='ltr'><strong>est</strong></span> <span class='ocrx_word' id='word_1_423' title='bbox 277 1817 342 1845; x_wconf 83' lang='lat' dir='ltr'><strong>huic</strong></span> <span class='ocrx_word' id='word_1_424' title='bbox 354 1817 523 1845; x_wconf 85' lang='lat' dir='ltr'><strong>contrarium</strong></span> <span class='ocrx_word' id='word_1_425' title='bbox 540 1815 613 1852; x_wconf 89' lang='lat' dir='ltr'><strong>quod</strong></span> <span class='ocrx_word' id='word_1_426' title='bbox 632 1823 647 1843; x_wconf 93' lang='lat' dir='ltr'><strong>a</strong></span> <span class='ocrx_word' id='word_1_427' title='bbox 663 1815 780 1843; x_wconf 84' lang='lat' dir='ltr'><strong>Domino</strong></span> <span class='ocrx_word' id='word_1_428' title='bbox 792 1815 896 1844; x_wconf 89' lang='lat' dir='ltr'><strong>dictum</strong></span> 
     </span>
    </p>
   </div>
   <div class='ocr_carea' id='block_1_63' title="bbox 110 1861 897 1899">
    <p class='ocr_par' dir='ltr' id='par_1_63' title="bbox 110 1861 897 1899">
     <span class='ocr_line' id='line_1_64' title="bbox 110 1861 897 1899; baseline -0.004 -7"><span class='ocrx_word' id='word_1_429' title='bbox 110 1869 151 1892; x_wconf 88' lang='lat' dir='ltr'><strong>est</strong></span> <span class='ocrx_word' id='word_1_430' title='bbox 163 1873 171 1892; x_wconf 85' lang='lat'><strong>:</strong></span> <span class='ocrx_word' id='word_1_431' title='bbox 185 1874 197 1890; x_wconf 75' lang='grc' dir='ltr'><strong>ι</strong></span> <span class='ocrx_word' id='word_1_432' title='bbox 212 1863 266 1891; x_wconf 79' lang='lat' dir='ltr'><strong>Lex</strong></span> <span class='ocrx_word' id='word_1_433' title='bbox 279 1869 306 1891; x_wconf 87' lang='lat' dir='ltr'><strong>et</strong></span> <span class='ocrx_word' id='word_1_434' title='bbox 315 1864 456 1899; x_wconf 73' lang='lat' dir='ltr'><strong>prophetae</strong></span> <span class='ocrx_word' id='word_1_435' title='bbox 463 1863 485 1880; x_wconf 86' lang='lat'>&quot;</span> <span class='ocrx_word' id='word_1_436' title='bbox 499 1873 508 1889; x_wconf 77' lang='grc' dir='ltr'><strong>ι</strong></span> <span class='ocrx_word' id='word_1_437' title='bbox 526 1870 612 1898; x_wconf 87' lang='lat' dir='ltr'><strong>usque</strong></span> <span class='ocrx_word' id='word_1_438' title='bbox 627 1863 659 1890; x_wconf 91' lang='lat' dir='ltr'><strong>ad</strong></span> <span class='ocrx_word' id='word_1_439' title='bbox 670 1861 813 1890; x_wconf 85' lang='lat' dir='ltr'><strong>Joannem.</strong></span> <span class='ocrx_word' id='word_1_440' title='bbox 829 1861 897 1889; x_wconf 87' lang='lat' dir='ltr'><strong>Nam</strong></span> 
     </span>
    </p>
   </div>
   <div class='ocr_carea' id='block_1_64' title="bbox 111 1909 896 1944">
    <p class='ocr_par' dir='ltr' id='par_1_64' title="bbox 111 1909 896 1944">
     <span class='ocr_line' id='line_1_65' title="bbox 111 1909 896 1944; baseline -0.003 -7"><span class='ocrx_word' id='word_1_441' title='bbox 111 1911 161 1938; x_wconf 90' lang='lat' dir='ltr'><strong>hoc</strong></span> <span class='ocrx_word' id='word_1_442' title='bbox 186 1910 222 1938; x_wconf 88' lang='lat' dir='ltr'><strong>de</strong></span> <span class='ocrx_word' id='word_1_443' title='bbox 237 1910 292 1937; x_wconf 89' lang='lat' dir='ltr'><strong>illis</strong></span> <span class='ocrx_word' id='word_1_444' title='bbox 313 1909 420 1937; x_wconf 81' lang='lat' dir='ltr'><strong>dixerat</strong></span> <span class='ocrx_word' id='word_1_445' title='bbox 448 1909 590 1944; x_wconf 89' lang='lat' dir='ltr'><strong>prophetis</strong></span> <span class='ocrx_word' id='word_1_446' title='bbox 607 1909 652 1944; x_wconf 92' lang='lat' dir='ltr'><strong>qui</strong></span> <span class='ocrx_word' id='word_1_447' title='bbox 673 1909 732 1943; x_wconf 90' lang='lat' dir='ltr'><strong>ejus</strong></span> <span class='ocrx_word' id='word_1_448' title='bbox 751 1909 896 1935; x_wconf 82' lang='lat' dir='ltr'><strong>adventum</strong></span> 
     </span>
    </p>
   </div>
   <div class='ocr_carea' id='block_1_65' title="bbox 110 1953 896 1990">
    <p class='ocr_par' dir='ltr' id='par_1_65' title="bbox 110 1953 896 1990">
     <span class='ocr_line' id='line_1_66' title="bbox 110 1953 896 1990; baseline -0.005 -7"><span class='ocrx_word' id='word_1_449' title='bbox 110 1956 304 1990; x_wconf 64' lang='lat' dir='ltr'><strong>praedixerant.</strong></span> <span class='ocrx_word' id='word_1_450' title='bbox 317 1954 356 1982; x_wconf 85' lang='lat' dir='ltr'><strong>Ne</strong></span> <span class='ocrx_word' id='word_1_451' title='bbox 377 1955 462 1989; x_wconf 75' lang='lat' dir='ltr'><strong>igitur</strong></span> <span class='ocrx_word' id='word_1_452' title='bbox 485 1955 520 1982; x_wconf 89' lang='lat' dir='ltr'><strong>ob</strong></span> <span class='ocrx_word' id='word_1_453' title='bbox 544 1954 571 1981; x_wconf 87' lang='lat' dir='ltr'><strong>id</strong></span> <span class='ocrx_word' id='word_1_454' title='bbox 598 1953 770 1989; x_wconf 88' lang='lat' dir='ltr'><strong>postmodum</strong></span> <span class='ocrx_word' id='word_1_455' title='bbox 795 1953 896 1980; x_wconf 81' lang='lat' dir='ltr'><strong>factam</strong></span> 
     </span>
    </p>
   </div>
   <div class='ocr_carea' id='block_1_66' title="bbox 109 1999 898 2035">
    <p class='ocr_par' dir='ltr' id='par_1_66' title="bbox 109 1999 898 2035">
     <span class='ocr_line' id='line_1_67' title="bbox 109 1999 898 2035; baseline -0.005 -5"><span class='ocrx_word' id='word_1_456' title='bbox 109 2010 168 2030; x_wconf 86' lang='lat' dir='ltr'><strong>esse</strong></span> <span class='ocrx_word' id='word_1_457' title='bbox 177 2002 280 2029; x_wconf 80' lang='lat' dir='ltr'><strong>famem</strong></span> <span class='ocrx_word' id='word_1_458' title='bbox 291 2000 548 2035; x_wconf 73' lang='lat' dir='ltr'><strong>aestimarent,quod</strong></span> <span class='ocrx_word' id='word_1_459' title='bbox 562 2000 757 2028; x_wconf 89' lang='lat' dir='ltr'><strong>subintroisset</strong></span> <span class='ocrx_word' id='word_1_460' title='bbox 766 1999 898 2027; x_wconf 85' lang='lat' dir='ltr'><strong>Christia-</strong></span> 
     </span>
    </p>
   </div>
   <div class='ocr_carea' id='block_1_67' title="bbox 112 2045 898 2082">
    <p class='ocr_par' dir='ltr' id='par_1_67' title="bbox 112 2045 898 2082">
     <span class='ocr_line' id='line_1_68' title="bbox 112 2045 898 2082; baseline -0.001 -7"><span class='ocrx_word' id='word_1_461' title='bbox 112 2049 229 2081; x_wconf 88' lang='lat' dir='ltr'><strong>nismus,</strong></span> <span class='ocrx_word' id='word_1_462' title='bbox 249 2047 372 2082; x_wconf 66' lang='lat' dir='ltr'><strong>praedicit</strong></span> <span class='ocrx_word' id='word_1_463' title='bbox 394 2048 468 2074; x_wconf 87' lang='lat' dir='ltr'><strong>illam</strong></span> <span class='ocrx_word' id='word_1_464' title='bbox 491 2047 611 2082; x_wconf 87' lang='lat' dir='ltr'><strong>Spiritus</strong></span> <span class='ocrx_word' id='word_1_465' title='bbox 635 2050 757 2074; x_wconf 81' lang='lat' dir='ltr'><strong>sanctus.</strong></span> <span class='ocrx_word' id='word_1_466' title='bbox 773 2045 829 2073; x_wconf 91' lang='lat' dir='ltr'><strong>IIoc</strong></span> <span class='ocrx_word' id='word_1_467' title='bbox 846 2052 898 2074; x_wconf 88' lang='lat' dir='ltr'><strong>au-</strong></span> 
     </span>
    </p>
   </div>
   <div class='ocr_carea' id='block_1_68' title="bbox 112 2091 898 2128">
    <p class='ocr_par' dir='ltr' id='par_1_68' title="bbox 112 2091 898 2128">
     <span class='ocr_line' id='line_1_69' title="bbox 112 2091 898 2128; baseline -0.001 -8"><span class='ocrx_word' id='word_1_468' title='bbox 112 2100 165 2122; x_wconf 86' lang='lat' dir='ltr'><strong>tem</strong></span> <span class='ocrx_word' id='word_1_469' title='bbox 186 2098 216 2122; x_wconf 88' lang='lat' dir='ltr'><strong>et</strong></span> <span class='ocrx_word' id='word_1_470' title='bbox 237 2093 363 2122; x_wconf 86' lang='lat' dir='ltr'><strong>Christus</strong></span> <span class='ocrx_word' id='word_1_471' title='bbox 392 2093 590 2128; x_wconf 69' lang='lat' dir='ltr'><strong>praedixerat&quot;</strong></span> <span class='ocrx_word' id='word_1_472' title='bbox 615 2101 621 2119; x_wconf 90' lang='lat'>:</span> <span class='ocrx_word' id='word_1_473' title='bbox 646 2100 702 2120; x_wconf 90' lang='lat' dir='ltr'><strong>non</strong></span> <span class='ocrx_word' id='word_1_474' title='bbox 724 2092 796 2127; x_wconf 90' lang='lat' dir='ltr'><strong>quod</strong></span> <span class='ocrx_word' id='word_1_475' title='bbox 816 2092 842 2119; x_wconf 88' lang='lat' dir='ltr'><strong>id</strong></span> <span class='ocrx_word' id='word_1_476' title='bbox 863 2091 898 2119; x_wconf 90' lang='lat' dir='ltr'><strong>ab</strong></span> 
     </span>
    </p>
   </div>
   <div class='ocr_carea' id='block_1_69' title="bbox 112 2138 898 2174">
    <p class='ocr_par' dir='ltr' id='par_1_69' title="bbox 112 2138 898 2174">
     <span class='ocr_line' id='line_1_70' title="bbox 112 2138 898 2174; baseline -0.004 -7"><span class='ocrx_word' id='word_1_477' title='bbox 112 2140 194 2167; x_wconf 88' lang='lat' dir='ltr'><strong>initio</strong></span> <span class='ocrx_word' id='word_1_478' title='bbox 212 2139 270 2167; x_wconf 88' lang='lat' dir='ltr'><strong>ﬁeri</strong></span> <span class='ocrx_word' id='word_1_479' title='bbox 287 2139 451 2174; x_wconf 87' lang='lat' dir='ltr'><strong>oportuerit,</strong></span> <span class='ocrx_word' id='word_1_480' title='bbox 472 2139 519 2167; x_wconf 90' lang='lat' dir='ltr'><strong>sed</strong></span> <span class='ocrx_word' id='word_1_481' title='bbox 539 2142 650 2174; x_wconf 88' lang='lat' dir='ltr'><strong>propter</strong></span> <span class='ocrx_word' id='word_1_482' title='bbox 673 2138 754 2170; x_wconf 88' lang='lat' dir='ltr'><strong>mala,</strong></span> <span class='ocrx_word' id='word_1_483' title='bbox 773 2145 833 2172; x_wconf 70' lang='lat' dir='ltr'><strong>quae</strong></span> <span class='ocrx_word' id='word_1_484' title='bbox 848 2138 898 2164; x_wconf 91' lang='lat' dir='ltr'><strong>ad-</strong></span> 
     </span>
    </p>
   </div>
   <div class='ocr_carea' id='block_1_70' title="bbox 112 2184 898 2220">
    <p class='ocr_par' dir='ltr' id='par_1_70' title="bbox 112 2184 898 2220">
     <span class='ocr_line' id='line_1_71' title="bbox 112 2184 898 2220; baseline -0.005 -7"><span class='ocrx_word' id='word_1_485' title='bbox 112 2194 211 2213; x_wconf 85' lang='lat' dir='ltr'><strong>versus</strong></span> <span class='ocrx_word' id='word_1_486' title='bbox 227 2186 366 2220; x_wconf 80' lang='lat' dir='ltr'><strong>apostolos</strong></span> <span class='ocrx_word' id='word_1_487' title='bbox 381 2185 492 2212; x_wconf 88' lang='lat' dir='ltr'><strong>ﬁebant.</strong></span> <span class='ocrx_word' id='word_1_488' title='bbox 515 2185 691 2220; x_wconf 72' lang='lat' dir='ltr'><strong>Longanitnis</strong></span> <span class='ocrx_word' id='word_1_489' title='bbox 708 2184 818 2219; x_wconf 89' lang='lat' dir='ltr'><strong>quidem</strong></span> <span class='ocrx_word' id='word_1_490' title='bbox 838 2187 898 2211; x_wconf 86' lang='lat' dir='ltr'><strong>erat</strong></span> 
     </span>
    </p>
   </div>
   <div class='ocr_carea' id='block_1_71' title="bbox 949 1577 1733 1614">
    <p class='ocr_par' dir='ltr' id='par_1_71' title="bbox 949 1577 1733 1614">
     <span class='ocr_line' id='line_1_72' title="bbox 949 1577 1733 1614; baseline -0.004 -8"><span class='ocrx_word' id='word_1_491' title='bbox 949 1588 959 1606; x_wconf 77' lang='grc' dir='ltr'><strong>ι</strong></span> <span class='ocrx_word' id='word_1_492' title='bbox 976 1579 1032 1606; x_wconf 88' lang='grc' dir='ltr'>δίου</span> <span class='ocrx_word' id='word_1_493' title='bbox 1066 1578 1216 1613; x_wconf 88' lang='grc' dir='ltr'>Καίσαρος.</span> <span class='ocrx_word' id='word_1_494' title='bbox 1243 1577 1304 1605; x_wconf 85' lang='grc' dir='ltr'>Τῶν</span> <span class='ocrx_word' id='word_1_495' title='bbox 1333 1578 1362 1605; x_wconf 81' lang='grc' dir='ltr'>δὲ</span> <span class='ocrx_word' id='word_1_496' title='bbox 1388 1578 1516 1614; x_wconf 82' lang='grc' dir='ltr'>μαθητῶν</span> <span class='ocrx_word' id='word_1_497' title='bbox 1535 1577 1627 1608; x_wconf 79' lang='grc' dir='ltr'>καθὼς</span> <span class='ocrx_word' id='word_1_498' title='bbox 1645 1577 1733 1611; x_wconf 81' lang='grc' dir='ltr'>ηὐπο-</span> 
     </span>
    </p>
   </div>
   <div class='ocr_carea' id='block_1_72' title="bbox 949 1623 1733 1659">
    <p class='ocr_par' dir='ltr' id='par_1_72' title="bbox 949 1623 1733 1659">
     <span class='ocr_line' id='line_1_73' title="bbox 949 1623 1733 1659; baseline -0.003 -8"><span class='ocrx_word' id='word_1_499' title='bbox 949 1633 960 1651; x_wconf 83' lang='grc'><strong>«</strong></span> <span class='ocrx_word' id='word_1_500' title='bbox 982 1624 1057 1659; x_wconf 83' lang='grc' dir='ltr'>ρεῖτό</span> <span class='ocrx_word' id='word_1_501' title='bbox 1072 1632 1124 1657; x_wconf 85' lang='grc' dir='ltr'>τις,</span> <span class='ocrx_word' id='word_1_502' title='bbox 1155 1623 1259 1659; x_wconf 83' lang='grc' dir='ltr'>ὥρισαν</span> <span class='ocrx_word' id='word_1_503' title='bbox 1284 1623 1400 1656; x_wconf 78' lang='grc' dir='ltr'>ἕκαστος</span> <span class='ocrx_word' id='word_1_504' title='bbox 1427 1623 1518 1650; x_wconf 81' lang='grc' dir='ltr'>αὐτῶν</span> <span class='ocrx_word' id='word_1_505' title='bbox 1530 1623 1570 1654; x_wconf 80' lang='grc' dir='ltr'><strong>είς</strong></span> <span class='ocrx_word' id='word_1_506' title='bbox 1597 1623 1733 1649; x_wconf 78' lang='grc' dir='ltr'>διακονίαν</span> 
     </span>
    </p>
   </div>
   <div class='ocr_carea' id='block_1_73' title="bbox 948 1668 1732 1705">
    <p class='ocr_par' dir='ltr' id='par_1_73' title="bbox 948 1668 1732 1705">
     <span class='ocr_line' id='line_1_74' title="bbox 948 1668 1732 1705; baseline -0.003 -8"><span class='ocrx_word' id='word_1_507' title='bbox 948 1679 959 1697; x_wconf 76' lang='grc' dir='ltr'><strong>ι</strong></span> <span class='ocrx_word' id='word_1_508' title='bbox 980 1669 1087 1705; x_wconf 68' lang='grc' dir='ltr'>πέμψαι</span> <span class='ocrx_word' id='word_1_509' title='bbox 1101 1670 1157 1701; x_wconf 82' lang='grc' dir='ltr'>τοῖς</span> <span class='ocrx_word' id='word_1_510' title='bbox 1173 1668 1346 1696; x_wconf 76' lang='grc' dir='ltr'>κατοικοῦσιν</span> <span class='ocrx_word' id='word_1_511' title='bbox 1362 1669 1391 1695; x_wconf 82' lang='grc' dir='ltr'>ὲν</span> <span class='ocrx_word' id='word_1_512' title='bbox 1402 1670 1436 1705; x_wconf 82' lang='grc' dir='ltr'>τῇ</span> <span class='ocrx_word' id='word_1_513' title='bbox 1452 1669 1569 1704; x_wconf 74' lang='grc' dir='ltr'>Ἰουδαίᾳ</span> <span class='ocrx_word' id='word_1_514' title='bbox 1584 1669 1708 1703; x_wconf 74' lang='grc' dir='ltr'>ἀδελφοῖς</span> <span class='ocrx_word' id='word_1_515' title='bbox 1725 1676 1732 1684; x_wconf 81' lang='grc'><strong><em>⁸</em></strong></span> 
     </span>
    </p>
   </div>
   <div class='ocr_carea' id='block_1_74' title="bbox 949 1714 1734 1750">
    <p class='ocr_par' dir='ltr' id='par_1_74' title="bbox 949 1714 1734 1750">
     <span class='ocr_line' id='line_1_75' title="bbox 949 1714 1734 1750; baseline -0.001 -8"><span class='ocrx_word' id='word_1_516' title='bbox 949 1725 961 1742; x_wconf 71' lang='lat'><strong>1</strong></span> <span class='ocrx_word' id='word_1_517' title='bbox 977 1715 991 1742; x_wconf 79' lang='grc' dir='ltr'><strong>δ</strong></span> <span class='ocrx_word' id='word_1_518' title='bbox 1005 1715 1054 1742; x_wconf 76' lang='grc' dir='ltr'>καὶ</span> <span class='ocrx_word' id='word_1_519' title='bbox 1069 1715 1211 1750; x_wconf 66' lang='grc' dir='ltr'>ἃποίησαν,</span> <span class='ocrx_word' id='word_1_520' title='bbox 1222 1714 1434 1746; x_wconf 74' lang='grc' dir='ltr'>ἀποστείλαντες</span> <span class='ocrx_word' id='word_1_521' title='bbox 1450 1715 1518 1749; x_wconf 79' lang='grc' dir='ltr'>πρὸς</span> <span class='ocrx_word' id='word_1_522' title='bbox 1534 1714 1594 1746; x_wconf 79' lang='grc' dir='ltr'>τοὺς</span> <span class='ocrx_word' id='word_1_523' title='bbox 1612 1714 1734 1750; x_wconf 76' lang='grc' dir='ltr'>πρεσϐυ-</span> 
     </span>
    </p>
   </div>
   <div class='ocr_carea' id='block_1_75' title="bbox 950 1759 1590 1796">
    <p class='ocr_par' dir='ltr' id='par_1_75' title="bbox 950 1759 1590 1796">
     <span class='ocr_line' id='line_1_76' title="bbox 950 1759 1590 1796; baseline -0.005 -9"><span class='ocrx_word' id='word_1_524' title='bbox 950 1769 960 1787; x_wconf 79' lang='lat' dir='ltr'><strong>r</strong></span> <span class='ocrx_word' id='word_1_525' title='bbox 977 1759 1074 1796; x_wconf 82' lang='grc' dir='ltr'>τέρους</span> <span class='ocrx_word' id='word_1_526' title='bbox 1086 1759 1131 1786; x_wconf 84' lang='grc' dir='ltr'><strong>διὰ</strong></span> <span class='ocrx_word' id='word_1_527' title='bbox 1144 1759 1234 1795; x_wconf 74' lang='grc' dir='ltr'>χειρὸς</span> <span class='ocrx_word' id='word_1_528' title='bbox 1244 1759 1373 1795; x_wconf 73' lang='grc' dir='ltr'>Βαρνάϐα</span> <span class='ocrx_word' id='word_1_529' title='bbox 1393 1759 1440 1786; x_wconf 78' lang='grc' dir='ltr'>καὶ</span> <span class='ocrx_word' id='word_1_530' title='bbox 1452 1759 1564 1787; x_wconf 86' lang='grc' dir='ltr'>Σαύλου.</span> <span class='ocrx_word' id='word_1_531' title='bbox 1581 1768 1590 1784; x_wconf 78' lang='grc' dir='ltr'><strong>ι</strong></span> 
     </span>
    </p>
   </div>
   <div class='ocr_carea' id='block_1_76' title="bbox 982 1824 1736 1860">
    <p class='ocr_par' dir='ltr' id='par_1_76' title="bbox 982 1824 1736 1860">
     <span class='ocr_line' id='line_1_77' title="bbox 982 1824 1736 1860; baseline -0.004 -7"><span class='ocrx_word' id='word_1_532' title='bbox 982 1826 1038 1853; x_wconf 85' lang='grc' dir='ltr'><strong>οὐκ</strong></span> <span class='ocrx_word' id='word_1_533' title='bbox 1051 1825 1124 1852; x_wconf 70' lang='grc' dir='ltr'>ἐστιν</span> <span class='ocrx_word' id='word_1_534' title='bbox 1135 1824 1253 1852; x_wconf 74' lang='grc' dir='ltr'>ἐναντίον</span> <span class='ocrx_word' id='word_1_535' title='bbox 1264 1824 1352 1858; x_wconf 80' lang='grc' dir='ltr'>τούτῳ</span> <span class='ocrx_word' id='word_1_536' title='bbox 1364 1824 1396 1851; x_wconf 76' lang='grc' dir='ltr'><strong>τὸ</strong></span> <span class='ocrx_word' id='word_1_537' title='bbox 1418 1824 1471 1851; x_wconf 78' lang='grc' dir='ltr'><strong>ὑπὸ</strong></span> <span class='ocrx_word' id='word_1_538' title='bbox 1483 1824 1529 1852; x_wconf 84' lang='grc' dir='ltr'>τοῦ</span> <span class='ocrx_word' id='word_1_539' title='bbox 1545 1824 1649 1860; x_wconf 84' lang='grc' dir='ltr'>Κυρίου</span> <span class='ocrx_word' id='word_1_540' title='bbox 1660 1825 1736 1860; x_wconf 85' lang='grc' dir='ltr'>ειρη-</span> 
     </span>
    </p>
   </div>
   <div class='ocr_carea' id='block_1_77' title="bbox 949 1870 1734 1907">
    <p class='ocr_par' dir='ltr' id='par_1_77' title="bbox 949 1870 1734 1907">
     <span class='ocr_line' id='line_1_78' title="bbox 949 1870 1734 1907; baseline 0 -9"><span class='ocrx_word' id='word_1_541' title='bbox 949 1872 1029 1907; x_wconf 81' lang='grc' dir='ltr'>μένον</span> <span class='ocrx_word' id='word_1_542' title='bbox 1045 1878 1052 1886; x_wconf 82' lang='grc'><strong><em>⁸</em></strong></span> <span class='ocrx_word' id='word_1_543' title='bbox 1074 1880 1083 1897; x_wconf 80' lang='grc' dir='ltr'><strong>ι</strong></span> <span class='ocrx_word' id='word_1_544' title='bbox 1104 1870 1133 1897; x_wconf 90' lang='lat'><strong>&#39;0</strong></span> <span class='ocrx_word' id='word_1_545' title='bbox 1149 1871 1232 1906; x_wconf 86' lang='grc' dir='ltr'>νόμος</span> <span class='ocrx_word' id='word_1_546' title='bbox 1244 1870 1291 1897; x_wconf 79' lang='grc' dir='ltr'>καὶ</span> <span class='ocrx_word' id='word_1_547' title='bbox 1304 1871 1328 1897; x_wconf 89' lang='grc' dir='ltr'><strong>οί</strong></span> <span class='ocrx_word' id='word_1_548' title='bbox 1347 1871 1484 1906; x_wconf 82' lang='grc' dir='ltr'>προφῆται</span> <span class='ocrx_word' id='word_1_549' title='bbox 1503 1880 1513 1897; x_wconf 66' lang='grc' dir='ltr'><strong>ι</strong></span> <span class='ocrx_word' id='word_1_550' title='bbox 1529 1871 1581 1902; x_wconf 76' lang='grc' dir='ltr'>ἓως</span> <span class='ocrx_word' id='word_1_551' title='bbox 1597 1871 1734 1899; x_wconf 80' lang='grc' dir='ltr'>Ἰωάννου.</span> 
     </span>
    </p>
   </div>
   <div class='ocr_carea' id='block_1_78' title="bbox 947 1916 1735 1952">
    <p class='ocr_par' dir='ltr' id='par_1_78' title="bbox 947 1916 1735 1952">
     <span class='ocr_line' id='line_1_79' title="bbox 947 1916 1735 1952; baseline 0 -8"><span class='ocrx_word' id='word_1_552' title='bbox 947 1917 1033 1945; x_wconf 82' lang='grc' dir='ltr'>Τοῦτο</span> <span class='ocrx_word' id='word_1_553' title='bbox 1048 1917 1103 1952; x_wconf 87' lang='grc' dir='ltr'><strong>γὰρ</strong></span> <span class='ocrx_word' id='word_1_554' title='bbox 1129 1916 1193 1951; x_wconf 76' lang='grc' dir='ltr'>περὶ</span> <span class='ocrx_word' id='word_1_555' title='bbox 1219 1916 1332 1943; x_wconf 75' lang='grc' dir='ltr'>ἐκείνων</span> <span class='ocrx_word' id='word_1_556' title='bbox 1353 1916 1420 1951; x_wconf 72' lang='grc' dir='ltr'>φησι</span> <span class='ocrx_word' id='word_1_557' title='bbox 1445 1916 1501 1942; x_wconf 85' lang='grc' dir='ltr'><strong>τῶν</strong></span> <span class='ocrx_word' id='word_1_558' title='bbox 1516 1917 1664 1951; x_wconf 76' lang='grc' dir='ltr'>προφητῶν</span> <span class='ocrx_word' id='word_1_559' title='bbox 1680 1917 1735 1945; x_wconf 84' lang='grc' dir='ltr'><strong>τῶν</strong></span> 
     </span>
    </p>
   </div>
   <div class='ocr_carea' id='block_1_79' title="bbox 946 1961 1736 1999">
    <p class='ocr_par' dir='ltr' id='par_1_79' title="bbox 946 1961 1736 1999">
     <span class='ocr_line' id='line_1_80' title="bbox 946 1961 1736 1999; baseline 0 -9"><span class='ocrx_word' id='word_1_560' title='bbox 946 1963 996 1999; x_wconf 81' lang='grc' dir='ltr'>τὴν</span> <span class='ocrx_word' id='word_1_561' title='bbox 1011 1962 1163 1998; x_wconf 82' lang='grc' dir='ltr'>παρουσίαν</span> <span class='ocrx_word' id='word_1_562' title='bbox 1175 1961 1257 1988; x_wconf 83' lang='grc' dir='ltr'>αὑτοῦ</span> <span class='ocrx_word' id='word_1_563' title='bbox 1287 1961 1590 1996; x_wconf 80' lang='grc' dir='ltr'>προαναφωνησάντων.</span> <span class='ocrx_word' id='word_1_564' title='bbox 1611 1961 1673 1988; x_wconf 88' lang='grc' dir='ltr'>Ἵνα</span> <span class='ocrx_word' id='word_1_565' title='bbox 1688 1961 1736 1990; x_wconf 83' lang='grc' dir='ltr'>οὖν</span> 
     </span>
    </p>
   </div>
   <div class='ocr_carea' id='block_1_80' title="bbox 950 2007 1735 2044">
    <p class='ocr_par' dir='ltr' id='par_1_80' title="bbox 950 2007 1735 2044">
     <span class='ocr_line' id='line_1_81' title="bbox 950 2007 1735 2044; baseline 0 -9"><span class='ocrx_word' id='word_1_566' title='bbox 950 2009 987 2044; x_wconf 84' lang='grc' dir='ltr'>μὴ</span> <span class='ocrx_word' id='word_1_567' title='bbox 1004 2009 1151 2044; x_wconf 79' lang='grc' dir='ltr'>νομίσωσιν</span> <span class='ocrx_word' id='word_1_568' title='bbox 1177 2008 1218 2034; x_wconf 86' lang='grc' dir='ltr'>ὄτι</span> <span class='ocrx_word' id='word_1_569' title='bbox 1241 2007 1285 2034; x_wconf 82' lang='grc' dir='ltr'><strong>διὰ</strong></span> <span class='ocrx_word' id='word_1_570' title='bbox 1314 2007 1393 2034; x_wconf 83' lang='grc' dir='ltr'>τοῦτο</span> <span class='ocrx_word' id='word_1_571' title='bbox 1418 2008 1432 2033; x_wconf 89' lang='lat'><strong>6</strong></span> <span class='ocrx_word' id='word_1_572' title='bbox 1454 2007 1533 2042; x_wconf 85' lang='grc' dir='ltr'>λιμὸς</span> <span class='ocrx_word' id='word_1_573' title='bbox 1556 2008 1678 2042; x_wconf 80' lang='grc' dir='ltr'>γέγονεν,</span> <span class='ocrx_word' id='word_1_574' title='bbox 1694 2009 1735 2035; x_wconf 79' lang='grc' dir='ltr'>ὅτι</span> 
     </span>
    </p>
   </div>
   <div class='ocr_carea' id='block_1_81' title="bbox 948 2052 1736 2090">
    <p class='ocr_par' dir='ltr' id='par_1_81' title="bbox 948 2052 1736 2090">
     <span class='ocr_line' id='line_1_82' title="bbox 948 2052 1736 2090; baseline 0 -9"><span class='ocrx_word' id='word_1_575' title='bbox 948 2054 1161 2090; x_wconf 79' lang='grc' dir='ltr'>Χριστιανισμὺς</span> <span class='ocrx_word' id='word_1_576' title='bbox 1173 2053 1290 2088; x_wconf 79' lang='grc' dir='ltr'>εἰσῆλθε,</span> <span class='ocrx_word' id='word_1_577' title='bbox 1302 2053 1432 2088; x_wconf 73' lang='grc' dir='ltr'>προλέγει</span> <span class='ocrx_word' id='word_1_578' title='bbox 1442 2053 1472 2079; x_wconf 75' lang='grc' dir='ltr'>τὸ</span> <span class='ocrx_word' id='word_1_579' title='bbox 1484 2052 1598 2089; x_wconf 81' lang='grc' dir='ltr'>Πνεῦμα</span> <span class='ocrx_word' id='word_1_580' title='bbox 1607 2053 1638 2080; x_wconf 78' lang='grc' dir='ltr'>τὸ</span> <span class='ocrx_word' id='word_1_581' title='bbox 1648 2054 1736 2088; x_wconf 74' lang='grc' dir='ltr'>ἅγιον.</span> 
     </span>
    </p>
   </div>
   <div class='ocr_carea' id='block_1_82' title="bbox 948 2098 1737 2134">
    <p class='ocr_par' dir='ltr' id='par_1_82' title="bbox 948 2098 1737 2134">
     <span class='ocr_line' id='line_1_83' title="bbox 948 2098 1737 2134; baseline -0.001 -8"><span class='ocrx_word' id='word_1_582' title='bbox 948 2099 1033 2126; x_wconf 76' lang='grc' dir='ltr'>Τοῦτο</span> <span class='ocrx_word' id='word_1_583' title='bbox 1047 2099 1076 2126; x_wconf 79' lang='grc' dir='ltr'>δὲ</span> <span class='ocrx_word' id='word_1_584' title='bbox 1093 2099 1141 2126; x_wconf 76' lang='grc' dir='ltr'>καὶ</span> <span class='ocrx_word' id='word_1_585' title='bbox 1159 2100 1174 2125; x_wconf 97' lang='lat'><strong>6</strong></span> <span class='ocrx_word' id='word_1_586' title='bbox 1193 2098 1310 2133; x_wconf 79' lang='grc' dir='ltr'>Χριστὸς</span> <span class='ocrx_word' id='word_1_587' title='bbox 1324 2099 1465 2133; x_wconf 77' lang='grc' dir='ltr'>προεῖπεν,</span> <span class='ocrx_word' id='word_1_588' title='bbox 1483 2098 1533 2124; x_wconf 83' lang='grc' dir='ltr'>οὐκ</span> <span class='ocrx_word' id='word_1_589' title='bbox 1549 2098 1642 2134; x_wconf 76' lang='grc' dir='ltr'>ἐπειδὴ</span> <span class='ocrx_word' id='word_1_590' title='bbox 1657 2098 1737 2126; x_wconf 76' lang='grc' dir='ltr'>τοῦτο</span> 
     </span>
    </p>
   </div>
   <div class='ocr_carea' id='block_1_83' title="bbox 948 2142 1737 2180">
    <p class='ocr_par' dir='ltr' id='par_1_83' title="bbox 948 2142 1737 2180">
     <span class='ocr_line' id='line_1_84' title="bbox 948 2142 1737 2180; baseline -0.004 -8"><span class='ocrx_word' id='word_1_591' title='bbox 948 2145 979 2179; x_wconf 76' lang='grc' dir='ltr'><strong>ἐξ</strong></span> <span class='ocrx_word' id='word_1_592' title='bbox 1004 2145 1092 2180; x_wconf 80' lang='grc' dir='ltr'>ἀρχῆς</span> <span class='ocrx_word' id='word_1_593' title='bbox 1112 2144 1239 2178; x_wconf 80' lang='grc' dir='ltr'>γενέσθαι</span> <span class='ocrx_word' id='word_1_594' title='bbox 1257 2144 1321 2176; x_wconf 77' lang='grc' dir='ltr'>ἔδει,</span> <span class='ocrx_word' id='word_1_595' title='bbox 1347 2142 1415 2173; x_wconf 76' lang='grc' dir='ltr'>ἀλλὰ</span> <span class='ocrx_word' id='word_1_596' title='bbox 1441 2143 1484 2170; x_wconf 88' lang='grc' dir='ltr'><strong>διὰ</strong></span> <span class='ocrx_word' id='word_1_597' title='bbox 1501 2143 1536 2169; x_wconf 81' lang='grc' dir='ltr'><strong>τὰ</strong></span> <span class='ocrx_word' id='word_1_598' title='bbox 1553 2143 1626 2170; x_wconf 84' lang='grc' dir='ltr'>κακὰ</span> <span class='ocrx_word' id='word_1_599' title='bbox 1647 2143 1680 2170; x_wconf 76' lang='grc' dir='ltr'>τὰ</span> <span class='ocrx_word' id='word_1_600' title='bbox 1697 2144 1737 2174; x_wconf 77' lang='grc' dir='ltr'><strong>εἰς</strong></span> 
     </span>
    </p>
   </div>
   <div class='ocr_carea' id='block_1_84' title="bbox 948 2186 1736 2222">
    <p class='ocr_par' dir='ltr' id='par_1_84' title="bbox 948 2186 1736 2222">
     <span class='ocr_line' id='line_1_85' title="bbox 948 2186 1736 2222; baseline 0.005 -9"><span class='ocrx_word' id='word_1_601' title='bbox 948 2190 1011 2220; x_wconf 80' lang='grc' dir='ltr'>τοὺς</span> <span class='ocrx_word' id='word_1_602' title='bbox 1025 2188 1190 2218; x_wconf 84' lang='grc' dir='ltr'>ἀποστόλους</span> <span class='ocrx_word' id='word_1_603' title='bbox 1203 2187 1347 2222; x_wconf 85' lang='grc' dir='ltr'>γενόμενα.</span> <span class='ocrx_word' id='word_1_604' title='bbox 1361 2187 1415 2212; x_wconf 80' lang='grc' dir='ltr'><strong>Καὶ</strong></span> <span class='ocrx_word' id='word_1_605' title='bbox 1428 2186 1616 2221; x_wconf 75' lang='grc' dir='ltr'>ἑμακροθύμει</span> <span class='ocrx_word' id='word_1_606' title='bbox 1631 2187 1645 2213; x_wconf 84' lang='lat'><strong>6</strong></span> <span class='ocrx_word' id='word_1_607' title='bbox 1659 2187 1736 2217; x_wconf 80' lang='grc' dir='ltr'>Θεός“</span> 
     </span>
    </p>
   </div>
   <div class='ocr_carea' id='block_1_85' title="bbox 115 2225 890 2267">
    <p class='ocr_par' dir='ltr' id='par_1_85' title="bbox 115 2229 890 2264">
     <span class='ocr_line' id='line_1_86' title="bbox 115 2229 890 2264; baseline -0.003 -7"><span class='ocrx_word' id='word_1_608' title='bbox 115 2231 197 2264; x_wconf 84' lang='lat' dir='ltr'><strong>Deus,</strong></span> <span class='ocrx_word' id='word_1_609' title='bbox 210 2239 306 2259; x_wconf 86' lang='lat' dir='ltr'><strong>verum</strong></span> <span class='ocrx_word' id='word_1_610' title='bbox 318 2238 379 2258; x_wconf 90' lang='lat' dir='ltr'><strong>cum</strong></span> <span class='ocrx_word' id='word_1_611' title='bbox 397 2231 510 2258; x_wconf 87' lang='lat' dir='ltr'><strong>nimium</strong></span> <span class='ocrx_word' id='word_1_612' title='bbox 527 2233 666 2264; x_wconf 74' lang='lat' dir='ltr'><strong>urgerent,</strong></span> <span class='ocrx_word' id='word_1_613' title='bbox 685 2237 782 2264; x_wconf 74' lang='lat' dir='ltr'><strong>magna</strong></span> <span class='ocrx_word' id='word_1_614' title='bbox 798 2229 890 2257; x_wconf 70' lang='lat' dir='ltr'><strong>accidit</strong></span> 
     </span>
    </p>
   </div>
   <div class='ocr_carea' id='block_1_86' title="bbox 977 2225 1738 2267">
    <p class='ocr_par' dir='ltr' id='par_1_86' title="bbox 977 2231 1738 2267">
     <span class='ocr_line' id='line_1_87' title="bbox 977 2231 1738 2267; baseline -0.001 -7"><span class='ocrx_word' id='word_1_615' title='bbox 977 2243 986 2266; x_wconf 69' lang='grc' dir='ltr'>π</span> <span class='ocrx_word' id='word_1_616' title='bbox 1003 2234 1032 2261; x_wconf 78' lang='grc' dir='ltr'>δὲ</span> <span class='ocrx_word' id='word_1_617' title='bbox 1046 2234 1190 2264; x_wconf 66' lang='grc' dir='ltr'>ἐνέκειντο,</span> <span class='ocrx_word' id='word_1_618' title='bbox 1215 2232 1293 2267; x_wconf 78' lang='grc' dir='ltr'>λιμὸς</span> <span class='ocrx_word' id='word_1_619' title='bbox 1311 2232 1397 2266; x_wconf 80' lang='grc' dir='ltr'>μέγας</span> <span class='ocrx_word' id='word_1_620' title='bbox 1412 2231 1528 2265; x_wconf 84' lang='grc' dir='ltr'>γίνεται,</span> <span class='ocrx_word' id='word_1_621' title='bbox 1552 2231 1664 2267; x_wconf 79' lang='grc' dir='ltr'>μηνύων</span> <span class='ocrx_word' id='word_1_622' title='bbox 1681 2234 1738 2265; x_wconf 84' lang='grc' dir='ltr'>τοῖς</span> 
     </span>
    </p>
   </div>
   <div class='ocr_carea' id='block_1_87' title="bbox 114 2275 896 2311">
    <p class='ocr_par' dir='ltr' id='par_1_87' title="bbox 114 2275 896 2311">
     <span class='ocr_line' id='line_1_88' title="bbox 114 2275 896 2311; baseline -0.004 -6"><span class='ocrx_word' id='word_1_623' title='bbox 114 2278 210 2310; x_wconf 82' lang='lat' dir='ltr'><strong>fames,</strong></span> <span class='ocrx_word' id='word_1_624' title='bbox 235 2277 336 2305; x_wconf 74' lang='lat' dir='ltr'><strong>Judaeis</strong></span> <span class='ocrx_word' id='word_1_625' title='bbox 361 2277 452 2304; x_wconf 86' lang='lat' dir='ltr'><strong>Iulura</strong></span> <span class='ocrx_word' id='word_1_626' title='bbox 484 2277 631 2311; x_wconf 77' lang='lat' dir='ltr'><strong>designans</strong></span> <span class='ocrx_word' id='word_1_627' title='bbox 655 2276 735 2303; x_wconf 89' lang='lat' dir='ltr'><strong>mala.</strong></span> <span class='ocrx_word' id='word_1_628' title='bbox 765 2275 843 2308; x_wconf 90' lang='lat' dir='ltr'><strong>Quod</strong></span> <span class='ocrx_word' id='word_1_629' title='bbox 873 2275 896 2303; x_wconf 89' lang='lat' dir='ltr'><strong>si</strong></span> 
     </span>
    </p>
   </div>
   <div class='ocr_carea' id='block_1_88' title="bbox 115 2322 897 2359">
    <p class='ocr_par' dir='ltr' id='par_1_88' title="bbox 115 2322 897 2359">
     <span class='ocr_line' id='line_1_89' title="bbox 115 2322 897 2359; baseline -0.005 -8"><span class='ocrx_word' id='word_1_630' title='bbox 115 2329 225 2359; x_wconf 85' lang='lat' dir='ltr'><strong>propter</strong></span> <span class='ocrx_word' id='word_1_631' title='bbox 242 2323 452 2356; x_wconf 70' lang='lat' dir='ltr'><strong>istosfuissent,</strong></span> <span class='ocrx_word' id='word_1_632' title='bbox 472 2323 638 2358; x_wconf 84' lang='lat' dir='ltr'><strong>oportuisset</strong></span> <span class='ocrx_word' id='word_1_633' title='bbox 655 2322 747 2357; x_wconf 89' lang='lat' dir='ltr'><strong>potius</strong></span> <span class='ocrx_word' id='word_1_634' title='bbox 773 2325 801 2349; x_wconf 85' lang='lat' dir='ltr'><strong>et</strong></span> <span class='ocrx_word' id='word_1_635' title='bbox 823 2322 897 2348; x_wconf 89' lang='lat' dir='ltr'><strong>illam</strong></span> 
     </span>
    </p>
   </div>
   <div class='ocr_carea' id='block_1_89' title="bbox 114 2367 895 2404">
    <p class='ocr_par' dir='ltr' id='par_1_89' title="bbox 114 2367 895 2404">
     <span class='ocr_line' id='line_1_90' title="bbox 114 2367 895 2404; baseline -0.003 -9"><span class='ocrx_word' id='word_1_636' title='bbox 114 2377 174 2404; x_wconf 75' lang='lat' dir='ltr'><strong>qua:</strong></span> <span class='ocrx_word' id='word_1_637' title='bbox 189 2374 248 2397; x_wconf 88' lang='lat' dir='ltr'><strong>erat</strong></span> <span class='ocrx_word' id='word_1_638' title='bbox 265 2376 383 2396; x_wconf 85' lang='lat' dir='ltr'><strong>cessare.</strong></span> <span class='ocrx_word' id='word_1_639' title='bbox 399 2367 467 2395; x_wconf 83' lang='lat' dir='ltr'><strong>Nam</strong></span> <span class='ocrx_word' id='word_1_640' title='bbox 487 2368 575 2403; x_wconf 73' lang='lat' dir='ltr'><strong>magis</strong></span> <span class='ocrx_word' id='word_1_641' title='bbox 597 2367 703 2394; x_wconf 90' lang='lat' dir='ltr'><strong>laudari</strong></span> <span class='ocrx_word' id='word_1_642' title='bbox 725 2367 895 2399; x_wconf 83' lang='lat' dir='ltr'><strong>debuissent,</strong></span> 
     </span>
    </p>
   </div>
   <div class='ocr_carea' id='block_1_90' title="bbox 115 2413 897 2449">
    <p class='ocr_par' dir='ltr' id='par_1_90' title="bbox 115 2413 897 2449">
     <span class='ocr_line' id='line_1_91' title="bbox 115 2413 897 2449; baseline -0.003 -8"><span class='ocrx_word' id='word_1_643' title='bbox 115 2415 161 2449; x_wconf 90' lang='lat' dir='ltr'><strong>qui</strong></span> <span class='ocrx_word' id='word_1_644' title='bbox 173 2414 246 2448; x_wconf 83' lang='lat' dir='ltr'><strong>quod</strong></span> <span class='ocrx_word' id='word_1_645' title='bbox 261 2422 340 2442; x_wconf 87' lang='lat' dir='ltr'><strong>suum</strong></span> <span class='ocrx_word' id='word_1_646' title='bbox 355 2418 416 2441; x_wconf 88' lang='lat' dir='ltr'><strong>erat</strong></span> <span class='ocrx_word' id='word_1_647' title='bbox 441 2413 590 2445; x_wconf 82' lang='lat' dir='ltr'><strong>faciebant,</strong></span> <span class='ocrx_word' id='word_1_648' title='bbox 608 2420 705 2448; x_wconf 72' lang='lat' dir='ltr'><strong>nempe</strong></span> <span class='ocrx_word' id='word_1_649' title='bbox 723 2413 897 2446; x_wconf 88' lang='lat' dir='ltr'><strong>occidebant,</strong></span> 
     </span>
    </p>
   </div>
   <div class='ocr_carea' id='block_1_91' title="bbox 118 2459 898 2496">
    <p class='ocr_par' dir='ltr' id='par_1_91' title="bbox 118 2459 898 2496">
     <span class='ocr_line' id='line_1_92' title="bbox 118 2459 898 2496; baseline -0.001 -9"><span class='ocrx_word' id='word_1_650' title='bbox 118 2461 198 2496; x_wconf 61' lang='lat'><strong>104</strong></span> <span class='ocrx_word' id='word_1_651' title='bbox 218 2460 380 2496; x_wconf 87' lang='lat' dir='ltr'><strong>puniebant,</strong></span> <span class='ocrx_word' id='word_1_652' title='bbox 402 2460 573 2492; x_wconf 83' lang='lat' dir='ltr'><strong>cruciabam,</strong></span> <span class='ocrx_word' id='word_1_653' title='bbox 596 2459 716 2494; x_wconf 75' lang='lat' dir='ltr'><strong>undique</strong></span> <span class='ocrx_word' id='word_1_654' title='bbox 749 2467 898 2494; x_wconf 81' lang='lat' dir='ltr'><strong>perseque-</strong></span> 
     </span>
    </p>
   </div>
   <div class='ocr_carea' id='block_1_92' title="bbox 116 2505 898 2541">
    <p class='ocr_par' dir='ltr' id='par_1_92' title="bbox 116 2505 898 2541">
     <span class='ocr_line' id='line_1_93' title="bbox 116 2505 898 2541; baseline -0.004 -7"><span class='ocrx_word' id='word_1_655' title='bbox 116 2507 225 2534; x_wconf 85' lang='lat' dir='ltr'><strong>bantur.</strong></span> <span class='ocrx_word' id='word_1_656' title='bbox 242 2507 389 2541; x_wconf 85' lang='lat' dir='ltr'><strong>Propterea</strong></span> <span class='ocrx_word' id='word_1_657' title='bbox 404 2514 470 2541; x_wconf 77' lang='grc' dir='ltr'>ει·εο</span> <span class='ocrx_word' id='word_1_658' title='bbox 486 2506 572 2541; x_wconf 88' lang='lat' dir='ltr'><strong>pestis</strong></span> <span class='ocrx_word' id='word_1_659' title='bbox 590 2505 658 2533; x_wconf 80' lang='lat' dir='ltr'><strong>facta</strong></span> <span class='ocrx_word' id='word_1_660' title='bbox 672 2509 725 2537; x_wconf 88' lang='lat' dir='ltr'><strong>est,</strong></span> <span class='ocrx_word' id='word_1_661' title='bbox 743 2512 898 2539; x_wconf 83' lang='lat' dir='ltr'><strong>quanquam</strong></span> 
     </span>
    </p>
   </div>
   <div class='ocr_carea' id='block_1_93' title="bbox 117 2551 900 2587">
    <p class='ocr_par' dir='ltr' id='par_1_93' title="bbox 117 2551 900 2587">
     <span class='ocr_line' id='line_1_94' title="bbox 117 2551 900 2587; baseline -0.004 -7"><span class='ocrx_word' id='word_1_662' title='bbox 117 2554 209 2581; x_wconf 89' lang='lat' dir='ltr'><strong>miseri</strong></span> <span class='ocrx_word' id='word_1_663' title='bbox 223 2561 278 2581; x_wconf 91' lang='lat' dir='ltr'><strong>non</strong></span> <span class='ocrx_word' id='word_1_664' title='bbox 291 2553 498 2587; x_wconf 81' lang='lat' dir='ltr'><strong>intelligebant:</strong></span> <span class='ocrx_word' id='word_1_665' title='bbox 513 2557 539 2579; x_wconf 89' lang='lat' dir='ltr'><strong>et</strong></span> <span class='ocrx_word' id='word_1_666' title='bbox 550 2552 790 2587; x_wconf 88' lang='lat' dir='ltr'><strong>compatiebantur</strong></span> <span class='ocrx_word' id='word_1_667' title='bbox 803 2551 856 2578; x_wconf 94' lang='lat' dir='ltr'><strong>illis</strong></span> <span class='ocrx_word' id='word_1_668' title='bbox 872 2551 900 2578; x_wconf 93' lang='lat' dir='ltr'><strong>in</strong></span> 
     </span>
    </p>
   </div>
   <div class='ocr_carea' id='block_1_94' title="bbox 117 2597 912 2632">
    <p class='ocr_par' dir='ltr' id='par_1_94' title="bbox 117 2597 912 2632">
     <span class='ocr_line' id='line_1_95' title="bbox 117 2597 912 2632; baseline 0 -7"><span class='ocrx_word' id='word_1_669' title='bbox 117 2599 169 2627; x_wconf 89' lang='lat' dir='ltr'><strong>hoc</strong></span> <span class='ocrx_word' id='word_1_670' title='bbox 183 2599 341 2627; x_wconf 86' lang='lat' dir='ltr'><strong>Christiani.</strong></span> <span class='ocrx_word' id='word_1_671' title='bbox 363 2598 566 2626; x_wconf 85' lang='lat' dir='ltr'><strong>Advertcndum</strong></span> <span class='ocrx_word' id='word_1_672' title='bbox 581 2602 623 2625; x_wconf 85' lang='lat' dir='ltr'><strong>est</strong></span> <span class='ocrx_word' id='word_1_673' title='bbox 645 2597 719 2632; x_wconf 90' lang='lat' dir='ltr'><strong>quod</strong></span> <span class='ocrx_word' id='word_1_674' title='bbox 742 2599 824 2624; x_wconf 89' lang='lat' dir='ltr'><strong>etiam</strong></span> <span class='ocrx_word' id='word_1_675' title='bbox 841 2605 912 2632; x_wconf 87' lang='lat' dir='ltr'><strong>pre-,</strong></span> 
     </span>
    </p>
   </div>
   <div class='ocr_carea' id='block_1_95' title="bbox 118 2643 902 2680">
    <p class='ocr_par' dir='ltr' id='par_1_95' title="bbox 118 2643 902 2680">
     <span class='ocr_line' id='line_1_96' title="bbox 118 2643 902 2680; baseline -0.001 -8"><span class='ocrx_word' id='word_1_676' title='bbox 118 2645 289 2680; x_wconf 80' lang='lat' dir='ltr'><strong>sbyterorum</strong></span> <span class='ocrx_word' id='word_1_677' title='bbox 317 2645 477 2680; x_wconf 74' lang='lat' dir='ltr'><strong>dignitatem</strong></span> <span class='ocrx_word' id='word_1_678' title='bbox 509 2643 646 2671; x_wconf 83' lang='lat' dir='ltr'><strong>habebant</strong></span> <span class='ocrx_word' id='word_1_679' title='bbox 679 2643 809 2678; x_wconf 89' lang='lat' dir='ltr'><strong>apostoli.</strong></span> <span class='ocrx_word' id='word_1_680' title='bbox 833 2643 902 2671; x_wconf 83' lang='lat' dir='ltr'><strong>Aliis</strong></span> 
     </span>
    </p>
   </div>
   <div class='ocr_carea' id='block_1_96' title="bbox 119 2688 902 2725">
    <p class='ocr_par' dir='ltr' id='par_1_96' title="bbox 119 2688 902 2725">
     <span class='ocr_line' id='line_1_97' title="bbox 119 2688 902 2725; baseline -0.003 -8"><span class='ocrx_word' id='word_1_681' title='bbox 119 2698 226 2724; x_wconf 75' lang='lat' dir='ltr'><strong>quaque</strong></span> <span class='ocrx_word' id='word_1_682' title='bbox 240 2691 376 2725; x_wconf 88' lang='lat' dir='ltr'><strong>capitibus</strong></span> <span class='ocrx_word' id='word_1_683' title='bbox 385 2689 569 2725; x_wconf 76' lang='lat' dir='ltr'><strong>signiﬁcatum</strong></span> <span class='ocrx_word' id='word_1_684' title='bbox 585 2689 708 2723; x_wconf 83' lang='lat' dir='ltr'><strong>estquod</strong></span> <span class='ocrx_word' id='word_1_685' title='bbox 723 2688 902 2716; x_wconf 86' lang='lat' dir='ltr'><strong>diaconorum</strong></span> 
     </span>
    </p>
   </div>
   <div class='ocr_carea' id='block_1_97' title="bbox 119 2735 640 2772">
    <p class='ocr_par' dir='ltr' id='par_1_97' title="bbox 119 2735 640 2772">
     <span class='ocr_line' id='line_1_98' title="bbox 119 2735 640 2772; baseline 0 -10"><span class='ocrx_word' id='word_1_686' title='bbox 119 2742 144 2762; x_wconf 86' lang='lat' dir='ltr'><strong>ct</strong></span> <span class='ocrx_word' id='word_1_687' title='bbox 160 2737 348 2772; x_wconf 84' lang='lat' dir='ltr'><strong>episcoporum</strong></span> <span class='ocrx_word' id='word_1_688' title='bbox 363 2736 478 2771; x_wconf 73' lang='lat' dir='ltr'><strong>gradum</strong></span> <span class='ocrx_word' id='word_1_689' title='bbox 493 2735 640 2763; x_wconf 79' lang='lat' dir='ltr'><strong>habebant.</strong></span> 
     </span>
    </p>
   </div>
   <div class='ocr_carea' id='block_1_98' title="bbox 156 2853 776 2888">
    <p class='ocr_par' dir='ltr' id='par_1_98' title="bbox 156 2853 776 2888">
     <span class='ocr_line' id='line_1_99' title="bbox 156 2853 776 2888; baseline 0 -8"><span class='ocrx_word' id='word_1_690' title='bbox 156 2853 178 2868; x_wconf 65' lang='grc' dir='ltr'><strong>θ’</strong></span> <span class='ocrx_word' id='word_1_691' title='bbox 193 2854 283 2882; x_wconf 76' lang='lat' dir='ltr'><strong>.\Iutth.</strong></span> <span class='ocrx_word' id='word_1_692' title='bbox 295 2863 341 2887; x_wconf 84' lang='lat' dir='ltr'><strong>xu,</strong></span> <span class='ocrx_word' id='word_1_693' title='bbox 442 2855 465 2870; x_wconf 81' lang='lat'><em>“</em></span> <span class='ocrx_word' id='word_1_694' title='bbox 482 2853 577 2882; x_wconf 81' lang='lat' dir='ltr'><strong>Matth.</strong></span> <span class='ocrx_word' id='word_1_695' title='bbox 594 2862 655 2888; x_wconf 76' lang='lat' dir='ltr'><strong>xxv,</strong></span> <span class='ocrx_word' id='word_1_696' title='bbox 670 2854 714 2886; x_wconf 74' lang='lat'><strong>2|,</strong></span> <span class='ocrx_word' id='word_1_697' title='bbox 731 2853 776 2882; x_wconf 68' lang='lat'><strong>25.</strong></span> 
     </span>
    </p>
   </div>
   <div class='ocr_carea' id='block_1_99' title="bbox 949 2275 1737 2313">
    <p class='ocr_par' dir='ltr' id='par_1_99' title="bbox 949 2275 1737 2313">
     <span class='ocr_line' id='line_1_100' title="bbox 949 2275 1737 2313; baseline -0.005 -6"><span class='ocrx_word' id='word_1_698' title='bbox 949 2279 1088 2310; x_wconf 71' lang='grc' dir='ltr'>Ἰουδαίοις</span> <span class='ocrx_word' id='word_1_699' title='bbox 1102 2278 1138 2304; x_wconf 79' lang='grc' dir='ltr'>τὰ</span> <span class='ocrx_word' id='word_1_700' title='bbox 1163 2276 1280 2310; x_wconf 77' lang='grc' dir='ltr'>ἐσόμενα</span> <span class='ocrx_word' id='word_1_701' title='bbox 1303 2276 1386 2305; x_wconf 81' lang='grc' dir='ltr'>κακά.</span> <span class='ocrx_word' id='word_1_702' title='bbox 1418 2276 1450 2304; x_wconf 86' lang='grc' dir='ltr'><strong>Εί</strong></span> <span class='ocrx_word' id='word_1_703' title='bbox 1474 2276 1502 2303; x_wconf 85' lang='grc' dir='ltr'>δὲ</span> <span class='ocrx_word' id='word_1_704' title='bbox 1530 2277 1564 2304; x_wconf 87' lang='grc' dir='ltr'>δι’</span> <span class='ocrx_word' id='word_1_705' title='bbox 1579 2277 1677 2309; x_wconf 82' lang='grc' dir='ltr'>αὐτοὺς</span> <span class='ocrx_word' id='word_1_706' title='bbox 1691 2275 1737 2313; x_wconf 84' lang='grc' dir='ltr'>ἦν,</span> 
     </span>
    </p>
   </div>
   <div class='ocr_carea' id='block_1_100' title="bbox 951 2322 1738 2359">
    <p class='ocr_par' dir='ltr' id='par_1_100' title="bbox 951 2322 1738 2359">
     <span class='ocr_line' id='line_1_101' title="bbox 951 2322 1738 2359; baseline -0.003 -7"><span class='ocrx_word' id='word_1_707' title='bbox 951 2325 1003 2352; x_wconf 70' lang='grc' dir='ltr'>ἔδει</span> <span class='ocrx_word' id='word_1_708' title='bbox 1019 2325 1128 2355; x_wconf 83' lang='grc' dir='ltr'>πάντως</span> <span class='ocrx_word' id='word_1_709' title='bbox 1144 2323 1190 2351; x_wconf 77' lang='grc' dir='ltr'>καὶ</span> <span class='ocrx_word' id='word_1_710' title='bbox 1209 2322 1276 2350; x_wconf 76' lang='grc' dir='ltr'>ὅντα</span> <span class='ocrx_word' id='word_1_711' title='bbox 1291 2322 1460 2350; x_wconf 80' lang='grc' dir='ltr'>παύσασθαι.</span> <span class='ocrx_word' id='word_1_712' title='bbox 1481 2323 1668 2358; x_wconf 84' lang='grc' dir='ltr'>Εὑδοκιμῆσαι</span> <span class='ocrx_word' id='word_1_713' title='bbox 1683 2324 1738 2359; x_wconf 78' lang='grc' dir='ltr'>γὰρ</span> 
     </span>
    </p>
   </div>
   <div class='ocr_carea' id='block_1_101' title="bbox 953 2367 1739 2406">
    <p class='ocr_par' dir='ltr' id='par_1_101' title="bbox 953 2367 1739 2406">
     <span class='ocr_line' id='line_1_102' title="bbox 953 2367 1739 2406; baseline -0.004 -9"><span class='ocrx_word' id='word_1_714' title='bbox 953 2371 1052 2406; x_wconf 79' lang='grc' dir='ltr'>μᾶλλον</span> <span class='ocrx_word' id='word_1_715' title='bbox 1070 2369 1153 2405; x_wconf 77' lang='grc' dir='ltr'>ἐχρῆν</span> <span class='ocrx_word' id='word_1_716' title='bbox 1181 2368 1279 2399; x_wconf 80' lang='grc' dir='ltr'>αὐτοὺς</span> <span class='ocrx_word' id='word_1_717' title='bbox 1308 2369 1349 2394; x_wconf 83' lang='grc' dir='ltr'>ὅτι</span> <span class='ocrx_word' id='word_1_718' title='bbox 1377 2368 1408 2394; x_wconf 85' lang='grc' dir='ltr'>τὸ</span> <span class='ocrx_word' id='word_1_719' title='bbox 1436 2367 1525 2394; x_wconf 82' lang='grc' dir='ltr'>αὐτῶν</span> <span class='ocrx_word' id='word_1_720' title='bbox 1553 2368 1674 2401; x_wconf 67' lang='grc' dir='ltr'>ἐποίουν,</span> <span class='ocrx_word' id='word_1_721' title='bbox 1691 2369 1739 2394; x_wconf 70' lang='grc' dir='ltr'>ἀνα</span> 
     </span>
    </p>
   </div>
   <div class='ocr_carea' id='block_1_102' title="bbox 951 2413 1737 2452">
    <p class='ocr_par' dir='ltr' id='par_1_102' title="bbox 951 2413 1737 2452">
     <span class='ocr_line' id='line_1_103' title="bbox 951 2413 1737 2452; baseline -0.004 -9"><span class='ocrx_word' id='word_1_722' title='bbox 951 2417 1046 2452; x_wconf 79' lang='grc' dir='ltr'>ῄρουν,</span> <span class='ocrx_word' id='word_1_723' title='bbox 1073 2415 1211 2447; x_wconf 73' lang='grc' dir='ltr'>ἐκόλαζον,</span> <span class='ocrx_word' id='word_1_724' title='bbox 1234 2413 1396 2449; x_wconf 70' lang='grc' dir='ltr'>ἐτιμώρουν,</span> <span class='ocrx_word' id='word_1_725' title='bbox 1423 2413 1593 2449; x_wconf 80' lang='grc' dir='ltr'>πανταχόθεν</span> <span class='ocrx_word' id='word_1_726' title='bbox 1615 2414 1737 2441; x_wconf 80' lang='grc' dir='ltr'>ἐδίωκον.</span> 
     </span>
    </p>
   </div>
   <div class='ocr_carea' id='block_1_103' title="bbox 947 2458 1737 2495">
    <p class='ocr_par' dir='ltr' id='par_1_103' title="bbox 947 2458 1737 2495">
     <span class='ocr_line' id='line_1_104' title="bbox 947 2458 1737 2495; baseline -0.004 -7"><span class='ocrx_word' id='word_1_727' title='bbox 947 2461 997 2488; x_wconf 83' lang='grc' dir='ltr'>Διά</span> <span class='ocrx_word' id='word_1_728' title='bbox 1014 2460 1093 2487; x_wconf 74' lang='grc' dir='ltr'>τοῦτο</span> <span class='ocrx_word' id='word_1_729' title='bbox 1111 2460 1201 2486; x_wconf 84' lang='grc' dir='ltr'>τοίνυν</span> <span class='ocrx_word' id='word_1_730' title='bbox 1229 2458 1276 2485; x_wconf 71' lang='grc' dir='ltr'>καὶ</span> <span class='ocrx_word' id='word_1_731' title='bbox 1299 2459 1313 2485; x_wconf 92' lang='lat'><strong>6</strong></span> <span class='ocrx_word' id='word_1_732' title='bbox 1335 2458 1415 2495; x_wconf 75' lang='grc' dir='ltr'>λιμὸς</span> <span class='ocrx_word' id='word_1_733' title='bbox 1439 2460 1562 2493; x_wconf 79' lang='grc' dir='ltr'>γέγονεν,</span> <span class='ocrx_word' id='word_1_734' title='bbox 1587 2460 1612 2485; x_wconf 87' lang='grc' dir='ltr'><strong>εί</strong></span> <span class='ocrx_word' id='word_1_735' title='bbox 1638 2459 1686 2486; x_wconf 73' lang='grc' dir='ltr'>καὶ</span> <span class='ocrx_word' id='word_1_736' title='bbox 1705 2459 1737 2485; x_wconf 85' lang='grc' dir='ltr'>οὐ</span> 
     </span>
    </p>
   </div>
   <div class='ocr_carea' id='block_1_104' title="bbox 948 2504 1737 2541">
    <p class='ocr_par' dir='ltr' id='par_1_104' title="bbox 948 2504 1737 2541">
     <span class='ocr_line' id='line_1_105' title="bbox 948 2504 1737 2541; baseline -0.005 -7"><span class='ocrx_word' id='word_1_737' title='bbox 948 2507 1068 2541; x_wconf 78' lang='grc' dir='ltr'>συνῆκαν</span> <span class='ocrx_word' id='word_1_738' title='bbox 1096 2506 1121 2532; x_wconf 88' lang='grc' dir='ltr'><strong>οί</strong></span> <span class='ocrx_word' id='word_1_739' title='bbox 1149 2505 1273 2538; x_wconf 75' lang='grc' dir='ltr'>τάλανες,</span> <span class='ocrx_word' id='word_1_740' title='bbox 1304 2504 1351 2531; x_wconf 74' lang='grc' dir='ltr'>καὶ</span> <span class='ocrx_word' id='word_1_741' title='bbox 1386 2505 1555 2539; x_wconf 80' lang='grc' dir='ltr'>συνέπασχον</span> <span class='ocrx_word' id='word_1_742' title='bbox 1576 2505 1666 2535; x_wconf 82' lang='grc' dir='ltr'>αὐτοῖς</span> <span class='ocrx_word' id='word_1_743' title='bbox 1699 2505 1737 2534; x_wconf 55' lang='grc' dir='ltr'><strong>είς</strong></span> 
     </span>
    </p>
   </div>
   <div class='ocr_carea' id='block_1_105' title="bbox 948 2548 1738 2586">
    <p class='ocr_par' dir='ltr' id='par_1_105' title="bbox 948 2548 1738 2586">
     <span class='ocr_line' id='line_1_106' title="bbox 948 2548 1738 2586; baseline -0.006 -7"><span class='ocrx_word' id='word_1_744' title='bbox 948 2552 1027 2580; x_wconf 82' lang='grc' dir='ltr'>τοῦτο</span> <span class='ocrx_word' id='word_1_745' title='bbox 1043 2552 1067 2578; x_wconf 85' lang='grc' dir='ltr'><strong>οί</strong></span> <span class='ocrx_word' id='word_1_746' title='bbox 1087 2550 1255 2586; x_wconf 83' lang='grc' dir='ltr'>Χριστιανοί.</span> <span class='ocrx_word' id='word_1_747' title='bbox 1274 2549 1445 2585; x_wconf 80' lang='grc' dir='ltr'>Σημειωτέον</span> <span class='ocrx_word' id='word_1_748' title='bbox 1469 2549 1510 2575; x_wconf 80' lang='grc' dir='ltr'>ὅτι</span> <span class='ocrx_word' id='word_1_749' title='bbox 1526 2550 1573 2575; x_wconf 78' lang='grc' dir='ltr'>καὶ</span> <span class='ocrx_word' id='word_1_750' title='bbox 1588 2548 1738 2584; x_wconf 77' lang='grc' dir='ltr'>πρεσῦυτέ-</span> 
     </span>
    </p>
   </div>
   <div class='ocr_carea' id='block_1_106' title="bbox 953 2591 1740 2634">
    <p class='ocr_par' dir='ltr' id='par_1_106' title="bbox 953 2591 1740 2634">
     <span class='ocr_line' id='line_1_107' title="bbox 953 2591 1740 2634; baseline -0.008 -10"><span class='ocrx_word' id='word_1_751' title='bbox 953 2606 1008 2634; x_wconf 87' lang='grc' dir='ltr'><strong>ρων</strong></span> <span class='ocrx_word' id='word_1_752' title='bbox 1024 2594 1096 2631; x_wconf 69' lang='grc' dir='ltr'>εἶχον</span> <span class='ocrx_word' id='word_1_753' title='bbox 1124 2596 1203 2628; x_wconf 77' lang='grc' dir='ltr'>ἀξίαν</span> <span class='ocrx_word' id='word_1_754' title='bbox 1230 2595 1256 2622; x_wconf 82' lang='grc' dir='ltr'>οἱ</span> <span class='ocrx_word' id='word_1_755' title='bbox 1282 2593 1436 2622; x_wconf 86' lang='grc' dir='ltr'>ἀπόστολοι.</span> <span class='ocrx_word' id='word_1_756' title='bbox 1462 2593 1518 2620; x_wconf 81' lang='grc' dir='ltr'><strong>Καὶ</strong></span> <span class='ocrx_word' id='word_1_757' title='bbox 1545 2594 1591 2620; x_wconf 70' lang='grc' dir='ltr'><strong>ἐπὶ</strong></span> <span class='ocrx_word' id='word_1_758' title='bbox 1613 2592 1698 2620; x_wconf 82' lang='grc' dir='ltr'>ἄλλων</span> <span class='ocrx_word' id='word_1_759' title='bbox 1711 2591 1740 2618; x_wconf 79' lang='grc' dir='ltr'>δὲ</span> 
     </span>
    </p>
   </div>
   <div class='ocr_carea' id='block_1_107' title="bbox 954 2638 1740 2678">
    <p class='ocr_par' dir='ltr' id='par_1_107' title="bbox 954 2638 1740 2678">
     <span class='ocr_line' id='line_1_108' title="bbox 954 2638 1740 2678; baseline -0.008 -8"><span class='ocrx_word' id='word_1_760' title='bbox 954 2643 1109 2678; x_wconf 82' lang='grc' dir='ltr'>κεφαλαίων</span> <span class='ocrx_word' id='word_1_761' title='bbox 1126 2641 1309 2678; x_wconf 83' lang='grc' dir='ltr'>σεσημείωται</span> <span class='ocrx_word' id='word_1_762' title='bbox 1325 2641 1367 2668; x_wconf 79' lang='grc' dir='ltr'>ὅτι</span> <span class='ocrx_word' id='word_1_763' title='bbox 1380 2639 1511 2668; x_wconf 85' lang='grc' dir='ltr'>διακόνων</span> <span class='ocrx_word' id='word_1_764' title='bbox 1525 2640 1572 2666; x_wconf 76' lang='grc' dir='ltr'>καὶ</span> <span class='ocrx_word' id='word_1_765' title='bbox 1582 2638 1740 2665; x_wconf 75' lang='grc' dir='ltr'>ἐπισκόπων</span> 
     </span>
    </p>
   </div>
   <div class='ocr_carea' id='block_1_108' title="bbox 954 2688 1157 2726">
    <p class='ocr_par' dir='ltr' id='par_1_108' title="bbox 954 2688 1157 2726">
     <span class='ocr_line' id='line_1_109' title="bbox 954 2688 1157 2726; baseline -0.015 -8"><span class='ocrx_word' id='word_1_766' title='bbox 954 2689 1027 2726; x_wconf 80' lang='grc' dir='ltr'>εἶχον</span> <span class='ocrx_word' id='word_1_767' title='bbox 1043 2688 1157 2726; x_wconf 74' lang='grc' dir='ltr'>βαθμὸν.</span> 
     </span>
    </p>
   </div>
   <div class='ocr_carea' id='block_1_109' title="bbox 815 2850 1343 2887">
    <p class='ocr_par' dir='ltr' id='par_1_109' title="bbox 815 2850 1343 2887">
     <span class='ocr_line' id='line_1_110' title="bbox 815 2850 1343 2887; baseline -0.009 -6"><span class='ocrx_word' id='word_1_768' title='bbox 815 2854 836 2870; x_wconf 78' lang='grc'><strong>³⁷</strong></span> <span class='ocrx_word' id='word_1_769' title='bbox 849 2853 981 2887; x_wconf 68' lang='grc' dir='ltr'>Μίιιιίωι,</span> <span class='ocrx_word' id='word_1_770' title='bbox 997 2854 1039 2882; x_wconf 72' lang='lat' dir='ltr'><strong>I2.</strong></span> <span class='ocrx_word' id='word_1_771' title='bbox 1077 2853 1098 2869; x_wconf 67' lang='grc'><strong>9⁵</strong></span> <span class='ocrx_word' id='word_1_772' title='bbox 1119 2852 1298 2882; x_wconf 71' lang='lat' dir='ltr'><strong>Mutth.xxtv,</strong></span> <span class='ocrx_word' id='word_1_773' title='bbox 1318 2850 1343 2877; x_wconf 86' lang='lat'><strong>7.</strong></span> 
     </span>
    </p>
   </div>
  </div>
