1864 3052
102 116 152 150 18'!

625 117 823 148 (ECUMENII
843 117 990 148 TRICCIE
1009 119 1181 151 EI’ISCOPI

1677 121 1735 153 188

105 187 113 204 ι
135 185 167 204 ex
186 175 398 205 circumcisione
419 175 604 210 crediderant,
619 180 752 211 quotquot
766 175 888 204 comitati

981 179 1029 213 μῆς
1048 180 1149 212 πιστοὶ,
1161 180 1219 207 ὅσοι
1232 179 1362 215 συνῆλθον
1384 179 1423 216 τῷ
1435 180 1540 216 Πέτρῳ,
1557 181 1598 208 ἔτι
1617 181 1664 208 καὶ
1682 182 1737 209 ἐπὶ

106 233 115 249 ι
137 223 244 251 fuerant
256 222 380 256 Petrum,
403 223 477 258 quod
493 226 518 250 et
535 222 562 249 in
578 226 672 257 gentes
688 223 789 250 donum
804 223 892 251 sancti

105 279 114 294 ι
135 269 254 304 Spiritus
277 269 392 296 effusum
414 273 499 298 esset.
516 268 671 297 Audiebant
687 270 760 298 enim
776 270 838 298 illos
850 271 893 298 lo-

107 325 116 340 ι
140 320 255 350 quentes
282 315 382 350 linguis
410 322 440 342 ac
464 315 672 350 magniﬁcantes
692 316 788 344 Deum.
816 316 893 344 Tunc

109 371 119 385 ε
142 361 281 396 respondit.
295 361 390 388 Petrus
409 360 555 396 :Nunquid
582 361 728 395 prohibere
757 362 892 397 quispiam

109 416 117 432 ι
141 411 239 441 potest,
266 414 298 433 ne
312 413 381 440 aqua
395 405 566 440 baptizentur
577 406 603 432 hi
618 406 664 440 qui
683 406 812 440 Spiritum
827 414 893 434 san-

107 463 114 478 I
140 458 212 479 ctum
230 457 396 488 acceperunt
409 452 481 479 sicut
495 456 521 479 et
534 452 603 479 nos?
614 451 736 486 Etjussit
747 460 794 480 eos
805 452 893 487 bapti-

108 508 116 524 ι
138 499 193 525 zari
210 499 235 525 in
249 498 359 525 nomine
371 497 489 524 Domini.
506 497 584 525 Tunc
598 502 763 534 rogaverunt
775 506 847 532 eum,
864 501 894 526 ut

109 554 117 570 ι
143 549 296 571 rv-maneret
314 544 373 570 dies
392 544 506 578 aliquot.
529 552 538 569 ι

141 589 190 616 Ubi
211 590 389 617 credidissent
411 590 483 624 quod
501 598 548 625 per
567 591 703 625 baptisma
723 590 847 618 omnino"
865 590 893 618 fit

106 635 229 662 remissio
242 639 430 669 peccatorum.
443 640 508 662 tunc
527 644 608 671 super
618 644 666 663 eos
680 636 822 664 descendit
833 637 894 671 Spi-

105 682 183 708 ritus.
196 679 252 707 Hoc
265 685 367 713 autent,
380 681 434 709 Deo
444 681 651 716 praeordinante,
664 682 763 709 accidit
773 683 852 717 100
860 683 893 710 ad

107 734 233 760 magnam
250 726 323 754 Petri
348 727 549 755 defensionem.
568 727 661 762 Neque
683 729 788 763 vulgari
813 728 894 756 modo

108 772 228 807 Spiritus
248 773 419 806 supervenit,
446 774 492 801 sed
518 778 546 802 et
572 774 672 808 linguis
700 774 892 809 loquebantur.

107 818 180 852 quod
193 821 219 846 in
232 823 370 853 stuporem
385 820 490 855 ipduxit
503 827 563 853 eos,
575 821 620 855 qui
635 821 749 848 comites
762 821 868 848 fuerant
884 829 891 848 :

107 870 218 899 propter
233 866 304 900 quod
320 867 400 893 etiam
419 865 514 894 Petrus
538 866 681 894 confestim
699 875 746 895 eos
761 867 893 902 baptizari

104 910 191 944 jussit
204 911 230 937 in
246 912 357 938 nomine
378 911 493 939 Domini.
507 911 562 940 Nec
576 913 655 940 dixit:
672 912 808 945 Quorsum
824 921 893 948 aqua

107 962 175 988 opus
185 960 238 988 est,
251 963 313 982 cum
327 958 514 991 supervenerit
531 958 557 984 in
573 965 620 986 eos
631 957 750 992 Spiritus
762 959 896 986 sanctus?

109 999 228 1026 Noverat
249 1003 333 1033 enim,
351 1003 422 1036 quod
446 1003 473 1029 in
490 1010 559 1037 aqua
581 1004 784 1038 complerentur
804 1005 894 1031 divina

109 1046 198 1079 signa,
213 1055 309 1082 nempe
326 1049 463 1084 sepultura
479 1057 509 1076 ac
530 1050 714 1077 mortificatio.
730 1051 894 1079 resurrectio

107 1096 134 1118 et
149 1093 213 1120 vita.
230 1094 463 1126 Quemadmodum
478 1096 549 1122 enim
568 1097 645 1124 nobis
658 1096 737 1124 facile
751 1102 792 1124 est
807 1098 896 1132 bapti-

107 1147 169 1165 zare
182 1147 212 1165 ac
227 1147 374 1174 cmergere.
394 1141 429 1166 ita
446 1141 499 1167 Deo
519 1140 596 1168 facile
621 1146 662 1169 est
679 1143 795 1176 sepelire
819 1147 894 1171 vete-

108 1193 164 1212 rem
187 1185 321 1213 hominem
340 1193 495 1222 novumque
511 1187 711 1216 demonstrare.
728 1189 786 1215 Hoc
803 1193 892 1216 autem

107 1230 189 1257 tertio
207 1230 234 1257 fit
249 1251 257 1263 ,
279 1234 309 1258 ut
331 1239 512 1266 agnoscamus
529 1233 602 1267 quod
623 1234 748 1267 potentia
767 1233 856 1261 Patris
868 1238 895 1261 et

107 1277 168 1304 Filii
185 1282 211 1305 et
229 1277 348 1312 Spiritus
364 1280 450 1307 sancti
467 1280 518 1307 hoc
535 1281 661 1308 efﬁcitur.
676 1281 791 1314 Quidam
804 1286 894 1309 autctn

108 1323 288 1351 demonstrari
302 1324 396 1351 dicunt
411 1326 490 1352 tertio
505 1325 548 1353 die
563 1326 661 1353 factam
681 1326 783 1354 Christi
803 1334 896 1355 resur-

110 1370 270 1403 rectionem,
286 1378 345 1405 qua:
359 1370 410 1399 hoc
425 1372 451 1398 in
465 1373 546 1399 nobis
559 1372 672 1400 efficiat.

398 1428 513 1456 CAPUT
532 1429 601 1456 XVI.

109 1480 243 1514 Quomodo
263 1482 487 1519 Petrusdeincrps
502 1485 702 1522 etiamsingula
716 1493 816 1518 eorum.
837 1494 895 1522 qute

145 1524 203 1545 arta
219 1524 278 1546 sunt
295 1525 388 1546 narrat
412 1521 540 1554 apostolis
560 1521 685 1548 adversus
702 1521 786 1554 ipsum
808 1521 895 1549 diate-

143 1554 288 1586 ptmuibns.
319 1555 391 1582 Tunc
415 1560 502 1581 autent
528 1554 680 1583 Barnabam
704 1558 830 1584 miserunt
860 1558 894 1585 ad

144 1589 249 1623 fratres.
267 1591 311 1624 qui
327 1595 403 1617 erant
419 1591 576 1618 Antiocltitc.

144 1645 190 1679 ΧΙ,
211 1647 281 1674 l-20.
301 1646 452 1674 Audierunt
470 1652 560 1674 autem
583 1649 703 1683 apostoli
721 1657 754 1676 ac
777 1649 894 1683 fratres.

112 1700 121 1716 (
143 1692 186 1725 qui
200 1697 279 1719 erant
300 1692 326 1719 in
343 1692 448 1726 Judzea,
469 1693 541 1727 quod
568 1698 596 1720 et
616 1699 710 1728 gentes
731 1695 896 1729 recepissent

114 1747 122 1762 ε
144 1739 254 1765 verbum
269 1738 325 1766 Dei.
336 1738 460 1773 Cumque
475 1739 602 1768 rediisset
615 1740 894 1777 Petrus‘Jerosol‘yma‘

113 1792 122 1809 ι
144 1783 335 1819 discoptabaut
360 1785 492 1813 adversus
518 1786 605 1817 illum,
631 1787 677 1821 qui
697 1792 774 1814 erant
792 1795 825 1814 ex
845 1787 898 1816 cir-

113 1838 122 1854 ι
144 1831 323 1862 rumcisione,
349 1831 473 1858 dicentes
490 1839 498 1858 :
515 1831 553 1858 Ad
578 1833 651 1859 viros
665 1833 826 1867 prazputium
847 1833 896 1860 ha-

113 1884 122 1899 (
144 1875 238 1903 bcntcs
263 1876 382 1903 introisti
400 1882 425 1903 et
442 1876 522 1904 edisti
539 1885 599 1904 cum
615 1878 680 1905 illis.
696 1877 734 1905 Re
756 1882 845 1906 autent
863 1879 897 1906 ab

113 1929 122 1946 ι
144 1921 221 1949 initio
237 1923 350 1955 repetita
368 1921 465 1950 Pctrus
482 1924 610 1957 exposuit
636 1924 689 1951 illis
704 1924 838 1956 ordinem.
853 1923 897 1951 di-

113 1974 121 1990 t
145 1974 230 1994 cens:
249 1966 305 2001 Ego
327 1966 352 1993 in
369 1968 478 1995 civitate
497 1968 584 2004 Joppe
603 1969 727 2002 orabam,
745 1969 853 2004 vidique
869 1971 895 1997 in

113 2020 129 2034 ι-
145 2013 243 2038 tuentis
253 2019 365 2039 excessu
377 2013 524 2046 visionem,
535 2015 753 2042 descentlerevas
762 2015 896 2050 quoddam

114 2065 123 2081 ι
145 2064 193 2083 ccu
212 2057 325 2084 linteum
341 2066 479 2093 magnum,
491 2066 609 2095 quatuor
620 2061 704 2089 initiis
720 2062 849 2090 emissum
864 2071 897 2090 ex

113 2110 122 2126 ι
145 2102 224 2133 t-mlo,
244 2107 271 2129 et
286 2104 359 2131 venit
375 2112 462 2139 usque
477 2106 509 2132 ad
534 2114 587 2133 me.
602 2105 630 2133 In
641 2106 712 2141 quod
730 2115 789 2135 cum
810 2108 898 2136 inten-

113 2157 122 2173 ‹
145 2149 246 2176 diss-3m
270 2151 375 2184 oculos,
394 2152 572 2180 animadverti
589 2158 615 2180 et
638 2153 692 2180 vidi
711 2155 897 2190 quadrupedia

113 2203 122 2219 ι
144 2198 231 2229 terra),
244 2204 274 2224 ac
289 2197 566 2233 bestias,etreptilia,
582 2200 754 2235 volatiliaque
762 2201 899 2228 εαξη-Λιι-

113 2249 122 2266 ι
144 2241 198 2267 divi
209 2248 296 2270 autem
310 2250 336 2271 ct
347 2252 440 2272 vocem
452 2245 587 2273 dicentem
602 2244 683 2273 mihi:
697 2246 794 2282 Surge,
807 2247 897 2281 Pctre,

112 2299 125 2317 ι(
149 2293 237 2316 macta
247 2294 274 2317 et
283 2297 401 2317 vescere.
419 2289 476 2317 Dixi
489 2296 579 2319 autem
597 2301 604 2319 :
619 2292 694 2327 101
707 2292 896 2328 Nequaquam,

113 2347 123 2363 ‹
147 2337 272 2368 homine,
285 2336 349 2371 quia
366 2337 433 2364 nihil
445 2345 589 2366 commune
602 2343 649 2366 aut
662 2340 830 2367 immundum
846 2348 898 2366 un-

116 2393 125 2409 ι
147 2392 227 2418 quam
252 2383 374 2411 introivit
391 2385 417 2410 in
439 2392 469 2412 0s
485 2392 584 2412 meum.
611 2385 815 2421 Responditque
833 2386 898 2414 mihi

114 2439 123 2456 ι
145 2437 253 2455 rursum
269 2436 320 2456 vox
335 2428 368 2456 de
384 2430 473 2456 ccelo:
490 2429 555 2462 Qum
576 2430 646 2458 Deus
661 2431 802 2458 inundavit
822 2435 849 2458 tu
865 2439 899 2458 ne

115 2485 124 2500 ‹
145 2475 302 2502 communia
331 2475 444 2503 dixeris.
474 2475 530 2503 lloc
558 2480 647 2503 autem
675 2477 788 2511 contigit
808 2477 898 2503 tertio.

114 2529 123 2546 (
146 2521 322 2555 Rursumque
343 2521 477 2548 subducta
498 2526 561 2549 sunt
576 2522 667 2548 omnia
685 2522 712 2548 in
731 2521 841 2549 caelum.
866 2522 900 2549 Et

116 2576 124 2592 ι
146 2575 209 2594 ecce
223 2572 333 2602 repente
351 2571 406 2596 tres
422 2568 470 2595 viri
486 2568 600 2595 aderant
621 2568 654 2594 ad
669 2567 781 2594 domum
799 2568 825 2595 in
846 2575 899 2602 qua

116 2623 126 2639 ι
147 2621 232 2647 eram,
249 2622 264 2641 e
275 2614 399 2642 Ctesarea
416 2614 492 2641 missi
506 2615 538 2641 ad
553 2621 606 2641 me.
620 2613 746 2648 Dixitque
757 2613 822 2640 mihi
839 2614 900 2649 Spi-

116 2671 125 2686 l
147 2662 227 2692 ritus,
253 2665 284 2688 ut
307 2661 490 2695 congrederer
512 2667 574 2686 cum
594 2660 647 2686 illis
668 2660 734 2686 nihil
759 2659 899 2689 haesitans.

116 2717 126 2734 ‹
147 2708 274 2736 Comi'ati
286 2713 350 2736 sunt
363 2714 452 2735 autem
470 2715 513 2735 me
535 2713 561 2735 et
576 2715 623 2735 sex
639 2707 737 2735 fratres
755 2709 792 2735 hi.
809 2709 841 2736 Et
858 2709 900 2736 in-

119 2762 128 2779 t
151 2754 235 2788 gressi
258 2763 354 2782 sumus
379 2755 490 2782 domum
510 2753 580 2781 viri:
599 2746 677 2788 isque
703 2754 794 2781 retulit
822 2756 901 2784 nobis

123 2808 131 2825 t
153 2799 291 2834 quomodo
314 2801 429 2828 vidisset
451 2800 577 2835 angelum
601 2801 672 2827 domi
692 2809 749 2828 sua:
765 2805 900 2829 astantem

119 2853 129 2870 ι
150 2853 179 2872 ιιι-
195 2846 330 2873 dicentem
347 2846 397 2873 sibi
414 2856 421 2873 :
445 2846 519 2874 Mitte
535 2847 608 2874 viros
625 2846 728 2882 .loppcn
745 2852 770 2875 ct
788 2856 898 2876 accerse

946 234 956 251 ι
975 225 1008 252 τὰ
1024 225 1087 261 ἔθνη
1102 226 1217 261 ἡδωρεὰ
1227 226 1274 253 τοῦ
1290 227 1368 260 ἁγίου
1385 227 1545 262 Πνεύματος
1568 228 1734 263 ἐκκέχυται.

947 280 957 297 ι
977 271 1095 298 Ἤκουον
1109 272 1163 308 γὰρ
1175 272 1265 299 αὐτῶν
1281 272 1434 299 λαλούντων
1446 273 1582 307 γλώσσαις
1599 275 1646 301 καὶ
1680 283 1735 309 με·

947 327 957 344 ι
974 318 1143 352 γαλυνόντων
1158 321 1203 345 τδν
1217 319 1293 347 Θεόν.
1322 319 1389 346 Τότε
1404 320 1541 355 ἀπεκρίθη
1565 321 1579 347 ὁ
1605 321 1712 355 Πέτρος
1724 329 1732 336 ι

946 372 956 389 ι
975 364 1019 399 Μή
1034 365 1104 391 τιτὸ
1123 363 1195 399 ὕδωρ
1210 365 1333 392 κωλῦσαι
1357 365 1468 392 δύναταί
1483 374 1536 399 τις,
1555 366 1602 392 τοῦ
1619 366 1657 402 μὴ
1685 366 1736 401 βα-

946 417 957 435 ι
975 410 1120 445 πτισθῆναι
1134 410 1256 443 τούτους,
1267 411 1364 442 οἴτινες
1379 411 1410 437 τὸ
1418 411 1531 447 Πνεῦμα
1541 411 1571 437 τὺ
1581 412 1657 445 ἅγιον
1665 412 1736 438 ἐλα-

946 464 956 481 ι
973 454 1030 488 60v,
1053 456 1144 487 καθὼς
1160 456 1207 483 καὶ
1221 457 1322 491 ἡμεῖς;
1337 457 1491 492 Προσέταξέ
1507 466 1538 484 τε
1562 458 1659 490 αὐτοὺς
1680 458 1735 493 βα-

946 511 956 527 (
974 501 1120 536 πτισθῆναι
1134 502 1162 528 ἐν
1172 502 1210 538 τῷ
1221 503 1332 538 ὀνόματι
1346 503 1393 530 τοῦ
1407 504 1520 538 Κυρίου.
1535 504 1602 531 Τότε
1616 505 1734 540 ἠρώτη-

946 556 956 574 ‹
975 556 1023 574 σαν
1039 548 1120 574 αὐτὸν
1129 548 1269 583 ἐπιμεῖναι
1284 549 1389 584 ἡμέρας
1401 550 1485 581 τινάς.
1503 559 1513 576 ι

980 594 1044 621 Ὅτε
1059 594 1220 621 ἐπίστευσαν
1233 596 1273 622 ὅτι
1292 587 1400 627 πάντως
1425 596 1455 622 τὸ
1469 595 1610 631 βάπτισμα
1630 597 1735 630 ἄφεσίς

944 639 1017 665 ἐστιν
1043 640 1196 675 ἁμαρτιῶν,
1211 641 1272 667 τότε
1303 641 1420 676 ἐπῆλθεν
1446 641 1537 673 αὐτοῖς
1558 642 1590 668 τὸ
1604 642 1733 676 Πνεῦμα.

944 684 1029 712 Τοῦτο
1040 686 1068 712 δὲ
1083 686 1188 720 γίνεται
1203 678 1463 722 προοικοιλομοῦντος
1478 688 1627 722 ἀπολογίαν
1642 688 1736 723 μεγά-

943 730 992 766 λην
1009 731 1047 766 τῷ
1058 732 1153 767 Πέτρῳ
1166 732 1211 759 τοῦ
1225 733 1303 763 Θεοῦ,
1314 733 1369 760 Καὶ
1385 733 1434 768 οὐχ
1450 733 1545 765 ἁπλῶς
1564 733 1594 760 τὸ
1616 733 1737 768 Πνεῦμα

944 778 1071 813 ἐπῆλθεν,
1099 778 1166 805 ἀλλὰ
1182 779 1229 805 καὶ
1255 778 1390 812 γλώσσαις
1421 779 1552 812 ἐλάλουν,
1577 779 1645 814 ὅπερ
1667 779 1736 811 ὲξέο

945 825 1052 859 πληπτε
1063 825 1126 856 τοὺς
1142 825 1325 857 συνελθόντας.
1343 826 1381 851 Δι’
1397 825 1411 851 ὃ
1427 826 1474 852 καὶ
1486 826 1500 852 ὁ
1518 826 1618 861 Πέτρος
1644 834 1737 860 προσ-

946 870 1040 902 έταξεν
1053 870 1153 902 εὐθέως
1170 870 1269 902 αὐτοὺς
1292 870 1477 906 βαπτισθῆναι
1502 872 1531 898 ὲν
1545 871 1585 907 τῷ
1615 873 1737 906 ὀνόματι

944 916 992 943 τοῦ
1006 915 1118 952 Κυρίου.
1134 916 1188 943 Καὶ
1202 917 1251 943 οὐκ
1266 914 1338 950 εἷπε,
1351 917 1399 949 Τίς
1412 918 1429 952 ὴ
1447 916 1493 944 τοῦ
1525 916 1620 948 ὓδατος
1637 917 1736 952 χρεία,

945 961 991 988 τοῦ
1004 962 1081 996 ἁγίου
1096 962 1251 997 Πνεύματος
1263 962 1438 994 ἐπιπεσόντος
1454 963 1546 994 αὐτοῖς
1559 971 1566 995 ;
1585 963 1661 999 ᾜδει
1675 962 1737 997 γὰρ

946 1007 986 1034 ὅτι
999 1007 1058 1033 θεῖα
1073 1006 1189 1033 τελεῖται
1201 1008 1229 1033 ὲν
1243 1007 1318 1042 αὐτῷ
1347 1007 1480 1041 σύμϐολα,
1503 1007 1588 1041 τάςρος
1615 1008 1662 1033 καὶ
1685 1008 1738 1033 νέ-

945 1062 1058 1088 κρωσις,
1077 1053 1124 1079 καὶ
1138 1054 1298 1085 ἀνάστασις,
1312 1053 1359 1080 καὶ
1373 1052 1440 1088 ζωή.
1455 1053 1562 1088 Ὥσπερ
1579 1053 1632 1087 γὰρ
1648 1053 1736 1079 εὖχο-

945 1098 990 1125 λον
1004 1100 1069 1133 ἡμῖν
1083 1098 1267 1133 βαπτίσασθαι
1280 1100 1327 1126 καὶ
1342 1099 1498 1130 ἀνανεῦσαι,
1518 1099 1605 1130 οὕτως
1618 1098 1739 1125 εὔκολον

945 1144 982 1178 τῷ
992 1143 1052 1178 Θεῷ
1064 1143 1148 1178 θάψαι
1162 1144 1207 1170 τὸν
1221 1144 1335 1170 παλαιὸν
1350 1143 1503 1178 ἄνθρωπον,
1523 1142 1572 1169 καὶ
1593 1142 1739 1174 ἀναδεῖξαι

946 1191 990 1216 τὴν
1000 1190 1069 1217 νέον.
1088 1190 1185 1224 Τρίτον
1196 1190 1224 1216 δὲ
1238 1189 1318 1216 τοῦτο
1333 1190 1452 1224 γίνεται,
1467 1190 1512 1216 ἵνα
1545 1189 1655 1224 γνῶμεν
1689 1189 1740 1215 ὅτι

945 1236 1058 1270 δυνάμει
1071 1236 1186 1271 Πατρδς,
1198 1236 1244 1262 καὶ
1253 1235 1330 1268 Υίοῦ,
1342 1235 1388 1262 καὶ
1401 1236 1478 1269 ἁγίου
1488 1234 1739 1268 Πνεύματοςτοῦτο

946 1281 1060 1315 γίνεται.
1081 1281 1158 1312 Τινὲς
1186 1281 1215 1307 δέ
1241 1290 1334 1315 φασιν,
1364 1281 1409 1308 ἵνα
1429 1281 1521 1315 δειχθῇ
1552 1280 1736 1314 ἡτριήμερος

946 1327 1093 1359 ἀνάστασις
1115 1326 1160 1354 τοῦ
1191 1327 1310 1362 Χριστοῦ
1340 1327 1418 1354 τοῦτο
1444 1325 1680 1361 κατεργαζομένου
1706 1326 1735 1352 ὲκ

946 1373 1022 1407 ἡμῖν.

1218 1429 1342 1456 ΚΕΦΑΛ.
1357 1429 1415 1462 ις’.

952 1484 1002 1518 Ὧς
1021 1485 1130 1520 Πέτρος
1146 1486 1182 1512 τὰ
1197 1485 1329 1519 καθεξῆς
1350 1485 1397 1512 καὶ
1414 1485 1451 1511 τὰ
1467 1484 1581 1511 ﬁrmam
1604 1482 1663 1520 τῷν
1687 1491 1737 1516 γε-

983 1518 1114 1555 γονότὼν
1140 1519 1282 1554 διηγεῖται
1315 1520 1377 1553 τοῖς
1405 1520 1595 1555 ἀποστόλοις,
1619 1518 1735 1555 διακρι-

982 1553 1058 1583 θεῖσι
1070 1556 1144 1589 πρὸς
1160 1556 1263 1583 αὐτόν.
1282 1556 1316 1581 Τὸ
1331 1556 1441 1588 Inv/2m
1457 1555 1490 1580 δὲ
1507 1554 1560 1581 τὸν
1574 1553 1738 1587 ,βαρνάᾶαν

980 1592 1120 1626 ἔπεμψαν
1134 1590 1208 1625 πρὸς
1223 1590 1293 1622 τοὺς
1306 1591 1340 1616 ὲν
1354 1590 1519 1624 Ἀντιοχείᾳ
1532 1589 1694 1623 ἀδελφούς.

984 1657 994 1674 σ
1009 1649 1147 1675 Ἤκουσαν
1160 1648 1189 1674 δὲ
1200 1649 1225 1674 oi
1237 1647 1381 1674 ἀπόστολοι
1397 1647 1444 1674 καὶ
1458 1647 1482 1673 οἱ
1510 1646 1631 1680 ἀδελφοὶ.
1648 1647 1672 1672 οε
1687 1645 1739 1672 ὂν-

949 1703 959 1720 (
977 1703 1022 1726 τες
1036 1694 1108 1721 κατά
1130 1695 1178 1729 τὴν
1195 1693 1336 1726 Ἰουδαίαν,
1352 1694 1393 1720 ὅτι
1407 1693 1454 1719 καὶ
1470 1692 1506 1719 τὰ
1517 1692 1580 1726 ἔθνη
1608 1691 1740 1724 ἐδέξαντο

950 1749 959 1766 ‹
978 1741 1023 1767 τὸν
1053 1741 1131 1775 λόγον
1156 1741 1202 1767 τοῦ
1215 1741 1292 1767 Θεοῦ.
1311 1740 1365 1767 Καὶ
1390 1740 1435 1766 ὅτε
1455 1739 1540 1774 ἀνέϐη
1569 1739 1670 1774 Πέτρος
1691 1739 1739 1769 εἰς

951 1795 960 1812 ι
985 1786 1171 1822 Ἰεροσόλυμα,
1182 1787 1349 1821 διεκρίνοντο
1367 1786 1434 1821 πρὸς
1448 1785 1529 1812 αὐτὸν
1546 1785 1571 1811 οἱ
1583 1786 1616 1811 ὲκ
1625 1793 1741 1818 περιτο-

951 1841 960 1858 (
978 1833 1031 1867 μῆς
1048 1853 1056 1865 ,
1079 1833 1220 1866 λέγοντες,
1250 1833 1291 1860 ὅτι
1318 1833 1388 1868 Πρῆς
1421 1832 1520 1867 ἄνδρας
1550 1831 1740 1867 ἀκροϐυστίαν

951 1887 960 1903 ί
980 1878 1090 1913 ἔχοντας
1102 1879 1236 1914 εἰσῆλθες,
1244 1879 1291 1906 καὶ
1298 1879 1447 1914 συνέφαγες
1456 1879 1558 1909 αὐτοῖς.
1567 1876 1741 1913 ’Δρξὰμενος

951 1934 960 1950 ι
980 1924 1008 1950 δὲ
1020 1923 1033 1949 ὁ
1049 1923 1151 1958 Πέτρος
1168 1923 1398 1956 ὲξετίθετοαύτοῖς
1410 1921 1537 1956 καθεξῆς,
1555 1920 1739 1954 λέγων·Ἐγὼ

951 1980 960 1996 ‹
978 1971 1052 2006 ἢμην
1067 1971 1095 1997 ὲν
1109 1970 1184 1996 πόλει
1199 1970 1295 2004 Ἰόππῃ
1311 1968 1540 2004 προσευχόμενος,
1565 1968 1611 1994 καὶ
1626 1965 1696 1993 εἶδον
1705 1968 1741 1994 ἐν

951 2027 959 2043 ι
978 2017 1106 2044 ἐκστάσει
1121 2018 1222 2051 ὅραμα,
1237 2016 1401 2042 καταὸαῑνον
1420 2014 1516 2046 σκεῦός
1534 2023 1560 2041 τι
1581 2014 1618 2045 ὡς
1637 2013 1738 2048 ὀθόνην

952 2073 962 2090 ι
979 2063 1112 2098 μεγάλην,
1125 2063 1273 2096 τέσσαρσιν
1285 2063 1381 2097 ἀρχαῖς
1398 2060 1565 2096 καθιεμένην
1576 2061 1607 2087 ὲκ
1624 2060 1671 2086 τοῦ
1690 2060 1741 2085 οὺ-

952 2116 961 2132 (
983 2107 1075 2142 ρανοῦ,
1097 2107 1143 2133 καὶ
1160 2105 1240 2141 ἦλθεν
1263 2107 1343 2141 ἄχρις
1371 2106 1450 2140 ἐμοῦ.
1479 2106 1527 2138 Εἰς
1547 2106 1581 2141 ἦν
1596 2105 1738 2137 ἀτενίσας,

952 2163 960 2179 ι
983 2155 1126 2180 κατενόουν
1142 2153 1189 2179 καὶ
1203 2151 1272 2179 εἶδον
1286 2154 1320 2180 τὰ
1333 2153 1486 2186 τετράποδα
1497 2152 1546 2186 τῆς
1560 2152 1622 2186 γῆς,
1639 2152 1687 2178 καὶ
1699 2152 1739 2178 τὰ

953 2209 962 2226 ‹
978 2199 1071 2236 θηρία.
1088 2200 1133 2226 καὶ
1150 2201 1183 2226 τὰ
1195 2199 1307 2234 ἑρπετὰ,
1325 2199 1371 2226 καὶ
1385 2200 1418 2226 τὰ
1436 2200 1548 2225 πετεινὰ
1577 2198 1623 2225 τοῦ
1653 2198 1740 2232 οὐρα-

953 2255 962 2272 ι
982 2246 1039 2273 νοῦ.
1053 2247 1178 2272 Ἤκουσα
1194 2245 1222 2272 δὲ
1235 2247 1327 2280 φωνῆς
1341 2244 1474 2279 λεγούσης
1503 2253 1564 2279 μοι’
1591 2245 1739 2277 Ἀναστὰς,

953 2301 962 2318 ‹
980 2292 1078 2328 Πέτρε,
1091 2291 1171 2317 θῦσον
1181 2291 1228 2317 καὶ
1240 2291 1321 2325 φάγε.
1336 2289 1419 2316 Εἶπον
1430 2291 1458 2317 δέ
1472 2299 1479 2305 ·
1505 2290 1656 2324 Μηδαμῶς,
1679 2290 1740 2315 Κύ-

953 2347 962 2363 t
984 2346 1036 2372 ριε,
1051 2337 1092 2363 ὅτι
1107 2337 1161 2363 πᾶν
1176 2337 1264 2363 κοινὸν
1278 2336 1295 2371 ἢ
1313 2336 1469 2370 ἀκάθαρτον
1493 2335 1621 2362 οὐδέποτε
1643 2335 1738 2369 εἰσῆλ-

954 2393 963 2410 ι
982 2385 1026 2410 θεν
1043 2383 1082 2413 εἰς
1092 2383 1124 2409 τὸ
1137 2383 1224 2416 στόμα
1243 2391 1305 2416 μου.
1319 2381 1468 2417 ’Δπεκρίθη
1492 2381 1520 2407 δέ
1538 2390 1584 2416 μοι
1612 2381 1687 2416 φωνὴ
1703 2382 1739 2407 ὲκ

954 2440 963 2456 ι
981 2429 1107 2464 δευτέρον
1129 2429 1161 2454 ὲκ
1172 2428 1219 2455 τοῦ
1232 2428 1346 2463 οὐρανοῦ
1358 2436 1365 2442 ·
1400 2429 1434 2454 *Δ
1448 2429 1462 2454 ό
1483 2427 1548 2458 Θεδς
1568 2427 1736 2460 ὲκαθάρισε,

954 2485 962 2500 ι
983 2475 1015 2502 σὺ
1031 2474 1069 2510 μὴ
1085 2474 1184 2501 κοίνου.
1199 2473 1285 2500 Τοῦτο
1298 2474 1326 2500 δὲ
1341 2473 1449 2507 ἐγένετο
1465 2474 1512 2499 ὲττὶ
1529 2473 1599 2507 τρίς.
1616 2473 1670 2499 Καὶ
1680 2473 1736 2499 πά-

954 2531 963 2547 ‹
983 2522 1024 2548 λιν
1038 2521 1196 2555 ἀνεσπάσθη
1213 2521 1320 2547 ἅπαντα
1330 2520 1369 2551 είς
1383 2520 1429 2546 τὸν
1446 2519 1570 2554 οὐρανόν.
1599 2520 1654 2544 Καὶ
1682 2518 1739 2544 ἰδοὺ

955 2577 964 2594 ‹
985 2566 1015 2599 ἐξ
1029 2566 1114 2600 αὐτῆς
1129 2567 1202 2601 τρεῖς
1217 2565 1313 2600 ἄνδρες
1323 2565 1487 2601 ἐπέστησαν,
1504 2564 1550 2591 ἐπὶ
1573 2564 1622 2599 τὴν
1645 2563 1740 2590 οἰκίαν

954 2623 964 2639 ‹
982 2615 1010 2640 ὲν
1029 2611 1142 2649 ᾖῆμην,
1158 2612 1356 2647 ἀπεσταλμένοι
1385 2612 1439 2638 ἀπὸ
1472 2611 1641 2648 Καισαρείας
1668 2611 1741 2646 πρός

955 2669 964 2686 ι
984 2657 1107 2695 με.›Εἷπε
1121 2659 1149 2686 δέ
1169 2668 1214 2694 μοι
1231 2658 1261 2686 τὸ
1277 2659 1397 2692 πνεῦμα,
1412 2658 1550 2685 συνελθεῖν
1565 2659 1668 2689 αὐτοῖς,
1685 2666 1742 2692 μιν

955 2715 964 2732 ι
982 2706 1025 2732 δὲν
1042 2705 1257 2741 διακρινόμενον.
1269 2703 1370 2730 ἾΙλθον
1387 2705 1415 2732 δὲ
1430 2705 1478 2731 σὺν
1501 2705 1563 2739 ἐμοὶ
1591 2704 1637 2731 καὶ
1664 2704 1689 2730 οί
1707 2702 1742 2737 ἓξ

956 2762 964 2778 ι
984 2752 1092 2786 ἀδελφοὶ
1103 2749 1187 2783 οὗτοι,
1206 2751 1254 2778 καὶ
1280 2751 1442 2786 εἰσήλθομεν
1459 2751 1500 2782 εἰς
1518 2750 1563 2776 τὸν
1591 2747 1665 2776 οἷκον
1689 2748 1740 2776 ’τοό

956 2809 965 2825 ε
986 2799 1092 2834 ἀνδρός.
1108 2797 1273 2833 Ἀπήγγειλὲ
1288 2806 1317 2824 τε
1334 2798 1409 2832 ἡμῖν,
1431 2796 1489 2828 πῶς
1502 2794 1553 2822 εἶδε
1566 2795 1610 2822 τὸν
1622 2795 1743 2828 ἄγγελοι

957 2857 966 2873 ι
987 2848 1015 2874 ὲν
1029 2846 1069 2882 τῷ
1085 2846 1151 2881 οἴκῳ
1181 2846 1262 2873 αὑτοῦ
1289 2845 1420 2872 σταθέντα
1440 2845 1485 2871 καὶ
1506 2844 1615 2870 εἰπόντα
1645 2842 1740 2878 αὐτῷ’
