1864 3052
131 137 184 170 185

629 136 822 168 COMMENT.
841 136 882 166 IN
902 134 998 164 ACTA
1017 133 1304 165 APOSTOLORUM.

1712 131 1771 163 186

135 203 145 219 1
163 193 251 221 πάντα
259 193 293 220 τὰ
304 192 530 229 προστεταγμένα
539 201 579 220 σοι
588 193 640 220 ὑπὸ
649 193 695 220 τοῦ
707 193 785 220 Θεοῦ.
795 192 906 225 Ἀνοίξαι

1005 191 1055 218 tibi
1070 195 1204 226 praecepta
1215 194 1280 219 sunt
1292 197 1308 217 a
1323 189 1390 218 Deo.
1406 188 1540 225 Apericns
1557 191 1648 216 autem
1663 188 1773 216 Petrus

134 247 145 265 1
162 239 190 265 δὲ
218 239 322 274 Πέτρος
341 239 372 266 τὸ
392 239 490 275 στόμα,
506 236 668 266 εῐπεν³¹Επ’
685 239 815 275 ἀληθείας
833 247 920 267 κατα-

137 294 147 311 1
163 284 348 320 λαμϐάνομαι,
364 285 405 312 ὅτι
420 286 470 312 οὐκ
485 285 542 312 ἐστι
556 285 793 321 προσωπολήπτης
804 286 817 312 ὁ
828 285 893 316 Θεός
910 290 918 300 ·

136 339 145 356 1
165 329 223 357 ἀλλ’
240 331 269 357 ὲν
280 330 361 358 παντὶ
378 331 448 358 ἔθνει
465 332 479 358 ὁ
496 331 663 367 φοϐούμενος
677 331 759 358 αὐτὸν
776 331 824 360 καὶ
836 331 919 366 ὲργαε

137 385 146 402 1
165 375 277 411 ξάμενος
287 376 468 412 δικαιοσύνην,
484 376 576 409 δεκτὸς
587 377 662 412 αὐτῷ
673 378 740 405 ἐστι,
758 387 768 404 ι

171 432 181 448 1
199 422 376 457 Δικαιοσύνην
392 432 401 449 ›
426 423 486 450 ἀντὶ
495 423 541 449 τοῦ
551 424 641 450 πᾶσαν
655 423 767 459 ἀρετήν.

173 476 182 492 1
215 467 267 494 Τὸν
295 467 374 501 λόγον
397 467 427 494 ὃν
454 468 597 494 ἀπέστειλε
625 469 682 499 τοῖς
705 469 772 501 υἱοῖς
799 468 919 505 Ἰσραὴλ,

137 521 146 538 1
166 511 405 547 εὐαγγελιζόμενος
421 513 532 549 εῐρήνην
544 513 682 548 διὰῚησοῦ
699 513 829 549 Χριστοῦ,
841 510 920 545 οὗτός

138 567 148 584 1
167 559 225 594 εστι
240 558 348 585 πάντων
372 558 487 594 Κύριος.
514 559 609 594 Ὑμεῖς
623 559 711 586 οἴδατε
730 560 762 586 τὸ
774 560 920 595 γενόμενον

136 613 146 630 1
169 604 243 639 ῥῆμα
257 604 318 631 καθ’
332 605 396 640 ὂλης
411 605 460 640 τῆς
470 604 612 637 Ἰουδαίας,
635 605 788 640 ἀρξάμενον
803 605 856 632 ἀπὸ
870 605 920 641 τῆς

136 657 146 674 1
165 649 319 682 Γαλιλαίας,
333 649 402 684 μετά
412 650 443 676 τὸ
454 649 593 684 βάπτισμα
606 649 620 676 ὃ
633 650 766 686 ἐκήρυξεν
781 649 919 685 Ἰωάννης,

136 703 146 720 1
161 694 265 729 Ἰησοῦν
276 695 321 722 τὸν
338 695 391 722 ἀπὸ
405 694 546 730 Ναζαρέθ.

169 740 264 767 Ταῦτα
277 740 352 774 λέγει
373 739 419 767 διὰ
433 740 496 772 τοὺς
511 740 660 775 παρόντας,
675 741 719 768 ἴνα
740 741 785 767 καὶ
799 741 920 772 ἐκείνους

132 787 321 823 ἐπισπάσηται
349 788 390 818 εἰς
420 787 522 815 πίστιν.
545 787 642 822 Ὅμως
670 788 762 815 δίδωσι
780 789 836 819 τοῖς
850 787 919 819 υἱοῖς

132 832 242 868 Ἰσραὴλ
271 832 303 859 τὸ
330 832 539 868 ἑξαίρετον,ἴνα
568 833 606 868 μὴ
639 833 786 868 νομίσωσιν
798 834 828 860 ὲν
841 833 917 866 τάξει

132 878 348 914 ἀπερριμμένων
363 875 443 906 εἶναι.
455 874 540 911 Οὗτός
554 878 624 913 ἐστι,
643 879 720 914 φησι,
734 880 842 907 πάντων
863 877 919 906 Κύ-

134 933 203 960 ριος.

171 980 181 996 1
191 970 237 1002 Ὠς
251 969 358 1006 ἔχρισεν
372 970 452 998 αὑτὸν
466 971 480 998 ὸ
497 971 563 1004 Θεὸς
577 971 716 1005 Πνεύματι
728 970 798 1006 ἁγίῳ
811 970 859 998 καὶ
872 970 919 997 δυ-

135 1025 145 1041 1
162 1015 252 1051 νάμει,
264 1017 293 1048 ὸς
304 1017 412 1052 διῆλθεν
426 1017 580 1052 εὐεργετῶν
610 1017 659 1044 καὶ
685 1018 799 1052 ίώμενος
816 1017 919 1048 πάντας

136 1071 144 1086 1
163 1061 225 1092 τοὺς
237 1062 555 1098 καταδυναστευομένους
576 1062 628 1089 ὑπὸ
641 1061 688 1089 τοῦ
700 1062 835 1095 διαϐόλου,
847 1062 888 1090 ὅτι
904 1062 919 1089 ὀ

136 1115 145 1132 1
166 1106 233 1138 Θεὸς
249 1105 283 1144 ἦν
302 1107 362 1141 μετ’
377 1108 470 1135 αὐτοῦ.
486 1109 542 1136 Καὶ
567 1109 648 1144 ἡμεῖς
671 1109 756 1144 ἐσμεν
780 1109 919 1144 μάρτυρες

135 1162 144 1178 1
165 1153 273 1180 πάντων
284 1150 321 1180 ὧν
332 1154 458 1189 ἐποίησεν
481 1154 509 1180 έν
522 1163 552 1181 τε
571 1155 604 1189 τῇ
617 1154 694 1190 χώρᾳ
711 1154 766 1181 τῶν
782 1154 919 1181 Ἰουδαίων

137 1208 146 1224 1
165 1199 211 1225 καὶ
223 1200 252 1226 ὲν
275 1199 461 1235 Ἰερουσαλὴμ,
479 1200 509 1228 ὃν
523 1201 630 1228 ἀνεῖλον
654 1201 841 1236 κρεμάσαντες
870 1201 918 1227 ἐπὶ

136 1254 145 1270 1
163 1244 253 1277 ξύλου.
272 1245 372 1272 Τοῦτον
388 1247 402 1272 ὸ
416 1246 483 1277 Θεὸς
503 1247 598 1282 ήγειρε
613 1247 647 1282 τῇ
663 1247 742 1282 τρίτῃ
755 1246 858 1282 ἡμέρᾳ,
871 1246 919 1273 καὶ

135 1300 145 1316 ‹
163 1291 262 1318 ἔδωκεν
278 1291 359 1319 αὐτὸν
370 1292 479 1327 ἐμφανῆ
495 1291 622 1326 γενέσθαι
648 1292 679 1319 οὐ
697 1292 778 1319 παντὶ
792 1292 831 1327 τῷ
850 1292 918 1328 λαῷ,

135 1344 144 1360 1
162 1335 229 1362 ἀλλά
246 1336 364 1370 μάρτυσι
377 1337 434 1368 τοῖς
454 1338 781 1373 προκεχειροτονημένοις
796 1337 848 1364 ὑπὸ
869 1337 918 1364 τοῦ

135 1389 145 1406 1
164 1380 232 1407 Θεοῦ
246 1381 322 1416 ἡμῖν.
331 1390 340 1407 t

169 1427 206 1453 Τὸ
222 1428 365 1462 κεχρίσθαι
380 1428 485 1463 Ἰησοῦν
504 1427 643 1464 Πνεύματι
660 1429 730 1465 ἁγίῳ
755 1429 807 1456 ὑπὸ
833 1429 913 1463 Θεοῦ,

133 1470 204 1497 κατὰ
218 1471 248 1498 τὸ
267 1472 437 1507 ἀνθρώπινον
447 1474 488 1500 δεῖ
498 1474 579 1501 νοεῖν.
597 1474 706 1509 Ἐπειδὴ
734 1474 789 1510 γὰρ
815 1474 916 1502 ἐκένω-

134 1525 180 1543 σεν
196 1517 302 1550 ἑαυτὸν,
317 1518 364 1545 καὶ
381 1519 577 1554 παραπλησίως
592 1520 657 1554 ἡμῖν
688 1520 818 1555 μετέσχεν
833 1520 916 1554 αἴμα-
929 1522 954 1554 c

133 1570 178 1594 τος
203 1563 251 1589 καὶ
267 1563 378 1598 σαρκὸς,
397 1564 482 1591 ταῦτα
508 1564 578 1600 ἆπερ
595 1564 651 1600 ἔχει
674 1565 745 1591 κατὰ
772 1565 864 1599 φύσιν,
880 1565 918 1597 ὡς

131 1606 196 1639 Θεὸς
211 1608 361 1644 λαμϐάνειν
375 1610 485 1644 λέγεται
510 1610 554 1637 διὰ
565 1611 596 1637 τὸ
615 1611 918 1646 ἀνθρώπινον.Δέχεται

130 1654 184 1688 γὰρ
196 1654 244 1689 οὐχ
259 1654 357 1689 ἑαυτῷ,
375 1655 435 1682 καθ’
451 1656 465 1682 ὃ
480 1656 546 1688 Θεὸς
575 1656 660 1690 Λόγος
685 1657 760 1683 ἐστὶν
787 1656 853 1691 (τδια
864 1656 918 1692 γὰρ

129 1697 164 1734 ἦν
174 1699 279 1735 αὑτοῦ),
293 1700 350 1726 ἀλλ’
365 1701 443 1735 ἡμῖν,
457 1701 495 1734 ὡς
510 1702 538 1728 ὲν
552 1702 664 1737 ἀπαρχῇ
677 1702 710 1728 δι’
724 1702 834 1730 ἑαυτοῦ.

167 1799 177 1816 ‹
197 1790 301 1822 οἵτινες
327 1788 515 1825 συνεφάγομεν
549 1791 597 1818 καὶ
621 1791 786 1825 συνεπίομεν
819 1791 914 1827 αὐτῷ,

132 1845 143 1861 1
164 1835 231 1870 μετὰ
248 1836 277 1862 τὸ
292 1836 439 1871 ἀναστῆναι
453 1836 536 1863 αὐτὸν
546 1837 578 1864 ἐκ
589 1837 704 1873 νεκρῶν.
721 1837 775 1864 Καὶ
804 1838 913 1873 παρήγ-

132 1889 141 1906 1
161 1881 251 1915 γειλεν
277 1882 343 1917 ἡμῖν
367 1881 483 1918 κηρύξαι
506 1881 545 1917 τῷ
577 1882 634 1918 λαῷ
661 1882 707 1909 καὶ
727 1883 916 1919 διαμαρτύρα-

131 1936 141 1952 1
160 1927 231 1958 σθαι,
247 1927 380 1960 ὄτιαῦτός
391 1929 465 1954 ἐστιν
487 1929 501 1954 ὁ
514 1927 667 1964 ὡρισμένος
691 1928 743 1955 ὑπὸ
771 1928 819 1955 τοῦ
848 1928 916 1956 Θεοῦ

130 1981 140 1997 1
158 1972 254 2007 κριτὴς
265 1972 374 2004 ζώντων
386 1973 433 1999 καὶ
448 1973 563 2008 νεκρῶν.
583 1982 593 1999 )

163 2017 303 2044 Ἐντεῦθεν
318 2017 368 2053 τὴν
380 2018 528 2045 ἀνάστασιν
542 2018 589 2045 τοῦ
605 2018 726 2053 Χριστοῦ
747 2018 916 2046 διαϐεϐαιοῦ-

127 2070 183 2094 ται,
198 2061 230 2088 ὲκ
260 2062 306 2089 τοῦ
321 2064 475 2097 συμφαγεῖν
502 2063 576 2098 αὑτῷ
605 2063 674 2098 μετά
691 2064 741 2098 τὴν
758 2063 914 2092 ἀνάστασιν.

128 2106 196 2133 Οὐδὲ
209 2107 263 2150 γὰρ
278 2108 399 2140 ἀναστὰς
411 2107 522 2144 ἐποίησέ
536 2117 562 2135 τι
579 2109 692 2144 σημεῖον
706 2117 713 2124 ·
733 2108 803 2150 αὕτη
822 2110 875 2145 γὰρ
893 2111 911 2145 ἡ

976 245 987 263 1
1005 244 1037 264 os
1051 236 1142 264 dixit:
1170 236 1239 264 Vere
1255 235 1395 272 comperio
1411 235 1483 271 quod
1503 243 1558 263 non
1575 235 1612 262 sit
1628 242 1774 270 persona-

974 290 985 308 1
1004 289 1065 309 rum
1084 285 1227 316 respectus
1242 288 1334 309 coram
1353 280 1429 309 Deo:
1445 281 1493 308 sed
1514 280 1541 308 in
1561 280 1659 316 quavis
1681 286 1773 315 gente

975 335 985 354 1
1005 327 1051 363 qui
1065 327 1143 356 timet
1154 327 1243 362 ipsum
1250 331 1277 355 et
1289 330 1418 362 operatur
1426 326 1575 362 justitiam,
1590 326 1615 354 is
1629 330 1773 361 acceptus

974 381 984 400 1
1003 376 1046 400 est
1057 373 1108 400 illi.
1128 382 1138 400 ι

1008 427 1018 445 1
1037 417 1187 451 Justitiam,
1208 427 1218 444 ι
1236 418 1288 446 hoc
1305 422 1348 446 est
1361 425 1469 446 omnem
1490 418 1631 445 virtutem.

1006 463 1041 498 Χ,
1055 463 1149 492 56-58.
1164 473 1174 490 1
1193 463 1244 491 Hic
1258 467 1301 492 est
1312 471 1413 497 sermo,
1423 471 1503 495 quem
1517 464 1593 492 misit
1607 463 1680 492 Deus
1696 463 1771 492 ﬁliis

975 518 984 536 1
1003 508 1088 537 Israel
1110 510 1277 539 annuntians
1296 517 1392 545 pacem
1415 518 1464 545 per
1488 509 1582 538 Jesum
1607 510 1771 542 Christum,

973 563 984 580 1
1005 554 1048 582 hic
1062 558 1104 582 est
1127 555 1249 582 omnium
1263 555 1405 583 Dominus.
1424 555 1478 590 Ipsi
1500 555 1579 583 scitis
1599 563 1656 583 rem
1669 576 1676 588 ,
1700 563 1772 590 qua:

973 609 984 627 1
1004 600 1104 628 accidit
1120 608 1168 636 per
1184 605 1266 628 totam
1279 600 1412 634 Iudaeam,
1428 609 1491 629 cum
1508 602 1660 637 incepisset
1674 609 1690 629 a
1709 602 1771 629 Ga-

973 654 984 672 1
1004 646 1073 673 lilaaa
1093 650 1156 681 post
1176 647 1310 682 baptisma
1324 668 1332 680 ,
1352 648 1424 682 quod
1444 648 1601 684 pradicavit
1626 647 1769 681 Joannes,

973 700 983 718 1
1002 699 1100 732 nempe
1113 692 1148 720 de
1160 692 1224 720 Jesu
1235 692 1386 721 Nazarene.
1407 702 1417 719 ι

1005 737 1069 765 Haec
1090 742 1202 773 propter
1223 745 1271 766 eos
1287 738 1365 771 dicit,
1382 739 1429 774 qui
1448 743 1597 774 praesentes
1612 744 1693 767 erant
1707 760 1716 772 ,
1736 743 1770 767 ut

971 783 1053 811 etiam
1070 784 1132 811 illos
1147 784 1179 811 ad
1194 783 1275 811 ﬁdem
1289 784 1428 811 attrahat:
1447 785 1473 812 id
1493 789 1583 812 tamen
1599 785 1672 820 quod
1688 793 1769 820 prae-

971 828 1082 864 cipuum
1098 833 1140 857 est
1151 830 1197 856 dat
1209 829 1272 857 ﬁliis
1285 829 1380 863 lsrael,
1396 837 1430 857 ne
1445 837 1475 857 se
1491 830 1517 857 in
1530 830 1627 858 ordine
1645 830 1770 865 rejecto-

971 882 1031 902 rum
1048 883 1109 903 esse
1118 876 1294 904 arbitrentur.
1318 875 1368 904 Hic
1381 880 1434 908 est,
1451 875 1549 912 inquit,
1562 876 1684 904 omnium
1708 877 1768 904 Do—

970 920 1072 948 minus.

1008 965 1043 997 X,
1072 965 1166 994 58-“.
1198 976 1209 993 1
1228 966 1372 1000 Quomodo
1398 967 1509 994 tinxerit
1537 974 1599 995 eum
1626 966 1766 996 Dominus

974 1020 983 1038 1
1003 1012 1106 1047 Spiritu
1125 1017 1221 1041 sancto
1238 1018 1265 1041 et
1279 1014 1393 1048 virtute,
1415 1014 1461 1049 qui
1479 1015 1629 1042 ambulavit
1646 1015 1768 1043 benefa-

972 1067 982 1084 1
1003 1058 1101 1086 ciendo
1126 1062 1154 1086 et
1173 1059 1296 1086 sanando
1317 1067 1413 1088 omnes
1434 1067 1583 1095 oppressos
1598 1067 1613 1087 a
1636 1060 1764 1093 diabolo,

972 1112 981 1129 1
1003 1104 1132 1138 quoniam
1143 1103 1281 1132 Deuserat
1298 1105 1427 1133 cumilio.
1444 1105 1478 1132 Et
1493 1113 1542 1133 nos
1558 1110 1642 1134 testes
1660 1114 1765 1135 sumus

972 1158 983 1175 1
1003 1150 1136 1182 omnium,
1151 1158 1212 1185 qua
1224 1149 1289 1178 fecit
1302 1150 1329 1178 in
1344 1151 1455 1186 regione
1468 1150 1624 1179 Iudaeorum
1640 1156 1668 1180 et
1681 1151 1766 1180 Jero—

972 1203 982 1220 1
1003 1194 1138 1230 solymis:
1163 1203 1243 1230 quem
1263 1196 1422 1224 occiderunt
1444 1205 1607 1232 suspensum
1624 1198 1650 1225 in
1673 1199 1766 1233 ligno.

972 1247 982 1264 1
1002 1238 1080 1267 Hunc
1087 1239 1157 1267 Deus
1167 1242 1396 1269 suscitavittertio
1405 1241 1460 1275 die,
1469 1246 1497 1269 et
1505 1243 1632 1270 exhibuit
1642 1250 1718 1275 eum,
1734 1248 1766 1271 ut

973 1293 982 1310 1
1004 1290 1148 1320 appareret
1163 1293 1216 1312 non
1230 1286 1304 1314 omni
1317 1287 1427 1322 populo,
1443 1287 1491 1315 sed
1506 1287 1622 1316 testibus
1633 1288 1713 1323 prius
1727 1288 1764 1316 ad

972 1339 982 1357 1
1004 1331 1056 1359 hoc
1073 1330 1161 1366 ομ)εο
1176 1332 1301 1366 delectis,
1316 1333 1447 1361 nimirum
1462 1333 1554 1361 nobis.
1574 1342 1584 1360 ι

1004 1417 1122 1446 Unctum
1139 1427 1200 1448 esse
1216 1419 1310 1448 Iesum
1325 1428 1340 1448 a
1357 1420 1461 1456 Spiritu
1479 1425 1586 1455 sancto,
1603 1423 1762 1452 secundum

969 1462 1164 1491 humanitatem
1178 1465 1330 1499 intelligere
1344 1465 1668 1500 oportet.99Quoniam
1683 1467 1762 1494 enim

968 1509 1116 1536 exinanivit
1130 1511 1316 1545 semetipsum,
1329 1515 1356 1538 et
1371 1511 1496 1546 proxime
1508 1511 1542 1538 ad
1553 1518 1604 1539 nos
1621 1512 1763 1540 accedens

969 1554 1144 1590 participavit
1160 1563 1243 1583 carne
1254 1560 1280 1583 et
1291 1557 1423 1592 sanguine
1438 1565 1446 1584 :
1462 1557 1519 1584 haec
1533 1564 1593 1592 qum
1603 1557 1762 1585 secundum

968 1605 1094 1628 naturam
1105 1601 1196 1634 habet,
1208 1607 1237 1629 ut
1248 1602 1319 1629 Deus
1333 1603 1457 1638 accipere
1469 1603 1570 1630 dicitur
1582 1608 1694 1638 propter
1706 1604 1764 1630 hu-

969 1647 1137 1675 manitatem.
1162 1647 1270 1682 Accipit
1292 1656 1420 1682 namque,
1445 1656 1498 1675 non
1520 1649 1583 1681 sibi,
1603 1649 1761 1676 secundum

969 1693 1041 1728 quod
1059 1693 1131 1721 Deus
1155 1693 1271 1721 Verbum
1288 1698 1330 1720 est
1344 1693 1417 1729 (nam
1439 1694 1548 1729 propria
1565 1695 1637 1722 illius
1653 1695 1762 1730 erant),

969 1740 1015 1767 sed
1032 1740 1121 1772 nobis,
1134 1745 1261 1775 tanquam
1278 1741 1304 1766 in
1323 1739 1452 1775 primitiis
1471 1747 1518 1775 per
1533 1741 1666 1775 seipsutn.

1002 1784 1038 1818 Χ,
1055 1785 1148 1813 ιιι-42.
1164 1795 1174 1811 1
1195 1785 1246 1818 Qui
1263 1786 1436 1814 comedimus
1447 1793 1479 1813 ac
1493 1786 1612 1813 bibimus
1625 1793 1679 1813 una
1692 1794 1762 1813 cum

971 1839 981 1857 1
1001 1831 1070 1866 ipso,
1087 1836 1231 1866 postquam
1247 1831 1398 1859 resurrexit
1410 1838 1424 1858 a
1438 1832 1565 1860 mortuis.
1578 1831 1611 1858 Et
1626 1834 1762 1867 praecepit

972 1885 982 1903 1
1004 1877 1095 1908 nobis,
1113 1881 1143 1904 ut
1155 1877 1368 1912 praedicaremus
1386 1877 1487 1912 populo
1501 1885 1533 1905 ac
1545 1877 1761 1905 testiﬁcaremur

970 1932 980 1949 1
1001 1923 1074 1958 quod
1084 1923 1143 1959 ipse
1155 1924 1190 1951 sit
1205 1923 1261 1956 ille,
1275 1923 1321 1958 qui
1336 1924 1504 1952 constitutus
1518 1929 1561 1952 est
1574 1932 1590 1951 a
1606 1924 1660 1952 Deo
1669 1924 1758 1960 judex

970 1979 980 1996 ί
999 1969 1123 1996 vivorum
1140 1977 1172 1996 ac
1187 1973 1370 1997 mortuorum.
1388 1978 1397 1995 ι

1003 2014 1073 2042 Hinc
1083 2014 1185 2043 Christi
1203 2015 1430 2043 resurrectionem
1443 2015 1597 2047 conﬁrmat,
1607 2014 1678 2050 quod
1690 2021 1758 2042 cum

966 2067 999 2088 eo
1014 2065 1076 2095 post
1092 2061 1320 2089 resurrectionem
1337 2062 1514 2089 comederint.
1531 2061 1624 2095 Neque
1644 2061 1715 2088 enim
1740 2069 1757 2088 a

966 2107 1170 2134 resurrectione
1191 2107 1254 2134 fecit
1270 2107 1380 2142 aliquod
1402 2107 1510 2141 signum
1531 2116 1538 2135 :
1556 2107 1615 2142 ipsa
1635 2114 1758 2141 namque

126 2147 273 2185 ἁνὰστασῖς
287 2153 360 2189 μέγα
373 2154 485 2189 σημεῖον
496 2151 541 2189 ἦν.
552 2154 665 2190 ιΤαὺτης
673 2154 702 2181 δὲ
716 2147 792 2182 οὐδὲν
803 2155 906 2190 σημεῖοι

998 2152 1132 2180 surrectio
1153 2160 1280 2187 magnum
1317 2157 1375 2180 erat
1395 2153 1515 2188 signum,
1542 2153 1755 2181 resurrectionis

125 2194 160 2232 ἦν
174 2197 212 2230 ὠς
224 2197 255 2224 τὸ
270 2199 367 2234 φαγεῖν
379 2199 426 2226 καὶ
441 2200 524 2227 πιεῖν.

165 2294 176 2311 ‹
194 2284 290 2320 Τούτῳ
303 2286 404 2318 πάντες
416 2286 441 2313 oi
455 2287 594 2323 προφῆται
612 2289 798 2325 μαρτυροῦσιν
815 2289 913 2325 ἄφεσιν

129 2340 139 2357 1
161 2331 304 2366 ἁμαρτιῶν
317 2331 409 2359 λαϐεῖν
422 2332 467 2359 διὰ
476 2333 523 2360 τοῦ
536 2334 668 2370 ὀνόματος
695 2335 779 2362 αὐτοῦ
814 2336 905 2364 πάντα

128 2385 138 2402 1
155 2376 201 2402 τὸν
213 2377 375 2405 πιστεύοντα
391 2379 431 2410 εἰς
446 2379 538 2408 αὐτόν.
555 2389 564 2406 ι

161 2423 250 2456 Ὅσοι,
277 2424 354 2459 φησι,
375 2427 514 2461 προφῆται
535 2426 670 2463 ἐλάλησαν
684 2428 750 2464 περὶ
763 2428 909 2463 ἁμαρτιῶν

125 2468 257 2502 ἀφέσεως,
272 2469 301 2496 ἐν
314 2470 400 2506 τούτῳ
416 2471 455 2506 τῷ
470 2472 558 2508 Ἰησοῦ
575 2471 652 2500 εἶπον
668 2473 753 2505 αὐτὰς
767 2473 908 2508 ἀφίεσθαι.

124 2513 204 2540 Οὕτω
219 2515 266 2541 καὶ
287 2515 412 2550 Ἡσαΐας,
428 2517 459 2544 τὸ
477 2518 560 2545 αὐτοῦ
587 2518 722 2554 εἰσφέρων
751 2519 909 2554 πρόσωπον,

124 2558 213 2594 λέγει·
233 2569 242 2586 1
261 2559 332 2594 Ἐγώ
344 2562 403 2597 είμι
417 2563 431 2588 ό
443 2562 592 2599 ἐξαλείφων
616 2564 667 2596 τὰς
690 2563 830 2599 ἁμαρτίας
850 2573 909 2598 σου,

123 2606 170 2632 καὶ
182 2606 231 2638 τὰς
244 2607 358 2643 ἀνομίας
373 2617 431 2636 σου.
449 2619 458 2636 ι

160 2661 170 2678 1
192 2653 251 2680 Ἔτι
268 2654 413 2687 λαλοῦντος
428 2656 475 2683 τοῦ
496 2657 600 2692 Πέτρου
621 2657 656 2684 τά
679 2658 789 2693 ῥήματα
811 2657 908 2692 ταῦτα,

126 2707 136 2724 1
156 2698 272 2726 ἐπέπεσε
301 2700 332 2727 τὸ
361 2701 475 2736 Πνεῦμα
500 2702 531 2729 τὸ
548 2703 626 2736 ἅγιον
645 2703 691 2730 ὲπί
720 2704 824 2735 πάντας
844 2703 908 2736 τοὺς

123 2753 134 2771 1
153 2745 302 2778 ἀκούοντας
312 2747 358 2774 τὸν
371 2748 450 2783 λόγον
461 2757 469 2765 ·
481 2749 529 2777 καὶ
546 2749 692 2786 ἐξέστησαν
707 2751 731 2778 οἱ
752 2751 782 2777 ὲκ
797 2759 906 2786 περιτο-

158 2835 181 2851 ⁹³
197 2835 247 2862 lsa.
263 2836 394 2867 “111,25.

926 2186 954 2216 Ῑ)
968 2202 1057 2225 autem
1072 2198 1176 2225 nullum
1190 2186 1243 2226 tale
1259 2198 1366 2234 signum
1380 2186 1449 2232 erat,
1462 2198 1542 2234 quale
1555 2203 1597 2227 est
1610 2199 1700 2226 edisse
1719 2206 1756 2226 ac

965 2243 1080 2272 bibisse.

1001 2289 1037 2322 Χ,
1051 2289 1096 2317 45.
1117 2298 1128 2315 1
1151 2288 1218 2317 Huic
1238 2296 1334 2318 omnes
1350 2289 1489 2325 prophetae
1508 2290 1693 2318 testimonium
1710 2290 1756 2317 le-

966 2344 976 2362 1
997 2341 1093 2363 cerunt
1105 2335 1177 2371 quod
1194 2336 1382 2363 remissionem
1401 2340 1575 2370 peccatorum
1586 2340 1754 2372 accepturus

967 2391 976 2408 1
997 2382 1033 2409 sit
1048 2389 1095 2416 per
1109 2389 1218 2409 omnem
1234 2382 1294 2420 ejus
1310 2383 1435 2417 quisquis
1451 2382 1538 2410 credit
1554 2383 1580 2409 in
1595 2383 1696 2417 ipsum.
1718 2391 1729 2409 ι

998 2428 1147 2462 Quotquot,
1163 2428 1262 2463 inquit,
1273 2428 1410 2462 prophetat
1423 2428 1507 2455 locuti
1521 2433 1585 2456 sunt
1599 2428 1633 2455 de
1647 2436 1751 2462 pecca~

964 2477 1055 2500 torum
1071 2473 1244 2505 remissione.
1258 2481 1307 2509 per
1320 2474 1393 2501 hunc
1409 2473 1502 2502 Jesum
1521 2474 1649 2502 dixerunt
1665 2481 1696 2501 ea
1708 2482 1753 2502 re-

963 2520 1046 2547 mitti.
1071 2519 1117 2547 Sic
1135 2523 1162 2547 et
1184 2520 1279 2552 lsaias,
1299 2524 1441 2555 assumpta
1462 2520 1523 2555 ejus
1538 2528 1665 2554 persona,
1682 2520 1720 2547 ait
1740 2529 1748 2548 :

962 2574 972 2592 1
991 2565 1047 2600 Ego
1070 2573 1141 2598 sum,
1163 2565 1210 2601 qui
1225 2565 1302 2593 deleo
1323 2565 1484 2601 iniquitates
1506 2569 1578 2599 tuas,
1595 2569 1623 2593 et
1637 2569 1750 2601 peccata

959 2615 1006 2639 tua
1019 2611 1053 2637 ".
1072 2620 1081 2637 ι

994 2657 1029 2690 Χ,
1054 2657 1150 2685 44-48.
1174 2666 1183 2684 1
1202 2657 1325 2692 Cumque
1347 2656 1436 2684 adhuc
1463 2657 1622 2692 loqueretur
1648 2657 1748 2685 Petrus

961 2713 971 2730 1
992 2703 1073 2731 verba
1088 2704 1156 2736 haec,
1172 2703 1285 2737 illapsus
1296 2706 1337 2730 cst
1351 2701 1470 2738 Spiritus
1484 2708 1595 2731 sanctus
1612 2703 1638 2730 in
1649 2711 1747 2730 omnes

962 2759 971 2776 1
991 2749 1037 2786 qui
1052 2749 1198 2778 audiebant
1213 2756 1382 2778 sermonem:
1395 2753 1422 2777 et
1435 2748 1639 2785 obstupuerunt
1655 2749 1681 2777 bi
1697 2749 1745 2785 qui

1650 2837 1662 2853 τ
