1864 3052
144 126 197 156 2ιῖ3

693 115 892 145 (ECUMENH
909 112 1054 145 TRICCEE
1075 110 1243 141 EI’ISCOPI

1746 103 1803 134 9.64

151 193 159 207 1
181 180 260 216 155
277 179 340 210 dmi,
356 177 518 210 tradcntquc
545 174 572 200 in
590 181 687 200 manus
708 176 841 206 gentium.
856 170 935 197 Cunt-

1039 170 1144 202 ήσουςιν
1163 168 1192 193 ἐν
1225 165 1401 200 Ἰερουσαλὴμ
1424 164 1554 196 Ἰουδαῖοι,
1579 163 1628 189 καὶ
1661 160 1806 196 παραδώ-

152 243 160 253 θ
181 215 235 261 quc
248 226 307 252 inec
323 222 536 253 audivisscmus,
553 219 718 253 rogabamns
732 222 759 244 ct
786 225 836 243 nos
848 221 876 243 et
890 215 936 249 qui

152 284 160 298 1
183 272 257 298 illius
269 270 320 297 loci
337 271 426 299 erant.
441 274 475 293 ne
499 264 663 292 ascenderet
683 262 845 289 Jerusalem.
862 261 939 287 Tunc

152 327 161 342 1
178 315 321 351 respondit
336 313 445 344 Paulus,
463 319 495 338 ac
513 310 599 336 dixit:
618 308 688 341 Quid
705 308 795 334 facitis
805 307 902 333 flentes
913 310 940 332 et

153 373 162 387 1
181 362 332 396 aﬂligeutcs
352 366 398 385 cor
422 355 532 383 meum?
559 355 615 389 ligo
640 362 694 380 nou
723 353 812 380 solttm
829 351 940 383 vinciri,

157 419 165 433 1
184 408 230 434 sed
246 412 272 433 et
287 405 355 432 mori
372 407 482 438 paratus
494 409 553 429 sum
570 400 748 435 Jerosolymis
769 407 817 433 pro
831 397 942 425 nomine

158 464 166 478 1
188 451 296 479 Domini
318 450 395 477 Jesu.
427 449 462 475 Et
481 455 543 474 cum
567 446 617 473 ille
637 453 691 472 non
719 444 942 479 persuaderetur,

155 509 163 525 1
180 497 368 533 acquievimus
379 495 524 523 dicentes:
540 493 650 520 Domini
666 493 793 519 voluntas
808 491 862 517 fiat.
879 500 889 515 ι

439 648 552 676 CAPUT
570 647 666 674 XXXI.

157 719 315 746 Adhortatio
328 717 421 744 Jacobi
441 717 475 744 ad
489 716 617 747 Paulum,
632 723 661 742 eo
675 715 744 750 quod
759 714 860 741 Paulus
881 713 949 739 dicc-

226 759 299 780 retur
314 761 365 779 non
379 753 499 787 iudicare
513 752 634 778 Hebrwos
648 749 880 777 circumcideudos.

196 822 266 853 XXI,
292 821 414 848 iii-25.4
434 821 499 847 Post
519 820 571 847 bos
587 824 679 846 autem
696 818 756 846 dies
779 817 867 852 parati
885 824 950 844 con-

163 876 171 892 ι
193 866 393 894 scendcbamus
416 864 580 892 Jerusalem.
605 864 748 890 Venerunt
775 866 869 888 autem
896 868 950 887 una

163 923 172 938 1
193 912 304 947 quidam
325 919 358 938 ex
372 910 516 945 discipulis
532 910 679 937 aCaesarea
694 908 847 940 nobiscum,
863 906 951 934 addu-

166 968 173 982 1
193 962 288 984 centes
303 964 396 983 secum
417 955 488 990 apud
510 963 592 990 quem
618 954 833 989 hospitaremur,
851 953 954 979 Mnase-

166 1013 175 1028 1
196 1011 259 1030 nem
284 1003 430 1037 quemdam
461 1001 581 1036 Cyprum
617 1005 736 1028 veterem
776 999 953 1034 discipulum.

166 1061 174 1074 ι
194 1049 320 1083 Cumque
344 1048 518 1075 venissemus
537 1047 718 1082 Jerusolyma,
740 1045 859 1072 libenter
874 1051 954 1071 exce-

166 1104 175 1120 1
196 1098 297 1128 perunt
319 1101 369 1120 nos
387 1093 500 1120 fratres.
531 1093 644 1119 Postero
668 1099 735 1119 vero
758 1091 803 1118 die
825 1089 956 1118 introibat

168 1151 176 1166 1
198 1141 298 1167 Paulus
310 1140 452 1166 nobiseum
470 1139 504 1166 ad
517 1138 661 1170 Jacobum,
683 1144 834 1171 onmesquc
854 1143 955 1163 conve-

168 1196 175 1211 1
196 1190 298 1213 nerunt
315 1185 481 1220 presbyteri.
501 1184 574 1218 Quos
593 1185 639 1211 ubi
656 1185 811 1215 salutasset,
828 1182 956 1209 narrabat

174 1241 183 1255 1
206 1239 253 1266 per
277 1230 396 1265 singula,
417 1239 478 1265 qua:
490 1230 563 1257 Deus
585 1230 695 1257 fecisset
718 1229 746 1255 in
763 1227 891 1262 gentibus
907 1234 956 1260 per

171 1288 178 1301 ι
204 1277 388 1304 ministerium
404 1277 500 1311 ipsius.
515 1277 549 1303 At
562 1276 600 1303 illi
615 1283 677 1303 cum
692 1274 844 1304 audissent,
856 1272 958 1307 gloriﬁ-

170 1333 178 1350 1
199 1323 298 1350 cabant
325 1323 422 1354 Deum,
445 1323 631 1356 dixeruntque
656 1321 681 1349 ei
704 1330 710 1347 :
735 1319 826 1349 Vides,
861 1318 956 1348 frater,

170 1378 178 1393 1
200 1373 268 1403 quot
284 1367 370 1394 millia
384 1367 439 1394 sint
449 1367 607 1394 Judzeorum
625 1365 671 1400 qui
687 1362 888 1391 crediderunt?
901 1369 959 1389 om-

174 1425 182 1439 1
204 1421 309 1448 uesque
323 1414 441 1440 studiosi
462 1417 614 1441 senatores
630 1415 694 1438 sunt
711 1410 790 1444 legis.
806 1409 960 1436 Audierunt

172 1469 180 1484 ι
200 1463 291 1486 autent
317 1459 352 1486 de
378 1465 404 1486 te
427 1458 500 1493 quod
523 1457 704 1485 defectionem
727 1455 827 1482 doceas
850 1462 864 1481 a
886 1454 960 1482 Mose

994 226 1000 239 1
1023 223 1111 240 τοισιν
1128 215 1166 244 εἰς
1183 215 1275 247 χεῖρας
1291 211 1386 237 ἐθνῶν.
1409 211 1451 241 Ὠς
1467 210 1495 236 δὲ
1507 210 1678 244 ἠκούσαμεν
1695 216 1805 239 ταυτα,

994 272 1002 286 ι
1023 259 1231 295 παρεκαλοῦμεν
1247 259 1325 292 ἡμεῖς
1340 266 1369 283 τε
1387 258 1433 283 καὶ
1457 257 1480 282 οἱ
1508 255 1645 286 ἐντόπιοι,
1676 253 1733 280 ’τοῦ
1768 254 1806 288 μὴ

995 316 1003 331 1
1025 306 1180 332 ἀναϐαίνειν
1196 304 1278 330 αὑτὸν
1303 306 1342 335 εἰς
1374 303 1564 338 Ἰερουσαλήμ.
1582 299 1760 334 Ἀπεκρίθη
1776 308 1807 325 τε

996 361 1005 377 1
1024 353 1038 378 ὁ
1054 351 1169 382 Παῦλος,
1185 351 1217 376 Τί
1235 351 1336 376 ποιεῖτε
1365 349 1503 379 κλαίοντες
1519 347 1565 374 καὶ
1595 345 1808 380 συνθρύπτον-

997 410 1006 424 1
1024 399 1068 429 τές
1088 407 1138 433 μου
1154 398 1202 431 τὴν
1215 396 1347 431 καρδίαν;
1364 394 1436 428 Ἐγὼ
1453 394 1507 428 γὰρ
1521 394 1551 419 οὺ
1568 393 1656 428 μόνον
1667 391 1806 425 δεθῆναι,

997 456 1005 470 1
1030 445 1098 471 ἀλλὰ
1116 444 1161 470 καὶ
1179 442 1324 470 ἀποθανεῖν
1338 443 1377 472 είς
1399 439 1578 476 Ἰερουσαλὴμ
1599 438 1736 472 ἑτοίμως
1750 437 1808 471 ἔχω

999 502 1006 516 1
1027 491 1096 526 ὑπὲρ
1107 489 1153 516 τοῦ
1169 489 1300 523 ὀνόματος
1315 487 1363 514 τοῦ
1381 487 1481 522 Κυρίου
1498 484 1598 520 Ἰησοῦ.
1615 484 1671 518 Μὴ
1707 482 1808 509 πειθο-

1001 547 1008 561 1
1032 537 1112 571 μένου
1127 536 1155 562 δὲ
1171 534 1264 566 αὐτοῦ,
1281 533 1469 568 ἡσυχάσαμεν,
1483 531 1614 562 εἰπόντες·
1632 529 1677 556 Τὸ
1692 528 1810 563 θέλημα

1001 594 1009 608 1
1031 583 1075 609 τοῦ
1091 581 1193 616 Κυρίου
1213 581 1343 615 γενέσθω.
1361 589 1370 605 ι

1291 649 1418 677 ΚΕιιτΛΛ.
1431 649 1495 675 AA'.

1001 720 1181 755 Παραίνεσις
1194 718 1334 755 ῌῚαιςώϐου
1344 753 1348 755 Δ
1360 716 1435 750 πρὸς
1447 716 1578 755 Humor,
1596 714 1670 755 περὶ
1691 712 1752 740 τοῦ
1765 712 1808 747 μὴ

1120 753 1222 781 δοκεῖν
1248 753 1403 787 Ἐϐραίους
1427 751 1674 785 περιτέμνεσθαι.

1041 834 1050 850 1
1069 823 1146 851 Μετὰ
1161 823 1189 850 δέ
1203 822 1252 854 τὰς
1269 823 1375 856 ἡμερας
1399 820 1500 850 ταύτας
1522 817 1790 851 ἐπισκευασάμενοι
1802 836 1809 846 ,

1007 881 1015 895 1
1036 869 1213 903 ἁνεὸαίνομεν
1225 868 1264 898 εἰς
1285 866 1474 901 Ἰερουσαλήμ.
1490 865 1623 900 Συνῆλθον
1633 864 1667 889 δὲ
1684 863 1740 890 καὶ
1755 863 1809 888 τῶν

1007 925 1015 938 1
1037 913 1165 949 μαθητῶν
1173 913 1225 938 ἀπὸ
1242 911 1410 945 Καισαρείας
1427 911 1558 944 σὺνὴμῖν,
1572 909 1696 943 ἄγοντες
1709 909 1780 943 παρ’
1790 905 1810 939 ᾧ

1007 972 1016 985 1
1036 960 1213 994 ξενισθῶμεν,
1223 957 1352 984 Μνάσωνί
1363 965 1414 983 τινι
1425 957 1541 991 Κυπρίῳ
1551 956 1665 991 ἀρχαίῳ
1679 955 1806 989 μαθητῇ.

1009 1016 1017 1032 1
1036 1006 1192 1039 Γενομένων
1205 1003 1232 1029 δὲ
1246 1002 1324 1037 ἡμῶν
1338 1003 1377 1033 είς
1396 1002 1581 1038 Ἱεροσόλυμα,
1597 1002 1744 1035 ἁσμένως
1757 1000 1811 1026 ἐδέ-

1010 1063 1017 1078 1
1037 1051 1193 1084 ξαντοὴμᾱς
1204 1051 1227 1076 ot
1244 1049 1362 1082 ἀδελφοί.
1373 1048 1412 1083 Τῇ
1421 1048 1448 1074 δὲ
1465 1047 1580 1083 ἐπιούσῃ
1590 1048 1685 1082 εἰσῄει
1701 1048 1719 1073 ό
1734 1045 1807 1073 Παῦ-

1010 1108 1019 1124 1
1038 1099 1081 1128 λος
1094 1097 1141 1123 σὺν
1151 1097 1217 1131 ἡμῖν
1228 1095 1297 1130 πρὸς
1315 1094 1453 1126 Ἰάκωϐον,
1463 1093 1563 1124 πάντες
1573 1102 1601 1119 τε
1614 1094 1809 1128 παρεγένοντο

1010 1153 1018 1168 1
1037 1145 1061 1170 οι
1074 1141 1265 1177 πρεσϐύτεροι.
1276 1140 1330 1166 Καὶ
1342 1139 1536 1174 ἀσπασάμενος
1549 1139 1661 1171 αὐτοὺς,
1677 1139 1808 1172 ἐξηγεῖτο

1012 1199 1020 1214 1
1041 1187 1101 1214 καθ’
1115 1187 1143 1213 ἓν
1157 1187 1283 1219 ἕκαστον,
1296 1183 1333 1212 ὧν
1353 1187 1504 1220 ἐποίησενό
1519 1185 1585 1217 Θεὸς
1593 1185 1621 1211 ἐν
1636 1186 1701 1217 τοῖς
1718 1185 1809 1211 ἔθνεσι

1005 1229 1019 1258 ι
1039 1233 1081 1259 διὰ
1093 1233 1141 1267 τῆς
1148 1230 1286 1262 διακονίας
1298 1230 1392 1257 αὑτοῦ.
1401 1230 1432 1256 Οἱ
1444 1229 1470 1256 δὲ
1482 1229 1662 1262 ἀκούσαντες,
1677 1228 1808 1260 ἐδόξαζον

1011 1289 1020 1304 1
1040 1280 1085 1305 τὸν
1095 1278 1207 1313 Κύριον,
1219 1276 1295 1304 εἶπόν
1309 1285 1338 1303 τε
1349 1276 1424 1311 αὐτῷ
1432 1283 1440 1291 ⁸
1452 1276 1580 1311 Θεωρεῖς,
1591 1275 1708 1309 ἀδελφὲ,
1724 1275 1808 1301 πόσαι

1012 1335 1021 1351 1
1043 1324 1171 1360 μυριάδες
1186 1323 1255 1350 εἰσιν
1275 1321 1411 1348 Ἰουδαίων
1427 1321 1482 1348 τῶν
1494 1322 1747 1354 πεπιστευκότων;
1762 1321 1808 1346 καὶ

1014 1381 1023 1397 1
1044 1371 1145 1401 πάντες
1159 1369 1279 1405 ζηλωταὶ
1302 1367 1351 1394 τοῦ
1378 1367 1461 1402 νόμου
1485 1367 1651 1401 ὑπάρχουσι.
1673 1366 1808 1400 Κατηχή-

1015 1427 1024 1443 1
1043 1417 1129 1451 ϐησαν
1146 1416 1175 1443 δέ
1188 1415 1253 1451 περὶ
1263 1415 1324 1447 σοῦ,
1343 1414 1383 1440 ὅτι
1398 1413 1568 1440 ἀποστασίαν
1593 1412 1739 1442 διδάσκεις
1757 1411 1808 1438 duo

1015 1473 1023 1489 1
1045 1463 1180 1495 Μωσέως,
1200 1462 1263 1493 τοὺς
1290 1461 1361 1488 κατὰ
1377 1461 1411 1487 τὰ
1435 1460 1500 1495 ἔθνη
1521 1461 1626 1490 πάντας
1648 1459 1806 1487 Ἰουδαίους.

173 1516 181 1530 1
202 1512 299 1532 omnes
314 1505 361 1539 qui
376 1505 448 1531 inter
463 1507 558 1538 gentes
571 1505 635 1529 sunt
649 1500 768 1532 Iudaeos,
785 1500 891 1532 dicens,
905 1508 935 1527 nc

1045 1509 1144 1543 λέγων,
1161 1509 1198 1544 μὴ
1212 1508 1388 1543 περιτέμνειν
1397 1507 1495 1538 αὐτοὺς
1510 1507 1544 1533 τὰ
1554 1506 1647 1538 τέκνα,
1669 1505 1742 1541 μηδὲ
1754 1505 1807 1534 τοῖς

176 1562 183 1577 1
206 1551 306 1578 debere
327 1558 376 1578 eos
395 1547 595 1578 circumcidere
611 1546 692 1578 lilios,
709 1554 798 1581 neque
809 1545 960 1574 secundum

176 1608 184 1623 1
207 1597 334 1625 instituta
347 1598 452 1624 vivere.
472 1593 548 1627 Quid
560 1598 602 1620 est
617 1593 701 1628 ergo?
718 1592 836 1620 Omnino
853 1596 962 1625 oportet

177 1655 184 1670 1
206 1643 356 1671 convenire
378 1639 584 1668 multitudinem
607 1648 614 1666 :
633 1639 748 1666 audient
769 1639 844 1666 enim
867 1643 893 1666 te
914 1646 963 1665 ve-

177 1699 185 1715 1
206 1690 290 1717 uisse.
304 1689 362 1715 Hoc
372 1693 437 1721 ergo
452 1685 495 1712 fac
508 1684 580 1719 quod
593 1685 642 1711 tibi
655 1684 782 1711 dicimus.
800 1684 870 1711 Sunt
884 1683 964 1710 nobis

177 1744 186 1760 1
204 1738 322 1769 quatuor
331 1731 382 1759 viri
393 1730 486 1758 votum
499 1730 633 1757 habentes
645 1737 729 1763 super
741 1737 769 1756 se
787 1738 793 1756 :
808 1729 849 1756 bis
859 1737 964 1756 assum-

178 1790 187 1806 1
212 1781 267 1816 ptis
289 1778 368 1814 156
381 1775 497 1812 puriﬁca
522 1781 547 1803 te
564 1783 626 1813 eum
649 1776 714 1806 illis,
730 1781 757 1802 ct
775 1775 901 1809 impende
917 1783 964 1802 su-

180 1837 188 1853 1
207 1835 257 1862 per
287 1825 352 1856 illis,
382 1827 412 1849 ut
444 1822 541 1849 radant
563 1822 665 1856 capita,
700 1822 845 1856 sciantque
870 1828 966 1848 omnes

180 1882 190 1899 ι
209 1872 284 1908 quod
304 1879 364 1905 qua:
375 1869 408 1896 de
425 1873 451 1896 te
464 1869 611 1896 audierunt
626 1868 696 1895 nihil
715 1872 789 1899 sunt,
805 1867 853 1895 sed
868 1867 964 1894 ambu-

179 1929 188 1944 1
206 1920 246 1945 las
259 1921 286 1945 et
298 1917 355 1951 ipse
376 1915 541 1943 custodiens
560 1916 659 1950 legem.
678 1915 715 1941 De
732 1914 860 1949 gentibus
874 1919 966 1940 autent

179 1977 187 1991 1
207 1972 267 2000 qua:
280 1962 458 1990 crediderunt
472 1970 524 1990 nos
534 1961 761 1996 signiﬁcavimus,
774 1960 964 1989 decernentes,

179 2021 190 2037 1
209 2019 243 2038 ne
263 2009 329 2044 quid
349 2009 509 2045 bujusmodi
522 2009 671 2036 observent
690 2007 743 2034 nisi
758 2012 788 2033 ut
801 2010 916 2034 caveant
933 2006 967 2033 ab

180 2066 189 2082 1
209 2055 370 2091 idolothytis
392 2059 421 2082 et
441 2055 586 2090 sanguine,
610 2059 639 2081 et
658 2053 803 2085 sulfocalo,
820 2057 846 2079 et
864 2057 968 2080 scorta-

179 2111 189 2128 1
211 2101 295 2129 tione.
313 2111 322 2127 ι

215 2157 224 2173 ‹
250 2147 526 2182 Ἐπισκευασὰμενοι.
558 2157 567 2172 ι
589 2147 646 2174 Hoc
662 2151 714 2179 est,
731 2154 793 2173 eum
811 2153 843 2173 ca
860 2153 920 2180 qua:
934 2144 968 2172 ad

180 2195 234 2221 iter
255 2194 412 2222 necessaria
431 2197 511 2220 crant
525 2193 737 2228 accepissemus.
751 2203 760 2218 1
773 2192 865 2224 Vides,
877 2192 972 2225 frater,

179 2245 249 2275 quot
260 2240 358 2267 millia.
376 2250 385 2265 ι
406 2240 559 2267 Consilium
572 2239 598 2267 ei
611 2239 678 2266 dant
695 2244 723 2266 et
741 2247 796 2266 non
809 2239 907 2275 jubent
925 2239 971 2266 Ja-

179 2285 264 2311 cobus
284 2289 312 2311 et
333 2284 381 2318 qui
403 2291 466 2310 eum
486 2290 520 2310 co
546 2288 636 2315 erant,
662 2287 775 2318 propter
793 2283 867 2318 quod
888 2284 971 2310 etiam

180 2330 308 2357 suadent.
320 2330 387 2356 Nam
396 2329 611 2364 dispensationis
627 2334 687 2356 erat
701 2330 746 2357 illa
762 2330 971 2362 condescensio,

183 2383 240 2404 non
258 2375 451 2411 legislationis.
463 2375 560 2409 Itaque
574 2375 778 2409 prcedicationis
791 2376 908 2403 offensio
927 2381 975 2403 aut

183 2421 412 2456 impedimentum
429 2428 485 2446 non
496 2425 567 2452 erat,
582 2419 631 2447 sed
648 2419 826 2454 dispensatio.
843 2421 911 2448 Nam
927 2420 975 2455 qui

181 2467 360 2503 Jerosolymis
374 2475 408 2494 ex
423 2466 526 2494 Judteis
538 2467 725 2500 crediderant,
738 2468 865 2494 instituta
879 2467 976 2502 legalia

183 2514 274 2541 adhuc
297 2521 408 2540 servare
432 2513 571 2540 volebant.
594 2523 602 2539 1
620 2513 668 2540 His
690 2514 838 2548 assumptis
859 2514 974 2547 purifica

184 2564 210 2587 te
236 2567 297 2586 cum
327 2559 390 2585 illis.
414 2569 423 2584 ι
447 2558 571 2586 Suadcut
589 2559 614 2586 ei
635 2563 664 2585 ut
681 2566 765 2593 opere
787 2557 975 2585 defensionem

185 2609 272 2640 paret.
289 2613 343 2632 non
355 2613 492 2632 sermone.
504 2605 561 2632 Hoc
572 2606 664 2639 itaque
675 2605 787 2631 dicunt:
800 2603 840 2630 Tu
855 2603 974 2638 porrige.

183 2660 244 2687 qua:
263 2652 340 2687 juxta
359 2651 446 2686 legem
468 2652 624 2678 olferuntur
650 2659 700 2685 pro
714 2651 765 2682 eis,
787 2650 891 2677 hostias
915 2659 921 2676 :
947 2655 977 2676 ut

186 2699 373 2733 suspicionem
399 2699 501 2730 solvas,
522 2703 550 2725 et
577 2697 707 2724 ostendas
723 2696 796 2732 quod
817 2705 871 2724 non
887 2697 976 2724 solum

188 2753 243 2772 non
258 2745 358 2772 doceas
372 2753 433 2780 qua:
451 2745 503 2780 legi
528 2743 666 2771 contraria
694 2747 769 2774 sunt,
788 2743 843 2770 imo
857 2743 930 2778 quod
950 2747 979 2770 et

190 2790 246 2825 ipse
264 2799 358 2818 serves
370 2799 430 2825 qum
446 2791 474 2817 in
490 2791 549 2825 lege
562 2790 706 2826 jubcutur.
725 2790 763 2817 Ne
780 2795 871 2817 autem
893 2789 976 2822 dicat,

190 2835 218 2862 Si
235 2840 330 2870 gentes
341 2836 394 2863 hoc
405 2835 563 2871 didicerint,
581 2835 778 2864 offendiculum
794 2836 857 2864 inde
871 2836 978 2871 patien-

993 1582 995 1584 η
1018 1563 1027 1579 ‹
1047 1554 1121 1581 ἔθεσι
1139 1554 1314 1589 περιπατεῖν.
1326 1553 1359 1579 Τί
1373 1551 1419 1579 οὖν
1437 1553 1509 1585 ἐστις
1524 1551 1638 1582 Πάντως
1652 1551 1696 1577 δεῖ
1707 1549 1807 1583 πλῆθος

1017 1610 1026 1626 1
1048 1599 1205 1626 συνελθείνο
1230 1598 1395 1626 ἀκούσονται
1423 1597 1478 1633 γὰρ
1492 1598 1533 1624 ὅτι
1549 1597 1698 1632 ἐλήλυθας.
1725 1595 1807 1622 Τοῦτο

1018 1655 1027 1670 1
1045 1644 1090 1672 οὖν
1113 1645 1237 1681 ποίησον,
1268 1645 1282 1671 ὂ
1303 1652 1344 1670 σοι
1360 1644 1487 1678 λέγομεν.
1517 1643 1594 1670 Εἰσὶν
1615 1643 1685 1677 ἡμῖν
1715 1642 1805 1676 ἄνδρες

1019 1700 1027 1715 1
1046 1691 1178 1725 τέσσαρες
1206 1690 1290 1725 εὐχὴν
1319 1689 1429 1724 ἔχοντες
1461 1690 1508 1722 ἀφ’
1538 1689 1665 1715 ἑαυτῶν·
1697 1688 1806 1717 τούτους

1019 1745 1027 1760 1
1047 1734 1224 1770 παραλαϐὼν,
1237 1735 1380 1769 ἁγνίσθητι
1397 1735 1445 1761 σὺν
1457 1735 1560 1767 αὐτοῖς,
1581 1735 1628 1761 καὶ
1651 1734 1804 1767 δαπάνησον

1020 1791 1028 1806 1
1049 1782 1092 1807 ἐπ’
1102 1781 1205 1813 αὐτοῖς,
1216 1781 1259 1807 ἵνα
1275 1781 1446 1816 ξυρήσωνται
1458 1781 1505 1816 τὴν
1519 1781 1650 1815 κεφαλὴν,
1665 1781 1716 1808 καὶ
1727 1779 1804 1814 γνῶσι

1021 1836 1029 1852 1
1051 1827 1162 1859 πάντες,
1178 1827 1219 1853 ὅτι
1245 1823 1283 1853 ὧν
1297 1826 1467 1862 κατήχηνται
1484 1827 1548 1862 περὶ
1564 1827 1611 1853 σοῦ
1628 1827 1707 1853 οὐδέν
1724 1827 1802 1854 ἐστιν,

1021 1881 1029 1897 1
1050 1872 1118 1898 ἀλλὰ
1139 1873 1256 1906 στοιχεῖς
1264 1869 1317 1898 ’καὶ
1331 1872 1412 1903 αὐτὸς
1425 1873 1558 1906 τδννάμον
1572 1872 1729 1906 φυλάσσων.
1741 1870 1804 1904 Περὶ

1022 1928 1030 1943 1
1052 1917 1080 1944 δὲ
1099 1918 1153 1944 τῶν
1169 1919 1389 1944 πεπιστευκότων
1405 1917 1491 1944 ἐθνῶν
1505 1919 1585 1953 ἡμεῖς
1599 1918 1802 1951 ἐπεστείλαμεν,

1022 1974 1030 1989 1
1055 1964 1208 1999 κρίναντες,
1236 1964 1319 1999 μηδὲν
1346 1963 1468 1990 τοιοῦτον
1489 1965 1710 1999 τηρεῖνξαὺτοὺς,
1732 1965 1754 1989 εἰ
1770 1963 1801 1997 μὴ

1022 2020 1030 2035 1
1050 2009 1236 2044 φυλάσσεσθαι
1245 2009 1342 2040 αὐτοὺς
1351 2010 1381 2036 τό
1391 2019 1420 2036 τε
1436 2010 1621 2044 εἰδωλόθυτον,
1631 2011 1680 2037 καὶ
1693 2011 1722 2037 τὸ
1729 2007 1800 2043 αἷμα,

1026 2067 1034 2082 1
1056 2057 1101 2083 καὶ
1114 2056 1235 2089 πνικτὸν,
1258 2057 1305 2082 καὶ
1318 2056 1455 2091 πορνείαν.
1476 2066 1485 2082 ι

1061 2157 1070 2172 1
1092 2147 1366 2182 Ἐπισκευασάμενοι.
1385 2156 1394 2172 ι
1409 2147 1550 2179 Τουτέστι,
1573 2147 1609 2173 τὰ
1627 2146 1697 2182 πρὸς
1712 2146 1801 2172 ὁδοιποι

991 2191 1010 2216 1)
1028 2193 1087 2227 ρίαν
1099 2192 1236 2225 λαϐόντες.
1256 2203 1265 2218 1
1278 2193 1407 2228 Θεωρεῖς,
1423 2193 1532 2227 ἀδελφὲ,
1548 2193 1629 2220 πόσαι
1640 2192 1772 2228 μυριάδες.
1789 2199 1796 2214 ι

1028 2238 1272 2273 Συμσουλεύουσιν,
1290 2239 1340 2264 οὐκ
1354 2239 1527 2264 ἐπιτάττουσι
1544 2238 1630 2273 τούτῳ
1643 2239 1668 2264 οἱ
1686 2238 1746 2273 περὶ
1763 2236 1800 2262 τὸν

1034 2283 1160 2310 Ἰάκωϐον
1172 2291 1179 2298 ·
1194 2283 1255 2310 ὅθεν
1283 2284 1331 2310 καὶ
1355 2283 1506 2310 πείθουσιν.
1534 2284 1696 2318 Οἰκονομίας
1711 2283 1759 2318 γὰρ
1771 2278 1799 2315 ἦν

1028 2330 1046 2364 ἡ
1059 2329 1273 2364 συγκατάὂασις,
1289 2330 1319 2355 οὗ
1331 2329 1499 2364 νομοθεσίας.
1517 2331 1574 2356 Οὐκ
1589 2331 1643 2365 ἄρα
1654 2328 1754 2364 ἐγκοπὴ
1761 2327 1799 2354 τοῦ

1031 2375 1208 2410 κηρύγματος
1233 2375 1311 2401 τοῦτο
1333 2373 1378 2410 ἦν,
1414 2376 1471 2402 ἀλλ’
1495 2377 1643 2412 οἰκονομία.
1663 2377 1694 2403 ΟΞ
1714 2376 1762 2411 γὰρ
1776 2375 1799 2399 ἐν

1036 2420 1234 2455 Ἰεροσολύμοις
1262 2421 1457 2452 πιστεύσαντες
1484 2422 1538 2448 ἀπὸ
1560 2421 1704 2454 Ἰουδαίων,
1718 2420 1750 2446 τὰ
1760 2418 1799 2450 ἔθη

1030 2466 1064 2491 τὰ
1085 2466 1184 2500 νομικὰ
1201 2466 1296 2501 ἤθελον
1308 2466 1349 2493 ἔτι
1366 2467 1521 2501 φυλάττειν.
1537 2476 1546 2492 1
1564 2467 1682 2498 Τούτους
1694 2464 1799 2501 παραλα-

1032 2511 1087 2537 ϐὼν
1102 2511 1244 2547 ἁγνίσθητι
1262 2513 1311 2539 σὺν
1331 2514 1434 2545 αὐτοῖς.
1450 2523 1459 2538 ι
1479 2514 1573 2548 Ἐργῳ
1592 2513 1641 2548 τὴν
1671 2510 1799 2543 ἀπολογίαν

1033 2558 1143 2592 ποιῆσαι
1172 2558 1246 2592 αὐτῷ
1275 2558 1514 2593 συμὸουλεὺουσιν,
1533 2559 1562 2585 οὗ
1576 2559 1658 2594 λόγῳ.
1675 2557 1752 2584 Τοῦτο
1763 2553 1800 2580 οὖν

1033 2611 1112 2637 φασι·
1142 2603 1196 2634 Τὰς
1219 2605 1444 2639 προσφερομένας
1475 2605 1545 2640 ὑπὲρ
1576 2606 1667 2632 αὐτῶν
1686 2603 1751 2632 κατὰ
1764 2601 1799 2626 τὸν

1033 2649 1114 2683 νόμοι
1128 2649 1234 2682 θυσίας,
1251 2651 1284 2676 σὺ
1308 2651 1444 2685 πάρασχε,
1462 2651 1505 2677 ἴνα
1522 2651 1605 2687 λύσῃς
1616 2651 1670 2686 τὴν
1689 2648 1798 2685 ὑποψίαῆ

1034 2697 1081 2722 καὶ
1089 2696 1191 2731 δείξῃς,
1205 2697 1247 2722 ὅτι
1263 2697 1293 2722 οὐ
1316 2697 1396 2729 μόνον
1407 2698 1436 2723 ου
1450 2697 1583 2729 διδάσκεις
1595 2698 1647 2730 ἔξω
1662 2697 1708 2724 τοῦ
1723 2696 1799 2730 νόμου,

1034 2743 1091 2768 ἀλλ’
1107 2743 1147 2769 ὃτι
1161 2743 1208 2768 καὶ
1219 2742 1299 2774 αὐτὸς
1317 2742 1459 2776 φυλάττεις
1469 2744 1503 2769 τὰ
1517 2744 1545 2770 ἐν
1565 2743 1603 2778 τῷ
1624 2744 1708 2778 νόμῳ.
1720 2738 1799 2768 ’Ὶναδὲ

1037 2789 1074 2824 μὴ
1087 2789 1163 2823 λέγῃ,
1177 2789 1218 2814 ὅτι
1237 2788 1285 2814 Ἂν
1300 2789 1333 2815 τὰ
1358 2789 1422 2824 ἔθνη
1446 2789 1525 2815 τοῦτο
1537 2789 1655 2824 μάθωσι,
1677 2786 1798 2815 σκανδαλι-

1037 2836 1191 2873 σθήσονται,
1212 2836 1309 2872 ἐπάγει
1321 2837 1412 2864 λοιπόν
1427 2846 1432 2852 ’
1449 2847 1458 2863 1
1479 2837 1544 2872 Περὶ
1566 2837 1593 2864 δέ
1608 2837 1661 2864 τῶν
1676 2840 1800 2862 πεπιστευ-
