1881 3051
90 135 140 168 281

570 139 767 170 COMMENT.
784 139 825 170 IN
842 139 934 169 ACTA
953 140 1240 174 APOSTOLORUM.

1661 149 1714 180 ἢδὲ

93 203 102 219 1
121 194 226 228 λοιμον,
244 193 292 220 καὶ
316 193 443 222 κινοῦντα
452 194 560 228 στάσεις
576 197 644 224 πᾶσι
662 198 718 229 τοῖς
739 197 876 227 Ἰουδαίοις

934 199 1082 227 Istifcrum
1106 205 1133 227 et
1160 201 1344 229 concitantem
1385 203 1550 232 seditionem
1581 208 1711 236 omnibus

93 248 102 264 1
121 240 178 270 τοῖς
191 239 264 266 κατὰ
288 239 340 275 τὴν
362 241 535 277 οἰκουμένην,
567 243 764 277 πρωτοστάτην
778 251 808 269 τε
828 243 878 278 τῆς

94 294 103 310 ι
122 285 178 311 τῶν
205 285 374 321 Ναζωραίων
398 288 542 322 αἱρέσεως,
560 288 589 320 ὃς
605 289 652 315 καὶ
669 289 699 315 τὸ
716 289 789 323 ἱερὸν
802 289 876 315 ἐπεί-

92 340 101 355 1
124 338 193 364 ρασε
224 331 391 365 βεϐηλῶσαι,
421 333 613 368 ἐκρατήσαμεν
643 334 795 366 adiremus).
809 334 879 361 κατὰ

93 386 102 402 ι
121 377 169 402 τὸν
178 377 314 412 ήμέτερον
327 377 409 412 νόμον
421 378 597 414 ἠθελήσαμεν
607 380 720 414 κρίνειν.
734 380 878 416 Παρελθὼν

92 432 101 447 ι
120 423 149 448 δὲ
167 423 272 453 Λυσίας
286 423 301 449 ὁ
316 423 454 459 χιλίαρχος
478 425 546 459 μετὰ
573 425 674 460 πολλῆς
701 426 760 460 βίας
774 426 806 452 ἐκ
823 426 878 453 τῶν

91 477 100 492 1
122 468 224 502 χειρῶν
239 469 317 503 ἡμῶν
327 469 481 503 ἀπήγαγεν,
496 470 614 498 κελεύων
629 472 690 502 τοὺς
705 471 877 507 κατηγόρους

93 522 101 537 ι
123 512 208 539 αὑτοῦ
237 513 364 547 ἔρχεσθαι
398 515 443 540 ἐπὶ
459 515 506 540 σέ·
523 515 589 549 παρ’
601 513 631 542 οὗ
655 515 769 542 δύνασαι
793 516 877 547 αὐτὸς

93 568 101 583 ι
123 559 275 594 ἀνακρίνας
299 560 363 594 περὶ
388 560 496 587 πάντων
521 561 624 587 τούτων
649 561 809 594 ἐπιγνῶναι,
839 559 876 588 ὦν

92 614 100 629 ι
123 605 205 639 ήμείς
232 605 439 640 κατηγοροῦμεν
462 606 556 633 αὐτοῦ.
581 607 727 634 Συνέϐιντο
750 608 777 634 δὲ
793 607 839 634 καὶ
852 608 877 634 oi

91 659 100 675 1
125 651 254 677 Ἰουδαῖοι
270 653 420 684 φάσκοντες
434 652 520 678 ταῦτα
532 651 617 683 οὕτως
626 652 707 687 ἔχειν.
728 653 876 689 Ἀπεκρίθη

91 705 100 721 1
120 696 148 722 δὲ
163 696 178 722 δ
192 695 307 728 Παῦλος,
334 698 477 728 νεύσαντος
509 697 591 724 αὐτοῦ
612 699 659 724 τοῦ
675 699 809 734 ἡγεμόνος
835 699 878 725 λέ-

91 752 99 766 1
121 750 192 775 γειν·
209 742 260 768 Ἐκ
271 742 376 768 πολλῶν
403 742 471 768 ὲτῶν
497 744 561 770 ὂντα
576 752 606 770 σε
629 745 724 779 κριτὴν
751 745 790 779 τῷ
805 744 877 771 ἔθνει

91 798 100 812 1
120 788 211 822 τούτῳ
227 789 417 823 ἐπιστάμενος,
441 789 622 825 εὐθυμότερον
633 789 667 816 τὰ
678 790 741 824 περὶ
759 790 877 824 ἐμαυτοῦ

91 843 99 858 ι
122 834 314 868 ἀπολογοῦμαι
330 855 338 866 ,
371 834 521 868 δυναμένου
550 843 597 860 σου
633 834 733 868 γνῶναι
751 854 758 865 ,
782 835 823 861 ὅτι
846 835 876 861 οὐ

91 890 99 905 1
120 880 234 910 πλείους
260 880 329 906 είσίν
350 888 395 913 μοι
421 880 523 914 ἡμέραι
538 879 689 914 ἠδεκαδύο,
706 880 753 913 ἀφ’
767 877 801 916 ἦς
832 881 877 906 ἀν·
895 871 914 898 Β

89 935 98 950 ι
119 926 189 959 ἐῆην
199 927 397 960 προσκυνήσων
421 925 647 962 ὲνΊερουσαλὴμ,
661 927 706 952 καὶ
719 926 779 953 οὗτε
799 927 828 952 ἐν
839 926 878 962 τῷ

90 981 98 996 1
122 972 190 1007 ἱερῷ
218 969 297 1007 εὗρόν
313 980 347 1006 με
364 972 430 1007 πρός
450 981 510 999 τινα
530 972 731 1006 διαλεγόμενον,
745 972 762 1007 ἢ
778 973 876 999 ἐπισύ-

90 1027 99 1042 ι
121 1026 220 1044 στασιν
238 1017 368 1044 ποιοῦντα
386 1017 476 1052 ὄχλου,
492 1017 555 1045 οὒτε
571 1018 599 1044 ὲν
613 1018 673 1050 ταῖς
694 1020 878 1052 συναγωγαῖς,

90 1073 100 1088 1
120 1063 184 1089 οὔτε
220 1064 291 1089 κατὰ
305 1063 382 1089 πόλιν
397 1071 404 1078 ⁸
420 1063 484 1089 οὔτε
501 1063 675 1098 παραστῆναί
690 1072 722 1098 με
738 1063 875 1096 δύνανται,

90 1119 100 1134 1
123 1111 189 1145 περὶ
202 1106 240 1136 ὧν
254 1109 439 1144 κατηγοροῦσί
458 1118 519 1144 μου.
540 1110 680 1144 Ὁμολογῶ
691 1110 718 1137 δὲ
731 1109 811 1136 τοῦτό
823 1119 876 1142 σοι,

92 1167 101 1181 ι
121 1157 162 1183 δτι
187 1156 260 1183 κατὰ
288 1157 338 1191 τὴν
353 1156 424 1189 ἁδὺν,
451 1156 485 1191 ἢν
504 1156 630 1190 λέγουσιν
655 1156 773 1191 αἳρεσιν,
788 1155 876 1188 οὕτως

93 1211 102 1226 ι
123 1201 250 1237 λατρεύω
263 1202 304 1237 τῷ
314 1201 432 1238 πατρῴῳ
460 1201 528 1237 Θεῷ,
560 1203 696 1228 πιστεύων
728 1202 795 1228 πᾶσι
822 1202 878 1233 τοῖς

93 1258 103 1274 1
123 1249 196 1275 κατὰ
211 1249 256 1275 τὸν
270 1249 352 1284 νόμον
365 1250 410 1275 καὶ
423 1250 479 1280 τοῖς
495 1250 647 1283 προφήταις
663 1249 876 1284 γεγραμμένοις,

93 1304 101 1320 ι
122 1295 222 1321 ἐλπίδα
247 1295 316 1329 ἔχων
342 1296 382 1326 εἰς
407 1295 452 1322 τὸν
481 1295 604 1330 Θεδν,ἥν
627 1296 674 1322 καὶ
701 1296 778 1322 αὐτοὶ
806 1293 878 1322 οὗτοι

93 1350 101 1366 ι
121 1340 328 1376 προσδέχονται,
345 1341 492 1367 ἀνάστασιν
511 1341 617 1375 μέλλειν
637 1341 745 1367 ἔσεσθαι
761 1341 876 1376 νεκρῶν,

93 1397 101 1413 ι
121 1387 237 1414 δικαίων
251 1395 280 1413 τε
295 1387 341 1413 καὶ
353 1386 463 1415 ἀδίκων.
479 1387 526 1413 Ἐν
541 1387 627 1422 τούτῳ
649 1386 678 1413 δὲ
695 1387 774 1418 αὐτὸς
790 1386 876 1418 ἀσκῶ,

92 1443 101 1458 ι
121 1433 298 1468 ἀπρόσκοπον
325 1432 475 1467 συνείδησιν
499 1433 571 1467 ἔχειν
597 1432 665 1467 πρὸς
694 1432 739 1459 τὸν
753 1432 817 1458 Θεὸν
832 1432 878 1458 καὶ

92 1489 102 1506 1
121 1479 187 1510 τοὺς
217 1478 379 1513 ἀνθρώπους
399 1478 556 1510 διαπαντός.
574 1479 612 1504 Δι’
627 1477 697 1504 ἐτῶν
709 1477 737 1504 δὲ
748 1477 878 1504 πλειόνων

933 257 942 272 1
957 246 1058 274 Judmis
1074 247 1101 274 in
1116 247 1243 275 universo
1259 248 1335 279 orbe,
1369 254 1397 276 et
1428 255 1568 278 auctorem
1598 252 1711 281 haeresis

933 303 941 319 1
960 293 1173 327 Natarenorum,
1208 295 1254 329 qui
1281 294 1362 322 etiam
1394 298 1525 332 templum
1564 299 1711 333 profanare

933 349 942 365 1
962 340 1075 367 tentavit
1096 349 1103 367 τ
1122 348 1203 375 quem
1216 345 1243 367 et
1261 341 1463 375 apprehensum
1476 344 1613 371 voluimus
1634 345 1711 380 juxta

933 394 942 410 1
960 386 1046 420 legem
1062 386 1331 421 nostramjudicare.
1360 387 1414 414 Sed
1438 390 1636 422 superveniens
1660 391 1712 418 tri—

933 440 941 456 1
966 431 1056 458 bunus
1069 431 1162 466 Lysias
1176 439 1238 458 cum
1255 440 1351 467 magna
1369 433 1394 459 vi
1411 433 1489 468 169
1503 435 1605 469 eripuit
1617 443 1678 462 eum
1696 445 1710 463 a

932 487 941 503 1
960 477 1086 504 manibus
1099 477 1210 509 nostris,
1227 477 1327 512 jubens
1355 484 1528 511 accusatores
1542 481 1601 515 ejus
1625 480 1658 507 ad
1685 485 1711 507 te

932 533 941 548 1
959 523 1064 555 venire,
1082 531 1115 550 ex
1131 530 1186 557 quo
1203 523 1306 557 poteris
1321 523 1379 558 ipse
1392 523 1462 551 facta
1479 525 1658 560 inquisitione
1671 527 1705 554 de

932 578 940 594 1
961 568 1091 595 omnibus
1108 567 1168 594 istis
1184 575 1360 602 cognoscere,
1384 568 1418 595 de
1439 569 1540 603 quibus
1556 578 1605 597 nos
1630 579 1710 598 accu-

932 623 940 639 1
957 620 1049 640 samns
1063 620 1137 640 eum.
1151 613 1318 647 Adjecerunt
1332 618 1422 640 autem
1434 619 1460 641 et
1473 615 1569 647 Judaei,
1586 615 1711 644 dicentes

931 669 940 685 1
957 659 1015 686 haec
1029 659 1066 686 ita
1082 666 1110 686 se
1125 658 1238 685 habere.
1255 659 1405 693 Respondit
1421 664 1510 686 autem
1526 661 1634 691 Paulus.
1648 670 1709 688 cunt

932 715 940 730 1
961 705 1103 732 annuisset
1115 705 1172 739 ipse
1184 712 1285 739 praises
1297 710 1326 731 ut
1337 704 1441 732 diceret
1461 705 1608 740 :Aiquiore
1619 707 1711 733 animo

931 761 940 776 1
963 758 1012 786 pro
1027 751 1132 785 meipso
1146 750 1309 784 respondeo,
1328 758 1388 777 eum
1404 751 1488 777 sciam
1514 756 1538 778 te
1552 752 1709 786 tnultisjam

932 806 941 822 1
961 796 1040 823 annis
1052 795 1172 831 judicent
1187 794 1272 822 fuisse
1295 795 1369 829 genti
1398 795 1463 821 huic
1481 803 1488 820 :
1509 795 1554 830 qui
1570 800 1648 829 potes
1665 804 1711 822 eo-

932 852 940 868 1
960 849 1104 877 gnoscere,
1118 841 1191 876 quod
1214 849 1268 868 non
1281 841 1375 875 plures
1389 846 1452 868 sunt
1466 841 1533 868 mihi
1549 841 1618 874 dies,
1630 849 1711 876 quam

932 897 941 912 1
960 887 1116 919 duodecim,
1134 894 1167 914 ex
1184 894 1239 922 quo
1255 887 1366 914 ascendi
1392 887 1557 914 adoraturus
1572 887 1711 922 Jerosoly-

933 943 941 958 1
960 940 1032 959 mam
1048 941 1056 959 :
1071 937 1098 959 et
1109 939 1198 966 neque
1210 932 1236 958 in
1255 932 1356 966 templo
1373 937 1567 966 compererunt
1581 940 1623 959 me
1649 940 1710 959 cum

933 989 941 1005 1
959 979 1052 1014 aliquo
1065 978 1263 1013 disputantem,
1292 982 1340 1005 aut
1374 985 1538 1005 concursum
1566 979 1710 1005 facientem

933 1035 941 1051 1
961 1025 1059 1058 turbat,
1074 1032 1164 1060 neque
1186 1024 1215 1052 in
1233 1025 1388 1060 synagogis,
1422 1031 1511 1058 neque
1534 1024 1562 1050 in
1589 1024 1711 1055 civitate,

932 1082 941 1097 1
960 1079 1049 1106 neque
1059 1070 1176 1102 probare
1194 1075 1311 1104 possunt
1326 1077 1358 1096 ea
1385 1069 1419 1096 de
1444 1069 1546 1103 quibus
1558 1076 1600 1095 tne
1628 1076 1711 1095 accu-

932 1126 941 1142 1
959 1121 1030 1144 sant.
1049 1115 1189 1143 Conﬁteor
1204 1119 1296 1141 autem
1312 1114 1364 1140 hoc
1392 1113 1441 1140 tibi
1459 1113 1531 1148 quod
1544 1113 1620 1148 juxta
1640 1112 1710 1139 viam

932 1172 941 1188 1
961 1169 1042 1196 quam
1057 1164 1157 1188 vocant
1178 1160 1305 1187 hmresim
1330 1159 1371 1186 sic
1397 1159 1458 1186 colo
1481 1158 1598 1193 patrium
1615 1158 1712 1190 Deum,

933 1218 941 1234 1
958 1207 1074 1235 credens
1085 1206 1215 1234 omnibus
1229 1213 1290 1240 qua:
1307 1205 1334 1232 in
1347 1205 1405 1240 lege
1415 1209 1442 1231 et
1454 1204 1597 1239 prophetis
1610 1204 1711 1238 scripta

932 1264 941 1280 1
960 1258 1024 1281 sunt
1040 1262 1046 1279 :
1062 1260 1139 1287 spem
1154 1252 1258 1279 habens
1273 1252 1299 1278 in
1312 1251 1399 1278 Deum
1414 1250 1484 1282 fore,
1515 1257 1597 1284 quam
1626 1254 1654 1276 et
1683 1249 1711 1276 hi

932 1309 941 1324 1
959 1302 1128 1333 exspectant,
1144 1295 1374 1324 resurrectionem
1390 1299 1560 1321 mortuorum
1573 1294 1710 1327 iustorum

933 1353 941 1368 1
960 1342 1041 1370 simul
1054 1347 1082 1370 et
1104 1341 1281 1377 injustorum.
1299 1340 1327 1366 ln
1344 1340 1397 1367 hoc
1413 1344 1505 1366 autem
1532 1339 1589 1372 ipse
1616 1336 1713 1363 studeo

933 1399 941 1414 1
961 1390 1020 1416 sine
1035 1387 1201 1416 ol'feudiculo
1212 1385 1408 1413 conscientiam
1423 1384 1525 1411 habere
1546 1392 1610 1417 erga
1624 1383 1712 1409 Deum

933 1445 942 1461 1
959 1440 987 1462 et
998 1434 1125 1462 homines
1140 1440 1259 1467 semper.
1274 1432 1338 1458 Post
1353 1438 1441 1458 annos
1454 1435 1544 1457 autem
1559 1430 1652 1464 plures
1666 1435 1707 1455 ac-

933 1490 942 1506 1
960 1480 1030 1508 cessi
1046 1479 1236 1513 eleemosynas
1250 1476 1426 1504 exhibiturus
1444 1476 1471 1502 in
1497 1479 1604 1510 gentem
1624 1481 1712 1501 meatu

90 1535 100 1551 1
121 1524 326 1560 παρεγενόμην,
359 1524 543 1560 ἐλεημοσύνας
559 1525 679 1559 ποιήσων
693 1524 733 1555 είς
748 1524 778 1550 τὸ
793 1523 874 1555 ἔθνος

934 1536 942 1551 1
959 1531 988 1554 et
1002 1525 1166 1556 oblationes,
1184 1523 1211 1550 in
1225 1523 1326 1558 quibus
1349 1525 1546 1556 compererunt
1571 1527 1615 1547 me
1635 1520 1711 1554 puri—

89 1581 99 1596 1
121 1579 173 1606 μου
192 1571 240 1597 καὶ
267 1570 435 1605 προσφορὰς,
451 1567 534 1601 ὲνοῖς
559 1567 638 1605 εὗρόν
669 1577 702 1604 με
715 1569 878 1604 ἡγνισμένον

89 1625 99 1641 1
120 1617 150 1642 ,ἓν
168 1614 209 1649 τῷ
226 1615 301 1650 ίερῷ,
314 1616 344 1641 οὐ
363 1615 430 1650 μετὰ
457 1615 546 1649 ὄχλου,
565 1615 626 1641 οὐδὲ
647 1616 716 1649 μετὰ
742 1614 871 1650 θορύϐου.

89 1670 98 1686 ι
121 1661 202 1692 Τινὲς
216 1661 245 1687 δὲ
259 1661 313 1686 ἀπο
333 1661 382 1695 τῆς
410 1661 502 1692 Ἀσίας
530 1661 665 1693 Ἰουδαῖοι,
689 1660 736 1690 οὒς
762 1660 804 1686 δεῖ
832 1661 878 1687 επὶ

89 1717 99 1734 1
121 1706 169 1733 σοῦ
184 1708 312 1741 παρεῖναι
339 1708 385 1734 καὶ
409 1709 581 1743 κατηγορεῖν,
600 1707 627 1733 εἴ
641 1715 666 1733 τι
696 1707 785 1742 ἔχοιεν
811 1707 879 1742 πρός

89 1762 98 1778 1
124 1761 170 1787 με,
185 1752 202 1787 ἢ
216 1753 293 1779 αὐτοὶ
313 1748 385 1778 οὗτοι
399 1753 566 1784 είπάτωσαν,
594 1751 621 1778 sl'
634 1760 660 1778 τι
678 1748 758 1786 εὗρον
771 1752 801 1777 ἐν
813 1751 878 1786 ἐμοὶ

91 1811 99 1825 1
121 1799 260 1834 ἀδίκημα,
289 1798 401 1830 στάντος
425 1807 476 1834 μου
490 1799 536 1825 ὲπὶ
547 1797 593 1824 τοῦ
608 1797 760 1833 συνεδρίου,
778 1797 794 1834 ἢ
810 1797 877 1831 περὶ

89 1856 98 1870 1
121 1846 188 1880 μιᾶς
216 1844 319 1879 ταύτης
346 1844 439 1879 φωνῆς
457 1864 465 1876 ,
495 1841 529 1878 ἧς
560 1843 697 1879 ἐκέκραξα
735 1843 820 1874 ἑστὼς
849 1844 878 1869 ἐν

90 1901 99 1916 1
120 1892 226 1922 αὐτοῖς,
245 1891 288 1917 ὅτι
303 1891 368 1925 περὶ
387 1890 564 1921 ἀναστάσεως
581 1889 685 1925 νεκρῶν
705 1888 761 1923 ἐγὼ
786 1889 876 1924 κρίνο-

89 1947 98 1963 1
123 1946 174 1971 μαι
187 1938 307 1971 σήμερον
322 1936 367 1971 ὑφ’
378 1936 465 1970 ὑμῶν.
482 1945 491 1961 ι

124 1992 134 2007 1
154 1982 217 2008 Ὅτι
233 1982 302 2008 κατὰ
324 1982 373 2015 τὴν
387 1981 457 2010 ὁδὸν,
474 1981 507 2016 ἢν
519 1980 644 2014 λέγουσιν
667 1982 784 2017 αἳρεσιν,
807 1980 877 2007 οὕτω

85 2027 215 2062 λατρεύω
228 2026 267 2061 τῷ
280 2026 398 2062 πατρῴῳ
421 2026 491 2061 Θεῷ,
505 2036 514 2052 ι
531 2027 609 2054 Μετὰ
635 2027 684 2062 τὴν
719 2028 816 2063 κλῆσιν
829 2026 876 2053 τοῦ

86 2071 157 2100 εἷναι
177 2072 327 2104 ἀπόστολος
353 2072 472 2108 Χριστοῦ
498 2073 584 2106 λέγων
611 2073 754 2109 λατρεύειν
782 2073 877 2109 Κυρίῳ

86 2119 212 2155 πατρῴῳ
226 2119 286 2153 Θεῷ
297 2119 431 2145 δείκνυσιν
441 2118 488 2145 ἕνα
502 2119 566 2145 ὅντα
576 2119 642 2145 Θεὸν
656 2119 775 2151 Παλαιᾶς
791 2128 821 2146 τε
831 2120 876 2146 καὶ

85 2166 173 2196 Νέας,
191 2165 223 2191 δν
238 2166 264 2191 οἱ
279 2165 418 2200 προφῆται
449 2165 497 2192 καὶ
509 2167 523 2192 ὁ
537 2165 619 2199 νόμος
638 2166 835 2200 κατήγγειλαν,
847 2165 876 2192 ὃν

85 2214 99 2239 ὁ
114 2211 224 2242 Παῦλος
246 2211 398 2246 ἐκήρυσσεν
420 2211 504 2237 εἰπὼν
520 2230 528 2242 ,
555 2210 692 2237 πιστεύων
724 2211 790 2237 πᾶσι
819 2212 877 2242 τοῖς
894 2200 914 2227 D

85 2258 159 2285 κατὰ
199 2257 283 2293 νόμον
310 2257 358 2284 καὶ
383 2258 440 2288 τοῖς
473 2258 626 2292 προφήταις
658 2258 875 2291 γεγραμμένοις.

86 2304 168 2331 Κατὰ
180 2303 213 2330 τὸ
231 2302 410 2338 σιωπώμενον
431 2303 460 2329 δὲ
477 2303 617 2330 κάνταῦθα
628 2303 672 2329 τὸν
687 2303 805 2338 Χριστὸν
823 2304 876 2329 εἰσ-

85 2350 202 2384 ήγαγεν,
218 2348 287 2374 ἀλλὰ
312 2348 380 2379 τέως
394 2348 431 2383 τῷ
445 2348 495 2383 τῆς
517 2348 693 2379 ἀναστάσεως
711 2347 876 2384 ἐνδιατρίϐει

84 2394 211 2429 λόγῳ,ὃν
240 2390 358 2426 οὗτοιὲξ
371 2395 458 2429 ἀρχῆς
483 2394 663 2423 διεπονοῦντο.
691 2394 792 2421 Τούτου
822 2394 876 2429 γὰρ

83 2441 238 2475 δειχθέντος
256 2439 374 2472 εὐκόλως
390 2440 487 2466 καΐτὰ
501 2439 548 2467 τοῦ
565 2439 683 2475 Χριστοῦ
700 2441 875 2476 ἐπεισήγετο,

85 2487 128 2513 ὅτι
145 2486 261 2520 ἀνέστη.

122 2541 132 2558 ι
153 2532 288 2565 Ἀκούσας
314 2532 342 2558 ἃ
358 2532 445 2560 ταῦτα
459 2532 474 2558 ὁ
487 2531 570 2567 Φήλιξ
599 2532 730 2559 ἁνέὗαλεν
764 2533 875 2564 αὐτοὺς.

87 2587 97 2603 1
117 2578 316 2613 ἀκριὸἐστερον
332 2578 409 2610 εἰδὼς
418 2578 451 2605 τὰ
464 2578 529 2613 περὶ
543 2578 593 2613 τῆς
607 2578 677 2611 ὀδοῦ,
690 2578 873 2606 είπὼν·”οταν

88 2633 97 2649 ι
119 2623 228 2655 Λυσίας
243 2624 408 2659 ὁχιλίαρχος
424 2624 541 2659 καταὸῇ,
567 2623 753 2658 διαγνώσομαι
765 2624 800 2651 τὰ
816 2624 876 2650 καθ’

89 2678 97 2694 ι
121 2669 208 2703 ὑμᾶς.
224 2669 425 2704 Διαταξὰμενός
440 2677 469 2695 τε
481 2668 519 2704 τῷ
530 2668 722 2704 ἐκατοντάρχῳ
736 2668 877 2703 τηρεῖσθαι

89 2725 98 2741 1
118 2715 169 2741 τδν
188 2714 307 2746 Παῦλον,
333 2715 406 2750 ἒχειν
419 2724 449 2741 τε
463 2715 566 2746 ἄνεσιν,
579 2715 626 2741 καὶ
645 2712 747 2750 μηδένα
762 2714 877 2741 κωλύειν

89 2770 99 2787 1
121 2769 177 2786 των
195 2761 269 2786 ἰδίων
281 2760 364 2787 αὑτοῦ
379 2761 552 2795 ὑπηρετεῖνῆ
570 2760 771 2797 προσέρχεσθαι
787 2759 872 2795 αὐτῷ.

88 2816 98 2832 1
123 2806 205 2834 Μετὰ
217 2806 245 2833 δὲ
258 2806 312 2841 ήμέ
319 2815 366 2841 ρας
377 2807 452 2838 τινὰς
472 2808 688 2842 παραγενόμενος
702 2807 716 2832 ὀ
726 2805 811 2841 Φῆλιξ
827 2807 876 2832 σὺν

89 2863 100 2878 1
119 2852 272 2888 Δρηυςῖλλῃ
289 2854 319 2888 τῇ
336 2854 442 2887 γυναικὶ
471 2853 626 2890 σῦτοῦιλῦτῃ
656 2853 783 2887 Ἰονδλῖᾳ,
813 2862 874 2888 μετ-

933 1581 942 1597 1
960 1572 1069 1598 ticatum
1085 1570 1113 1597 in
1139 1569 1252 1604 templo,
1265 1567 1340 1595 haud
1356 1575 1418 1594 cum
1437 1566 1517 1593 turba
1535 1573 1624 1600 neqtte
1650 1572 1711 1591 cum

933 1627 941 1642 1
960 1616 1090 1644 tumultu.
1108 1614 1225 1648 Quidam
1252 1617 1344 1641 autem
1374 1620 1409 1640 ex
1437 1612 1500 1639 Asia
1516 1611 1614 1644 Judaei,
1644 1619 1714 1646 quos

933 1673 942 1688 1
964 1662 1111 1697 oportebat
1128 1659 1201 1695 apud
1233 1663 1260 1686 te
1278 1663 1377 1693 praesto
1398 1665 1459 1685 esse
1478 1662 1507 1684 et
1523 1664 1664 1688 accusare,
1689 1657 1713 1683 si

934 1718 943 1734 1
962 1708 1028 1743 quid
1042 1707 1178 1734 haberent
1200 1705 1346 1732 adversum
1377 1711 1420 1730 me
1439 1711 1447 1730 :
1467 1707 1514 1730 aut
1542 1702 1570 1729 hi
1598 1702 1649 1736 ipsi
1671 1701 1713 1728 di-

933 1765 942 1781 1
960 1758 1033 1787 cant,
1047 1754 1069 1782 si
1085 1753 1151 1788 quid
1175 1750 1419 1786 deprehenderunt
1437 1750 1464 1777 in
1484 1757 1527 1776 me
1548 1749 1712 1783 iniquitatis,

933 1811 942 1827 1
958 1809 1020 1829 cum
1039 1804 1108 1828 stem
1126 1800 1153 1826 in
1179 1798 1297 1826 concilio
1314 1806 1321 1824 :
1341 1797 1394 1824 nisi
1422 1797 1456 1824 de
1485 1804 1539 1823 una
1561 1796 1613 1823 hac
1635 1803 1712 1827 voce,

933 1857 942 1873 1
961 1855 1014 1882 qua
1029 1846 1144 1874 clamavi
1171 1845 1245 1872 inter
1271 1852 1304 1871 eo
1334 1848 1418 1870 stans.
1447 1843 1485 1870 De
1513 1841 1713 1869 resurrectione

933 1905 942 1920 1
961 1899 1132 1922 mortuorum
1149 1900 1199 1926 ego
1210 1891 1320 1927 judicor
1337 1889 1420 1917 hodie
1439 1897 1454 1916 a
1471 1888 1559 1916 vobis.
1577 1897 1587 1914 ι

967 1996 976 2011 ι
995 1985 1075 2012 Juxta
1092 1983 1163 2010 viam
1184 1989 1266 2016 quam
1282 1984 1382 2007 vorant
1398 1979 1522 2007 hmresim
1538 1978 1577 2004 sic
1589 1977 1650 2004 colo
1664 1984 1711 2011 pa-

930 2032 1013 2059 trium
1032 2031 1128 2057 Deum.
1147 2038 1156 2054 ι
1180 2028 1279 2055 Dicens
1306 2034 1336 2054 se
1366 2026 1450 2053 Deum
1474 2024 1594 2059 patrium
1623 2023 1714 2050 colere

929 2081 990 2110 post
1006 2069 1103 2101 factam
1119 2073 1291 2100 vocationem
1303 2075 1338 2100 .ut
1351 2074 1447 2098 essent
1472 2069 1601 2104 apostoli.
1620 2072 1714 2094 osten-

929 2121 969 2148 dit
983 2120 1112 2148 eumdem
1143 2126 1203 2146 esse
1227 2118 1312 2145 Deum
1336 2116 1442 2144 Veteris
1466 2123 1499 2142 ac
1517 2114 1587 2141 Novi
1619 2113 1714 2140 Testa-

929 2167 1026 2198 menti,
1064 2173 1147 2200 quem
1176 2165 1220 2191 lex
1243 2168 1271 2190 et
1302 2163 1442 2198 prophetae
1455 2159 1712 2188 annuntiaveruut:

928 2220 1010 2247 quem
1039 2211 1141 2238 Paulus
1178 2209 1359 2243 praedicabat,
1393 2207 1488 2234 dicens
1524 2213 1553 2232 se
1578 2203 1713 2230 universis

928 2257 1044 2285 credere
1068 2262 1129 2290 qua
1152 2254 1179 2281 in
1206 2254 1265 2288 lege
1291 2260 1323 2280 ac
1350 2251 1490 2287 prophetis
1513 2250 1614 2284 scripta
1638 2253 1712 2276 sunt.

928 2303 1059 2331 Latenter
1073 2305 1165 2328 autent
1178 2299 1320 2327 Christum
1332 2299 1416 2325 etiam
1437 2297 1483 2324 hic
1499 2296 1619 2326 induxit,
1635 2294 1714 2329 170

928 2349 977 2376 sed
993 2347 1104 2375 interim
1117 2347 1144 2373 in
1159 2353 1286 2374 sermone
1307 2345 1340 2372 de
1355 2343 1560 2371 resurrectione
1577 2344 1712 2371 versatur,

928 2402 1010 2430 quem
1039 2394 1067 2421 hi
1091 2393 1125 2420 ab
1161 2392 1276 2420 exordio
1309 2390 1504 2426 oppugnabant
1527 2398 1534 2416 ε
1565 2389 1617 2415 hoc
1640 2387 1712 2413 enim

927 2444 1048 2471 ostenso,
1062 2438 1141 2466 facile
1157 2437 1239 2464 etiam
1251 2443 1311 2471 qua:
1323 2435 1356 2462 de
1366 2434 1475 2462 Clu-isto
1491 2436 1555 2462 sunt
1583 2431 1712 2466 superin-

927 2486 1051 2517 duccret,
1067 2491 1165 2518 nempe
1179 2482 1252 2518 quod
1270 2480 1465 2509 resurrexcrit.

964 2531 1058 2563 XXIV,
1074 2531 1171 2557 22-27.
1189 2539 1198 2555 1
1218 2527 1324 2555 Auditis
1335 2532 1426 2555 autem
1444 2527 1502 2558 his,
1519 2525 1594 2553 Felix
1607 2523 1714 2552 distulit

931 2588 941 2604 1
960 2578 1032 2608 illos.
1046 2583 1109 2604 cum
1120 2579 1196 2603 certo
1208 2574 1292 2601 sciret
1305 2580 1367 2608 qua:
1378 2573 1411 2600 ad
1435 2580 1495 2599 eam
1518 2571 1591 2597 viam
1614 2569 1714 2596 attine-

931 2634 940 2650 1
960 2624 1035 2655 bant,
1054 2623 1148 2649 dicens
1165 2629 1172 2647 :
1188 2620 1256 2648 Cum
1283 2619 1410 2646 tribunus
1424 2617 1518 2653 Lysias
1531 2613 1713 2643 descenderit,

933 2679 942 2694 1
963 2675 1125 2703 pernoscam
1153 2673 1265 2693 causam
1307 2668 1427 2691 vestram
1457 2671 1464 2689 :
1489 2661 1625 2697 jussitque
1652 2665 1716 2684 cen-

932 2725 941 2740 1
962 2713 1064 2742 turioni
1081 2718 1110 2740 ut
1137 2711 1291 2739 custodiret
1317 2709 1444 2740 Paulum,
1469 2708 1626 2739 sineretque
1650 2710 1717 2730 eunt

932 2770 941 2786 1
960 2759 1089 2791 relaxari,
1105 2764 1133 2786 et
1157 2765 1191 2785 ne
1220 2764 1301 2792 quem
1316 2763 1350 2783 ex
1370 2755 1444 2782 illius
1471 2750 1651 2780 familiaribus
1666 2756 1714 2776 ve-

933 2815 941 2832 1
961 2810 1030 2833 taret
1042 2804 1254 2832 subministrare
1277 2803 1313 2834 ei,
1330 2805 1377 2828 aut
1395 2801 1471 2827 adire
1488 2806 1561 2826 eum.
1581 2797 1645 2824 Post
1664 2795 1717 2822 ali-

932 2861 940 2878 1
957 2856 1022 2887 quot
1038 2856 1128 2878 autem
1145 2850 1203 2877 dies
1215 2857 1276 2876 cum
1289 2847 1443 2874 advenisset
1454 2842 1534 2874 'Fclix
1559 2851 1619 2871 rum
1643 2843 1713 2870 Dm-
