1881 3051
30 197 81 230 289

512 187 708 219 COMMENT.
725 185 764 215 IN
781 185 875 214 ACTA
895 183 1186 214 APOSTOLORUM.

1604 182 1657 214 2ςο

27 263 80 281 εισι.
95 251 145 279 Διὰ
159 251 264 286 ταύτην
277 246 469 284 εὖχονταιίδιὰ
490 245 591 281 ταύτην
615 244 790 280 λατρεύουσιν
806 263 812 274 ,

909 249 947 268 sor
959 250 965 268 ε
980 249 1041 268 cum
1050 241 1121 276 apud
1130 248 1178 268 eos
1187 241 1255 268 nihil
1266 241 1317 269 hac
1327 241 1457 276 opinione
1465 239 1603 275 antiquius
1612 241 1655 266 ha-

30 301 69 327 ἵνα
85 298 189 333 ταύτην
203 297 318 332 τύχωσι.
329 296 383 323 Καὶ
395 294 498 329 ταύτην
514 292 569 328 ἐγὼ
586 290 771 326 καταγγέλλω.

64 400 74 416 ι
102 390 147 417 Ἐν
160 387 202 420 οἷς
219 388 268 415 καὶ
285 386 470 423 πορευόμενος
484 385 525 416 είς
536 383 585 420 τὴν
596 381 741 418 Δαμασκὸν
758 379 816 415 μετ’

32 447 40 463 ι
61 435 188 468 ἐξουσίας
200 435 248 460 καὶ
263 434 414 468 ἐπιτροπῆς
429 432 478 466 τῆς
494 430 569 465 παρὰ
586 429 639 456 τῶν
655 427 815 463 ἀρχιερέων,

32 494 39 509 ι
62 483 171 518 ἡμέρας
183 482 281 517 μέσης,
297 478 420 515 βασιλεῦ,
436 477 506 504 κατὰ
520 478 569 511 τὴν
579 476 638 502 ὁδὸν
648 473 719 501 εἶδον
734 473 817 508 οὐρα-

33 539 40 554 ι
63 528 152 558 νὺθεν,
171 526 242 561 ὑπὲρ
259 526 308 560 τὴν
331 523 511 559 λαμπρότητα
531 521 578 547 τοῦ
592 520 668 556 ἡλίου
683 518 818 554 περιλάμ-

33 585 42 600 ‹
65 574 119 608 ψει-ι
148 581 181 608 με
197 571 266 606 φῶς,
300 571 348 597 καὶ
361 570 424 601 τοὺς
441 569 490 594 σὺν
513 568 575 601 ἐμοὶ
604 566 815 601 πορευομένους.

35 630 42 645 ι
64 620 178 646 Πάντων
195 618 224 643 δὲ
238 614 537 649 καταπεσόντωνὴμῶν
551 613 590 644 είς
605 612 655 648 τὴν
663 612 725 646 γῆν,
736 612 818 646 ἡκου-

36 677 44 692 σ
66 675 99 693 σα
120 665 215 700 φωνὴν
234 663 368 690 λαλοῦσαν
398 661 466 697 πρός
493 669 537 695 με,
553 659 600 686 καὶ
626 658 758 692 λέγουσαν
785 657 817 692 τῇ

36 723 43 739 ι
69 712 192 746 Ἐὁραῖδι
207 710 357 743 διαλέκτῳ·
375 709 470 740 Σαοὺλ,
487 706 585 737 Σαοὺλ,
602 705 628 732 τί
644 713 678 740 με
691 705 817 735 animi“

35 769 44 784 ι
66 758 183 793 σκληρόν
200 765 241 784 σοι
263 756 330 791 πρὸς
353 756 452 789 κέντρα
473 753 623 785 λακτίζειν.
649 750 720 786 Ἐγὼ
734 750 763 777 δὲ
780 748 820 777 εἷ-

37 814 46 829 ι
68 812 118 829 πον
129 802 194 833 ·Τίς
210 799 245 833 εἴ,
256 801 359 835 Rupis;
376 801 406 827 ’0
414 800 442 826 δὲ
456 797 542 825 εἶπεν·
558 797 629 832 Ἐγώ
640 797 697 831 είμι
716 795 818 830 Ἰησοῦς

37 859 46 875 ‹
62 850 91 876 ὃν
102 850 135 876 σὺ
145 848 266 880 διώκεις.
275 847 356 874 Ἀλλὰ
365 845 556 879 ἁνάστηθι,καὶ
565 843 643 878 στῆθι
652 843 696 868 ἐπὶ
705 841 818 873 τοὺςπό-

36 905 45 921 r
65 896 114 926 δας
124 903 184 921 σου.
201 894 246 925 Et;
265 893 344 919 τοῦτο
353 892 407 926 γὰρ
428 890 520 926 ὤφθην
534 898 574 916 σοι
593 886 818 924 προχειρίσασθαί

870 286 980 317 beatur,
1002 292 1113 320 propter
1139 286 1210 313 hanc
1232 286 1394 321 gloriantur,
1417 286 1453 313 ob
1478 286 1549 313 hanc
1572 286 1657 313 Deum

870 332 965 358 colunt
982 335 1012 358 ut
1021 338 1080 358 eam
1090 336 1306 366 consequantur.
1327 331 1360 358 Et
1374 331 1445 359 hanc
1453 338 1503 366 ego
1512 331 1657 358 annuntio.

905 375 988 402 XXVI
999 395 1006 408 ,
1021 375 1114 402 12-18.
1143 385 1152 400 ι
1167 375 1215 402 llis
1226 376 1310 402 rebus
1323 375 1460 408 intentus,
1475 383 1536 402 cum
1549 375 1654 410 proﬁci-

873 431 883 447 ι
904 429 996 448 scerer
1008 421 1170 448 Damascum
1195 429 1258 448 cum
1278 422 1441 448 auctoritate
1467 422 1658 456 permissuque

874 476 883 492 ε
903 467 1059 501 principum
1079 466 1263 500 sacerdotum,
1293 467 1337 494 die
1364 467 1467 500 medio,
1490 475 1549 500 rex,
1571 468 1627 494 vidi
1643 476 1659 495 e

875 522 884 538 ι
903 513 973 540 ccelo
987 521 1074 548 supra
1101 513 1168 540 solis
1181 513 1355 548 splendorem
1373 513 1589 541 cireuml'ulsisse
1616 521 1659 540 me

873 568 883 584 ι
901 559 1005 591 lumen,
1022 564 1051 586 et
1067 567 1115 586 eos
1127 561 1174 594 qui
1190 567 1296 587 mecum
1309 560 1446 587 faciebant
1461 563 1522 586 iter.
1535 560 1666 594 Cumque

874 615 884 631 ι
902 613 998 633 omnes
1014 613 1064 633 nos
1075 605 1272 633 decidissemus
1288 606 1315 632 in
1331 611 1442 638 terram,
1457 606 1549 633 audivi
1564 614 1659 632 vocem

875 662 884 677 ι
902 653 1060 687 loquentem
1071 652 1105 679 ad
1121 660 1175 684 me,
1191 659 1223 679 ac
1235 653 1371 679 dicentem
1389 653 1480 687 lingua
1506 652 1637 679 Ilebraica
1652 660 1659 678 :

876 708 885 724 ι
904 698 980 731 Saul,
996 699 1071 731 Saul,
1087 698 1152 733 quid
1173 705 1216 725 me
1234 699 1426 733 persequeris?
1439 699 1538 726 durum
1555 704 1598 726 est
1611 699 1660 725 tibi

876 755 885 771 ‹
903 750 1000 772 contra
1030 743 1169 772 stimulos'
1187 746 1340 772 calcitrare.
1375 744 1431 779 Ego
1465 748 1555 771 autem
1585 744 1660 771 dixi:

877 800 886 816 ι
905 790 973 823 Quis
991 797 1031 822 es,
1049 789 1182 817 Domine?
1201 789 1293 816 Atille
1308 789 1396 816 dixit:
1413 788 1470 823 Ego
1486 795 1547 815 sum
1571 788 1661 819 Iesus,

877 846 886 862 ι
901 844 981 871 quem
995 841 1023 862 tu
1038 835 1222 870 persequeris.
1243 835 1297 862 Sed
1324 841 1440 869 exsurge
1462 840 1491 861 et
1514 838 1557 861 sta
1579 841 1662 868 super

877 893 887 908 i
905 883 989 918 pedes
1005 887 1075 909 tuos.
1094 882 1134 909 Ad
1152 882 1204 909 hoc
1216 882 1289 909 enim
1304 881 1418 916 apparui
1446 880 1506 913 tibi,
1536 884 1567 907 ut
1595 887 1663 906 cou-

36 951 45 966 (
67 924 257 976 σεήὺτιηρέτην
278 939 324 965 καὶ
342 924 480 973 μάρτυρα,
495 934 532 962 ὧν
552 944 582 962 τε
597 934 675 966 ειδες,
691 931 730 960 ὢν
751 942 780 960 τε
795 933 817 959 ὀ·

909 929 1016 955 stituam
1030 932 1056 955 te
1068 928 1222 955 ministrum
1235 935 1267 954 ac
1293 932 1401 959 testem,
1426 932 1454 954 et
1475 934 1571 954 eorum
1603 934 1663 961 qua:

38 996 48 1013 ι
65 985 208 1021 φθήσομαί
221 983 471 1019 σοι,ἑξαιρούμενός
482 990 512 1008 σε
528 983 560 1008 ὲκ
573 981 619 1007 τοῦ
629 980 693 1006 λαοῦ
710 982 756 1006 καὶ
768 979 823 1005 τῶν

39 1041 48 1057 ι
69 1031 166 1063 ἐθνῶν,
176 1032 215 1062 εἰς
223 1030 270 1061 οὓς
280 1029 327 1057 νῦν
340 1037 367 1056 σε
377 1028 544 1059 ἀποστέλλω,
554 1026 659 1058 ἀνοῖξαι
667 1024 823 1060 ὀφθαλμοὺς

39 1088 47 1103 1
69 1077 171 1110 αὐτῶν,
188 1075 235 1102 τοῦ
249 1075 420 1110 ὑποστρέψαι
429 1075 483 1100 ἀπὸ
499 1073 611 1103 σκότους
626 1073 665 1102 εις
680 1071 748 1105 φῶς,
777 1070 824 1096 καὶ

38 1134 47 1150 ι
68 1125 117 1158 τῆς
135 1122 259 1156 ἐξουσίας
271 1121 318 1148 τοῦ
336 1121 443 1147 Σατανᾶ
455 1120 501 1146 ἐπὶ
517 1119 562 1145 τὸν
579 1118 658 1150 Θεὸν,
670 1117 718 1143 τοῦ
730 1116 823 1143 λαϐεῖν

39 1180 48 1195 ί
71 1169 170 1200 αὐτοὺς
193 1168 290 1202 ἄφεσιν
316 1165 469 1202 ἁμαρτιῶν,
499 1164 547 1191 καὶ
577 1164 681 1199 κλῆρον
710 1163 740 1188 ὲν
766 1163 823 1192 τοῖς

40 1224 49 1241 ι
68 1214 249 1250 ἡγιασμένοις
265 1212 356 1238 πίστει
371 1212 404 1246 τῇ
417 1211 457 1241 είς
474 1210 535 1245 ὲμέ.
553 1218 563 1236 ι

74 1313 84 1330 ι
102 1303 191 1338 ’Υπὲρ
201 1301 256 1342 δὴν
271 1300 451 1336 λαμπρότητα
464 1298 511 1325 τοῦ
526 1297 612 1333 ἡλίου.
629 1307 638 1323 ι
656 1297 717 1323 Τῶν
730 1297 825 1332 αἰσθη-

39 1351 92 1376 τῶν
105 1350 136 1375 τὸ
165 1347 362 1382 φωτεινότατον
378 1345 522 1381 παράγων,
537 1344 584 1370 καὶ
611 1343 648 1379 μὴ
674 1344 824 1378 δυνάμενος

39 1393 234 1427 ἀντισῶσαιτῷ
249 1392 318 1427 φωτὶ
331 1391 428 1426 ἐκείνῳ
444 1391 472 1417 τὸ
486 1389 534 1416 τοῦ
553 1389 640 1425 Ἰησοῦ
650 1389 717 1423 φῶς,
731 1388 824 1419 καθὼς

40 1441 151 1467 δύναται
168 1437 373 1473 παραδέξασθαι
389 1436 458 1471 ἀκοὴ
469 1435 613 1470 ἀνθρώπου
623 1435 726 1468 λαλεῖν,
741 1435 825 1470 ὑπερ-

43 1487 118 1522 δικᾷν
134 1485 165 1511 τὸ
185 1484 296 1520 ἡλιακὸν
310 1483 368 1518 φῶς
385 1482 471 1509 ἐκεῖνό
483 1490 559 1517 φησι.

877 984 886 999 ι
904 975 1009 1006 vidisti,
1022 978 1050 1001 et
1066 981 1161 1001 eorum
1185 973 1212 1000 in
1240 974 1342 1008 quibus
1359 981 1410 1009 ego
1440 973 1580 1008 apparebo
1598 973 1662 1004 tibi,

878 1030 887 1046 ι
904 1020 1063 1055 cripienste
1083 1027 1097 1046 a
1109 1019 1212 1056 populo
1227 1024 1255 1047 et
1266 1019 1405 1054 gentibus,
1418 1019 1445 1046 in
1460 1027 1528 1054 quas
1551 1027 1624 1046 nunc
1638 1024 1663 1046 te

882 1075 890 1092 ι
910 1066 1000 1098 mitto,
1017 1070 1047 1092 ut
1062 1066 1172 1101 aperias
1194 1066 1291 1093 oculos
1305 1073 1412 1098 eorum,
1422 1070 1453 1092 ut
1466 1069 1663 1092 convertantur

878 1122 887 1138 ι
909 1119 924 1139 a
940 1112 1061 1139 tenebris
1081 1113 1115 1139 ad
1132 1113 1233 1143 lucem,
1257 1116 1311 1139 eta
1341 1116 1475 1146 potestate
1503 1111 1609 1138 Satanae
1628 1110 1663 1137 ad

878 1168 887 1184 ι
904 1159 1000 1191 Deum,
1012 1163 1042 1185 ut
1065 1158 1201 1193 accipiant
1220 1158 1411 1185 remissionem
1430 1162 1616 1193 peccatorum,
1636 1161 1664 1184 et

878 1215 887 1231 ι
906 1210 1008 1234 sortem
1019 1207 1091 1232 inter
1102 1213 1150 1232 eos
1161 1206 1209 1240 qui
1231 1204 1393 1232 sanetitlcati
1413 1209 1487 1237 sunt,
1515 1211 1564 1239 per
1582 1203 1664 1231 ﬁdem

879 1262 888 1279 ι
906 1257 1016 1288 quaeest
1027 1260 1091 1287 erga
1104 1260 1157 1280 me.
1179 1261 1188 1278 ι

915 1309 924 1324 ε
937 1298 1024 1333 Supra
1035 1298 1100 1325 solis
1112 1297 1298 1333 splendOrem.
1312 1307 1321 1324 ›
1334 1296 1458 1325 Aﬂ‘erens
1469 1296 1495 1323 in
1504 1296 1624 1324 medium
1636 1296 1663 1323 id

875 1346 949 1381 quod
965 1346 1038 1372 inter
1057 1345 1199 1373 seusibilia
1219 1343 1421 1371 lucidissimum
1441 1347 1495 1376 est,
1520 1350 1582 1370 cum
1608 1350 1665 1370 non

875 1395 969 1427 posset
983 1391 1022 1418 illi
1037 1391 1102 1418 Jesu
1116 1390 1206 1418 lucem
1216 1397 1336 1425 :equare,
1349 1397 1410 1424 quae
1419 1389 1498 1424 longe
1513 1389 1600 1423 major
1611 1392 1663 1419 est,

876 1442 952 1465 uteo
965 1436 1047 1464 modo
1060 1436 1198 1471 loquatur,
1210 1443 1265 1470 quo
1292 1435 1379 1470 possit
1406 1433 1526 1461 hominis
1553 1433 1666 1460 auditus

878 1483 1032 1518 suscipere,
1050 1482 1089 1509 ait
1106 1482 1197 1510 lucem
1211 1482 1286 1510 illam
1300 1487 1433 1517 superare
1451 1481 1518 1508 solis
1535 1480 1666 1515 splcud0<

878 1537 947 1556 rem.

80 1593 90 1611 α
110 1583 206 1616 Ὅθεν,
221 1581 330 1618 βασιλεῦ
350 1580 500 1617 Ἀγρίππα,
515 1579 567 1606 οὐκ
592 1578 726 1613 ἐγενόμην
749 1577 817 1604 ἀπειι

914 1576 1008 1609 XXVI.
1023 1576 1054 1604 l9
1072 1575 1173 1608 «Unde,
1186 1582 1234 1601 rex
1244 1574 1373 1609 Agrippa,
1385 1580 1440 1600 non
1449 1572 1490 1600 fui
1502 1572 1667 1600 inohediens

43 1631 89 1666 [τῆς
105 1632 140 1665 τῇ
153 1629 273 1666 οὐρανίῳ
287 1627 415 1662 ὀπτασίᾳ.
431 1636 442 1652 ι

80 1676 216 1703 ὀπτασία
233 1675 308 1701 ἐστὶν
321 1675 337 1709 ἡ
354 1673 461 1708 καθαρὰ
476 1672 552 1707 θέαή
568 1672 771 1707 ὑπερϐαίνουσα
781 1671 828 1697 ἄν-

43 1722 161 1758 θρωπον.
178 1721 266 1755 Ὅπερ
280 1729 322 1751 τις
337 1721 365 1746 ὲν
378 1719 459 1754 σαρκὶ
475 1718 524 1750 ὢν.
548 1718 609 1752 δίχα
618 1717 665 1744 τοῦ
689 1717 828 1743 ἀποκαλυ-

43 1770 142 1804 ςθῆναι
162 1767 246 1794 αὑτοῦ
257 1767 318 1798 τοὺς
330 1765 497 1801 ὀφθαλμοὺς,
508 1765 558 1791 οὐκ
573 1764 647 1790 ἔστιν
672 1764 736 1790 ἰδεῖν
748 1763 828 1790 δυνα-

42 1817 97 1847 τός.

80 1871 89 1886 ι
115 1860 199 1891 Ἀλλὰ
210 1860 266 1890 τοῖς
282 1859 310 1884 ὲν
334 1856 473 1893 Δαμασκῷ
493 1856 602 1892 πρῶτον
615 1855 663 1882 καὶ
684 1853 830 1890 Ἰεροσολύ-

49 1915 57 1931 ι
79 1914 149 1940 μοις.
164 1906 204 1936 εἰς
220 1903 310 1930 πᾶσαν
321 1911 349 1929 τε
361 1903 411 1937 τὴν
425 1902 517 1937 χώραν
534 1901 585 1935 τῆς
615 1900 761 1931 Ἰουδαίας,
783 1899 830 1927 καὶ

49 1962 57 1977 ι
75 1953 129 1982 τοῖς
144 1950 253 1976 ἔθνεσιν
265 1948 446 1982 ἀπαγγέλλων
474 1949 624 1982 μετανοεῖν,
636 1947 684 1973 καὶ
703 1946 831 1981 ἐπιστρέ-

49 2007 57 2023 ι
78 2005 138 2032 φειν
153 1996 202 2022 ἐπὶ
211 1995 258 2022 τὸν
270 1995 346 2026 Θεὸν,
363 1994 424 2026 ἄξια
436 1994 485 2028 τῆς
498 1993 645 2028 μετανοίας
659 1993 727 2028 ἔργα
742 1992 831 2026 πράσ-

49 2054 57 2069 ι
75 2051 184 2073 σοντας.
217 2041 318 2068 Ἕνεκα
344 2040 446 2067 τούτων
463 2049 496 2075 με
511 2042 535 2066 οἱ
565 2039 684 2066 Ἰουδαῖοι
702 2038 832 2064 συλλαῦό-

49 2098 58 2115 ι
81 2097 158 2123 μενοι
173 2089 203 2114 ὲν
221 2086 258 2122 τῷ
274 2086 505 2122 ίερῷ,ἑπειρῶντο
519 2084 746 2120 διαχειρίσασθαι.
761 2085 832 2110 Ἐπι-

49 2144 58 2160 ι
77 2134 192 2170 κουρίας
208 2132 255 2159 οὖν
268 2132 356 2167 τυχὼν
373 2132 423 2167 τῆς
444 2132 519 2166 παρὰ
533 2131 578 2157 τοῦ
606 2129 685 2162 Θεοῦ,
700 2130 763 2164 ἄχρι
783 2131 832 2164 τῆς

49 2190 58 2205 ‹
74 2181 184 2215 ἡμέρας
197 2179 301 2214 ταύτης
324 2178 439 2213 ἕστηκα,
455 2176 676 2214 μαρτυρούμενος
698 2175 789 2211 μικρῷ
803 2184 832 2202 τε

51 2235 59 2251 ι
79 2226 126 2252 καὶ
141 2225 265 2260 μεγάλῳ,
275 2224 350 2251 οὐδὲν
364 2224 440 2255 ἐκτὸς
455 2224 552 2258 λέγων,
566 2219 604 2249 ὧν
618 2231 646 2249 τε
658 2223 682 2248 οἱ
696 2223 833 2257 προφῆται

51 2282 60 2298 ι
78 2272 214 2306 ἐλάλησαν
232 2271 382 2305 μελλόντων
392 2270 522 2304 γίνεσθαι,
536 2271 582 2295 καὶ
597 2268 729 2303 Μωῦσῆς,
743 2269 767 2294 ει
782 2277 835 2294 πα·
851 2265 873 2292 ι)

52 2327 60 2342 α
80 2318 162 2352 θητὸς
175 2318 190 2343 ὁ
205 2317 333 2352 Χριστὸς,
350 2317 375 2341 εί
389 2315 497 2350 πρῶτος
510 2315 720 2348 ὲξὰναστάσεως
731 2313 835 2348 νεκρῶν

52 2374 60 2389 ι
80 2365 138 2398 φῶς
162 2363 256 2398 μέλλει
281 2362 476 2397 καταγγέλλειν
499 2361 538 2396 τῷ
555 2361 613 2396 λαῷ
635 2361 682 2387 καὶ
710 2361 766 2391 τοῖς
791 2359 837 2386 ἔθ-

54 2419 60 2436 ί
79 2419 147 2436 νεσι.
165 2419 175 2435 )

86 2466 95 2481 ι
113 2454 166 2481 Ὧν
180 2464 212 2482 τε
225 2455 251 2480 οἱ
274 2454 411 2489 προφῆται
439 2453 582 2488 ἐλάλησαν.
602 2463 610 2479 ι
629 2453 688 2480 Ἵνα
712 2453 748 2488 μὴ
774 2452 836 2488 δόξῃ

50 2502 129 2532 αὐτὸς
147 2500 313 2532 Seiani.“
332 2498 400 2526 εἶναι
414 2500 521 2531 τούτου,
544 2499 640 2532 ἐπάγει
653 2499 716 2530 τοὺς
730 2499 838 2535 προφή-

50 2555 96 2578 τας
111 2548 160 2573 καὶ
174 2546 220 2573 τὸν
231 2546 335 2572 Μωσέα
347 2545 460 2579 λέγοντα
482 2555 490 2571 ι
511 2545 534 2571 εἰ
548 2545 669 2579 παθητὸς
683 2546 696 2571 ὁ
707 2544 835 2579 Χριστὸς,

51 2595 73 2619 εί
87 2593 197 2628 πρῶτος
216 2592 245 2624 ἐξ
256 2593 429 2623 ἀναστάσεως
445 2592 561 2626 νεκρῶν,
577 2601 585 2617 ι
600 2592 648 2617 καὶ
663 2591 698 2617 τὰ
717 2591 790 2625 ἑξῆς.
803 2591 840 2617 Τὸ

52 2639 88 2671 δὲ,
103 2641 139 2672 εί,
158 2639 219 2666 ἀντὶ
233 2639 292 2670 τοῦ,
307 2639 360 2671 ὅτι,
374 2639 443 2665 ἐστί.
467 2637 578 2672 Μωσῆς,
593 2638 685 2672 φησὶν,
707 2635 783 2663 εἶπεν
798 2638 839 2663 ὅτι

54 2684 173 2716 παθητὸς
185 2684 199 2710 ὁ
214 2683 341 2719 Χριστὸς,
358 2683 465 2718 πρῶτος
486 2683 515 2716 ἐξ
530 2682 713 2713 ἀναστάσεως.
731 2682 841 2716 Πρῶτος

53 2732 105 2765 γὰρ
121 2729 199 2761 οὗτος
215 2730 327 2765 ἀνέστη,
347 2730 394 2756 καὶ
420 2730 470 2756 οὐκ
487 2730 527 2756 ἔτι
543 2729 720 2764 ἀποθνήσκει.
740 2730 770 2755 οι
787 2729 842 2764 γὰρ

53 2777 220 2807 ἀναστάντες
235 2776 267 2802 δι’
284 2775 366 2802 αὑτοῦ
378 2775 395 2810 ἢ
406 2775 460 2802 τῶν
475 2775 614 2811 μαθητῶν,
635 2776 681 2801 καὶ
694 2775 719 2801 οι
734 2775 778 2801 διὰ
789 2775 842 2802 τῶν

53 2823 214 2858 προφητῶν,
239 2822 321 2849 πάλιν
337 2822 490 2856 ἀπέθανον,
511 2821 563 2854 ἕως
574 2821 624 2859 τῆς
646 2821 760 2849 καθόλου
774 2821 841 2849 ἁνα-

55 2871 175 2902 στασεως
194 2870 334 2905 μένοντες.

882 1633 891 1649 ι
910 1623 1014 1650 cozlcsti
1030 1621 1140 1649 risioni.
1157 1630 1166 1646 ι

919 1670 1050 1698 Ὀπτασία
1058 1677 1126 1704 pura
1139 1668 1256 1696 visioest
1264 1675 1324 1702 quae
1335 1667 1482 1695 humanam
1489 1665 1668 1701 supergredi-

879 1723 924 1747 tur
937 1723 1063 1745 naturam
1082 1717 1157 1743 illius
1172 1715 1211 1742 rei
1229 1723 1312 1750 quam
1333 1722 1389 1742 non
1413 1718 1505 1748 potest
1516 1712 1665 1747 quispiam,

879 1764 944 1791 dum
957 1764 984 1790 in
994 1770 1076 1789 carne
1089 1766 1140 1794 est,
1158 1760 1267 1793 videre,
1277 1759 1330 1786 nisi
1347 1759 1434 1794 ipsius
1444 1757 1517 1785 oculi
1532 1756 1668 1784 divinitus

880 1810 1048 1837 revelantur.

917 1855 1114 1888 XXV‘I,20-95.
1128 1864 1136 1879 ι
1157 1853 1210 1881 Sed
1221 1852 1264 1880 his
1279 1852 1326 1888 qui
1337 1856 1402 1879 sunt
1413 1851 1538 1878 Damasci
1550 1850 1669 1885 primum

884 1912 894 1929 ι
909 1908 936 1930 et
948 1901 1133 1937 Jerosolymis.
1147 1908 1179 1927 ac
1194 1908 1242 1935 per
1261 1906 1369 1926 omnem
1383 1898 1482 1926 Iudaea:
1507 1897 1645 1932 regionem
1659 1914 1667 1928 ,

885 1958 895 1974 ‹
914 1949 994 1983 176
1008 1947 1107 1974 deinde
1123 1953 1231 1981 quoque
1261 1944 1389 1980 gentibus
1413 1943 1611 1970 annuntiabam
1640 1946 1669 1968 ut

885 2006 894 2022 ι
910 1995 1105 2029 resipiscerent
1127 1997 1155 2020 et
1168 1995 1395 2019 converterentur
1420 1989 1453 2016 ad
1467 1989 1564 2020 Deum,
1586 1995 1670 2022 opera

886 2052 896 2068 ι
915 2042 1046 2069 iacientes
1059 2041 1140 2075 digna
1159 2037 1370 2073 resipiscentiae.
1384 2036 1440 2064 llac
1453 2043 1486 2063 ex
1498 2033 1670 2062 causaluda-i

887 2099 896 2115 ι
912 2096 955 2116 me
970 2088 997 2115 in
1010 2087 1111 2121 templo
1125 2085 1355 2120 comprehensum
1380 2086 1556 2110 tentaveruut
1584 2081 1672 2107 inter-

888 2145 897 2161 ‹
917 2136 1008 2162 licere.
1022 2135 1070 2162 Dei
1086 2134 1178 2168 itaque
1190 2137 1286 2159 nactus
1301 2129 1447 2162 auxilium,
1475 2135 1563 2163 usque
1580 2127 1607 2154 in
1620 2127 1671 2153 ho-

889 2191 897 2207 ι
916 2182 1042 2209 diernum
1059 2180 1132 2207 diem
1155 2182 1208 2210 sto,
1238 2177 1388 2205 testiﬁcaris
1403 2181 1461 2203 tum
1488 2181 1582 2208 parvo.
1615 2178 1674 2199 tum

889 2235 898 2251 ι
915 2232 1024 2260 magno,
1040 2224 1107 2250 nihil
1120 2223 1194 2250 aliud
1210 2222 1305 2249 dicens
1319 2228 1401 2255 quam
1415 2227 1447 2247 ea
1461 2226 1522 2253 quan
1533 2218 1673 2252 propinata:

890 2282 899 2298 ‹
919 2272 1044 2298 dixerant
1054 2270 1146 2297 futura
1159 2276 1230 2300 esse,
1247 2273 1275 2295 et
1289 2267 1387 2298 Moses,
1402 2273 1435 2292 an
1448 2271 1578 2300 passurus
1591 2263 1674 2290 fuerit

890 2327 899 2343 ι
915 2317 1041 2344 Christus
1054 2336 1062 2348 ,
1075 2323 1109 2342 an
1122 2315 1227 2349 primus
1242 2321 1275 2341 ex
1289 2311 1674 2340 resurrectionemortuorum

891 2373 900 2390 ‹
921 2364 1014 2391 lumen
1029 2361 1242 2389 annuntiaturus
1258 2360 1294 2387 sit
1311 2359 1411 2394 populo
1422 2362 1450 2385 et
1463 2356 1601 2392 gentibus.
1626 2365 1636 2380 ›

886 2452 889 2454 ’
928 2463 937 2478 ι
956 2451 1030 2480 Nihil
1043 2450 1118 2478 aliud
1132 2449 1228 2477 dicens
1240 2455 1321 2484 quam
1335 2455 1366 2474 ea
1394 2455 1455 2482 qua:
1467 2446 1610 2481 propheta
1633 2445 1676 2472 di-

889 2503 998 2527 xerunt.
1019 2509 1027 2524 ι
1041 2498 1080 2525 Ne
1093 2497 1174 2532 hujus
1190 2496 1231 2523 rei
1253 2495 1350 2522 doctor
1365 2494 1507 2525 habeatur,
1530 2492 1678 2527 prophetas

890 2545 1003 2572 adducit
1029 2551 1061 2570 ac
1083 2543 1175 2570 Mosen
1204 2542 1352 2573 dicentem,
1385 2548 1420 2568 an
1447 2547 1578 2574 passurus
1595 2537 1679 2565 fuerit

890 2592 1025 2623 Christus,
1039 2598 1074 2617 an
1085 2590 1191 2624 primus
1202 2596 1235 2615 ex
1266 2587 1468 2615 resurrectione
1495 2590 1678 2613 mortuorum.

892 2644 958 2670 ctc.;
975 2639 999 2663 el
1016 2644 1090 2667 vero,
1107 2636 1133 2662 id
1145 2640 1187 2662 est
1197 2642 1242 2667 an,
1256 2635 1364 2668 capitur
1377 2640 1427 2668 pro
1441 2633 1482 2659 ὅτι
1497 2632 1523 2658 id
1539 2635 1580 2658 est
1594 2630 1679 2665 quod.

893 2684 991 2715 Moses,
1006 2682 1106 2716 inquit,
1124 2681 1193 2708 dixit
1209 2680 1282 2716 quod
1295 2687 1427 2715 passurus
1444 2682 1517 2705 esset
1540 2677 1678 2706 Christus,

893 2729 1000 2764 primus
1019 2735 1052 2755 ex
1066 2727 1278 2755 resurrectione.
1296 2726 1404 2754 Primus
1416 2725 1551 2760 siquidem
1565 2723 1608 2748 hic
1635 2729 1679 2748 re-

894 2774 1014 2802 surrexit
1028 2781 1080 2800 nec
1090 2773 1209 2808 amplius
1221 2773 1339 2799 moritur
1355 2781 1362 2798 :
1378 2779 1441 2798 cum
1466 2770 1539 2796 enim
1561 2773 1608 2796 aut
1632 2776 1681 2803 per

895 2828 968 2853 eum,
986 2824 1033 2846 aut
1044 2828 1093 2854 per
1106 2819 1266 2854 discipulos,
1278 2818 1402 2845 similiter
1413 2821 1441 2843 et
1451 2823 1501 2851 per
1523 2815 1681 2851 prophetas,

895 2866 1065 2901 aliiquidam
1093 2868 1313 2897 resurrcxerant,
1338 2869 1447 2889 rursum
1476 2862 1578 2890 mortui
1606 2865 1680 2894 sunt,

897 2917 1089 2949 exspectantes
1101 2911 1282 2940 universalcm
1299 2909 1540 2940 resurrectionem.
