1881 3051
171 137 223 167 205

717 134 884 166 (ECUMEN
891 135 917 164 ll
933 134 1079 164 TRICC/E
1098 135 1120 164 Ε
1127 135 1271 165 PISCOI’I

1751 130 1810 162 296

173 205 183 222 Ι
202 199 371 222 armamenta
388 194 465 221 navis
480 192 655 229 projecimus.
680 193 765 220 Porro
789 200 880 228 neque
904 193 959 219 sdie

1020 200 1026 215 ι
1049 190 1199 217 ἐποιοῦντο.
1214 191 1269 217 Καὶ
1280 192 1312 226 τῇ
1324 190 1402 226 τρίτῃ
1414 190 1569 224 αὐτόχειρες
1578 187 1627 224 τὴν
1636 188 1738 224 σκευὴν
1757 189 1808 214 το]

174 251 182 266 ‹
204 247 292 275 neque
310 239 447 267 sideribus
459 238 655 273 apparentibus
668 237 701 265 ad
719 238 873 273 complures
887 238 957 268 dies.

175 297 184 312 ι
203 290 231 314 et
244 290 404 321 tempestate
418 293 473 312 non
489 285 587 320 exigua
603 284 777 317 imminente,
788 285 846 320 jam
870 284 960 312 ablata

177 341 185 356 ι
205 335 263 358 erat
277 332 366 358 omnis
379 337 442 365 spes
457 329 554 356 salutis
562 333 673 357 nostrae.
689 338 698 355 ι

210 432 220 448 ι
238 422 314 455 Quod
336 422 391 457 jam
403 420 500 456 jejunii
516 429 626 456 quoque
643 425 750 456 tempus
764 421 957 456 praeterisset.»

171 469 310 503 Jejunium
324 468 392 495 dicit
410 468 456 495 hic
489 467 657 495 Iudaeorum.
674 468 741 495 Nam
775 472 836 502 post
863 467 962 494 Pente-

172 521 266 544 costen
279 517 360 551 longo
375 520 496 550 tempore
511 515 574 542 inde
603 523 730 550 egressus
756 521 808 548 est,
837 515 906 542 adeo
932 519 963 542 ut

173 563 258 589 ferme
281 562 362 589 fuerit
382 562 480 594 hiems,
500 569 562 588 cum
587 561 620 588 ad
640 566 731 596 partes
744 561 831 588 Creta:
848 561 962 588 accede-

174 611 223 634 ret.
251 607 320 634 Ecce
342 614 416 633 nune
431 614 540 641 quoque
556 606 726 633 vaticinatur
739 606 850 638 Paulus,
868 605 962 632 dicens

172 653 213 680 eis
230 652 303 687 quod
317 652 490 686 naufragium
506 651 638 679 facerent.
658 651 692 678 Et
719 651 782 678 licet
797 659 851 678 non
874 651 962 678 conti-

172 700 243 734 gerit
272 699 312 726 eis
336 698 507 733 naufragium
523 706 585 725 cum
600 698 700 725 damno
715 697 868 724 animarum
885 697 961 732 juxta

172 745 259 779 ipsius
276 752 430 771 sermonem
445 753 451 770 :
466 744 519 771 hoc
540 749 629 771 tamen
641 748 745 771 natura:
757 751 839 771 cursu
854 744 963 770 evenis-

172 795 224 821 set,
239 790 292 816 nisi
312 789 385 816 Deus
404 794 598 823 pneservasset
620 797 627 816 :
645 792 758 823 propter
780 788 869 822 ipsum
885 787 960 815 enim

172 836 237 863 fecit
247 840 277 862 ut
294 836 331 863 illi
345 843 454 870 quoque
466 835 532 862 salvi
549 839 652 862 essent.
673 835 752 870 180
766 834 788 861 A
801 837 961 868 tempestate

173 881 265 915 itaque
281 881 383 907 factum
402 884 444 907 est
462 879 647 914 naufragium,
667 878 797 913 quoniam
811 877 961 904 vehemens

172 932 232 954 erat
249 927 380 961 procella.
397 927 484 961 Majus
500 931 592 954 autem
615 925 667 953 fuit
681 925 856 957 miraculum,
887 922 961 959 quod

173 972 219 1000 tali
238 978 360 1007 tempore
373 980 388 1000 e
401 973 500 1000 mediis
519 972 619 1000 servati
636 972 694 999 sint
713 971 853 1006 periculis,
864 974 891 998 et
904 970 962 1004 ipse

172 1019 320 1054 Apostolus
333 1024 362 1047 et
380 1026 492 1054 propter
513 1014 693 1046 eum‘czeteri.
711 1018 769 1046 Non
785 1025 851 1052 ergo
861 1016 962 1043 menti-

171 1070 216 1092 tus
239 1069 290 1092 est.
323 1075 331 1090 ι
351 1064 485 1092 Centurio
501 1072 566 1092 vero
590 1064 767 1099 gubernatori
780 1069 808 1091 et
832 1063 962 1090 nauclero

173 1111 258 1146 magis
275 1111 415 1138 credebat.
435 1121 444 1136 ι
469 1110 530 1138 Non
541 1110 655 1137 adhibet
683 1109 807 1136 animum
834 1108 962 1136 centurio

171 1155 214 1182 his
245 1163 306 1190 qua:
321 1163 335 1182 a
354 1155 440 1182 Paulo
455 1155 633 1187 dicebantur,
647 1154 763 1182 credens
774 1154 815 1181 eis
829 1153 877 1189 qui
894 1154 962 1180 artis

170 1199 315 1234 navigandi
325 1200 404 1234 periti
415 1204 508 1227 essent
518 1200 604 1234 magis
613 1207 694 1234 quam
704 1199 806 1226 vectori
819 1199 962 1233 inexperto

171 1245 211 1272 rei
233 1246 359 1277 nauticae,
374 1250 447 1272 etex
473 1245 526 1272 hoc
539 1245 621 1272 docet
645 1245 719 1280 quod
743 1245 845 1272 mentis
871 1245 963 1279 potius

170 1299 250 1318 error
284 1295 358 1318 esset
382 1298 465 1325 quam
494 1290 621 1318 fortunaa.
645 1290 714 1318 Cum
738 1291 811 1318 enim
837 1291 962 1318 naturale

171 1337 271 1370 cuique
292 1336 328 1362 sit
344 1335 466 1363 devitare
479 1336 614 1371 pericula,
628 1336 773 1371 doeetipsa
786 1337 959 1372 experientia

171 1389 205 1408 ne
216 1381 336 1415 scipsum
357 1381 494 1416 quispiam
509 1382 681 1416 praecipitet,
700 1390 762 1409 cum
782 1390 826 1410 res
837 1387 962 1418 apertum

171 1426 253 1453 afert
265 1426 430 1460 perieulum,
454 1432 481 1454 et
497 1426 608 1454 fortuna
619 1435 651 1454 ac
666 1426 752 1454 fatum
778 1427 813 1454 ad
836 1427 863 1454 id
888 1428 962 1462 quod

171 1473 318 1507 przevisum
340 1477 382 1500 est
410 1473 566 1500 obdormiat
594 1482 600 1500 :
620 1473 693 1508 quod
709 1473 731 1501 si
753 1475 835 1502 etiam
857 1475 961 1509 vigilet,

1015 244 1024 261 σ
1043 233 1136 261 πλοίου
1149 235 1315 270 ὲρῥίψαμεν.
1340 236 1416 270 Μὴτε
1442 235 1471 261 δὲ
1502 235 1578 270 ἡλίου
1602 235 1672 269 μήτε
1688 234 1806 268 ἄστρων

1014 290 1024 308 ‹
1045 281 1264 316 ἐπιφαινομένων
1278 281 1325 307 ἐπὶ
1336 281 1462 312 πλείονας
1483 280 1604 316 ἡμέρας,
1622 279 1762 314 χειμῶνός
1778 287 1809 305 τε

1016 336 1024 352 ι
1044 326 1095 353 οὐκ
1110 327 1201 360 ὀλίγου
1220 327 1395 360 ἐπικειμένου
1411 348 1417 360 ,
1434 326 1528 353 λοιπὺν
1542 327 1701 361 περιῃρεῖτο
1725 325 1809 351 πᾶσι

1014 381 1024 398 t
1045 372 1123 404 ἐλπὶς
1137 372 1185 398 τοῦ
1200 371 1333 404 σώζεσθαι
1348 373 1448 408 ἡμᾶς.»

1049 428 1059 444 ι
1080 419 1130 445 Διὰ.
1145 418 1174 445 τὸ
1197 419 1244 446 καὶ
1256 420 1306 454 τὴν
1329 419 1455 454 νηστείαν
1472 418 1521 453 ἤδη
1537 417 1772 453 παρεληλυθέναι.
1797 426 1805 441 ι

1012 465 1148 500 Νηστείαν
1160 465 1276 492 ἐνταῦθα
1289 465 1337 500 τὴν
1348 465 1401 491 τῶν
1413 464 1549 491 Ἰουδαίων
1564 465 1648 498 λέγει.
1658 463 1738 490 Μετὰ
1750 463 1808 498 γὰρ

1012 512 1062 546 τὴν
1078 511 1266 547 Πεντηκοστὴν
1280 511 1391 546 ἐξῆλθεν
1401 511 1504 537 ἐκεῖθεν
1516 510 1586 545 μετὰ
1598 510 1681 536 πολὺν
1693 509 1806 544 χρόνεν,

1013 558 1050 589 ὡς
1069 559 1098 584 ἐν
1113 557 1186 593 αὐτῷ
1201 558 1293 593 σχεδὸν
1307 557 1346 592 τῷ
1360 557 1474 593 χειμῶνι
1491 556 1693 591 παραγενέσθαι
1710 556 1755 587 εἰς
1771 556 1807 581 τὰ

1015 604 1085 639 μέρη
1100 605 1150 639 τῆς
1170 605 1292 639 Κρήτης.
1310 604 1376 630 Ίδοὺ
1393 604 1560 638 προφητεύει
1573 603 1621 630 καὶ
1636 602 1684 629 νῦν
1701 604 1716 629 6
1730 602 1808 629 Παῦ-

1013 650 1068 682 λος²
1084 651 1240 684 ναυαγῆσαι
1254 650 1340 684 λέγων
1352 650 1454 681 αὐτοῖς.
1476 649 1562 675 Είκαὶ
1580 649 1609 675 οὺ
1623 650 1735 683 γέγονεν
1759 648 1809 673 αύ-

1013 697 1068 727 τοῖς
1075 696 1143 730 μετὰ
1160 695 1260 731 ζημίας
1272 695 1365 730 ψυχῶν
1380 695 1410 722 τὸ
1424 695 1554 729 ναυάγιον
1570 695 1640 721 κατὰ
1654 694 1700 720 τὸν
1726 693 1808 726 λόγον

1013 741 1106 769 αὑτοῦ.
1121 741 1207 768 Τοῦτο
1220 743 1269 776 μὲν
1282 741 1336 776 γὰρ
1348 742 1409 768 ὅσον
1424 741 1495 767 κατὰ
1511 741 1560 774 τὴν
1577 741 1658 774 φύσιν
1669 739 1718 766 τοῦ
1734 741 1808 774 πρά-

1013 796 1117 823 γματος
1129 788 1238 822 ἐγένετο
1256 787 1300 821 ἂν,
1317 789 1341 814 εί
1365 788 1402 823 μὴ
1422 789 1435 814 6
1450 787 1650 824 656;_5té6wse.
1666 788 1705 812 Δι’
1722 787 1806 813 αὐτὸν

1014 835 1068 869 γὰρ
1083 834 1128 860 καὶ
1147 833 1268 866 ἐκείνους
1284 834 1450 868 διασωθῆναι
1468 834 1607 868 ἐποίησεν.
1622 833 1659 859 Τὸ
1678 833 1730 866 μὲν
1759 830 1806 858 οὖν

1013 879 1158 914 γενόμενον
1175 879 1307 912 ναυάγιον
1320 878 1373 905 ἀπὸ
1389 877 1437 904 τοῦ
1455 877 1551 913 καιροῦ
1567 877 1687 910 ἐγένετο,
1708 875 1805 908 ἐπειδὴ

1014 925 1100 960 μέγας
1115 923 1148 960 ἦν
1160 926 1173 951 6
1187 924 1301 960 χειμών.
1313 925 1348 950 Τὸ
1357 924 1385 951 δὲ
1400 923 1492 959 θαῦμα
1508 923 1608 958 μεῖζον,
1622 922 1662 948 ὅτι
1673 923 1701 948 έν
1716 921 1806 956 καιρῷ

1011 971 1123 1006 τοιούτῳ
1136 972 1168 997 ὲκ
1188 970 1277 1005 μέσων
1292 970 1433 1004 ἐσώθησαν
1449 969 1502 996 τῶν
1517 968 1658 999 κινδύνων,
1676 967 1762 997 αὑτός
1776 975 1806 992 τε

1012 1018 1025 1044 ὁ
1039 1017 1210 1049 ’Λπόστολος,
1227 1017 1274 1043 καὶ
1291 1016 1325 1043 δι’
1350 1015 1431 1042 αὑτὸν
1455 1015 1480 1041 οἱ
1496 1014 1595 1041 λοιποί.
1608 1014 1691 1040 Ὥστε
1716 1013 1748 1038 ού
1765 1011 1806 1038 δι-

1013 1063 1170 1097 έψευσταιΛ
1182 1063 1243 1090 Ὀδὲ
1259 1061 1460 1098 ἑκατοντάρχης
1472 1061 1510 1096 τῷ
1524 1060 1678 1095 κυὸερνήτῃ
1698 1060 1750 1085 καῖ.
1767 1058 1804 1092 τῷ

1012 1109 1157 1144 ναυκλήρῳ
1169 1108 1302 1135 ἐπείθετο.
1318 1117 1328 1134 ι
1345 1108 1382 1134 Οὺ
1394 1107 1523 1142 προσέχει
1533 1107 1588 1137 τοῖς
1604 1105 1655 1132 ὑπὸ
1670 1104 1719 1131 τοῦ
1735 1104 1806 1130 Παύ-

1012 1156 1057 1182 λου
1071 1155 1229 1190 λεγομένοις
1246 1155 1260 1181 ὁ
1273 1153 1486 1188 ἑκατοντάρχης,
1505 1152 1665 1187 πειθόμενος
1682 1152 1743 1181 τοῖς
1758 1151 1806 1184 έμ-

1013 1201 1118 1236 πείρως
1141 1201 1232 1236 ἔχουσι
1251 1199 1350 1235 μᾶλλον
1379 1199 1448 1234 πρὸς
1466 1198 1497 1224 τὸ
1530 1197 1617 1229 πλεῖν,
1645 1195 1662 1232 ἢ
1682 1195 1804 1230 ἑπιϐἀτῃ

1012 1248 1120 1282 ἀπείρῳ
1133 1246 1274 1280 ναυτικῆς.
1290 1246 1345 1272 Καὶ
1359 1246 1391 1272 ὲκ
1405 1245 1501 1271 τούτου
1517 1243 1649 1275 διδάσκει,
1663 1243 1705 1269 ὃτι
1731 1241 1804 1275 γνώ-

1015 1301 1068 1328 μης
1089 1292 1147 1318 ἐστὶ
1164 1291 1210 1318 καὶ
1228 1291 1258 1318 οὐ
1275 1291 1360 1326 τύχης
1372 1290 1401 1317 τδ
1414 1290 1576 1325 ἁμάρτημα.
1592 1288 1656 1315 Ὀτι
1673 1287 1733 1323 γὰρ
1750 1286 1806 1313 ἐστι

1016 1339 1088 1368 κατὰ
1104 1339 1185 1374 φύσιν
1203 1340 1333 1374 ἐκφυγεῖν
1350 1338 1480 1369 κίνδυνον,
1499 1337 1567 1372 αὑτὴ
1587 1337 1604 1371 ἡ
1632 1336 1716 1370 πεῖρα
1733 1333 1805 1359 616i-

1014 1395 1075 1413 σκει
1094 1385 1132 1420 μὴ
1147 1385 1383 1421 κατακρημνίζειν
1399 1384 1496 1411 ἑαυτόν
1507 1391 1578 1415 τινα,
1593 1382 1630 1413 ὡς
1649 1379 1805 1415 ἀναμφιδό-

1013 1434 1066 1465 λως
1090 1434 1136 1461 τοῦ
1154 1433 1318 1469 πράγματος
1345 1432 1468 1458 κίνδυνον
1488 1430 1630 1466 φέροντος,
1649 1429 1700 1463 τῆς
1717 1428 1805 1462 τύχης

1015 1480 1242 1515 καὶεὶμσιρμένης
1270 1478 1387 1505 ἐπὶτῶν
1409 1476 1555 1513 προῦπτων
1570 1475 1760 1510 κοιμωμένης,
1784 1473 1799 1507 ἢ

171 1518 240 1545 nihil
256 1523 345 1546 tamen
358 1519 466 1554 operari
478 1523 568 1553 potest
590 1519 723 1546 adversus
747 1519 888 1546 hominum
914 1528 959 1547 vo-

1020 1526 1206 1562 γρηγορούσης
1227 1525 1287 1560 μὲν,
1317 1524 1399 1560 μηδὲν
1416 1524 1443 1550 δὲ
1466 1522 1617 1557 δυναμένης
1634 1520 1804 1555 ἀντιπρᾶξα-

170 1563 303 1591 luntatem
319 1568 347 1591 et
364 1564 530 1591 electionem
548 1573 554 1590 :
569 1572 622 1599 qua
647 1572 742 1599 opera,
761 1573 822 1600 quae
843 1562 877 1592 'sc
899 1573 965 1593 con-

172 1614 301 1642 cernunt,
341 1609 592 1644 quomodocunque
622 1610 762 1638 voluerint
801 1610 906 1638 ducunt
932 1619 963 1639 ac

171 1655 298 1689 rapiunt:
320 1655 551 1689 quemadmodum
566 1655 647 1682 etiam
691 1655 710 1683 ii
727 1656 850 1691 quicum
876 1657 961 1684 Paulo

171 1708 286 1735 peregre
302 1701 428 1735 agebant.
445 1701 521 1728 Adeo
536 1701 610 1728 enim
627 1702 665 1728 illi
686 1710 720 1729 ex
739 1702 882 1730 voluntate
891 1711 959 1738 ope-

172 1746 315 1778 rabantur,
329 1751 359 1772 ut
383 1745 527 1773 confestim
553 1751 664 1774 ventum
682 1748 752 1774 nacti
786 1756 960 1783 prosperum,

172 1791 326 1826 gaudentes
340 1792 480 1826 prosecuti
507 1792 785 1828 sintnavigationem.
812 1795 959 1822 Sciendum

172 1842 264 1865 autem
295 1838 370 1873 quod
396 1839 511 1865 verbum
544 1839 742 1875 ἀντοφθαλμεῖν
775 1840 859 1875 (quod
877 1846 961 1869 meta~

173 1884 286 1919 phorice
303 1884 438 1912 vertimus
457 1885 555 1917 obniti,
575 1886 689 1920 proprie
702 1890 794 1914 autem
825 1887 962 1922 signiﬁcat

171 1938 202 1957 ex
224 1930 339 1958 adverso
354 1931 483 1963 intueri),
500 1939 533 1958 ex
558 1931 688 1959 dictionis
712 1932 890 1967 proprietate,
905 1942 961 1962 non

1020 1573 1082 1599 σθαι
1097 1572 1168 1599 κατὰ
1184 1572 1232 1607 τῆς
1250 1571 1437 1606 προαιρέσεως
1449 1570 1502 1596 τῶν
1516 1568 1678 1604 ἀνθρώπων,
1700 1566 1764 1593 καθ’
1774 1567 1803 1599 ἦν

1016 1619 1054 1650 ὡς
1065 1618 1097 1646 ἂν
1111 1618 1259 1654 βούλωνται
1273 1618 1307 1643 τὰ
1326 1617 1367 1651 ἐφ’
1387 1617 1493 1647 ἑαυτοῖς
1523 1615 1676 1650 πράγματα
1695 1613 1802 1646 ἄγουσι,

1015 1665 1062 1690 καὶ
1077 1664 1218 1699 φέρουσιν,
1231 1663 1268 1695 ὡς
1279 1663 1326 1689 καὶ
1341 1663 1366 1688 οἱ
1384 1662 1432 1688 σὺν
1446 1661 1485 1696 τῷ
1500 1659 1599 1695 Παύλῳ
1610 1658 1801 1694 ἐκδημοῦντες.

1015 1709 1093 1736 Οὕτω
1115 1710 1170 1745 γὰρ
1197 1710 1268 1736 κατὰ
1285 1709 1445 1744 προαίρεσιν
1465 1707 1610 1742 ἔπραττον,
1639 1705 1679 1732 ὅτι
1702 1704 1803 1732 εὐθέως

1016 1755 1168 1791 ἐπιτηδείου
1185 1755 1314 1790 τυχόντες
1341 1755 1442 1790 ἀνέμου
1458 1753 1599 1789 χαίροντες
1630 1752 1742 1786 διήνυον
1760 1749 1802 1776 τὶν

1015 1801 1109 1828 πλοῦν.
1131 1801 1230 1827 ’ἰστέον
1245 1800 1272 1826 δὲ
1289 1801 1330 1827 ὅτι
1343 1800 1374 1826 τδ
1401 1797 1626 1833 ἀντοφθαλμεῖν
1639 1798 1687 1823 ἐπὶ
1706 1795 1800 1822 πλοίου

1015 1847 1104 1881 λέγειν
1118 1847 1167 1874 οὐκ
1184 1846 1241 1873 ἑστι
1264 1846 1445 1883 κυριολεξίας.
1460 1845 1545 1872 Τοῦτο
1561 1845 1616 1879 γὰρ
1639 1844 1686 1870 ἐπὶ
1699 1841 1803 1876 ἀνθρώ-

1016 1901 1067 1919 που
1087 1892 1168 1928 μόνον
1185 1892 1312 1927 ἁρμόζει.
1326 1891 1409 1918 Ὥστε
1425 1892 1454 1918 οὒ
1472 1891 1513 1917 δεῖ
1524 1888 1711 1924 κυριολεκτεϊν
1723 1887 1803 1913 ἀπαι-

1015 1939 1071 1964 τεῖν
1084 1938 1128 1965 ἀεὶ
1141 1938 1190 1971 τὴν
1208 1938 1331 1973 Γραφήν.

171 1977 271 2004 dicitur
282 1977 315 2004 dc
328 1977 445 2011 navigio,
458 1977 506 2004 sed
523 1978 629 2004 homini
649 1981 754 2005 tantum
782 1981 920 2015 congruit.
941 1982 1035 2018 Itaque
1049 1992 1104 2012 non
1120 1988 1374 2019 oportetpernetuo
1388 1982 1558 2017 Scripturam
1573 1988 1606 2009 ex
1631 1979 1800 2016 proprietate

172 2032 269 2051 vocum
293 2024 461 2052 examinare.

206 2069 314 2102 XXVII,
338 2070 429 2096 2L“.
449 2079 458 2095 (
478 2070 547 2097 Cum
581 2075 673 2098 autem
700 2072 786 2099 multa
806 2073 861 2108 jam
888 2080 961 2103 esset

175 2126 184 2143 ι
202 2116 304 2148 inedia,
332 2121 399 2144 tunc
429 2121 505 2144 stans
535 2116 638 2144 Paulus
665 2117 692 2144 in
725 2119 816 2146 medio
838 2128 933 2148 eorum
951 2140 959 2153 ,

174 2174 184 2189 ο
200 2165 288 2191 dixit:
311 2163 462 2199 Oportebat
485 2163 608 2198 quidem,
623 2172 640 2192 ο
654 2164 716 2197 viri.
737 2165 831 2193 audito
847 2175 958 2195 menon

174 2219 183 2235 ι
200 2210 307 2237 solvere
323 2217 337 2236 a
367 2209 462 2241 Creta,
490 2217 541 2236 nec
567 2217 709 2238 accersere
732 2211 812 2238 nobis
831 2211 959 2247 injuriam

174 2265 183 2281 ι
203 2255 272 2282 hanc
292 2260 320 2282 et
332 2256 479 2290 jacturam.
492 2255 526 2283 Et
540 2264 615 2283 nunc
626 2256 724 2284 hortor
739 2261 768 2283 ut
784 2257 856 2285 bono
868 2259 959 2286 animo

175 2309 183 2326 ι
204 2301 283 2328 sitis:
299 2301 404 2336 jactura
429 2301 502 2327 enim
518 2301 622 2328 nullius
637 2302 735 2329 anima:
754 2303 846 2330 eritex
859 2303 936 2331 vobis
951 2324 957 2337 ,

175 2354 183 2369 ι
201 2344 248 2371 sed
277 2350 382 2372 tantum
405 2346 493 2372 naris.
525 2346 618 2373 As‘itit
640 2347 712 2373 enim
736 2348 803 2375 mihi
816 2348 866 2376 hac
879 2354 958 2377 nocte

174 2400 183 2415 ι
202 2391 316 2425 angelus
340 2390 399 2422 Dei,
422 2391 500 2425 cujus
523 2399 582 2417 sum
606 2399 656 2426 ego
684 2397 712 2420 et
725 2400 806 2428 quem
826 2394 897 2426 culo,
915 2395 958 2421 di-

175 2444 184 2460 ι
202 2443 267 2462 cens
284 2445 290 2462 :
313 2436 351 2462 Ne
368 2435 476 2469 timeas,
498 2436 592 2468 Paule,
603 2436 703 2464 Ctesari
726 2443 751 2465 te
763 2439 822 2466 sisti
841 2444 958 2474 oportet.

174 2490 183 2506 ‹
201 2481 234 2508 Ει
250 2488 313 2507 ecce
338 2480 450 2508 donavit
465 2481 514 2508 tibi
537 2482 609 2509 Deus
640 2490 738 2510 omnes
760 2483 807 2518 qui
831 2484 960 2518 navigant

174 2537 182 2552 ι
202 2532 290 2554 tecum
307 2536 313 2553 :
329 2530 443 2562 propter
467 2527 540 2562 quod
568 2528 641 2555 bono
668 2529 761 2556 animo
783 2533 882 2561 estote,
895 2530 957 2557 viri.

174 2584 182 2599 ι
200 2574 289 2601 Credo
300 2573 373 2600 enim
397 2573 452 2600 Deo
467 2574 541 2608 quod
556 2575 597 2601 sic
630 2575 696 2608 erit,
726 2575 958 2609 quemadmodum

173 2630 181 2643 σ
201 2620 303 2647 dictum
325 2624 367 2647 est
394 2621 472 2647 mihi.
492 2621 520 2648 lu
545 2621 692 2656 quamdam
719 2626 811 2648 autem
840 2621 959 2648 insulam

173 2674 181 2688 ι
207 2669 317 2699 oportet
345 2673 395 2692 nos
417 2666 488 2701 ejici.
516 2666 569 2693 Sed
599 2670 779 2700 posteaquam
808 2666 959 2701 quartade-

173 2719 180 2732 ι
200 2710 269 2737 cinna
291 2718 345 2737 nox
381 2711 552 2745 supervenit,
588 2711 782 2746 navigantibus
823 2712 903 2738 nobis
931 2712 958 2739 in

173 2756 182 2779 ι
200 2755 280 2783 Adria
303 2757 378 2783 circa
391 2757 510 2783 medium
525 2759 625 2789 noctis,
645 2757 858 2792 suspicabantur
870 2763 960 2785 nauta:

173 2809 182 2824 ι
204 2801 282 2834 181
302 2809 435 2836 apparere
462 2803 514 2829 sibi
539 2803 658 2838 aliquam
685 2803 824 2839 regionem
840 2805 906 2840 :qui
931 2809 959 2832 et

173 2855 183 2872 ι
201 2845 320 2874 demissa
340 2847 432 2875 bolide
465 2853 628 2884 repererunt
652 2857 750 2886 passus
780 2851 898 2887 viginti:
922 2859 958 2888 ac

1053 2085 1062 2101 ι
1088 2074 1194 2109 Πολλῆς
1214 2074 1242 2100 δὲ
1258 2073 1365 2105 ἀσιτίας
1378 2072 1567 2108 ὑπαρχούσης,
1590 2071 1651 2098 τότε
1667 2071 1798 2102 σταθεὶςό

1017 2131 1026 2147 l
1048 2121 1153 2152 Παῦλος
1164 2121 1192 2147 ὲν
1205 2120 1281 2155 μέσῳ
1293 2119 1394 2151 αὐτῶν,
1405 2117 1491 2145 εἶπεν·
1505 2118 1578 2144 Ἔδει
1589 2118 1648 2152 μὲν,
1661 2113 1682 2143 ὧ
1695 2117 1797 2151 ἄνδρες,

1015 2176 1025 2191 ι
1047 2165 1285 2201 πειθαρχήσαντάς
1301 2174 1347 2199 μοι
1366 2164 1403 2200 μὴ
1418 2163 1567 2198 ἀνάγεσθαι
1586 2163 1640 2189 ἀπὸ
1660 2162 1712 2197 τῆς
1729 2162 1798 2196 Κρή-

1018 2220 1026 2236 t
1047 2219 1107 2244 της,
1118 2211 1249 2246 κερδῆσαί
1263 2219 1293 2237 τε
1303 2210 1351 2245 τὴν
1364 2209 1442 2245 ὕϐριν
1453 2210 1555 2244 ταύτην
1568 2211 1615 2235 καὶ
1624 2209 1673 2244 τὴν
1689 2208 1796 2243 ζημίαν.

1017 2266 1026 2283 t
1047 2257 1101 2283 Καὶ
1127 2256 1161 2283 τὰ
1177 2256 1225 2282 νῦν
1251 2256 1377 2290 παραινῶ
1402 2255 1475 2291 ὑμᾶς
1503 2255 1642 2290 εὐθυμεῖν.
1668 2252 1797 2286 Ἀποεολὴ

1016 2314 1024 2329 ι
1044 2303 1098 2338 γὰρ
1111 2303 1199 2338 ψυχῆς
1207 2302 1267 2328 οὐδὲ
1278 2301 1325 2337 μία
1335 2301 1411 2328 ἔσται
1426 2300 1455 2333 ἐξ
1466 2301 1552 2336 ὑμῶν,
1562 2300 1630 2336 πλὴν
1637 2300 1684 2326 τοῦ
1697 2299 1794 2326 πλοίου.

1017 2361 1025 2376 ι
1047 2350 1174 2384 Παρέστη
1199 2349 1253 2384 γάρ
1284 2358 1328 2383 μοι
1345 2350 1377 2384 τῇ
1405 2350 1483 2376 νυκτὶ
1507 2348 1595 2383 ταύτῃ
1621 2347 1737 2382 ἄγγελος
1752 2344 1794 2371 τού

1017 2406 1025 2420 ι
1046 2395 1124 2426 Θεοῦ,
1140 2392 1169 2421 οὗ
1181 2395 1249 2428 εἰμι,
1267 2391 1289 2428 ᾧ
1309 2395 1357 2421 καὶ
1367 2394 1501 2429 λατρεύω,
1518 2394 1606 2427 λέγων
1617 2402 1624 2410 '
1640 2394 1686 2428 Μὴ
1702 2391 1791 2426 φοσοῦ.

1017 2449 1025 2465 ι
1047 2439 1148 2471 Παῦλε,
1165 2440 1284 2473 Καίσαρί
1299 2448 1328 2465 σε
1349 2440 1389 2466 δεῖ
1406 2440 1591 2474 παραστῆναι,
1612 2440 1666 2466 Καὶ
1683 2439 1736 2465 ἰδοὺ
1756 2446 1796 2464 κε-

1016 2494 1025 2510 (
1048 2484 1176 2520 χάρισταί
1195 2493 1236 2510 σοι
1259 2485 1272 2510 6
1287 2484 1353 2515 Θεὸς
1370 2484 1474 2515 πάντας
1492 2484 1555 2516 τοὺς
1581 2485 1714 2516 πλέοντας
1733 2483 1795 2518 μετὰ

1016 2541 1025 2557 ι
1047 2531 1107 2559 σοῦ.
1122 2531 1167 2557 Διὸ
1181 2530 1336 2565 εὐθυμεῖτε,
1349 2531 1455 2567 ἄνδρες.
1469 2531 1594 2558 Πιστεύω
1608 2531 1663 2566 γὰρ
1679 2530 1718 2565 τῷ
1731 2529 1794 2563 Θεῷ,

1017 2586 1025 2603 ι
1045 2577 1086 2603 ὅτι
1103 2576 1190 2608 οὓτως
1213 2576 1300 2608 ἔσται,
1323 2576 1385 2603 καθ’
1413 2576 1442 2603 ὃν
1455 2576 1555 2611 τρόπον
1580 2575 1726 2610 λελάληταί
1743 2582 1792 2610 μοι.

1017 2632 1024 2648 1
1047 2622 1093 2654 Εἰς
1107 2623 1189 2657 νῆσον
1202 2622 1229 2648 δέ
1245 2630 1305 2648 τινα
1320 2622 1360 2648 δεῖ
1370 2623 1443 2657 ἡμᾶς
1457 2623 1592 2649 ἐκπεσεῖν.
1610 2623 1655 2653 Ὠς
1665 2622 1692 2648 δὲ
1705 2629 1795 2648 τεσσαα

1016 2679 1025 2694 ‹
1047 2669 1248 2704 ρεσκαιδεκάτη
1263 2668 1312 2702 νὺξ
1325 2669 1444 2701 ἐγένετο,
1459 2669 1664 2704 διαφερομένων
1679 2667 1755 2702 ἡμῶν
1769 2667 1794 2691 Iv

1016 2723 1024 2739 ι
1049 2714 1193 2750 τῷἈδρίᾳ
1219 2714 1289 2741 κατὰ
1308 2714 1394 2749 μέσον
1410 2715 1459 2749 τῆς
1485 2714 1592 2747 νυκτῦς,
1618 2714 1748 2740 ὑπενόουν
1771 2711 1793 2736 οἱ

1016 2771 1025 2786 ‹
1049 2761 1146 2787 ναῦται
1162 2760 1308 2796 προσάγειν
1325 2761 1387 2787 τινὰ
1401 2761 1493 2793 αὐτοῖς
1522 2761 1625 2796 χώραν.
1652 2761 1707 2786 Καὶ
1728 2757 1793 2794 βολί-

1016 2817 1024 2832 ι
1051 2815 1157 2838 σαντες,
1173 2803 1251 2842 εὖρον
1267 2806 1382 2842 ὀργυιὰς
1397 2807 1494 2834 εἴκοσι.
1523 2807 1613 2842 Βραχῦ
1639 2807 1667 2833 δὲ
1688 2805 1792 2838 διαπή-

1017 2863 1026 2881 ‹
1048 2861 1155 2887 σαντες,
1173 2854 1219 2880 καὶ
1236 2854 1316 2881 πάλιν
1331 2853 1487 2889 βολίσαντες
1502 2851 1581 2889 εὖρον
1596 2854 1709 2889 ὀργυιὰς
1720 2854 1792 2880 651l-
