1881 3051
140 128 204 160 “299

697 139 863 171 (ECUMEN
870 142 895 170 ll
910 142 1053 172 'l‘RlCCE
1074 144 1180 174 EPISC
1186 144 1247 175 0P1

1716 151 1770 182 300

154 185 310 214 Verisimile
327 192 369 215 est
381 196 428 216 eos
445 198 557 218 causam
586 192 767 229 interrogasse
794 204 843 223 cur
859 198 928 224 navi-

990 197 1104 232 ἀριθμός
1118 207 1125 230 ;
1145 199 1224 231 Εἰκὸς
1237 197 1270 235 ἦν
1287 200 1384 233 αὐτοὺς
1400 202 1507 238 ἐρωτᾷν
1521 203 1570 239 τὴν
1580 203 1670 231 αἰτίαν
1688 206 1722 233 δι’
1737 209 1770 242 ἣν

149 238 296 268 garent,et
309 234 345 261 ita
358 236 448 263 omnia
463 236 603 265 didicisse.

182 303 290 337 XXVII,
301 304 397 338 42-45;
405 305 546 336 XXXVIII,
557 306 599 334 l-ﬁ
605 305 769 334 0.1Militum
777 313 866 336 autem
876 318 937 337 con-

153 362 161 377 ‹
176 353 268 379 silium
279 357 347 384 erat,
358 356 388 380 ut
403 353 510 380 vinctos
537 352 704 386 occiderent,
730 362 765 382 ne
776 355 848 389 quis,
873 363 934 382 cum

152 407 161 422 ‹
179 398 479 432 enatasset,eﬂ‘ugeret.
495 399 532 425 At
551 398 678 426 centurio
707 400 801 427 volens
826 407 935 428 servare

151 452 160 468 ι
180 444 303 475 Paulum,
311 444 480 478 compescuit
490 451 537 471 eos
548 452 563 471 a
571 445 699 472 consilio:
708 446 842 481 jussitque
851 447 934 481 utqui

151 498 160 514 ‹
178 493 290 524 possent
300 490 563 526 natare,abjiccrent
577 499 606 518 se
617 491 731 526 primos,
741 495 769 519 et
785 492 811 519 in
832 496 934 519 terram

151 545 161 560 ‹
181 536 341 568 evaderent,
357 536 503 571 caaterique
518 537 619 571 partim
632 537 659 564 in
674 537 783 569 tabulis,
796 538 894 572 partim
907 538 933 565 iu

151 590 160 606 ι
183 581 348 615 quibusdam
367 582 446 609 navis
459 581 627 617 fragmentis.
643 582 677 609 Et
699 583 739 609 sic
755 582 856 610 factum
881 588 932 616 est,

151 636 159 650 ‹
182 631 211 653 ut
219 634 314 654 omnes
328 627 480 654 incolumes
488 627 638 654 evaderent
651 627 678 654 in
691 632 801 655 terram.
811 627 934 663 Cumque

148 681 158 697 ‹
177 673 339 705 evasissent,
355 677 421 701 tunc
434 677 622 708 cognoverunt
639 674 712 709 quod
726 674 817 702 Melite
844 674 932 702 insula

148 727 158 743 ι
177 724 331 746 vocaretur.
344 719 455 746 Barbari
470 727 535 746 vero
551 719 778 753 praestabantnon
792 721 931 756 vulgarem

149 773 157 788 ι
176 764 375 792 humanitatem
391 765 480 792 nobis.
501 764 623 792 Accensa
649 773 767 801 namque
781 775 846 802 pyra
862 768 932 795 reci-

149 819 157 834 σ
176 810 287 841 piebant
299 818 351 837 nos
364 818 470 842 omnes,
487 816 601 846 propter
614 811 730 840 imbrem
755 813 802 848 qui
818 813 932 848 impres-

148 864 157 881 ι
174 860 245 882 serat
259 864 319 888 nos,
332 862 359 883 et
374 861 485 891 propter
500 857 595 892 frigus.
606 850 728 893 Cumque
741 865 931 894 congregasset

149 911 157 926 ι
177 902 278 928 Paulus
304 909 509 930 sarmentorum
538 904 754 937 multitudinem,
784 909 812 932 et
841 906 929 940 impo-

149 958 157 972 ι
174 947 275 974 suisset
301 949 327 975 in
343 949 443 983 ignem,
473 950 566 984 vipera
583 957 596 976 a
613 951 703 977 calore
721 958 872 985 prorepens
887 952 929 978 in-

147 1003 158 1018 ‹
175 994 243 1020 rasit
261 1001 371 1020 manum
393 994 465 1028 ejus.
479 994 514 1022 Ut
545 1000 636 1022 autem
662 996 791 1023 viderunt
816 997 930 1025 Barbari

149 1047 157 1062 ‹
176 1038 339 1072 pendentem
374 1039 489 1066 bestiam
519 1040 554 1067 de
576 1048 659 1068 manu
685 1042 755 1077 ejus,
775 1041 849 1069 inter
870 1050 931 1070 sese

148 1093 157 1108 ι
177 1083 306 1112 dicebant
322 1094 328 1112 ε
343 1085 458 1113 Omnino
470 1086 608 1114 homicida
623 1092 665 1115 est
680 1088 761 1115 homo
777 1089 832 1120 bic,
848 1097 930 1124 quem

147 1138 156 1154 ‹
175 1135 313 1156 servatum
327 1138 341 1157 e
354 1131 424 1158 mari
451 1131 520 1158 ultio
537 1140 591 1158 non
607 1133 786 1160 sinitvivere.
803 1134 882 1170 183
897 1135 930 1162 Et

147 1173 217 1201 «ille
249 1175 359 1209 quidem
388 1184 502 1204 excussa
538 1177 564 1203 in
603 1178 692 1213 ignem
731 1179 835 1214 vipera,
860 1180 929 1207 nihil

145 1227 156 1244 σ
175 1220 237 1246 mali
265 1228 360 1254 passus
381 1225 432 1248 est.
459 1222 494 1249 At
520 1222 559 1249 illi
579 1223 774 1251 existimabant
794 1224 927 1257 futurum,

147 1273 157 1290 ι
176 1270 206 1292 ιιι
220 1265 414 1294 incenderetur
425 1272 473 1294 aut
491 1268 650 1297 concideret
662 1273 775 1304 rep‘ente
793 1275 927 1298 mortuus.

146 1320 156 1336 ‹
175 1311 226 1338 Diu
249 1316 341 1340 autent
371 1313 424 1341 illis
448 1315 673 1349 exspectantibus
698 1323 730 1342 ac
755 1315 928 1343 intuentibus

145 1365 157 1381 ‹
175 1356 244 1383 nihil
261 1357 325 1384 tnali
342 1357 379 1384 illi
393 1358 530 1390 accidere,
559 1364 661 1386 mutata
684 1364 774 1387 mente
801 1360 929 1388 dicebant

145 1411 155 1427 ί
173 1402 262 1436 ipsum
272 1410 332 1430 esse
346 1404 442 1431 Deum.
457 1404 487 1431 ln
510 1405 578 1432 locis
605 1409 694 1432 autem
708 1406 761 1433 illis
773 1410 852 1433 erant
862 1415 928 1441 prte-

144 1456 154 1473 ι
173 1447 216 1474 dia
239 1449 348 1483 primati
363 1449 460 1477 insulae
473 1450 584 1477 nomine
596 1449 703 1483 Publio,
728 1452 775 1486 qui
791 1459 928 1480 nosexce~

144 1503 153 1518 ι
172 1499 234 1528 ptos
255 1495 347 1522 triduo
360 1495 477 1530 benigne
505 1497 631 1523 tractavit
649 1497 779 1532 hospitio.
808 1497 928 1533 Contigit

990 243 1112 277 πλέουσι,
1130 244 1176 271 καὶ
1195 245 1290 280 μαθεῖν
1304 247 1402 273 πάντα.

1026 318 1035 334 ι
1054 309 1114 335 Τῶν
1128 310 1156 335 δὲ
1170 312 1346 345 στρατιωτῶν
1359 311 1440 348 βουλὴ
1456 314 1574 348 ἐγένετο,
1588 315 1632 341 ἴνα
1649 316 1714 347 τοὺς
1724 316 1767 342 δε-

991 363 999 380 ι
1021 355 1131 390 σμώτας
1139 357 1330 390 ἀποκτείνωσι,
1346 359 1382 394 μή
1394 368 1435 391 τις
1447 360 1659 396 ὲκκολυμὸήσας
1671 362 1770 397 διαφυ-

990 411 999 426 ‹
1020 409 1073 434 γοι.
1094 401 1123 427 '0
1137 401 1165 428 δὲ
1181 402 1381 438 ἑκατόνταρχος
1399 405 1562 440 βουλόμενος
1580 406 1710 434 διασῶσαι
1726 409 1769 434 τὸν

990 457 998 472 ι
1021 446 1136 478 Παῦλον,
1159 447 1295 474 ἐκώλυσεν
1310 450 1409 481 αὐτοὺς
1422 451 1469 477 τοῦ
1487 451 1668 487 βουλήματος.
1692 455 1768 481 Ἐκὲ‹

989 503 998 518 ‹
1017 493 1095 520 λευσέ
1108 502 1138 520 τε
1154 495 1217 525 τοὺς
1225 494 1393 528 δυναμένους
1407 497 1547 533 κολυμὸᾷν
1562 499 1769 535 ἀπορρίψαντας

989 548 997 563 ι
1019 539 1144 573 πρώτους
1162 539 1208 566 ἐπὶ
1226 540 1276 575 τὴν
1297 541 1347 576 γῆν
1365 540 1476 574 ἐξιέναι,
1495 544 1542 570 καὶ
1557 545 1620 577 τοὺς
1646 546 1767 578 λοιποὺς,

989 591 997 607 ι
1017 582 1064 614 οὒς
1079 583 1129 618 μὲν
1153 584 1199 610 ἐπὶ
1223 585 1339 617 σανίσιν,
1356 585 1402 618 οὓς
1417 587 1446 613 δὲ
1462 588 1508 614 ὲπί
1539 597 1620 616 τινων
1645 591 1700 617 τῶν
1716 593 1769 618 ἀπὸ

989 636 997 652 ι
1016 627 1063 654 τοῦ
1081 628 1185 655 πλοίου.
1200 630 1255 656 Καὶ
1266 629 1352 662 οὕτως
1367 631 1475 665 ἐγένετο
1488 633 1594 666 πάντας
1603 634 1767 670 διασωθῆναι

989 682 998 698 ι
1019 673 1065 700 ἐπὶ
1081 673 1129 709 τὴν
1156 676 1218 710 γῆν.
1233 675 1288 702 Καὶ
1314 676 1504 710 διασωθέντες,
1521 680 1581 705 τότε
1599 681 1767 714 ἐπέγνωσαν,

987 727 996 743 ι
1015 719 1056 745 ὅτι
1067 719 1198 755 Μελίτηὴ
1214 721 1293 755 νῆσος
1307 722 1439 750 καλεῖται.
1458 725 1488 750 Ol
1503 724 1531 751 δὲ
1545 725 1683 761 Βὰρὸαροι
1697 736 1734 753 πα
1742 737 1769 762 ρ-

987 773 996 789 (
1016 765 1087 799 εἶχον
1111 765 1141 792 οὐ
1155 765 1204 801 τὴν
1227 767 1361 801 τυχοῦσαν
1391 769 1596 805 φιλανθρωπίαν
1613 774 1690 807 ἡμῖν.
1709 775 1769 800 Ἀν-

986 819 995 834 ι
1018 809 1136 844 ἅψαντες
1156 811 1209 846 γὰρ
1225 813 1325 847 πυρὰν,
1342 815 1542 849 προσελάϐοντο
1557 817 1659 851 πάντας
1682 821 1767 854 ἡμᾶς,

948 878 967 905 Β
986 863 995 880 ‹
1013 855 1057 882 διὰ
1085 856 1130 882 τὸν
1147 857 1223 884 ὑετὸν
1241 858 1392 892 ἐφεστῶτα,
1412 861 1460 887 καὶ
1484 862 1528 888 διὰ
1557 863 1587 889 τὸ
1606 864 1703 899 ψύχοῖ.
1719 867 1769 892 Συ-

986 910 995 926 ‹
1017 901 1182 936 στρέψαντος
1196 903 1225 929 δὲ
1239 904 1286 930 τοῦ
1304 905 1410 932 Παύλου
1427 907 1576 942 φρυγάνων
1592 909 1705 944 πλῆθος,
1723 913 1768 938 καὶ

985 955 995 972 ί
1013 946 1151 979 ἐπιθέντος
1172 948 1217 975 ἐπὶ
1232 949 1282 984 τὴν
1303 951 1404 986 πυρὰν,
1428 952 1520 988 ἔχιδνα
1538 955 1570 980 ἐκ
1587 955 1636 989 τῆς
1662 956 1767 991 θέρμης

986 1002 994 1017 ι
1013 993 1167 1026 ἐξελθοῦσα,
1185 994 1292 1030 καθῆψε
1312 997 1362 1030 τῆς
1376 998 1465 1033 χειρὸς
1484 999 1577 1026 αὑτοῦ.
1599 1000 1642 1032 Ὠς
1655 1002 1685 1028 δὲ
1699 1001 1767 1029 εἶδον

985 1048 994 1064 ι
1013 1040 1038 1066 οἱ
1054 1039 1191 1075 Βάρῦαροι
1205 1041 1380 1076 κρεμάμενον
1396 1044 1426 1069 τὸ
1440 1044 1534 1079 θηρίον
1551 1047 1583 1072 ἐκ
1605 1047 1657 1080 τῆς
1676 1048 1766 1082 χειρός

985 1093 993 1108 ι
1014 1083 1108 1116 αὑτοῦ,
1138 1085 1232 1119 ἔλεχον
1252 1088 1320 1122 προς
1348 1088 1494 1124 ἀλλήλους·
1528 1091 1640 1124 Πάντως
1670 1095 1767 1127 φονεύς

984 1140 993 1155 ι
1013 1131 1087 1157 ἐστιν
1098 1132 1111 1157 ὀ
1122 1131 1266 1167 ἄνθρωπος
1278 1131 1366 1166 οὗτος,
1377 1135 1407 1161 ὂν
1423 1135 1590 1164 διασωθέντα
1604 1138 1636 1164 ἐκ
1650 1139 1701 1173 τῆς
1718 1140 1765 1166 01-

985 1185 993 1200 ι
1014 1175 1118 1211 λάσσης
1145 1178 1160 1211 ἡ
1178 1177 1238 1212 δίκη
1250 1178 1299 1213 ζῇν
1315 1180 1365 1205 οὐκ
1381 1180 1482 1208 εἴασεν.
1505 1182 1536 1208 '0
1563 1183 1612 1217 μὲν
1637 1182 1685 1210 οὖν
1700 1186 1767 1211 ἁπο-

983 1229 992 1245 ‹
1012 1221 1121 1254 τινάξας
1132 1223 1162 1248 τὺ
1177 1223 1270 1258 θηρίον
1284 1225 1323 1255 εἰς
1336 1225 1365 1251 τὸ
1383 1225 1450 1260 πῦρ,
1462 1227 1564 1254 ἔπαθεν
1578 1229 1653 1255 οὐδὲν
1667 1231 1764 1257 κακόν.

983 1275 992 1291 ‹
1011 1268 1041 1293 Ol
1058 1268 1086 1294 δὲ
1102 1270 1274 1304 προσεδόκων
1303 1271 1386 1298 αὑτὸν
1412 1273 1520 1307 μέλλειν
1551 1275 1718 1310 πὶπρασεαι,
1747 1277 1763 1312 ἢ

983 1322 993 1338 ‹
1012 1315 1196 1341 καταπίπτειν
1222 1315 1298 1350 ἄφνω
1325 1318 1431 1352 νεκρόν.
1451 1319 1513 1345 Ἐπὶ
1540 1320 1607 1346 πολὺ
1625 1321 1652 1346 δὲ
1673 1315 1764 1346 αὑτῶν

987 1368 996 1384 ε
1017 1360 1240 1394 προσδοκώντων,
1253 1362 1300 1388 καὶ
1317 1362 1491 1397 θεωρούντων
1508 1365 1591 1400 μηδὲν
1610 1366 1710 1393 ἄτοπον
1725 1369 1763 1399 εἷς

985 1413 994 1429 ι
1016 1404 1098 1430 αὐτὸν
1111 1407 1261 1441 γινόμενον,
1279 1408 1507 1444 μεταϐαλλόμενοι
1530 1411 1622 1445 ἔλεγον
1637 1413 1702 1438 Θεὸν
1717 1414 1765 1439 αξ-

982 1459 992 1475 t
1013 1450 1058 1477 τὸν
1083 1449 1162 1478 εἷναι.
1183 1453 1227 1479 Ἐν
1251 1453 1279 1479 δὲ
1302 1456 1357 1485 τοῖς
1386 1456 1449 1491 περὶ
1475 1457 1521 1483 τὸν
1539 1458 1621 1484 τόπον
1648 1459 1764 1492 ἐκεῖνον,

988 1506 996 1522 ‹
1020 1497 1127 1533 ὑπῆρχε
1144 1499 1230 1534 χωρία
1247 1500 1285 1535 τῷ
1298 1500 1398 1536 πρώτῳ
1416 1502 1464 1537 τῆς
1482 1503 1574 1537 νήσου,
1585 1505 1696 1539 ὀνόματι
1708 1506 1762 1531 Πο-

144 1547 153 1562 ‹
174 1545 265 1567 autem
293 1546 398 1575 patrem
437 1541 524 1568 Publii
555 1542 678 1570 febribus
706 1552 737 1570 ac
766 1544 928 1580 dysenteriis

990 1552 992 1568 l
1016 1543 1096 1578 πλίῳ,
1112 1543 1141 1575 ὃς
1157 1545 1355 1580 ἀναδεξάμενος
1372 1548 1445 1582 ἡμᾶς
1460 1550 1534 1583 τρεῖς
1551 1551 1667 1585 ἡμέρας,
1689 1552 1764 1585 φιλο-

144 1594 153 1609 (
174 1591 300 1612 vexatum
325 1585 503 1613 decumbere.
526 1587 567 1613 Ad
588 1595 670 1622 quem
690 1588 791 1616 l’aulus
802 1589 923 1622 intravit,

145 1640 154 1655 ι
172 1638 291 1665 cumque
301 1635 416 1662 orasset,
434 1636 462 1658 et
474 1639 571 1660 manus
580 1633 604 1660 ei
618 1633 803 1668 imposuisset,
819 1634 926 1661 sanavit

144 1686 153 1702 ι
167 1684 240 1703 cum.
254 1677 310 1704 lloc
325 1677 408 1712 igitur
422 1678 493 1705 facto
506 1678 597 1705 caeteri
608 1686 718 1713 quoque
733 1680 926 1714 quihabehant

142 1731 151 1747 ε
168 1722 342 1749 inﬁrmitates
363 1722 390 1748 in
409 1723 509 1755 insula,
524 1724 692 1751 accedebant
702 1728 730 1751 et
746 1726 924 1757 sanabautur,

142 1776 151 1793 ι
173 1767 221 1802 qui
247 1768 330 1794 etiam
349 1769 443 1795 multis
472 1769 625 1797 honoribus
648 1778 699 1797 nos
722 1771 926 1799 honoraverunt

142 1823 152 1838 ‹
170 1817 199 1840 et
233 1814 405 1842 solventibus
444 1815 634 1850 imposuerunt
670 1824 731 1851 quae
771 1818 925 1846 necessaria

140 1867 151 1885 ι
166 1863 255 1886 erant.
264 1868 272 1883 ι

173 1983 184 2000 ‹
199 1973 315 2002 Militum
341 1977 432 2000 autem
459 1972 603 2000 consilium
616 1976 684 2005 erat,
710 1982 718 1998 ι
735 1976 789 2000 etc.
804 1973 924 2000 Rursum

133 2028 170 2047 ex
186 2019 239 2047 hoc
253 2018 408 2046 ostenditur
424 2018 496 2052 quod
510 2018 595 2045 Paulo
606 2018 699 2046 donati
715 2018 780 2051 sint,
793 2019 923 2053 quoniam

133 2065 186 2092 etsi
195 2064 327 2099 quosdam
336 2064 438 2090 vellent
450 2062 619 2094 interimere,
629 2071 664 2090 ne
676 2063 752 2090 Pauli
762 2063 922 2091 vaticinium

135 2110 288 2142 excideret,
314 2117 371 2136 non
387 2108 512 2144 permisit
534 2116 582 2136 eos
595 2109 684 2136 occidi
701 2110 837 2142 centurio,
868 2119 923 2145 quo

135 2155 247 2182 Paulum
267 2159 401 2182 servaret.
433 2164 442 2180 ί
462 2155 587 2190 Viperaa
612 2155 702 2182 calore
725 2164 884 2191 prorepens.
910 2167 919 2183 ι

981 1598 990 1614 ι
1008 1589 1114 1624 φρὸνως
1129 1590 1260 1622 ἐξένισεν.
1275 1591 1399 1626 Ἐγένετο
1411 1594 1439 1619 δὲ
1457 1595 1501 1620 τὸν
1518 1596 1626 1630 πατέρα
1648 1596 1694 1622 τοῦ
1711 1597 1764 1623 Ποε-

980 1642 988 1659 ι
1008 1634 1087 1660 πλίου
1102 1636 1229 1670 πυρετοῖς
1246 1636 1293 1662 καὶ
1307 1636 1467 1672 δυσεντερίᾳ
1480 1639 1661 1674 συνεχόμενον
1677 1647 1764 1666 κατα-

980 1688 988 1704 (
1012 1680 1128 1707 κεῖσθαι.
1147 1681 1217 1716 Πρὸς
1232 1681 1260 1707 ὃν
1278 1682 1556 1714 ὸΠαῦλος”εῑσελΘὼν
1578 1685 1625 1711 καὶ
1639 1694 1758 1720 προσευ-

980 1734 988 1749 ι
1007 1725 1132 1760 ξάμενος,
1151 1726 1256 1758 ἐπιθεὶς
1271 1727 1321 1758 τὰς
1339 1729 1432 1763 χεῖρας
1457 1730 1541 1764 αὐτῷ,
1559 1730 1652 1757 ἰάσατο
1667 1732 1761 1758 αὐτόν.

979 1780 987 1795 ε
1009 1771 1110 1797 Τούτου
1127 1769 1173 1798 οὖν
1188 1772 1336 1806 γενομένου
1366 1774 1413 1800 καὶ
1439 1775 1464 1800 οὶ
1490 1775 1578 1802 λοιποὶ
1603 1777 1626 1802 οἱ
1654 1777 1760 1811 ἔχοντες

979 1827 987 1842 ι
1008 1817 1150 1849 ἀσθενείας
1166 1819 1195 1844 ὲν
1224 1820 1257 1854 τῇ
1274 1819 1360 1854 νήσῳ,
1389 1822 1574 1856 προσήρχοντο
1593 1823 1639 1848 καὶ
1664 1823 1754 1858 ἐθερα

979 1872 987 1888 ι
1012 1864 1139 1895 πεύοντο,
1167 1864 1191 1890 οἳ
1208 1865 1254 1891 καὶ
1277 1865 1387 1898 πολλαῖς
1403 1869 1497 1902 τιμαῖς
1524 1869 1657 1903 ἐτίμησαν
1673 1871 1759 1904 ἡμᾶς.

979 1917 988 1934 ι
1009 1909 1063 1936 Καὶ
1076 1910 1254 1944 ἀναγομένοις
1275 1911 1403 1938 ἐπέθεντο
1421 1912 1454 1938 τὰ
1469 1913 1537 1948 πρὸς
1557 1914 1604 1949 τὴν
1624 1915 1729 1949 χρείαν.
1748 1925 1757 1940 ι

1013 1985 1023 2002 ς
1039 1977 1099 2004 Τῶν
1113 1977 1142 2004 δὲ
1159 1979 1332 2014 στρατιωτῶν
1354 1980 1436 2016 βουλὴ
1453 1981 1570 2015 ἐγένετο.
1592 1991 1602 2008 ι
1626 1983 1710 2010 Πάλιν
1725 1985 1758 2010 ὲκ

973 2023 1069 2050 τούτου
1084 2023 1232 2056 δείκνυται,
1249 2025 1291 2052 ὅτι
1305 2025 1344 2060 τῷ
1373 2026 1471 2062 Παύλῳ
1498 2027 1692 2063 ὲχαρίσθησαν,
1717 2029 1757 2055 ὅτι

974 2067 1062 2094 καίτοι
1080 2067 1248 2104 βουλομένων
1270 2071 1346 2102 τινὰς
1373 2070 1506 2104 ἀναιρεῖν,
1527 2072 1572 2099 ἵνα
1590 2074 1627 2108 μὴ
1641 2073 1758 2110 διαπέσῃ

974 2113 990 2147 ὴ
1008 2114 1159 2149 προφητεία
1171 2115 1289 2147 Παύλου,
1300 2116 1351 2142 οὐκ
1363 2117 1454 2143 εἴασεν
1466 2118 1565 2150 αὐτοὺς
1580 2120 1758 2156 ἀναιρεθῆναι

973 2159 987 2184 ὁ
1001 2159 1209 2194 ἑκατόνταρχος,
1226 2160 1269 2187 ἰνα
1286 2161 1331 2187 τὸν
1347 2162 1452 2188 Παῦλον
1465 2164 1549 2200 σώσῃ.
1570 2173 1579 2189 ι
1599 2164 1711 2198 Ἔχιδνα
1726 2166 1757 2191 ὲκ

134 2202 233 2237 Vipera
263 2203 370 2237 injectis
402 2201 495 2228 manui
537 2202 654 2237 apostoli
685 2202 825 2235 dentibus,
858 2212 920 2231 cum

990 2205 1022 2239 ἧς
1035 2205 1140 2240 θέρμης
1155 2205 1311 2238 ἐξελθοῦσα.
1329 2217 1337 2233 ι
1362 2208 1394 2234 'H
1408 2209 1464 2243 ἔχις
1478 2210 1511 2245 τῇ
1531 2210 1577 2236 τοῦ
1607 2211 1756 2237 ἀποστόλου

134 2249 239 2283 peccati
258 2249 400 2276 mollitiem
415 2256 469 2275 non
486 2248 646 2283 reperisset,
664 2249 790 2283 protinus
805 2250 921 2278 resilivit

133 2302 165 2320 ac
179 2294 206 2320 in
220 2294 308 2329 ignem
325 2293 408 2326 saliit,
439 2298 567 2328 tanquam
592 2294 644 2321 sibi
662 2294 713 2329 ipsi
744 2302 852 2329 poenam
878 2296 920 2322 in-

133 2339 239 2374 ﬂigens,
265 2339 337 2374 quod
352 2347 456 2374 corpus
472 2339 524 2366 sibi
552 2339 627 2365 nullo
654 2339 735 2369 modo
754 2342 920 2369 conveniens

132 2385 255 2420 petiissct
275 2393 308 2412 ac
320 2389 513 2420 oppugnasset.
530 2385 585 2412 Nos
606 2389 696 2412 autem
725 2385 795 2414 feras
822 2389 920 2415 metui-

132 2438 203 2462 mus,
219 2430 348 2465 quoniam
367 2430 499 2457 virtutum
524 2431 677 2466 panopliam
700 2439 754 2459 non
774 2432 918 2461 habemus.

133 2477 189 2504 Hoc
199 2477 290 2511 itaque
313 2476 406 2503 intuiti
423 2476 545 2509 Barbari,
558 2485 620 2504 eum
632 2486 741 2513 quoqtte
753 2479 799 2513 qui
814 2483 917 2506 certam

133 2527 248 2550 mortem
265 2527 405 2554 evaserat,
419 2523 504 2550 Deum
517 2531 577 2550 esse
590 2523 737 2556 ducebant,
765 2529 795 2551 ut
818 2525 918 2559 quibus

132 2568 216 2596 moris
238 2572 298 2596 erat
325 2576 444 2601 omnem,
467 2569 514 2604 qui
536 2569 685 2605 gloriosum
714 2571 825 2605 aliquod
849 2579 918 2605 opus

131 2619 282 2649 prwstaret,
295 2615 381 2642 Deum
396 2615 553 2643 existimare
568 2624 574 2641 :
590 2616 821 2651 quemadmodum
834 2617 916 2644 etiam

132 2666 237 2689 veteres
255 2661 321 2689 deos
331 2662 519 2694 nominabant,
533 2667 581 2689 aut
595 2669 643 2689 eos
667 2662 714 2696 qui
730 2662 834 2696 aliquid
849 2670 916 2697 ope-

132 2712 269 2740 rarentur,
294 2707 368 2743 quod
395 2708 606 2742 vires:ipsorum
629 2715 797 2742 suorumqtte
811 2716 917 2735 coam)-

130 2760 189 2780 rum
206 2754 361 2787 excederet,
387 2754 476 2789 qualis
486 2757 546 2780 erat
568 2752 699 2780 Hercules
717 2762 724 2780 :
738 2754 916 2789 autquiprrc-

129 2798 270 2832 stigiatura
306 2799 444 2826 intuentes
474 2799 501 2825 in
533 2798 743 2827 admirationem
775 2805 913 2835 raperent,

130 2844 217 2876 qualis
233 2844 282 2870 fuit
295 2843 388 2870 Simon
402 2845 429 2870 in
442 2844 574 2871 Samaria.

973 2252 1044 2286 χειρὶ
1071 2252 1135 2284 τοῦς
1165 2253 1276 2284 ὀδόντας
1292 2253 1458 2288 ἐμϐαλοῦσα,
1473 2256 1519 2281 καὶ
1545 2256 1575 2281 τὸ
1593 2257 1691 2290 χαῦνον
1709 2257 1756 2291 τῆς

974 2297 1112 2332 ἁμαρτίας
1130 2298 1180 2332 οὐχ
1200 2299 1328 2333 εὑροῦσα,
1344 2300 1502 2335 ἀπεπήδησε
1520 2302 1688 2336 παραυτίκα,
1710 2303 1756 2329 καὶ

970 2344 1041 2370 κατὰ
1054 2344 1102 2378 τῆς
1113 2345 1204 2378 πυρᾶς
1215 2345 1308 2380 ἥλατο,
1321 2345 1416 2382 ὥσπερ
1431 2347 1506 2379 δίκας
1518 2348 1615 2383 ἑαυτὴν
1625 2351 1756 2384 εἰσπρατ-

970 2391 1082 2426 τομένη,
1097 2392 1138 2417 ότι
1168 2391 1208 2426 τῷ
1231 2392 1386 2427 μηδαμόθεν
1415 2395 1580 2430 προσήκοντι
1604 2396 1754 2430 προσέϐαλε

971 2437 1088 2471 σώματι.
1114 2437 1209 2471 Ἡμεῖς
1238 2439 1266 2464 δὲ
1290 2439 1324 2465 τὰ
1352 2439 1433 2475 θηρία
1457 2441 1628 2476 δεδοίκαμεν,
1661 2443 1754 2478 ἐπειδὴ

969 2482 1018 2516 τῆς
1036 2482 1136 2516 ἀρετῆς
1153 2482 1202 2517 τὴν
1216 2485 1367 2511 πανοπλίαν
1382 2486 1432 2511 οὐκ
1448 2486 1556 2521 ἔχομεν.
1583 2488 1692 2519 Ἰδόντες
1708 2487 1754 2514 οἷν

968 2527 1047 2553 τοῦτο
1063 2527 1086 2553 ol
1103 2527 1248 2563 Βάρεαροι,
1276 2531 1323 2556 καὶ
1341 2531 1494 2564 ἐκφυγόντα
1510 2532 1554 2558 τὸν
1570 2534 1754 2567 ἁναμςίῆολον

970 2572 1090 2604 θάνατον,
1105 2574 1170 2600 Θεὸν
1184 2576 1264 2602 αὐτὸν
1277 2577 1404 2612 ἐνόμισαν
1419 2576 1498 2610 εἶναι,
1515 2579 1552 2611 ὡς
1561 2580 1668 2615 ἔχοντες
1681 2581 1752 2612 ἔθος,

969 2617 1057 2642 πάντα
1073 2617 1200 2645 ποιοῦντὰ
1212 2628 1238 2646 τι
1251 2622 1410 2656 παράδοξον,
1426 2623 1493 2650 Θᾳὸν
1510 2625 1630 2659 νομίζειν
1641 2635 1646 2640 ·
1658 2625 1752 2661 ὥσπερ

968 2663 1014 2688 καὶ
1032 2663 1093 2694 τοὺς
1113 2664 1243 2697 παλαιοὺς
1264 2667 1341 2697 θεοὺς
1357 2667 1508 2702 ὠνόμαζον,
1523 2671 1538 2705 ἢ
1555 2671 1588 2696 δι’
1614 2672 1690 2706 ἰσχὺν
1706 2680 1753 2698 πε-

968 2708 1060 2742 ρισσόν
1077 2717 1103 2735 τι
1119 2710 1174 2735 τῶν
1196 2711 1257 2737 καθ’
1283 2712 1396 2743 ἑαυτοὺς
1425 2714 1578 2746 ποιοῦντας,
1605 2714 1661 2748 οἷος
1687 2714 1721 2751 ἦν
1736 2717 1750 2742 ὁ

973 2753 1110 2790 Ἡρακλῆς
1121 2763 1127 2769 ·
1144 2755 1159 2790 ἢ
1175 2755 1219 2782 διὰ
1237 2757 1354 2790 μαγείας
1372 2758 1560 2793 ἐξιστάνοντας
1576 2763 1639 2793 τοὺς
1665 2762 1751 2797 ὀρῶν-

966 2809 1025 2833 τας,
1045 2799 1100 2833 οἷος
1116 2799 1149 2836 ἦν
1163 2804 1176 2829 ὀ
1196 2803 1224 2828 ἐν
1236 2803 1376 2838 Σαμαρ;ίᾳ
1385 2805 1485 2840 Σίμων.
