1881 3051
133 161 181 195 301

427 213 552 240 ΚΕΦΑΛ.
574 213 636 240 ΛΘ⁸.

135 264 234 294 κοπως
257 260 317 288 ἀπὸ
332 258 661 325 Μελίτηςηῗὲιὲιέώμην
688 258 878 292 κατήντησεν
902 260 918 285 ό

171 352 180 368 1
199 342 280 370 Μετὰ
296 341 324 367 δέ
339 341 415 376 τρεῖς
427 340 527 376 μῆνας.
539 339 698 374 ἀνήχθημεν
711 340 739 366 ἐν
754 340 851 376 πλοίῳ.
866 349 920 367 πα-

137 399 146 414 1
165 388 382 425 ρακεχειμακότι
402 387 430 414 ἐν
448 387 481 421 τῇ
494 387 580 421 νήσῳ,
600 385 806 422 Ἀλεξανδρίνῳ,
829 395 920 422 παρα⁹

138 443 146 459 1
166 434 246 468 σήμῳ
261 431 445 466 Διοσκούροις.
479 431 534 456 Kal.
568 431 750 465 καταχθέντες
771 432 811 463 είς
836 431 922 466 Συραο

138 489 147 505 1
167 479 281 510 κούσας,
294 477 478 512 ἐπεμείναμεν
493 476 600 511 ἡμέρας
615 477 700 511 τρεῖς.
717 476 799 503 ’Ὁθεν
815 476 922 512 περιελ-

139 534 148 551 1
169 524 265 555 θόντες
283 523 494 558 κατηντήσαμεν
507 522 549 553 είς
565 521 686 556 Ῥήγιον.
700 522 756 548 Καὶ
772 521 841 556 μετὰ
858 522 923 557 μίαν

138 579 148 596 1
169 569 280 605 ἡμέραν
303 567 499 602 ἐπιγενομένου
527 567 626 598 Νότου,
641 567 792 602 δευτεραῖοι
805 567 923 602 ηλθομεν

141 626 151 642 1
171 617 212 647 είς
240 614 396 645 Ποτιόλους,
422 610 453 639 οὗ
475 613 602 648 εὑρόντες
617 612 759 646 ἀδελφοὺς,
786 613 924 648 παρεκλή-

140 671 149 689 1
169 662 258 696 θημεν
271 660 314 687 ἐπ’
327 660 421 690 αὐτοῖς
435 659 572 694 ἐπιμεῖναι
597 659 703 693 ἡμέρας
719 658 800 690 ἑπτὰ,
816 659 861 685 καὶ
877 658 924 685 οὖ-

141 717 149 733 1
170 716 224 739 τως
241 708 281 738 είς
295 706 344 742 τὴν
361 705 472 740 Ῥώμην
485 704 610 741 ῆλθομεν.
630 704 767 731 Κάκεῖθεν
779 704 805 730 ol
816 704 926 739 ἀδελφοὶ

141 764 150 780 1
170 754 339 784 ἀκούσαντες
353 754 387 778 τὰ
406 752 470 786 περὶ
481 750 570 787 ἡμῶν,
588 750 699 785 ἐξῆλθον
717 750 757 782 εις
771 750 926 785 ἀπάντησιν

143 809 153 826 1
170 801 248 834 ἡμῖν,
274 800 354 834 ἄχρις
369 797 485 825 ’Δππίου
504 798 587 832 φόρου
603 797 651 823 καὶ
663 797 753 831 Τριῶν
767 796 925 832 Ταϐερνῶν.

143 855 153 872 1
175 846 228 877 Οὓς
247 845 309 872 ἰδὼν
335 846 349 871 ὁ
367 844 483 877 Παῦλος,
497 844 696 879 εὐχαριστήσας
711 843 750 878 τῷ
767 843 836 879 Θεῷ,
848 843 927 871 ἔλαϐε

615 158 805 190 ΠΟΜΜΕΝΤ.
822 157 859 187 ΙΝ
878 158 970 188 ACTA
998 158 1283 190 APOSTOLORUM.

939 219 960 245 Α

1202 160 1283 190 IUM.
1704 159 1757 191 302

1202 215 1283 252 184
1296 215 1408 243 CAPUT
1435 215 1545 244 XXXIX
1552 237 1558 244 .

1045 259 1181 292 Quomodo
1190 269 1206 287 a
1220 261 1309 288 Melite
1322 260 1432 288 Romam
1448 262 1562 296 peruenit
1576 261 1688 289 Paulus.

1010 340 1125 372 XXVIII.
1145 341 1238 368 II-IG.
1266 351 1275 366 1
1295 342 1359 369 Post
1373 349 1482 370 menses
1503 347 1592 370 autem
1604 347 1659 370 tres
1683 344 1760 371 navi-

978 395 987 412 1
1003 387 1125 422 gavimns
1140 387 1167 414 in
1189 387 1251 414 navi
1263 388 1457 421 Alexandrina,
1481 396 1540 423 quae
1555 390 1581 416 in
1604 389 1692 416 insula
1717 389 1760 416 III-

977 441 986 458 1
1008 432 1182 464 bernaverat,
1205 432 1248 460 cui
1264 437 1324 460 erat
1338 433 1443 468 insigne
1455 432 1612 461 Castorum.
1638 434 1762 469 Cumque

978 487 987 502 1
1008 478 1179 505 venissemus
1191 477 1350 514 Syracusas,
1365 479 1515 507 mansimus
1531 480 1568 507 ibi
1584 480 1684 507 triduo.
1698 480 1762 508 Inde

978 531 988 548 1
1007 523 1235 559 circumlegentes
1272 523 1435 552 devenimus
1462 524 1609 560 Rhegium,
1638 529 1665 552 et
1701 530 1763 560 post

979 577 989 594 1
1015 576 1099 596 unum
1119 569 1192 596 diem
1213 569 1320 596 aﬂlante
1340 569 1451 602 Austro,
1476 570 1609 605 postridie
1637 571 1763 597 venimus

980 623 989 640 1
1009 614 1147 647 Puteolos,
1164 615 1211 642 ubi
1228 616 1344 650 repertis
1370 615 1510 648 fratribus,
1541 616 1627 651 rogati
1658 624 1763 649 sumus,

980 669 990 685 1
1014 666 1229 688 utmaneremus
1245 661 1317 695 apud
1337 669 1386 688 eos
1412 661 1510 689 diebus
1535 666 1650 696 septem,
1674 666 1702 688 et
1725 662 1765 689 sic

982 715 991 731 1
1008 705 1137 733 venimus
1151 705 1276 733 Romam.
1297 706 1331 733 Et
1354 706 1417 734 inde
1429 714 1490 733 cum
1507 707 1648 734 audissent
1667 706 1765 734 fratres

983 761 993 776 1
1011 751 1045 778 de
1061 751 1151 783 nobis,
1167 752 1269 786 egressi
1295 756 1359 779 sunt
1381 753 1409 779 in
1421 759 1566 780 occursum
1582 752 1663 779 nobis
1679 760 1765 787 usque

984 805 993 822 1
1009 796 1043 824 ad
1068 795 1149 831 Appii
1178 797 1268 824 forum
1294 805 1326 824 ac
1342 795 1411 824 Tres
1437 796 1587 824 Tabernas.
1615 796 1689 830 Quos
1718 796 1765 823 ubi

985 852 994 869 1
1009 843 1123 871 vidisset
1136 844 1250 875 Paulus,
1285 843 1354 870 actis
1379 843 1435 870 Deo
1447 843 1543 878 gratiis
1562 843 1679 878 sumpsit
1700 843 1765 870 fidu-

145 901 154 917 1
173 891 355 926 θάρσος.”οτε
379 890 407 916 δέ
423 890 541 925 ἤλθομεν
553 891 592 921 εις
611 889 733 924 Ῥώμην,
745 890 759 915 ὁ
770 890 928 925 ἐκατόνταρ.

1018 890 1092 917 tiam.
1113 889 1182 917 Cum
1209 894 1300 917 autem
1313 889 1486 916 venissemus
1502 889 1626 920 Romam,
1641 889 1767 916 centurio

143 946 154 963 1
175 946 222 971 χος
239 937 381 971 παρέδωκε
400 936 464 967 τοὺς
482 935 612 970 δεσμίους
638 934 676 970 τῷ
692 935 927 971 στρατοπεδάρχῃ.

145 993 154 1009 ι
175 983 220 1018 Τῷ
231 983 260 1009 δέ
276 983 374 1017 Παύλῳ
386 983 527 1018 ἐπετράπη
541 982 631 1018 μένειν
646 981 704 1009 καθ’
716 983 812 1010 ἑαυτὸν
827 984 875 1010 σὺν
890 983 928 1018 τῷ

146 1039 155 1055 1
175 1029 341 1063 φυλάσσοντι
357 1029 437 1055 αὐτὸν
453 1028 616 1064 στρατιώτῃ.
633 1037 642 1054 ι

180 1085 190 1101 1
207 1076 368 1111 Παρασήμῳ
383 1075 566 1110 Διοσκούροις.
584 1074 681 1107 »Ἐθος
694 1075 738 1102 ἀεί
756 1084 814 1107 πως
829 1075 858 1102 ἐν
870 1077 930 1107 ταῖς

144 1120 339 1156 ’Δλεξανδρέων
353 1120 469 1154 μάλιστα
481 1121 559 1146 ναυσὶ
573 1120 640 1155 πρός
654 1128 685 1154 γε
696 1122 730 1156 τῇ
745 1120 844 1157 πρώρᾳ
855 1121 930 1154 δεξιά

143 1175 172 1192 τε
190 1166 236 1191 καὶ
251 1165 380 1198 εὐώνυμα
403 1165 513 1199 γραφὰς
534 1163 604 1191 εἶναι
622 1165 761 1197 τοιαύτας.
777 1166 887 1201 Ἐπειδὴ
901 1167 930 1193 δέ

143 1209 176 1246 ἦν
202 1211 276 1240 εἰκὸς
301 1210 524 1244 εἰδωλολατρείις
540 1210 695 1246 κρατούσης
721 1211 810 1238 ἐκεῖνο
833 1211 929 1246 καιροῦ

144 1257 304 1292 γεγράφθαι
317 1258 349 1292 τῇ
369 1256 417 1291 νηῒ
438 1257 500 1287 τοὺς
517 1257 707 1292 Διοσκούρους,
725 1257 773 1284 καὶ
786 1258 818 1284 ἐκ
834 1257 929 1284 τούτου

143 1305 214 1330 νοεῖν
230 1303 388 1335 ἀκόλουθον,
406 1303 554 1336 ἀλλόφυλον
571 1301 652 1334 εἶναι,
667 1304 809 1331 τουτέστιν
822 1304 931 1331 είδωλου

143 1351 248 1386 λάτριν.
267 1351 335 1385 Περὶ
348 1350 443 1376 τουτου
456 1351 503 1376 καὶ
522 1350 633 1380 ’Πιταῖας
649 1349 718 1384 ἑψη-
743 1349 930 1385 Πετασθήσον-

142 1406 187 1424 ται
203 1398 232 1422 ἐν
247 1397 334 1431 πλοίῳ
349 1396 501 1431 ἀλλοφύλῳ,
515 1396 670 1423 θαλαοσσαν
695 1396 754 1430 ἅμα
781 1395 932 1431 προνομεύ-

144 1450 246 1468 σουσιν.
268 1450 277 1467 1
297 1442 392 1476 ’Λχρις
419 1441 536 1468 Ἀππίου
551 1442 634 1476 φόρου
653 1441 700 1468 καὶ
715 1441 804 1476 Τριῶν
827 1441 930 1476 Ταὸερ-

144 1487 206 1513 νῦν).
227 1496 236 1512 ι
254 1486 359 1518 Τόπους
369 1486 445 1517 τινὰς
456 1486 666 1521 ἐπιίημαίνεται
681 1486 734 1521 πρὸ
745 1486 795 1521 τῆς
810 1485 930 1522 Ῥώμης,

144 1533 190 1558 τὴν
207 1532 257 1566 μὲν
272 1531 365 1558 εἰκόνα
386 1532 449 1558 τινὰ
463 1531 583 1558 Ἀππίου
609 1531 713 1566 ἔχοντα,
729 1531 766 1563 ὡς
783 1531 868 1564 εἰκὸς,
883 1533 932 1557 καὶ

985 944 994 960 1
1010 935 1125 962 tradidit
1140 935 1245 963 vinctos
1257 935 1374 970 principi
1387 935 1536 962 exercitus.
1549 934 1715 962 Permissum
1727 939 1768 962 est

984 993 993 1008 1
1013 987 1104 1009 autem
1119 982 1214 1014 Paulo,
1229 986 1259 1009 ut
1274 982 1350 1009 solus
1370 986 1496 1009 maneret
1513 989 1575 1008 cum
1595 981 1768 1008 custodiente

985 1037 994 1053 1
1011 1029 1099 1063 ipsum
1113 1029 1212 1055 milite.
1231 1038 1240 1054 ι

1019 1084 1029 1100 1
1049 1074 1157 1110 Insigne
1167 1074 1323 1102 Castorum.
1345 1083 1354 1100 ι
1382 1074 1520 1109 Perpetuo
1542 1073 1627 1101 moris
1640 1077 1682 1101 est
1694 1073 1770 1100 navi-

981 1120 1034 1148 bus
1047 1120 1219 1156 potissimum
1241 1120 1446 1152 Alexandrinis,
1458 1120 1491 1147 ad
1506 1127 1615 1154 proram
1631 1119 1727 1146 dextra
1738 1126 1770 1145 ac

981 1167 1093 1194 sinistra
1109 1166 1267 1201 huiusmodi
1284 1173 1345 1193 esse
1363 1166 1496 1198 picturas.
1511 1165 1645 1198 Quoniam
1667 1169 1769 1197 autem,

982 1211 1170 1238 utverisimile
1188 1215 1242 1244 est,
1256 1210 1412 1237 idololatria
1429 1218 1463 1238 eo
1477 1216 1599 1245 tempore
1617 1211 1770 1237 dovninium

982 1257 1137 1289 obtinente,
1153 1257 1256 1293 depicti
1274 1261 1356 1284 erant
1380 1257 1406 1283 in
1416 1257 1478 1283 navi
1501 1257 1597 1284 Castor
1611 1263 1643 1284 ac
1663 1257 1769 1287 Pollux.

981 1311 1152 1338 consequens
1165 1304 1247 1331 etiam
1257 1308 1299 1331 e31
1315 1307 1344 1330 ut
1360 1303 1543 1338 intelligamus
1555 1304 1769 1338 alienigenarum

981 1349 1065 1377 fuisse
1080 1356 1189 1378 navem,
1207 1348 1259 1375 hoc
1277 1352 1319 1374 est
1336 1347 1554 1379 idololatrarum,
1571 1347 1604 1374 de
1624 1355 1676 1381 qna
1704 1347 1772 1373 dicit

981 1386 1082 1421 lsaias:
1116 1393 1255 1421 Volabunt
1284 1393 1312 1420 in
1344 1392 1407 1420 navi
1438 1392 1667 1427 alienigenarum,
1698 1400 1773 1421 mare

981 1439 1063 1466 simul
1078 1439 1275 1474 pmdabuntur
1305 1440 1338 1466 “.
1365 1448 1374 1465 1
1395 1437 1488 1473 Usque
1506 1438 1539 1465 ad
1571 1439 1652 1474 Appii
1682 1438 1772 1466 forum

982 1493 1014 1513 ac
1036 1485 1104 1513 Tres
1131 1486 1281 1513 Tabernas.
1299 1495 1307 1511 ι
1328 1485 1400 1512 Loca
1415 1485 1538 1520 quaedam
1559 1484 1684 1520 designat
1710 1491 1774 1513 ante

983 1534 1078 1561 Romae
1095 1534 1249 1569 ingressum
1263 1534 1400 1569 :priorom
1413 1533 1524 1568 quidem
1534 1533 1680 1560 habentem
1693 1534 1773 1568 Appii

145 1580 227 1613 φόρον
245 1578 350 1604 ἐκείνου
367 1577 548 1612 καλουμένην,
567 1577 604 1608 ὡς
637 1577 718 1612 μέχρι
750 1577 798 1604 νῦν
818 1579 848 1604 αἱ
874 1576 928 1604 τῶν

1018 1583 1107 1611 ιῑυιιιιι.
1127 1585 1156 1606 ut
1173 1578 1320 1606 verisimile
1337 1582 1389 1609 est,
1412 1582 1440 1605 et
1451 1577 1557 1604 dictum
1571 1578 1645 1605 illius
1660 1578 1750 1605 forum
1766 1587 1772 1605 :

146 1624 280 1658 βασιλέων
297 1624 400 1656 εἰκόνες
422 1624 497 1659 παρὰ
518 1623 665 1658 Ῥωμαίοις
690 1624 776 1657 φόροι
798 1632 933 1658 προσαγο-

147 1670 283 1701 ρεύονται,
301 1670 335 1696 τὰ
350 1670 378 1696 δέ
397 1670 451 1697 τῶν
465 1669 616 1704 ταϐερνῶν,
632 1670 798 1706 πανδοχείων
809 1671 900 1702 τινῶν,
914 1671 930 1706 ἢ

147 1716 305 1750 καπηλείων
318 1717 415 1751 χρῆσιν
444 1715 625 1748 αἰνίσσονται,
639 1717 672 1751 τῇ
693 1715 838 1751 Ῥωμαίων
856 1718 932 1751 φωνῇ

145 1763 233 1794 οὕτως
249 1763 448 1798 ὀνομαζόμενα.

445 1863 569 1890 ΚΕΦΔΛ.
584 1863 618 1889 Μ’

147 1920 216 1954 Περὶ
232 1919 394 1953 διαλέξεως
405 1921 528 1947 Παύλου
545 1919 598 1953 τῆς
615 1919 688 1954 πρὸς
700 1919 771 1953 τοὺς
783 1921 818 1948 ἐν
840 1921 934 1956 Ῥώμῃ

479 1955 642 1982 Ιουδαίους.

492 1964 642 1988 ουοαιους.

185 2009 194 2025 1
216 2000 342 2034 Ἐγένετο
365 2000 394 2027 δὲ
414 2001 482 2036 μετὰ
507 2002 613 2037 ἡμέρας
628 2003 703 2038 τρεῖς
718 2001 936 2036 συγκαλέσασθαι

152 2054 162 2070 1
176 2045 222 2071 τδν
248 2045 352 2072 Παῦλον
367 2048 430 2078 τοὺς
455 2047 534 2078 om;
557 2047 610 2073 τῶν
631 2047 767 2074 Ἰουδαίων
793 2046 936 2082 πρώτους·

153 2100 162 2116 1
179 2091 358 2117 συνελθόντων
373 2091 401 2118 δὲ
418 2091 517 2124 αὐτῶν⁹
531 2091 605 2126 ἔλεγε
617 2092 684 2128 πρὸς
701 2091 810 2124 αὐτούς·
825 2092 938 2127 Ἀνδρες

153 2145 163 2163 1
185 2137 306 2171 ἀδελφοὶ,
334 2137 390 2172 ἐγὼ
407 2138 483 2164 οὐδὲν
500 2138 620 2164 ἐναντίον
643 2139 760 2174 ποιήσας
787 2137 825 2174 τῷ
850 2138 906 2173 λαῷ
921 2139 938 2174 ἦ

155 2191 165 2207 1
196 2185 252 2214 τοίς
268 2183 340 2209 ἔθεσι
365 2185 421 2214 τοῖς
445 2183 593 2219 πατρῴοις,
609 2184 718 2219 δέσμιος
742 2184 772 2215 ἐξ
789 2184 938 2219 Ἰεροσολύ-

155 2236 164 2253 1
184 2237 242 2262 μων
269 2228 426 2264 παρεδόθην
453 2229 493 2260 είς
516 2230 564 2259 τὰς
603 2230 696 2264 χεῖρας
712 2228 767 2255 τῶν
786 2229 938 2264 Ῥωμαίων.

156 2283 165 2299 1
179 2274 286 2305 οἵτινες
318 2274 511 2309 ἀνακρίναντές
527 2283 571 2310 με,
586 2275 727 2301 ἐϐούλοντο
742 2275 886 2307 ἀπολῦσαι,
897 2275 941 2302 διὰ

156 2329 166 2346 1
185 2321 214 2346 τὸ
244 2320 378 2355 μηδεμίαν
405 2321 495 2347 αἰτίαν
516 2321 631 2347 θανάτου
653 2321 788 2356 ὑπάρχειν
813 2321 842 2347 ἐν
867 2321 940 2356 ἐμοί.

154 2375 164 2392 1
189 2366 396 2400 Ἀντιλεγόντων
409 2366 436 2393 δέ
448 2367 502 2393 τῶν
519 2367 665 2400 Ἰουδαίων,
681 2367 860 2402 ἠναγκάσθην
878 2368 941 2393 ἐπι·

157 2422 166 2438 1
185 2413 354 2440 καλέσασθαι
370 2413 506 2448 Καίσαρα,
518 2414 566 2449 οὐχ
577 2414 613 2445 ὡς
632 2413 680 2440 τοῦ
694 2414 787 2445 ἔθνους
804 2422 854 2449 μου
871 2413 941 2448 ἔχων

157 2469 165 2484 1
185 2468 211 2485 τι
229 2460 428 2494 κατηγορῆσαι.
446 2461 495 2486 Διὰ
509 2461 610 2495 ταύτην
636 2458 682 2487 οὖν
696 2460 746 2496 τὴν
759 2460 849 2486 αίτίαν
872 2468 942 2495 παρ-

158 2516 166 2530 1
183 2506 302 2532 εκά).εσα
319 2507 401 2541 ὑμᾶς,
417 2507 480 2533 ἰδεῖν
494 2507 540 2533 καὶ
548 2499 743 2542 προσλαλῆσαι.
756 2507 868 2532 ’Ἕνεκεν
887 2507 942 2541 γὰρ

157 2560 166 2577 1
185 2552 232 2587 τῆς
247 2551 353 2584 ἐλπίδος
373 2551 420 2578 τοῦ
445 2552 553 2588 Ἰσραὴλ
570 2554 618 2587 τὴν
632 2553 725 2579 ἃλυσιν
750 2551 851 2587 ταύτην
866 2552 943 2588 περί-

158 2607 167 2623 1
187 2607 292 2632 κειμαι.
309 2598 340 2624 Ol
351 2598 379 2624 δὲ
394 2598 461 2633 προς
474 2598 555 2624 αὑτὸν
566 2597 640 2624 εἷπον
650 2606 657 2612 ·
674 2598 769 2632 Ἡμεῖς
779 2598 841 2624 οὗτε
856 2599 943 2632 γράμ-

159 2652 168 2668 1
187 2652 261 2678 ματα
293 2644 357 2677 περὶ
387 2643 434 2669 σοῦ
468 2643 616 2677 ἐδεξάμεθα
639 2644 694 2669 ἀπὸ
719 2643 766 2678 τῆς
803 2642 940 2673 Ἰουδαίας.

160 2698 169 2714 1
189 2687 251 2714 οὔτε
267 2687 486 2723 παραγενόμενός
499 2696 541 2718 τις
564 2688 617 2713 τῶν
639 2686 761 2720 ἀδελφῶν
777 2686 943 2720 ἀπήγγειλεν

161 2744 170 2760 1
193 2735 208 2769 ἢ
224 2734 337 2768 manus
352 2742 378 2759 τι
391 2735 454 2768 περὶ
466 2734 513 2759 σοῦ
531 2734 656 2769 πονηρόν.
673 2732 850 2767 Ἀξιοῦμενδέ
871 2731 943 2766 παρὰ

160 2789 170 2807 1
186 2782 233 2808 σ’ιῦ
246 2781 516 2815 ἁκούσσιᾶφρονεῖς.
533 2781 598 2815 Περὶ
615 2781 665 2814 μὲν
679 2780 732 2813 γὰρ
747 2779 794 2812 τῆς
810 2778 943 2812 αἱρέσεως

192 2870 215 2885 ⁸⁸
228 2870 280 2897 Isa.
307 2879 345 2903 ιι,
363 2871 406 2897 Η.

958 2257 978 2284 D

986 1624 1218 1660 quemadmodum
1250 1624 1284 1651 ad
1303 1623 1356 1651 hoc
1379 1631 1467 1658 usque
1494 1629 1601 1658 tempus
1620 1631 1714 1659 regum
1727 1628 1775 1650 aut

987 1671 1183 1705 imperatorum
1200 1670 1332 1705 imagines
1344 1670 1417 1704 apud
1436 1670 1574 1697 Romanos
1588 1670 1666 1705 φόροι
1681 1670 1776 1705 appel-

987 1717 1088 1744 lantur.
1098 1716 1169 1743 Loca
1184 1724 1249 1743 vero
1262 1716 1448 1748 tabernarum,
1459 1724 1538 1743 usum
1550 1716 1694 1744 insinuant
1704 1725 1776 1751 quo-

988 1762 1113 1790 rumdam
1124 1762 1340 1790 diversoriorum
1355 1766 1404 1789 aut
1420 1769 1617 1797 cauponarum,
1632 1770 1694 1798 quae
1719 1763 1775 1790 Ro-

988 1813 1132 1834 manorum
1156 1807 1249 1842 lingua
1271 1807 1308 1834 ita
1327 1806 1511 1841 appellantur.

1219 1864 1300 1900 135
1315 1864 1430 1893 CAPUT
1453 1864 1510 1892 XL.

992 1921 1027 1949 De
1044 1921 1123 1949 Pauli
1143 1922 1265 1949 concione
1280 1921 1316 1948 ad
1326 1921 1444 1953 Judaei,
1462 1921 1507 1955 qui
1529 1920 1620 1948 Romw
1634 1921 1776 1956 degebant.

1026 1998 1145 2031 XXVIII,
1164 1999 1256 2026 17-24.
1281 2007 1291 2024 1
1317 1997 1438 2033 Contigit
1459 2001 1551 2025 autem
1581 2002 1611 2025 ut
1637 2003 1698 2032 post
1721 2003 1778 2025 tres

994 2056 1003 2072 1
1023 2046 1085 2074 dies
1114 2050 1283 2074 convocaret
1314 2045 1413 2073 Paulus
1438 2045 1596 2073 Judaeorum
1624 2045 1777 2080 primores:

995 2101 1004 2119 1
1019 2100 1137 2128 cumque
1149 2093 1299 2125 venissent,
1310 2091 1380 2119 dixit
1393 2091 1427 2119 ad
1440 2099 1504 2119 eos:
1521 2091 1587 2126 Ego,
1601 2091 1654 2118 viri
1667 2091 1778 2123 fratres.

996 2147 1005 2164 1
1021 2147 1084 2166 eum
1099 2139 1169 2165 nihil
1183 2138 1294 2165 fecerim
1311 2138 1444 2165 adversus
1456 2137 1566 2172 plebem
1587 2141 1634 2164 aut
1652 2137 1779 2164 instituta

997 2193 1006 2208 1
1025 2185 1171 2219 majorum,
1186 2184 1297 2210 vinctus
1313 2183 1348 2209 ab
1367 2182 1566 2217 Hierosolymis
1581 2181 1699 2209 tradltus
1717 2189 1778 2209 sum

997 2238 1006 2253 ι
1026 2229 1052 2255 in
1067 2235 1164 2255 manus
1190 2228 1393 2255 Romanorum:
1416 2226 1463 2261 qui
1489 2233 1551 2253 cum
1574 2226 1780 2253 examinassent

998 2282 1006 2296 ι
1028 2280 1083 2305 me,
1109 2272 1258 2300 voluerunt
1276 2271 1428 2304 dimittere,
1451 2278 1485 2298 eo
1508 2270 1583 2305 quod
1606 2271 1680 2298 nulla
1696 2279 1779 2299 causa

997 2327 1006 2344 1
1027 2318 1122 2345 mortis
1132 2322 1206 2345 esset
1225 2317 1252 2344 in
1269 2324 1322 2344 me.
1339 2316 1392 2344 Sed
1407 2316 1663 2344 contradicentibus
1677 2316 1779 2345 Iuda-is

997 2372 1006 2389 1
1026 2369 1138 2390 coactus
1153 2371 1212 2390 sum
1237 2362 1376 2398 appellare
1391 2362 1538 2393 Caesarem.
1563 2370 1618 2390 non
1630 2363 1710 2398 quasi
1731 2363 1780 2390 ba-

997 2419 1007 2435 1
1026 2409 1104 2436 beam
1126 2409 1160 2436 de
1183 2416 1238 2444 quo
1255 2413 1363 2444 gentem
1386 2416 1475 2435 meam
1500 2416 1638 2436 accusem.
1664 2409 1779 2444 Propter

997 2466 1006 2481 ι
1028 2456 1099 2482 hanc
1116 2455 1199 2490 igitur
1216 2462 1327 2482 causam
1344 2454 1475 2481 advocavi
1491 2462 1550 2487 vos,
1567 2459 1598 2482 ut
1614 2455 1736 2483 viderem
1752 2460 1782 2482 et

997 2512 1005 2527 1
1023 2502 1205 2536 colloquerer.
1219 2500 1335 2535 Propter
1349 2508 1425 2535 spem
1437 2500 1512 2527 enim
1524 2500 1606 2528 Israel
1618 2505 1714 2528 catena
1728 2501 1781 2528 hac

999 2557 1007 2573 1
1025 2547 1212 2575 circumdatus
1231 2554 1301 2573 sum.
1320 2546 1354 2573 At
1372 2546 1409 2573 illi
1431 2546 1560 2573 dixerunt
1572 2546 1605 2573 ad
1619 2555 1699 2574 eum:
1725 2546 1781 2573 Nos

999 2603 1008 2620 1
1031 2601 1121 2628 neque
1143 2593 1248 2620 litteras
1263 2593 1424 2626 accepimus
1441 2592 1474 2619 de
1492 2597 1516 2619 te
1537 2601 1552 2618 a
1569 2592 1674 2623 Judzca,
1691 2599 1780 2626 neque

999 2649 1007 2665 1
1025 2639 1174 2666 adveniens
1185 2638 1283 2673 aliquis
1300 2638 1415 2665 fratrum
1442 2638 1581 2665 nuntiavit.
1601 2643 1650 2665 aut
1672 2638 1781 2664 locutus

1000 2695 1009 2711 1
1029 2690 1071 2712 est
1084 2685 1186 2719 aliquid
1204 2686 1237 2711 de
1251 2690 1276 2712 te
1293 2685 1368 2712 mali.
1387 2684 1520 2711 Volumus
1539 2688 1674 2711 autemcx
1691 2688 1717 2710 te
1733 2691 1782 2709 an-

1001 2741 1009 2756 1
1025 2731 1084 2757 dire
1105 2738 1166 2765 quae
1183 2731 1296 2757 sentias.
1315 2730 1380 2757 Nam
1401 2730 1434 2757 de
1460 2733 1535 2756 secta
1553 2728 1605 2755 ista
1627 2733 1721 2756 notum
1739 2733 1782 2756 est

1000 2786 1009 2802 ε
1028 2776 1106 2803 nobis
1125 2776 1199 2811 quod
1227 2775 1330 2810 ubique
1358 2776 1382 2802 ei
1408 2775 1623 2802 contradicatur.
1656 2775 1781 2810 Cumque
