1881 3051
101 116 152 146 303

638 112 835 142 (ΕΠΙΜΕΝιᾶ
855 110 1000 140 ΤΙὶΙΕΕίΕ
1019 110 1190 141 EPISCOH

1661 110 1720 141 304

105 183 113 198 ι
135 171 342 199 constituissent
358 170 397 198 illi
407 170 491 202 diem,
510 175 644 197 venerunt
656 170 689 197 ad
701 178 763 197 eum
780 170 806 196 iu
817 169 881 195 hos—

960 169 1070 203 ταύτης.
1081 176 1201 201 γνωστον
1214 169 1287 195 ἐστιν
1298 169 1375 204 ἡμῖν,
1387 168 1428 195 ὅτι
1443 167 1580 202 πανταχοῦ
1588 167 1729 201 ἀντιλέγε-

103 229 110 243 ι
133 219 230 253 pitium
247 217 421 252 complures:
443 216 545 251 quibus
559 216 714 252 exponebat
732 215 883 242 testiticaus

104 275 112 289 ι
134 271 247 298 regnum
263 263 321 295 Dei,
339 262 512 297 suadensque
525 261 608 289 cisde
620 261 684 289 Jesu
699 261 801 295 exlege
815 261 881 288 Mosi

104 320 113 335 ‹
133 315 161 336 et
174 309 315 344 prophetis
331 316 345 335 a
359 315 437 335 tuane
454 315 540 342 usque
552 307 587 333 ad
601 314 755 341 vesperam.
772 305 806 333 Et
820 306 883 340 qni-

105 367 114 381 ι
133 356 194 383 dam
208 355 357 382 credebant
371 354 414 381 bis
429 362 489 389 qua:
504 353 677 385 dicebantur,
692 352 803 387 quidam
817 359 883 379 vero

105 413 113 427 ι
135 409 188 428 non
200 401 362 428 credebant.
385 409 393 425 ι

139 491 234 518 Sciens
257 490 358 517 Paulus
381 489 495 516 omnino
518 488 668 516 absurdum
694 495 754 515 esse
779 487 883 522 judicio

103 535 281 567 contendere,
298 534 379 569 idque
396 533 512 560 maxime
528 532 599 570 apud
612 532 747 566 inﬁdeles,
762 533 795 560 de
808 537 884 559 utro-

103 589 155 615 que
168 579 355 607 defensionem
375 583 463 613 parat,
481 587 515 606 ne
528 586 625 605 eorum
640 586 722 606 aures
740 585 867 613 praeoccu
877 592 884 597 -

103 630 214 661 pentur.
228 626 342 660 Propter
360 625 442 656 hanc,
453 624 551 659 inquit,
564 631 674 651 causam
693 623 816 652 volebam
836 631 884 650 vos

103 671 208 702 videre.
222 679 257 698 ne
271 671 316 698 cui
329 671 426 698 liceret
438 677 481 697 me
494 677 635 697 accusare.
647 670 680 696 Et
695 677 728 697 ea
747 669 813 696 dicit
824 677 885 704 qua:

104 718 154 744 sibi
167 722 261 744 mutuo
274 720 401 744 constant
414 737 420 748 ,
437 724 544 750 nempe:
560 716 656 743 Manus
669 716 779 743 illorum
791 716 885 744 volens

104 764 236 799 eﬂugere,
253 768 365 791 coactus
382 771 441 790 sum
471 762 606 790 Caesarem
626 763 774 798 appellare,
807 763 887 798 186

105 818 159 837 non
175 818 229 844 quo
242 810 304 836 aliis
319 810 389 837 mala
401 809 539 840 aii'errem,
564 809 612 837 sed
631 813 660 836 ut
674 809 732 843 ipse
749 809 819 836 mala
837 809 885 836 de-

939 224 948 240 ι
967 223 1022 242 ται.
1039 214 1191 248 Ταξάμενοι
1211 213 1240 240 δὲ
1253 214 1328 249 αὺτῴ
1345 214 1460 248 ἡμέραν,
1476 211 1542 249 ἧκον
1558 213 1626 248 πρὸς
1641 214 1727 240 αὑτὸν

937 269 946 286 ι
967 261 1006 292 εἰς
1018 261 1066 295 τὴν
1081 261 1170 292 ξενίαν
1182 260 1315 293 πλείονες,
1327 257 1367 293 οἷς
1393 260 1526 292 ἐξετίθετο
1535 260 1725 296 διαμαρτυρό-

937 314 946 331 ι
966 314 1044 341 μενος
1060 305 1108 340 τὴν
1129 305 1271 340 βασιλείαν
1285 305 1332 331 τοῦ
1359 304 1437 336 Θεοῦ,
1456 304 1556 331 πείθων
1579 312 1608 330 τε
1624 304 1728 335 αὐτοὺς

938 362 947 378 ι
967 351 1000 378 τὰ
1014 351 1136 386 περὶτοῦ
1156 351 1243 386 Ἰησοῦ
1260 351 1314 378 ἀπό
1329 359 1358 377 τε
1375 351 1422 378 τοῦ
1442 352 1523 386 νόμου
1537 350 1658 381 Μωσέως
1676 350 1728 375 καὶ

938 408 947 423 ι
962 398 1016 424 τῶν
1028 398 1184 433 προφητῶν,
1196 397 1249 424 ἀπὸ
1264 396 1337 432 πρωῖ
1351 397 1402 428 ἓως
1420 397 1548 432 ἑσπέρας.
1561 396 1616 423 Καὶ
1629 396 1653 422 οἰ
1675 396 1726 431 μὲν

937 453 946 469 ‹
968 443 1105 470 ἐπείθοντο
1116 444 1172 474 τοῖς
1185 443 1356 477 λεγομένοις,
1375 443 1400 468 οἱ
1414 443 1441 469 δὲ
1455 442 1596 476 ἠπίστουν.

971 489 1055 521 Εἰδὼς
1074 489 1088 515 ὁ
1103 490 1207 520 Παῦλος
1224 490 1264 516 ὃτι
1289 489 1388 515 ἄτοπον
1405 487 1438 524 ἦν
1451 489 1518 519 ὅλως
1547 488 1577 514 τὸ
1604 487 1723 513 δικάσα-

943 535 1015 567 σθαι,
1031 536 1077 562 καὶ
1096 535 1212 571 μάλιστα
1235 535 1310 570 παρὰ
1327 534 1460 565 ἀπίστοις.
1481 534 1544 568 περὶ
1560 533 1726 568 ἀμφοτέρων

936 581 1118 615 ἀπολογεῖται,
1130 581 1200 607 ὥστε
1214 580 1250 616 μὴ
1266 580 1452 616 προληφθῆναι
1466 579 1554 606 αὐτῶν
1565 579 1612 610 τὰς
1623 580 1720 610 ἀκοάς.

935 628 983 654 Διᾶ
999 627 1100 662 ταύτην
1119 626 1183 661 γὰρ,
1202 627 1339 662 φησὶ,τὴν
1363 626 1450 652 αἰτίαν
1476 624 1628 659 ἐῦουλόμην
1651 625 1725 658 ὑμᾶς

937 673 1010 704 ἰδεῖν,
1026 673 1096 699 ὥστε
1115 673 1152 708 μὴ
1164 673 1327 706 ἐξεῖναίτινι
1343 672 1515 706 κατηγορεῖν.
1533 671 1587 697 Καὶ
1603 671 1636 697 τὰ
1653 679 1725 703 παρ-

937 719 1068 754 ιστάμενα
1083 715 1168 753 λέγει,
1198 719 1238 744 ὃτι
1253 718 1285 753 δὴ
1300 718 1356 749 Τὰς
1371 719 1465 752 χεῖρας
1478 716 1568 744 αὐτῶν
1582 716 1725 749 διαφυγήν

937 764 1109 799 βουλόμενος,
1130 764 1305 799 ἠναγκάσθην
1333 763 1548 790 ἐπικαλέσασθαι
1583 763 1723 797 Καίσαρα,

935 810 983 844 οὐχ
991 810 1027 841 ὡς
1038 810 1233 845 ἑτέροιςδιδους
1246 810 1328 840 κακὰ.
1343 809 1410 836 ἀλλὰ
1422 809 1502 840 αὐτὸς
1516 809 1622 843 φεύγων
1637 809 1723 835 κακά.

105 856 231 882 vitarent.
266 864 274 880 ‹
295 854 361 881 Nam
380 854 414 881 de
431 858 504 882 secta
527 854 587 886 ista,
607 863 615 879 ι
642 858 696 882 etc.
723 854 885 889 Priusquam

967 855 1034 891 Περὶ
1048 856 1096 890 μὲν
1111 855 1164 892 γὰρ
1178 855 1227 890 τῆς
1240 855 1371 890 αἱρέσεως
1385 855 1496 890 ταύτης,
1511 864 1519 880 ι
1540 855 1586 881 καὶ
1601 854 1635 880 τὰ
1648 854 1722 887 ἑξῆς.

106 901 208 927 Paulus
224 901 337 927 Romam
363 900 516 932 accederet,
541 899 675 927 admoniti
696 905 775 927 erant
788 899 886 932 Judaei,

107 955 140 973 ue
153 946 375 980 praedicationem
393 946 427 973 de
439 945 548 973 Christo
563 946 746 981 susciperent,
767 953 819 973 nec
835 945 887 980 ipsi

108 993 169 1024 soli,
187 993 236 1019 sed
253 993 410 1027 ubicunque
427 996 563 1019 terrarum
580 991 697 1026 dispersi
709 996 797 1019 erant.
811 991 887 1019 Unde

106 1044 198 1065 autem
213 1039 238 1065 id
253 1039 425 1066 manifestum
443 1046 503 1066 esse
520 1037 641 1074 poterit?
653 1038 731 1065 Nacti
741 1045 836 1065 sumus
848 1038 888 1064 iu-

108 1091 149 1111 ter
168 1089 293 1112 veterum
316 1085 524 1116 commentaria,
543 1092 664 1119 quonam
690 1089 769 1119 pacto
797 1092 888 1111 sacer-

111 1132 189 1158 dotes
202 1132 248 1166 qui
267 1131 482 1167 Hierosolymam
497 1131 653 1158 inhabitant
676 1139 729 1157 una
745 1138 808 1157 cum
819 1130 888 1157 scri-

106 1177 148 1204 bis
165 1186 196 1204 ae
207 1177 364 1204 senioribus
378 1178 483 1205 litteras
506 1177 688 1209 curaverint,
705 1184 773 1212 quas
789 1177 816 1203 in
832 1183 889 1203 om-

108 1231 156 1250 nes
179 1229 273 1258 gentes
292 1223 326 1250 ad
350 1223 460 1251 Iudaeos
489 1222 705 1254 transmiserint,
732 1222 889 1255 ubicunque

107 1269 224 1307 dispersi
244 1273 349 1301 essent,
371 1268 472 1296 Christi
495 1268 652 1295 doctrinam
678 1267 888 1298 calumniantes,

108 1319 236 1349 tauquam
249 1322 264 1341 a
280 1315 334 1341 Deo
349 1314 484 1340 alienam:
503 1313 704 1340 admonuerunt
730 1317 821 1339 autem
842 1320 891 1346 per

108 1361 248 1394 epistolas,
263 1367 297 1386 ne
309 1367 369 1386 eam
381 1359 563 1393 susciperent.
579 1359 668 1393 Atque
690 1358 808 1392 idipsum
825 1365 890 1385 sane

109 1406 216 1432 videtur
238 1405 314 1432 Isaia:
336 1405 480 1439 prophetia
503 1404 624 1432 indicare
646 1412 708 1431 cum
732 1404 771 1431 ait
792 1413 798 1430 :
817 1413 825 1429 ι
844 1404 890 1430 Va:

110 1456 201 1482 teme,
213 1451 322 1477 navium
339 1450 397 1482 σιω,
412 1454 486 1477 trans
506 1450 618 1477 ﬂumina
635 1449 795 1484 .IEthiopiae,
810 1450 890 1485 (ἁπο-

109 1496 237 1532 στέλλων)
257 1497 303 1531 qui
323 1497 407 1524 mittit
426 1503 476 1530 per
491 1504 565 1523 mare
581 1496 692 1524 obsides
711 1501 739 1523 et
760 1495 889 1530 epistolas

110 1551 272 1578 papyrocaas
297 1551 379 1578 super
393 1550 491 1578 aquam
505 1543 539 1570 ".
558 1552 566 1568 )
590 1543 641 1570 Per
657 1542 730 1577 quod
756 1541 890 1577 signiﬁcat

111 1589 183 1624 quod
209 1589 279 1616 ultra
295 1589 456 1624 {Ethiopum
477 1597 586 1624 quoque
608 1589 734 1624 regiones
750 1596 782 1615 ac
798 1588 892 1615 novis-

110 1634 177 1661 sima
193 1639 271 1661 teme
287 1634 356 1666 loca,
370 1642 454 1662 sonus
468 1635 577 1661 malitiae
592 1641 698 1666 eorum,
711 1633 891 1668 quiJudu-am

111 1680 266 1706 inhabitant
285 1688 338 1714 per
365 1680 490 1714 qiuedatu
520 1680 597 1706 velut
621 1679 761 1706 volitantia
785 1678 892 1712 navigia

111 1724 292 1758 processerit:
319 1727 347 1750 et
370 1730 466 1749 eorum
487 1723 603 1757 apostoli
625 1723 757 1757 epistolas
779 1730 892 1757 papyru-

112 1777 174 1796 ceas
186 1769 351 1800 deterentes,
375 1774 403 1796 et
421 1776 504 1803 super
515 1776 600 1803 aquas
621 1769 791 1803 navigantes,
804 1776 893 1796 marc-

112 1823 165 1850 que
182 1815 271 1850 ipsum
298 1814 456 1849 implentcs,
483 1815 584 1849 ubique
602 1819 738 1841 terrarum
757 1814 881 1842 discurrc

112 1863 187 1893 bant,
201 1869 343 1889 sermones
355 1861 388 1888 de
403 1861 546 1888 Salvatore
569 1865 666 1888 nostro
684 1861 892 1888 calumniantes.

112 1906 214 1934 Iudaeis
235 1913 300 1933 vero
326 1912 402 1932 nunc
421 1912 531 1940 quoque
552 1905 638 1932 moris
672 1909 723 1936 est.
748 1912 796 1932 eos
813 1905 859 1940 qui
878 1912 894 1931 a

116 1951 289 1986 principibus
298 1950 457 1986 quotidiana
468 1950 596 1978 deferunt
610 1950 746 1986 epistolia,
758 1951 894 1986 apostolos

115 1997 264 2031 appellare.

151 2041 270 2073 XXVlll,
292 2042 388 2068 23-51.
419 2051 427 2067 ι
446 2042 569 2076 Cumque
593 2042 665 2069 inter
686 2050 715 2070 se
743 2042 895 2070 concordes

117 2096 125 2111 ι
146 2093 200 2113 non
216 2091 319 2118 essent,
338 2086 524 2120 discedebant,
543 2095 627 2114 unum
654 2087 767 2115 verbum
788 2088 895 2115 dicente

116 2132 239 2159 vPaulo.
269 2132 341 2160 Bene
370 2132 489 2168 Spiritus
517 2137 628 2160 sanctus
655 2134 764 2161 locutus
782 2138 824 2161 est
848 2141 896 2169 per

117 2186 126 2202 ε
149 2177 244 2204 Isaiam
273 2178 433 2213 prophetam
465 2178 499 2206 ad
531 2183 623 2213 patres
649 2184 758 2206 nostros
784 2180 894 2207 (licens:
913 2191 933 2216 ο

117 2232 127 2249 1
143 2223 217 2251 Vade
234 2224 267 2251 ad
285 2224 415 2259 populum
427 2225 519 2257 istum,
531 2229 558 2252 et
573 2225 632 2252 dic:
646 2225 766 2252 Auribus
778 2225 896 2252 audietis

119 2280 126 2293 ι
143 2275 170 2296 et
192 2277 246 2296 non
272 2271 440 2305 intelligatis,
465 2275 492 2298 et
519 2271 642 2298 ridentes
656 2271 785 2298 videbitis
798 2276 825 2298 et
842 2279 897 2298 non

119 2325 127 2340 l
149 2315 318 2350 perpiciatis.
338 2316 520 2344 lncrassatum
549 2321 591 2344 est
611 2318 684 2343 enim
716 2325 763 2343 cor
802 2317 896 2352 populi

123 2370 132 2385 ι
155 2360 248 2395 hujus,
274 2365 302 2387 et
324 2360 437 2387 auribus
457 2361 577 2396 graviter
603 2360 760 2394 audierunt,
779 2370 896 2396 suosque

121 2415 129 2430 ι
148 2405 243 2432 oculos
260 2406 429 2438 clauserunt,
457 2414 490 2433 ne
514 2408 623 2440 quando
640 2407 748 2434 videant
764 2408 850 2435 oculis
869 2413 898 2436 et

119 2462 127 2476 ε
149 2452 263 2479 auribus
288 2452 411 2484 audiant,
449 2457 477 2479 et
504 2453 586 2480 corde
611 2453 772 2489 intelligant,
792 2459 819 2482 et
835 2463 900 2482 con-

120 2507 128 2523 ι
150 2502 293 2525 vertantur
319 2502 346 2525 et
361 2506 453 2525 saucm
467 2506 524 2525 eos.
549 2499 648 2526 Notum
669 2508 734 2535 ergo
761 2501 797 2528 sit
809 2501 898 2533 vobis,

120 2555 128 2568 ε
148 2544 219 2578 quod
242 2544 369 2578 gentibus
394 2544 507 2572 missum
523 2549 566 2572 est
583 2545 636 2573 hoc
659 2546 777 2573 salutare
791 2545 849 2578 Dei,
872 2550 900 2572 ct

120 2599 128 2614 ε
148 2589 197 2623 ipsi
212 2589 333 2616 audient.
344 2588 465 2624 Cumque
478 2590 533 2617 haec
542 2590 665 2622 dixisset,
681 2590 782 2625 egressi
790 2595 852 2617 sunt
863 2589 898 2616 ab

123 2642 131 2658 ι
145 2641 178 2660 eo
189 2633 285 2666 Judaei,
302 2634 416 2661 multam
439 2634 572 2662 habentes
590 2635 662 2662 inter
678 2643 706 2662 se
725 2635 898 2669 disceptatio-

121 2688 129 2704 ι
149 2687 220 2706 nem.
237 2680 315 2715 187
333 2680 528 2710 Mausitautem
542 2681 642 2708 Paulus
661 2681 773 2707 biennio
801 2685 858 2706 toto
872 2680 899 2706 in

120 2733 130 2750 ‹
147 2732 197 2752 suo
210 2725 398 2753 conductozct
409 2726 572 2760 suscipiebat
594 2733 688 2753 omnes
700 2725 745 2760 qui
762 2725 898 2760 ingredie-

154 2815 176 2830 ’³
192 2815 244 2842 lsa.
257 2822 335 2846 xvtu,
356 2815 410 2847 ιβ.

939 901 1006 935 Πρὶν
1027 901 1193 936 ἐπιδημῆσαι
1216 901 1322 928 Παῦλον
1339 901 1368 927 ἐν
1388 902 1421 936 τῇ
1441 900 1544 935 Ῥώμῃ,
1566 900 1725 935 παρηγγελ-

940 948 1014 982 μένοι
1031 945 1102 982 ἦσαν
1124 948 1149 973 οἱ
1173 947 1305 978 Ἰουδαῖοι,
1325 947 1362 981 μὴ
1392 946 1597 980 παραδέξασθαι
1613 945 1644 971 τὸ
1661 946 1726 980 περὶ

937 992 1054 1028 Χριστοῦ
1069 995 1207 1028 κήρυγμα,
1226 993 1276 1020 οὐκ
1295 992 1371 1018 αὐτοὶ
1384 992 1411 1018 δὲ
1429 992 1516 1026 μόνοι.
1534 991 1602 1018 ἀλλὰ
1624 990 1672 1017 καὶ
1701 992 1724 1016 οε

939 1038 1076 1074 πανταχοῦ
1107 1039 1169 1072 γῆς.
1191 1039 1275 1065 Πόθεν
1307 1038 1334 1064 δὲ
1359 1038 1454 1072 δῆλον;
1475 1037 1598 1072 Εὖρομεν
1625 1038 1652 1062 ὲν
1669 1038 1726 1068 τοῖς

939 1084 991 1110 τῶν
1007 1083 1127 1110 παλαιῶν
1146 1083 1370 1118 συγγράμμασιν,
1388 1082 1425 1114 ὡς
1439 1083 1463 1109 οι
1480 1083 1530 1117 τὴν
1549 1081 1726 1117 Ἰερουσαὶὴμ

938 1131 1076 1162 οἰκοῦντες
1100 1131 1182 1166 ἱερεῖς
1198 1131 1245 1157 καὶ
1272 1131 1447 1165 γραμματεῖς
1474 1130 1521 1156 καὶ
1541 1129 1725 1164 πρεσόὑτεροι

939 1177 1090 1212 γράμματα
1103 1175 1326 1211 διαχαράξαντες,
1342 1176 1381 1206 εις
1391 1176 1478 1202 πάντα
1494 1174 1678 1210 διεπέμψαντο
1693 1175 1726 1200 τὰ

939 1222 1003 1257 ἔθνη
1028 1223 1082 1254 τοῖς
1109 1221 1266 1256 ἁπανταχοῦ
1293 1221 1440 1253 Ἰουδαίοις,
1466 1221 1653 1251 διαϐάλλοντες
1679 1221 1726 1255 τὴν

939 1269 986 1295 τοῦ
999 1269 1115 1303 Χριστοῦ
1137 1268 1320 1301 διδασκαλίαν,
1347 1268 1384 1300 ὼς
1408 1268 1551 1304 ἀλλοτρίαν
1577 1267 1623 1294 τοῦ
1646 1267 1724 1297 Θεοῦ.

941 1313 1129 1348 παρήγγελλόν
1144 1323 1173 1340 τε
1189 1315 1224 1341 δι’
1234 1312 1382 1340 ἐπιστολῶν
1403 1313 1439 1348 μὴ
1456 1313 1658 1347 παραδέξασθαι
1676 1313 1725 1339 αὖ·

941 1359 1001 1394 τήν.
1019 1359 1103 1386 Τοῦτο
1117 1360 1148 1393 δὴ
1163 1360 1230 1386 αὐτὸ
1253 1359 1397 1394 σημαίνειν
1412 1359 1487 1385 ἔοικε
1507 1359 1555 1385 καὶ
1569 1360 1585 1393 ἡ
1607 1359 1724 1392 λέγουσα

940 1406 1091 1442 προφητεία
1109 1406 1219 1432 Ἡσαΐου
1232 1415 1238 1419 -
1255 1415 1264 1431 ι
1282 1406 1349 1432 Οὐαὶ
1369 1405 1429 1440 γῆς,
1458 1405 1557 1431 πλοίων
1576 1405 1722 1439 πτέρυγες,

941 1452 1067 1479 ἐπέκεινα
1076 1452 1204 1485 ποταμῶν
1213 1451 1364 1482 Αἰθιοπίας,
1377 1451 1549 1477 ἀποστέλλων
1563 1452 1590 1477 ὲν
1601 1451 1724 1488 θαλάσσῃ

941 1498 1043 1532 ὅμηρα,
1058 1497 1104 1523 καὶ
1119 1497 1262 1528 ἐπιστολὰς
1283 1497 1409 1531 βυΰλίνας
1431 1497 1522 1523 ἐπάνω
1536 1497 1581 1522 τοῦ
1591 1496 1696 1528 ὓδατος.
1713 1506 1722 1523 ι

944 1542 984 1569 Δι’
996 1541 1025 1571 οἶδ
1044 1543 1170 1578 σημαίνει
1182 1543 1222 1575 ὡς
1245 1544 1292 1569 καὶ
1309 1544 1395 1578 πέραν
1411 1542 1459 1576 τῆς
1477 1542 1612 1569 Αἰθιόπων
1635 1543 1726 1577 χώρας

943 1589 1051 1615 καὶτῶν
1077 1589 1207 1624 ἐσχατιῶν
1229 1589 1278 1623 τῆς
1293 1589 1343 1623 γῆς
1359 1589 1372 1614 ὁ
1383 1588 1431 1622 τῆς
1447 1588 1577 1623 πονηρίας
1591 1586 1656 1623 ἦχος
1671 1588 1724 1614 τῶν

942 1636 990 1670 τὴν
1011 1635 1137 1661 Ἰουδαίαν
1146 1634 1290 1661 οἰκούντων
1305 1634 1349 1660 διά
1365 1641 1444 1659 τινων
1460 1633 1552 1668 ὥσπερ
1565 1634 1720 1668 ἱπταμὲνων

943 1680 1043 1707 πλοίων
1062 1679 1211 1715 προῆλθεν,
1228 1679 1254 1706 οἵ
1274 1688 1304 1705 τε
1317 1678 1460 1706 ἀπόστολοι
1476 1679 1565 1704 αὐτῶν
1581 1679 1724 1710 ἐπιστολὰς

944 1726 1069 1760 suam;
1101 1726 1332 1760 ἐπικομιζόμενοι,
1352 1726 1478 1760 ὑπεράνω
1499 1733 1527 1750 τε
1550 1725 1605 1751 τῶν
1625 1725 1726 1752 ὑδάτων

946 1771 1160 1806 ναυτιλλόμενοι,
1179 1772 1225 1797 καὶ
1242 1771 1290 1805 τὴν
1311 1771 1447 1797 θάλασσαν
1470 1770 1643 1804 ἐμπλέοντες,
1662 1780 1727 1797 παν-

944 1817 1026 1852 ταχοῦ
1048 1818 1098 1852 γῆς
1118 1817 1265 1852 διέτρεχον,
1291 1817 1336 1843 τὸν
1355 1817 1416 1851 περὶ
1436 1817 1482 1842 τοῦ
1508 1817 1632 1852 Σωτῆρος
1649 1818 1726 1853 ἡμῶν

944 1862 1128 1894 διαϐάλλοντες
1150 1862 1238 1895 λόγον.
1271 1862 1446 1893 Ἀποστόλους
1462 1862 1489 1888 δὲ
1512 1863 1593 1888 εἰσέτι
1612 1864 1659 1888 καὶ¹
1676 1863 1722 1888 νῦν

945 1908 1003 1939 ἔθος
1013 1908 1086 1934 ἐστὶν
1102 1907 1394 1941 Ἰονδαίοιςόνομάζειν
1409 1909 1470 1939 τοὺς
1486 1908 1617 1941 ἐγκύκλια
1639 1910 1726 1944 γράμ-

949 1962 1022 1989 ματα
1041 1954 1117 1988 παρὰ
1134 1954 1187 1980 τῶν
1205 1954 1344 1989 ἀρχόντων
1371 1954 1460 1981 αὐτῶν
1475 1954 1725 1989 ἐπικομιζομένους.

984 2052 993 2068 ι
1019 2042 1189 2077 ’Λσύμφωνοι
1203 2043 1230 2070 δὲ
1245 2043 1319 2074 ὅντες
1335 2043 1403 2078 πρὸς
1415 2043 1556 2076 ἀλλήλους,
1573 2042 1725 2074 ἀπελύοντο,

949 2098 958 2114 ι
981 2088 1102 2120 εἰπόντος
1131 2088 1179 2115 τοῦ
1206 2088 1312 2115 Παύλου
1339 2089 1415 2123 ῥῆμα
1440 2088 1479 2114 ἓν.
1509 2088 1569 2113 Ὅτι
1594 2088 1684 2119 καλῶς
1699 2089 1727 2114 τὸ

950 2143 958 2160 ι
979 2134 1089 2169 Πνεῦμα
1101 2134 1131 2161 τδ
1146 2134 1222 2169 ἅγιον
1242 2135 1356 2169 ἐλάλησε
1371 2135 1413 2160 διὰ
1438 2133 1549 2160 Ἡσαΐου
1563 2133 1610 2159 τοῦ
1629 2133 1730 2168 προφή-

952 2189 960 2206 ι
977 2188 1024 2205 του
1047 2183 1115 2214 πρὸς
1136 2179 1200 2210 τοὺς
1217 2179 1340 2215 πατέρας
1359 2178 1448 2214 ἡμῶν,
1462 2177 1539 2211 λέγον
1550 2186 1556 2192 ’
1581 2178 1727 2212 Πορεύθητι

952 2235 960 2251 ι
973 2225 1041 2260 πρὸς
1051 2225 1096 2252 τὸν
1105 2226 1167 2252 λαὸν
1183 2226 1288 2258 τοῦτον,
1298 2226 1344 2251 καὶ
1359 2224 1419 2250 εἰπέ
1430 2233 1436 2239 ·
1453 2223 1534 2258 Ἀκοῇ
1544 2224 1672 2250 ἀκούσετε
1686 2223 1727 2249 καὶ

952 2272 1004 2298 (οὐ
1026 2271 1062 2306 μὴ
1079 2271 1188 2306 συνῆτε,
1207 2271 1256 2297 καὶ
1275 2270 1420 2305 βλέποντες
1435 2269 1546 2304 βλέψετε
1569 2270 1615 2296 καὶ
1642 2271 1671 2296 οὺ
1694 2270 1726 2305 μὴ

952 2327 960 2343 ι
979 2317 1061 2352 ῑδητε.
1087 2316 1240 2351 Ἐπαχύνθη
1256 2316 1309 2351 γὰρ
1331 2316 1347 2350 ἡ
1366 2316 1462 2350 καρδία
1478 2316 1524 2342 τοῦ
1541 2315 1606 2342 λαοῦ
1624 2316 1725 2345 τούτου,

951 2373 959 2387 ι
982 2364 1028 2388 καὶ
1041 2363 1096 2393 τοῖς
1104 2361 1155 2387 ὠσὶ
1171 2361 1275 2395 βαρέως
1288 2361 1406 2396 ἥκουσαν
1417 2369 1424 2375 ·
1439 2360 1502 2392 ’τοὺς
1514 2360 1669 2395 ὀφθαλμοὺς
1684 2361 1727 2386 αὺ-

951 2417 960 2433 ι
982 2407 1035 2432 τῶν
1059 2407 1233 2441 ἐκάμμυσαν,
1252 2407 1289 2440 μή
1314 2414 1378 2432 ποτε
1401 2406 1477 2433 ἴδωσι
1496 2407 1551 2437 τοῖς
1573 2406 1726 2440 ὀφθαλμοῖς,

951 2463 960 2479 ι
979 2454 1024 2479 καὶ
1049 2453 1104 2483 τοῖς
1129 2451 1195 2478 ὠσὶν
1218 2451 1366 2483 ἀκούσωσι,
1387 2451 1436 2478 καὶ
1456 2453 1489 2486 τῇ
1506 2452 1603 2486 καρδία
1621 2451 1726 2482 συνῶσι,

953 2508 961 2524 ι
980 2498 1027 2524 καὶ
1042 2496 1233 2532 ἐπιστρέψωσι,
1244 2498 1289 2523 καὶ
1306 2497 1423 2531 ξάσωμαι
1435 2495 1544 2527 αὐτούς.
1556 2496 1676 2522 Γνωστὸν
1687 2494 1727 2522 οἷν

955 2554 963 2569 ι
983 2544 1053 2570 ἔστω
1067 2543 1139 2577 ὑμῖν,
1155 2544 1196 2569 ὅτι
1212 2544 1267 2574 τοῖς
1280 2542 1383 2569 ἔθνεσιν
1398 2542 1536 2576 ἀπεστάλη
1553 2542 1582 2567 τὸ
1599 2542 1727 2576 σωτήριον

957 2599 965 2615 ι
985 2588 1032 2615 τοῦ
1048 2588 1126 2620 θεοῦ,
1144 2588 1220 2615 αὐτοὶ
1233 2588 1279 2614 καὶ
1290 2588 1461 2614 ἀκούσονται.
1478 2587 1532 2613 Καὶ
1551 2587 1636 2613 ταῦτα
1651 2586 1726 2612 αὑτοῦ

956 2644 965 2660 ι
986 2633 1118 2664 εἰπόντος,
1137 2632 1257 2664 ἀπῆλθον
1272 2633 1295 2658 οἱ
1315 2633 1435 2658 Ἰουδαῖοι
1462 2632 1560 2666 πολλὴν
1576 2632 1681 2666 ἔχοντες
1704 2633 1728 2657 ἐν

957 2688 965 2704 ι
989 2679 1092 2710 ἑαυτοῖς
1118 2678 1274 2712 συζήτησιν.
1297 2678 1407 2712 Ἔμεινε
1423 2678 1449 2703 δὲ
1474 2679 1487 2703 ὁ
1505 2677 1608 2707 Παῦλος
1635 2676 1728 2702 διετίαν

957 2734 965 2750 ι
993 2724 1056 2759 ὅλην
1073 2725 1101 2751 ἐν
1127 2724 1183 2758 ἰδίῳ
1199 2723 1363 2758 μισθώματι.
1388 2724 1441 2749 Καὶ
1465 2723 1609 2758 ἀπεδέχετο
1633 2722 1728 2752 πάντας
