1881 3051
122 101 172 133 311

665 101 862 132 (ECUMENll
878 99 1024 129 TRICCE
1045 102 1212 131 EPISCOPI

1694 98 1750 130 31?.

122 162 224 189 Verum
239 159 367 187 tribunus
378 158 468 185 statim
481 166 543 186 eum
556 159 667 194 eripuit,
683 163 711 186 et
722 166 784 185 cum
795 156 904 184 militari

1008 159 1115 192 ιρεῖται,
1132 158 1178 185 καὶ
1193 158 1262 192 μετὰ
1278 157 1477 193 στρατιωτικῆς
1497 156 1623 192 βοηθείας
1638 156 1678 186 εἷς
1697 156 1749 185 τὴν

122 206 225 234 auxilio
236 206 325 240 ipsum
337 205 489 233 Czesaream
505 205 538 232 ad
554 205 696 240 prtesidem
714 205 809 231 mittit.
820 205 906 231 Acce-

122 257 223 288 perunt
235 260 300 288 ergo
320 252 409 287 ipsum
428 257 456 279 et
471 252 504 279 ad
516 252 608 279 ducent
621 252 742 286 gentium
765 251 906 278 duxerunt

122 300 169 335 qui
189 300 286 327 Festus
303 299 456 327 dicebatur.
470 299 538 326 Cum
557 303 648 326 autem
674 299 790 326 sentiret
803 298 906 325 Paulus

122 349 288 380 prreparatas
302 345 432 372 adversus
446 353 475 372 se
495 345 606 372 insidias
621 353 635 371 a
646 345 756 375 Judaeis,
769 345 859 372 statim
872 345 905 370 ad

123 390 242 417 tribunal
257 394 332 416 stans
346 389 479 417 Caesarem
497 389 615 424 appellat
631 398 638 416 :
655 393 683 416 et
702 389 827 416 redditur
842 389 905 423 qui-

123 434 184 460 dem
201 434 309 461 interim
321 432 521 468 forojudiciali,
534 433 639 468 quievit
653 438 742 460 tamen
755 433 904 462 accusatio,

122 485 183 512 qum
203 478 335 505 adversus
350 478 438 512 ipsum
456 485 470 504 a
490 477 591 504 Judmis
605 478 757 512 excogitata
775 482 834 504 erat
851 485 856 503 :
874 485 905 504 ac

123 523 296 558 postmodum
324 524 436 550 Romam
459 530 473 550 a
497 523 703 558 magistratibus
727 524 849 550 mittitur
871 523 905 550 ad

122 570 255 596 Caesarem
275 578 282 596 :
298 569 345 596 ubi
364 577 426 597 cum
443 569 539 596 eadem
557 570 706 596 certamina
728 569 904 604 suscepisset,

122 623 155 642 ac
177 623 227 650 pro
250 615 353 643 eisdem
374 615 495 650 prmmiis
512 615 674 647 laborasset,
694 615 804 642 tandem
820 623 835 642 e
851 615 906 642 vita

122 668 233 695 quoque
247 668 297 695 pro
318 661 445 688 veritatis
462 660 636 696 dogmatibus
654 661 771 688 excessit
785 669 792 687 :
808 661 904 688 melio-

122 712 180 732 rem
194 713 254 732 esse
265 705 403 740 judicans,
418 713 479 739 quae
493 713 556 732 cum
573 704 683 732 Christo
701 709 775 732 esset
788 713 905 733 conver-

123 751 270 783 sationem,
294 751 401 778 mortali
421 751 472 778 hac
492 756 520 778 et
542 751 630 786 fragili
648 752 713 779 vita.
735 752 802 779 Nam
823 753 905 787 paulo

122 802 186 831 post
197 797 292 823 volens
306 797 381 824 illum
400 796 490 823 Caesar
503 797 576 824 Nero
591 797 625 824 ab
642 797 693 825 hac
708 798 763 824 vita
775 799 903 830 educere,

122 850 214 869 veram
230 842 292 876 ipsi,
308 850 424 877 quaeque
437 843 493 869 sola
505 850 570 870 vera
580 843 633 869 vita
648 847 699 874 est,
713 843 835 874 donavit,
850 851 907 871 cna-

123 888 200 922 lique
227 888 363 915 haaredem
389 888 542 926 constituit,
568 896 648 924 quem
674 893 746 916 terra
777 890 907 924 privavit.

125 934 195 960 Sunt
211 934 302 968 itaque
319 934 452 965 civitates.
475 942 542 968 quas
565 942 612 961 sua
631 935 825 969 praedicatione
846 943 909 969 per-

125 979 252 1006 lustravit
268 979 470 1006 illustrissimus
487 979 590 1007 Christi
602 981 741 1015 apostolus
754 981 865 1013 Paulus,
879 985 909 1009 ut

124 1025 152 1051 in
166 1025 358 1059 compendium
370 1025 519 1053 referamus
530 1034 590 1060 qua:
603 1031 767 1060 sequuntur.

178 1071 256 1105 192
276 1071 530 1099 PEREGRINATIO
549 1071 652 1098 PAULI
671 1071 848 1099 APOSTOLI.

161 1117 181 1143 A
197 1117 327 1143 Damaseo
343 1117 622 1152 caepit,asecnditquc
631 1118 828 1153 Hierosolyma,
845 1119 907 1146 inde

125 1159 251 1192 Tarsum,
263 1166 291 1187 et
305 1160 339 1188 ab
359 1169 392 1188 eo
409 1162 470 1188 loco
487 1161 671 1193 Antiochiam.
685 1171 849 1198 rursumque
863 1171 907 1191 se-

125 1206 216 1233 cundo
231 1206 429 1242 Hierosolyma,
449 1215 481 1234 ac
496 1207 586 1234 denuo
599 1208 783 1240 Antiochiam,
799 1213 827 1236 et
844 1209 908 1237 inde

125 1259 188 1278 cum
209 1252 331 1279 Bamaba
351 1257 493 1288 separatus
515 1253 542 1280 in
566 1255 747 1289 apostolatum
766 1256 908 1283 descendit

125 1297 290 1331 Seleuciam,
320 1298 419 1326 deinde
443 1299 572 1334 Cyprum,
601 1299 646 1326 ubi
676 1304 704 1327 et
731 1301 832 1328 Paulus
854 1301 908 1328 dici

127 1347 234 1377 ereptus
249 1347 300 1375 est,
312 1344 486 1378 postmodum
498 1344 613 1380 Pergcn,
622 1345 721 1372 deinde
734 1345 908 1373 Antiochiam

127 1389 246 1420 Pisidiae,
268 1388 332 1416 inde
355 1389 488 1421 Iconium,
507 1390 572 1418 hinc
596 1390 719 1426 Lystram
745 1399 776 1419 ac
801 1392 907 1420 Derben

129 1432 281 1468 Lycaoniaz.
295 1434 472 1461 Postmodum
486 1435 513 1462 in
527 1435 718 1470 Pamphiliam,
732 1436 831 1464 deinde
844 1437 909 1465 Per-

126 1487 189 1513 gen,
205 1479 270 1506 hinc
290 1479 428 1512 Attaliam,
450 1489 558 1508 rursum
575 1481 656 1509 tertio
671 1482 844 1510 Antiochiam
859 1483 909 1519 Sy-

127 1525 184 1551 riae.
204 1525 380 1552 Pestmodum
407 1527 488 1554 tertio
512 1535 623 1554 rursum
649 1527 835 1564 Hierosolyma
856 1529 910 1557 cir-

126 1570 302 1599 cumeisionis
323 1579 404 1600 causa
423 1582 429 1599 :
454 1573 553 1601 deinde
575 1573 674 1601 iterum
697 1580 796 1610 quarto
812 1576 909 1603 Antio-

125 1616 224 1643 chiam.
263 1616 333 1644 Tum
362 1619 540 1653 pertransivit
573 1619 678 1654 Syriam
708 1627 740 1647 ac
774 1620 909 1648 Ciliciam.

127 1664 245 1690 Rursum
270 1664 392 1691 secundo
409 1665 519 1692 Derben
543 1673 574 1693 ac
596 1665 733 1702 Lystram,
755 1667 800 1694 ubi
817 1667 910 1695 Timo-

127 1711 222 1736 theum
244 1710 426 1737 circumcidit.
451 1711 481 1738 in
504 1711 660 1747 Phrygiam,
684 1713 859 1746 postmodum
883 1718 912 1741 et

126 1754 274 1782 Galaticam
287 1755 437 1790 regionem,
455 1756 518 1784 inde
533 1757 561 1784 in
580 1757 704 1792 Mysiam.
715 1763 809 1792 postea
825 1758 911 1786 Troa-

128 1801 200 1831 dem,
212 1805 240 1827 et
257 1800 319 1828 inde
333 1800 486 1836 Neapolim.
501 1801 572 1829 Hinc
585 1802 736 1837 Philippos,
749 1802 912 1830 Macedonia:

128 1845 236 1876 urbem,
253 1845 354 1873 deinde
388 1846 573 1881 Amphipolim
596 1847 824 1882 Apolloniamque
850 1855 912 1882 per—

130 1891 270 1919 transicns
294 1893 368 1920 venit
397 1893 619 1921 Thessalonicam
641 1903 647 1920 :
672 1894 745 1921 unde
776 1894 910 1922 Beroeam.

128 1936 197 1964 Hinc
206 1937 326 1966 Secundo
338 1939 511 1966 Antiochiam
527 1939 644 1967 Pisidiae.
657 1940 776 1967 Rursum
793 1940 820 1967 in
832 1940 913 1967 Gala-

128 1983 208 2009 ticam
230 1983 368 2018 regionem
391 1992 422 2012 ac
439 1985 585 2020 Phrygiam
605 1994 611 2012 :
636 1985 736 2013 deinde
753 1985 852 2012 iterum
870 1994 913 2014 se-

129 2028 219 2054 cundo
237 2028 374 2063 Ephesum
393 2039 399 2056 :
421 2030 494 2057 unde
515 2031 702 2064 pertransiens
726 2031 911 2058 Macedoniam

130 2074 205 2100 venit
229 2074 256 2100 in
274 2073 406 2101 Graeciam
432 2083 437 2101 :
462 2079 491 2102 et
516 2067 732 2110 inde'pra‘tc’rita
755 2076 913 2104 Macedonia

131 2127 241 2146 rursum
254 2119 406 2155 Philippos,
419 2125 447 2148 et
458 2128 472 2148 a
487 2121 620 2156 Philippis
635 2122 779 2154 Troadem.
795 2123 841 2149 ubi
858 2123 913 2150 Ειι-

960 203 1130 238 Καισάρειαν
1157 204 1224 239 πρὸς
1249 204 1294 229 τὸν
1319 203 1440 238 ἡγεμόνα
1456 203 1571 237 πέμπει.
1597 201 1749 227 Συνέλαϐον

958 248 1005 276 οὖν
1022 250 1112 280 αὑτὸν,
1128 250 1175 276 καὶ
1190 249 1259 284 πρὸς
1272 249 1317 276 τὸν
1329 249 1464 285 ἐθνάρχην
1476 247 1556 284 ἦγον,
1569 249 1674 282 Φῆστος
1685 247 1749 273 ὅνο-

962 304 999 330 μα
1015 295 1100 330 αὐτῷ.
1117 294 1282 329 Λίσθόμενος
1297 295 1335 325 δὲ,
1360 294 1495 328 συσκευῆν
1511 294 1572 320 κατ’
1587 293 1670 319 αὑτοῦ
1686 302 1752 319 τινα

957 341 1104 376 γινομένην
1117 341 1169 367 ὑπὸ
1185 341 1320 367 Ἰουδαίων
1340 340 1456 372 Παῦλος,
1477 340 1557 371 εὐθὺς
1570 339 1615 365 ἐπὶ
1626 339 1674 365 τοῦ
1695 339 1750 374 βή-

960 395 1047 422 ματος
1077 387 1247 413 ἐπικαλεῖται
1267 387 1312 412 τδν
1329 386 1468 421 Καίσαρα.
1490 386 1544 412 Καὶ
1564 385 1669 411 ἀνίεται
1692 385 1747 418 μὲν

956 432 1024 464 τέως
1036 432 1083 458 τοῦ
1098 433 1252 467 κριτηρίου,
1270 433 1349 467 ἀργεῖ
1359 432 1388 458 δὲ
1399 433 1415 466 ὴ
1429 432 1487 458 κατ’
1506 432 1588 457 αἱ)τοῦ
1604 433 1661 462 τοῖς
1675 432 1748 457 Ἰου-

957 478 1043 509 δαίοις
1066 479 1240 514 μελετωμένη
1273 478 1414 512 ἐπιϐουλὴ,
1434 478 1481 504 καὶ
1506 477 1600 504 λοιπὸν
1633 478 1672 509 εἰς
1699 478 1750 511 τὴν

963 524 1128 559 Ῥιῦμηνὺπδ
1137 525 1190 551 τῶν
1200 525 1337 559 ἀρχόντων
1346 525 1517 558 ἐκπέμπεται
1531 524 1598 559 πρὸς
1609 524 1749 557 Καίσαρα-

958 570 1076 596 Κὰκεῖσε
1087 570 1149 600 τοὺς
1160 570 1258 601 αὐτοὺς
1270 569 1376 602 ἀγῶνας
1389 569 1594 602 ὲπιδεξὲιμενος,
1610 568 1658 593 καὶ
1676 568 1751 600 ὑπὲρ

955 615 1010 641 τῶν
1024 615 1112 641 αὐτῶν
1122 615 1210 642 ἄθλων
1225 615 1351 645 πονέσας,
1363 615 1439 646 τέλος
1454 614 1499 640 καὶ
1514 614 1598 648 αὐτῆς
1613 613 1662 647 τῆς
1676 612 1753 646 ζωῆς

956 661 1026 696 ὑπὲρ
1034 662 1087 687 τῶν
1095 661 1144 694 τῆς
1153 660 1280 696 ἀληθείας
1294 660 1436 694 δογμάτων
1445 658 1551 693 ἐξέστη,
1563 659 1666 694 βέλτιον
1678 655 1752 683 εἶναι

956 706 1052 742 κρίνας
1058 706 1106 745 τὴν
1119 706 1187 741 μετὰ
1195 705 1312 741 Χριστοῦ
1321 705 1468 739 διαγωγὴν,
1478 706 1526 738 τῆς
1536 704 1635 739 θνητῆς
1646 703 1752 737 ταύτης

956 751 1003 778 καὶ
1011 752 1091 786 ὲπική
1097 760 1143 786 ρου
1154 751 1235 785 ζωῆς.
1249 750 1355 785 Μικρὸν
1363 751 1416 784 γὰρ
1431 750 1542 784 ὕστερον
1552 751 1566 775 ὁ
1579 750 1685 783 Καῖσαρ
1698 748 1752 774 Νέ-

959 804 1012 833 ρων
1033 796 1172 831 βουληθεὶς
1200 796 1282 822 αὑτὸν
1301 795 1348 830 τῆς
1375 795 1447 830 ζωῆς
1466 794 1568 829 ταύτης
1593 794 1751 827 ἐξαγαγεῖν,

961 843 1012 875 τὴν
1027 842 1157 877 ἀληθινὴν
1169 841 1242 875 αὐτῷ
1264 842 1309 867 καὶ
1330 841 1415 872 ὅντως
1439 841 1511 875 ζωὴν
1527 840 1684 875 ἐχαρίσατο,
1702 839 1752 865 καὶ

962 889 1080 923 καθιστᾷ
1100 887 1215 923 οὐρανοῦ
1238 887 1418 922 κληρονόμον,
1439 887 1468 912 ὃν
1489 886 1539 920 τῆς
1557 886 1608 919 γῆς
1633 884 1752 912 ἀπεστέ-

964 943 1056 970 ρησεν.
1083 935 1158 960 Εἰσὶν
1183 933 1230 959 οὖν
1255 934 1283 959 αἱ
1304 934 1447 962 πολιτεῖαι,
1475 932 1508 962 ἃς
1528 932 1567 967 τῷ
1589 932 1751 966 κηρύγματι

963 978 1110 1013 περιῆλθεν
1137 978 1151 1003 ὁ
1176 978 1356 1012 πανεύφημος
1381 977 1427 1003 τοῦ
1455 976 1573 1012 Χριστοῦ
1602 977 1752 1008 ἀπόστολος

962 1023 1077 1054 Παῦλος,
1096 1023 1132 1054 ὡς
1151 1023 1179 1048 ἐν
1202 1023 1327 1058 συντόμῳ
1346 1024 1443 1054 εἰπεῖν,
1470 1019 1550 1049 αὗται
1565 1031 1571 1037 ·

1013 1069 1201 1095 ΛΠΟΔῙΙΜΙΑΙ
1226 1068 1368 1095 ΠᾹΥΛΟΥ
1393 1068 1461 1094 ΤΟΥ
1481 1068 1696 1095 ΛΠΟΣΤΟΛΟΥ.

1004 1115 1069 1141 Ἀπὸ
1082 1114 1228 1148 Δαμασκοῦ
1241 1114 1352 1148 ἤρξατο,
1369 1114 1417 1140 καὶ
1431 1114 1544 1148 ἀνῆλθεν
1554 1115 1594 1145 εἰς
1613 1114 1752 1149 Ἰερουσα-

962 1161 1028 1195 λήμ.
1044 1160 1165 1187 Ἐκεῖθεν
1180 1162 1218 1190 εὶς
1233 1161 1349 1194 Ταρσόν.
1369 1160 1503 1186 Κάκεῖθεν
1518 1161 1558 1191 είς
1573 1160 1750 1194 Ἀντιόχειαν.

962 1208 1018 1233 Καὶ
1034 1207 1114 1233 πάλιν
1131 1207 1171 1238 εἰς
1195 1207 1382 1242 Ἰερουσαλὴμ,
1404 1207 1453 1233 καὶ
1470 1207 1551 1233 πάλιν
1565 1207 1690 1241 δεύτερον
1711 1207 1751 1237 είς

968 1252 1143 1288 Ἀντιόχειαν.
1169 1252 1304 1279 Κάκεῖθεν
1329 1253 1489 1287 ἀφορισθεὶς
1524 1253 1591 1287 μετὰ
1619 1252 1749 1283 Βαρνάϐα

963 1300 1002 1329 εἰς
1026 1299 1074 1334 τὴν
1098 1298 1250 1334 ἀποστολὴν
1277 1299 1411 1333 κατῆλθεν
1426 1299 1466 1330 είς
1481 1299 1652 1325 Σελεύκειαν.
1679 1296 1748 1324 Εἶτα

963 1345 1002 1376 εἰς
1016 1345 1139 1380 Κύπρον,
1155 1345 1219 1371 ἔνθα
1229 1345 1275 1371 καὶ
1284 1344 1390 1376 Παῦλος
1402 1345 1503 1380 ἤρξατο
1514 1344 1666 1370 καλεῖσθαι.
1682 1342 1750 1369 Εἶτα

964 1392 1004 1421 εἰς
1025 1391 1146 1426 Πέργην,
1162 1388 1221 1417 εἶτα
1235 1392 1273 1421 είς
1290 1391 1457 1425 Ἀντιόχειαν
1468 1390 1518 1424 τῆς
1532 1390 1664 1420 Πισιδῖας.
1681 1388 1749 1415 Εἶτα

963 1437 1003 1467 εἰς
1024 1436 1145 1462 Ἰκόνιον.
1177 1434 1243 1462 Εἶτα
1271 1437 1310 1467 εἰς
1338 1435 1474 1470 Λύστραν,
1504 1436 1550 1461 καὶ
1576 1435 1680 1470 Δέρϐην
1698 1435 1749 1468 τῆς

963 1482 1124 1513 Λυκαονίας.
1146 1479 1216 1508 Εἶτα
1235 1482 1274 1512 είς
1293 1481 1466 1516 Παμφυλίαν.
1484 1478 1550 1507 Εἶτα
1569 1481 1608 1511 είς
1626 1480 1746 1514 Πέργην.

963 1526 1029 1553 Εἶτα
1050 1527 1090 1558 εἰς
1103 1527 1269 1554 Ἀττάλειαν.
1293 1525 1359 1553 Εἶτα
1382 1527 1463 1553 πάλιν
1478 1527 1568 1561 τρίτον
1583 1527 1623 1557 είς
1644 1526 1749 1552 Ἀντιὸ-

961 1581 1038 1608 χειαν
1052 1573 1102 1607 τῆς
1122 1573 1232 1608 Συρίας.
1260 1571 1326 1599 Εἶτα
1350 1572 1432 1598 πάλιν
1445 1572 1536 1606 τρίτον
1554 1573 1593 1602 εἰς
1613 1572 1749 1607 Ἰερουσα-

960 1619 1027 1653 λὴμ,
1043 1618 1088 1644 διὰ
1108 1618 1158 1654 τὴν
1174 1619 1335 1654 περιτομήν.
1360 1615 1425 1644 Εἶτα
1448 1618 1529 1644 πάλιν
1552 1617 1682 1652 τέταρτον
1708 1618 1749 1649 εἰς

968 1665 1143 1698 Ἀντιόχειαν.
1160 1663 1226 1690 Εἶτα
1249 1663 1340 1698 διῆλθε
1358 1664 1408 1699 τὴν
1425 1663 1524 1698 Συρίαν
1541 1663 1589 1690 καὶ
1605 1664 1654 1697 τὴν
1672 1663 1750 1689 Κιλι-

962 1710 1036 1737 κίαν.
1050 1708 1116 1736 Εἶτα
1131 1710 1212 1736 πάλιν
1227 1710 1352 1745 δεύτερον
1367 1711 1407 1741 είς
1421 1710 1525 1745 Δέρϐην
1542 1710 1588 1736 καὶ
1605 1710 1748 1744 Λύστραν,

963 1755 1027 1782 ἔνθα
1049 1755 1181 1790 Τιμόθεον
1207 1756 1381 1790 περιέτεμεν.
1405 1754 1470 1782 Εἶτα
1491 1756 1531 1787 εἰς
1554 1756 1676 1790 Φρυγίαν
1703 1756 1751 1782 καὶ

961 1801 1012 1835 τὴν
1026 1801 1179 1836 Γαλατικὴν
1192 1801 1292 1837 χώραν.
1324 1799 1391 1827 Εἶτα
1417 1801 1458 1832 εἰς
1485 1801 1604 1828 Μυσίαν.
1622 1799 1688 1826 Εἶτα
1710 1803 1751 1832 εἰς

963 1847 1089 1882 Τρωάδα.
1111 1847 1245 1873 Κάκεῖθεν
1273 1848 1313 1878 εἰς
1327 1847 1476 1873 Νεάπολιν.
1503 1846 1568 1873 Εῐτα
1592 1847 1632 1878 είς
1657 1846 1752 1872 Φιλίπ-

964 1902 1030 1925 πους
1048 1894 1096 1927 τῆς
1113 1893 1292 1924 Μακεδονίας.
1322 1891 1390 1919 Εἶτα
1419 1892 1529 1919 διελθὼν
1547 1893 1597 1927 τὴν
1614 1893 1752 1926 Ἀμφίπο-

963 1939 1006 1965 λιν
1025 1939 1072 1965 καὶ
1093 1938 1285 1970 ’Λπολλωνίαη
1300 1936 1380 1974 ἦλθεν
1404 1939 1444 1969 εις
1458 1938 1668 1972 Θεσσαλονίκην.
1684 1938 1751 1963 Εἶτα

963 1984 1004 2014 εἰς
1019 1983 1142 2018 Βέροιαν.
1162 1982 1227 2010 Εἶτα
1241 1983 1368 2018 δεύτερον
1386 1984 1604 2019 εεςἍντιόχειαν
1628 1985 1679 2017 τῆς
1703 1985 1752 2010 Πι-

965 2029 1061 2060 σιδίας.
1078 2027 1143 2056 Εἶτα
1157 2030 1196 2061 είς
1213 2029 1262 2064 τὴν
1274 2029 1426 2064 Γαλατικὴν
1453 2029 1544 2065 χώραν
1557 2030 1604 2056 καὶ
1618 2031 1749 2064 Φρυγὶαν.

965 2073 1030 2101 Εἶτα
1055 2075 1133 2102 πάλιν
1149 2075 1274 2110 δεύτερον
1289 2076 1328 2106 είς
1347 2075 1473 2108 Ἔιρεσον.
1493 2074 1559 2101 Εἶτα
1574 2075 1687 2101 διελθὼν
1701 2075 1750 2110 τὴν

966 2120 1145 2150 Μακεδονίαν,
1160 2118 1241 2155 ἦλθεν
1267 2121 1307 2151 εἰς
1339 2120 1461 2146 Ἐλλάδα.
1492 2121 1623 2146 Κάκεῖθεν
1639 2120 1750 2146 διελθὼν

129 2166 250 2202 t_vchum,
263 2166 309 2201 qui
327 2173 341 2193 a
357 2167 501 2194 ccenaculo
510 2167 657 2200 ceciderat,
675 2168 827 2195 suscitavit.
843 2169 909 2196 Hinc

1004 2172 1014 2188 ν
1027 2163 1207 2195 Μακεδονίαν,
1223 2161 1288 2198 ἦλθε
1302 2163 1382 2190 πάλιν
1393 2163 1519 2198 δεύτερον
1533 2165 1572 2194 εἰς
1587 2164 1750 2195 Φιλίππους.

128 2212 225 2244 Asson,
245 2217 273 2239 et
292 2213 465 2247 postmodum
484 2213 651 2248 Mytilenem,
668 2214 766 2242 deinde
782 2214 808 2242 in
823 2219 914 2250 partes

129 2265 189 2290 quae
202 2257 260 2283 sitae
277 2261 340 2284 sunt
352 2262 447 2285 contra
464 2257 572 2290 Chium,
586 2260 658 2286 unde
671 2259 781 2286 Samum
796 2268 802 2286 :
819 2265 913 2294 postea

129 2301 262 2333 Miletum,
278 2302 350 2329 unde
373 2303 514 2330 advocatis
531 2304 574 2330 his
590 2304 636 2338 qui
653 2304 753 2338 Ephesi
766 2305 912 2340 degebant,

130 2347 238 2373 loeutus
250 2351 292 2374 est
308 2355 370 2374 cum
383 2347 424 2375 eis
440 2356 446 2373 :
462 2348 527 2375 hinc
539 2348 635 2379 Coum,
652 2350 825 2383 postmodum
840 2351 914 2378 Rho-

130 2391 195 2418 dum
223 2399 230 2418 :
257 2396 284 2419 et
309 2392 373 2420 inde
403 2393 540 2424 Pataram,
568 2395 640 2421 unde
667 2395 780 2429 Tyrum.
809 2396 913 2423 Deinde

131 2437 337 2468 Ptolemaidem,
357 2437 475 2472 indeque
499 2438 661 2466 Caesaream.
680 2440 714 2466 Et
734 2440 798 2466 hinc
816 2447 912 2475 quarto

131 2491 239 2510 rursum
268 2483 391 2510 ascendit
419 2483 616 2519 Hierosolyma,
644 2485 716 2512 unde
747 2485 846 2512 missus
871 2491 914 2514 est

129 2528 280 2556 Caesaream
299 2538 305 2555 :
322 2537 355 2556 ac
369 2529 542 2563 postmodum
569 2530 678 2557 vinctus
697 2531 822 2557 Romam.
841 2531 880 2558 ita
897 2540 911 2559 ο

129 2573 252 2602 Cmsarea
267 2575 342 2602 venit
355 2575 484 2602 Sidoncm
500 2579 528 2602 et
545 2575 608 2603 inde
622 2576 694 2612 Μῖνα
706 2577 805 2612 Lycize,
819 2582 912 2612 postea

129 2620 246 2648 Cnidum
267 2630 275 2648 :
295 2626 324 2649 et
345 2621 410 2648 hinc
434 2622 518 2649 multa
538 2630 632 2656 passus
647 2623 672 2649 in
695 2623 811 2650 insulam
827 2624 912 2655 venit,

132 2666 177 2693 ubi
196 2667 287 2702 vipera
303 2676 412 2695 manum
428 2668 487 2703 ejus
504 2669 693 2703 apprehendit,
710 2669 862 2703 mansitque
879 2670 911 2695 il~

130 2711 218 2739 lmsus.

966 2209 1020 2235 Καὶ
1034 2209 1088 2235 ἀπὸ
1109 2210 1251 2236 Φιλίππων
1280 2210 1320 2240 εἰς
1345 2209 1469 2243 Τρωάδα,
1490 2209 1554 2236 ἔνθα
1572 2210 1617 2236 τὴν
1631 2210 1752 2245 Εὔτυχον

964 2255 1059 2290 ἤγειρε
1077 2256 1204 2282 πεσόντα.
1220 2253 1286 2280 Εἶτα
1301 2255 1342 2286 εἰς
1360 2255 1409 2290 τὴν
1426 2257 1537 2282 Ἄσσον.
1553 2255 1620 2282 Εἶτα
1644 2257 1683 2287 είς
1698 2257 1752 2282 Μι-

964 2301 1090 2336 τυλήνην.
1107 2298 1173 2326 Εἶτα
1188 2301 1228 2331 εἰς
1245 2301 1279 2325 τὰ
1294 2301 1407 2335 ἀντικρὺ
1424 2301 1500 2328 Χίου.
1517 2299 1583 2327 Εἶτα
1598 2302 1637 2332 εἰς
1648 2302 1749 2336 Σάμον.

965 2349 1099 2375 Κάκεῖθεν
1124 2349 1162 2380 εἰς
1190 2345 1326 2382 Μίλητονξ
1354 2349 1474 2375 Ἐκεῖθεν
1500 2349 1751 2384 μεταπεμψάμενος

965 2395 1027 2425 τοὺς
1042 2395 1070 2420 ὲν
1088 2395 1205 2428 Ἐφέσῳ,
1223 2394 1362 2429 ὡμίλησεν
1379 2395 1482 2426 αὐτοῖς,
1509 2394 1576 2422 Εἶτα
1606 2397 1646 2426 εἰς
1674 2396 1748 2423 Κῶν.

967 2437 1032 2465 Εἶτα
1046 2440 1086 2470 εἰς
1105 2439 1204 2467 Ῥόδον.
1215 2440 1350 2466 Κάκεῖθεν
1363 2441 1403 2472 είς
1420 2441 1541 2476 Πάταρα.
1559 2441 1694 2467 Κάκεῖθεν
1710 2442 1751 2472 είς

966 2484 1061 2519 Τύρον.
1080 2483 1146 2511 Εῐτα
1170 2487 1209 2516 είς
1234 2485 1414 2520 Πτολεμαΐδα.
1432 2487 1564 2512 Κάκεῖθεν
1579 2488 1619 2517 εἰς
1642 2488 1750 2514 Καισά-

966 2540 1052 2566 ρειαν.
1063 2532 1198 2558 Κάκεῖθεν
1212 2532 1310 2567 ἀνῆλθε
1320 2533 1447 2566 τέταρτον
1465 2533 1544 2559 πάλιν
1556 2535 1596 2565 εἰς
1614 2533 1751 2568 Ἰερουσα-

965 2579 1031 2613 λήμ.
1054 2578 1190 2605 Κάκεῖθεν
1216 2580 1402 2614 παρεπέμφθη
1431 2581 1469 2610 εἰς
1498 2581 1675 2615 Καισάρειαν.
1695 2582 1750 2607 Καὶ

964 2624 1056 2650 λοιπὸν
1072 2624 1181 2658 δέσμιος
1199 2625 1245 2651 ἐπὶ
1268 2624 1388 2659 Ῥώμην,
1404 2624 1490 2654 οὕτως
1506 2625 1558 2650 ἀπὸ
1569 2626 1748 2660 Καισαρείας,

964 2668 1046 2704 ἦλθεν
1061 2671 1099 2700 εἰς
1116 2670 1229 2696 Σιδῶνα.
1252 2670 1387 2696 Κάκεῖθεν
1405 2671 1444 2701 εἰς
1462 2671 1545 2705 Μύρα
1571 2673 1619 2705 τῆς
1633 2672 1748 2699 Λυκίας.

964 2713 1031 2750 Εἶτα
1048 2717 1087 2746 εἰς
1105 2715 1209 2741 Κνίῶν.
1226 2715 1361 2741 Κάκεῖθεν
1386 2715 1469 2742 πολλὰ
1495 2716 1599 2744 παθὼν,
1613 2714 1694 2750 ἦλθεν
1709 2719 1750 2749 εἷς

964 2748 1117 2795 τὴιιῗὶῆοον,
1129 2760 1217 2794 ἓνθαὴ
1230 2759 1318 2794 ἔχιδνα
1331 2761 1470 2795 καθήψατο
1486 2761 1533 2796 τῆς
1551 2763 1641 2797 χειρὸς
1652 2764 1749 2795 αὑτοῦ,

967 2806 1011 2832 καὶ
1030 2805 1133 2839 ἔμεινεν
1149 2805 1250 2839 ἀϐλαϐῆ
1257 2814 1276 2835 ς.
