1881 3051
243 153 297 186 315

785 156 984 186 CECUMENII
999 156 1145 186 THlCCiE
1158 155 1330 185 EPISCOPI
1811 152 1852 184 316

246 211 330 238 etiam
356 211 528 246 martyrium,
546 210 694 238 ostendens
711 216 739 238 et
760 211 874 238 Paulum
889 211 917 238 in
936 212 1030 246 quiete

1086 218 1154 236 :xwv
1179 210 1241 236 οὐδὲ
1257 210 1287 236 τὸ
1305 209 1453 245 μαρτύριον
1478 208 1560 235 αὐτοῦ
1593 207 1765 242 ὶγκατὲθετυ
1778 211 1808 244 τῇ
1822 210 1852 244 βξ-

245 256 440 291 permansisse,
456 260 483 282 et
502 255 548 282 Dei
564 256 678 282 verbum
696 256 772 282 nullo
789 256 953 290 prohibente
970 256 1026 283 dis-

245 301 405 329 seminasse.
420 301 560 335 Siquidem
577 301 660 328 habet
671 301 797 334 historia,
812 302 884 336 quod
900 302 947 328 ubi
963 306 1028 329 tunc

245 346 296 373 sub
308 346 416 373 Nerone
430 346 617 380 respondisset
631 347 730 373 Paulus
742 351 769 373 et
779 355 793 373 a
811 347 917 375 Cmsare
932 347 1029 374 fuisset

245 391 397 422 absolutus,
421 392 454 418 ad
485 392 686 426 przedicatiouis
716 392 899 420 ministerium
933 401 1028 420 rursus

245 436 376 461 emissum
390 435 484 468 fuisse,
495 436 610 470 aliisque
621 437 714 464 decem
729 438 807 464 annis
821 438 957 473 Evangelii
970 447 1030 466 ver-

245 481 310 507 bum
328 480 529 508 disseminasse.
547 481 615 509 Cum
633 487 725 510 autem
739 483 771 509 ad
787 488 940 510 extremum
956 484 1030 511 insa-

245 527 298 553 nia:
320 527 391 553 Nero
408 527 589 561 pervenisset,
616 529 735 562 primum
756 530 868 563 quidem
892 530 1031 557 interfecit

245 573 420 607 Agrippinam
442 574 582 608 propriam
599 579 724 606 matrem,
747 581 878 609 praeterea
901 580 928 602 et
945 576 1032 610 patris

245 625 379 651 sororem,
397 619 536 646 Octaviam
550 627 660 654 quoque
671 628 749 647 suam
766 628 891 653 uxorem,
907 622 1032 656 aliosque

244 667 406 694 innumeros
426 675 526 702 genere
548 667 638 702 ipsum
658 668 848 703 contingentes
865 678 872 695 :
889 669 989 696 deinde
1005 673 1033 696 et

245 712 429 739 universalem
445 712 531 738 movit
550 712 695 739 adversum
714 713 885 740 Christianos
901 721 1029 748 perseeu-

246 758 360 789 tionem,
373 762 401 784 ct
416 757 452 784 ita
469 758 502 784 ad
517 758 704 792 apostolorum
718 759 806 786 caedes
822 760 957 793 pervenit.
973 759 1034 786 Sta-

246 804 296 831 tim
311 804 384 831 enim
398 804 562 831 accersitum
582 805 696 832 Paulum
714 805 785 833 stitit
806 805 946 834 tribunali.
960 806 1033 833 Rur-

247 857 307 875 sum
314 854 406 876 autem
416 849 441 877 ei
452 850 538 877 Lucas
546 851 710 885 coniunctus
720 856 775 878 est:
785 852 829 878 ubi
839 856 912 879 certe
919 852 1034 887 contigit

248 894 362 921 Paulum
384 902 455 921 anno
478 895 616 922 tricesimo
636 902 713 922 seno
728 904 742 923 a
761 896 902 924 Salvatore
926 905 1006 931 passo
1020 917 1027 930 ,

1086 894 1280 930 προσήκοντας.

247 939 331 966 tertio
338 939 444 967 decimo
457 945 548 967 autem
561 941 669 975 imperii
677 941 802 974 Neronis,
810 943 941 978 martyrio
952 943 1035 970 vitam

247 984 351 1015 ﬁnisse,
361 985 450 1019 capite
463 985 592 1013 videlicet
602 986 691 1021 gladio
707 993 856 1021 amputato.
870 987 938 1015 Sunt
954 989 1036 1024 igitur

247 1029 282 1056 ab
302 1037 375 1057 anno
391 1030 496 1058 Tiberii
512 1031 625 1058 Caesaris
647 1032 755 1059 decimo
776 1040 860 1066 nono,
874 1041 929 1068 quo
947 1034 1036 1061 Evan-

247 1076 349 1111 gelium
362 1077 445 1112 coepit
455 1077 614 1112 praedicare,
628 1086 715 1113 usque
725 1079 758 1106 ad
773 1087 876 1106 annum
891 1081 950 1115 ejus
962 1081 1036 1108 vice-

247 1121 348 1149 simum
368 1122 531 1155 secundum,
556 1123 619 1150 anni
636 1128 767 1158 quatuor,
786 1130 813 1152 et
835 1125 893 1152 Caii
909 1126 1034 1153 similiter

246 1167 311 1194 anni
323 1173 443 1202 quatuor
462 1177 469 1195 :
487 1176 596 1195 rursum
612 1177 677 1196 vero
696 1175 723 1197 et
739 1170 845 1197 Claudii
866 1172 930 1198 anni
954 1172 1034 1206 paulo

246 1213 338 1240 minus
361 1214 584 1248 quatuordecim,
604 1223 685 1250 quem
708 1216 849 1243 insecutus
864 1217 934 1243 Nero
953 1218 1034 1244 tertio

246 1257 355 1285 decimo
367 1259 410 1285 sui
423 1259 501 1293 195
527 1259 698 1293 principatus
725 1268 797 1287 anno
823 1262 975 1295 apostolum
993 1262 1035 1288 in-

247 1304 368 1331 teremit.
400 1304 462 1331 Hmc
497 1310 589 1331 autem
611 1305 645 1331 de
670 1306 758 1339 prima
782 1314 830 1332 sua
856 1307 1034 1341 responsione

246 1348 343 1375 scribit
354 1348 411 1382 ipse
422 1349 522 1376 Paulus
540 1350 680 1383 apostolus
698 1349 861 1378 Timotheo:
877 1361 886 1376 ι
904 1351 930 1378 In
946 1352 1033 1386 prima

246 1401 307 1421 mea
325 1395 504 1428 responsione
513 1396 606 1422 nullus
622 1396 691 1422 mihi
708 1396 806 1429 adfuit,
820 1398 866 1424 sed
879 1405 975 1425 omnes
991 1399 1034 1425 me

247 1440 457 1474 dereliquerunt
475 1450 481 1467 :
498 1449 551 1468 non
569 1442 623 1469 illis
644 1443 796 1477 imputetur
817 1452 823 1469 :
838 1443 970 1471 Dominus
985 1452 1035 1470 au-

248 1490 302 1514 tem
319 1486 407 1514 adfuit
421 1487 488 1515 mihi
504 1492 531 1516 et
543 1488 717 1516 conﬁrmavit
733 1494 786 1520 me,
805 1493 834 1516 ut
847 1497 895 1524 per
911 1497 952 1516 me
967 1497 1036 1524 prae-

247 1531 349 1559 dicatio
373 1533 485 1564 certiori
508 1534 559 1561 ﬁde
584 1535 820 1569 comprobaretur,
850 1536 1034 1570 audirentque

246 1585 343 1606 (mnes
358 1582 453 1613 gentes
475 1588 481 1606 :
497 1584 526 1606 et
541 1580 673 1607 liberatus
688 1587 747 1607 sum
759 1580 792 1607 de
815 1588 862 1607 ore
887 1580 1003 1613 leonis',
1020 1590 1029 1606 ι

248 1622 301 1650 hoc
313 1623 426 1650 nomine
440 1623 576 1651 Neronem
591 1625 758 1659 signiﬁcatis.
774 1625 811 1651 De
824 1625 944 1652 secunda
956 1633 1032 1658 vero,

247 1668 275 1694 in
292 1676 345 1702 qua
361 1673 389 1699 et
406 1669 536 1705 martyrio
545 1677 622 1696 suam
635 1670 722 1697 ﬁnivit
738 1670 831 1703 vitam,
846 1671 885 1698 ait
907 1681 913 1698 :
933 1681 942 1695 ‹
955 1671 1034 1698 Mini-

247 1713 363 1740 sterium
388 1717 466 1741 tuum
489 1714 591 1741 bonum
615 1716 718 1742 certius
740 1716 867 1750 adimple.
888 1717 944 1752 Ego
961 1717 1034 1744 enim

248 1758 302 1793 jam
316 1758 587 1794 delibor,ettempus
598 1768 664 1788 mea:
679 1761 870 1789 dissolutionis
886 1762 1035 1790 instat.»Et

248 1804 312 1838 quia
328 1804 415 1832 Lucas
431 1814 539 1833 rursum
553 1810 614 1833 erat
629 1814 691 1833 cum
703 1815 747 1839 eo,
758 1813 820 1842 post
831 1816 916 1842 pauca
930 1809 1033 1843 episto-

247 1847 281 1876 ,ιιι
302 1850 385 1877 verba
409 1859 416 1877 :
436 1850 560 1879 «Salutat
576 1856 611 1885 te,
627 1852 726 1887 inquit,
746 1853 844 1885 Lucas,
867 1854 913 1889 qui
928 1862 1034 1881 mecum

248 1900 300 1921 est.
317 1905 326 1920 ι
344 1895 441 1924 Totius
463 1896 546 1932 igitur
565 1898 667 1932 prioris
687 1899 891 1934 praedicationis
917 1899 1035 1934 apostoli

250 1944 358 1976 tempus
380 1947 422 1970 est
440 1943 523 1970 unius
539 1948 567 1970 et
588 1943 682 1978 \iginti
703 1952 837 1972 annorum
854 1949 953 1979 praeter
968 1945 1036 1972 alios

248 1987 318 2015 dllOS
336 1996 423 2016 annos
444 1997 513 2024 quos
524 1991 595 2024 apud
608 1990 759 2017 Caesaream
773 1991 799 2017 lll
816 1999 927 2018 carcere
947 1996 1036 2018 trans-

247 2031 314 2066 egit.
327 2032 375 2058 llis
387 2040 494 2059 rursum
507 2034 642 2060 addantur
654 2035 708 2060 duo
718 2035 796 2068 primi
809 2035 873 2062 anni
889 2040 1034 2070 postquam

249 2077 364 2104 Romam
384 2083 557 2112 pervenerat,
577 2079 726 2114 decemque
743 2081 831 2107 ultimi
851 2089 857 2107 :
874 2081 910 2108 ita
927 2085 957 2107 ut
974 2081 1035 2108 fue-

249 2122 306 2150 rint
321 2130 417 2151 omnes
430 2124 495 2151 anni
510 2124 545 2151 ab
561 2126 621 2160 ejus
633 2126 777 2153 vocatione
794 2134 879 2162 usque
896 2127 928 2153 ad
947 2127 1033 2162 ipsius

249 2173 368 2196 mortem
382 2170 493 2204 triginta
506 2170 640 2205 quinque.

1079 256 1143 290 ϐλῳ.
1163 256 1364 286 Καταλιπόντες
1377 255 1430 289 γὰρ
1450 255 1531 280 αὑτὸν
1546 255 1639 281 ἐκεῖσε
1656 255 1765 284 Λουκᾶς
1779 263 1805 281 τε
1819 258 1853 282 καὶ

1085 301 1271 336 Ἃρὲσταρχος,
1295 298 1387 335 ἦλθον.
1415 299 1544 331 Εὐσέϐιος
1564 300 1594 326 δὲ
1623 300 1691 331 τοὺς
1722 301 1851 335 μετέπειτα

1080 347 1190 380 χρόνους
1211 345 1333 379 ἀκριόὦς
1361 345 1628 380 περιεργασάμενος,
1649 345 1792 380 ἱστόρησεν
1803 348 1854 381 ἡμῖν

1080 391 1108 417 ὲν
1119 390 1157 425 τῷ
1171 391 1289 425 δευτέρῳ
1314 390 1388 425 τόμῳ
1411 390 1461 424 τῆς
1481 390 1736 425 Ἐκκλησιαστικῆς
1751 391 1852 427 ἱστορίας

1080 436 1174 463 τούτου
1204 437 1251 463 καὶ
1267 437 1299 463 τὺ
1323 436 1481 472 μαρτύριον,
1504 437 1552 462 καὶ
1574 437 1623 463 τὸν
1653 436 1763 463 Παῦλον
1778 437 1855 464 ἄνετον

1080 483 1235 517 διατρίψαι,
1252 482 1300 509 καὶ
1315 483 1362 508 τὸν
1377 482 1423 508 τοῦ
1435 482 1502 508 Θεοῦ
1519 483 1599 515 λόγον
1620 482 1773 513 ἀκωλύτως
1786 485 1855 518 κηρύ-

1083 528 1125 561 ξαι
1153 529 1402 563 ἐπισημηνάμενος.
1430 529 1498 555 Τότε
1526 529 1575 564 μὲν
1598 526 1650 555 οὖν
1678 529 1725 555 ἐπὶ
1749 529 1855 564 Νέρωνος

1082 576 1322 610 ἀπολογησάμενον
1333 575 1379 601 τὸν
1396 575 1511 606 Παῦλον,
1525 574 1604 606 αὖθις
1629 575 1678 601 ἐπὶ
1691 575 1741 608 τὴν
1757 575 1798 601 τοῦ
1818 585 1856 610 κη-

1085 621 1223 656 ρύγματος
1239 620 1377 648 διακονίαν
1391 620 1470 655 λόγος
1488 621 1543 655 ἔχει
1560 620 1725 646 στείλασθαι
1741 621 1790 646 ὑπὸ
1803 622 1855 647 1(ιὶ-

1084 676 1167 703 σαρος
1179 667 1359 700 ἀπολυθέντα,
1376 666 1607 700 εὐαγγελίσασθαι
1628 667 1672 699 ἐφ’
1694 666 1793 700 ἑτέροις
1804 667 1855 693 δέκα

1083 715 1180 740 ἐτεσιν.
1209 713 1256 743 Εἰς
1275 712 1360 747 ἄκρον
1381 712 1409 738 δὲ
1434 712 1532 747 μανίας
1549 712 1563 737 ό
1578 711 1680 746 Νέρων
1699 711 1853 745 ἀφικόμενος,

1084 758 1172 784 ἀνεῖλε
1188 757 1237 791 μὲν
1254 756 1436 792 Ἀγριππίναν
1458 756 1554 792 πρῶτα
1580 756 1634 791 τὴν
1661 756 1731 782 ἰδίαν
1758 756 1854 790 μητέρα,

1085 803 1127 830 ἔτι
1141 803 1169 830 δὲ
1184 803 1297 837 καὶητὴν
1310 802 1427 836 ἀδελφὴν
1451 801 1497 828 τοῦ
1523 801 1629 836 πατρὸς
1640 821 1647 832 ,
1665 802 1714 828 καὶ
1726 801 1854 828 Ὀκτιιυῖαν

1085 850 1135 884 τὴν
1150 848 1248 875 ἑαυτοῦ
1263 848 1390 882 γυναῖκα,
1407 848 1454 874 καὶ
1479 847 1577 879 ἄλλους
1601 847 1721 881 μυρίους
1745 847 1780 881 τῷ
1799 847 1855 879 γένει

1325 893 1480 920 Μετέπειτα
1511 893 1539 919 δὲ
1582 892 1733 919 καθολικδν
1766 892 1855 926 ἐκίνησε

1086 939 1205 974 διωγμὸν
1229 938 1298 966 κατὰ
1320 939 1374 965 τῶν
1387 938 1577 974 Χριστιανῶν,
1593 939 1643 965 καὶ
1660 938 1748 970 οὕτως
1766 939 1806 964 ἐπὶ
1820 939 1855 968 τὰς

1086 985 1140 1012 τῶν
1151 985 1308 1012 ἀποστόλων
1323 982 1389 1020 ἦλθε
1410 985 1529 1019 σφαγάς.
1545 983 1800 1017 Μεταστειλάμενος
1814 983 1854 1017 γὰρ

1085 1031 1131 1058 τὸν
1145 1030 1250 1059 Παῦλον
1278 1030 1357 1062 αὖθις
1383 1030 1423 1065 τῷ
1439 1030 1540 1065 βήματι
1563 1025 1702 1065 παριστᾷ.
1717 1029 1853 1063 Συνῆλῦεδὲ

1087 1077 1166 1103 πάλιν
1179 1077 1192 1103 ὁ
1206 1077 1313 1108 Λουκᾶς
1331 1075 1417 1110 αὐτῷ.
1433 1075 1518 1102 Ἔνθα
1531 1075 1562 1110 δὴ
1577 1076 1680 1110 συνέϐη
1698 1075 1742 1101 τὸν
1761 1074 1854 1106 lla-lion,

1085 1122 1239 1158 τριακοστῷ
1264 1122 1336 1156 ἕκτῳ
1364 1121 1418 1147 ἔτει
1446 1120 1493 1147 τοῦ
1511 1121 1650 1155 σωτηρίου
1671 1120 1780 1150 πάθους,
1794 1128 1854 1153 τρια-

1088 1169 1241 1203 καιδεκὰτῳ
1257 1169 1286 1194 δὲ
1302 1168 1428 1202 Νέρωνος
1456 1167 1653 1202 μαρτυρῆσαι,
1681 1166 1751 1200 ξὶηιει
1765 1166 1806 1200 τὴν
1819 1174 1852 1190 κε-

1086 1213 1173 1247 φαλὴν
1197 1213 1403 1247 ἀποτμηθέντα.
1420 1212 1498 1237 Ἐστι
1513 1212 1603 1238 τοίνυν
1631 1211 1688 1238 ἀπὸ
1711 1210 1755 1236 τοῦ
1777 1212 1849 1236 ivva-

1085 1259 1245 1285 καιδεκάτου
1263 1259 1340 1290 ἔτους
1365 1257 1491 1292 Τιϐερίου
1507 1257 1668 1291 Καίσαρος,
1684 1257 1714 1289 ἐξ
1730 1254 1758 1283 οὗ
1773 1257 1852 1291 κηρὺσι

1086 1312 1144 1330 σειν
1156 1304 1185 1330 τὸ
1200 1304 1485 1339 Εὑαγγέλιονήρξατο,
1503 1303 1556 1334 ἕως
1568 1303 1615 1329 τοῦ
1639 1303 1764 1329 εἰκοστοῦ
1778 1302 1851 1327 δειετέ-

1087 1358 1134 1384 ρου
1151 1349 1237 1383 ἔτους,
1256 1350 1304 1385 ἔτη
1317 1351 1454 1385 τέσσαρα·
1477 1350 1524 1376 καὶ
1538 1349 1572 1375 τὰ
1589 1349 1675 1376 Γαΐου
1694 1349 1721 1375 δὲ
1735 1348 1851 1377 ὡσαύτως,

1087 1394 1134 1430 ἔτη
1154 1395 1284 1430 τέσσαρα.
1301 1394 1383 1428 Αὖθις
1399 1396 1426 1422 δὲ
1441 1395 1487 1422 καὶ
1503 1395 1537 1422 τὰ
1553 1396 1691 1422 Κλαυδίου
1708 1395 1765 1428 ἔτη.
1778 1393 1852 1428 μικρὶν

1085 1442 1206 1473 ἐλάττω,
1233 1443 1430 1477 δεκατέσσαρα.
1462 1443 1511 1469 Ὃν
1546 1442 1740 1476 διαδεξαμενκ
1767 1441 1849 1474 Νέρων,

1084 1487 1299 1522 τρισκαιδεκάτῳ
1313 1487 1368 1513 ἔτει
1378 1487 1428 1522 τῆς
1443 1487 1539 1513 ἑαυτοῦ
1553 1487 1653 1522 ἀρχῆς,
1663 1484 1850 1512 τὸνἌπτίστοὶον

1085 1533 1200 1559 ἀνεῖλεν.
1214 1533 1315 1567 Γράφει
1329 1532 1394 1567 γοῦν
1416 1534 1430 1559 ὁ
1445 1533 1525 1564 αὐτὸς
1541 1532 1694 1562 ἀπόστολος
1711 1531 1806 1560 Παῦλος
1819 1529 1850 1553 Tr

1092 1578 1192 1614 μοθέῳ,
1207 1580 1270 1614 περὶ
1286 1579 1335 1613 μὲν
1348 1579 1396 1613 τῆς
1409 1578 1520 1613 πρώτης
1537 1577 1620 1604 αὑτοῦ
1636 1577 1780 1611 ἀπολογίας
1792 1576 1849 1602 τάδε·

1090 1635 1100 1651 ι
1111 1626 1155 1653 Ἐν
1169 1627 1200 1660 τῇ
1215 1625 1309 1660 πρώτῃ
1325 1634 1375 1660 μου
1387 1624 1519 1658 ἀπολογίᾳ
1549 1623 1636 1655 οὐδείς
1649 1632 1694 1658 μοι
1704 1620 1850 1656 συμπαρεγέ-

1088 1680 1159 1704 νετο,
1175 1671 1244 1698 ἀλλὰ
1259 1672 1357 1702 πάντες
1385 1679 1418 1705 με
1435 1670 1625 1704 ἐγκατέλιπον.
1653 1669 1699 1703 Μὴ
1726 1669 1808 1698 αὐτοῖς
1821 1666 1851 1691 λο-

1088 1717 1243 1753 γισθείη.”0
1256 1718 1284 1744 δὲ
1302 1717 1402 1752 Κύριός
1419 1726 1463 1752 μοι
1480 1717 1604 1752 παρέστη
1621 1717 1670 1742 καὶ
1687 1711 1849 1746 ἐνεδυνάμωσέ

1089 1770 1133 1797 με,
1163 1762 1207 1787 ἵνα
1233 1761 1266 1787 δι’
1289 1761 1355 1796 ἐμοῦ
1380 1761 1410 1787 τὺ
1441 1762 1572 1796 κήρυγμα
1597 1760 1799 1794 πληροφορηθῇ,
1818 1757 1849 1782 καὶ

1088 1808 1224 1834 ἀκούσωσι
1242 1808 1331 1833 πάντα
1348 1807 1381 1834 τὰ
1395 1807 1469 1842 ἔθνη.
1485 1807 1539 1833 Καὶ
1558 1806 1698 1842 ὲρρύσοην
1720 1806 1751 1831 ὲκ
1771 1803 1849 1836 στόμακ

1087 1862 1132 1884 τος
1147 1853 1267 1884 λέοντος·
1287 1862 1297 1878 ι
1314 1852 1408 1879 τοῦτον
1421 1853 1508 1886 λέγων
1524 1850 1594 1878 εἶναι
1606 1852 1652 1878 τὶν
1670 1852 1788 1887 Νέρωνα.
1802 1847 1849 1881 Περὶ

1087 1898 1116 1924 δὲ
1131 1898 1180 1933 τῆς
1195 1898 1324 1933 δευτέρας
1343 1895 1399 1933 ὲνῇ
1415 1898 1462 1923 καὶ
1482 1897 1633 1923 τελειοῦται
1652 1897 1690 1931 τῷ
1716 1896 1772 1923 κατ’
1789 1893 1848 1920 αὑτὸν

1089 1943 1239 1979 μαρτυριῳ,
1264 1943 1341 1978 φησί·
1357 1953 1366 1968 ι
1380 1943 1435 1977 Τὴν
1447 1942 1531 1978 καλὴν
1549 1943 1688 1969 διακονίαν
1700 1951 1745 1968 σου
1771 1939 1847 1972 πληρο-

1088 1990 1218 2024 φόρησον.
1232 1988 1303 2022 Ἐγὼ
1318 1988 1372 2024 γὰρ
1387 1989 1435 2022 ἠδη
1452 1988 1613 2021 σπένδομαι,
1629 1989 1677 2014 καὶ
1692 1989 1706 2014 ὁ
1719 1986 1803 2021 καιρὸς
1813 1983 1847 2014 τῆς

1087 2032 1241 2064 ἀναλύσεώς
1257 2041 1308 2068 μου
1324 2033 1487 2068 ἐφέστηκε-ι
1502 2033 1557 2059 Καὶ
1572 2033 1611 2059 ὅτι
1621 2033 1728 2064 Λουκᾶς
1744 2030 1773 2067 ἦν
1787 2029 1847 2056 πάλιν

1088 2082 1135 2107 συν
1148 2079 1231 2115 αὐτῷ,
1249 2079 1306 2115 μετ’
1317 2079 1395 2114 ὀλίγα
1408 2079 1635 2114 τῆςὲπιστολῆς,›
1653 2077 1808 2110 Ἀσπάζεταὶ
1818 2083 1847 2103 σε.

1086 2127 1220 2162 γράφει,ζὸ
1231 2127 1337 2157 Λουκᾶς
1353 2127 1366 2152 ὁ
1379 2126 1426 2152 σὺν
1440 2126 1512 2160 ὲμοί.
1522 2135 1531 2151 ι
1549 2126 1643 2152 Ἔστιν
1655 2126 1700 2152 οὖν
1713 2128 1726 2152 ὁ
1743 2125 1789 2154 πᾶς
1799 2120 1846 2156 χρό’

1086 2181 1131 2205 νος
1141 2173 1188 2200 τοῦ
1203 2173 1380 2208 κηρύγματος
1397 2172 1516 2205 Παύλου,
1534 2173 1621 2198 εἴκοσι
1636 2174 1682 2198 καὶ
1693 2171 1724 2198 ἓν
1737 2172 1796 2199 ἑτος.
1807 2167 1846 2193 Καὶ

248 2214 329 2249 ἔτερα
339 2215 386 2242 δύο
403 2216 461 2248 ἐτη,
474 2215 492 2243 ἃ
508 2216 658 2243 διετέλεσεν
678 2217 707 2243 ὲν
721 2217 759 2253 τῷ
775 2217 846 2244 κατὰ
863 2218 1032 2253 Καισάρειαν
1048 2218 1237 2254 δεσμωτηρίῳ.
1264 2219 1336 2254 Πρὸς
1356 2218 1384 2244 δὲ
1417 2218 1523 2249 τούτοις
1542 2218 1633 2249 πάλιν,
1659 2219 1694 2244 τὰ
1726 2219 1752 2243 ὲν
1775 2214 1845 2246 Ῥώμῃ

249 2261 369 2295 πρότερα
380 2262 426 2288 δύο
440 2262 499 2297 ἔτη,
517 2263 564 2288 καὶ
576 2263 610 2289 τὰ.
624 2263 763 2290 τελευταῖα
778 2264 806 2290 δὲ
827 2265 875 2299 ἐτη
910 2265 975 2291 δέκα
990 2273 996 2280 ·
1028 2264 1100 2291 ὥστε
1122 2263 1191 2292 εἶναι
1215 2266 1305 2291 πάντα
1321 2265 1354 2290 τὰ
1368 2264 1415 2299 ἐτη
1430 2263 1483 2290 ἀπὸ
1496 2264 1545 2298 τῆς
1560 2264 1681 2298 κλήσεωί
1696 2262 1772 2290 αὑτοῦ
1787 2261 1846 2295 eti/“6'-

248 2307 298 2342 τῆς
313 2307 478 2339 τελειώσεως
495 2309 588 2341 αὑτοῦ,
605 2310 751 2345 τριάκοντα
765 2311 811 2337 καὶ
827 2311 916 2340 πέντε.

401 2364 609 2394 MARTYRIUM
623 2367 724 2395 PAULI
739 2367 916 2395 APOSTOLI.

285 2419 342 2448 Sub
356 2421 464 2449 Nerone
487 2422 672 2450 Romanorum
697 2424 875 2458 imperatore,
904 2429 1034 2460 martyrio

249 2465 333 2493 vitam
351 2466 452 2494 ibidem
472 2467 561 2494 ﬁnivit
578 2468 679 2495 Paulus
708 2469 859 2504 apostolus,
876 2469 965 2504 capite
979 2469 1035 2504 gla-

249 2511 296 2539 dio
318 2517 469 2547 amputato,
490 2521 562 2540 anno
577 2521 592 2541 a
612 2515 724 2542 salutari
744 2515 872 2550 passione
896 2515 1035 2542 triCesimo

249 2563 325 2585 sexto
339 2563 482 2594 postquam
500 2559 593 2587 Roma:
605 2560 707 2588 bonum
721 2565 872 2588 certaverat
884 2565 1034 2593 certamen,

249 2605 346 2639 quinto
360 2605 404 2633 die
421 2606 524 2633 mensis
537 2606 660 2638 Panemi,
677 2606 723 2641 qui
739 2607 798 2634 dies
810 2606 881 2641 apud
899 2606 1036 2633 Romanos

248 2649 350 2678 dicitur
379 2652 477 2680 tertius
499 2651 681 2679 Kalendarum
703 2652 783 2684 Julii,
810 2660 864 2687 quo
891 2652 1037 2687 complevit

248 2695 328 2724 divus
339 2697 486 2732 Apostolus
497 2705 578 2724 suum
596 2697 767 2732 martyrium,
777 2698 944 2732 sexagesimo
963 2705 1037 2725 nono

249 2748 321 2769 anno
334 2742 470 2770 adventus
486 2743 636 2771 Salvatoris
652 2743 738 2771 nostri
754 2744 819 2772 Jesu
835 2744 948 2772 Christi.

288 2851 411 2880 ¹11Τίιιι.
430 2862 465 2885 tv.
486 2853 527 2886 Ιΰ,
551 2853 592 2880 Π.

1152 2364 1354 2392 ΜΑΡΤΥΡΙΟΝ
1371 2364 1510 2390 ΠᾹΥΛΟΥ
1524 2365 1566 2390 Ὶύ
1574 2365 1591 2390 ι·
1606 2361 1806 2391 ΑΠΟΣΤΟΛΟΥ.

1130 2422 1192 2448 Ἐπὶ
1215 2421 1340 2456 Νέρωνος
1354 2421 1401 2447 τοῦ
1427 2422 1567 2455 Καίσαρος
1585 2422 1734 2456 Ῥωμαίων,
1749 2415 1846 2453 ἐμαρτύ-

1090 2477 1173 2504 ρησεν
1191 2468 1284 2494 αὐτόθι
1302 2468 1406 2499 Παῦλος
1427 2469 1440 2494 ὁ
1456 2468 1621 2499 ἀπόστολος,
1641 2467 1767 2501 ξίφειτὴν
1780 2471 1845 2508 xei“:

1088 2514 1136 2549 λὴν
1151 2514 1327 2548 ἀποτμηθεὶς,
1344 2515 1373 2539 ἐν
1386 2513 1425 2548 τῷ
1440 2513 1594 2548 τριακοστῷ
1609 2514 1654 2540 καὶ
1672 2513 1740 2547 ἕκτῳ
1756 2511 1842 2537 ἓτειτου

1089 2560 1222 2594 σωτηρίου
1234 2559 1345 2592 πάθους,
1361 2559 1405 2585 τὸν
1421 2559 1506 2585 καλὸν
1519 2559 1613 2592 ἀγῶνα
1628 2558 1814 2593 ἀγωνισάμινος
1824 2560 1843 2577 εν

1094 2606 1199 2641 Ῥώμῃ,
1209 2606 1322 2640 πέμπτῃ
1337 2606 1431 2641 ἡμέρα
1449 2606 1574 2640 Πανέμου
1591 2605 1684 2640 μηνὸς,
1695 2605 1750 2639 ἣτις
1759 2601 1841 2634 λέγεται

1090 2651 1166 2685 παρὰ
1187 2650 1341 2684 Ῥωμαίοις,
1358 2651 1390 2684 τῇ
1407 2649 1459 2683 πρὸ
1481 2650 1564 2684 τριῶν
1579 2648 1723 2676 Καλανδῶν
1741 2645 1841 2673 Ἰουλίων,

1089 2697 1150 2724 καο“
1167 2697 1205 2732 ἢν
1213 2695 1356 2729 ἐτελειώθη
1376 2697 1389 2722 ὀ
1406 2695 1482 2728 ἅγιος
1506 2697 1666 2727 Ἀπόστολος
1689 2694 1725 2729 τῷ
1740 2692 1791 2719 κατ’
1805 2687 1840 2733 αὐτ

1089 2744 1134 2769 τὸν
1150 2742 1299 2777 μαρτυρίῳ,
1318 2741 1457 2776 ἑξηκοστῷ
1483 2741 1530 2767 καὶ
1549 2742 1651 2776 ἐννατῳ
1674 2741 1726 2767 ἔτει
1747 2738 1788 2772 τῆς
1807 2740 1840 2758 7’”

1088 2789 1211 2824 Σωτῆρος
1225 2788 1301 2823 ἡυῶν
1320 2787 1406 2814 Ἰττοῖι
1423 2787 1541 2822 Χριστοῦ
1558 2787 1718 2817 παρουσίας.
