1881 3051
126 105 176 137 3ll

670 106 866 136 CECUMENll
882 103 1028 134 TlllCCt‘E
1049 106 1216 136 EPISCOPI

1714 102 1766 134 3ίέ

125 165 228 193 Verum
243 163 371 192 tribunus
382 162 473 190 statim
486 170 547 190 eum
561 163 672 198 eripuit,
687 167 788 190 etcum
799 161 908 189 militari

971 161 1119 197 νξαιρεῖται,
1136 162 1182 189 καὶ
1198 162 1266 196 μετὰ
1282 161 1481 197 στρατιωτικῆς
1501 159 1637 196 βοηθείας
1654 159 1696 190 εἰς
1717 160 1766 189 τὴν

126 211 229 238 auxilio
240 210 329 245 ipsum
341 209 492 237 Caesaream
509 209 543 236 ad
557 209 700 244 praesidem
718 209 812 236 mittit.
824 209 910 235 Acce-

126 261 304 292 peruntergo
325 256 413 291 ipsum
432 261 461 283 et
476 256 612 283 adducent
625 257 746 291 gentium
769 255 909 282 duxerunt

126 305 173 339 qui
193 303 290 331 Festus
308 303 460 330 dicebatur.
475 303 542 330 Cum
561 307 652 330 autem
678 303 794 330 sentiret
806 303 910 330 Paulus

126 353 292 384 praeparatas
306 349 436 376 adversus
450 357 479 376 se
498 349 610 376 insidias
625 357 640 376 a
650 349 761 379 .ludaeis,
774 349 862 376 statim
876 350 909 375 ad

128 394 246 421 tribunal
261 399 336 421 stans
350 393 483 421 Caesarem
501 394 619 428 appellat
636 402 642 420 :
659 398 687 421 et
706 393 832 420 redditur
846 393 909 428 qui-

126 438 189 464 dem
205 437 313 467 interim
324 437 526 473 iorojudiciali.
537 437 643 472 quievit
657 443 746 465 tamen
760 437 908 467 accusatio.

127 489 187 516 qua:
207 477 339 509 adversus
354 482 443 516 ipsum
460 490 474 508 a
494 482 595 509 Iudaeis
609 482 760 517 excogitata
779 487 839 509 erat
855 491 860 507 :
878 490 909 509 ac

127 528 301 562 postmodum
329 528 440 555 Romam
463 535 478 555 a
501 528 706 563 magistratibus
732 528 853 555 mittitur
875 528 909 554 ad

126 573 259 601 Casarem
279 582 286 600 :
302 574 349 601 ubi
368 581 429 602 cum
447 574 543 601 eadem
561 574 710 601 certamina
732 574 908 608 suscepisset.

126 627 159 646 ac
181 626 231 654 pro
254 620 357 647 eisdem
379 620 499 654 pnemiis
516 619 678 651 laborasset,
698 619 808 646 tandem
825 627 840 647 e
855 620 910 646 vita

126 672 237 699 quoque
252 673 302 700 pro
322 665 449 692 veritatis
466 664 640 700 dogmatibus
658 665 775 692 excessit
790 674 796 691 :
812 665 908 692 melio-

127 717 183 736 rem
198 717 258 736 esse
269 710 407 745 judicans.
422 717 483 743 qua:
498 717 560 736 cum
578 709 688 737 Christo
706 713 779 736 esset
792 717 909 737 conver-

127 756 274 787 sationem,
299 756 406 782 mortali
425 756 477 782 hac
496 760 524 782 et
547 755 635 790 fragili
652 755 717 783 vita.
739 755 806 784 Nam
827 757 909 791 paulo

126 806 190 836 post
201 801 297 827 volens
310 801 386 827 illum
404 800 495 827 Cmsar
507 801 580 828 Nero
595 801 630 828 ab
646 802 697 829 hac
712 802 767 828 vita
779 803 906 834 elucere.

126 854 218 873 veram
234 846 296 880 ipsi,
313 854 428 880 quaeque
441 846 497 873 sola
509 854 574 874 vera
584 847 637 874 vita
653 851 703 878 est.
718 847 839 878 donavit,
854 855 911 875 cm-

128 892 204 926 lique
232 892 367 919 hatredem
393 892 546 930 constituit.
572 900 653 927 quem
679 897 751 920 terra
781 894 911 928 privavit.

129 937 199 964 Sunt
215 938 306 972 itaque
323 938 457 969 civitates,
479 946 546 972 quas
569 946 616 965 sua
635 939 829 973 prmdicatione
850 947 913 974 pcr-

129 983 255 1010 lustravit
271 983 474 1010 illustrissimus
491 983 593 1011 Christi
606 985 745 1018 apostolus
757 985 869 1018 Paulus,
883 990 913 1013 ut

128 1028 156 1055 in
170 1029 362 1063 compendium
374 1029 523 1057 referamus
533 1038 594 1065 qua:
607 1035 771 1065 sequuntur.

182 1075 260 1109 192
280 1075 534 1103 PEREGRINATIO
553 1075 655 1103 PAULI
675 1075 852 1104 APOSTOLl.

165 1121 185 1146 Α
201 1121 331 1148 Damasco
346 1121 438 1156 cmpit.
448 1122 625 1157 ascenditque
634 1122 831 1158 Hierosolyma,
849 1124 911 1150 inde

129 1163 254 1196 Tarsum.
267 1170 295 1192 et
309 1165 343 1192 ab
363 1174 396 1192 eo
413 1165 473 1193 loco
491 1166 675 1198 Antiochiam,
689 1175 853 1202 rursumque
867 1176 911 1195 se-

128 1209 219 1237 cundo
235 1210 433 1246 Hierosolyma,
453 1219 485 1238 ac
499 1212 590 1239 denuo
603 1213 787 1245 Antiochiam,
803 1218 831 1240 et
848 1214 911 1241 inde

129 1263 192 1282 cum
212 1256 335 1283 Barnaba
355 1261 497 1291 separatus
519 1258 546 1284 in
570 1259 751 1292 apostolatum
771 1259 912 1286 descendit

129 1301 293 1335 Seleuciam,
324 1302 422 1329 deinde
446 1302 576 1338 Cyprum,
604 1303 651 1330 ubi
681 1307 709 1330 et
736 1304 836 1331 Paulus
858 1304 913 1331 dici

131 1351 238 1380 emptus
252 1351 304 1379 est,
317 1347 490 1381 postmodum
502 1347 617 1382 Pcrgcn,
627 1348 725 1375 deinde
738 1349 913 1376 Antiochiam

130 1392 250 1423 Pisidiaz,
272 1392 336 1419 inde
359 1392 492 1424 Iconium,
511 1393 577 1420 hinc
600 1393 723 1429 Lystram
749 1402 781 1422 ac
805 1395 911 1423 Derben

131 1435 285 1471 Lycaonia.
299 1437 476 1464 Postmodutn
490 1438 518 1465 in
531 1438 722 1473 Pamphiliam,
736 1439 835 1467 deinde
848 1440 913 1468 Per-

130 1490 192 1516 μοι),
209 1482 274 1509 hinc
294 1483 432 1515 Attalium,
454 1491 562 1511 rursum
579 1484 660 1512 tertio
675 1485 848 1512 Antiochiam
863 1485 913 1522 Sy-

130 1528 188 1554 τίω.
208 1528 384 1555 Pestmodum
411 1530 492 1557 tertio
516 1537 627 1557 rursum
653 1530 839 1567 Hierosolyma
859 1532 913 1559 cir-

130 1573 306 1601 cumcisionis
327 1581 408 1602 causa
426 1584 433 1602 :
458 1576 558 1603 deinde
579 1576 678 1604 iterum
701 1583 800 1612 quarto
816 1578 913 1606 Antio-

129 1619 228 1646 chiam.
266 1619 336 1646 Tum
365 1621 544 1655 pertransivit
577 1621 682 1657 Syriam
712 1630 743 1650 ac
777 1622 912 1650 Ciliciam.

131 1667 249 1693 Rursum
274 1667 396 1694 secundo
413 1668 523 1695 Derben
546 1676 578 1696 ac
599 1668 737 1705 Lystram,
758 1669 804 1697 ubi
821 1670 914 1697 Timo-

131 1713 225 1739 theum
248 1713 430 1740 circumcidit.
455 1714 485 1740 ln
508 1714 664 1750 Phrygiam,
687 1715 862 1750 postmodum
886 1721 915 1744 et

129 1757 277 1785 Galaticam
290 1758 440 1793 regionem,
459 1759 522 1787 inde
537 1760 564 1787 in
584 1760 707 1796 Mysiam.
718 1766 812 1795 postea
829 1761 915 1789 Troa-

132 1803 203 1833 IIem.
216 1807 243 1830 ct
260 1803 323 1830 inde
336 1803 489 1839 Neapolim.
505 1804 575 1832 Hinc
589 1805 740 1840 Philippos,
753 1806 916 1834 Macedonia:

133 1848 240 1879 urbem.
257 1848 358 1876 deinde
392 1849 577 1885 Amphipolim
600 1850 827 1885 Apolloniamque
854 1858 916 1885 per—

134 1894 273 1922 transicns
298 1895 372 1923 venit
401 1895 623 1924 Thessalonicam
644 1906 650 1924 :
676 1897 748 1924 unde
780 1897 914 1925 Bormam.

132 1939 200 1967 lliuc
210 1940 330 1969 Secundo
342 1941 515 1969 Antiochiam
530 1942 648 1970 Pisidiae.
660 1943 780 1970 Rursum
797 1943 824 1970 in
836 1943 917 1971 Gala-

132 1986 212 2012 ticum
233 1987 371 2021 regionem
394 1995 425 2014 ac
442 1988 588 2023 Phrygiam
608 1997 615 2015 :
639 1988 739 2016 deinde
757 1989 855 2015 iterum
873 1997 917 2016 se-

132 2031 223 2057 cundo
241 2031 378 2065 Lphesum
397 2042 403 2058 ς
425 2033 497 2060 unde
518 2033 706 2067 pertransicns
730 2034 915 2061 Macedoniam

134 2077 209 2102 venit
232 2076 259 2103 in
278 2076 410 2104 Graeciam
435 2086 441 2104 :
466 2082 495 2104 et
519 2070 737 2112 inde'praitc'rita
758 2079 917 2107 Macedonia

134 2130 244 2149 rursum
258 2122 410 2157 Philippos,
423 2128 451 2151 et
462 2131 475 2150 a
491 2123 623 2159 Philippis
638 2124 783 2157 Troadem,
799 2125 845 2152 ubi
862 2126 917 2153 Eu-

964 208 1134 242 Καισάρειαν
1160 209 1228 243 προς
1252 208 1298 234 τὸν
1322 208 1444 243 ἡγεμόνα
1460 207 1579 241 πέμπει.
1609 205 1765 231 Συνέλαεον

962 252 1009 280 οὖν
1026 254 1116 284 αὑτὸν,
1132 254 1179 280 καὶ
1194 254 1263 288 πρὸς
1276 254 1321 280 τὸν
1333 254 1468 289 ἐθνάρχην
1480 251 1562 288 ἦγον,
1578 252 1692 285 Φῆστος
1704 251 1764 277 ὅνο-

965 308 1003 334 μα
1019 299 1103 334 αὐτῷ.
1121 299 1285 333 Λίσθὸμενος
1301 299 1339 329 δὲ.
1364 299 1498 332 συσκευὴν
1515 298 1581 324 κατ’
1598 296 1688 323 αὑτοῦ
1705 305 1766 323 τινα

961 345 1108 380 γινομένην
1121 345 1172 371 vim?)
1189 345 1324 372 Ἰουδαίων
1344 345 1460 376 Παῦλος,
1480 345 1563 375 εὐθὺς
1578 343 1629 369 ἐπὶ
1641 343 1692 369 τοῦ
1713 343 1764 378 βή-

963 400 1052 426 ματος
1081 392 1252 418 ἐπικαλεῖται
1270 391 1316 417 τδν
1333 390 1472 426 Καίσαρα.
1494 390 1549 416 Καὶ
1571 389 1687 414 ἀνίεται
1710 389 1762 422 μὲν

960 437 1028 468 τέως
1040 436 1087 463 τοῦ
1102 437 1256 471 κριτηρίου,
1274 437 1353 471 ἀργεῖ
1364 437 1392 462 δὲ
1402 437 1419 471 ἡ
1433 437 1491 462 κατ’
1510 435 1598 462 αὑτοῦ
1617 436 1679 465 τοῖς
1694 435 1762 460 Ίου-

961 483 1047 514 δαίοις
1070 483 1244 517 μελετωμένη
1277 483 1418 517 ἐπιϐουλὴ,
1438 482 1485 508 καὶ
1509 482 1612 508 λοιπὸν
1648 481 1690 512 εὶς
1718 482 1764 515 τὴν

967 528 1132 564 Ῥώμηνὺπὺ
1141 529 1194 555 τῶν
1204 529 1341 563 ἀρχόντων
1350 529 1521 562 ἐκπέμπεται
1535 528 1609 563 πρὸς
1621 528 1763 561 Καίσαρα.

962 574 1080 600 Κάκεῖσε
1090 575 1153 604 τοὺς
1164 574 1262 604 αὐτοὺς
1274 573 1381 607 ἀγῶνας
1393 573 1604 607 ἐπιδεξάμενος,
1622 572 1675 597 καὶ
1694 572 1764 605 ὑπὲρ

960 619 1015 645 τῶν
1029 619 1117 645 αὐτῶν
1126 619 1214 646 ἄθλων
1230 619 1355 650 πονέσας,
1367 619 1443 649 τέλος
1458 619 1503 644 καὶ
1518 618 1610 652 αὐτῆς
1626 617 1678 651 τῆς
1694 615 1765 649 ζωῆς

960 665 1030 700 ὑπὲρ
1038 665 1090 691 τῶν
1100 665 1149 698 τῆς
1157 664 1285 700 ἀληθείας
1298 665 1440 697 δογμάτων
1449 662 1556 697 ἐξέστη,
1571 663 1683 698 βέλτιον
1695 659 1765 687 εἶναι

960 710 1110 750 κρίναςτὴν
1123 711 1191 745 μετὰ
1199 709 1316 745 Χριττοῦ
1324 709 1471 743 διαγωγὴν,
1482 710 1530 743 τῆς
1541 708 1649 743 θνητῆς
1662 707 1764 741 ταύτης

960 756 1007 781 καὶ
1015 756 1095 790 ὲπική
1101 764 1147 790 pou
1158 755 1239 788 ζωῆς.
1253 754 1359 789 Μικρὸν
1367 755 1420 788 γὰρ
1435 754 1547 788 ὕστερον
1558 754 1573 779 ὁ
1587 754 1702 787 Καῖσαρ
1715 752 1764 778 Νέ-

963 809 1017 837 ρων
1037 800 1177 835 βουληοεὶς
1204 800 1287 826 αὑτὸν
1305 799 1352 834 τῆς
1379 799 1451 834 ζωῆς
1470 799 1575 833 ταύτης
1602 798 1762 832 ἐξαγαγεῖν,

965 847 1015 879 τὴν
1031 846 1161 881 ἀληθινὴν
1172 845 1246 879 αὐτῷ
1268 846 1313 871 καὶ
1334 845 1419 876 ὄντως
1443 845 1515 879 ζωὴν
1531 844 1700 879 ἐχαρίσατο,
1718 843 1764 869 καὶ

966 893 1083 928 meme
1103 892 1219 927 οὐρανοῦ
1242 891 1422 926 κληρονόμον,
1443 891 1471 916 ὃν
1493 891 1543 924 τῆς
1561 890 1620 924 γῆς
1646 888 1762 915 ἀπεστέ-

967 947 1060 974 ρησεν.
1086 939 1162 964 Εἰσὶν
1187 937 1234 964 οὖν
1259 938 1287 963 αἱ
1308 938 1451 967 πολιτεῖαι,
1479 936 1512 967 ἃς
1532 936 1573 972 τῷ
1597 935 1762 970 κηρύγματι

967 982 1114 1018 περιῆλθεν
1141 982 1155 1007 ὸ
1180 982 1360 1016 πανεύφημος
1385 981 1431 1008 τοῦ
1459 981 1580 1016 Χριστοῦ
1611 980 1762 1011 ἀπόστολος

966 1027 1081 1059 Παῦλος,
1100 1027 1136 1058 ὠς
1155 1027 1183 1052 ὲν
1206 1027 1331 1062 συντόμῳ
1350 1028 1447 1058 εἰπεῖν,
1474 1023 1554 1053 αὗται
1570 1035 1577 1041 ·

1017 1073 1205 1099 ΛΠΟΔΗΜΙΑΙ
1230 1072 1372 1099 ΠΑΥΛΟΥ
1397 1072 1465 1098 ΤΟΥ
1485 1072 1710 1099 ΛΠΟΣΤΟΛΟΥ.

1007 1119 1073 1145 Ἀπὸ
1085 1118 1231 1152 Δαμασκοῆ
1244 1119 1356 1153 ἦρξατο,
1373 1119 1421 1144 καὶ
1435 1118 1548 1153 ἀνῆλθεν
1558 1119 1602 1149 εἰς
1623 1119 1761 1153 Ὶερουςα-

966 1165 1032 1199 λήμ.
1047 1165 1169 1191 Ἐκεῖθεν
1184 1166 1222 1194 είς
1237 1165 1353 1198 Ταρσόν.
1374 1164 1507 1191 Κάκεῖθεν
1523 1165 1562 1195 εἰς
1578 1165 1759 1198 Ἀντιόχειαν.

966 1211 1022 1237 Καὶ
1038 1211 1118 1237 πάλιν
1135 1211 1175 1242 εἰς
1199 1210 1387 1245 Ἰερουσαλὴμ,
1409 1211 1457 1236 καὶ
1475 1211 1555 1237 πάλιν
1570 1211 1704 1245 δεύτερον
1724 1210 1760 1240 εἰς

973 1256 1147 1291 Ἀντιόχειαν.
1173 1256 1308 1282 Κάκεῖθεν
1334 1256 1493 1291 ἀφορισθεὶς
1528 1256 1599 1290 μετὰ
1629 1255 1757 1287 Βαρνάϐα

967 1302 1007 1333 εις
1030 1302 1079 1337 τὴν
1102 1302 1255 1337 ἀποστολὴν
1281 1302 1416 1336 κατῆλθεν
1431 1302 1471 1333 εἰς
1485 1302 1666 1328 Σελεύκειαν.
1692 1300 1756 1328 Εἶτα

967 1348 1007 1379 εἰς
1020 1348 1143 1384 Κύπρον,
1160 1348 1223 1374 ἔνθα
1234 1349 1280 1374 καὶ
1289 1347 1394 1379 Παῦλος
1407 1347 1507 1383 ἤρξατο
1518 1347 1678 1374 καλεῖσθαι.
1696 1346 1757 1373 Εἶτα

968 1395 1008 1424 εἰς
1029 1394 1150 1428 Πέργην,
1166 1391 1226 1420 εἶτα
1239 1395 1277 1425 είς
1295 1394 1461 1428 Ἀντιόχειαν
1473 1393 1522 1428 τῆς
1537 1394 1676 1424 Πισιδὶας.
1693 1391 1757 1419 Εἶτα

967 1440 1007 1470 είς
1029 1439 1150 1466 Ἰκόνιον.
1182 1437 1248 1465 Εἶτα
1276 1440 1314 1470 είς
1343 1439 1478 1473 Λύστραν,
1508 1439 1553 1464 καὶ
1581 1439 1692 1474 Δέρὸην
1710 1439 1756 1472 τῆς

927 1503 950 1534 C
967 1485 1128 1516 Λυκαονίας.
1151 1481 1220 1511 Εἶτα
1240 1485 1279 1516 εὶς
1297 1484 1470 1519 Παμφυλίαν.
1488 1481 1553 1510 Εἶτα
1573 1485 1615 1514 εἰς
1634 1484 1754 1518 Πέργην.

967 1529 1033 1556 Εἶτα
1055 1530 1094 1561 εἰς
1107 1530 1273 1558 ’Δττάλειαν.
1297 1528 1363 1556 Εἶτα
1386 1530 1467 1556 πάλιν
1482 1530 1571 1564 τρίτον
1588 1531 1630 1560 είς
1654 1529 1755 1556 Ἀντιό-

965 1583 1042 1611 χειαν
1056 1576 1106 1610 τῆς
1126 1576 1237 1611 Συρίας.
1263 1574 1330 1602 Εἶτα
1354 1576 1436 1602 πάλιν
1449 1575 1540 1610 τρίτον
1557 1576 1598 1605 είς
1620 1576 1754 1611 Ἰερουσα-

964 1622 1030 1656 λὴμ,
1047 1621 1092 1647 διὰ
1112 1621 1161 1657 τὴν
1178 1622 1339 1656 περιτομήν.
1363 1619 1429 1647 Εἶτα
1452 1621 1533 1647 πάλιν
1556 1621 1691 1656 τέταρτον
1716 1621 1755 1652 εἰς

971 1667 1147 1701 ’Δντιόχειαν.
1163 1666 1229 1693 Εἶτα
1253 1667 1343 1701 διῆλθε
1362 1667 1412 1702 τὴν
1428 1667 1527 1702 Συρίαν
1544 1667 1594 1693 καὶ
1611 1668 1662 1701 τὴν
1681 1666 1754 1692 Κιλι-

965 1713 1039 1740 κίαν.
1054 1711 1120 1739 Εἶτα
1134 1713 1215 1740 πάλιν
1230 1713 1356 1749 δεύτερον
1371 1714 1411 1744 είς
1424 1713 1529 1748 Δέρϐην
1546 1714 1594 1739 καὶ
1610 1713 1752 1747 Λύστραν,

966 1759 1031 1785 ἔνθα
1053 1759 1185 1793 Τιμόθεον
1210 1759 1386 1794 περιέτεμεν.
1409 1757 1474 1785 Εἶτα
1495 1759 1535 1790 είς
1559 1759 1683 1794 Φρυγίαν
1710 1758 1754 1784 καὶ

965 1804 1015 1839 τὴν
1030 1804 1183 1839 Γαλατικὴν
1196 1804 1296 1840 χώραν.
1328 1802 1395 1830 Εἶτα
1421 1804 1462 1835 εἰς
1489 1804 1610 1831 Μυσίαν.
1629 1803 1695 1830 Εἶτα
1716 1805 1754 1834 εἰς

967 1850 1093 1885 Τρωάδα.
1115 1850 1249 1876 Κάκεῖθεν
1277 1851 1317 1881 εἰς
1331 1850 1480 1876 Νεάπολιν.
1507 1849 1573 1876 Εἶτα
1598 1851 1639 1881 είς
1663 1849 1754 1876 Φιλίπ-

968 1905 1033 1928 πους
1051 1897 1100 1930 τῆς
1116 1896 1296 1927 Μακεδονίας.
1326 1894 1394 1922 Εἶτα
1422 1895 1533 1922 διελθὼν
1551 1897 1602 1930 τὴν
1620 1895 1753 1930 ’Δμφίπο-

967 1942 1009 1968 λιν
1029 1942 1076 1968 καὶ
1096 1941 1289 1974 Ἀπολλωνίαν,
1304 1939 1384 1977 ἦλθεν
1408 1941 1448 1972 εἰς
1462 1941 1674 1976 Θεσσαλονίκην.
1689 1940 1751 1966 Εἶτα

967 1987 1008 2017 εἰς
1022 1986 1146 2021 Βέροιαν.
1166 1985 1231 2012 Εἶτα
1245 1986 1371 2021 δεύτερον
1389 1987 1429 2018 είς
1441 1987 1609 2022 ’Δντιόχειαν
1634 1988 1684 2021 τῆς
1707 1987 1751 2012 Πι-

969 2032 1064 2063 σιδὶας.
1082 2030 1147 2058 Εἶτα
1161 2033 1200 2064 είς
1217 2032 1266 2068 τὴν
1277 2032 1429 2067 Γαλατικὴν
1457 2032 1547 2068 χώραν
1561 2034 1610 2059 καὶ
1624 2033 1748 2067 Φρυγίαν.

968 2077 1034 2104 Εἶτα
1058 2078 1138 2104 πάλιν
1153 2078 1278 2114 δεύτερον
1292 2079 1332 2109 είς
1351 2078 1477 2112 Ἔφεσον.
1497 2077 1563 2104 Εἶτα
1578 2079 1691 2105 διελθὸν
1705 2077 1749 2111 τὴν

969 2123 1148 2153 Μακεδονίαν,
1164 2121 1244 2159 ἦλθεν
1270 2124 1310 2154 είς
1343 2123 1465 2149 Ἐλλάδα.
1495 2123 1628 2150 Κάκεῖθεν
1644 2122 1748 2149 διελθὼν

133 2168 254 2205 tychum,
267 2169 313 2204 qui
330 2176 344 2195 a
361 2169 505 2197 cenaculo
514 2170 661 2203 ceciderat,
679 2171 831 2198 suscitavit.
847 2171 911 2199 Hinc

971 2166 1018 2201 τὴν
1030 2165 1210 2198 Μακεδονίαν,
1226 2164 1291 2201 ἦλθε
1305 2166 1386 2193 πάλιν
1396 2166 1523 2202 δεύτερον
1537 2168 1576 2198 εἰς
1591 2167 1747 2196 Φιλίππους.

132 2215 229 2246 Asson,
249 2220 277 2242 et
296 2215 469 2250 postmodum
488 2215 654 2252 Mytilcucm.
671 2217 770 2245 deinde
785 2217 812 2244 in
826 2222 917 2252 partes

132 2268 192 2293 qua:
205 2259 263 2286 siue
280 2264 344 2287 sunt
356 2265 450 2287 contra
467 2260 576 2292 Chium,
589 2263 661 2289 unde
675 2262 785 2289 Samum
799 2271 806 2289 :
822 2268 916 2297 postea

133 2304 266 2337 Miletum,
281 2305 354 2332 unde
376 2306 517 2333 advocatis
535 2306 578 2333 his
593 2307 639 2341 qui
656 2307 756 2341 Ephesi
769 2308 915 2343 degebant.

133 2350 241 2376 locutus
253 2354 295 2377 est
311 2357 374 2377 cum
386 2351 427 2377 eis
443 2359 450 2376 :
466 2351 530 2378 hinc
543 2351 639 2382 Coum,
656 2354 828 2386 postmodum
843 2354 917 2381 Rho-

133 2395 198 2421 dum
225 2403 233 2421 :
260 2399 288 2423 et
312 2395 377 2423 inde
406 2396 543 2427 Pataram.
571 2398 644 2424 unde
670 2398 783 2433 Tyrum.
813 2399 915 2427 Deinde

134 2441 340 2472 Ptolemaidem,
360 2441 478 2476 indeque
503 2442 665 2469 Caesaream.
684 2443 718 2469 Et
737 2443 801 2470 hinc
819 2451 916 2478 quarto

134 2494 242 2513 rursum
272 2487 394 2514 ascendit
422 2487 620 2523 Hierosolyma,
648 2488 720 2515 unde
750 2489 849 2516 missus
874 2495 917 2517 est

132 2531 284 2559 Caesaream
303 2541 308 2559 :
326 2540 358 2560 ac
372 2533 546 2567 postmodum
572 2534 681 2560 vinctus
701 2534 825 2561 Romam.
844 2535 883 2562 Ita
901 2543 915 2562 a

132 2577 255 2606 Cesarea
271 2579 345 2606 venit
358 2578 487 2606 Sidnuem
503 2583 531 2606 et
549 2579 611 2606 inde
625 2579 697 2615 Myra
710 2580 808 2616 Lyciae,
822 2586 915 2615 postea

132 2623 249 2652 Cnidum
271 2634 278 2651 :
299 2630 327 2652 et
348 2625 413 2652 hinc
437 2625 521 2652 multa
540 2633 635 2660 passus
651 2626 676 2652 in
698 2627 815 2653 insulam
830 2627 915 2658 venit.

134 2670 180 2696 ubi
200 2671 290 2705 vipera
306 2679 415 2698 manum
431 2672 490 2707 cjus
507 2672 696 2706 apprehendit.
713 2672 865 2707 mansitque
883 2673 914 2699 il-

133 2715 221 2743 laesus.

970 2212 1023 2238 Καὶ
1037 2212 1092 2238 ἀπὸ
1113 2212 1255 2239 Φιλίππων
1284 2213 1323 2243 είς
1349 2212 1473 2246 Τρωάδα,
1493 2213 1557 2239 ἔνθα
1576 2214 1621 2239 τον
1635 2212 1748 2246 Εὔτυχον

967 2258 1063 2294 ἤγειρε
1080 2259 1208 2284 πεσόντα.
1223 2256 1289 2284 Εἶτα
1305 2259 1345 2289 εἰς
1364 2259 1413 2293 τὴν
1429 2260 1541 2286 Ἄσσον.
1557 2259 1624 2286 Εἶτα
1648 2260 1686 2289 είς
1700 2258 1747 2284 Μι-

967 2304 1094 2339 τυλήνην.
1111 2301 1177 2329 Εἶτα
1192 2304 1232 2334 εἰς
1249 2304 1283 2329 τὰ
1297 2304 1410 2338 ἀντικρὺ
1428 2305 1504 2331 Χίου.
1521 2303 1587 2331 Εἶτα
1602 2306 1640 2335 εἰς
1651 2304 1744 2337 Σάμον.

969 2352 1102 2379 Κάκεῖθεν
1127 2352 1166 2383 είς
1194 2351 1325 2385 Μίλητον.
1358 2352 1478 2378 Ἐκεῖθεν
1504 2352 1746 2388 μεταπεμψάμενος

968 2399 1030 2429 τοὺς
1046 2399 1074 2423 ὲν
1092 2397 1209 2431 Ἐφέσῳ,
1227 2398 1364 2432 ὡμίλησεν
1382 2399 1485 2430 αὐτοῖς.
1512 2398 1579 2425 Εἶτα
1609 2400 1649 2430 είς
1676 2397 1742 2423 Κῶν.

970 2441 1035 2469 Εἶτα
1050 2444 1090 2473 είς
1109 2443 1207 2470 Ῥόδον.
1219 2443 1353 2470 Κάκεῖθεν
1367 2445 1406 2475 εἰς
1423 2445 1544 2479 Πάταρα.
1562 2444 1694 2471 Κάκεῖθεν
1708 2442 1744 2470 είς

969 2488 1064 2523 Τύρον.
1083 2486 1150 2515 Εἶτα
1174 2490 1213 2520 είς
1238 2489 1418 2524 Πτολεμαΐδα.
1435 2490 1567 2516 Κάκεῖθεν
1583 2491 1622 2520 είς
1645 2488 1743 2515 Καισά-

969 2543 1055 2570 ρειαν.
1066 2536 1201 2562 Κάκεῖθεν
1216 2535 1314 2570 ἀνῆλθε
1323 2536 1450 2569 τέταρτον
1467 2537 1547 2563 πάλιν
1559 2539 1598 2568 εἰς
1617 2536 1743 2571 Ἰερουσα-

969 2582 1035 2617 λήμ.
1057 2582 1193 2608 Κάκεῖθεν
1219 2583 1405 2618 παρεπέμφθη
1434 2585 1473 2614 εἰς
1500 2585 1675 2619 Καισάρειαν.
1692 2580 1741 2608 Καὶ

968 2627 1060 2654 λοιπὸν
1075 2628 1184 2662 δέσμιος
1202 2628 1249 2654 ἐπὶ
1271 2628 1391 2662 Ῥώμην,
1407 2627 1493 2659 οὕτως
1509 2629 1561 2654 ἀπὸ
1572 2627 1740 2662 Καισαρείας.

967 2671 1049 2708 ἦλθεν
1064 2674 1103 2704 εἰς
1119 2673 1232 2700 Σιδῶνα.
1255 2674 1390 2700 Κάκεῖθεν
1408 2675 1448 2705 εἰς
1465 2675 1548 2708 Μύρα
1573 2676 1621 2709 τῆς
1634 2672 1738 2699 Λυκίας.

968 2717 1034 2745 Εἶτα
1051 2720 1090 2750 εἰς
1108 2719 1213 2745 Κνίδον.
1229 2718 1364 2745 Κάκεῖθεν
1389 2719 1472 2746 πολλὰ
1498 2720 1602 2748 πιθὼν,
1615 2718 1691 2754 ἦλθεν
1705 2718 1740 2746 εἰς

967 2765 1017 2798 τὴν
1031 2766 1121 2799 νῆσον,
1132 2764 1196 2790 ἔνθα
1206 2765 1221 2798 ἡ
1233 2763 1322 2797 ἔχιδνα
1334 2764 1473 2799 καθήψατο
1489 2766 1536 2800 τῆς
1554 2765 1642 2801 χειρὸς
1652 2762 1738 2792 αὑτοῦ,

970 2810 1014 2836 καὶ
1033 2809 1136 2843 ἔμεινεν
1152 2809 1253 2844 ἀϐλαϐῆ
1260 2818 1279 2840 ;.
