1881 3051
115 105 165 137 3ll

658 105 855 136 (ECUMENll
871 103 1018 133 TRICClE
1038 105 1205 135 EPISCOPX

1687 101 1741 133 31?.

115 165 217 193 Verum
232 163 361 191 tribunus
371 162 462 190 statim
475 170 536 190 eum
550 163 661 198 eripuit,
676 167 776 190 etcum
788 160 897 188 militari

982 162 1108 196 αιρεῖται,
1125 161 1171 188 καὶ
1187 161 1255 195 μετὰ
1271 160 1470 196 στρατιωτικῆς
1490 159 1616 195 βοηθείας
1631 159 1671 189 εἰς
1690 159 1740 188 τὴν

115 210 218 238 auxilio
229 210 318 245 ipsum
331 209 481 237 Cresaream
498 209 532 236 ad
547 209 689 244 praesidem
707 208 801 235 mittit.
813 208 899 234 Aecc-

115 261 216 292 perunt
229 264 294 292 ergo
314 256 403 291 ipsum
422 261 450 283 et
465 256 498 283 ad
510 256 602 283 ducem
614 256 735 290 gentium
759 255 899 281 duxerunt

116 305 163 339 qui
183 304 280 331 Festus
297 303 449 331 dicebatur.
464 302 531 330 Cum
550 308 641 329 autem
667 303 783 329 sentiret
796 302 899 329 Paulus

115 354 282 384 prmparatas
295 349 426 376 adversus
439 357 468 376 se
488 349 599 376 insidias
614 357 629 375 a
639 349 750 379 Judmis.
763 348 852 375 statim
865 349 898 374 ad

117 394 235 421 tribunal
250 398 326 421 stans
340 393 473 421 Caesarem
490 393 608 428 appellat
625 401 631 420 :
648 397 676 420 et
695 393 821 420 redditur
835 392 898 427 qui-

116 437 178 464 dem
195 438 303 465 interim
314 437 515 472 iorojudiciali,
527 437 632 472 quievit
646 442 736 464 tamen
749 437 897 466 accusatio.

116 490 177 517 quae
196 474 328 508 adversus
343 482 432 516 ipsum
449 489 463 508 a
484 481 585 509 Judzeis
599 482 749 516 excogitata
769 487 828 508 erat
844 489 850 507 ε
868 488 899 508 ac

117 528 290 562 postmodum
318 528 430 555 Romam
452 535 467 554 a
490 527 696 562 magistratibus
721 527 842 554 mittitur
864 527 898 554 ad

115 574 248 601 Caesarem
269 582 275 600 :
292 573 338 601 ubi
357 581 419 601 cum
437 573 532 600 eadem
551 574 700 601 certamina
721 573 898 608 suscepisset,

116 627 148 646 ac
171 627 221 654 pro
244 619 347 647 eisdem
368 619 488 654 przemiis
506 619 668 651 laborasset,
688 619 797 646 tandem
814 627 829 646 e
844 619 899 646 vita

116 672 226 699 quoque
241 672 292 699 pro
311 665 439 692 veritatis
456 664 629 699 dogmatibus
648 665 765 692 excessit
779 673 785 690 :
802 665 898 691 melio-

115 717 173 736 rem
188 717 248 736 esse
258 709 397 744 judicans.
412 717 472 744 quae
487 717 550 736 cum
567 708 677 736 Christo
695 713 768 736 esset
782 717 898 736 conver-

117 756 264 787 sationem,
288 755 395 782 mortali
415 755 466 782 hac
485 759 514 782 et
536 755 624 790 fragili
641 755 707 782 vita.
729 755 795 783 Nam
817 756 899 790 paulo

116 805 180 835 post
191 801 286 827 volens
300 801 375 828 illum
393 800 484 827 Czcsar
497 801 570 828 Nero
585 801 619 828 ab
636 801 686 829 hac
702 802 756 828 vita
768 802 896 834 educere,

116 853 208 873 veram
224 846 286 880 ipsi,
302 854 418 880 qumque
431 846 487 873 sola
499 854 563 873 vera
574 847 627 873 vita
642 851 693 878 est,
707 847 828 878 donavit,
844 855 901 875 eoe-

117 892 194 926 lique
221 892 357 919 haeredem
383 892 535 930 constituit,
562 900 642 927 quem
668 897 740 920 terra
771 893 900 928 privavit.

119 937 189 964 Sunt
205 937 296 972 itaque
313 938 446 968 civitates.
469 946 536 972 quas
558 946 606 965 sua
625 939 819 973 praedicatione
840 946 903 973 per-

119 983 245 1010 lustravit
262 983 464 1010 illustrissimus
481 983 584 1010 Christi
595 985 735 1019 apostolus
747 985 858 1017 Paulus,
873 989 903 1012 ut

118 1029 146 1055 in
160 1029 352 1063 compendium
364 1029 513 1057 referamus
524 1037 583 1064 quae
597 1035 761 1064 sequuntur.

172 1075 250 1108 192
270 1074 524 1103 PEREGRINATIO
543 1075 645 1102 PAULI
665 1075 842 1103 APOSTOLI.

155 1120 175 1146 Α
191 1121 321 1147 Damasco
337 1121 616 1156 cmpit,ascenditque
624 1122 821 1157 Hierosolyma,
839 1123 901 1150 inde

119 1163 245 1196 Tarsum,
257 1169 285 1192 et
299 1164 333 1191 ab
353 1173 386 1192 eo
403 1165 464 1192 loco
481 1166 665 1197 Antiochiam.
679 1175 843 1201 rursumque
857 1175 901 1194 se-

118 1209 209 1237 cundo
225 1209 423 1246 Hierosolyma,
443 1219 475 1238 ac
489 1211 580 1238 denuo
593 1212 776 1244 Antiochiam,
793 1217 822 1240 et
838 1213 902 1240 inde

119 1263 182 1282 eum
202 1255 325 1283 Bamaba
345 1261 487 1291 separatus
509 1257 536 1284 in
560 1258 741 1292 apostolatum
760 1259 902 1286 descendit

119 1301 284 1334 Seleuciam,
314 1302 413 1329 deinde
437 1302 566 1337 Cyprum,
594 1303 641 1329 ubi
671 1307 699 1329 et
727 1304 826 1330 Paulus
848 1303 902 1331 dici

121 1350 228 1380 emptus
242 1351 294 1379 est,
307 1347 480 1381 postmodum
492 1347 608 1382 Pcrgen,
617 1347 716 1375 deinde
729 1347 903 1376 Antiochiam

121 1391 240 1423 Pisidiae,
262 1391 326 1419 inde
348 1392 482 1424 Iconium,
502 1392 567 1420 hinc
590 1393 713 1428 Lystram
739 1401 771 1421 ac
795 1395 901 1422 Derben

122 1435 275 1471 Lycaonize.
289 1437 466 1464 Postmodum
480 1437 508 1464 in
521 1438 712 1473 Pamphiliam,
726 1439 825 1466 deinde
839 1440 904 1467 Per-

120 1490 183 1515 gen,
199 1482 264 1509 hinc
284 1482 423 1514 Attalium,
444 1491 552 1511 rursum
569 1483 651 1511 tertio
665 1484 838 1512 Antiochiam
854 1485 904 1521 Sy-
917 1503 940 1533 ο

120 1527 178 1554 τίει).
199 1527 375 1555 Pestmodum
401 1529 483 1557 tertio
506 1537 617 1557 rursum
643 1530 829 1566 Hierosolyma
850 1531 904 1559 cir-

120 1573 296 1601 cumeisiouis
317 1581 399 1602 causa
416 1584 424 1601 :
448 1575 548 1603 deinde
569 1576 668 1603 iterum
691 1582 790 1611 quarto
806 1577 903 1605 Antio-

119 1619 218 1646 chiam.
257 1619 327 1646 Tum
356 1621 534 1654 pertransivit
568 1621 672 1657 Syriam
702 1630 734 1649 ac
767 1621 903 1650 Ciliciam.

121 1667 239 1693 Rursum
264 1667 386 1694 secundo
403 1667 513 1695 Derben
536 1676 568 1695 ac
590 1668 727 1704 Lystram,
748 1669 794 1696 ubi
812 1669 905 1697 Timo-

122 1713 216 1739 theum
238 1712 420 1740 circumcidit.
446 1713 476 1740 ln
498 1714 654 1749 Phrygiam,
678 1715 853 1749 postmodum
876 1720 906 1743 et

120 1757 268 1785 Galaticam
281 1758 431 1792 regionem,
449 1759 512 1786 inde
527 1759 555 1786 in
575 1759 698 1795 Mysiam.
708 1765 802 1795 postea
819 1761 905 1788 Troa-

122 1803 194 1832 dem,
206 1807 234 1830 et
251 1803 314 1830 inde
327 1803 479 1838 Neapolim.
496 1803 566 1832 Hinc
580 1805 730 1840 Philippos,
743 1805 906 1833 Macedonia:

123 1848 230 1879 urbem,
247 1847 348 1876 deinde
382 1848 568 1884 Amphipolim
591 1849 817 1884 Apolloniamque
844 1857 906 1884 per-

124 1894 264 1921 transiens
288 1895 363 1922 venit
391 1895 613 1923 Thessalonicam
635 1905 641 1922 :
666 1896 739 1923 unde
771 1897 904 1924 Bermam.

122 1939 191 1967 Hinc
200 1940 321 1968 Secundo
332 1941 506 1969 Antiochiam
521 1942 639 1969 Pisidiae.
650 1942 770 1969 Rursum
788 1942 814 1969 in
826 1942 908 1970 Gala-

123 1985 202 2012 ticam
224 1986 362 2021 regionem
385 1994 416 2014 ac
433 1987 579 2023 Phrygiam
599 1996 606 2014 :
630 1987 730 2015 deinde
748 1988 846 2015 iterum
864 1996 908 2016 se-

122 2031 213 2057 cundo
232 2031 368 2065 Ephesum
387 2041 394 2058 :
416 2032 488 2059 unde
509 2033 697 2067 pertransiens
721 2033 906 2060 Macedoniam

125 2077 200 2103 venit
223 2076 250 2103 in
268 2076 400 2104 Graeciam
425 2086 432 2103 :
457 2081 486 2104 et
510 2069 727 2112 inde'prm‘tc-rita
748 2078 908 2106 Macedonia

124 2129 235 2149 rursum
249 2122 400 2157 Philippos,
414 2127 442 2150 et
452 2131 466 2150 a
482 2123 614 2158 Philippis
629 2124 774 2156 Troadem,
789 2125 836 2152 ubi
853 2125 907 2152 Eu-

124 2168 245 2205 tychum,
258 2168 303 2203 qui
321 2176 335 2195 a
351 2169 495 2196 caenaculo
505 2169 652 2202 ceciderat,
669 2170 822 2198 suscitavit.
837 2171 907 2199 Hinc
920 2175 947 2204 D

123 2214 220 2246 Asson,
240 2219 268 2242 et
287 2215 460 2250 postmodum
479 2215 645 2251 Mytilenem,
663 2217 761 2244 deinde
776 2217 802 2244 in
817 2221 908 2252 partes

123 2267 183 2293 qua:
196 2260 254 2286 sita:
271 2263 334 2286 sunt
346 2264 441 2287 contra
458 2259 567 2292 Chium.
580 2262 652 2288 unde
666 2261 776 2289 Samum
790 2271 797 2288 :
814 2267 907 2297 postea

123 2304 257 2336 Miletum,
272 2305 344 2331 unde
367 2305 509 2333 advocatis
525 2306 569 2333 his
584 2307 630 2340 qui
647 2307 747 2340 Ephesi
760 2307 906 2343 degebant.

123 2349 232 2376 loeutus
244 2354 286 2377 est
302 2357 364 2377 eum
377 2350 418 2377 eis
434 2358 440 2376 :
457 2350 521 2377 hinc
533 2351 630 2381 Coum.
647 2353 819 2386 postmodum
834 2354 908 2380 Rho-

124 2395 189 2421 dum
217 2402 224 2421 :
251 2398 279 2422 et
303 2395 368 2422 inde
397 2396 535 2426 Pataram,
562 2397 635 2423 unde
661 2397 774 2432 Tyrum.
804 2399 906 2426 Deinde

125 2440 331 2471 Ptolemaidem,
351 2441 469 2475 indeque
493 2441 656 2469 Cmsaream.
675 2443 708 2469 Et
729 2443 792 2470 hinc
810 2450 906 2478 quarto

125 2494 233 2513 rursum
263 2487 385 2514 ascendit
413 2487 610 2522 Hierosolyma,
639 2488 710 2515 unde
741 2488 840 2515 missus
865 2494 908 2517 est

123 2531 275 2559 Caesaream
293 2541 300 2559 :
316 2540 349 2559 ac
363 2532 537 2567 postmodum
563 2533 672 2560 vinetus
691 2534 816 2560 Romam.
835 2534 874 2561 lla
892 2543 905 2562 a

123 2577 246 2606 C:csarea
261 2579 336 2605 venit
349 2578 478 2605 Sidoncm
494 2582 522 2605 et
539 2578 602 2606 inde
616 2579 688 2614 Myra
701 2579 799 2615 Lyc-ire,
813 2585 907 2615 postea

124 2623 240 2652 Cnidum
262 2633 269 2651 :
290 2629 317 2652 et
339 2625 404 2652 hinc
428 2625 512 2652 multa
530 2633 626 2659 passus
641 2626 667 2652 iu
689 2626 805 2652 insulam
821 2627 906 2658 venit,

125 2669 171 2696 ubi
191 2671 281 2705 vipera
297 2679 406 2698 manum
422 2671 481 2706 ejus
497 2671 688 2706 apprehendit,
704 2672 857 2706 mansitque
874 2673 905 2698 il-

124 2714 213 2742 lzesus.

953 207 1123 241 Καισάρειαν
1150 208 1217 242 πρὺς
1242 207 1287 233 τὸν
1311 207 1433 242 ἡγεμόνα
1449 206 1563 240 πέμπει.
1590 204 1739 230 Συνέλαῆον

951 251 999 279 οὖν
1015 253 1106 283 αὐτὸν,
1121 253 1168 279 καὶ
1183 253 1252 287 πρὸς
1265 252 1310 279 τὸν
1322 252 1456 287 ἐθνάρχην
1469 250 1549 287 ἦγον,
1563 251 1667 284 Φῆστος
1679 250 1739 276 ὄνο-

955 307 992 333 μα
1008 298 1093 333 αὐτῷ.
1110 298 1274 332 Λίσθὸμενος
1290 298 1328 328 δὲ,
1353 297 1487 331 συσκευῆν
1504 296 1565 323 κατ’
1581 296 1663 322 αὐτοῦ
1679 304 1741 322 τινα

950 344 1097 379 γινομένην
1111 345 1162 370 ὑπὸ
1178 344 1313 370 Ἰουδαίων
1333 344 1449 375 Παῦλος,
1470 343 1550 373 εὐθὺς
1563 343 1609 368 ἐπὶ
1619 342 1667 368 τοῦ
1688 342 1740 377 βή-

953 399 1040 425 ματος
1070 390 1241 416 ἐπικαλεῖται
1260 390 1305 416 τὸν
1322 389 1461 424 Καίσαρα.
1483 389 1538 414 Καὶ
1558 388 1663 414 ἀνίεται
1685 388 1737 421 μὲν

949 435 1017 467 τέως
1029 435 1076 462 τοῦ
1092 436 1245 470 κριτηρίου,
1263 436 1343 470 ἀργεῖ
1353 435 1381 461 δὲ
1392 436 1408 469 ἡ
1423 435 1481 461 κατ’
1500 434 1581 460 αὐτοῦ
1598 435 1654 464 τοῖς
1669 434 1739 460 Ἰου-

950 482 1036 513 δαίοις
1059 482 1233 516 μελετωμένη
1267 481 1407 516 ἐπιϐουλὴ,
1428 481 1474 507 καὶ
1499 480 1593 506 λοιπὸν
1626 481 1666 511 είς
1692 481 1740 514 τὴν

956 528 1064 563 Ῥώμην
1070 528 1121 554 ὑπὸ
1130 528 1183 554 τῶν
1193 528 1330 562 ἀρχόντων
1339 528 1511 561 ἐκπέμπεται
1524 527 1591 562 πρὸς
1602 526 1740 560 Καίσαρα-

951 573 1070 599 Κὰκεῖσε
1080 574 1143 603 τοὺς
1153 573 1252 604 αὐτοὺς
1264 572 1370 606 ἀγῶνας
1382 572 1587 605 ὲπιδεξάμενος,
1603 571 1652 596 καὶ
1670 570 1741 604 ὑπὲρ

949 618 1004 645 τῶν
1018 618 1204 645 αὐτῶνᾶθλων
1219 618 1344 648 πονέσας,
1356 618 1432 648 τέλος
1447 617 1492 642 καὶ
1507 617 1592 651 αὐτῆς
1606 616 1656 650 τῆς
1670 614 1744 648 ζωῆς

950 665 1019 700 ὑπὲρ
1027 665 1080 690 τῶν
1089 665 1138 697 τῆς
1147 663 1274 699 ἀληθείας
1287 663 1430 697 δογμάτων
1439 661 1545 696 ἐξέστη,
1557 661 1660 696 βέλτιον
1672 658 1743 686 εἶναι

949 709 1045 745 κρίνας
1051 709 1100 745 τὴν
1113 709 1181 744 μετὰ
1189 708 1306 744 Χρητοῦ
1314 707 1461 742 διαγωγὴν,
1472 709 1520 742 τῆς
1530 707 1629 742 θνητῆς
1640 706 1743 740 ταύτης

950 755 996 781 καὶ
1004 745 1137 789 ἐπικήρου
1147 754 1229 788 ζωῆς.
1243 753 1348 788 Μικρὸν
1357 754 1410 788 γὰρ
1425 752 1536 787 ὕστερον
1546 753 1560 778 ὸ
1572 753 1679 786 Καῖσαρ
1692 751 1743 776 Νέ-

953 808 1006 836 ρων
1027 799 1166 834 βουληθεὶς
1194 799 1276 825 αὑτὸν
1295 799 1342 832 τῆς
1368 798 1441 833 ζωῆς
1460 798 1562 831 ταύτης
1586 797 1742 830 ἐξαγαγεῖν,

955 846 1005 879 τὴν
1021 845 1151 880 ἀληθινὴν
1163 844 1236 878 αὐτῷ
1257 845 1302 870 καὶ
1324 844 1409 875 ὅντως
1433 844 1505 878 ζωὴν
1521 843 1677 878 ἐχαρίσατο,
1695 841 1744 868 καὶ

956 892 1073 927 καθιστᾷ
1093 891 1210 926 οὐρανοῦ
1232 890 1412 925 κληρονόμον,
1433 889 1462 915 ὂν
1483 889 1533 923 τῆς
1551 888 1602 922 γῆς
1626 887 1744 914 ἀπεστέ-

957 946 1050 974 ρησεν.
1077 938 1152 963 Εἰσὶν
1177 936 1224 963 οὖν
1249 937 1277 962 αἱ
1298 936 1441 965 πολιτεῖαι.
1469 935 1502 966 ἃς
1583 934 1743 968 κηρύγματι

957 981 1104 1017 περιῆλθεν
1131 981 1145 1006 ὁ
1170 981 1349 1016 πανεὺσημος
1375 980 1420 1006 τοῦ
1449 979 1567 1015 Χριστοῦ
1596 979 1744 1010 ἀπόστολος

957 1026 1071 1058 Παῦλος,
1090 1026 1126 1057 ὡς
1144 1026 1173 1051 ὲν
1196 1026 1321 1061 συντόμῳ
1340 1026 1437 1057 εἰπεῖν,
1464 1022 1544 1052 αὗται
1559 1033 1565 1040 ·

1007 1072 1195 1098 ΛΠΟΔΙΙΜΙᾹΙ
1221 1071 1363 1098 ΠᾹΥΛΟΥ
1387 1071 1455 1097 ΤΟΥ
1475 1071 1690 1098 ΛΠΟΣΤΟΛΟΥ.

997 1118 1063 1144 Ἀπὸ
1075 1117 1222 1152 Δαμασκοῦ
1235 1117 1346 1152 ἤρξατο,
1363 1117 1411 1143 καὶ
1425 1117 1537 1151 ἀνῆλθεν
1548 1118 1588 1148 εἰς
1607 1117 1744 1151 Ἰερουσα-

956 1164 1022 1198 λήμ.
1037 1163 1159 1190 Ἐκεῖθεν
1174 1165 1213 1193 είς
1227 1163 1344 1197 Ταρσόν.
1364 1163 1497 1189 Κάκεῖθεν
1513 1164 1552 1194 εἰς
1567 1163 1743 1197 Ἀντιόχειαν.

956 1211 1012 1236 Καὶ
1028 1210 1108 1236 πάλιν
1125 1210 1165 1240 εἰς
1189 1209 1377 1244 Ἰερουσαλὴμ,
1399 1209 1447 1236 καὶ
1465 1209 1545 1236 πάλιν
1559 1209 1685 1243 δεύτερον
1704 1209 1743 1239 εἱς

963 1255 1138 1290 Ἀντιόχειαν.
1163 1255 1298 1281 Κάκεῖθεν
1324 1255 1483 1289 ἀφορισθεὶς
1518 1255 1586 1289 μετὰ
1613 1254 1741 1285 Βαρνάϐα

957 1302 997 1332 εἰς
1020 1301 1069 1336 τὴν
1092 1301 1245 1336 ἀποστολὴν
1271 1301 1405 1335 κατῆλθεν
1421 1301 1461 1332 εἰς
1475 1301 1647 1327 Σελεύκειαν.
1673 1299 1740 1326 Εἶτα

957 1348 997 1379 εἰς
1010 1347 1133 1383 Κύπρον,
1150 1347 1214 1374 ἔνθα
1224 1347 1270 1373 καὶ
1279 1346 1385 1378 Παῦλος
1396 1347 1497 1382 ἤρξατο
1508 1346 1660 1372 καλεῖσθαι.
1677 1344 1742 1371 Εἶτα

959 1395 999 1424 είς
1019 1393 1140 1428 Πέργην,
1156 1391 1216 1419 εἶτα
1229 1394 1268 1424 είς
1285 1393 1451 1427 Ἀντιόχειαν
1462 1392 1513 1426 τῆς
1527 1392 1658 1423 Πισιδίας.
1675 1389 1742 1417 Εἶτα

957 1439 997 1470 ei;
1019 1439 1140 1465 Ἰκόνιον.
1172 1436 1237 1464 Εἶτα
1266 1439 1305 1469 είς
1333 1437 1468 1472 Λύστραν,
1498 1438 1544 1463 καὶ
1570 1437 1674 1472 Δέρϐην
1693 1437 1742 1470 τῆς

957 1484 1118 1515 Λυκαονίας.
1141 1481 1210 1510 Εἶτα
1230 1484 1269 1515 είς
1287 1483 1460 1518 Παμφυλίαν.
1479 1480 1544 1509 Εἶτα
1563 1484 1602 1513 είς
1620 1482 1740 1517 Πέργην.

957 1528 1023 1556 Εἶτα
1045 1530 1084 1560 είς
1097 1529 1263 1557 Ἀττάλειαν.
1287 1527 1354 1555 Εἶτα
1376 1529 1457 1555 πάλιν
1472 1529 1561 1563 τρίτον
1577 1529 1616 1559 si;
1638 1528 1742 1554 Ἀντιό-

955 1583 1032 1610 χειαν
1046 1575 1096 1610 τῆς
1116 1575 1227 1610 Συρίας.
1254 1573 1320 1601 Εἶτα
1345 1575 1427 1600 πάλιν
1439 1574 1530 1608 τρίτον
1548 1575 1587 1604 είς
1608 1574 1742 1609 Ἰερουσα-

954 1621 1021 1656 λὴμ,
1038 1621 1083 1647 διὰ
1102 1620 1151 1656 τὴν
1168 1621 1329 1656 περιτομήν.
1354 1618 1419 1646 Εἶτα
1442 1620 1523 1646 πάλιν
1547 1619 1676 1654 τέταρτον
1702 1620 1742 1651 εἰς

962 1666 1137 1700 Ἀντιόχειαν.
1154 1665 1220 1692 Εἶτα
1243 1665 1334 1700 διῆλθε
1353 1666 1402 1701 τὴν
1419 1665 1517 1701 Συρίαν
1535 1666 1583 1692 καὶ
1599 1666 1648 1699 τὴν
1666 1665 1743 1691 Κιλι-

956 1712 1029 1739 κίαν.
1044 1710 1110 1738 Εἶτα
1124 1712 1206 1739 πάλιν
1221 1712 1346 1748 δεύτερον
1362 1713 1401 1743 εἰς
1415 1712 1520 1747 Δέρϐην
1536 1712 1583 1738 καὶ
1598 1712 1741 1746 Λύστραν,

956 1758 1021 1784 ἔνθα
1043 1758 1176 1792 Τιμόθεον
1201 1757 1376 1793 περιέτεμεν.
1399 1756 1465 1784 Εἶτα
1485 1759 1526 1789 είς
1549 1758 1670 1792 Φρυγίαν
1697 1758 1744 1784 καὶ

955 1803 1006 1838 τὴν
1021 1803 1173 1838 Γαλατικὴν
1185 1803 1286 1839 χώραν.
1319 1801 1386 1829 Εἶτα
1412 1803 1452 1834 είς
1479 1803 1598 1829 Μυσίαν.
1617 1801 1682 1828 Εἶτα
1704 1805 1744 1834 εἰς

958 1849 1083 1884 Τρωάδα.
1105 1850 1239 1875 Κάκεῖθεν
1267 1850 1308 1880 εἰς
1322 1849 1470 1876 Νεάπολιν.
1497 1848 1562 1875 Εἶτα
1586 1849 1627 1880 είς
1651 1848 1745 1874 Φιλίπ-

959 1905 1024 1927 πους
1042 1895 1090 1930 τῆς
1107 1894 1286 1926 Μακεδονίας.
1317 1893 1384 1921 Εἶτα
1413 1894 1523 1921 διελθὼν
1541 1895 1591 1929 τὴν
1609 1894 1745 1928 Ἀμφίπο-

958 1941 1000 1967 λιν
1019 1941 1066 1967 καὶ
1087 1940 1279 1972 Ἂτιςολὶωνίπιν1
1295 1938 1374 1976 ἦλθεν
1399 1941 1438 1971 είς
1453 1940 1662 1974 Θεσσαλονίκην.
1678 1940 1744 1966 Εἶτα

958 1987 998 2016 εἰς
1013 1985 1136 2020 Βέροιαν.
1156 1984 1222 2012 Εἶτα
1236 1985 1362 2020 δεύτερον
1380 1986 1420 2017 είς
1432 1986 1598 2021 ’Λντιόχειαν
1622 1987 1672 2020 τῆς
1697 1987 1745 2012 Πι-

960 2032 1055 2062 σιδίας.
1072 2029 1137 2057 Εἶτα
1151 2032 1191 2062 είς
1208 2031 1256 2067 τὴν
1268 2031 1421 2066 Γαλατικὴν
1447 2031 1538 2068 χώραν
1551 2032 1599 2058 καὶ
1612 2033 1743 2066 Φρυγὶαν.

959 2075 1024 2104 Εἶτα
1049 2077 1128 2104 πάλιν
1143 2077 1268 2113 δεύτερον
1283 2078 1323 2108 είς
1341 2077 1468 2110 Ἔιρεσον.
1487 2076 1553 2103 Εἶτα
1568 2077 1681 2103 διελθὼν
1695 2077 1744 2112 τὴν

960 2122 1139 2153 Μακεδονίαν,
1155 2120 1235 2157 ἦλθεν
1261 2123 1301 2153 εἰς
1333 2122 1456 2148 Ἐλλάδα.
1486 2123 1618 2148 Κάκεῖθεν
1633 2122 1744 2148 διελθὼν

960 2165 1009 2200 τὴν
1021 2165 1202 2198 Μακεδονίαν,
1218 2163 1282 2200 ἦλθε
1296 2165 1376 2192 πάλιν
1387 2165 1514 2200 δεύτερον
1527 2167 1566 2197 εἰς
1581 2166 1743 2198 Φιλίππους.

960 2211 1014 2237 Καὶ
1028 2211 1083 2237 ἀπὸ
1104 2211 1246 2238 Φιλίππων
1274 2212 1314 2242 εἰς
1340 2211 1463 2246 Τρωάδα,
1484 2212 1548 2238 ἔνθα
1566 2212 1611 2238 τὴν
1625 2212 1744 2247 Εὔτυχον

958 2257 1054 2293 ἤγειρε
1071 2258 1198 2284 πεσόντα.
1214 2255 1280 2283 Εἶτα
1295 2257 1336 2288 είς
1354 2258 1404 2292 τὴν
1421 2259 1532 2285 Ἄσσον.
1547 2257 1614 2284 Εἶτα
1639 2260 1677 2290 είς
1693 2259 1745 2285 Μι-

958 2303 1084 2338 τυλήνην.
1102 2300 1168 2328 Εἶτα
1183 2303 1222 2333 εἰς
1240 2304 1274 2328 τὰ
1288 2303 1401 2338 ἀντικρὺ
1418 2303 1495 2330 Χίου.
1511 2301 1578 2330 Εἶτα
1592 2304 1631 2334 εἰς
1642 2304 1743 2338 Σάμον.

959 2352 1093 2378 Κάκεῖθεν
1118 2351 1156 2382 εἰς
1185 2350 1315 2384 Μίλητον.
1349 2351 1469 2378 Ἐκεῖθεν
1495 2352 1744 2386 μεταπεμψάμενος

959 2398 1022 2428 τοὺς
1037 2398 1065 2423 ὲν
1082 2397 1200 2430 Ἐφέσῳ,
1218 2397 1356 2431 ὡμίλησεν
1373 2398 1476 2429 αὐτοῖς.
1502 2396 1570 2424 Εἶτα
1600 2399 1640 2429 εὶς
1669 2399 1742 2425 Κῶν.

961 2440 1026 2468 Εἶτα
1041 2443 1081 2472 είς
1099 2442 1198 2469 Ῥόδον.
1211 2442 1344 2468 Κάκεῖθεν
1358 2444 1397 2474 εἰς
1414 2444 1535 2478 Πάταρα.
1553 2443 1688 2470 Κάκεῖθεν
1704 2445 1744 2474 είς

960 2487 1055 2522 Τύρον.
1074 2486 1141 2514 Εἶτα
1165 2489 1204 2519 εὶς
1229 2488 1408 2523 Πτολεμαῖὂα.
1426 2489 1558 2515 Κάκεῖθεν
1574 2491 1614 2520 είς
1637 2491 1744 2516 Καισά-

960 2543 1047 2570 ρειαν.
1057 2535 1192 2561 Κάκεῖθεν
1207 2534 1304 2569 ἀνῆλθε
1314 2535 1441 2568 τέταρτον
1459 2536 1538 2562 πάλιν
1550 2537 1590 2567 εἰς
1608 2535 1744 2571 Ἰερουσα-

960 2582 1025 2616 λήμ.
1049 2581 1185 2608 Κάκεῖθεν
1210 2582 1397 2616 παρεπέμφθη
1425 2583 1464 2613 εἰς
1492 2583 1669 2618 Καισάρειαν.
1688 2584 1743 2610 Καὶ

959 2626 1051 2653 λοιπὸν
1066 2627 1176 2661 δέσμιος
1193 2628 1240 2653 ἐπὶ
1262 2626 1382 2661 Ῥώμην,
1399 2627 1485 2657 οὕτως
1500 2628 1552 2653 ἀπὸ
1563 2629 1741 2662 Καισαρείας,

958 2671 1040 2707 ἦλθεν
1055 2673 1094 2703 εἰς
1111 2673 1223 2699 Σιδῶνα.
1246 2673 1381 2698 Κάκεῖθεν
1399 2673 1439 2704 εἰς
1457 2673 1539 2707 Μύρα
1565 2675 1613 2708 τῆς
1627 2674 1740 2701 Λυκίας.

959 2716 1025 2744 Εἶτα
1043 2719 1082 2749 εἰς
1099 2718 1204 2744 Κνίδον.
1221 2718 1355 2744 Κάκεῖθεν
1380 2718 1464 2744 πολλὰ
1490 2719 1594 2747 παθὼν,
1607 2717 1688 2753 ἦλθεν
1702 2721 1742 2751 εἰς

958 2764 1008 2797 τὴν
1022 2765 1112 2798 νῆσον,
1124 2763 1187 2789 ἔνθα
1197 2764 1212 2798 ἠ
1224 2763 1313 2797 ἔχιδνα
1325 2764 1464 2798 καθήψατο
1480 2764 1528 2799 τῆς
1545 2765 1635 2800 χειρὸς
1646 2766 1740 2797 αὑτοῦ,

961 2809 1005 2835 καὶ
1024 2809 1127 2843 ἔμεινεν
1143 2808 1244 2842 ἀϐλαϐῆ
1251 2817 1270 2839 ς.
