1881 3051
245 179 299 212 315

248 236 332 264 etiam
357 237 530 272 martyrium,
547 237 696 264 ostendens
713 243 741 264 et
763 237 876 265 Paulum
891 238 919 264 in
938 238 1032 272 quiete

247 282 442 317 permansisse,
458 287 485 308 et
504 281 550 308 Dei
566 282 680 308 verbum
698 282 774 309 nullo
791 282 955 317 prohibente
971 283 1028 309 dis-

247 327 407 355 seminasse.
421 327 562 362 Siquidem
579 327 661 354 habet
674 328 799 361 historia,
814 328 886 363 quod
902 328 949 355 ubi
965 332 1030 356 tunc

247 372 298 399 sub
310 372 418 399 Nerone
431 372 619 407 respondisset
631 373 732 400 Paulus
744 377 771 400 et
781 381 795 400 a
812 373 919 401 Caesare
934 373 1031 401 fuisset

247 417 399 447 absolutus,
423 417 456 443 ad
487 418 688 452 praedicationis
718 418 902 446 ministerium
936 427 1031 446 rursus

247 462 378 487 emissum
392 461 486 493 fuisse,
496 463 612 496 aliisque
622 463 715 490 decem
730 464 809 490 annis
823 465 959 499 Evangelii
972 473 1032 492 ver-

247 507 312 533 bum
330 507 532 535 disseminasse.
549 508 616 535 Cum
635 513 727 536 autem
741 509 774 535 ad
789 515 941 537 extremum
958 511 1032 537 insa-

247 553 300 579 niae
321 553 393 579 Nero
410 553 591 587 pervenisset,
618 555 737 588 primum
758 556 870 589 quidem
894 556 1033 583 interfecit

247 598 422 633 Agrippinam
443 600 583 634 propriam
601 605 726 632 matrem,
749 607 880 636 praeterea
903 607 929 629 et
947 602 1034 636 patris

247 651 381 677 sororem,
399 644 538 672 Octaviam
552 653 661 680 quoque
674 654 750 673 suam
768 655 893 679 uxorem,
909 648 1033 682 aliosque

246 693 407 720 innumeros
427 701 527 728 genere
550 693 639 728 ipsum
659 694 850 729 contingentes
867 704 874 721 :
891 695 990 722 deinde
1006 699 1034 722 et

247 738 430 765 universalem
447 738 532 764 movit
552 738 696 765 adversum
715 739 886 766 Christianos
903 748 1030 774 persecu-

248 784 362 814 tionem,
374 787 402 810 et
418 783 454 810 ita
471 784 504 810 ad
519 784 706 818 apostolorum
720 785 807 812 emdes
824 786 959 820 pervenit.
975 786 1035 813 Sta-

248 830 298 856 tim
313 830 386 856 enim
399 831 564 857 accersitum
584 831 697 858 Paulum
715 832 786 859 stitit
808 832 948 860 tribunali.
961 833 1034 860 Rur-

248 883 309 901 sum
316 879 407 902 autem
417 875 442 903 ei
453 875 540 903 Lucas
547 877 712 911 conjunctus
721 883 777 904 est:
785 878 831 904 ubi
840 882 913 905 certe
920 878 1035 914 contigit

249 920 363 947 Paulum
385 928 457 947 anno
479 921 617 948 tricesimo
637 928 714 948 seruo
730 930 744 949 a
762 922 903 950 Salvatore
927 931 1007 958 passo
1021 943 1029 956 ,

1087 921 1170 956 προσή
1175 929 1254 946 κοντα
1258 929 1281 951 ς.

249 966 333 992 tertio
340 965 445 993 decimo
459 971 550 993 autem
563 967 803 1002 imperiiNeronis,
812 969 942 1004 martyrio
954 970 1036 997 vitam

249 1010 452 1045 ﬁnisse.eapitc
464 1011 593 1039 videlicet
603 1012 693 1047 gladio
708 1019 858 1048 amputato.
871 1014 940 1041 Sunt
955 1015 1038 1050 igitur

248 1055 284 1082 ab
304 1063 377 1083 anno
393 1056 497 1084 Tiberii
513 1057 627 1084 Caesaris
648 1058 756 1085 decimo
777 1067 861 1092 nono,
876 1067 930 1095 quo
947 1060 1037 1088 Evan-

248 1102 350 1137 gelium
363 1104 446 1137 cepit
457 1104 616 1138 prtedica-re,
629 1112 716 1140 usque
727 1105 759 1132 ad
774 1113 877 1132 annum
892 1107 952 1141 ejus
963 1107 1037 1134 vice-

249 1146 349 1175 simum
369 1148 532 1181 secundum,
557 1150 620 1176 anni
637 1154 769 1184 quatuor,
787 1156 814 1178 et
836 1151 894 1178 Caii
909 1152 1036 1179 similiter

248 1193 312 1219 anni
325 1199 444 1228 quatuor
464 1203 470 1221 :
488 1203 597 1221 rursum
613 1204 679 1222 vero
697 1201 725 1223 et
740 1196 846 1223 Claudii
867 1198 931 1224 anni
955 1198 1036 1232 paulo

247 1238 340 1266 minus
363 1241 586 1274 quatuordecim,
605 1250 686 1276 quem
709 1242 850 1269 insecutus
865 1243 935 1270 Nero
954 1244 1035 1271 tertio

247 1284 357 1311 decimo
368 1285 410 1312 sui
425 1285 502 1320 195
528 1286 698 1320 principatus
726 1294 798 1313 anno
824 1288 976 1321 apostolum
995 1289 1036 1315 in-

248 1331 369 1357 teremit.
400 1330 464 1357 Haec
498 1336 590 1358 autetn
612 1331 645 1358 de
671 1331 758 1365 prima
783 1340 831 1359 sua
857 1334 1035 1368 responsione

247 1374 412 1408 scribitipse
423 1375 523 1402 Paulus
541 1377 681 1410 apostolus
699 1375 862 1404 Timotheo:
878 1387 886 1403 ‹
904 1377 931 1404 In
947 1379 1034 1413 prima

247 1427 308 1447 mea
326 1421 505 1455 responsione
514 1422 606 1448 nullus
623 1422 690 1449 mihi
709 1422 807 1455 adfuit,
821 1424 866 1450 sed
880 1432 976 1452 omnes
991 1427 1035 1451 me

248 1466 457 1501 dereliquerunt
476 1476 482 1494 :
499 1475 552 1494 non
570 1468 623 1495 illis
645 1469 796 1504 imputetur
818 1479 823 1496 :
839 1470 971 1497 Dominus
986 1479 1035 1497 au-

248 1517 303 1540 tem
319 1512 408 1540 adfuit
422 1513 489 1541 mihi
505 1518 532 1542 et
544 1514 717 1542 conﬁrmavit
734 1522 787 1547 tne,
805 1520 834 1542 ut
848 1523 896 1550 per
911 1524 953 1543 me
968 1524 1036 1550 prte-

248 1558 350 1586 Cicatio
374 1560 486 1591 eertipri
509 1560 561 1588 ﬁde
585 1562 821 1595 comprobaretur,
851 1562 1034 1597 audirentque

247 1611 344 1632 (mnes
359 1609 455 1640 gentes
476 1615 482 1632 :
498 1611 526 1633 et
542 1607 674 1633 liberatus
689 1614 748 1633 sum
760 1607 794 1633 de
816 1614 863 1633 ore
888 1607 1005 1639 leonis‘,
1021 1617 1030 1632 ι

249 1649 303 1676 hoc
315 1649 427 1677 nomine
440 1650 576 1678 Neronem
592 1651 759 1685 signiﬁcans.
775 1651 812 1678 De
825 1651 945 1678 secunda
957 1659 1032 1684 vero,

249 1695 276 1721 in
293 1703 346 1729 qua
362 1699 390 1726 et
407 1696 537 1731 martyrio
546 1704 622 1723 suam
636 1696 722 1723 ﬁnivit
738 1697 832 1729 vitam,
847 1698 886 1725 ait
907 1707 913 1724 :
934 1707 943 1722 ‹
956 1697 1035 1724 Mini-

248 1740 364 1767 sterium
389 1744 467 1767 tuum
490 1741 592 1768 bonum
615 1742 718 1769 certius
740 1742 868 1777 adimple.
889 1743 945 1778 Ego
962 1743 1035 1770 enim

249 1785 303 1820 jam
317 1785 588 1821 delibor,ettempus
598 1795 664 1815 mea:
679 1787 870 1815 dissolutionis
887 1789 1036 1816 instat.iEt

249 1831 313 1865 quia
328 1831 416 1859 Lucas
431 1840 539 1859 rursum
554 1837 615 1860 erat
629 1841 691 1860 cum
704 1841 748 1865 eo,
759 1839 821 1868 post
832 1842 917 1869 pauca
931 1835 1034 1869 episto—

249 1874 282 1903 lae
302 1876 386 1904 verba
410 1885 417 1903 :
437 1877 561 1905 (Salutat
576 1883 611 1911 te,
628 1879 727 1913 inquit,
747 1880 845 1911 Lucas,
868 1880 913 1915 qui
929 1888 1034 1907 mecum

249 1926 301 1948 est.
319 1931 327 1947 ι
345 1922 442 1950 Totius
464 1923 546 1958 igitur
566 1924 668 1958 prioris
688 1925 891 1960 prmdicationis
918 1925 1036 1960 apostoli

251 1971 359 2001 tempus
381 1973 423 1996 est
441 1969 524 1997 unius
540 1974 568 1996 et
589 1970 683 2004 viginti
704 1978 838 1997 annorum
855 1975 953 2006 pnetcr
968 1971 1036 1998 alios

249 2013 320 2041 duos
337 2022 424 2042 annos
445 2023 514 2050 quos
525 2016 596 2050 apud
608 2016 760 2044 Caesaream
774 2017 800 2044 in
817 2025 927 2045 carcere
947 2023 1036 2045 trans-

249 2058 314 2093 egit.
328 2058 376 2086 llis
388 2067 495 2087 rursum
507 2061 643 2087 addantur
654 2061 708 2088 duo
718 2062 797 2096 primi
809 2062 872 2089 anni
889 2067 1034 2097 postquam

250 2104 364 2131 Romam
385 2111 557 2140 pervenerat,
577 2107 727 2142 decemque
744 2108 831 2135 ultimi
851 2117 858 2135 :
874 2108 910 2136 ita
927 2113 957 2134 ut
974 2108 1035 2135 fue-

250 2150 306 2178 rint
321 2158 418 2179 omnes
431 2152 496 2179 anni
511 2153 545 2180 ab
561 2153 622 2188 ejus
634 2154 778 2181 vocatione
793 2162 879 2190 usque
895 2154 927 2181 ad
946 2154 1033 2190 ipsius

250 2200 368 2224 mortem
383 2197 493 2232 triginta
506 2199 640 2233 quinque.

249 2241 329 2276 ἕτερα
339 2243 387 2270 δύο
403 2243 462 2276 ἐτη,
474 2243 492 2270 ἃ
509 2244 658 2270 διετέλεσεν
678 2245 707 2270 ὲν
721 2245 759 2280 τῷ
775 2245 845 2272 κατὰ
863 2245 1032 2280 Καισάρειαν

787 183 986 213 (ECUMENII
1001 182 1147 212 TRICCFE
1161 181 1332 212 EPISCOPI

1047 241 1068 266 Δ
1083 245 1156 263 σκων
1181 236 1243 263 οὐδὲ
1259 237 1290 263 τὸ
1306 235 1455 272 μαρτύριον
1480 235 1563 261 αὐτοῦ
1594 234 1754 269 ἔγκατέθιτυ
1766 238 1796 271 τῇ
1810 237 1842 271 βί-

1082 282 1146 316 ϐλῳ.
1165 283 1365 313 Καταλιπόντες
1379 281 1433 316 γὰρ
1452 281 1533 307 αὑτὸν
1547 281 1636 307 ὲκεϊσε
1652 282 1755 312 Λουκᾶς
1768 290 1794 308 τε
1807 284 1844 309 καὶ

1087 328 1273 362 Ἀρίσταρχος,
1297 325 1388 362 ἦλθον.
1417 326 1546 358 Εὐσέϐιος
1565 326 1594 354 δὲ
1621 328 1684 358 τοὺς
1714 328 1842 363 μετέπειτα

1081 373 1192 407 χρόνους
1213 372 1335 406 ἀκριῦῶς
1363 372 1626 407 περιεργασάμενος,
1644 373 1782 407 ἱστόρησεν
1793 375 1846 408 ἡμῖν

1082 417 1110 443 ἐν
1121 417 1159 451 τῷ
1173 417 1291 452 δευτέρῳ
1315 417 1390 452 τόμῳ
1413 417 1463 451 τῆς
1483 417 1728 452 Ἐκκλησιαστικῆς
1742 419 1845 454 ἱστορίας

1081 463 1176 490 τούτου
1206 464 1253 490 καὶ
1269 463 1301 490 τδ
1325 463 1482 498 μαρτύριον,
1505 463 1554 489 καὶ
1576 463 1622 490 τὸν
1649 463 1754 490 Παῦλον
1769 464 1849 491 ἄνετον

1082 509 1237 543 διατρίψαι,
1254 509 1301 535 καὶ
1317 509 1364 535 τὸν
1379 508 1425 535 τοῦ
1437 508 1504 535 Θεοῦ
1521 509 1599 542 λόγον
1618 509 1764 540 ἀκωλύτως
1778 511 1849 544 κηρύ-

1084 555 1127 588 ξαι
1155 555 1404 590 ἐπισημηνάμενος.
1432 556 1499 582 Τότε
1528 556 1576 590 μὲν
1599 553 1645 582 οὖν
1672 556 1718 582 ἐπὶ
1741 556 1850 590 Νέρωνος

1083 602 1324 637 ἀπολογησάμενον
1335 601 1380 627 τὸν
1397 601 1512 633 Παῦλον,
1527 601 1604 633 αὖθις
1626 603 1673 628 ἐπὶ
1684 602 1734 635 τὴν
1749 602 1790 628 τοῦ
1811 611 1850 635 2r,-

1087 648 1225 683 ρύγματος
1241 647 1378 674 διακονίαν
1393 647 1471 681 λόγος
1489 647 1545 682 ἕχει
1561 647 1718 674 στείλασθαι
1734 648 1784 674 ὑπὸ
1797 649 1851 674 Καί-

1086 703 1168 729 σαρος
1181 693 1360 727 ἀπολυθέντα,
1378 693 1607 727 εὐαγγελίσασθαι
1626 694 1667 726 ἐφ’
1687 693 1786 727 ἑτέροις
1798 693 1851 719 δέκα

1085 741 1182 767 ἔτεσιν.
1211 739 1258 770 Εἰς
1277 739 1361 774 ἄκρον
1383 739 1410 765 δὲ
1435 738 1533 773 μανίας
1550 739 1564 764 ὸ
1579 738 1674 774 Νέρων
1692 739 1850 772 ἀφικόμενος,

1085 784 1173 811 ἀνεῖλε
1189 783 1238 818 μὲν
1255 783 1438 818 Ἀγριππῖνον
1459 783 1556 818 πρῶτα
1581 783 1631 818 τὴν
1657 783 1724 809 ἰδίαν
1753 782 1852 816 μητέρα,

1087 830 1128 856 ἔτι
1143 830 1170 856 δὲ
1186 829 1233 855 καὶ
1249 830 1298 864 τὴν
1311 828 1428 863 ἀδελφὴν
1452 828 1499 855 τοῦ
1524 828 1627 864 πατρὸς
1637 849 1644 860 ,
1661 829 1707 855 καὶ
1720 828 1852 855 Ὀκτα·λΐαν

1087 876 1136 910 τὴν
1152 875 1249 901 ἑαυτοῦ
1264 875 1391 908 γυναῖκα,
1408 874 1455 901 καὶ
1480 874 1578 906 ἄλλους
1601 874 1714 908 μυρίους
1739 873 1776 908 τῷ
1795 873 1853 906 γένει

1326 920 1481 946 Μετέπειτα
1513 919 1540 945 δὲ
1583 919 1728 945 καθολικὺν
1763 919 1853 953 ἐκίνησε

1087 961 1206 1001 διωγμὸν
1230 965 1300 992 κατά
1321 966 1376 991 τῶν
1388 964 1561 1000 Χριστιανῶν
1571 985 1578 996 ,
1594 965 1641 990 καὶ
1656 964 1744 995 οὕτως
1763 965 1803 990 ἐπὶ
1818 965 1853 994 τὰς

1087 1011 1142 1038 τῶν
1153 1011 1308 1038 ἀποστόλων
1324 1008 1390 1046 ἦλθε
1411 1011 1530 1045 σφαγάς.
1546 1009 1798 1044 Μεταστειλάμενος
1813 1010 1853 1044 γὰρ

1086 1058 1131 1084 τὸν
1146 1057 1251 1085 Παῦλον
1279 1056 1358 1088 αὖθις
1384 1055 1424 1090 τῷ
1440 1056 1542 1090 βήματι
1564 1057 1695 1090 παριστᾷ.
1711 1056 1853 1090 Συνῆὶῦεδὶ

1088 1103 1167 1130 πάλιν
1179 1104 1193 1129 ὸ
1207 1103 1314 1134 Λουκᾶς
1332 1101 1418 1136 αὐτῷ.
1434 1101 1519 1128 Ἔνθα
1532 1101 1563 1136 δὴ
1577 1101 1674 1135 συνέϐη
1691 1101 1738 1126 τὸν
1757 1100 1854 1131 Παῦλον,

1086 1148 1240 1183 τριακοστῷ
1265 1148 1336 1182 ἕκτῳ
1365 1146 1419 1172 ἔτει
1446 1145 1493 1172 τοῦ
1512 1146 1646 1180 σωτηρίου
1665 1145 1777 1177 πάθους,
1793 1154 1854 1179 τρισ-

1089 1195 1242 1229 καιδεκάτῳ
1258 1194 1286 1220 δὲ
1302 1193 1428 1228 Νέρωνος
1457 1192 1648 1228 μαρτυρῆσαι,
1675 1191 1746 1226 ξίρει
1761 1192 1806 1226 τὴν
1819 1200 1854 1216 κε-

1087 1239 1174 1273 φαλὴν
1198 1238 1403 1273 ἁποτμηθέντα.
1420 1238 1498 1264 Ἐστι
1513 1238 1603 1263 τοίνυν
1628 1237 1682 1263 ἀπὸ
1704 1236 1751 1262 τοῦ
1773 1238 1851 1263 ἐννεα-

1086 1285 1246 1311 καιδεκάτου
1264 1285 1340 1316 ἔτους
1366 1284 1492 1318 Τιϐερίου
1507 1284 1663 1318 Καίσαρος,
1679 1283 1708 1315 ἐξ
1725 1280 1755 1309 οῦ
1770 1283 1855 1317 κηρύσ-

1087 1339 1145 1357 σειν
1157 1330 1185 1356 τὺ
1201 1330 1486 1365 Εὑαγγέλιονήρξατο,
1504 1329 1555 1360 ἕως
1567 1329 1614 1355 τοῦ
1636 1329 1761 1355 εἰκοστοῦ
1776 1329 1854 1354 δευτέ-

1088 1385 1134 1410 ρου
1152 1376 1237 1408 ἔτους,
1257 1376 1305 1411 ἔτη
1318 1377 1454 1411 τέσσαρσι·
1477 1376 1524 1402 καὶ
1538 1375 1572 1401 τὰ
1589 1376 1670 1402 Γαΐου
1688 1375 1716 1401 δὲ
1731 1375 1855 1404 ὡσαύτως,

1087 1421 1135 1456 ἔτη
1154 1422 1285 1457 τέσσαρα.
1302 1420 1384 1454 Αὖθις
1399 1422 1426 1448 δὲ
1441 1422 1487 1448 καὶ
1504 1421 1537 1448 τὰ
1553 1421 1686 1448 Κλαυδίου
1703 1421 1762 1455 ἔτη,
1775 1420 1856 1454 μικρῇν

1086 1468 1207 1499 ἐλάττω,
1234 1469 1431 1503 δεκατέσσαρα.
1463 1469 1511 1495 ’Ὁν
1545 1468 1736 1502 διαδεξάμενος
1766 1467 1854 1501 Νέρων,

1085 1513 1300 1548 τρισκαιδεκάτῳ
1314 1513 1367 1540 ἔτει
1379 1513 1428 1548 τῆς
1444 1513 1539 1539 ἑαυτοῦ
1553 1513 1650 1548 ἀρχῆς.
1660 1511 1855 1539 τδνίὶπῆστολον

1086 1559 1201 1586 ἀνεῖλεν.
1215 1559 1316 1592 Γράφει
1329 1559 1394 1593 γοῦν
1416 1560 1430 1585 ὁ
1445 1559 1526 1590 αὐτὸς
1542 1558 1689 1588 ἀπόστολος
1708 1557 1807 1587 Παῦλος
1821 1555 1855 1580 Τι-

1093 1605 1193 1640 μοθέῳ,
1208 1606 1270 1640 περὶ
1286 1605 1335 1639 μὲν
1349 1605 1396 1639 τῆς
1409 1605 1521 1639 πρώτης
1538 1604 1620 1630 αὐτοῦ
1635 1604 1779 1637 ἀπολογίας
1792 1603 1854 1629 τάδε·

1091 1661 1101 1677 ‹
1112 1652 1156 1679 Ἐν
1169 1653 1201 1686 τῇ
1216 1651 1310 1686 πρώτῃ
1326 1659 1375 1686 μου
1387 1651 1520 1684 ἀπολογίᾳ
1549 1649 1635 1680 οὐδείς
1648 1658 1691 1684 μοι
1700 1647 1856 1683 συμπαρξγέ-

1089 1706 1159 1730 νετο,
1176 1697 1245 1724 ἀλλὰ
1259 1698 1357 1728 πάντες
1386 1705 1419 1731 με
1436 1696 1625 1730 ἐγκατέλιπον.
1651 1695 1696 1730 Μὴ
1724 1695 1810 1725 αὐτοῖς
1824 1694 1857 1718 λο-

1089 1743 1244 1779 γισθείη.”0
1256 1743 1284 1769 δὲ
1302 1743 1402 1778 Κύριός
1419 1752 1463 1778 μοι
1481 1743 1605 1778 παρέστη
1620 1743 1668 1768 καὶ
1685 1739 1855 1773 ὲνεδυνάμωσέ

1090 1797 1133 1823 με,
1164 1788 1207 1814 ἵνα
1233 1787 1266 1814 δι’
1289 1787 1355 1822 ἐμοῦ
1381 1787 1411 1814 τὸ
1442 1787 1573 1822 κήρυγμα
1597 1786 1801 1821 πληροφορηθῇ,
1821 1785 1856 1810 καὶ

1088 1833 1225 1860 ἀκούσωσι
1242 1835 1332 1861 πάντα
1348 1834 1381 1860 τὰ
1395 1833 1469 1868 ἔθνη.
1486 1833 1540 1860 Καὶ
1558 1832 1696 1868 ὲρῥύσοην
1719 1832 1750 1858 ἐκ
1771 1831 1856 1864 στόμι-

1087 1888 1132 1911 τος
1147 1879 1268 1911 λέοντος·
1288 1889 1296 1905 ι
1315 1879 1409 1906 τοῦτον
1421 1879 1509 1913 λέγων
1524 1876 1594 1905 εἶναι
1606 1878 1650 1904 τὶν
1668 1878 1790 1913 Νέρωνα.
1805 1875 1857 1909 Περὶ

1087 1925 1116 1951 δὲ
1131 1925 1180 1960 τῆς
1195 1925 1324 1960 δευτέρας
1343 1921 1400 1960 ἐνῇ
1415 1925 1462 1950 καὶ
1482 1923 1633 1949 τελειοῦται
1651 1923 1688 1958 τῷ
1714 1923 1772 1950 κατ’
1791 1921 1855 1948 αὑτὸν

1089 1970 1240 2006 μαρτυρίῳ,
1264 1970 1341 2004 φησί’
1357 1979 1366 1996 σ
1381 1970 1436 2004 Τὴν
1447 1969 1532 2004 καλὴν
1549 1969 1686 1995 διακονίαν
1698 1977 1745 1994 σου
1773 1967 1855 2001 πληρο-

1088 2017 1218 2051 φόρησον.
1232 2015 1304 2049 Ἐγὼ
1319 2015 1372 2050 γὰρ
1387 2015 1435 2050 ἥδη
1452 2015 1613 2048 σπένδομαι,
1629 2015 1676 2040 καὶ
1690 2015 1704 2040 ὁ
1717 2013 1807 2048 καιρῦς
1818 2011 1855 2042 τῆς

1087 2059 1242 2092 ἀναλύσεώς
1257 2068 1308 2094 μου
1324 2060 1487 2096 ἐφέστηκε-ο
1503 2060 1557 2086 Καὶ
1571 2060 1612 2086 ὅτι
1622 2061 1728 2090 Λουκᾶς
1744 2058 1776 2094 ἦν
1790 2058 1855 2084 πάλιν

1049 1589 1070 1618 C

1087 2109 1135 2134 σὺν
1148 2106 1231 2142 αὐτῷ,
1249 2106 1306 2142 μετ’
1317 2106 1396 2140 ὀλίγα
1408 2106 1618 2141 τῆςὲπιστολῆς,
1627 2116 1635 2132 i
1653 2105 1813 2138 Ἀσπάζεταί
1823 2111 1854 2133 σε,

1086 2154 1220 2189 γράφει,ίὸ
1232 2153 1338 2184 Λουκᾶς
1353 2154 1367 2179 ὁ
1380 2154 1427 2179 σὺν
1440 2153 1512 2187 ὲμοι,
1523 2162 1531 2178 i
1550 2153 1643 2179 Ἔστιν
1654 2153 1700 2179 οὖν
1713 2154 1727 2179 ὁ
1744 2154 1793 2183 πᾶς
1804 2149 1855 2185 χρό-

1087 2208 1131 2231 νος
1141 2199 1188 2226 τοῦ
1203 2199 1380 2235 κηρύγματος
1397 2199 1516 2231 Παύλου,
1535 2199 1622 2226 εἴκοσι
1636 2200 1681 2225 καὶ
1694 2198 1725 2225 ἓν
1738 2200 1801 2227 ἔτος.
1812 2197 1855 2222 Καὶ

1048 2245 1237 2281 δεσμωτηρίῳ.
1265 2245 1336 2280 Πρὸς
1356 2245 1385 2271 δὲ
1418 2245 1523 2276 τούτοις
1542 2245 1633 2276 πάλιν,
1660 2245 1694 2272 τὰ
1728 2246 1755 2271 ὲν
1779 2243 1854 2276 Ῥώμῃ

249 2289 370 2323 πρότερα
381 2289 427 2315 δύο
441 2289 499 2325 ἐτη,
518 2290 565 2316 καὶ
577 2290 610 2316 τὰ
625 2291 763 2317 τελευταῖα
778 2292 806 2318 δὲ
827 2292 875 2326 ἐτη
910 2292 975 2318 δέκα
990 2299 996 2306 ·
1028 2291 1100 2318 ὥστε
1122 2290 1191 2318 εἶναι
1215 2293 1306 2318 πάντα
1321 2291 1354 2317 τὰ
1368 2291 1415 2325 ἐτη
1431 2290 1484 2317 ἀπὸ
1496 2290 1545 2324 τῆς
1561 2291 1682 2325 κλήσεω,
1697 2290 1775 2318 αὐτοῦ
1791 2290 1854 2324 μέχρι

248 2335 298 2370 τῆς
313 2335 478 2367 τελειώσεως
496 2336 588 2369 αὐτοῦ,
605 2338 750 2372 τριάκοντα
765 2339 811 2364 καὶ
827 2339 917 2366 πέντε.

402 2392 609 2422 MARTYRIUM
622 2395 724 2423 PAULI
738 2394 917 2422 APOSTOLI.

284 2447 342 2476 Sub
356 2449 464 2476 Nerone
487 2450 672 2478 Bouianorum
697 2451 875 2485 imperatore,
904 2455 1035 2486 martyrio

249 2493 333 2520 vitam
351 2493 452 2521 ibidem
472 2494 561 2522 ﬁnivit
578 2495 680 2523 Paulus
708 2496 859 2530 apostolus,
877 2496 966 2530 capite
979 2496 1036 2530 gla-

250 2539 296 2566 dio
318 2544 468 2574 amputato,
489 2549 562 2568 anno
577 2549 592 2568 a
612 2541 725 2569 salutari
744 2541 872 2576 passione
896 2541 1036 2569 tricesimo

249 2590 326 2612 sexto
340 2590 482 2621 postquam
499 2587 593 2614 Romae
605 2587 707 2614 bonum
721 2591 871 2614 certaverat
884 2592 1034 2621 certamen,

249 2632 346 2666 quinto
360 2632 404 2660 die
420 2634 525 2660 mensis
537 2633 660 2664 Panemi,
677 2633 723 2668 qui
739 2633 798 2660 dies
810 2633 881 2668 apud
899 2634 1037 2661 Romanos

248 2677 350 2706 dicitur
378 2679 476 2706 tertius
498 2678 682 2706 Kalendarum
704 2679 783 2711 Julii,
810 2687 864 2714 quo
891 2680 1037 2715 complevit

248 2723 328 2752 divus
338 2725 486 2759 Apostolus
497 2731 578 2751 suum
596 2725 767 2760 martyrium,
776 2726 944 2760 sexagesimo
964 2733 1037 2752 nono

248 2776 320 2797 anno
333 2770 470 2796 adventus
487 2770 636 2798 Salvatoris
651 2771 738 2799 nostri
754 2771 819 2800 Jesu
835 2771 947 2800 Christi.

287 2879 295 2895 ¹
309 2879 411 2908 ll'l'im.
429 2889 465 2912 ιν,
486 2881 527 2913 Ιδ,
551 2880 591 2908 Π.

1054 2391 1078 2419 D
1152 2391 1354 2418 ΜΛΡΤΥΡΙΟΝ
1371 2391 1485 2417 ﬂ.\1'.\0
1492 2392 1510 2416 Υ
1525 2392 1567 2417 'l'U
1574 2391 1591 2416 Υ
1605 2390 1813 2417 ΑΠΟΣΤΟΛΟΥ.

1131 2449 1192 2475 Ἐπὶ
1216 2448 1340 2484 Νέρωνος
1354 2448 1402 2474 τοῦ
1428 2449 1568 2482 Καίσαρος
1585 2449 1738 2483 Ῥωμαίων,
1753 2445 1856 2482 ἐμαρτῦ-

1091 2504 1173 2531 ρηοεν
1191 2495 1284 2521 αὐτόθι
1303 2495 1406 2526 Παῦλος
1427 2496 1440 2522 ό
1456 2495 1622 2526 ἀπόστολος,
1641 2495 1714 2528 ξίφει
1726 2495 1772 2529 τὴν
1785 2501 1855 2526 κείρα-

1089 2541 1137 2576 λὴν
1151 2541 1328 2576 ἀποτμηθεὶς,
1344 2542 1374 2567 ἐν
1386 2540 1426 2575 τῷ
1440 2541 1595 2574 τριακοστῷ
1609 2541 1654 2566 καὶ
1673 2541 1744 2575 ἓκτῳ
1761 2540 1853 2566 ἐτειτον

1089 2587 1223 2622 σωτηρίου
1234 2587 1345 2619 πάθους,
1361 2586 1405 2612 τὸν
1422 2586 1506 2612 καλὸν
1519 2586 1614 2619 ἀγῶνα
1629 2587 1823 2621 ἀγωνισάμενος
1833 2583 1854 2607 έν

1095 2633 1199 2669 Ῥώμῃ,
1209 2633 1322 2668 πέμπτῃ
1337 2633 1431 2668 ἡμέρᾳ.
1450 2633 1574 2666 Πανέμου
1592 2633 1686 2667 μηνὸς,
1698 2633 1756 2667 ἣτις
1765 2631 1853 2664 λέγεται

1090 2679 1166 2712 παρὰ
1187 2677 1342 2711 Ῥωμαίοις,
1358 2678 1390 2711 τῇ
1409 2676 1460 2710 πρὸ
1481 2677 1565 2711 τριῶν
1580 2676 1727 2703 Καλανδῶν
1746 2675 1852 2703 Ἰουλίων,

1089 2725 1150 2751 καθ’
1167 2725 1205 2759 ἦν
1213 2722 1357 2756 ἐτελειώθη
1377 2723 1390 2748 ὁ
1407 2722 1483 2756 ἅγιος
1506 2723 1667 2754 Ἀπόστολος
1692 2723 1730 2757 τῷ
1745 2722 1800 2748 κατ’
1815 2719 1852 2765 a5:

1089 2771 1134 2796 τὴν
1150 2768 1300 2803 μαρτυρίῳ,
1319 2767 1458 2803 ἑξηκοστῷ
1483 2768 1530 2794 καὶ
1550 2769 1652 2803 ὲννάτῳ
1676 2769 1731 2795 ἔτει
1753 2767 1796 2802 τῇ
1817 2772 1852 2789 1W

1088 2816 1212 2851 Σωτῆρος
1226 2815 1302 2850 ἡμῶν
1320 2814 1407 2841 Ίιτοῦ
1424 2814 1542 2848 Κρυπτοῦ
1559 2815 1722 2846 παοουσίας,
