1881 3051
113 97 162 129 311

656 98 853 128 (ECUMENII
868 96 1015 126 Τιιιερίιῑ
1035 98 1202 129 EPISCOPI

1684 95 1737 127 31?.

112 157 214 185 Verum
230 155 357 183 tribunus
369 155 459 182 statim
472 163 534 182 eum
547 155 658 190 eripuit,
674 159 774 182 etcum
786 153 895 181 militari

980 155 1105 189 αιρεῖται,
1123 155 1168 182 καὶ
1184 155 1252 189 μετὰ
1268 154 1467 189 στρατιωτικῆς
1487 153 1614 189 βοηθείας
1627 153 1668 183 εἰς
1687 153 1737 183 τὴν

112 203 216 230 auxilio
227 202 315 237 ipsum
328 201 479 229 Caesaream
495 201 529 228 ad
544 202 687 236 pmsidem
705 201 799 228 mittit.
810 201 896 227 Acce-

112 253 214 284 perunt
225 256 291 284 ergo
311 248 400 283 ipsum
419 253 447 276 et
462 248 494 275 ad
507 249 599 275 ducem
611 248 733 283 gentium
756 247 896 274 duxerunt

112 297 160 331 qui
180 295 276 324 Festus
293 295 446 323 dicebatur.
461 295 528 322 Cum
548 300 638 322 autem
664 295 896 322 sentiretPaulus

113 345 278 377 prreparatas
292 341 422 368 adversus
437 349 465 368 se
485 341 597 368 insidias
612 349 626 368 a
637 341 747 372 Judaeis.
760 341 849 368 statim
863 342 895 367 ad

113 386 232 413 tribunal
247 390 322 413 stans
337 385 470 413 Cmsarem
487 386 605 420 appellat
622 394 629 413 :
646 390 673 412 et
692 386 818 413 redditur
833 385 895 420 qui-

112 429 175 456 dem
191 430 299 457 interim
310 429 512 465 Iorojudiciali,
524 430 630 464 quievit
644 434 732 457 tamen
746 429 894 459 accusatio.

112 482 173 508 quae
193 467 325 501 adversus
340 474 429 508 ipsum
447 481 460 501 a
481 474 582 501 ludatis
596 475 747 509 excogitata
766 479 825 501 erat
841 483 847 500 :
865 481 896 501 ac

113 520 287 554 postmodum
315 520 427 547 Romam
449 527 464 547 a
487 520 693 555 magistratibus
718 520 840 547 mittitur
861 520 895 547 ad

112 566 245 593 Caesarem
265 575 272 592 :
289 565 335 593 ubi
355 573 415 593 cum
434 566 529 593 eadem
547 566 697 593 certamina
718 566 894 600 suscepisset,

113 619 145 638 ac
168 618 217 646 pro
240 611 344 639 eisdem
366 611 485 646 przemiis
502 611 664 643 laborasset,
685 612 794 639 tandem
810 620 826 639 e
842 612 896 639 vita

113 664 223 691 quoque
238 664 288 692 pro
308 657 436 684 veritatis
452 657 625 691 dogmatibus
644 657 762 684 excessit
776 666 782 684 :
799 657 894 684 melio-

113 708 170 728 rem
185 709 245 729 esse
255 702 394 736 judicans.
408 709 469 736 qua:
484 709 546 728 cum
564 701 674 729 Christo
692 706 765 729 esset
779 710 895 729 conver-

113 748 260 779 sationem,
284 747 392 774 mortali
411 748 462 775 hac
481 752 510 774 et
533 747 621 782 fragili
637 748 703 775 vita.
726 748 792 776 Nam
813 749 895 784 paulo

112 797 176 827 post
187 793 283 820 volens
296 793 372 820 illum
390 793 481 820 Czesar
493 793 566 820 Nero
582 793 615 820 ab
632 794 683 821 hac
698 794 753 821 vita
765 795 893 827 educere,

112 846 204 865 veram
220 838 282 872 ipsi,
298 846 414 873 qumque
427 839 483 865 sola
495 846 560 866 vera
570 839 623 866 vita
638 844 689 871 est,
703 839 825 870 donavit,
840 848 897 867 cm-

114 884 190 918 liquc
217 884 353 911 hazrcdem
379 884 532 923 constituit.
558 893 638 920 quem
664 889 737 912 terra
767 886 897 921 privavit.

115 929 185 956 Sunt
201 930 292 964 itaque
309 930 443 961 civitates,
465 938 532 965 quas
555 938 602 957 sua
621 931 815 966 pradicatione
836 939 900 966 per-

115 975 241 1002 lustravit
258 975 460 1002 illustrissimus
477 975 579 1003 Christi
592 977 731 1011 apostolus
744 978 855 1010 Paulus,
869 982 899 1005 ut

115 1020 142 1047 in
156 1021 348 1056 compendium
360 1022 510 1049 referamus
520 1030 580 1057 quae
593 1027 757 1057 sequuntur.

168 1067 246 1101 192
266 1067 520 1095 PEREGRINATIO
539 1067 641 1095 PAULI
661 1067 839 1096 APOSTOLI.

151 1112 171 1138 Λ
187 1113 317 1140 Damasco
332 1113 612 1149 cu:pit,ascenditque
620 1115 817 1150 Hierosolyma,
835 1116 897 1143 inde

115 1155 241 1188 Tarsum,
253 1162 281 1184 et
295 1157 329 1184 ab
349 1165 382 1183 eo
399 1158 460 1185 loco
477 1158 661 1190 Antiochiam,
676 1167 838 1194 rursumque
853 1168 897 1187 se-

114 1201 206 1229 cundo
221 1202 419 1238 Hierosolyma,
439 1211 471 1230 ac
485 1204 576 1231 denuo
589 1205 772 1237 Antiochiam,
789 1210 817 1232 et
834 1206 898 1233 inde

115 1255 178 1274 cum
198 1247 321 1275 Barnaba
341 1254 483 1283 separatus
505 1250 532 1276 in
556 1251 737 1285 apostolatum
756 1252 898 1278 descendit

115 1293 280 1327 Seleuciam,
309 1294 408 1321 deinde
432 1294 562 1329 Cyprum,
590 1295 636 1322 ubi
666 1300 694 1322 et
721 1297 822 1323 Paulus
844 1296 898 1324 dici

117 1342 224 1373 coeptus
238 1343 289 1371 est,
302 1340 476 1373 postmodum
488 1339 603 1375 Pcrgen,
613 1340 712 1368 deinde
724 1341 898 1368 Antiochiam

116 1384 236 1415 Pisidim,
258 1384 322 1411 inde
344 1384 478 1416 Iconium,
497 1385 563 1413 hinc
585 1385 709 1422 Lystram
735 1394 767 1414 ac
791 1387 897 1415 Derben

118 1427 270 1463 Lycaoniae.
284 1429 461 1456 Postmodum
475 1430 503 1457 in
517 1430 707 1465 Pamphiliam,
721 1431 820 1459 deinde
834 1433 899 1460 Per-

116 1482 178 1508 gen,
195 1474 260 1501 hinc
280 1474 418 1507 Attaliam,
439 1484 548 1503 rursum
565 1477 646 1504 tertio
661 1477 834 1505 Antiochiam
849 1478 899 1514 Sy-
913 1496 936 1527 ο

116 1519 174 1546 riae.
194 1520 370 1547 Pestmodum
397 1522 478 1550 tertio
502 1529 613 1549 rursum
639 1523 824 1560 Hierosolyma
845 1525 899 1552 cir-

116 1565 292 1593 cumrisionis
313 1573 394 1594 causa
412 1576 419 1594 :
444 1568 543 1596 deinde
565 1568 663 1596 iterum
686 1575 785 1605 quarto
802 1571 898 1598 Antio-

115 1611 214 1638 chiam.
252 1611 323 1638 Tum
351 1613 530 1647 pertransivit
563 1614 667 1649 Syriam
697 1623 729 1642 ac
763 1615 898 1643 Ciliciam.

117 1659 235 1686 Rursum
260 1659 382 1687 secundo
399 1660 508 1688 Derben
532 1668 564 1688 ac
585 1661 722 1697 Lystram.
744 1662 789 1689 ubi
807 1662 900 1690 Timo-

117 1705 211 1732 thcum
233 1705 416 1732 circumcidit.
441 1706 471 1733 In
494 1706 650 1742 Phrygiam,
673 1708 848 1742 postmodum
872 1713 901 1736 et

115 1750 263 1777 Galaticam
276 1750 426 1785 regionem,
444 1751 507 1779 inde
522 1752 550 1779 in
569 1752 692 1788 Mysiam.
704 1759 798 1788 postea
814 1753 900 1781 Troa-

117 1796 189 1825 dem,
201 1800 229 1823 ct
246 1795 308 1823 inde
323 1796 474 1831 Neapolim.
491 1797 561 1825 Hinc
575 1797 725 1832 Philippos,
737 1798 901 1826 Macedonia:

118 1841 226 1871 urbem.
242 1840 344 1868 deinde
377 1841 563 1877 Amphipolim
585 1842 812 1877 Apolloniamque
839 1851 902 1878 per-

119 1887 259 1914 transicns
283 1888 358 1915 venit
386 1887 608 1916 Thessalonicam
630 1898 636 1916 :
661 1889 734 1917 unde
765 1890 900 1918 Bormam.

118 1932 186 1960 llinc
196 1933 316 1961 Secundo
328 1933 501 1962 Antiochiam
515 1935 634 1962 Pisidiae.
646 1935 765 1962 Rursum
782 1936 809 1962 in
821 1936 902 1963 Gala-

117 1978 198 2004 ticum
219 1979 357 2013 regionem
380 1987 412 2007 ac
428 1980 574 2016 Phrygiam
594 1989 600 2007 :
625 1980 725 2008 deinde
743 1981 841 2008 iterum
859 1989 902 2009 se-

118 2023 208 2050 cundo
226 2024 364 2058 Ephesum
383 2034 389 2051 :
410 2025 483 2052 unde
505 2025 692 2060 pertransiens
716 2026 900 2053 Macedoniam

119 2069 195 2095 venit
218 2069 245 2095 in
263 2068 396 2096 Graeciam
421 2078 427 2096 :
452 2074 481 2097 ct
505 2062 722 2105 inde'pra‘te'rita
743 2071 902 2100 Macedonia

120 2122 230 2141 rursum
244 2114 396 2150 Philippos,
409 2120 437 2143 et
448 2123 462 2142 a
477 2116 610 2151 Philippis
624 2117 769 2149 Troadem,
784 2118 830 2144 ubi
847 2119 903 2145 Eu-

119 2160 240 2197 tychum,
253 2161 298 2196 qui
316 2168 330 2188 a
347 2162 491 2189 caenaculo
499 2162 647 2194 ceciderat,
665 2163 816 2190 suscitavit.
832 2164 901 2192 Hinc
915 2168 942 2198 Ι)

118 2207 215 2239 Asson,
235 2212 263 2234 et
282 2207 455 2242 postmodum
475 2208 641 2244 Mytilencm,
657 2209 756 2237 deinde
771 2209 797 2237 in
812 2214 903 2244 partes

118 2260 178 2286 qua:
191 2252 250 2278 sitae
266 2256 330 2279 sunt
342 2257 437 2280 contra
453 2252 562 2284 Chium,
576 2255 647 2281 unde
660 2254 770 2281 Samum
785 2264 792 2281 :
808 2260 902 2290 postea

119 2297 252 2329 Miletum,
267 2297 340 2324 unde
362 2298 503 2325 advocatis
521 2299 564 2325 his
579 2299 626 2333 qui
642 2299 742 2333 Ephesi
755 2300 901 2335 degebant,

119 2342 227 2369 locutus
239 2346 281 2370 est
297 2350 359 2370 cum
372 2343 414 2370 eis
429 2351 435 2369 ε
452 2343 516 2370 hinc
529 2343 625 2374 Coum,
642 2345 814 2378 postmodum
829 2347 903 2373 Rho-

119 2387 184 2414 dum
212 2396 219 2414 :
245 2391 274 2415 et
299 2387 363 2415 inde
392 2389 529 2419 Pataram,
557 2389 630 2415 unde
656 2390 769 2425 Tyrum.
799 2392 901 2419 Deinde

120 2433 326 2464 Ptolemaidem.
346 2433 464 2468 indeque
488 2433 650 2461 Caesaream.
670 2435 703 2462 Et
723 2435 787 2463 hinc
805 2443 901 2470 quarto

120 2487 228 2506 rursum
257 2479 380 2506 ascendit
408 2479 606 2515 Hierosolyma,
634 2480 705 2508 unde
735 2481 835 2509 missus
860 2487 902 2510 est

118 2523 270 2552 Caesaream
288 2534 294 2551 :
311 2533 343 2552 ac
358 2525 532 2559 postmodum
557 2526 666 2553 vinctus
686 2527 810 2553 Romam.
829 2527 869 2554 lla
887 2536 900 2555 a

117 2570 241 2599 Crcsarea
256 2571 331 2598 venit
343 2571 473 2598 Sidnnem
489 2575 516 2599 et
534 2572 597 2599 inde
611 2572 683 2607 Myra
696 2573 794 2608 Lyciae,
807 2578 900 2608 postea

119 2616 235 2644 Cnidum
257 2626 264 2644 :
285 2622 313 2644 ct
335 2617 399 2645 hinc
422 2618 507 2645 multa
526 2626 621 2652 passus
636 2619 662 2645 in
684 2619 800 2646 insulam
816 2620 901 2650 venit,

120 2662 166 2689 ubi
186 2663 276 2698 vipera
292 2671 401 2691 manum
417 2664 475 2699 ejus
492 2664 682 2698 apprehendit,
699 2665 851 2699 mansitque
869 2666 900 2691 il~

119 2707 208 2735 laesus.

951 200 1121 235 Καισάρειαν
1147 201 1215 236 πρὸς
1239 201 1284 226 τὸν
1309 200 1430 236 ἡγεμόνα
1446 200 1561 234 πέμπει.
1587 198 1737 224 Συνέλαεον

948 244 996 272 οῦν
1012 246 1103 276 αὑτὸν,
1118 247 1165 273 καὶ
1180 246 1249 280 πρὸς
1262 246 1308 272 τὸν
1320 246 1454 281 ἐθνάρχην
1466 243 1546 280 ἦγον,
1560 246 1664 278 Φῆστος
1675 245 1736 270 ὅνο-

952 300 990 326 μα
1005 291 1090 326 αὐτῷ.
1107 291 1272 325 Λξπθόμενος
1287 291 1325 322 δὲ,
1350 291 1485 325 συσκευῆν
1502 291 1562 317 κατ’
1578 289 1660 316 αὑτοῦ
1676 299 1739 316 τινα

947 337 1094 373 γινομένην
1108 338 1159 363 ὑπδ
1175 337 1310 364 Ἰουδαίων
1330 337 1446 369 Παῦλος,
1467 337 1547 367 εὐθὺς
1560 336 1605 361 ἐπὶ
1616 336 1664 362 τοῦ
1684 336 1737 371 βῆ-

950 392 1038 419 ματος
1067 384 1238 410 ἐπικαλεῖται
1257 384 1302 409 τὸν
1319 383 1458 418 Καίσαρα.
1480 383 1534 408 Καὶ
1554 382 1659 408 ἀνίεται
1682 382 1734 416 μὲν

947 429 1014 460 τέως
1026 429 1073 455 τοῦ
1089 429 1242 463 κριτηρίου,
1260 430 1340 464 ἀργεῖ
1350 429 1378 455 δὲ
1389 430 1405 463 ή
1419 429 1478 455 κατ’
1497 429 1578 454 αὑτοῦ
1594 429 1651 459 τοῖς
1666 429 1736 454 Ἰου-

947 475 1033 506 δαίοις
1056 475 1230 510 μελετωμένη
1264 475 1405 510 ἐπιϐουλὴ,
1425 475 1471 501 καὶ
1496 474 1590 500 λοιπὸν
1623 475 1662 505 εἰς
1689 475 1738 508 τὴν

953 521 1118 556 Ῥῶμηνὺπὸ
1127 521 1180 547 τῶν
1190 521 1327 556 ἀρχόντων
1336 521 1508 555 ἐκπέμπεται
1521 521 1588 556 πρὸς
1599 520 1736 554 Καίσαρα-

948 566 1066 592 Κάκεῖσε
1077 567 1140 597 τοὺς
1150 566 1248 597 αὐτοὺς
1261 565 1367 599 ἀγῶνας
1379 566 1583 599 ἑπιδεξάμενος,
1599 565 1648 590 καὶ
1666 565 1738 598 ὑπὲρ

946 611 1001 638 ’τῶν
1015 611 1103 637 αὐτῶν
1112 611 1200 638 ἄθλων
1215 611 1341 642 πονὲσας,
1353 611 1429 642 τέλος
1444 611 1489 636 καὶ
1504 611 1588 645 αὐτῆς
1603 609 1652 644 τῆς
1666 608 1740 642 ζωῆς

946 658 1016 693 ὑπὲρ
1025 658 1077 684 τῶν
1086 657 1135 691 τῆς
1143 657 1270 692 ἀληθείας
1284 657 1426 690 δογμάτων
1435 655 1541 690 ἐξέστη,
1554 656 1656 691 βέλτιον
1668 652 1739 680 εἶναι

946 702 1097 742 κρίναςιςὴν
1110 703 1177 738 μετὰ
1186 702 1302 738 Χριστοῦ
1311 701 1457 735 διαγωγὴν,
1468 703 1516 735 τῆς
1526 701 1625 736 θνητῆς
1636 700 1739 734 ταύτης

946 748 993 774 καὶ
1001 748 1133 782 ὲπικήρου
1144 747 1226 781 ζωῆς.
1239 747 1345 781 Μικρὸν
1353 747 1406 781 γὰρ
1421 746 1533 781 ὕστερον
1543 747 1556 772 ὁ
1569 747 1675 780 Καῖσαρ
1688 745 1740 771 Νέ-

949 801 1003 829 ρων
1024 792 1163 827 βουληθεὶς
1190 792 1272 818 αὑτὸν
1291 792 1338 826 τῆς
1365 791 1437 826 ζωῆς
1456 791 1558 825 ταύτης
1583 791 1738 824 ἐξαγαγεῖν,

952 839 1001 871 τὴν
1017 838 1147 874 ἀληθινὴν
1159 838 1232 872 αὐτῷ
1254 838 1299 864 καὶ
1321 838 1406 868 ὄντως
1429 837 1501 871 ζωὴν
1517 837 1673 872 ἐχαρίσατο,
1691 835 1740 862 καὶ

952 885 1069 920 nam;
1089 884 1205 919 οὐρανοῦ
1228 883 1408 919 κληρονόμον,
1429 883 1458 909 ὃν
1480 883 1529 917 τῆς
1547 883 1599 916 γῆς
1623 881 1740 908 ἀπεστέ-

953 939 1046 966 ρησεν.
1073 931 1148 956 Εἰσὶν
1173 930 1220 956 οὖν
1245 931 1273 955 αἱ
1295 930 1437 959 πολιτεῖαι,
1465 929 1499 960 ἃς
1519 929 1557 964 τῷ
1579 928 1740 962 κηρύγματι

953 974 1100 1010 περιῆλθεν
1127 975 1141 1000 ὁ
1166 974 1346 1009 πανεύερημος
1371 974 1417 1000 τοῦ
1445 973 1563 1008 Χριστοῦ
1591 973 1740 1004 ἀπόστολος

952 1019 1068 1051 Παῦλος,
1086 1019 1122 1050 ὡς
1141 1020 1169 1044 ἐν
1192 1020 1317 1054 συντόμῳ
1337 1020 1433 1050 εἰπεῖν,
1460 1016 1540 1045 αὗται
1555 1027 1561 1034 ’

1003 1065 1191 1092 ΛΠΟΔΗΜΙΑΙ
1216 1065 1359 1091 ΠΑΥΛΟΥ
1383 1065 1451 1090 ΤΟΥ
1471 1065 1685 1092 ΛΠΟΣΤΟΛΟΥ.

993 1111 1059 1137 Ἀπὸ
1071 1111 1218 1145 Δαμασκοῦ
1231 1111 1342 1145 ἤρξατο,
1359 1111 1407 1137 καὶ
1421 1111 1534 1145 ἀνῆλθεν
1544 1112 1584 1142 εἰς
1603 1111 1740 1145 Ἰερουσα-

952 1157 1018 1191 λήμ.
1034 1157 1155 1183 Ἐκεῖθεν
1170 1158 1208 1187 εἰς
1223 1157 1340 1190 Ταρσόν.
1359 1157 1493 1183 Κάκεῖθεν
1508 1158 1548 1188 εἰς
1563 1157 1739 1191 Ἀντιόχειαν.

952 1204 1008 1229 Καὶ
1024 1203 1103 1229 πάλιν
1121 1203 1161 1234 εἰς
1185 1203 1373 1238 Ἰερουσαλὴμ,
1395 1203 1443 1229 καὶ
1460 1203 1540 1229 πάλιν
1554 1204 1679 1237 δεύτερον
1700 1203 1740 1234 εἰς

959 1248 1133 1283 Ἀντιόχειαν.
1159 1248 1294 1275 Κάκεῖθεν
1320 1249 1478 1284 ἀφορισθεὶς
1514 1249 1582 1283 μετὰ
1609 1249 1737 1279 Βαρνάϐα

953 1295 993 1325 εις
1016 1294 1064 1330 τὴν
1088 1294 1241 1330 ἀποστολὴν
1267 1295 1401 1329 κατῆλθεν
1416 1295 1456 1326 εἰς
1471 1295 1642 1321 Σελεύκειαν.
1669 1293 1737 1320 Εἶτα

953 1341 992 1372 εἰς
1007 1340 1129 1376 Κύπρον,
1145 1340 1209 1367 ἔνθα
1219 1341 1265 1367 καὶ
1274 1340 1381 1371 Παῦλος
1392 1341 1492 1375 ἤρξατο
1504 1340 1655 1366 καλεῖσθαι.
1672 1339 1738 1366 Εἶτα

954 1387 994 1417 εἰς
1015 1387 1136 1421 Πέργην,
1152 1384 1211 1413 εἶτα
1224 1387 1263 1418 εις
1280 1386 1447 1421 Ἀντιόχειαν
1458 1386 1509 1420 τῆς
1522 1386 1654 1417 Πισιδῐας.
1670 1384 1738 1412 Εἶτα

953 1432 993 1463 εἰς
1014 1431 1135 1459 Ἰκόνιον.
1168 1430 1234 1458 Εἶτα
1262 1433 1300 1462 εἰς
1329 1432 1464 1466 Λύστραν,
1493 1432 1540 1458 καὶ
1566 1432 1669 1466 Δέρῦην
1687 1431 1737 1465 τῆς

953 1477 1114 1509 Λυκαονίας.
1136 1475 1206 1504 Εἶτα
1226 1477 1264 1508 εἰς
1283 1477 1456 1512 Παμφυλίαν.
1474 1474 1539 1503 Εἶτα
1559 1478 1598 1507 εἱς
1615 1476 1735 1511 Πέργην.

952 1521 1019 1549 Εἶτα
1040 1522 1259 1554 εζςἈττάλειαν,
1283 1521 1349 1549 Εἶτα
1372 1523 1453 1549 πάλιν
1467 1523 1557 1558 τρίτον
1573 1523 1612 1553 εἰς
1633 1523 1738 1548 Ἀντιό-

950 1576 1027 1604 χειαν
1041 1569 1091 1603 τῆς
1112 1569 1223 1604 Συριας.
1249 1566 1316 1595 Εἶτα
1340 1569 1423 1595 πάλιν
1435 1568 1526 1603 τρίτον
1543 1569 1582 1598 εἰς
1603 1568 1738 1603 Ἰερουσα-

950 1615 1017 1649 λὴμ,
1033 1614 1078 1640 διὰ
1098 1614 1147 1649 τὴν
1163 1615 1325 1649 περιτομήν.
1349 1611 1415 1640 Εἶτα
1438 1614 1518 1640 πάλιν
1542 1614 1671 1648 τέταρτον
1697 1615 1738 1646 εἰς

957 1660 1133 1694 Ἀντιόχειαν.
1149 1659 1215 1686 Εἶτα
1239 1660 1329 1694 διῆλθε
1348 1660 1398 1695 τὴν
1414 1660 1513 1695 Συρίαν
1530 1660 1578 1686 καὶ
1594 1660 1643 1694 τὴν
1661 1659 1738 1685 Κιλι-

951 1706 1025 1733 κίαν,
1039 1703 1105 1732 Εἶτα
1120 1706 1201 1732 πάλιν
1216 1706 1342 1742 δεύτερον
1357 1707 1396 1737 εις
1410 1706 1515 1742 Δέρϐην
1532 1707 1578 1732 καὶ
1593 1706 1736 1741 Λύστραν,

952 1751 1016 1778 ἔνθα
1038 1751 1171 1786 Τιμόθεον
1195 1752 1371 1787 περιέτεμεν.
1394 1750 1460 1778 Εἶτα
1481 1752 1521 1783 εὶς
1544 1752 1664 1786 Φρυγίαν
1692 1753 1738 1778 καὶ

951 1797 1001 1831 τὴν
1015 1797 1168 1832 Γαλατικὴν
1181 1797 1282 1833 χώραν.
1313 1795 1381 1823 Εἶτα
1407 1797 1447 1828 εἰς
1475 1797 1594 1824 Μυσίαν.
1612 1796 1676 1823 Εἶτα
1698 1799 1739 1828 εἰς

952 1843 1079 1878 Τρωάδα.
1100 1843 1234 1869 Κάκεῖθεν
1262 1843 1302 1874 εἰς
1317 1843 1465 1869 Νεάπολιν.
1492 1842 1558 1869 Εἶτα
1582 1844 1622 1874 εις
1646 1843 1740 1868 Φιλίπ-

953 1898 1019 1921 πους
1037 1889 1085 1923 τῆς
1102 1889 1281 1920 Μακεδονίας.
1312 1887 1379 1915 Εἶτα
1408 1888 1518 1914 διελθὼν
1536 1890 1586 1923 τὴν
1603 1889 1740 1922 Ἀμφίποο

953 1935 995 1960 λιν
1014 1935 1061 1960 καὶ
1082 1933 1274 1966 Ἀπολλωνίαν,
1290 1931 1369 1968 ἦλθεν
1394 1934 1433 1965 εις
1448 1934 1657 1968 Θεσσαλονίκην.
1673 1934 1739 1960 Εἶτα

952 1980 993 2010 εἰς
1008 1979 1131 2014 Βέροιαν.
1151 1977 1217 2005 Εἶτα
1231 1979 1357 2013 δεύτερον
1376 1979 1415 2010 εἰς
1427 1979 1594 2014 ’Δντιόχειαν
1618 1981 1668 2013 τῆς
1692 1981 1739 2007 Πι-

954 2025 1050 2056 σιδίας.
1067 2022 1132 2050 Εἶτα
1146 2025 1186 2056 εις
1203 2024 1252 2060 τὴν
1263 2024 1415 2059 Γαλατικὴν
1442 2024 1533 2060 χώραν
1546 2026 1593 2051 καὶ
1607 2026 1738 2060 Φρυγίαν.

954 2069 1020 2097 Εἶτα
1044 2071 1123 2097 πάλιν
1139 2070 1264 2106 δεύτερον
1278 2071 1318 2101 εἰς
1336 2071 1463 2104 Ἕςρεσον.
1482 2069 1548 2096 Εἶτα
1563 2071 1675 2097 διελθὼν
1690 2071 1739 2106 τὴν

955 2115 1134 2146 Μακεδονίαν,
1149 2113 1230 2150 ἦλθεν
1256 2116 1296 2146 εἰς
1328 2115 1451 2142 Ἐλλάδα.
1480 2116 1612 2142 Κάκεῖθεν
1628 2116 1739 2142 διελθὼν

954 2159 1003 2194 τὴν
1015 2158 1196 2191 Μακεδονίαν,
1212 2157 1277 2194 ἦλθε
1291 2158 1371 2185 πάλιν
1382 2159 1508 2194 δεύτερον
1522 2161 1561 2190 εἰς
1576 2159 1738 2191 Φιλίππους.

955 2205 1009 2231 Καὶ
1023 2205 1077 2231 ἀπὸ
1099 2205 1240 2231 Φιλίππων
1269 2205 1309 2236 εἰς
1334 2205 1458 2239 Τρωάδα,
1479 2205 1543 2232 ἔνθα
1561 2206 1606 2231 τὴν
1620 2206 1739 2241 Εὔτυχον

953 2251 1048 2286 ἤγειρε
1065 2251 1193 2277 πεσόντα.
1209 2248 1275 2276 Εἶτα
1291 2251 1331 2282 εἰς
1350 2251 1398 2285 τὴν
1415 2252 1526 2278 Ἄσσον.
1542 2251 1608 2278 Εῐτα
1633 2253 1671 2283 εἷς
1686 2253 1739 2278 Μι-

953 2297 1079 2332 τυλήνην.
1097 2293 1162 2321 Εἶτα
1177 2297 1217 2326 εἰς
1234 2297 1268 2321 τὰ
1283 2296 1396 2330 ἀντικρὺ
1413 2297 1489 2323 Χίου.
1506 2295 1572 2323 Εἶτα
1587 2298 1625 2328 εἰς
1637 2298 1737 2332 Σάμον.

954 2345 1088 2371 Κάκεῖθεν
1113 2345 1152 2376 εἰς
1179 2343 1310 2378 Μίλητον.
1344 2344 1463 2370 Ἐκεῖθεν
1489 2345 1738 2380 μεταπεμψάμενος

953 2391 1016 2422 τοὺς
1031 2392 1060 2416 ὲν
1077 2390 1194 2424 Ἐφέσῳ,
1212 2390 1350 2424 ὡμίλησεν
1368 2391 1471 2422 αὐτοῖς.
1497 2389 1564 2418 Εἶτα
1595 2392 1635 2422 εἰς
1663 2392 1736 2419 Κῶν.

956 2433 1021 2461 Εἶτα
1035 2436 1075 2466 εἰς
1094 2435 1193 2462 Ῥόδον.
1205 2435 1339 2462 Κάκεῖθεν
1352 2437 1392 2467 εἰς
1409 2437 1530 2471 Πάταρα.
1547 2437 1683 2463 Κάκεῖθεν
1698 2438 1738 2468 εἰς

954 2480 1050 2515 Τύρον.
1068 2478 1136 2507 Εἶτα
1159 2482 1198 2512 εἰς
1224 2481 1403 2516 Πτολεμαΐδα.
1420 2483 1553 2508 Κάκεῖθεν
1568 2484 1608 2513 εις
1631 2484 1738 2510 Καισά-

955 2536 1042 2562 ρειαν.
1052 2527 1187 2554 Κάκεῖθεν
1202 2528 1299 2562 ἀνῆλθε
1309 2528 1436 2561 τέταρτον
1453 2529 1533 2555 πάλιν
1545 2530 1584 2561 εἰς
1603 2528 1737 2564 Ἰερουσα-

955 2575 1020 2608 λήμ.
1043 2574 1179 2600 Κάκεῖθεν
1204 2575 1391 2610 παρεπέμφθη
1420 2576 1459 2606 εἰς
1487 2577 1663 2611 Καισάρειαν.
1682 2578 1737 2604 Καὶ

954 2619 1046 2646 λοιπὸν
1061 2620 1170 2654 δέσμιος
1188 2621 1234 2646 ἐπὶ
1256 2620 1377 2654 Ῥώμην,
1393 2620 1479 2650 οὕτως
1495 2622 1546 2646 ἀπὸ
1557 2622 1734 2656 Καισαρείας.

953 2663 1035 2699 ἦλθεν
1050 2667 1088 2696 εἰς
1105 2665 1218 2692 Σιδῶνα.
1241 2666 1376 2692 Κάκεῖθεν
1394 2667 1433 2697 εἰς
1451 2667 1533 2701 Μύρα
1560 2669 1607 2701 τῆς
1622 2668 1733 2694 Λυκίας.

953 2709 1020 2737 Εἶτα
1037 2712 1076 2742 εἰς
1094 2711 1198 2737 Κνίδον.
1215 2711 1349 2737 Κάκεῖθεν
1375 2711 1458 2737 πολλὰ
1484 2712 1588 2740 πιθὼν,
1601 2711 1682 2746 ἦλθεν
1696 2715 1736 2745 εἰς

953 2757 1003 2790 τὴν
1016 2758 1106 2791 νῆσον,
1118 2756 1206 2790 ἕνθαὴ
1219 2756 1307 2790 ἔχιδνα
1320 2757 1459 2791 καθήψατο
1475 2758 1522 2792 τῆς
1539 2759 1630 2793 χειρὸς
1640 2760 1734 2791 αὑτοῦ,

956 2802 1000 2828 καὶ
1019 2801 1122 2836 ἔμεινεν
1137 2801 1238 2836 ἀϐλαϐῆ
1245 2810 1265 2832 ς.
