1881 3051
107 100 157 132 311

650 101 847 132 (ECUMENII
862 99 1009 130 TRICCE
1030 102 1196 132 EPISCOPI

1678 99 1730 130 31?.

106 161 208 188 Verum
223 158 352 187 tribunus
363 158 453 185 statim
466 166 528 186 eum
541 159 652 194 eripuit.
668 163 696 186 et
706 166 768 186 eum
780 157 889 184 militari

987 159 1100 193 .ιρεῖται,
1117 158 1162 185 καὶ
1178 158 1246 192 μετὰ
1262 157 1461 193 στρατιωτικῆς
1482 156 1607 192 βοηθείας
1622 157 1662 186 είς
1681 156 1730 186 τὴν

107 206 210 234 auxilio
220 205 308 240 ipsum
322 204 473 232 Caesaream
490 204 523 232 ad
538 205 681 240 pmsidem
699 205 792 231 mittit.
804 205 890 231 Aecc-

106 257 207 288 perunt
220 259 285 287 ergo
305 251 394 286 ipsum
413 256 441 279 et
456 251 489 278 ad
501 252 593 279 ducem
605 251 727 287 gentium
750 251 890 278 duxerunt

107 300 154 334 qui
174 299 271 326 Festus
288 298 440 326 dicebatur.
455 298 522 326 Cum
542 303 632 326 autem
658 299 774 326 sentiret
787 298 890 325 Paulus

107 349 273 380 praeparatas
286 345 417 372 adversus
431 352 460 372 se
479 344 591 372 insidias
605 353 620 372 a
631 345 741 375 Judaeis,
754 345 843 372 statim
856 345 889 370 ad

107 390 226 416 tribunal
241 394 317 416 stans
331 389 464 416 Cursarem
482 390 600 424 appellat
616 398 623 416 :
640 393 667 416 et
686 389 812 416 redditur
827 389 889 424 qui-

107 433 169 460 dem
186 433 293 460 interim
305 432 506 468 torojudiciali,
518 433 624 468 quievit
637 438 727 461 tamen
740 433 888 463 accusatio.

107 485 167 512 qua:
187 471 319 504 adversus
335 478 423 512 ipsum
441 485 454 504 a
475 477 576 504 Iudaeis
590 478 741 512 excogitata
760 483 819 505 erat
836 486 841 503 :
859 485 890 505 ac

108 523 281 557 postmodum
309 524 421 550 Romam
443 530 458 550 a
481 524 687 559 magistratibus
712 524 834 550 mittitur
855 523 889 550 ad

106 569 239 596 Caesarem
259 578 266 596 :
282 569 329 596 ubi
348 577 410 597 cum
427 569 523 596 eadem
542 570 690 597 Certamina
712 569 888 604 suscepisset.

107 622 139 642 ac
162 622 211 650 pro
235 615 338 642 eisdem
359 615 479 650 praemiis
496 615 659 647 laborasset,
679 615 788 642 tandem
805 623 820 642 e
835 615 890 642 vita

107 667 218 695 quoque
232 668 283 695 pro
303 661 429 687 veritatis
446 660 620 695 dogmatibus
639 661 755 688 excessit
770 669 776 686 :
793 661 888 688 melio-

106 712 164 732 rem
179 712 239 732 esse
249 705 388 740 judicans,
402 712 464 739 qua:
478 713 540 732 cum
558 704 668 732 Christo
687 710 759 732 esset
773 713 890 732 conver-

107 751 255 783 sationem,
279 751 387 778 mortali
406 751 457 778 hac
476 755 505 778 et
527 750 615 786 fragili
632 751 697 778 vita.
720 751 786 779 Nam
807 752 889 787 paulo

107 801 170 831 post
181 796 277 823 volens
291 797 366 823 illum
384 796 475 823 Czesar
488 796 561 824 Nero
576 797 609 823 ab
627 797 677 824 hac
692 798 747 824 vita
760 798 887 830 educere,

106 849 199 868 veram
215 842 277 875 ipsi,
293 849 408 876 quaeque
421 842 477 868 sola
490 850 554 869 vera
565 842 618 869 vita
632 847 684 874 est,
698 843 819 874 donavit.
835 851 891 871 cm-

108 887 184 921 lique
212 887 347 914 haeredem
373 887 526 926 constituit,
552 896 632 923 quem
659 893 731 916 terra
761 890 891 924 privavit.

109 933 179 960 Sunt
195 933 286 968 itaque
303 933 437 964 civitates.
459 942 527 968 quas
549 942 596 961 sua
616 935 809 969 praedicatione
830 942 893 969 per-

109 979 236 1005 lustravit
252 978 454 1006 illustrissimus
471 979 574 1006 Christi
586 981 726 1014 apostolus
738 981 849 1013 Paulus,
863 985 893 1008 ut

108 1024 136 1050 in
150 1024 342 1058 compendium
354 1025 504 1053 referamus
514 1033 574 1060 qua:
587 1031 751 1060 sequuntur.

162 1070 240 1104 192
260 1070 514 1098 PEREGRINA’I‘IO
534 1071 635 1098 PAULI
655 1071 832 1099 APOSTOLI.

146 1116 165 1142 Α
181 1116 311 1143 Damasco
327 1117 811 1153 cmpit,ascenditqueHierosolyma,
829 1119 891 1146 inde

109 1159 234 1191 Tarsum.
247 1165 275 1187 et
289 1160 323 1187 ab
343 1169 376 1187 eo
393 1161 454 1188 loco
471 1161 655 1193 Antiochiam,
669 1171 833 1197 rursumque
847 1171 891 1191 se-

108 1205 199 1232 cundo
215 1205 413 1242 Hierosolyma,
433 1214 465 1234 ac
479 1207 570 1234 denuo
583 1208 767 1240 Antiochiam,
783 1213 812 1236 et
829 1209 892 1237 inde

109 1258 172 1277 cum
192 1251 315 1279 Barnaba
335 1257 477 1286 separatus
499 1253 526 1280 in
550 1254 732 1288 apostolatum
751 1255 892 1282 descendit

109 1296 273 1330 Seleuciam,
303 1297 402 1325 deinde
427 1297 556 1333 Cyprum,
584 1299 631 1326 ubi
661 1303 689 1326 et
717 1300 816 1326 Paulus
838 1300 892 1327 dici

111 1345 218 1376 coeptus
232 1346 284 1374 est,
296 1343 470 1376 postmodum
482 1343 597 1378 Pergen,
607 1343 706 1371 deinde
718 1344 893 1372 Antiochiam

111 1387 230 1419 Pisidiae,
252 1387 316 1414 inde
339 1388 472 1420 Iconium,
492 1388 557 1417 hinc
580 1389 703 1425 Lystram
730 1398 761 1417 ac
785 1391 891 1418 Derben

112 1431 265 1466 Lycaonire.
279 1432 456 1460 Postmodum
470 1433 498 1460 in
511 1434 701 1469 Pamphiliam,
716 1435 815 1463 deinde
828 1436 893 1463 Per-

110 1486 172 1511 gen,
189 1477 254 1505 hinc
274 1478 412 1511 Attaliam,
434 1487 542 1506 rursum
559 1480 640 1507 tertio
655 1480 828 1508 Antiochiam
843 1481 894 1518 Sy-

110 1523 167 1550 riae.
188 1523 364 1551 Pestmodum
390 1525 472 1553 tertio
496 1533 607 1553 rursum
632 1526 818 1563 Hierosolyma
839 1528 894 1555 eir-

109 1569 285 1597 cumcisionis
307 1577 388 1598 causa
406 1579 413 1597 :
437 1571 538 1599 deinde
559 1571 657 1599 iterum
681 1579 780 1608 quarto
795 1574 893 1602 Antio-

109 1614 208 1641 chiam.
246 1614 317 1642 Tum
346 1617 523 1650 pertransivit
557 1617 661 1653 Syriam
692 1626 724 1645 ac
757 1618 892 1646 Ciliciam.

111 1662 229 1689 Rursum
254 1662 376 1690 secundo
393 1663 503 1691 Derben
526 1672 558 1692 ac
579 1664 717 1700 Lystram,
738 1665 784 1692 ubi
801 1665 894 1694 Timo-

111 1709 206 1734 theum
228 1708 410 1736 circumcidit.
435 1709 465 1736 In
489 1710 644 1746 Phrygiam,
668 1711 842 1745 postmodum
866 1717 895 1739 et

110 1753 257 1780 Galaticam
270 1753 420 1788 regionem,
439 1755 502 1782 inde
516 1755 544 1782 in
564 1755 687 1791 Mysiam.
698 1761 792 1791 postea
809 1757 895 1784 Troa-

111 1799 183 1829 dem,
196 1803 223 1826 et
240 1799 303 1826 inde
316 1799 469 1834 Neapolim.
485 1799 555 1828 Hine
569 1800 720 1836 Philippos,
733 1801 895 1829 Macedoniae

112 1843 220 1874 urbem,
237 1843 337 1871 deinde
372 1844 557 1880 Amphipolim
580 1846 807 1880 Apolloniamque
833 1854 896 1880 per-

113 1889 253 1917 transiens
277 1891 352 1918 venit
380 1891 602 1919 Thessalonicam
624 1901 630 1918 :
655 1892 728 1920 unde
759 1892 894 1921 Berceam.

112 1934 180 1963 llioc
189 1936 310 1964 Secundo
321 1937 495 1964 Antiochiam
510 1938 628 1965 Pisidiae.
640 1938 759 1965 Rursum
777 1939 804 1965 in
816 1938 897 1966 Gala-

112 1981 192 2007 ticum
212 1982 351 2016 regionem
374 1989 406 2010 ac
422 1983 568 2018 Phrygiam
588 1992 595 2010 :
619 1984 719 2011 deinde
737 1984 835 2011 iterum
853 1992 896 2012 se—

111 2026 202 2053 cundo
220 2026 357 2061 Ephesum
377 2037 383 2054 :
405 2028 477 2056 unde
498 2029 686 2063 pertransicns
710 2029 895 2057 Macedoniam

113 2072 188 2098 venit
212 2072 239 2098 in
258 2071 389 2100 Graeciam
415 2082 421 2099 :
446 2077 475 2100 et
499 2065 716 2108 intle'prmte'rita
738 2074 896 2102 Macedonia

113 2125 224 2144 rursum
237 2117 390 2153 Philippos,
403 2123 431 2146 et
442 2126 455 2146 a
470 2119 603 2154 Philippis
618 2120 763 2152 Troadem.
778 2121 825 2148 ubi
842 2122 896 2149 Eu-

945 204 1114 238 Καισάρειαν
1141 205 1209 239 πρὺς
1233 204 1278 230 τὸν
1303 204 1424 239 ἡγεμόνα
1440 203 1555 237 πέμπει.
1581 202 1730 228 Συνέλαεον

942 248 990 275 οὖν
1006 250 1096 280 αὐτὸν,
1112 250 1160 276 καὶ
1174 250 1244 284 πρὸς
1256 250 1302 276 τὸν
1313 249 1448 284 ἐθνάρχην
1461 247 1540 283 ἦγον,
1553 249 1658 282 Φῆστος
1669 248 1730 274 ὄνο-

946 304 984 330 μα
999 295 1084 329 αὐτῷ.
1101 295 1265 329 Λῑςθὸμενος
1281 295 1320 325 δὲ,
1344 294 1478 328 συσκευὴν
1495 294 1556 320 κατ’
1572 293 1654 320 αὐτοῦ
1670 302 1733 320 τινα

941 341 1088 376 γινομένην
1101 342 1153 367 ὐπδ
1169 341 1304 367 Ἰουδαίων
1324 341 1440 372 Παῦλος,
1461 341 1541 371 εὐθὺς
1554 340 1600 365 ἐπὶ.
1611 340 1658 365 τοῦ
1679 339 1731 374 βή-

944 396 1032 422 ματος
1061 387 1232 413 ἐπικαλεῖται
1251 387 1296 413 τδν
1313 386 1452 421 Καίσαρα.
1475 386 1528 412 Καὶ
1549 386 1654 411 ἀνίεται
1676 385 1728 418 μὲν

940 432 1008 464 τέως
1020 432 1067 458 τοῦ
1083 433 1236 467 κριτηρίου,
1254 433 1334 467 ἀργεῖ
1344 432 1372 458 δὲ
1383 433 1399 466 ἡ
1413 432 1471 458 κατ’
1490 432 1572 458 αὐτοῦ
1589 432 1645 462 τοῖς
1660 432 1730 457 ’1ου-

941 478 1027 509 δαὶοις
1050 479 1224 513 μελετωμένη
1258 478 1398 513 ἐπιϐουλὴ,
1419 478 1465 504 καὶ
1490 478 1584 504 λοιπὸν
1617 478 1657 509 εἰς
1683 478 1732 511 τὴν»

947 524 1055 559 Ῥώμην
1061 525 1112 551 ὑπὸ
1121 524 1174 551 τῶν
1184 524 1321 559 ἀρχόντων
1330 525 1502 558 ἐκπέμπεται
1515 524 1582 559 πρὸς
1593 524 1730 558 Καίσαρα.

942 570 1060 595 Κάκεῖσε
1071 570 1134 600 τοὺς
1144 570 1242 600 αὐτοὺς
1254 569 1361 602 ἀγῶνας
1373 569 1577 603 ὲπιδεξὰμενος,
1593 569 1642 594 καὶ
1661 568 1733 601 ὑπὲρ

940 614 995 641 τῶν
1009 615 1195 642 αὑτῶνᾶθὶων
1210 615 1335 645 πονέσας,
1347 614 1423 645 τέλος
1438 614 1483 640 καὶ
1498 614 1582 648 αὐτῆς
1597 613 1646 647 τῆς
1660 611 1734 646 ζωῆς

941 661 1009 696 ὑπὲρ
1018 661 1071 687 τῶν
1080 661 1129 694 τῆς
1137 660 1264 696 ἀληθείας
1279 660 1420 693 δογμάτων
1429 658 1536 693 ἐξέστη,
1548 659 1650 694 βέλτιον
1662 655 1734 683 εἶναι

940 706 1036 741 κρίνας
1042 706 1091 745 ῖὴν
1103 707 1172 741 μετὰ
1180 705 1296 741 Χριστοῦ
1305 705 1452 739 διαγωγὴν,
1463 706 1510 739 τῆς
1520 704 1619 739 Θνητῆς
1630 703 1734 737 ταύτης

941 751 987 777 καὶ
995 752 1127 786 ὲπικήρου
1138 751 1220 785 ζωῆς.
1233 750 1339 785 Μικρὺν
1347 751 1400 785 γὰρ
1415 750 1526 784 ὕστερον
1537 750 1550 775 ὁ
1563 750 1669 783 Καῖσαρ
1682 748 1734 774 Νέ-

943 804 997 832 ρων
1018 796 1157 831 βουληθεὶς
1185 796 1267 822 αὑτὸν
1285 795 1332 830 τῆς
1359 795 1431 830 ζωῆς
1450 795 1552 828 ταύτης
1577 794 1733 827 ἐξαγαγεῖν,

946 843 996 875 τὴν
1011 841 1142 877 ἀληθινὴν
1153 841 1227 875 αὐτῷ
1248 842 1294 867 καὶ
1315 841 1399 872 ὅντως
1423 841 1495 875 ζωὴν
1511 840 1667 875 ἐχαρίσατο,
1685 839 1735 865 καὶ

947 889 1064 924 καθιστᾷ
1083 887 1200 923 οὐρανοῦ
1223 887 1402 922 κληρονόμον,
1423 887 1452 912 ὃν
1473 886 1523 920 τῆς
1541 886 1593 920 γῆς
1616 885 1735 911 suam-

948 943 1040 970 ρησεν.
1067 935 1143 960 Εἰσὶν
1167 933 1214 959 οὖν
1239 934 1267 959 αἱ
1289 933 1432 963 πολιτεῖαι,
1460 932 1493 963 ἃς
1512 932 1551 967 τῷ
1573 931 1735 966 κηρύγματι

947 978 1094 1013 περιῆλθεν
1121 978 1136 1003 ὁ
1161 978 1340 1012 πανεύφημος
1365 977 1411 1003 τοῦ
1439 977 1558 1012 Χριστοῦ
1585 977 1736 1007 ἀπόστολος

947 1023 1062 1054 Παῦλος,
1080 1022 1116 1054 ὡς
1135 1023 1163 1048 ἐν
1187 1023 1311 1057 συντόμῳ
1331 1024 1427 1053 εἰπεῖν,
1454 1018 1534 1048 αὗται
1549 1030 1555 1037 ·

998 1069 1185 1095 ΑΠΟΔΠΜΙΛΙ
1211 1068 1352 1095 ΠᾹΥΛΟΥ
1378 1068 1445 1094 ΤΟΥ
1466 1069 1679 1095 ΛΠΟΣΤΟΛΟΥ.

987 1115 1053 1140 Ἀπὸ
1065 1114 1212 1148 Δαμασκοῦ
1225 1114 1337 1149 ἤρξατο,
1353 1115 1401 1140 καὶ
1415 1114 1528 1149 ἀνῆλθεν
1538 1115 1578 1145 εἰς
1597 1114 1736 1148 Ἰερουσα-

945 1161 1013 1194 λήμ.
1028 1160 1149 1186 Ἐκεῖθεν
1164 1162 1203 1190 εἰς
1217 1161 1334 1194 Ταρσόν.
1354 1160 1488 1186 Κάκεῖθεν
1503 1161 1542 1191 εἰς
1557 1161 1734 1194 ’Δντιὸχειαν.

946 1207 1002 1232 Καὶ
1018 1207 1098 1233 πάλιν
1115 1207 1155 1238 εἰς
1179 1206 1367 1242 Ἰερουσαλὴμ,
1389 1207 1438 1233 καὶ
1455 1207 1535 1233 πάλιν
1549 1207 1674 1241 δεύτερον
1694 1206 1735 1237 εἰς

953 1251 1127 1287 Ἀντιόχειαν.
1153 1251 1288 1278 Κάκεῖθεν
1314 1252 1473 1287 ἀφορισθεὶς
1508 1252 1576 1286 μετὰ
1603 1252 1733 1283 Βαρνάϐα

947 1298 987 1328 είς
1010 1298 1059 1333 τὴν
1083 1297 1235 1333 ἀποστολὴν
1261 1298 1395 1332 κατῆλθεν
1411 1298 1450 1329 είς
1465 1298 1637 1324 Σελεύκειαν.
1662 1296 1732 1324 Εἶτα

947 1345 987 1375 είς
1000 1344 1123 1379 Κύπρον,
1140 1344 1204 1370 ἔνθα
1214 1344 1260 1370 καὶ
1269 1343 1375 1375 Παῦλος
1386 1344 1486 1379 ἦρξα-το
1499 1343 1649 1370 καλεῖσθαι.
1667 1342 1733 1369 Εἶτα

948 1391 989 1420 εἰς
1009 1390 1131 1425 Πέργην,
1146 1387 1206 1416 εἶτα
1219 1390 1257 1421 είς
1275 1390 1441 1424 Ἀντιόχειαν
1452 1389 1503 1423 τῆς
1517 1389 1648 1420 Πισιδῖας.
1665 1387 1734 1415 Εἶτα

947 1436 987 1466 εἰς
1009 1435 1130 1462 Ἰκόνιον.
1162 1433 1228 1461 Εἶτα
1256 1436 1295 1466 είς
1323 1435 1458 1469 Λύστραν,
1487 1435 1534 1460 καὶ
1560 1434 1664 1470 Δέρϐην
1682 1434 1733 1468 τῆς

947 1481 1108 1512 Λυκαονίας.
1131 1477 1200 1507 Εἶτα
1220 1481 1259 1511 είς
1277 1480 1450 1516 Παμφυλίαν.
1469 1477 1533 1506 Εἶτα
1553 1481 1592 1510 είς
1609 1479 1730 1514 Πέργην.

946 1524 1013 1552 Εἶτα
1034 1526 1074 1557 εἰς
1087 1526 1253 1554 Ἀττάλειαν.
1277 1524 1343 1552 Εἶτα
1366 1526 1447 1552 πάλιν
1462 1526 1552 1561 τρίτον
1567 1526 1606 1556 εἰς
1627 1525 1733 1552 Ἀντιό-

945 1580 1022 1606 χειαν
1035 1571 1086 1606 τῆς
1106 1571 1216 1607 Συρίας.
1244 1569 1310 1597 Εἶτα
1334 1572 1417 1598 πάλιν
1429 1571 1520 1606 τρίτον
1537 1572 1577 1601 εἰς
1597 1572 1732 1606 Ἰερουσα-

944 1618 1011 1652 λὴμ,
1027 1617 1072 1643 διὰ
1092 1617 1141 1653 τὴν
1158 1618 1319 1652 περιτομήν.
1344 1615 1409 1643 Εἶτα
1432 1617 1513 1643 πάλιν
1536 1617 1666 1652 τέταρτον
1691 1618 1732 1649 εἰς

951 1663 1127 1697 Ἀντιόχειαν.
1143 1662 1209 1689 Εἶτα
1232 1662 1323 1697 διῆλθε
1342 1663 1392 1698 τὴν
1408 1663 1507 1697 Συρίαν
1525 1662 1572 1689 καὶ
1588 1663 1637 1697 τὴν
1655 1663 1733 1688 Κιλι-

946 1709 1019 1736 κίαν.
1034 1707 1100 1735 Εἶτα
1114 1709 1195 1735 πάλιν
1211 1709 1336 1744 δεύτερον
1351 1710 1390 1740 είς
1405 1709 1509 1745 Δέρϐην
1525 1709 1572 1736 καὶ
1588 1709 1731 1744 Λύστραν,

946 1754 1010 1782 ἔνθα
1033 1754 1165 1789 Τιμόθεον
1190 1755 1365 1790 περιέτεμεν,
1389 1752 1454 1781 Εἶτα
1476 1755 1515 1786 εἰς
1538 1755 1659 1790 Φρυγίαν
1686 1755 1734 1781 καὶ

945 1800 995 1834 τὴν
1010 1800 1162 1835 Γαλατικὴν
1175 1800 1276 1836 χώραν.
1308 1798 1375 1826 Εἶτα
1401 1801 1442 1832 εἰς
1469 1800 1588 1827 Μυσίαν.
1606 1799 1671 1826 Εἶτα
1693 1802 1734 1832 εἱς

947 1846 1072 1880 Τρωάδα.
1094 1846 1228 1872 Κάκεῖθεν
1257 1847 1296 1877 εἰς
1311 1846 1460 1873 Νεάπολιν.
1486 1845 1552 1873 Εἶτα
1576 1847 1616 1877 είς
1640 1846 1735 1872 Φιλίπ-

948 1901 1013 1924 πους
1031 1892 1080 1926 τῆς
1096 1892 1276 1923 Μακεδονίας.
1306 1890 1374 1918 Εἶτα
1402 1891 1512 1918 διελθὼν
1530 1892 1580 1926 τὴν
1598 1892 1735 1926 Ἀμφίπο-

947 1938 989 1964 λιν
1008 1938 1055 1964 καὶ
1076 1937 1268 1969 ’Λπολλωνίαῃ
1284 1935 1364 1973 ῆὶθεν
1388 1938 1427 1968 εἰς
1442 1937 1651 1971 Θεσσαλονίκην.
1667 1937 1734 1963 Εἶτα

947 1983 987 2013 εἰς
1003 1982 1126 2017 Βέροιαν.
1146 1980 1211 2008 Εἶτα
1225 1982 1351 2017 δεύτερον
1369 1983 1409 2014 εἰς
1421 1984 1587 2018 ’Λντιόχειαν
1611 1984 1661 2017 τῆς
1685 1984 1735 2009 Πι-

949 2028 1044 2059 σιδὶας.
1062 2025 1127 2054 Εἶτα
1141 2029 1180 2059 εἰς
1197 2028 1245 2063 τὴν
1257 2028 1410 2063 Γαλατικὴν
1437 2028 1527 2064 χώραν
1540 2030 1587 2055 καὶ
1602 2030 1732 2063 Φρυγῖαν.

948 2072 1014 2100 Εἶτα
1038 2074 1117 2100 πάλιν
1133 2074 1258 2110 δεύτερον
1272 2075 1312 2105 είς
1330 2075 1456 2108 Ἔφεσον.
1476 2073 1542 2100 Εἶτα
1557 2075 1670 2100 διελθὸν
1684 2075 1733 2110 τὴν

949 2116 1224 2154 Μακεδονίαν,ἦλθεν
1250 2119 1290 2150 είς
1322 2119 1444 2145 Ἐλλάδα.
1475 2120 1606 2146 Κάκεῖθεν
1622 2119 1734 2146 διελθὼν

113 2164 233 2200 lychum,
246 2164 292 2199 qui
310 2171 324 2191 a
340 2165 484 2192 emnaculo
493 2165 641 2198 ceciderat,
658 2166 811 2194 suscitavit.
827 2167 891 2195 Hinc

987 2170 997 2187 ν
1009 2161 1190 2194 Μακεδονίαν,
1206 2160 1271 2197 ἦλθε
1285 2162 1365 2189 πάλιν
1376 2163 1502 2197 δεύτερον
1516 2164 1555 2194 εἰς
1570 2163 1733 2195 Φιλίππους.

111 2210 208 2242 Asson,
228 2215 256 2237 et
276 2211 448 2245 postmodum
468 2211 634 2247 Mytileuem,
651 2213 750 2240 deinde
765 2213 791 2240 in
806 2217 897 2248 partes

112 2263 172 2288 qua:
185 2255 243 2281 sita:
260 2259 323 2282 sunt
335 2260 430 2283 contra
447 2256 556 2288 Citium,
569 2259 640 2285 unde
654 2258 764 2285 Samum
779 2267 785 2284 :
802 2264 896 2293 postea

112 2299 245 2331 Miletum,
261 2300 333 2327 unde
356 2301 497 2328 advocatis
514 2302 558 2329 his
573 2303 619 2336 qui
636 2303 736 2336 Ephesi
749 2303 895 2338 degebant.

113 2345 221 2371 locutus
233 2349 275 2372 est
291 2353 353 2372 eum
366 2346 407 2373 eis
423 2354 429 2371 :
445 2346 510 2373 hinc
522 2347 618 2377 Coum,
635 2349 808 2382 postmodum
823 2350 896 2376 Rho-

113 2390 178 2416 dum
205 2398 213 2416 :
239 2393 267 2417 et
292 2390 356 2418 inde
385 2391 523 2422 Pataram.
550 2393 623 2419 unde
650 2393 763 2428 Tyrum.
792 2395 895 2423 Deinde

114 2436 320 2467 Ptolemaidem.
340 2436 458 2471 indeque
482 2437 644 2465 Caesaream.
664 2439 697 2465 Et
717 2438 781 2466 hinc
798 2447 895 2474 quarto

114 2489 221 2508 rursum
251 2482 374 2509 ascendit
401 2483 599 2518 Hierosolyma,
627 2484 699 2511 unde
729 2484 829 2512 missus
854 2491 897 2513 est

112 2526 263 2554 Caesaream
282 2537 288 2554 :
305 2536 337 2555 ac
352 2528 526 2562 postmodum
551 2529 660 2556 vinetus
680 2530 804 2556 Romam.
823 2530 862 2557 Ita
880 2539 894 2558 a

111 2572 234 2601 Cmsarea
250 2574 325 2601 venit
337 2573 466 2601 Sidonem
482 2579 510 2601 et
528 2574 590 2602 itide
604 2575 677 2610 Myra
689 2576 788 2611 Lyche,
801 2581 895 2611 postea

112 2619 228 2647 Cnidum
250 2629 257 2646 :
278 2625 306 2647 et
328 2620 393 2647 hinc
416 2620 500 2647 multa
519 2629 614 2655 passus
630 2622 655 2648 in
677 2622 793 2648 insulam
810 2623 894 2653 venit.

114 2665 159 2691 ubi
179 2666 270 2700 vipera
285 2674 394 2694 manum
410 2667 469 2702 ejus
486 2667 675 2701 apprehendit,
693 2668 845 2702 mansitque
862 2669 894 2694 il-

112 2709 201 2738 lmsus.

949 2208 1003 2234 Καὶ
1017 2208 1071 2234 ἀπὸ
1093 2208 1234 2234 Φιλίππων
1264 2209 1303 2239 είς
1329 2208 1452 2242 Τρωάδα,
1473 2209 1537 2235 ἔνθα
1555 2210 1600 2235 τὴν
1614 2209 1735 2244 Εΰτυχον

947 2254 1042 2289 ἤγειρε
1060 2255 1187 2280 πεσόντα.
1204 2252 1269 2280 Εἶτα
1285 2255 1325 2285 εἰς
1343 2255 1393 2289 τὴν
1409 2256 1520 2282 Ἄσσον.
1536 2255 1603 2282 Εἶτα
1627 2257 1666 2286 εἰς
1681 2257 1734 2282 Μι-

947 2300 1073 2335 τυλήνην.
1090 2297 1156 2325 Εἶτα
1172 2300 1211 2330 εἰς
1228 2300 1262 2324 τὰ
1277 2300 1390 2334 ἀντικρὺ
1407 2300 1483 2327 Χίου.
1500 2298 1566 2326 Εἶτα
1581 2302 1620 2332 εἰς
1631 2302 1732 2335 Σάμον.

948 2348 1082 2374 Κάκεῖθεν
1107 2348 1145 2379 εἰς
1173 2347 1304 2381 Μίλητον.
1337 2347 1457 2374 Ἐκεῖθεν
1483 2350 1734 2384 μεταπεμψάμενος

947 2394 1010 2425 τοὺς
1025 2394 1053 2419 ὲν
1071 2394 1188 2427 Ἐφέσῳ,
1206 2393 1344 2428 ὡμίλησεν
1362 2395 1464 2426 αὐτοῖς.
1492 2393 1558 2422 Εἶτα
1588 2396 1629 2426 εἰς
1657 2396 1731 2423 Κῶν.

950 2437 1015 2464 Εἶτα
1029 2439 1069 2469 εἰς
1088 2439 1187 2466 Ῥόδον,
1199 2439 1333 2465 Κάκεῖθεν
1346 2440 1385 2471 εἰς
1402 2441 1524 2475 Πάταρα.
1542 2440 1677 2467 Κάκεῖθεν
1692 2442 1733 2471 είς

948 2483 1044 2518 Τύρον.
1062 2482 1129 2510 Εἶτα
1153 2486 1192 2516 εἰς
1217 2484 1397 2520 Πτολεμαΐδα.
1414 2487 1546 2512 Κάκεῖθεν
1562 2487 1602 2517 είς
1625 2488 1733 2513 Καισά-

949 2539 1035 2566 ρειαν.
1046 2531 1181 2557 Κάκεῖθεν
1196 2531 1293 2565 ἀνῆλθε
1302 2532 1429 2565 τέταρτον
1447 2533 1526 2559 πάλιν
1538 2534 1578 2565 εἰς
1597 2532 1733 2568 Ἰερουσα-

948 2578 1014 2612 λήμ.
1037 2577 1173 2604 Κάκεῖθεν
1198 2579 1385 2613 παρεπέμφθη
1413 2581 1452 2610 εἰς
1480 2581 1657 2615 Καισάρειαν.
1677 2582 1732 2607 Καὶ

947 2623 1039 2649 λοιπὸν
1054 2623 1164 2657 δέσμιος
1182 2625 1228 2650 ἐπὶ
1250 2623 1370 2658 Ῥώμην,
1387 2624 1473 2654 οὕτως
1488 2625 1540 2650 ἀπὸ
1551 2626 1730 2660 Καισαρεὲας.

946 2667 1028 2703 ἦλθεν
1043 2670 1082 2700 εἰς
1099 2669 1212 2695 Σιδῶνα,
1234 2670 1370 2695 Κάκεῖθεν
1387 2670 1427 2701 εἰς
1444 2671 1527 2704 Μύρα
1553 2673 1601 2705 τῆς
1615 2671 1729 2698 Λυκίας.

947 2713 1014 2740 Εἶτα
1031 2715 1069 2746 εἰς
1088 2715 1192 2741 Κνίδον.
1209 2714 1343 2741 Κάκεῖθεν
1368 2715 1451 2741 πολλὰ
1477 2716 1582 2744 παθὼν.
1595 2715 1676 2750 ἦλθεν
1690 2719 1730 2749 εἰς

947 2761 996 2794 τὴν
1010 2762 1100 2795 νῆσον,
1112 2759 1200 2794 ἕνθαὴ
1213 2760 1301 2793 ἔχιδνα
1313 2760 1452 2795 καθήψατη
1468 2761 1516 2796 τῆς
1533 2762 1623 2797 χειρὸς
1634 2764 1729 2794 αὑτοῦ,

949 2805 993 2832 καὶ
1012 2805 1115 2839 ἔμεινεν
1131 2805 1232 2839 ἀϐλαϐῆ
1239 2814 1258 2835 ς.
