  <div class='ocr_page' id='page_1' title='image "/cluster/home/n/w/nwhite01/storage/ocr_20150623/118/njp.32101077772992/233.png"; bbox 0 0 1881 3051; ppageno 0'>
   <div class='ocr_carea' id='block_1_1' title="bbox 226 154 280 187">
    <p class='ocr_par' dir='ltr' id='par_1_1' title="bbox 226 154 280 187">
     <span class='ocr_line' id='line_1_1' title="bbox 226 154 280 187; baseline 0.019 -1"><span class='ocrx_word' id='word_1_1' title='bbox 226 154 280 187; x_wconf 88' lang='lat'><strong>315</strong></span> 
     </span>
    </p>
   </div>
   <div class='ocr_carea' id='block_1_2' title="bbox 769 157 1314 187">
    <p class='ocr_par' dir='ltr' id='par_1_2' title="bbox 769 157 1314 187">
     <span class='ocr_line' id='line_1_2' title="bbox 769 157 1314 187; baseline -0.002 0"><span class='ocrx_word' id='word_1_2' title='bbox 769 157 967 187; x_wconf 70' lang='lat' dir='ltr'><strong>CECUMENII</strong></span> <span class='ocrx_word' id='word_1_3' title='bbox 983 157 1128 187; x_wconf 53' lang='lat' dir='ltr'><strong>TRICCNE</strong></span> <span class='ocrx_word' id='word_1_4' title='bbox 1142 157 1314 186; x_wconf 84' lang='lat' dir='ltr'><strong>EPISCOPI</strong></span> 
     </span>
    </p>
   </div>
   <div class='ocr_carea' id='block_1_3' title="bbox 1791 152 1848 183">
    <p class='ocr_par' dir='ltr' id='par_1_3' title="bbox 1791 152 1848 183">
     <span class='ocr_line' id='line_1_3' title="bbox 1791 152 1848 183; baseline 0 0"><span class='ocrx_word' id='word_1_5' title='bbox 1791 152 1848 183; x_wconf 83' lang='lat'><strong>316</strong></span> 
     </span>
    </p>
   </div>
   <div class='ocr_carea' id='block_1_4' title="bbox 229 209 1018 247">
    <p class='ocr_par' dir='ltr' id='par_1_4' title="bbox 229 211 1014 247">
     <span class='ocr_line' id='line_1_4' title="bbox 229 211 1014 247; baseline -0.001 -8"><span class='ocrx_word' id='word_1_6' title='bbox 229 212 313 239; x_wconf 86' lang='lat' dir='ltr'><strong>etiam</strong></span> <span class='ocrx_word' id='word_1_7' title='bbox 339 211 511 247; x_wconf 75' lang='lat' dir='ltr'><strong>martyrium,</strong></span> <span class='ocrx_word' id='word_1_8' title='bbox 529 211 678 239; x_wconf 85' lang='lat' dir='ltr'><strong>ostendens</strong></span> <span class='ocrx_word' id='word_1_9' title='bbox 694 217 722 239; x_wconf 91' lang='lat' dir='ltr'><strong>et</strong></span> <span class='ocrx_word' id='word_1_10' title='bbox 743 212 857 239; x_wconf 85' lang='lat' dir='ltr'><strong>Paulum</strong></span> <span class='ocrx_word' id='word_1_11' title='bbox 873 213 901 239; x_wconf 90' lang='lat' dir='ltr'><strong>in</strong></span> <span class='ocrx_word' id='word_1_12' title='bbox 919 213 1014 247; x_wconf 76' lang='lat' dir='ltr'><strong>quiete</strong></span> 
     </span>
    </p>
   </div>
   <div class='ocr_carea' id='block_1_5' title="bbox 1080 209 1849 247">
    <p class='ocr_par' dir='ltr' id='par_1_5' title="bbox 1082 209 1849 246">
     <span class='ocr_line' id='line_1_5' title="bbox 1082 209 1849 246; baseline -0.003 -9"><span class='ocrx_word' id='word_1_13' title='bbox 1082 219 1138 237; x_wconf 88' lang='grc' dir='ltr'><strong>κων</strong></span> <span class='ocrx_word' id='word_1_14' title='bbox 1163 211 1224 237; x_wconf 83' lang='grc' dir='ltr'>οὐδὲ</span> <span class='ocrx_word' id='word_1_15' title='bbox 1241 212 1271 238; x_wconf 85' lang='grc' dir='ltr'>τὸ</span> <span class='ocrx_word' id='word_1_16' title='bbox 1287 210 1436 246; x_wconf 72' lang='grc' dir='ltr'>μαρτύριον</span> <span class='ocrx_word' id='word_1_17' title='bbox 1461 209 1543 236; x_wconf 79' lang='grc' dir='ltr'>αὐτοῦ</span> <span class='ocrx_word' id='word_1_18' title='bbox 1575 209 1739 243; x_wconf 67' lang='grc' dir='ltr'><strong>ἐγκατέθετο</strong></span> <span class='ocrx_word' id='word_1_19' title='bbox 1752 211 1788 244; x_wconf 85' lang='grc' dir='ltr'>τῇ</span> <span class='ocrx_word' id='word_1_20' title='bbox 1805 209 1849 244; x_wconf 75' lang='grc' dir='ltr'><strong>βξ-</strong></span> 
     </span>
    </p>
   </div>
   <div class='ocr_carea' id='block_1_6' title="bbox 227 256 1010 292">
    <p class='ocr_par' dir='ltr' id='par_1_6' title="bbox 227 256 1010 292">
     <span class='ocr_line' id='line_1_6' title="bbox 227 256 1010 292; baseline 0.001 -9"><span class='ocrx_word' id='word_1_21' title='bbox 227 257 423 292; x_wconf 84' lang='lat' dir='ltr'><strong>permansisse,</strong></span> <span class='ocrx_word' id='word_1_22' title='bbox 439 261 466 283; x_wconf 89' lang='lat' dir='ltr'><strong>et</strong></span> <span class='ocrx_word' id='word_1_23' title='bbox 485 256 531 283; x_wconf 89' lang='lat' dir='ltr'><strong>Dei</strong></span> <span class='ocrx_word' id='word_1_24' title='bbox 547 257 661 283; x_wconf 83' lang='lat' dir='ltr'><strong>verbum</strong></span> <span class='ocrx_word' id='word_1_25' title='bbox 679 257 756 283; x_wconf 89' lang='lat' dir='ltr'><strong>nullo</strong></span> <span class='ocrx_word' id='word_1_26' title='bbox 772 257 937 291; x_wconf 77' lang='lat' dir='ltr'><strong>prohibente</strong></span> <span class='ocrx_word' id='word_1_27' title='bbox 953 257 1010 284; x_wconf 69' lang='lat' dir='ltr'><strong>dis«</strong></span> 
     </span>
    </p>
   </div>
   <div class='ocr_carea' id='block_1_7' title="bbox 228 302 1012 337">
    <p class='ocr_par' dir='ltr' id='par_1_7' title="bbox 228 302 1012 337">
     <span class='ocr_line' id='line_1_7' title="bbox 228 302 1012 337; baseline 0.001 -9"><span class='ocrx_word' id='word_1_28' title='bbox 228 302 389 330; x_wconf 81' lang='lat' dir='ltr'><strong>seminasse.</strong></span> <span class='ocrx_word' id='word_1_29' title='bbox 403 302 543 336; x_wconf 82' lang='lat' dir='ltr'><strong>Siquidem</strong></span> <span class='ocrx_word' id='word_1_30' title='bbox 560 302 643 329; x_wconf 86' lang='lat' dir='ltr'><strong>habet</strong></span> <span class='ocrx_word' id='word_1_31' title='bbox 654 302 780 335; x_wconf 86' lang='lat' dir='ltr'><strong>historia,</strong></span> <span class='ocrx_word' id='word_1_32' title='bbox 795 303 867 337; x_wconf 93' lang='lat' dir='ltr'><strong>quod</strong></span> <span class='ocrx_word' id='word_1_33' title='bbox 884 303 930 329; x_wconf 89' lang='lat' dir='ltr'><strong>ubi</strong></span> <span class='ocrx_word' id='word_1_34' title='bbox 947 307 1012 330; x_wconf 90' lang='lat' dir='ltr'><strong>tunc</strong></span> 
     </span>
    </p>
   </div>
   <div class='ocr_carea' id='block_1_8' title="bbox 227 347 1013 381">
    <p class='ocr_par' dir='ltr' id='par_1_8' title="bbox 227 347 1013 381">
     <span class='ocr_line' id='line_1_8' title="bbox 227 347 1013 381; baseline 0.001 -7"><span class='ocrx_word' id='word_1_35' title='bbox 227 347 279 373; x_wconf 85' lang='lat' dir='ltr'><strong>sub</strong></span> <span class='ocrx_word' id='word_1_36' title='bbox 291 347 400 374; x_wconf 81' lang='lat' dir='ltr'><strong>Nerone</strong></span> <span class='ocrx_word' id='word_1_37' title='bbox 413 347 600 381; x_wconf 85' lang='lat' dir='ltr'><strong>respondisset</strong></span> <span class='ocrx_word' id='word_1_38' title='bbox 612 347 713 374; x_wconf 79' lang='lat' dir='ltr'><strong>Paulus</strong></span> <span class='ocrx_word' id='word_1_39' title='bbox 725 352 752 374; x_wconf 89' lang='lat' dir='ltr'><strong>et</strong></span> <span class='ocrx_word' id='word_1_40' title='bbox 762 356 776 375; x_wconf 86' lang='lat' dir='ltr'><strong>a</strong></span> <span class='ocrx_word' id='word_1_41' title='bbox 794 348 901 375; x_wconf 64' lang='lat' dir='ltr'><strong>Caesare</strong></span> <span class='ocrx_word' id='word_1_42' title='bbox 915 348 1013 375; x_wconf 79' lang='lat' dir='ltr'><strong>fuisset</strong></span> 
     </span>
    </p>
   </div>
   <div class='ocr_carea' id='block_1_9' title="bbox 228 392 1012 426">
    <p class='ocr_par' dir='ltr' id='par_1_9' title="bbox 228 392 1012 426">
     <span class='ocr_line' id='line_1_9' title="bbox 228 392 1012 426; baseline 0.004 -8"><span class='ocrx_word' id='word_1_43' title='bbox 228 392 380 423; x_wconf 87' lang='lat' dir='ltr'><strong>absolutus,</strong></span> <span class='ocrx_word' id='word_1_44' title='bbox 403 392 436 418; x_wconf 85' lang='lat' dir='ltr'><strong>ad</strong></span> <span class='ocrx_word' id='word_1_45' title='bbox 468 392 669 426; x_wconf 76' lang='lat' dir='ltr'><strong>przedicationis</strong></span> <span class='ocrx_word' id='word_1_46' title='bbox 699 393 882 420; x_wconf 78' lang='lat' dir='ltr'><strong>ministerium</strong></span> <span class='ocrx_word' id='word_1_47' title='bbox 917 402 1012 421; x_wconf 87' lang='lat' dir='ltr'><strong>rursus</strong></span> 
     </span>
    </p>
   </div>
   <div class='ocr_carea' id='block_1_10' title="bbox 228 436 1013 473">
    <p class='ocr_par' dir='ltr' id='par_1_10' title="bbox 228 436 1013 473">
     <span class='ocr_line' id='line_1_10' title="bbox 228 436 1013 473; baseline 0.005 -11"><span class='ocrx_word' id='word_1_48' title='bbox 228 437 359 462; x_wconf 82' lang='lat' dir='ltr'><strong>emissum</strong></span> <span class='ocrx_word' id='word_1_49' title='bbox 373 436 467 467; x_wconf 88' lang='lat' dir='ltr'><strong>fuisse,</strong></span> <span class='ocrx_word' id='word_1_50' title='bbox 477 437 592 471; x_wconf 81' lang='lat' dir='ltr'><strong>aliisque</strong></span> <span class='ocrx_word' id='word_1_51' title='bbox 603 438 697 464; x_wconf 88' lang='lat' dir='ltr'><strong>decem</strong></span> <span class='ocrx_word' id='word_1_52' title='bbox 712 439 790 465; x_wconf 87' lang='lat' dir='ltr'><strong>annis</strong></span> <span class='ocrx_word' id='word_1_53' title='bbox 804 439 940 473; x_wconf 80' lang='lat' dir='ltr'><strong>Evangelii</strong></span> <span class='ocrx_word' id='word_1_54' title='bbox 953 448 1013 467; x_wconf 84' lang='lat' dir='ltr'><strong>ver-</strong></span> 
     </span>
    </p>
   </div>
   <div class='ocr_carea' id='block_1_11' title="bbox 228 481 1013 512">
    <p class='ocr_par' dir='ltr' id='par_1_11' title="bbox 228 481 1013 512">
     <span class='ocr_line' id='line_1_11' title="bbox 228 481 1013 512; baseline 0.006 -5"><span class='ocrx_word' id='word_1_55' title='bbox 228 482 293 508; x_wconf 91' lang='lat' dir='ltr'><strong>bum</strong></span> <span class='ocrx_word' id='word_1_56' title='bbox 311 481 512 509; x_wconf 81' lang='lat' dir='ltr'><strong>dissetninasse.</strong></span> <span class='ocrx_word' id='word_1_57' title='bbox 530 482 597 510; x_wconf 94' lang='lat' dir='ltr'><strong>Cum</strong></span> <span class='ocrx_word' id='word_1_58' title='bbox 615 488 708 510; x_wconf 78' lang='lat' dir='ltr'><strong>autem</strong></span> <span class='ocrx_word' id='word_1_59' title='bbox 722 484 755 510; x_wconf 86' lang='lat' dir='ltr'><strong>ad</strong></span> <span class='ocrx_word' id='word_1_60' title='bbox 771 489 923 511; x_wconf 76' lang='lat' dir='ltr'><strong>extremum</strong></span> <span class='ocrx_word' id='word_1_61' title='bbox 940 485 1013 512; x_wconf 85' lang='lat' dir='ltr'><strong>insa-</strong></span> 
     </span>
    </p>
   </div>
   <div class='ocr_carea' id='block_1_12' title="bbox 228 528 1014 564">
    <p class='ocr_par' dir='ltr' id='par_1_12' title="bbox 228 528 1014 564">
     <span class='ocr_line' id='line_1_12' title="bbox 228 528 1014 564; baseline 0.006 -11"><span class='ocrx_word' id='word_1_62' title='bbox 228 528 280 554; x_wconf 67' lang='lat' dir='ltr'><strong>niae</strong></span> <span class='ocrx_word' id='word_1_63' title='bbox 302 528 374 554; x_wconf 81' lang='lat' dir='ltr'><strong>Nero</strong></span> <span class='ocrx_word' id='word_1_64' title='bbox 390 528 571 562; x_wconf 84' lang='lat' dir='ltr'><strong>pervenisset,</strong></span> <span class='ocrx_word' id='word_1_65' title='bbox 599 530 718 563; x_wconf 91' lang='lat' dir='ltr'><strong>primum</strong></span> <span class='ocrx_word' id='word_1_66' title='bbox 739 531 851 564; x_wconf 86' lang='lat' dir='ltr'><strong>quidem</strong></span> <span class='ocrx_word' id='word_1_67' title='bbox 875 531 1014 559; x_wconf 76' lang='lat' dir='ltr'><strong>interfecit</strong></span> 
     </span>
    </p>
   </div>
   <div class='ocr_carea' id='block_1_13' title="bbox 227 574 1015 611">
    <p class='ocr_par' dir='ltr' id='par_1_13' title="bbox 227 574 1015 611">
     <span class='ocr_line' id='line_1_13' title="bbox 227 574 1015 611; baseline 0.006 -12"><span class='ocrx_word' id='word_1_68' title='bbox 227 574 403 608; x_wconf 80' lang='lat' dir='ltr'><strong>Agrippinam</strong></span> <span class='ocrx_word' id='word_1_69' title='bbox 424 575 564 609; x_wconf 82' lang='lat' dir='ltr'><strong>propriam</strong></span> <span class='ocrx_word' id='word_1_70' title='bbox 582 580 706 607; x_wconf 83' lang='lat' dir='ltr'><strong>matrem,</strong></span> <span class='ocrx_word' id='word_1_71' title='bbox 731 581 861 610; x_wconf 70' lang='lat' dir='ltr'><strong>praeterea</strong></span> <span class='ocrx_word' id='word_1_72' title='bbox 884 581 911 604; x_wconf 90' lang='lat' dir='ltr'><strong>et</strong></span> <span class='ocrx_word' id='word_1_73' title='bbox 928 577 1015 611; x_wconf 85' lang='lat' dir='ltr'><strong>patris</strong></span> 
     </span>
    </p>
   </div>
   <div class='ocr_carea' id='block_1_14' title="bbox 228 619 1015 657">
    <p class='ocr_par' dir='ltr' id='par_1_14' title="bbox 228 619 1015 657">
     <span class='ocr_line' id='line_1_14' title="bbox 228 619 1015 657; baseline 0.005 -12"><span class='ocrx_word' id='word_1_74' title='bbox 228 627 361 652; x_wconf 85' lang='lat' dir='ltr'><strong>sororem,</strong></span> <span class='ocrx_word' id='word_1_75' title='bbox 379 619 520 647; x_wconf 86' lang='lat' dir='ltr'><strong>Octaviam</strong></span> <span class='ocrx_word' id='word_1_76' title='bbox 533 628 642 655; x_wconf 77' lang='lat' dir='ltr'><strong>quoque</strong></span> <span class='ocrx_word' id='word_1_77' title='bbox 655 629 732 648; x_wconf 86' lang='lat' dir='ltr'><strong>suam</strong></span> <span class='ocrx_word' id='word_1_78' title='bbox 749 629 874 654; x_wconf 76' lang='lat' dir='ltr'><strong>uxorem,</strong></span> <span class='ocrx_word' id='word_1_79' title='bbox 890 623 1015 657; x_wconf 82' lang='lat' dir='ltr'><strong>aliosque</strong></span> 
     </span>
    </p>
   </div>
   <div class='ocr_carea' id='block_1_15' title="bbox 227 668 1016 704">
    <p class='ocr_par' dir='ltr' id='par_1_15' title="bbox 227 668 1016 704">
     <span class='ocr_line' id='line_1_15' title="bbox 227 668 1016 704; baseline 0.004 -10"><span class='ocrx_word' id='word_1_80' title='bbox 227 668 388 695; x_wconf 87' lang='lat' dir='ltr'><strong>innumeros</strong></span> <span class='ocrx_word' id='word_1_81' title='bbox 409 676 509 703; x_wconf 79' lang='lat' dir='ltr'><strong>genere</strong></span> <span class='ocrx_word' id='word_1_82' title='bbox 531 668 621 703; x_wconf 81' lang='lat' dir='ltr'><strong>ipsum</strong></span> <span class='ocrx_word' id='word_1_83' title='bbox 641 670 831 704; x_wconf 84' lang='lat' dir='ltr'><strong>contingentes</strong></span> <span class='ocrx_word' id='word_1_84' title='bbox 849 679 855 696; x_wconf 89' lang='lat'><strong>:</strong></span> <span class='ocrx_word' id='word_1_85' title='bbox 873 670 971 697; x_wconf 90' lang='lat' dir='ltr'><strong>deinde</strong></span> <span class='ocrx_word' id='word_1_86' title='bbox 987 675 1016 698; x_wconf 87' lang='lat' dir='ltr'><strong>et</strong></span> 
     </span>
    </p>
   </div>
   <div class='ocr_carea' id='block_1_16' title="bbox 227 713 1012 749">
    <p class='ocr_par' dir='ltr' id='par_1_16' title="bbox 227 713 1012 749">
     <span class='ocr_line' id='line_1_16' title="bbox 227 713 1012 749; baseline 0.004 -10"><span class='ocrx_word' id='word_1_87' title='bbox 227 713 412 740; x_wconf 86' lang='lat' dir='ltr'><strong>universalem</strong></span> <span class='ocrx_word' id='word_1_88' title='bbox 429 713 514 740; x_wconf 84' lang='lat' dir='ltr'><strong>movit</strong></span> <span class='ocrx_word' id='word_1_89' title='bbox 534 713 678 741; x_wconf 84' lang='lat' dir='ltr'><strong>adversum</strong></span> <span class='ocrx_word' id='word_1_90' title='bbox 697 714 868 741; x_wconf 85' lang='lat' dir='ltr'><strong>Christianos</strong></span> <span class='ocrx_word' id='word_1_91' title='bbox 884 723 1012 749; x_wconf 64' lang='lat' dir='ltr'><strong>persecu.</strong></span> 
     </span>
    </p>
   </div>
   <div class='ocr_carea' id='block_1_17' title="bbox 229 759 1016 795">
    <p class='ocr_par' dir='ltr' id='par_1_17' title="bbox 229 759 1016 795">
     <span class='ocr_line' id='line_1_17' title="bbox 229 759 1016 795; baseline 0.005 -11"><span class='ocrx_word' id='word_1_92' title='bbox 229 759 344 790; x_wconf 83' lang='lat' dir='ltr'><strong>tionem,</strong></span> <span class='ocrx_word' id='word_1_93' title='bbox 356 763 384 786; x_wconf 88' lang='lat' dir='ltr'><strong>et</strong></span> <span class='ocrx_word' id='word_1_94' title='bbox 399 759 436 785; x_wconf 88' lang='lat' dir='ltr'><strong>ita</strong></span> <span class='ocrx_word' id='word_1_95' title='bbox 452 760 485 786; x_wconf 91' lang='lat' dir='ltr'><strong>ad</strong></span> <span class='ocrx_word' id='word_1_96' title='bbox 501 760 687 793; x_wconf 88' lang='lat' dir='ltr'><strong>apostolorum</strong></span> <span class='ocrx_word' id='word_1_97' title='bbox 701 760 788 787; x_wconf 64' lang='lat' dir='ltr'><strong>cmdes</strong></span> <span class='ocrx_word' id='word_1_98' title='bbox 805 761 940 795; x_wconf 86' lang='lat' dir='ltr'><strong>pervenit.</strong></span> <span class='ocrx_word' id='word_1_99' title='bbox 956 761 1016 788; x_wconf 86' lang='lat' dir='ltr'><strong>Sta-</strong></span> 
     </span>
    </p>
   </div>
   <div class='ocr_carea' id='block_1_18' title="bbox 229 805 1016 835">
    <p class='ocr_par' dir='ltr' id='par_1_18' title="bbox 229 805 1016 835">
     <span class='ocr_line' id='line_1_18' title="bbox 229 805 1016 835; baseline 0.005 -4"><span class='ocrx_word' id='word_1_100' title='bbox 229 806 279 832; x_wconf 86' lang='lat' dir='ltr'><strong>tim</strong></span> <span class='ocrx_word' id='word_1_101' title='bbox 294 805 367 832; x_wconf 87' lang='lat' dir='ltr'><strong>enim</strong></span> <span class='ocrx_word' id='word_1_102' title='bbox 381 806 545 833; x_wconf 83' lang='lat' dir='ltr'><strong>accersitum</strong></span> <span class='ocrx_word' id='word_1_103' title='bbox 566 806 679 833; x_wconf 85' lang='lat' dir='ltr'><strong>Paulum</strong></span> <span class='ocrx_word' id='word_1_104' title='bbox 697 807 767 834; x_wconf 81' lang='lat' dir='ltr'><strong>stitit</strong></span> <span class='ocrx_word' id='word_1_105' title='bbox 789 807 929 835; x_wconf 79' lang='lat' dir='ltr'><strong>tribunali.</strong></span> <span class='ocrx_word' id='word_1_106' title='bbox 943 808 1016 834; x_wconf 81' lang='lat' dir='ltr'><strong>Rur-</strong></span> 
     </span>
    </p>
   </div>
   <div class='ocr_carea' id='block_1_19' title="bbox 229 851 1017 888">
    <p class='ocr_par' dir='ltr' id='par_1_19' title="bbox 229 851 1017 888">
     <span class='ocr_line' id='line_1_19' title="bbox 229 851 1017 888; baseline 0.004 -11"><span class='ocrx_word' id='word_1_107' title='bbox 229 859 290 877; x_wconf 87' lang='lat' dir='ltr'><strong>sum</strong></span> <span class='ocrx_word' id='word_1_108' title='bbox 298 855 389 878; x_wconf 84' lang='lat' dir='ltr'><strong>autem</strong></span> <span class='ocrx_word' id='word_1_109' title='bbox 399 851 424 879; x_wconf 90' lang='lat' dir='ltr'><strong>ei</strong></span> <span class='ocrx_word' id='word_1_110' title='bbox 435 851 522 879; x_wconf 86' lang='lat' dir='ltr'><strong>Lucas</strong></span> <span class='ocrx_word' id='word_1_111' title='bbox 529 853 694 887; x_wconf 84' lang='lat' dir='ltr'><strong>conjunctus</strong></span> <span class='ocrx_word' id='word_1_112' title='bbox 704 858 758 879; x_wconf 88' lang='lat' dir='ltr'><strong>est:</strong></span> <span class='ocrx_word' id='word_1_113' title='bbox 767 853 812 880; x_wconf 92' lang='lat' dir='ltr'><strong>ubi</strong></span> <span class='ocrx_word' id='word_1_114' title='bbox 822 857 895 880; x_wconf 78' lang='lat' dir='ltr'><strong>certe</strong></span> <span class='ocrx_word' id='word_1_115' title='bbox 902 853 1017 888; x_wconf 84' lang='lat' dir='ltr'><strong>contigit</strong></span> 
     </span>
    </p>
   </div>
   <div class='ocr_carea' id='block_1_20' title="bbox 231 893 1018 933">
    <p class='ocr_par' dir='ltr' id='par_1_20' title="bbox 231 896 1010 933">
     <span class='ocr_line' id='line_1_20' title="bbox 231 896 1010 933; baseline 0.005 -11"><span class='ocrx_word' id='word_1_116' title='bbox 231 896 345 922; x_wconf 85' lang='lat' dir='ltr'><strong>Paulum</strong></span> <span class='ocrx_word' id='word_1_117' title='bbox 367 904 438 923; x_wconf 87' lang='lat' dir='ltr'><strong>anno</strong></span> <span class='ocrx_word' id='word_1_118' title='bbox 461 896 599 923; x_wconf 86' lang='lat' dir='ltr'><strong>tricesimo</strong></span> <span class='ocrx_word' id='word_1_119' title='bbox 619 903 696 924; x_wconf 73' lang='lat' dir='ltr'><strong>sexto</strong></span> <span class='ocrx_word' id='word_1_120' title='bbox 712 905 725 924; x_wconf 81' lang='grc' dir='ltr'><strong>ιι</strong></span> <span class='ocrx_word' id='word_1_121' title='bbox 744 897 885 925; x_wconf 86' lang='lat' dir='ltr'><strong>Salvatore</strong></span> <span class='ocrx_word' id='word_1_122' title='bbox 909 906 989 933; x_wconf 87' lang='lat' dir='ltr'><strong>passo</strong></span> <span class='ocrx_word' id='word_1_123' title='bbox 1003 919 1010 931; x_wconf 94' lang='lat'><strong>,</strong></span> 
     </span>
    </p>
   </div>
   <div class='ocr_carea' id='block_1_21' title="bbox 1080 893 1262 933">
    <p class='ocr_par' dir='ltr' id='par_1_21' title="bbox 1080 896 1262 931">
     <span class='ocr_line' id='line_1_21' title="bbox 1080 896 1262 931; baseline 0 -9"><span class='ocrx_word' id='word_1_124' title='bbox 1080 896 1262 931; x_wconf 67' lang='grc' dir='ltr'>προσήκοντας.</span> 
     </span>
    </p>
   </div>
   <div class='ocr_carea' id='block_1_22' title="bbox 231 940 1018 980">
    <p class='ocr_par' dir='ltr' id='par_1_22' title="bbox 231 940 1018 980">
     <span class='ocr_line' id='line_1_22' title="bbox 231 940 1018 980; baseline 0.006 -13"><span class='ocrx_word' id='word_1_125' title='bbox 231 942 314 968; x_wconf 82' lang='lat' dir='ltr'><strong>tertio</strong></span> <span class='ocrx_word' id='word_1_126' title='bbox 321 940 427 968; x_wconf 90' lang='lat' dir='ltr'><strong>decimo</strong></span> <span class='ocrx_word' id='word_1_127' title='bbox 440 946 531 969; x_wconf 89' lang='lat' dir='ltr'><strong>autem</strong></span> <span class='ocrx_word' id='word_1_128' title='bbox 544 942 652 977; x_wconf 88' lang='lat' dir='ltr'><strong>imperii</strong></span> <span class='ocrx_word' id='word_1_129' title='bbox 660 943 924 980; x_wconf 80' lang='lat' dir='ltr'><strong>Neronis,martyrio</strong></span> <span class='ocrx_word' id='word_1_130' title='bbox 936 945 1018 972; x_wconf 87' lang='lat' dir='ltr'><strong>vitam</strong></span> 
     </span>
    </p>
   </div>
   <div class='ocr_carea' id='block_1_23' title="bbox 231 986 1020 1025">
    <p class='ocr_par' dir='ltr' id='par_1_23' title="bbox 231 986 1020 1025">
     <span class='ocr_line' id='line_1_23' title="bbox 231 986 1020 1025; baseline 0.006 -13"><span class='ocrx_word' id='word_1_131' title='bbox 231 986 334 1017; x_wconf 84' lang='lat' dir='ltr'><strong>ﬁnisse.</strong></span> <span class='ocrx_word' id='word_1_132' title='bbox 344 987 433 1021; x_wconf 86' lang='lat' dir='ltr'><strong>capite</strong></span> <span class='ocrx_word' id='word_1_133' title='bbox 446 987 575 1014; x_wconf 83' lang='lat' dir='ltr'><strong>videlicet</strong></span> <span class='ocrx_word' id='word_1_134' title='bbox 585 987 674 1022; x_wconf 78' lang='lat' dir='ltr'><strong>gladio</strong></span> <span class='ocrx_word' id='word_1_135' title='bbox 690 994 840 1023; x_wconf 82' lang='lat' dir='ltr'><strong>amputato.</strong></span> <span class='ocrx_word' id='word_1_136' title='bbox 853 989 922 1017; x_wconf 80' lang='lat' dir='ltr'><strong>Sunt</strong></span> <span class='ocrx_word' id='word_1_137' title='bbox 937 990 1020 1025; x_wconf 83' lang='lat' dir='ltr'><strong>igitur</strong></span> 
     </span>
    </p>
   </div>
   <div class='ocr_carea' id='block_1_24' title="bbox 231 1031 1019 1070">
    <p class='ocr_par' dir='ltr' id='par_1_24' title="bbox 231 1031 1019 1070">
     <span class='ocr_line' id='line_1_24' title="bbox 231 1031 1019 1070; baseline 0.008 -13"><span class='ocrx_word' id='word_1_138' title='bbox 231 1031 266 1058; x_wconf 88' lang='lat' dir='ltr'><strong>ab</strong></span> <span class='ocrx_word' id='word_1_139' title='bbox 286 1039 358 1058; x_wconf 85' lang='lat' dir='ltr'><strong>anno</strong></span> <span class='ocrx_word' id='word_1_140' title='bbox 375 1032 478 1059; x_wconf 86' lang='lat' dir='ltr'><strong>Tiberii</strong></span> <span class='ocrx_word' id='word_1_141' title='bbox 495 1032 609 1059; x_wconf 68' lang='lat' dir='ltr'><strong>Caesaris</strong></span> <span class='ocrx_word' id='word_1_142' title='bbox 630 1033 737 1061; x_wconf 89' lang='lat' dir='ltr'><strong>decimo</strong></span> <span class='ocrx_word' id='word_1_143' title='bbox 759 1042 843 1067; x_wconf 88' lang='lat' dir='ltr'><strong>nono,</strong></span> <span class='ocrx_word' id='word_1_144' title='bbox 858 1043 912 1070; x_wconf 91' lang='lat' dir='ltr'><strong>quo</strong></span> <span class='ocrx_word' id='word_1_145' title='bbox 929 1035 1019 1063; x_wconf 88' lang='lat' dir='ltr'><strong>Evan-</strong></span> 
     </span>
    </p>
   </div>
   <div class='ocr_carea' id='block_1_25' title="bbox 230 1078 1019 1117">
    <p class='ocr_par' dir='ltr' id='par_1_25' title="bbox 230 1078 1019 1117">
     <span class='ocr_line' id='line_1_25' title="bbox 230 1078 1019 1117; baseline 0.005 -12"><span class='ocrx_word' id='word_1_146' title='bbox 230 1078 332 1113; x_wconf 73' lang='lat' dir='ltr'><strong>gelium</strong></span> <span class='ocrx_word' id='word_1_147' title='bbox 345 1079 428 1113; x_wconf 64' lang='lat' dir='ltr'><strong>coepit</strong></span> <span class='ocrx_word' id='word_1_148' title='bbox 439 1079 598 1113; x_wconf 59' lang='lat' dir='ltr'><strong>praedicare,</strong></span> <span class='ocrx_word' id='word_1_149' title='bbox 611 1087 698 1114; x_wconf 87' lang='lat' dir='ltr'><strong>usque</strong></span> <span class='ocrx_word' id='word_1_150' title='bbox 709 1080 741 1107; x_wconf 88' lang='lat' dir='ltr'><strong>ad</strong></span> <span class='ocrx_word' id='word_1_151' title='bbox 756 1089 859 1108; x_wconf 88' lang='lat' dir='ltr'><strong>annum</strong></span> <span class='ocrx_word' id='word_1_152' title='bbox 874 1083 933 1117; x_wconf 86' lang='lat' dir='ltr'><strong>ejus</strong></span> <span class='ocrx_word' id='word_1_153' title='bbox 945 1082 1019 1109; x_wconf 85' lang='lat' dir='ltr'><strong>vice-</strong></span> 
     </span>
    </p>
   </div>
   <div class='ocr_carea' id='block_1_26' title="bbox 231 1122 1018 1159">
    <p class='ocr_par' dir='ltr' id='par_1_26' title="bbox 231 1122 1018 1159">
     <span class='ocr_line' id='line_1_26' title="bbox 231 1122 1018 1159; baseline 0.005 -9"><span class='ocrx_word' id='word_1_154' title='bbox 231 1122 332 1151; x_wconf 87' lang='lat' dir='ltr'><strong>simum</strong></span> <span class='ocrx_word' id='word_1_155' title='bbox 351 1123 514 1156; x_wconf 83' lang='lat' dir='ltr'><strong>secundum,</strong></span> <span class='ocrx_word' id='word_1_156' title='bbox 539 1125 603 1151; x_wconf 87' lang='lat' dir='ltr'><strong>anni</strong></span> <span class='ocrx_word' id='word_1_157' title='bbox 620 1130 751 1159; x_wconf 87' lang='lat' dir='ltr'><strong>quatuor,</strong></span> <span class='ocrx_word' id='word_1_158' title='bbox 769 1131 796 1153; x_wconf 88' lang='lat' dir='ltr'><strong>et</strong></span> <span class='ocrx_word' id='word_1_159' title='bbox 818 1126 876 1154; x_wconf 84' lang='lat' dir='ltr'><strong>Caii</strong></span> <span class='ocrx_word' id='word_1_160' title='bbox 892 1127 1018 1155; x_wconf 87' lang='lat' dir='ltr'><strong>similiter</strong></span> 
     </span>
    </p>
   </div>
   <div class='ocr_carea' id='block_1_27' title="bbox 230 1169 1018 1207">
    <p class='ocr_par' dir='ltr' id='par_1_27' title="bbox 230 1169 1018 1207">
     <span class='ocr_line' id='line_1_27' title="bbox 230 1169 1018 1207; baseline 0.008 -13"><span class='ocrx_word' id='word_1_161' title='bbox 230 1169 294 1195; x_wconf 84' lang='lat' dir='ltr'><strong>anni</strong></span> <span class='ocrx_word' id='word_1_162' title='bbox 307 1174 426 1203; x_wconf 90' lang='lat' dir='ltr'><strong>quatuor</strong></span> <span class='ocrx_word' id='word_1_163' title='bbox 446 1178 453 1196; x_wconf 94' lang='lat'>:</span> <span class='ocrx_word' id='word_1_164' title='bbox 470 1178 579 1196; x_wconf 88' lang='lat' dir='ltr'><strong>rursum</strong></span> <span class='ocrx_word' id='word_1_165' title='bbox 595 1179 661 1198; x_wconf 89' lang='lat' dir='ltr'><strong>vero</strong></span> <span class='ocrx_word' id='word_1_166' title='bbox 679 1176 707 1198; x_wconf 90' lang='lat' dir='ltr'><strong>et</strong></span> <span class='ocrx_word' id='word_1_167' title='bbox 723 1171 829 1198; x_wconf 87' lang='lat' dir='ltr'><strong>Claudii</strong></span> <span class='ocrx_word' id='word_1_168' title='bbox 850 1173 913 1199; x_wconf 88' lang='lat' dir='ltr'><strong>anni</strong></span> <span class='ocrx_word' id='word_1_169' title='bbox 937 1174 1018 1207; x_wconf 86' lang='lat' dir='ltr'><strong>paulo</strong></span> 
     </span>
    </p>
   </div>
   <div class='ocr_carea' id='block_1_28' title="bbox 229 1214 1017 1251">
    <p class='ocr_par' dir='ltr' id='par_1_28' title="bbox 229 1214 1017 1251">
     <span class='ocr_line' id='line_1_28' title="bbox 229 1214 1017 1251; baseline 0.006 -10"><span class='ocrx_word' id='word_1_170' title='bbox 229 1214 322 1241; x_wconf 88' lang='lat' dir='ltr'><strong>minus</strong></span> <span class='ocrx_word' id='word_1_171' title='bbox 345 1216 567 1249; x_wconf 82' lang='lat' dir='ltr'><strong>quatuordecim,</strong></span> <span class='ocrx_word' id='word_1_172' title='bbox 587 1225 668 1251; x_wconf 86' lang='lat' dir='ltr'><strong>quem</strong></span> <span class='ocrx_word' id='word_1_173' title='bbox 691 1217 832 1245; x_wconf 87' lang='lat' dir='ltr'><strong>insecutus</strong></span> <span class='ocrx_word' id='word_1_174' title='bbox 847 1219 917 1245; x_wconf 80' lang='lat' dir='ltr'><strong>Nero</strong></span> <span class='ocrx_word' id='word_1_175' title='bbox 936 1220 1017 1246; x_wconf 86' lang='lat' dir='ltr'><strong>tertio</strong></span> 
     </span>
    </p>
   </div>
   <div class='ocr_carea' id='block_1_29' title="bbox 230 1259 1019 1297">
    <p class='ocr_par' dir='ltr' id='par_1_29' title="bbox 230 1259 1019 1297">
     <span class='ocr_line' id='line_1_29' title="bbox 230 1259 1019 1297; baseline 0.005 -11"><span class='ocrx_word' id='word_1_176' title='bbox 230 1259 339 1286; x_wconf 83' lang='lat' dir='ltr'><strong>decimo</strong></span> <span class='ocrx_word' id='word_1_177' title='bbox 350 1260 392 1287; x_wconf 90' lang='lat' dir='ltr'><strong>sui</strong></span> <span class='ocrx_word' id='word_1_178' title='bbox 407 1260 484 1295; x_wconf 82' lang='lat'><strong>195</strong></span> <span class='ocrx_word' id='word_1_179' title='bbox 511 1261 681 1295; x_wconf 79' lang='lat' dir='ltr'><strong>principatus</strong></span> <span class='ocrx_word' id='word_1_180' title='bbox 708 1270 780 1289; x_wconf 89' lang='lat' dir='ltr'><strong>anno</strong></span> <span class='ocrx_word' id='word_1_181' title='bbox 806 1263 958 1297; x_wconf 86' lang='lat' dir='ltr'><strong>apostolum</strong></span> <span class='ocrx_word' id='word_1_182' title='bbox 976 1264 1019 1290; x_wconf 87' lang='lat' dir='ltr'><strong>in—</strong></span> 
     </span>
    </p>
   </div>
   <div class='ocr_carea' id='block_1_30' title="bbox 230 1306 1017 1342">
    <p class='ocr_par' dir='ltr' id='par_1_30' title="bbox 230 1306 1017 1342">
     <span class='ocr_line' id='line_1_30' title="bbox 230 1306 1017 1342; baseline 0.005 -10"><span class='ocrx_word' id='word_1_183' title='bbox 230 1306 351 1332; x_wconf 80' lang='lat' dir='ltr'><strong>teremit.</strong></span> <span class='ocrx_word' id='word_1_184' title='bbox 383 1306 446 1334; x_wconf 58' lang='lat' dir='ltr'><strong>Hac</strong></span> <span class='ocrx_word' id='word_1_185' title='bbox 480 1313 572 1334; x_wconf 89' lang='lat' dir='ltr'><strong>autem</strong></span> <span class='ocrx_word' id='word_1_186' title='bbox 595 1307 628 1333; x_wconf 81' lang='lat' dir='ltr'><strong>de</strong></span> <span class='ocrx_word' id='word_1_187' title='bbox 654 1307 741 1341; x_wconf 79' lang='lat' dir='ltr'><strong>prima</strong></span> <span class='ocrx_word' id='word_1_188' title='bbox 765 1316 813 1334; x_wconf 89' lang='lat' dir='ltr'><strong>sua</strong></span> <span class='ocrx_word' id='word_1_189' title='bbox 839 1309 1017 1342; x_wconf 84' lang='lat' dir='ltr'><strong>responsione</strong></span> 
     </span>
    </p>
   </div>
   <div class='ocr_carea' id='block_1_31' title="bbox 229 1350 1017 1388">
    <p class='ocr_par' dir='ltr' id='par_1_31' title="bbox 229 1350 1017 1388">
     <span class='ocr_line' id='line_1_31' title="bbox 229 1350 1017 1388; baseline 0.004 -11"><span class='ocrx_word' id='word_1_190' title='bbox 229 1350 326 1378; x_wconf 85' lang='lat' dir='ltr'><strong>scribit</strong></span> <span class='ocrx_word' id='word_1_191' title='bbox 336 1351 394 1385; x_wconf 87' lang='lat' dir='ltr'><strong>ipse</strong></span> <span class='ocrx_word' id='word_1_192' title='bbox 405 1352 506 1379; x_wconf 82' lang='lat' dir='ltr'><strong>Paulus</strong></span> <span class='ocrx_word' id='word_1_193' title='bbox 523 1352 663 1386; x_wconf 81' lang='lat' dir='ltr'><strong>apostolus</strong></span> <span class='ocrx_word' id='word_1_194' title='bbox 681 1351 845 1380; x_wconf 82' lang='lat' dir='ltr'><strong>Timotheo:</strong></span> <span class='ocrx_word' id='word_1_195' title='bbox 861 1363 869 1378; x_wconf 80' lang='grc' dir='ltr'><strong>ι</strong></span> <span class='ocrx_word' id='word_1_196' title='bbox 887 1352 913 1379; x_wconf 91' lang='lat' dir='ltr'><strong>In</strong></span> <span class='ocrx_word' id='word_1_197' title='bbox 929 1354 1017 1388; x_wconf 85' lang='lat' dir='ltr'><strong>prima</strong></span> 
     </span>
    </p>
   </div>
   <div class='ocr_carea' id='block_1_32' title="bbox 230 1397 1017 1432">
    <p class='ocr_par' dir='ltr' id='par_1_32' title="bbox 230 1397 1017 1432">
     <span class='ocr_line' id='line_1_32' title="bbox 230 1397 1017 1432; baseline 0.004 -8"><span class='ocrx_word' id='word_1_198' title='bbox 230 1404 290 1424; x_wconf 85' lang='lat' dir='ltr'><strong>mea</strong></span> <span class='ocrx_word' id='word_1_199' title='bbox 308 1398 487 1432; x_wconf 88' lang='lat' dir='ltr'><strong>responsione</strong></span> <span class='ocrx_word' id='word_1_200' title='bbox 497 1398 589 1424; x_wconf 93' lang='lat' dir='ltr'><strong>nullus</strong></span> <span class='ocrx_word' id='word_1_201' title='bbox 605 1398 674 1424; x_wconf 80' lang='lat' dir='ltr'><strong>milii</strong></span> <span class='ocrx_word' id='word_1_202' title='bbox 691 1397 789 1430; x_wconf 81' lang='lat' dir='ltr'><strong>adfuit,</strong></span> <span class='ocrx_word' id='word_1_203' title='bbox 804 1399 849 1425; x_wconf 85' lang='lat' dir='ltr'><strong>sed</strong></span> <span class='ocrx_word' id='word_1_204' title='bbox 863 1407 958 1426; x_wconf 82' lang='lat' dir='ltr'><strong>omnes</strong></span> <span class='ocrx_word' id='word_1_205' title='bbox 974 1401 1017 1427; x_wconf 84' lang='lat' dir='ltr'><strong>me</strong></span> 
     </span>
    </p>
   </div>
   <div class='ocr_carea' id='block_1_33' title="bbox 230 1443 1018 1479">
    <p class='ocr_par' dir='ltr' id='par_1_33' title="bbox 230 1443 1018 1479">
     <span class='ocr_line' id='line_1_33' title="bbox 230 1443 1018 1479; baseline 0.003 -9"><span class='ocrx_word' id='word_1_206' title='bbox 230 1443 440 1478; x_wconf 88' lang='lat' dir='ltr'><strong>dereliquerunt</strong></span> <span class='ocrx_word' id='word_1_207' title='bbox 458 1452 465 1470; x_wconf 89' lang='lat'><strong>:</strong></span> <span class='ocrx_word' id='word_1_208' title='bbox 481 1452 534 1470; x_wconf 90' lang='lat' dir='ltr'><strong>non</strong></span> <span class='ocrx_word' id='word_1_209' title='bbox 552 1444 606 1471; x_wconf 84' lang='lat' dir='ltr'><strong>illis</strong></span> <span class='ocrx_word' id='word_1_210' title='bbox 628 1445 779 1479; x_wconf 87' lang='lat' dir='ltr'><strong>imputetur</strong></span> <span class='ocrx_word' id='word_1_211' title='bbox 800 1454 806 1471; x_wconf 88' lang='lat'><strong>:</strong></span> <span class='ocrx_word' id='word_1_212' title='bbox 821 1445 953 1472; x_wconf 86' lang='lat' dir='ltr'><strong>Dominus</strong></span> <span class='ocrx_word' id='word_1_213' title='bbox 968 1453 1018 1472; x_wconf 91' lang='lat' dir='ltr'><strong>au-</strong></span> 
     </span>
    </p>
   </div>
   <div class='ocr_carea' id='block_1_34' title="bbox 231 1489 1019 1526">
    <p class='ocr_par' dir='ltr' id='par_1_34' title="bbox 231 1489 1019 1526">
     <span class='ocr_line' id='line_1_34' title="bbox 231 1489 1019 1526; baseline 0 -9"><span class='ocrx_word' id='word_1_214' title='bbox 231 1494 285 1517; x_wconf 76' lang='lat' dir='ltr'><strong>tem</strong></span> <span class='ocrx_word' id='word_1_215' title='bbox 301 1489 390 1517; x_wconf 83' lang='lat' dir='ltr'><strong>adfuit</strong></span> <span class='ocrx_word' id='word_1_216' title='bbox 404 1490 471 1516; x_wconf 88' lang='lat' dir='ltr'><strong>mihi</strong></span> <span class='ocrx_word' id='word_1_217' title='bbox 488 1494 515 1517; x_wconf 75' lang='lat' dir='ltr'><strong>et</strong></span> <span class='ocrx_word' id='word_1_218' title='bbox 527 1489 700 1517; x_wconf 77' lang='lat' dir='ltr'><strong>confirmavit</strong></span> <span class='ocrx_word' id='word_1_219' title='bbox 716 1495 770 1523; x_wconf 85' lang='lat' dir='ltr'><strong>me,</strong></span> <span class='ocrx_word' id='word_1_220' title='bbox 787 1495 817 1517; x_wconf 90' lang='lat' dir='ltr'><strong>ut</strong></span> <span class='ocrx_word' id='word_1_221' title='bbox 830 1498 879 1525; x_wconf 77' lang='lat' dir='ltr'><strong>per</strong></span> <span class='ocrx_word' id='word_1_222' title='bbox 894 1499 936 1518; x_wconf 87' lang='lat' dir='ltr'><strong>tne</strong></span> <span class='ocrx_word' id='word_1_223' title='bbox 950 1499 1019 1526; x_wconf 72' lang='lat' dir='ltr'><strong>prte-</strong></span> 
     </span>
    </p>
   </div>
   <div class='ocr_carea' id='block_1_35' title="bbox 230 1534 1017 1572">
    <p class='ocr_par' dir='ltr' id='par_1_35' title="bbox 230 1534 1017 1572">
     <span class='ocr_line' id='line_1_35' title="bbox 230 1534 1017 1572; baseline 0.003 -10"><span class='ocrx_word' id='word_1_224' title='bbox 230 1534 332 1562; x_wconf 77' lang='lat' dir='ltr'><strong>dicatio</strong></span> <span class='ocrx_word' id='word_1_225' title='bbox 356 1535 469 1566; x_wconf 82' lang='lat' dir='ltr'><strong>certiori</strong></span> <span class='ocrx_word' id='word_1_226' title='bbox 492 1535 544 1562; x_wconf 84' lang='lat' dir='ltr'><strong>fide</strong></span> <span class='ocrx_word' id='word_1_227' title='bbox 568 1537 803 1570; x_wconf 84' lang='lat' dir='ltr'><strong>comprobaretur,</strong></span> <span class='ocrx_word' id='word_1_228' title='bbox 834 1537 1017 1572; x_wconf 80' lang='lat' dir='ltr'><strong>audirentque</strong></span> 
     </span>
    </p>
   </div>
   <div class='ocr_carea' id='block_1_36' title="bbox 230 1581 1012 1615">
    <p class='ocr_par' dir='ltr' id='par_1_36' title="bbox 230 1581 1012 1615">
     <span class='ocr_line' id='line_1_36' title="bbox 230 1581 1012 1615; baseline 0.001 -8"><span class='ocrx_word' id='word_1_229' title='bbox 230 1588 327 1608; x_wconf 64' lang='lat' dir='ltr'><strong>omnes</strong></span> <span class='ocrx_word' id='word_1_230' title='bbox 342 1585 437 1615; x_wconf 80' lang='lat' dir='ltr'><strong>gentes</strong></span> <span class='ocrx_word' id='word_1_231' title='bbox 459 1590 465 1607; x_wconf 95' lang='lat'>:</span> <span class='ocrx_word' id='word_1_232' title='bbox 481 1586 509 1608; x_wconf 84' lang='lat' dir='ltr'><strong>et</strong></span> <span class='ocrx_word' id='word_1_233' title='bbox 525 1581 656 1608; x_wconf 87' lang='lat' dir='ltr'><strong>liberatus</strong></span> <span class='ocrx_word' id='word_1_234' title='bbox 671 1589 731 1608; x_wconf 90' lang='lat' dir='ltr'><strong>sum</strong></span> <span class='ocrx_word' id='word_1_235' title='bbox 743 1582 776 1609; x_wconf 90' lang='lat' dir='ltr'><strong>de</strong></span> <span class='ocrx_word' id='word_1_236' title='bbox 798 1589 845 1609; x_wconf 88' lang='lat' dir='ltr'><strong>ore</strong></span> <span class='ocrx_word' id='word_1_237' title='bbox 870 1582 987 1614; x_wconf 78' lang='lat' dir='ltr'><strong>leonis‘,</strong></span> <span class='ocrx_word' id='word_1_238' title='bbox 1004 1592 1012 1608; x_wconf 83' lang='lat' dir='ltr'><strong>I</strong></span> 
     </span>
    </p>
   </div>
   <div class='ocr_carea' id='block_1_37' title="bbox 231 1624 1015 1660">
    <p class='ocr_par' dir='ltr' id='par_1_37' title="bbox 231 1624 1015 1660">
     <span class='ocr_line' id='line_1_37' title="bbox 231 1624 1015 1660; baseline 0.004 -9"><span class='ocrx_word' id='word_1_239' title='bbox 231 1625 285 1652; x_wconf 85' lang='lat' dir='ltr'><strong>hoc</strong></span> <span class='ocrx_word' id='word_1_240' title='bbox 298 1624 410 1651; x_wconf 88' lang='lat' dir='ltr'><strong>nomine</strong></span> <span class='ocrx_word' id='word_1_241' title='bbox 423 1625 559 1652; x_wconf 86' lang='lat' dir='ltr'><strong>Neronem</strong></span> <span class='ocrx_word' id='word_1_242' title='bbox 574 1627 741 1660; x_wconf 79' lang='lat' dir='ltr'><strong>signiﬁcatis.</strong></span> <span class='ocrx_word' id='word_1_243' title='bbox 757 1627 795 1653; x_wconf 89' lang='lat' dir='ltr'><strong>De</strong></span> <span class='ocrx_word' id='word_1_244' title='bbox 807 1627 928 1653; x_wconf 89' lang='lat' dir='ltr'><strong>secunda</strong></span> <span class='ocrx_word' id='word_1_245' title='bbox 940 1635 1015 1660; x_wconf 84' lang='lat' dir='ltr'><strong>vero,</strong></span> 
     </span>
    </p>
   </div>
   <div class='ocr_carea' id='block_1_38' title="bbox 231 1670 1018 1706">
    <p class='ocr_par' dir='ltr' id='par_1_38' title="bbox 231 1670 1018 1706">
     <span class='ocr_line' id='line_1_38' title="bbox 231 1670 1018 1706; baseline 0.004 -10"><span class='ocrx_word' id='word_1_246' title='bbox 231 1670 259 1696; x_wconf 89' lang='lat' dir='ltr'><strong>in</strong></span> <span class='ocrx_word' id='word_1_247' title='bbox 276 1678 329 1704; x_wconf 87' lang='lat' dir='ltr'><strong>qua</strong></span> <span class='ocrx_word' id='word_1_248' title='bbox 345 1674 374 1701; x_wconf 77' lang='lat' dir='ltr'><strong>et</strong></span> <span class='ocrx_word' id='word_1_249' title='bbox 389 1670 520 1706; x_wconf 89' lang='lat' dir='ltr'><strong>martyrio</strong></span> <span class='ocrx_word' id='word_1_250' title='bbox 528 1679 605 1698; x_wconf 87' lang='lat' dir='ltr'><strong>suam</strong></span> <span class='ocrx_word' id='word_1_251' title='bbox 619 1671 705 1698; x_wconf 86' lang='lat' dir='ltr'><strong>finivit</strong></span> <span class='ocrx_word' id='word_1_252' title='bbox 721 1673 815 1705; x_wconf 87' lang='lat' dir='ltr'><strong>vitam,</strong></span> <span class='ocrx_word' id='word_1_253' title='bbox 830 1673 869 1700; x_wconf 86' lang='lat' dir='ltr'><strong>ait</strong></span> <span class='ocrx_word' id='word_1_254' title='bbox 890 1683 896 1699; x_wconf 86' lang='lat'><strong>:</strong></span> <span class='ocrx_word' id='word_1_255' title='bbox 917 1682 925 1697; x_wconf 86' lang='grc'><strong>‹</strong></span> <span class='ocrx_word' id='word_1_256' title='bbox 939 1672 1018 1699; x_wconf 83' lang='lat' dir='ltr'><strong>Mitti-</strong></span> 
     </span>
    </p>
   </div>
   <div class='ocr_carea' id='block_1_39' title="bbox 231 1715 1018 1753">
    <p class='ocr_par' dir='ltr' id='par_1_39' title="bbox 231 1715 1018 1753">
     <span class='ocr_line' id='line_1_39' title="bbox 231 1715 1018 1753; baseline 0.005 -12"><span class='ocrx_word' id='word_1_257' title='bbox 231 1715 347 1742; x_wconf 75' lang='lat' dir='ltr'><strong>sterium</strong></span> <span class='ocrx_word' id='word_1_258' title='bbox 372 1719 450 1742; x_wconf 86' lang='lat' dir='ltr'><strong>tuum</strong></span> <span class='ocrx_word' id='word_1_259' title='bbox 473 1716 575 1743; x_wconf 92' lang='lat' dir='ltr'><strong>bonum</strong></span> <span class='ocrx_word' id='word_1_260' title='bbox 598 1717 701 1744; x_wconf 82' lang='lat' dir='ltr'><strong>certius</strong></span> <span class='ocrx_word' id='word_1_261' title='bbox 723 1717 851 1752; x_wconf 77' lang='lat' dir='ltr'><strong>adimple.</strong></span> <span class='ocrx_word' id='word_1_262' title='bbox 872 1719 928 1753; x_wconf 79' lang='lat' dir='ltr'><strong>Ego</strong></span> <span class='ocrx_word' id='word_1_263' title='bbox 945 1718 1018 1745; x_wconf 88' lang='lat' dir='ltr'><strong>enim</strong></span> 
     </span>
    </p>
   </div>
   <div class='ocr_carea' id='block_1_40' title="bbox 231 1760 1019 1796">
    <p class='ocr_par' dir='ltr' id='par_1_40' title="bbox 231 1760 1019 1796">
     <span class='ocr_line' id='line_1_40' title="bbox 231 1760 1019 1796; baseline 0.005 -10"><span class='ocrx_word' id='word_1_264' title='bbox 231 1760 286 1795; x_wconf 78' lang='lat' dir='ltr'><strong>jam</strong></span> <span class='ocrx_word' id='word_1_265' title='bbox 300 1760 571 1796; x_wconf 83' lang='lat' dir='ltr'><strong>delibor,ettempus</strong></span> <span class='ocrx_word' id='word_1_266' title='bbox 581 1770 647 1790; x_wconf 58' lang='lat' dir='ltr'><strong>mete</strong></span> <span class='ocrx_word' id='word_1_267' title='bbox 663 1763 853 1790; x_wconf 85' lang='lat' dir='ltr'><strong>dissolutionis</strong></span> <span class='ocrx_word' id='word_1_268' title='bbox 870 1764 1019 1791; x_wconf 66' lang='lat' dir='ltr'><strong>instamEt</strong></span> 
     </span>
    </p>
   </div>
   <div class='ocr_carea' id='block_1_41' title="bbox 232 1806 1017 1844">
    <p class='ocr_par' dir='ltr' id='par_1_41' title="bbox 232 1806 1017 1844">
     <span class='ocr_line' id='line_1_41' title="bbox 232 1806 1017 1844; baseline 0.005 -11"><span class='ocrx_word' id='word_1_269' title='bbox 232 1806 297 1840; x_wconf 82' lang='lat' dir='ltr'><strong>quia</strong></span> <span class='ocrx_word' id='word_1_270' title='bbox 311 1806 398 1834; x_wconf 88' lang='lat' dir='ltr'><strong>Lucas</strong></span> <span class='ocrx_word' id='word_1_271' title='bbox 414 1816 522 1835; x_wconf 84' lang='lat' dir='ltr'><strong>rursum</strong></span> <span class='ocrx_word' id='word_1_272' title='bbox 537 1812 598 1835; x_wconf 86' lang='lat' dir='ltr'><strong>erat</strong></span> <span class='ocrx_word' id='word_1_273' title='bbox 613 1816 674 1835; x_wconf 91' lang='lat' dir='ltr'><strong>cum</strong></span> <span class='ocrx_word' id='word_1_274' title='bbox 687 1817 731 1841; x_wconf 84' lang='lat' dir='ltr'><strong>eo,</strong></span> <span class='ocrx_word' id='word_1_275' title='bbox 742 1814 804 1844; x_wconf 88' lang='lat' dir='ltr'><strong>post</strong></span> <span class='ocrx_word' id='word_1_276' title='bbox 815 1817 900 1844; x_wconf 86' lang='lat' dir='ltr'><strong>pauca</strong></span> <span class='ocrx_word' id='word_1_277' title='bbox 914 1810 1017 1844; x_wconf 88' lang='lat' dir='ltr'><strong>episto-</strong></span> 
     </span>
    </p>
   </div>
   <div class='ocr_carea' id='block_1_42' title="bbox 231 1850 1018 1890">
    <p class='ocr_par' dir='ltr' id='par_1_42' title="bbox 231 1850 1018 1890">
     <span class='ocr_line' id='line_1_42' title="bbox 231 1850 1018 1890; baseline 0.005 -12"><span class='ocrx_word' id='word_1_278' title='bbox 231 1850 265 1879; x_wconf 60' lang='grc' dir='ltr'>ιιι</span> <span class='ocrx_word' id='word_1_279' title='bbox 285 1852 369 1879; x_wconf 86' lang='lat' dir='ltr'><strong>verba</strong></span> <span class='ocrx_word' id='word_1_280' title='bbox 392 1861 400 1879; x_wconf 90' lang='lat'><strong>:</strong></span> <span class='ocrx_word' id='word_1_281' title='bbox 419 1853 544 1881; x_wconf 72' lang='lat' dir='ltr'><strong>«Salutat</strong></span> <span class='ocrx_word' id='word_1_282' title='bbox 559 1858 595 1887; x_wconf 87' lang='lat' dir='ltr'><strong>te,</strong></span> <span class='ocrx_word' id='word_1_283' title='bbox 611 1854 710 1889; x_wconf 87' lang='lat' dir='ltr'><strong>inquit,</strong></span> <span class='ocrx_word' id='word_1_284' title='bbox 730 1855 828 1886; x_wconf 86' lang='lat' dir='ltr'><strong>Lucas,</strong></span> <span class='ocrx_word' id='word_1_285' title='bbox 851 1855 897 1890; x_wconf 85' lang='lat' dir='ltr'><strong>qui</strong></span> <span class='ocrx_word' id='word_1_286' title='bbox 912 1863 1018 1882; x_wconf 84' lang='lat' dir='ltr'><strong>mecum</strong></span> 
     </span>
    </p>
   </div>
   <div class='ocr_carea' id='block_1_43' title="bbox 232 1898 1019 1935">
    <p class='ocr_par' dir='ltr' id='par_1_43' title="bbox 232 1898 1019 1935">
     <span class='ocr_line' id='line_1_43' title="bbox 232 1898 1019 1935; baseline 0.005 -12"><span class='ocrx_word' id='word_1_287' title='bbox 232 1902 284 1924; x_wconf 86' lang='lat' dir='ltr'><strong>est.</strong></span> <span class='ocrx_word' id='word_1_288' title='bbox 301 1907 310 1923; x_wconf 84' lang='grc'><strong>›</strong></span> <span class='ocrx_word' id='word_1_289' title='bbox 328 1898 424 1926; x_wconf 84' lang='lat' dir='ltr'><strong>Totius</strong></span> <span class='ocrx_word' id='word_1_290' title='bbox 447 1898 530 1934; x_wconf 82' lang='lat' dir='ltr'><strong>igitur</strong></span> <span class='ocrx_word' id='word_1_291' title='bbox 549 1899 651 1934; x_wconf 88' lang='lat' dir='ltr'><strong>prioris</strong></span> <span class='ocrx_word' id='word_1_292' title='bbox 671 1900 875 1935; x_wconf 67' lang='lat' dir='ltr'><strong>praedicationis</strong></span> <span class='ocrx_word' id='word_1_293' title='bbox 901 1900 1019 1935; x_wconf 82' lang='lat' dir='ltr'><strong>apostoli</strong></span> 
     </span>
    </p>
   </div>
   <div class='ocr_carea' id='block_1_44' title="bbox 234 1945 1020 1980">
    <p class='ocr_par' dir='ltr' id='par_1_44' title="bbox 234 1945 1020 1980">
     <span class='ocr_line' id='line_1_44' title="bbox 234 1945 1020 1980; baseline 0.005 -11"><span class='ocrx_word' id='word_1_294' title='bbox 234 1946 341 1978; x_wconf 81' lang='lat' dir='ltr'><strong>tempus</strong></span> <span class='ocrx_word' id='word_1_295' title='bbox 364 1948 405 1972; x_wconf 86' lang='lat' dir='ltr'><strong>est</strong></span> <span class='ocrx_word' id='word_1_296' title='bbox 424 1945 506 1972; x_wconf 90' lang='lat' dir='ltr'><strong>unius</strong></span> <span class='ocrx_word' id='word_1_297' title='bbox 523 1950 551 1972; x_wconf 87' lang='lat' dir='ltr'><strong>et</strong></span> <span class='ocrx_word' id='word_1_298' title='bbox 572 1945 666 1980; x_wconf 83' lang='lat' dir='ltr'><strong>viginti</strong></span> <span class='ocrx_word' id='word_1_299' title='bbox 687 1954 821 1973; x_wconf 88' lang='lat' dir='ltr'><strong>annorum</strong></span> <span class='ocrx_word' id='word_1_300' title='bbox 838 1950 937 1980; x_wconf 61' lang='lat' dir='ltr'><strong>praeter</strong></span> <span class='ocrx_word' id='word_1_301' title='bbox 952 1946 1020 1973; x_wconf 89' lang='lat' dir='ltr'><strong>alios</strong></span> 
     </span>
    </p>
   </div>
   <div class='ocr_carea' id='block_1_45' title="bbox 231 1989 1020 2026">
    <p class='ocr_par' dir='ltr' id='par_1_45' title="bbox 231 1989 1020 2026">
     <span class='ocr_line' id='line_1_45' title="bbox 231 1989 1020 2026; baseline 0.004 -10"><span class='ocrx_word' id='word_1_302' title='bbox 231 1989 302 2016; x_wconf 88' lang='lat' dir='ltr'><strong>duos</strong></span> <span class='ocrx_word' id='word_1_303' title='bbox 320 1998 407 2017; x_wconf 90' lang='lat' dir='ltr'><strong>annos</strong></span> <span class='ocrx_word' id='word_1_304' title='bbox 428 1999 497 2025; x_wconf 88' lang='lat' dir='ltr'><strong>quos</strong></span> <span class='ocrx_word' id='word_1_305' title='bbox 508 1992 579 2026; x_wconf 85' lang='lat' dir='ltr'><strong>apud</strong></span> <span class='ocrx_word' id='word_1_306' title='bbox 592 1992 742 2019; x_wconf 84' lang='lat' dir='ltr'><strong>Caesaream</strong></span> <span class='ocrx_word' id='word_1_307' title='bbox 757 1992 783 2019; x_wconf 89' lang='lat' dir='ltr'><strong>in</strong></span> <span class='ocrx_word' id='word_1_308' title='bbox 799 2000 911 2020; x_wconf 83' lang='lat' dir='ltr'><strong>carcere</strong></span> <span class='ocrx_word' id='word_1_309' title='bbox 930 1998 1020 2020; x_wconf 87' lang='lat' dir='ltr'><strong>trans-</strong></span> 
     </span>
    </p>
   </div>
   <div class='ocr_carea' id='block_1_46' title="bbox 232 2034 1018 2072">
    <p class='ocr_par' dir='ltr' id='par_1_46' title="bbox 232 2034 1018 2072">
     <span class='ocr_line' id='line_1_46' title="bbox 232 2034 1018 2072; baseline 0.005 -12"><span class='ocrx_word' id='word_1_310' title='bbox 232 2034 298 2068; x_wconf 79' lang='lat' dir='ltr'><strong>egit.</strong></span> <span class='ocrx_word' id='word_1_311' title='bbox 311 2034 359 2061; x_wconf 84' lang='lat' dir='ltr'><strong>llis</strong></span> <span class='ocrx_word' id='word_1_312' title='bbox 371 2043 478 2062; x_wconf 88' lang='lat' dir='ltr'><strong>rursum</strong></span> <span class='ocrx_word' id='word_1_313' title='bbox 491 2036 626 2062; x_wconf 82' lang='lat' dir='ltr'><strong>addantur</strong></span> <span class='ocrx_word' id='word_1_314' title='bbox 637 2037 691 2062; x_wconf 90' lang='lat' dir='ltr'><strong>duo</strong></span> <span class='ocrx_word' id='word_1_315' title='bbox 701 2037 780 2071; x_wconf 89' lang='lat' dir='ltr'><strong>primi</strong></span> <span class='ocrx_word' id='word_1_316' title='bbox 793 2038 856 2064; x_wconf 92' lang='lat' dir='ltr'><strong>anni</strong></span> <span class='ocrx_word' id='word_1_317' title='bbox 873 2042 1018 2072; x_wconf 90' lang='lat' dir='ltr'><strong>postquam</strong></span> 
     </span>
    </p>
   </div>
   <div class='ocr_carea' id='block_1_47' title="bbox 233 2079 1019 2116">
    <p class='ocr_par' dir='ltr' id='par_1_47' title="bbox 233 2079 1019 2116">
     <span class='ocr_line' id='line_1_47' title="bbox 233 2079 1019 2116; baseline 0.006 -11"><span class='ocrx_word' id='word_1_318' title='bbox 233 2079 348 2106; x_wconf 74' lang='lat' dir='ltr'><strong>Romam</strong></span> <span class='ocrx_word' id='word_1_319' title='bbox 368 2086 541 2114; x_wconf 87' lang='lat' dir='ltr'><strong>pervenerat,</strong></span> <span class='ocrx_word' id='word_1_320' title='bbox 561 2081 711 2116; x_wconf 88' lang='lat' dir='ltr'><strong>decemque</strong></span> <span class='ocrx_word' id='word_1_321' title='bbox 727 2082 815 2109; x_wconf 89' lang='lat' dir='ltr'><strong>ultimi</strong></span> <span class='ocrx_word' id='word_1_322' title='bbox 835 2092 842 2109; x_wconf 90' lang='lat'><strong>:</strong></span> <span class='ocrx_word' id='word_1_323' title='bbox 858 2083 894 2111; x_wconf 85' lang='lat' dir='ltr'><strong>ita</strong></span> <span class='ocrx_word' id='word_1_324' title='bbox 911 2087 941 2110; x_wconf 89' lang='lat' dir='ltr'><strong>ut</strong></span> <span class='ocrx_word' id='word_1_325' title='bbox 959 2083 1019 2110; x_wconf 86' lang='lat' dir='ltr'><strong>fue-</strong></span> 
     </span>
    </p>
   </div>
   <div class='ocr_carea' id='block_1_48' title="bbox 233 2124 1017 2164">
    <p class='ocr_par' dir='ltr' id='par_1_48' title="bbox 233 2124 1017 2164">
     <span class='ocr_line' id='line_1_48' title="bbox 233 2124 1017 2164; baseline 0.008 -13"><span class='ocrx_word' id='word_1_326' title='bbox 233 2124 290 2152; x_wconf 89' lang='lat' dir='ltr'><strong>rint</strong></span> <span class='ocrx_word' id='word_1_327' title='bbox 304 2132 402 2153; x_wconf 86' lang='lat' dir='ltr'><strong>omnes</strong></span> <span class='ocrx_word' id='word_1_328' title='bbox 415 2127 479 2154; x_wconf 89' lang='lat' dir='ltr'><strong>anui</strong></span> <span class='ocrx_word' id='word_1_329' title='bbox 494 2127 529 2154; x_wconf 88' lang='lat' dir='ltr'><strong>ab</strong></span> <span class='ocrx_word' id='word_1_330' title='bbox 545 2128 605 2163; x_wconf 64' lang='lat' dir='ltr'><strong>ejus</strong></span> <span class='ocrx_word' id='word_1_331' title='bbox 618 2129 762 2156; x_wconf 78' lang='lat' dir='ltr'><strong>vocatione</strong></span> <span class='ocrx_word' id='word_1_332' title='bbox 778 2136 863 2164; x_wconf 91' lang='lat' dir='ltr'><strong>usque</strong></span> <span class='ocrx_word' id='word_1_333' title='bbox 879 2129 911 2156; x_wconf 85' lang='lat' dir='ltr'><strong>ad</strong></span> <span class='ocrx_word' id='word_1_334' title='bbox 930 2129 1017 2164; x_wconf 87' lang='lat' dir='ltr'><strong>ipsius</strong></span> 
     </span>
    </p>
   </div>
   <div class='ocr_carea' id='block_1_49' title="bbox 233 2172 623 2208">
    <p class='ocr_par' dir='ltr' id='par_1_49' title="bbox 233 2172 623 2208">
     <span class='ocr_line' id='line_1_49' title="bbox 233 2172 623 2208; baseline 0.01 -12"><span class='ocrx_word' id='word_1_335' title='bbox 233 2175 351 2198; x_wconf 86' lang='lat' dir='ltr'><strong>mortem</strong></span> <span class='ocrx_word' id='word_1_336' title='bbox 366 2172 477 2207; x_wconf 77' lang='lat' dir='ltr'><strong>triginta</strong></span> <span class='ocrx_word' id='word_1_337' title='bbox 489 2173 623 2208; x_wconf 88' lang='lat' dir='ltr'><strong>quinque.</strong></span> 
     </span>
    </p>
   </div>
   <div class='ocr_carea' id='block_1_50' title="bbox 1031 1564 1053 1593">
    <p class='ocr_par' dir='ltr' id='par_1_50' title="bbox 1031 1564 1053 1593">
     <span class='ocr_line' id='line_1_50' title="bbox 1031 1564 1053 1593; baseline 0 0"><span class='ocrx_word' id='word_1_338' title='bbox 1031 1564 1053 1593; x_wconf 87' lang='lat' dir='ltr'><strong>C</strong></span> 
     </span>
    </p>
   </div>
   <div class='ocr_carea' id='block_1_51' title="bbox 1063 255 1851 291">
    <p class='ocr_par' dir='ltr' id='par_1_51' title="bbox 1063 255 1851 291">
     <span class='ocr_line' id='line_1_51' title="bbox 1063 255 1851 291; baseline -0.003 -8"><span class='ocrx_word' id='word_1_339' title='bbox 1063 257 1127 291; x_wconf 71' lang='grc' dir='ltr'><strong>ὅλῳ.</strong></span> <span class='ocrx_word' id='word_1_340' title='bbox 1147 257 1347 287; x_wconf 68' lang='grc' dir='ltr'><strong>Καταλιπόντες</strong></span> <span class='ocrx_word' id='word_1_341' title='bbox 1360 256 1414 291; x_wconf 85' lang='grc' dir='ltr'>γὰρ</span> <span class='ocrx_word' id='word_1_342' title='bbox 1434 256 1514 282; x_wconf 74' lang='grc' dir='ltr'>αὑτὸν</span> <span class='ocrx_word' id='word_1_343' title='bbox 1529 256 1617 281; x_wconf 76' lang='grc' dir='ltr'>ἐκεῖσε</span> <span class='ocrx_word' id='word_1_344' title='bbox 1632 255 1739 285; x_wconf 80' lang='grc' dir='ltr'><strong>Λουκᾶς</strong></span> <span class='ocrx_word' id='word_1_345' title='bbox 1754 264 1785 281; x_wconf 85' lang='grc' dir='ltr'><strong>τε</strong></span> <span class='ocrx_word' id='word_1_346' title='bbox 1801 257 1851 282; x_wconf 67' lang='grc' dir='ltr'><strong>καὶ</strong></span> 
     </span>
    </p>
   </div>
   <div class='ocr_carea' id='block_1_52' title="bbox 1068 300 1848 337">
    <p class='ocr_par' dir='ltr' id='par_1_52' title="bbox 1068 300 1848 337">
     <span class='ocr_line' id='line_1_52' title="bbox 1068 300 1848 337; baseline -0.001 -9"><span class='ocrx_word' id='word_1_347' title='bbox 1068 302 1254 337; x_wconf 76' lang='grc' dir='ltr'>Ἀρίσταρχος,</span> <span class='ocrx_word' id='word_1_348' title='bbox 1279 300 1370 337; x_wconf 73' lang='grc' dir='ltr'>ἦλθον.</span> <span class='ocrx_word' id='word_1_349' title='bbox 1398 300 1527 332; x_wconf 76' lang='grc' dir='ltr'>Εὐσέϐιος</span> <span class='ocrx_word' id='word_1_350' title='bbox 1547 301 1575 328; x_wconf 76' lang='grc' dir='ltr'>δὲ</span> <span class='ocrx_word' id='word_1_351' title='bbox 1602 302 1665 332; x_wconf 80' lang='grc' dir='ltr'>τοὺς</span> <span class='ocrx_word' id='word_1_352' title='bbox 1695 302 1848 336; x_wconf 78' lang='grc' dir='ltr'>μετέπειτα</span> 
     </span>
    </p>
   </div>
   <div class='ocr_carea' id='block_1_53' title="bbox 1063 346 1852 382">
    <p class='ocr_par' dir='ltr' id='par_1_53' title="bbox 1063 346 1852 382">
     <span class='ocr_line' id='line_1_53' title="bbox 1063 346 1852 382; baseline 0 -10"><span class='ocrx_word' id='word_1_353' title='bbox 1063 348 1174 382; x_wconf 72' lang='grc' dir='ltr'>χρόνους</span> <span class='ocrx_word' id='word_1_354' title='bbox 1195 347 1317 381; x_wconf 79' lang='grc' dir='ltr'>ἀκριϐῶς</span> <span class='ocrx_word' id='word_1_355' title='bbox 1344 346 1606 381; x_wconf 81' lang='grc' dir='ltr'><strong>περιεργασάμενος,</strong></span> <span class='ocrx_word' id='word_1_356' title='bbox 1625 346 1770 382; x_wconf 79' lang='grc' dir='ltr'><strong>ἱστόρησεν</strong></span> <span class='ocrx_word' id='word_1_357' title='bbox 1783 348 1852 381; x_wconf 70' lang='grc' dir='ltr'>ἡμῖν</span> 
     </span>
    </p>
   </div>
   <div class='ocr_carea' id='block_1_54' title="bbox 1063 391 1877 429">
    <p class='ocr_par' dir='ltr' id='par_1_54' title="bbox 1063 391 1877 429">
     <span class='ocr_line' id='line_1_54' title="bbox 1063 391 1877 429; baseline 0 -11"><span class='ocrx_word' id='word_1_358' title='bbox 1063 392 1140 426; x_wconf 78' lang='grc' dir='ltr'>ἐντῷ</span> <span class='ocrx_word' id='word_1_359' title='bbox 1155 392 1272 427; x_wconf 78' lang='grc' dir='ltr'><strong>δευτέρῳ</strong></span> <span class='ocrx_word' id='word_1_360' title='bbox 1297 392 1372 426; x_wconf 79' lang='grc' dir='ltr'><strong>τόμῳ</strong></span> <span class='ocrx_word' id='word_1_361' title='bbox 1394 392 1444 426; x_wconf 82' lang='grc' dir='ltr'><strong>τῆς</strong></span> <span class='ocrx_word' id='word_1_362' title='bbox 1464 391 1709 426; x_wconf 85' lang='grc' dir='ltr'>Ἐκκλησιαστικῆς</span> <span class='ocrx_word' id='word_1_363' title='bbox 1725 392 1851 427; x_wconf 78' lang='grc' dir='ltr'>ἱστορίας</span> <span class='ocrx_word' id='word_1_364' title='bbox 1876 426 1877 429; x_wconf 18' lang='grc' dir='ltr'><strong>η</strong></span> 
     </span>
    </p>
   </div>
   <div class='ocr_carea' id='block_1_55' title="bbox 1063 437 1854 473">
    <p class='ocr_par' dir='ltr' id='par_1_55' title="bbox 1063 437 1854 473">
     <span class='ocr_line' id='line_1_55' title="bbox 1063 437 1854 473; baseline -0.001 -9"><span class='ocrx_word' id='word_1_365' title='bbox 1063 438 1157 464; x_wconf 73' lang='grc' dir='ltr'>τούτου</span> <span class='ocrx_word' id='word_1_366' title='bbox 1187 438 1234 464; x_wconf 76' lang='grc' dir='ltr'>καὶ</span> <span class='ocrx_word' id='word_1_367' title='bbox 1251 439 1282 464; x_wconf 86' lang='grc' dir='ltr'><strong>τδ</strong></span> <span class='ocrx_word' id='word_1_368' title='bbox 1306 438 1464 473; x_wconf 83' lang='grc' dir='ltr'>μαρτύριον,</span> <span class='ocrx_word' id='word_1_369' title='bbox 1487 438 1535 464; x_wconf 76' lang='grc' dir='ltr'><strong>καὶ</strong></span> <span class='ocrx_word' id='word_1_370' title='bbox 1557 438 1603 464; x_wconf 72' lang='grc' dir='ltr'>τὸν</span> <span class='ocrx_word' id='word_1_371' title='bbox 1630 437 1737 464; x_wconf 76' lang='grc' dir='ltr'>Παῦλον</span> <span class='ocrx_word' id='word_1_372' title='bbox 1754 437 1854 464; x_wconf 77' lang='grc' dir='ltr'>ἄνετον</span> 
     </span>
    </p>
   </div>
   <div class='ocr_carea' id='block_1_56' title="bbox 1064 483 1854 518">
    <p class='ocr_par' dir='ltr' id='par_1_56' title="bbox 1064 483 1854 518">
     <span class='ocr_line' id='line_1_56' title="bbox 1064 483 1854 518; baseline -0.001 -8"><span class='ocrx_word' id='word_1_373' title='bbox 1064 484 1218 518; x_wconf 68' lang='grc' dir='ltr'>διατρῖψαι,</span> <span class='ocrx_word' id='word_1_374' title='bbox 1235 484 1283 510; x_wconf 82' lang='grc' dir='ltr'>καὶ</span> <span class='ocrx_word' id='word_1_375' title='bbox 1299 484 1345 510; x_wconf 76' lang='grc' dir='ltr'><strong>τὸν</strong></span> <span class='ocrx_word' id='word_1_376' title='bbox 1360 483 1406 510; x_wconf 81' lang='grc' dir='ltr'>τοῦ</span> <span class='ocrx_word' id='word_1_377' title='bbox 1418 483 1485 510; x_wconf 77' lang='grc' dir='ltr'>Θεοῦ</span> <span class='ocrx_word' id='word_1_378' title='bbox 1502 484 1580 516; x_wconf 86' lang='grc' dir='ltr'>λόγον</span> <span class='ocrx_word' id='word_1_379' title='bbox 1599 483 1748 514; x_wconf 76' lang='grc' dir='ltr'><strong>ἀκωλύτως</strong></span> <span class='ocrx_word' id='word_1_380' title='bbox 1764 484 1854 518; x_wconf 73' lang='grc' dir='ltr'>κηρύ-</span> 
     </span>
    </p>
   </div>
   <div class='ocr_carea' id='block_1_57' title="bbox 1065 527 1854 565">
    <p class='ocr_par' dir='ltr' id='par_1_57' title="bbox 1065 527 1854 565">
     <span class='ocr_line' id='line_1_57' title="bbox 1065 527 1854 565; baseline -0.001 -9"><span class='ocrx_word' id='word_1_381' title='bbox 1065 530 1108 562; x_wconf 78' lang='grc' dir='ltr'>ξαι</span> <span class='ocrx_word' id='word_1_382' title='bbox 1136 531 1385 565; x_wconf 74' lang='grc' dir='ltr'>ἐπισημηνάμενος.</span> <span class='ocrx_word' id='word_1_383' title='bbox 1413 530 1481 556; x_wconf 83' lang='grc' dir='ltr'>Τότε</span> <span class='ocrx_word' id='word_1_384' title='bbox 1509 530 1558 565; x_wconf 84' lang='grc' dir='ltr'><strong>μὲν</strong></span> <span class='ocrx_word' id='word_1_385' title='bbox 1580 527 1626 556; x_wconf 71' lang='grc' dir='ltr'>οὖν</span> <span class='ocrx_word' id='word_1_386' title='bbox 1653 530 1699 556; x_wconf 77' lang='grc' dir='ltr'><strong>ἐπὶ</strong></span> <span class='ocrx_word' id='word_1_387' title='bbox 1724 530 1854 564; x_wconf 68' lang='grc' dir='ltr'>Νέρωνος</span> 
     </span>
    </p>
   </div>
   <div class='ocr_carea' id='block_1_58' title="bbox 1065 575 1855 612">
    <p class='ocr_par' dir='ltr' id='par_1_58' title="bbox 1065 575 1855 612">
     <span class='ocr_line' id='line_1_58' title="bbox 1065 575 1855 612; baseline -0.003 -9"><span class='ocrx_word' id='word_1_388' title='bbox 1065 577 1305 612; x_wconf 76' lang='grc' dir='ltr'>ἀπολογησάμενον</span> <span class='ocrx_word' id='word_1_389' title='bbox 1316 576 1361 602; x_wconf 80' lang='grc' dir='ltr'><strong>τὸν</strong></span> <span class='ocrx_word' id='word_1_390' title='bbox 1378 576 1494 608; x_wconf 76' lang='grc' dir='ltr'>Παῦλον,</span> <span class='ocrx_word' id='word_1_391' title='bbox 1508 575 1585 607; x_wconf 84' lang='grc' dir='ltr'>αὖθις</span> <span class='ocrx_word' id='word_1_392' title='bbox 1607 576 1654 602; x_wconf 77' lang='grc' dir='ltr'><strong>ἐπὶ</strong></span> <span class='ocrx_word' id='word_1_393' title='bbox 1665 576 1715 608; x_wconf 84' lang='grc' dir='ltr'><strong>τὴν</strong></span> <span class='ocrx_word' id='word_1_394' title='bbox 1732 576 1779 602; x_wconf 74' lang='grc' dir='ltr'>τοῦ</span> <span class='ocrx_word' id='word_1_395' title='bbox 1804 584 1855 608; x_wconf 78' lang='grc' dir='ltr'>κη-</span> 
     </span>
    </p>
   </div>
   <div class='ocr_carea' id='block_1_59' title="bbox 1068 621 1854 658">
    <p class='ocr_par' dir='ltr' id='par_1_59' title="bbox 1068 621 1854 658">
     <span class='ocr_line' id='line_1_59' title="bbox 1068 621 1854 658; baseline -0.001 -10"><span class='ocrx_word' id='word_1_396' title='bbox 1068 623 1206 658; x_wconf 83' lang='grc' dir='ltr'>ρύγματος</span> <span class='ocrx_word' id='word_1_397' title='bbox 1222 622 1360 649; x_wconf 83' lang='grc' dir='ltr'>διακονίαν</span> <span class='ocrx_word' id='word_1_398' title='bbox 1374 622 1452 656; x_wconf 82' lang='grc' dir='ltr'><strong>λόγος</strong></span> <span class='ocrx_word' id='word_1_399' title='bbox 1470 622 1526 656; x_wconf 74' lang='grc' dir='ltr'>ἔχει</span> <span class='ocrx_word' id='word_1_400' title='bbox 1543 621 1699 648; x_wconf 75' lang='grc' dir='ltr'>στείλασθαι</span> <span class='ocrx_word' id='word_1_401' title='bbox 1715 622 1770 648; x_wconf 77' lang='grc' dir='ltr'><strong>ὑπὸ</strong></span> <span class='ocrx_word' id='word_1_402' title='bbox 1786 622 1854 647; x_wconf 80' lang='grc' dir='ltr'>Καί-</span> 
     </span>
    </p>
   </div>
   <div class='ocr_carea' id='block_1_60' title="bbox 1067 667 1855 705">
    <p class='ocr_par' dir='ltr' id='par_1_60' title="bbox 1067 667 1855 705">
     <span class='ocr_line' id='line_1_60' title="bbox 1067 667 1855 705; baseline -0.005 -9"><span class='ocrx_word' id='word_1_403' title='bbox 1067 677 1150 705; x_wconf 77' lang='grc' dir='ltr'>σαρος</span> <span class='ocrx_word' id='word_1_404' title='bbox 1162 668 1341 701; x_wconf 85' lang='grc' dir='ltr'>ἁπολυθέντα,</span> <span class='ocrx_word' id='word_1_405' title='bbox 1359 667 1588 702; x_wconf 81' lang='grc' dir='ltr'>εὐαγγελίσασθαι</span> <span class='ocrx_word' id='word_1_406' title='bbox 1607 668 1648 701; x_wconf 71' lang='grc' dir='ltr'><strong>ἐφ’</strong></span> <span class='ocrx_word' id='word_1_407' title='bbox 1669 667 1773 702; x_wconf 75' lang='grc' dir='ltr'>ἑτέροις</span> <span class='ocrx_word' id='word_1_408' title='bbox 1788 667 1855 693; x_wconf 81' lang='grc' dir='ltr'>δέκα</span> 
     </span>
    </p>
   </div>
   <div class='ocr_carea' id='block_1_61' title="bbox 1066 712 1853 748">
    <p class='ocr_par' dir='ltr' id='par_1_61' title="bbox 1066 712 1853 748">
     <span class='ocr_line' id='line_1_61' title="bbox 1066 712 1853 748; baseline -0.005 -7"><span class='ocrx_word' id='word_1_409' title='bbox 1066 716 1164 741; x_wconf 78' lang='grc' dir='ltr'>ἔτεσιν.</span> <span class='ocrx_word' id='word_1_410' title='bbox 1192 714 1239 745; x_wconf 88' lang='grc' dir='ltr'><strong>Εἰς</strong></span> <span class='ocrx_word' id='word_1_411' title='bbox 1258 713 1342 748; x_wconf 78' lang='grc' dir='ltr'>ἄκρον</span> <span class='ocrx_word' id='word_1_412' title='bbox 1364 714 1392 740; x_wconf 79' lang='grc' dir='ltr'><strong>δὲ</strong></span> <span class='ocrx_word' id='word_1_413' title='bbox 1417 713 1514 748; x_wconf 80' lang='grc' dir='ltr'>μανίας</span> <span class='ocrx_word' id='word_1_414' title='bbox 1532 713 1545 738; x_wconf 84' lang='lat'><strong>6</strong></span> <span class='ocrx_word' id='word_1_415' title='bbox 1561 712 1655 748; x_wconf 83' lang='grc' dir='ltr'>Νέρων</span> <span class='ocrx_word' id='word_1_416' title='bbox 1674 713 1853 746; x_wconf 69' lang='grc' dir='ltr'><strong>ἀφικόμενος,</strong></span> 
     </span>
    </p>
   </div>
   <div class='ocr_carea' id='block_1_62' title="bbox 1067 757 1856 793">
    <p class='ocr_par' dir='ltr' id='par_1_62' title="bbox 1067 757 1856 793">
     <span class='ocr_line' id='line_1_62' title="bbox 1067 757 1856 793; baseline -0.004 -8"><span class='ocrx_word' id='word_1_417' title='bbox 1067 760 1155 785; x_wconf 82' lang='grc' dir='ltr'>ἀνεῖλε</span> <span class='ocrx_word' id='word_1_418' title='bbox 1171 758 1220 793; x_wconf 83' lang='grc' dir='ltr'><strong>μὲν</strong></span> <span class='ocrx_word' id='word_1_419' title='bbox 1237 757 1419 793; x_wconf 75' lang='grc' dir='ltr'>Ἀγριπτιίναν</span> <span class='ocrx_word' id='word_1_420' title='bbox 1441 757 1537 793; x_wconf 78' lang='grc' dir='ltr'>πρῶτα</span> <span class='ocrx_word' id='word_1_421' title='bbox 1562 757 1612 792; x_wconf 87' lang='grc' dir='ltr'><strong>τὴν</strong></span> <span class='ocrx_word' id='word_1_422' title='bbox 1638 757 1706 783; x_wconf 80' lang='grc' dir='ltr'>ἰδίαν</span> <span class='ocrx_word' id='word_1_423' title='bbox 1735 757 1856 791; x_wconf 83' lang='grc' dir='ltr'>μητέρα,</span> 
     </span>
    </p>
   </div>
   <div class='ocr_carea' id='block_1_63' title="bbox 1068 802 1855 838">
    <p class='ocr_par' dir='ltr' id='par_1_63' title="bbox 1068 802 1855 838">
     <span class='ocr_line' id='line_1_63' title="bbox 1068 802 1855 838; baseline -0.004 -7"><span class='ocrx_word' id='word_1_424' title='bbox 1068 805 1110 831; x_wconf 79' lang='grc' dir='ltr'>ἐτι</span> <span class='ocrx_word' id='word_1_425' title='bbox 1125 805 1152 831; x_wconf 81' lang='grc' dir='ltr'>δὲ</span> <span class='ocrx_word' id='word_1_426' title='bbox 1167 804 1215 830; x_wconf 70' lang='grc' dir='ltr'><strong>καὶ</strong></span> <span class='ocrx_word' id='word_1_427' title='bbox 1231 805 1280 838; x_wconf 78' lang='grc' dir='ltr'>τὴν</span> <span class='ocrx_word' id='word_1_428' title='bbox 1292 803 1410 837; x_wconf 71' lang='grc' dir='ltr'>ἀδελφὴν</span> <span class='ocrx_word' id='word_1_429' title='bbox 1433 802 1480 829; x_wconf 78' lang='grc' dir='ltr'><strong>τοῦ</strong></span> <span class='ocrx_word' id='word_1_430' title='bbox 1506 802 1608 837; x_wconf 77' lang='grc' dir='ltr'>πατρὸς</span> <span class='ocrx_word' id='word_1_431' title='bbox 1618 823 1626 834; x_wconf 88' lang='grc'><strong>,</strong></span> <span class='ocrx_word' id='word_1_432' title='bbox 1642 803 1689 829; x_wconf 69' lang='grc' dir='ltr'><strong>καὶ</strong></span> <span class='ocrx_word' id='word_1_433' title='bbox 1702 802 1855 829; x_wconf 70' lang='grc' dir='ltr'>Ὀκταυῖαν</span> 
     </span>
    </p>
   </div>
   <div class='ocr_carea' id='block_1_64' title="bbox 1068 847 1856 886">
    <p class='ocr_par' dir='ltr' id='par_1_64' title="bbox 1068 847 1856 886">
     <span class='ocr_line' id='line_1_64' title="bbox 1068 847 1856 886; baseline -0.006 -9"><span class='ocrx_word' id='word_1_434' title='bbox 1068 851 1118 886; x_wconf 71' lang='grc' dir='ltr'><strong>τὴν</strong></span> <span class='ocrx_word' id='word_1_435' title='bbox 1133 850 1230 876; x_wconf 71' lang='grc' dir='ltr'>ἑαυτοῦ</span> <span class='ocrx_word' id='word_1_436' title='bbox 1246 850 1372 883; x_wconf 84' lang='grc' dir='ltr'>γυναῖκα,</span> <span class='ocrx_word' id='word_1_437' title='bbox 1389 849 1436 875; x_wconf 82' lang='grc' dir='ltr'><strong>καὶ</strong></span> <span class='ocrx_word' id='word_1_438' title='bbox 1462 849 1559 880; x_wconf 78' lang='grc' dir='ltr'>ἄλλους</span> <span class='ocrx_word' id='word_1_439' title='bbox 1583 848 1696 883; x_wconf 79' lang='grc' dir='ltr'>μυρίους</span> <span class='ocrx_word' id='word_1_440' title='bbox 1720 847 1760 882; x_wconf 83' lang='grc' dir='ltr'><strong>τῷ</strong></span> <span class='ocrx_word' id='word_1_441' title='bbox 1783 847 1856 880; x_wconf 81' lang='grc' dir='ltr'>γένει</span> 
     </span>
    </p>
   </div>
   <div class='ocr_carea' id='block_1_65' title="bbox 1308 893 1856 927">
    <p class='ocr_par' dir='ltr' id='par_1_65' title="bbox 1308 893 1856 927">
     <span class='ocr_line' id='line_1_65' title="bbox 1308 893 1856 927; baseline -0.004 -7"><span class='ocrx_word' id='word_1_442' title='bbox 1308 895 1463 921; x_wconf 84' lang='grc' dir='ltr'>Μετέπειτα</span> <span class='ocrx_word' id='word_1_443' title='bbox 1495 894 1522 920; x_wconf 78' lang='grc' dir='ltr'>δὲ</span> <span class='ocrx_word' id='word_1_444' title='bbox 1564 893 1708 920; x_wconf 73' lang='grc' dir='ltr'>καθολικὸν</span> <span class='ocrx_word' id='word_1_445' title='bbox 1745 893 1856 927; x_wconf 74' lang='grc' dir='ltr'>ἐκίνησε</span> 
     </span>
    </p>
   </div>
   <div class='ocr_carea' id='block_1_66' title="bbox 1070 936 1856 976">
    <p class='ocr_par' dir='ltr' id='par_1_66' title="bbox 1070 936 1856 976">
     <span class='ocr_line' id='line_1_66' title="bbox 1070 936 1856 976; baseline -0.005 -8"><span class='ocrx_word' id='word_1_446' title='bbox 1070 936 1188 976; x_wconf 82' lang='grc' dir='ltr'>διωγμὸν</span> <span class='ocrx_word' id='word_1_447' title='bbox 1211 940 1281 967; x_wconf 79' lang='grc' dir='ltr'>κατὰ</span> <span class='ocrx_word' id='word_1_448' title='bbox 1303 941 1357 966; x_wconf 84' lang='grc' dir='ltr'><strong>τῶν</strong></span> <span class='ocrx_word' id='word_1_449' title='bbox 1370 939 1561 975; x_wconf 73' lang='grc' dir='ltr'>Χριστιανῶν,</span> <span class='ocrx_word' id='word_1_450' title='bbox 1575 940 1622 966; x_wconf 73' lang='grc' dir='ltr'>καὶ</span> <span class='ocrx_word' id='word_1_451' title='bbox 1637 939 1725 970; x_wconf 79' lang='grc' dir='ltr'>οὕτως</span> <span class='ocrx_word' id='word_1_452' title='bbox 1745 940 1792 965; x_wconf 76' lang='grc' dir='ltr'>ἐπὶ</span> <span class='ocrx_word' id='word_1_453' title='bbox 1811 939 1856 969; x_wconf 69' lang='grc' dir='ltr'>τὰς</span> 
     </span>
    </p>
   </div>
   <div class='ocr_carea' id='block_1_67' title="bbox 1069 984 1857 1021">
    <p class='ocr_par' dir='ltr' id='par_1_67' title="bbox 1069 984 1857 1021">
     <span class='ocr_line' id='line_1_67' title="bbox 1069 984 1857 1021; baseline -0.005 -7"><span class='ocrx_word' id='word_1_454' title='bbox 1069 987 1123 1014; x_wconf 87' lang='grc' dir='ltr'><strong>τῶν</strong></span> <span class='ocrx_word' id='word_1_455' title='bbox 1134 986 1290 1013; x_wconf 77' lang='grc' dir='ltr'>ἀποστόλων</span> <span class='ocrx_word' id='word_1_456' title='bbox 1306 984 1372 1021; x_wconf 78' lang='grc' dir='ltr'>ἦλθε</span> <span class='ocrx_word' id='word_1_457' title='bbox 1393 986 1512 1020; x_wconf 83' lang='grc' dir='ltr'>σφαγάς.</span> <span class='ocrx_word' id='word_1_458' title='bbox 1528 984 1786 1018; x_wconf 78' lang='grc' dir='ltr'>Μεταστειλάμενος</span> <span class='ocrx_word' id='word_1_459' title='bbox 1804 984 1857 1019; x_wconf 76' lang='grc' dir='ltr'>γὰρ</span> 
     </span>
    </p>
   </div>
   <div class='ocr_carea' id='block_1_68' title="bbox 1068 1025 1877 1066">
    <p class='ocr_par' dir='ltr' id='par_1_68' title="bbox 1068 1025 1877 1066">
     <span class='ocr_line' id='line_1_68' title="bbox 1068 1025 1877 1066; baseline -0.005 -7"><span class='ocrx_word' id='word_1_460' title='bbox 1068 1032 1113 1059; x_wconf 77' lang='grc' dir='ltr'><strong>τὸν</strong></span> <span class='ocrx_word' id='word_1_461' title='bbox 1129 1031 1233 1060; x_wconf 80' lang='grc' dir='ltr'>Παῦλον</span> <span class='ocrx_word' id='word_1_462' title='bbox 1261 1031 1340 1063; x_wconf 77' lang='grc' dir='ltr'>αὖθις</span> <span class='ocrx_word' id='word_1_463' title='bbox 1366 1031 1406 1066; x_wconf 84' lang='grc' dir='ltr'>τῷ</span> <span class='ocrx_word' id='word_1_464' title='bbox 1422 1032 1523 1066; x_wconf 81' lang='grc' dir='ltr'>βήματι</span> <span class='ocrx_word' id='word_1_465' title='bbox 1547 1025 1678 1066; x_wconf 78' lang='grc' dir='ltr'>παριστᾷ.</span> <span class='ocrx_word' id='word_1_466' title='bbox 1693 1030 1815 1065; x_wconf 67' lang='grc' dir='ltr'>Συνῆλθε</span> <span class='ocrx_word' id='word_1_467' title='bbox 1828 1031 1855 1056; x_wconf 72' lang='grc' dir='ltr'><strong>δὲ</strong></span> <span class='ocrx_word' id='word_1_468' title='bbox 1873 1025 1877 1033; x_wconf 70' lang='grc'>’</span> 
     </span>
    </p>
   </div>
   <div class='ocr_carea' id='block_1_69' title="bbox 1070 1075 1857 1112">
    <p class='ocr_par' dir='ltr' id='par_1_69' title="bbox 1070 1075 1857 1112">
     <span class='ocr_line' id='line_1_69' title="bbox 1070 1075 1857 1112; baseline -0.005 -7"><span class='ocrx_word' id='word_1_469' title='bbox 1070 1078 1149 1105; x_wconf 76' lang='grc' dir='ltr'>πάλιν</span> <span class='ocrx_word' id='word_1_470' title='bbox 1161 1079 1175 1104; x_wconf 97' lang='lat'><strong>6</strong></span> <span class='ocrx_word' id='word_1_471' title='bbox 1189 1078 1296 1109; x_wconf 82' lang='grc' dir='ltr'>Λουκᾶς</span> <span class='ocrx_word' id='word_1_472' title='bbox 1314 1076 1400 1112; x_wconf 79' lang='grc' dir='ltr'><strong>αὺτῷ-</strong></span> <span class='ocrx_word' id='word_1_473' title='bbox 1416 1077 1502 1103; x_wconf 81' lang='grc' dir='ltr'>Ἔνθα</span> <span class='ocrx_word' id='word_1_474' title='bbox 1514 1077 1545 1112; x_wconf 81' lang='grc' dir='ltr'>δὴ</span> <span class='ocrx_word' id='word_1_475' title='bbox 1560 1076 1657 1110; x_wconf 74' lang='grc' dir='ltr'>συνέϐη</span> <span class='ocrx_word' id='word_1_476' title='bbox 1674 1076 1720 1102; x_wconf 74' lang='grc' dir='ltr'>τὸν</span> <span class='ocrx_word' id='word_1_477' title='bbox 1740 1075 1857 1107; x_wconf 72' lang='grc' dir='ltr'>Παῦλον,</span> 
     </span>
    </p>
   </div>
   <div class='ocr_carea' id='block_1_70' title="bbox 1068 1121 1855 1159">
    <p class='ocr_par' dir='ltr' id='par_1_70' title="bbox 1068 1121 1855 1159">
     <span class='ocr_line' id='line_1_70' title="bbox 1068 1121 1855 1159; baseline -0.006 -9"><span class='ocrx_word' id='word_1_478' title='bbox 1068 1123 1222 1159; x_wconf 77' lang='grc' dir='ltr'>τριακοστῷ</span> <span class='ocrx_word' id='word_1_479' title='bbox 1247 1123 1318 1157; x_wconf 76' lang='grc' dir='ltr'>ἕκτῳ</span> <span class='ocrx_word' id='word_1_480' title='bbox 1347 1122 1401 1148; x_wconf 75' lang='grc' dir='ltr'>ἔτει</span> <span class='ocrx_word' id='word_1_481' title='bbox 1429 1122 1475 1148; x_wconf 85' lang='grc' dir='ltr'>τοῦ</span> <span class='ocrx_word' id='word_1_482' title='bbox 1494 1122 1629 1156; x_wconf 78' lang='grc' dir='ltr'>σωτηρίου</span> <span class='ocrx_word' id='word_1_483' title='bbox 1648 1121 1762 1152; x_wconf 79' lang='grc' dir='ltr'>πάθους,</span> <span class='ocrx_word' id='word_1_484' title='bbox 1780 1129 1855 1155; x_wconf 68' lang='grc' dir='ltr'>τριδ-</span> 
     </span>
    </p>
   </div>
   <div class='ocr_carea' id='block_1_71' title="bbox 1071 1167 1855 1204">
    <p class='ocr_par' dir='ltr' id='par_1_71' title="bbox 1071 1167 1855 1204">
     <span class='ocr_line' id='line_1_71' title="bbox 1071 1167 1855 1204; baseline -0.005 -8"><span class='ocrx_word' id='word_1_485' title='bbox 1071 1170 1224 1204; x_wconf 82' lang='grc' dir='ltr'>καιδεκάτῳ</span> <span class='ocrx_word' id='word_1_486' title='bbox 1240 1170 1268 1196; x_wconf 83' lang='grc' dir='ltr'>δὲ</span> <span class='ocrx_word' id='word_1_487' title='bbox 1284 1169 1411 1204; x_wconf 83' lang='grc' dir='ltr'>Νέρωνος</span> <span class='ocrx_word' id='word_1_488' title='bbox 1439 1167 1632 1203; x_wconf 78' lang='grc' dir='ltr'>μαρτυρῆσαι,</span> <span class='ocrx_word' id='word_1_489' title='bbox 1658 1167 1729 1201; x_wconf 63' lang='grc' dir='ltr'>ξίφει</span> <span class='ocrx_word' id='word_1_490' title='bbox 1745 1168 1796 1201; x_wconf 77' lang='grc' dir='ltr'>τὴν</span> <span class='ocrx_word' id='word_1_491' title='bbox 1813 1175 1855 1192; x_wconf 83' lang='grc' dir='ltr'>κε-</span> 
     </span>
    </p>
   </div>
   <div class='ocr_carea' id='block_1_72' title="bbox 1069 1212 1851 1249">
    <p class='ocr_par' dir='ltr' id='par_1_72' title="bbox 1069 1212 1851 1249">
     <span class='ocr_line' id='line_1_72' title="bbox 1069 1212 1851 1249; baseline -0.004 -9"><span class='ocrx_word' id='word_1_492' title='bbox 1069 1214 1156 1249; x_wconf 80' lang='grc' dir='ltr'>φαλὴν</span> <span class='ocrx_word' id='word_1_493' title='bbox 1180 1214 1386 1249; x_wconf 82' lang='grc' dir='ltr'>ὰποτμηθέντα,</span> <span class='ocrx_word' id='word_1_494' title='bbox 1403 1213 1481 1239; x_wconf 84' lang='grc' dir='ltr'>Ἐστι</span> <span class='ocrx_word' id='word_1_495' title='bbox 1496 1213 1585 1239; x_wconf 81' lang='grc' dir='ltr'>τοίνυν</span> <span class='ocrx_word' id='word_1_496' title='bbox 1611 1212 1665 1238; x_wconf 71' lang='grc' dir='ltr'><strong>ἀπὸ</strong></span> <span class='ocrx_word' id='word_1_497' title='bbox 1687 1212 1734 1238; x_wconf 75' lang='grc' dir='ltr'>τοῦ</span> <span class='ocrx_word' id='word_1_498' title='bbox 1757 1214 1851 1238; x_wconf 73' lang='grc' dir='ltr'>ἐννεα-</span> 
     </span>
    </p>
   </div>
   <div class='ocr_carea' id='block_1_73' title="bbox 1068 1255 1856 1293">
    <p class='ocr_par' dir='ltr' id='par_1_73' title="bbox 1068 1255 1856 1293">
     <span class='ocr_line' id='line_1_73' title="bbox 1068 1255 1856 1293; baseline -0.003 -7"><span class='ocrx_word' id='word_1_499' title='bbox 1068 1260 1228 1286; x_wconf 79' lang='grc' dir='ltr'>καιδεκάτου</span> <span class='ocrx_word' id='word_1_500' title='bbox 1246 1260 1323 1291; x_wconf 77' lang='grc' dir='ltr'>ἔτους</span> <span class='ocrx_word' id='word_1_501' title='bbox 1348 1259 1474 1293; x_wconf 74' lang='grc' dir='ltr'>Τιϐερίου</span> <span class='ocrx_word' id='word_1_502' title='bbox 1491 1259 1647 1293; x_wconf 81' lang='grc' dir='ltr'>Καίσαρος,</span> <span class='ocrx_word' id='word_1_503' title='bbox 1662 1258 1691 1290; x_wconf 75' lang='grc' dir='ltr'><strong>ἐξ</strong></span> <span class='ocrx_word' id='word_1_504' title='bbox 1707 1255 1738 1285; x_wconf 70' lang='grc' dir='ltr'><strong>οὗ</strong></span> <span class='ocrx_word' id='word_1_505' title='bbox 1754 1259 1856 1293; x_wconf 69' lang='grc' dir='ltr'>κηρύσ-</span> 
     </span>
    </p>
   </div>
   <div class='ocr_carea' id='block_1_74' title="bbox 1069 1304 1877 1340">
    <p class='ocr_par' dir='ltr' id='par_1_74' title="bbox 1069 1304 1877 1340">
     <span class='ocr_line' id='line_1_74' title="bbox 1069 1304 1877 1340; baseline -0.004 -9"><span class='ocrx_word' id='word_1_506' title='bbox 1069 1313 1127 1332; x_wconf 89' lang='grc' dir='ltr'>σειν</span> <span class='ocrx_word' id='word_1_507' title='bbox 1139 1305 1168 1331; x_wconf 85' lang='grc' dir='ltr'>τὺ</span> <span class='ocrx_word' id='word_1_508' title='bbox 1183 1305 1468 1340; x_wconf 74' lang='grc' dir='ltr'>Εὐαγγέλιονῆρξατο,</span> <span class='ocrx_word' id='word_1_509' title='bbox 1486 1305 1538 1335; x_wconf 84' lang='grc' dir='ltr'>’έως</span> <span class='ocrx_word' id='word_1_510' title='bbox 1550 1304 1597 1330; x_wconf 76' lang='grc' dir='ltr'>τοῦ</span> <span class='ocrx_word' id='word_1_511' title='bbox 1619 1304 1744 1330; x_wconf 68' lang='grc' dir='ltr'>εἰκοστοῦ</span> <span class='ocrx_word' id='word_1_512' title='bbox 1761 1304 1855 1329; x_wconf 73' lang='grc' dir='ltr'>δευτέ-</span> <span class='ocrx_word' id='word_1_513' title='bbox 1876 1329 1877 1334; x_wconf 33' lang='grc' dir='ltr'><strong>η</strong></span> 
     </span>
    </p>
   </div>
   <div class='ocr_carea' id='block_1_75' title="bbox 1071 1350 1855 1386">
    <p class='ocr_par' dir='ltr' id='par_1_75' title="bbox 1071 1350 1855 1386">
     <span class='ocr_line' id='line_1_75' title="bbox 1071 1350 1855 1386; baseline -0.003 -9"><span class='ocrx_word' id='word_1_514' title='bbox 1071 1360 1116 1386; x_wconf 80' lang='grc' dir='ltr'>ρου</span> <span class='ocrx_word' id='word_1_515' title='bbox 1134 1351 1220 1383; x_wconf 73' lang='grc' dir='ltr'>ἔτους,</span> <span class='ocrx_word' id='word_1_516' title='bbox 1239 1351 1287 1386; x_wconf 78' lang='grc' dir='ltr'>ἔτη</span> <span class='ocrx_word' id='word_1_517' title='bbox 1300 1352 1437 1386; x_wconf 81' lang='grc' dir='ltr'>τέσσαρα·</span> <span class='ocrx_word' id='word_1_518' title='bbox 1460 1351 1506 1377; x_wconf 75' lang='grc' dir='ltr'><strong>καὶ</strong></span> <span class='ocrx_word' id='word_1_519' title='bbox 1521 1351 1555 1376; x_wconf 80' lang='grc' dir='ltr'>τὰ</span> <span class='ocrx_word' id='word_1_520' title='bbox 1572 1351 1654 1377; x_wconf 77' lang='grc' dir='ltr'>Γαΐου</span> <span class='ocrx_word' id='word_1_521' title='bbox 1671 1350 1698 1376; x_wconf 79' lang='grc' dir='ltr'><strong>δὲ</strong></span> <span class='ocrx_word' id='word_1_522' title='bbox 1714 1350 1855 1380; x_wconf 75' lang='grc' dir='ltr'>ὡσαύτως,</span> 
     </span>
    </p>
   </div>
   <div class='ocr_carea' id='block_1_76' title="bbox 1070 1395 1856 1432">
    <p class='ocr_par' dir='ltr' id='par_1_76' title="bbox 1070 1395 1856 1432">
     <span class='ocr_line' id='line_1_76' title="bbox 1070 1395 1856 1432; baseline -0.003 -10"><span class='ocrx_word' id='word_1_523' title='bbox 1070 1396 1117 1431; x_wconf 81' lang='grc' dir='ltr'>ἔτη</span> <span class='ocrx_word' id='word_1_524' title='bbox 1137 1397 1267 1432; x_wconf 83' lang='grc' dir='ltr'>τέσσαρα.</span> <span class='ocrx_word' id='word_1_525' title='bbox 1284 1395 1366 1429; x_wconf 75' lang='grc' dir='ltr'>Αὖθις</span> <span class='ocrx_word' id='word_1_526' title='bbox 1382 1398 1409 1423; x_wconf 83' lang='grc' dir='ltr'>δὲ</span> <span class='ocrx_word' id='word_1_527' title='bbox 1424 1397 1470 1423; x_wconf 79' lang='grc' dir='ltr'>καὶ</span> <span class='ocrx_word' id='word_1_528' title='bbox 1487 1396 1520 1423; x_wconf 72' lang='grc' dir='ltr'>τὰ</span> <span class='ocrx_word' id='word_1_529' title='bbox 1536 1397 1669 1423; x_wconf 70' lang='grc' dir='ltr'>Κλαυδίου</span> <span class='ocrx_word' id='word_1_530' title='bbox 1686 1396 1746 1430; x_wconf 71' lang='grc' dir='ltr'>ἔτη,</span> <span class='ocrx_word' id='word_1_531' title='bbox 1760 1396 1856 1430; x_wconf 67' lang='grc' dir='ltr'>μικρὺν</span> 
     </span>
    </p>
   </div>
   <div class='ocr_carea' id='block_1_77' title="bbox 1069 1443 1853 1478">
    <p class='ocr_par' dir='ltr' id='par_1_77' title="bbox 1069 1443 1853 1478">
     <span class='ocr_line' id='line_1_77' title="bbox 1069 1443 1853 1478; baseline -0.003 -9"><span class='ocrx_word' id='word_1_532' title='bbox 1069 1443 1189 1474; x_wconf 74' lang='grc' dir='ltr'>ἐλάττω,</span> <span class='ocrx_word' id='word_1_533' title='bbox 1217 1444 1413 1478; x_wconf 77' lang='grc' dir='ltr'>δεκατέσσαρα.</span> <span class='ocrx_word' id='word_1_534' title='bbox 1445 1444 1494 1470; x_wconf 86' lang='grc' dir='ltr'>Ὃν</span> <span class='ocrx_word' id='word_1_535' title='bbox 1529 1443 1719 1477; x_wconf 71' lang='grc' dir='ltr'>διαδεξάμενος</span> <span class='ocrx_word' id='word_1_536' title='bbox 1750 1443 1853 1476; x_wconf 77' lang='grc' dir='ltr'>Νέρων,</span> 
     </span>
    </p>
   </div>
   <div class='ocr_carea' id='block_1_78' title="bbox 1068 1487 1855 1523">
    <p class='ocr_par' dir='ltr' id='par_1_78' title="bbox 1068 1487 1855 1523">
     <span class='ocr_line' id='line_1_78' title="bbox 1068 1487 1855 1523; baseline -0.004 -9"><span class='ocrx_word' id='word_1_537' title='bbox 1068 1488 1283 1523; x_wconf 69' lang='grc' dir='ltr'>τρισκαιδεκάτῳ</span> <span class='ocrx_word' id='word_1_538' title='bbox 1297 1488 1350 1514; x_wconf 76' lang='grc' dir='ltr'>ἔτει</span> <span class='ocrx_word' id='word_1_539' title='bbox 1361 1488 1411 1523; x_wconf 85' lang='grc' dir='ltr'><strong>τῆς</strong></span> <span class='ocrx_word' id='word_1_540' title='bbox 1426 1488 1522 1514; x_wconf 73' lang='grc' dir='ltr'>ἑαυτοῦ</span> <span class='ocrx_word' id='word_1_541' title='bbox 1537 1488 1633 1523; x_wconf 82' lang='grc' dir='ltr'>ἀρχῆς,</span> <span class='ocrx_word' id='word_1_542' title='bbox 1643 1487 1855 1514; x_wconf 66' lang='grc' dir='ltr'>τὸνἈπιίστολην</span> 
     </span>
    </p>
   </div>
   <div class='ocr_carea' id='block_1_79' title="bbox 1068 1532 1855 1568">
    <p class='ocr_par' dir='ltr' id='par_1_79' title="bbox 1068 1532 1855 1568">
     <span class='ocr_line' id='line_1_79' title="bbox 1068 1532 1855 1568; baseline -0.005 -7"><span class='ocrx_word' id='word_1_543' title='bbox 1068 1534 1183 1561; x_wconf 81' lang='grc' dir='ltr'>ἀνεῖλεν.</span> <span class='ocrx_word' id='word_1_544' title='bbox 1197 1534 1298 1568; x_wconf 67' lang='grc' dir='ltr'>Γράφει</span> <span class='ocrx_word' id='word_1_545' title='bbox 1312 1533 1377 1568; x_wconf 79' lang='grc' dir='ltr'>γοῦν</span> <span class='ocrx_word' id='word_1_546' title='bbox 1400 1535 1413 1560; x_wconf 88' lang='lat'><strong>6</strong></span> <span class='ocrx_word' id='word_1_547' title='bbox 1428 1534 1508 1565; x_wconf 80' lang='grc' dir='ltr'>αὐτὸς</span> <span class='ocrx_word' id='word_1_548' title='bbox 1524 1533 1672 1563; x_wconf 71' lang='grc' dir='ltr'>ἀπόστολος</span> <span class='ocrx_word' id='word_1_549' title='bbox 1690 1532 1798 1563; x_wconf 77' lang='grc' dir='ltr'>Παῦλος</span> <span class='ocrx_word' id='word_1_550' title='bbox 1814 1532 1855 1557; x_wconf 82' lang='lat' dir='ltr'><strong>Tt-</strong></span> 
     </span>
    </p>
   </div>
   <div class='ocr_carea' id='block_1_80' title="bbox 1075 1578 1854 1616">
    <p class='ocr_par' dir='ltr' id='par_1_80' title="bbox 1075 1578 1854 1616">
     <span class='ocr_line' id='line_1_80' title="bbox 1075 1578 1854 1616; baseline -0.001 -10"><span class='ocrx_word' id='word_1_551' title='bbox 1075 1580 1176 1616; x_wconf 81' lang='grc' dir='ltr'>μοθέῳ,</span> <span class='ocrx_word' id='word_1_552' title='bbox 1190 1581 1253 1615; x_wconf 81' lang='grc' dir='ltr'>περὶ</span> <span class='ocrx_word' id='word_1_553' title='bbox 1269 1580 1318 1614; x_wconf 81' lang='grc' dir='ltr'><strong>μὲν</strong></span> <span class='ocrx_word' id='word_1_554' title='bbox 1331 1581 1379 1614; x_wconf 80' lang='grc' dir='ltr'>τῆς</span> <span class='ocrx_word' id='word_1_555' title='bbox 1392 1579 1504 1614; x_wconf 84' lang='grc' dir='ltr'>πρώτης</span> <span class='ocrx_word' id='word_1_556' title='bbox 1520 1578 1603 1605; x_wconf 74' lang='grc' dir='ltr'>αὐτοῦ</span> <span class='ocrx_word' id='word_1_557' title='bbox 1618 1578 1765 1611; x_wconf 71' lang='grc' dir='ltr'>ἀπολογίας</span> <span class='ocrx_word' id='word_1_558' title='bbox 1781 1579 1854 1605; x_wconf 75' lang='grc' dir='ltr'>τάδε’</span> 
     </span>
    </p>
   </div>
   <div class='ocr_carea' id='block_1_81' title="bbox 1073 1624 1856 1662">
    <p class='ocr_par' dir='ltr' id='par_1_81' title="bbox 1073 1624 1856 1662">
     <span class='ocr_line' id='line_1_81' title="bbox 1073 1624 1856 1662; baseline -0.004 -10"><span class='ocrx_word' id='word_1_559' title='bbox 1073 1636 1083 1652; x_wconf 73' lang='grc' dir='ltr'><strong>ι</strong></span> <span class='ocrx_word' id='word_1_560' title='bbox 1095 1627 1138 1654; x_wconf 80' lang='grc' dir='ltr'>Ἐν</span> <span class='ocrx_word' id='word_1_561' title='bbox 1152 1628 1184 1662; x_wconf 81' lang='grc' dir='ltr'>τῇ</span> <span class='ocrx_word' id='word_1_562' title='bbox 1199 1626 1293 1662; x_wconf 81' lang='grc' dir='ltr'>πρώτῃ</span> <span class='ocrx_word' id='word_1_563' title='bbox 1309 1635 1358 1661; x_wconf 76' lang='grc' dir='ltr'>μου</span> <span class='ocrx_word' id='word_1_564' title='bbox 1370 1625 1502 1659; x_wconf 73' lang='grc' dir='ltr'>ἀπολογία</span> <span class='ocrx_word' id='word_1_565' title='bbox 1532 1624 1618 1655; x_wconf 69' lang='grc' dir='ltr'>οὐδείς</span> <span class='ocrx_word' id='word_1_566' title='bbox 1631 1624 1856 1658; x_wconf 76' lang='grc' dir='ltr'>μοισυμπαρεγέ-</span> 
     </span>
    </p>
   </div>
   <div class='ocr_carea' id='block_1_82' title="bbox 1072 1670 1856 1706">
    <p class='ocr_par' dir='ltr' id='par_1_82' title="bbox 1072 1670 1856 1706">
     <span class='ocr_line' id='line_1_82' title="bbox 1072 1670 1856 1706; baseline -0.005 -7"><span class='ocrx_word' id='word_1_567' title='bbox 1072 1681 1142 1705; x_wconf 88' lang='grc' dir='ltr'>νετο,</span> <span class='ocrx_word' id='word_1_568' title='bbox 1159 1672 1228 1699; x_wconf 77' lang='grc' dir='ltr'>ἀλλὰ</span> <span class='ocrx_word' id='word_1_569' title='bbox 1243 1673 1340 1703; x_wconf 82' lang='grc' dir='ltr'>πάντες</span> <span class='ocrx_word' id='word_1_570' title='bbox 1368 1681 1402 1706; x_wconf 85' lang='grc' dir='ltr'>με</span> <span class='ocrx_word' id='word_1_571' title='bbox 1419 1671 1608 1705; x_wconf 76' lang='grc' dir='ltr'>ἐγκατέλιπον.</span> <span class='ocrx_word' id='word_1_572' title='bbox 1635 1670 1679 1705; x_wconf 80' lang='grc' dir='ltr'><strong>Μὴ</strong></span> <span class='ocrx_word' id='word_1_573' title='bbox 1706 1670 1757 1696; x_wconf 68' lang='grc' dir='ltr'><strong>αὐτ</strong></span> <span class='ocrx_word' id='word_1_574' title='bbox 1768 1672 1803 1701; x_wconf 58' lang='grc' dir='ltr'>λῖς</span> <span class='ocrx_word' id='word_1_575' title='bbox 1818 1670 1856 1695; x_wconf 72' lang='grc' dir='ltr'>λο-</span> 
     </span>
    </p>
   </div>
   <div class='ocr_carea' id='block_1_83' title="bbox 1071 1716 1854 1754">
    <p class='ocr_par' dir='ltr' id='par_1_83' title="bbox 1071 1716 1854 1754">
     <span class='ocr_line' id='line_1_83' title="bbox 1071 1716 1854 1754; baseline -0.005 -10"><span class='ocrx_word' id='word_1_576' title='bbox 1071 1718 1226 1754; x_wconf 78' lang='grc' dir='ltr'>γισθείη.’0</span> <span class='ocrx_word' id='word_1_577' title='bbox 1239 1718 1268 1744; x_wconf 76' lang='grc' dir='ltr'><strong>δὲ</strong></span> <span class='ocrx_word' id='word_1_578' title='bbox 1285 1718 1385 1753; x_wconf 83' lang='grc' dir='ltr'>Κύριός</span> <span class='ocrx_word' id='word_1_579' title='bbox 1402 1727 1446 1753; x_wconf 85' lang='grc' dir='ltr'><strong>μοι</strong></span> <span class='ocrx_word' id='word_1_580' title='bbox 1464 1717 1587 1752; x_wconf 77' lang='grc' dir='ltr'>παρέστη</span> <span class='ocrx_word' id='word_1_581' title='bbox 1604 1718 1651 1742; x_wconf 72' lang='grc' dir='ltr'>καὶ</span> <span class='ocrx_word' id='word_1_582' title='bbox 1667 1716 1854 1749; x_wconf 69' lang='grc' dir='ltr'>ἐνεδυναμωςέ</span> 
     </span>
    </p>
   </div>
   <div class='ocr_carea' id='block_1_84' title="bbox 1073 1761 1855 1798">
    <p class='ocr_par' dir='ltr' id='par_1_84' title="bbox 1073 1761 1855 1798">
     <span class='ocr_line' id='line_1_84' title="bbox 1073 1761 1855 1798; baseline -0.003 -10"><span class='ocrx_word' id='word_1_583' title='bbox 1073 1771 1117 1798; x_wconf 81' lang='grc' dir='ltr'>με,</span> <span class='ocrx_word' id='word_1_584' title='bbox 1147 1763 1190 1788; x_wconf 84' lang='grc' dir='ltr'>ἵνα</span> <span class='ocrx_word' id='word_1_585' title='bbox 1216 1763 1250 1789; x_wconf 83' lang='grc' dir='ltr'>δι’</span> <span class='ocrx_word' id='word_1_586' title='bbox 1273 1762 1338 1797; x_wconf 72' lang='grc' dir='ltr'>ἐμοῦ</span> <span class='ocrx_word' id='word_1_587' title='bbox 1364 1762 1394 1788; x_wconf 75' lang='grc' dir='ltr'>τὸ</span> <span class='ocrx_word' id='word_1_588' title='bbox 1425 1763 1556 1797; x_wconf 80' lang='grc' dir='ltr'>κήρυγμα</span> <span class='ocrx_word' id='word_1_589' title='bbox 1581 1761 1791 1796; x_wconf 73' lang='grc' dir='ltr'>πληροφορηθῇ,</span> <span class='ocrx_word' id='word_1_590' title='bbox 1815 1762 1855 1787; x_wconf 73' lang='grc' dir='ltr'>καὶ</span> 
     </span>
    </p>
   </div>
   <div class='ocr_carea' id='block_1_85' title="bbox 1072 1807 1856 1843">
    <p class='ocr_par' dir='ltr' id='par_1_85' title="bbox 1072 1807 1856 1843">
     <span class='ocr_line' id='line_1_85' title="bbox 1072 1807 1856 1843; baseline -0.004 -8"><span class='ocrx_word' id='word_1_591' title='bbox 1072 1809 1208 1835; x_wconf 76' lang='grc' dir='ltr'>ἀκούσωσι</span> <span class='ocrx_word' id='word_1_592' title='bbox 1226 1809 1315 1835; x_wconf 72' lang='grc' dir='ltr'>πάντα</span> <span class='ocrx_word' id='word_1_593' title='bbox 1331 1809 1365 1835; x_wconf 86' lang='grc' dir='ltr'>τὰ</span> <span class='ocrx_word' id='word_1_594' title='bbox 1378 1808 1453 1843; x_wconf 78' lang='grc' dir='ltr'>ἔθνη.</span> <span class='ocrx_word' id='word_1_595' title='bbox 1469 1808 1523 1834; x_wconf 80' lang='grc' dir='ltr'>Καὶ</span> <span class='ocrx_word' id='word_1_596' title='bbox 1542 1807 1679 1843; x_wconf 74' lang='grc' dir='ltr'>ἐρρύσθην</span> <span class='ocrx_word' id='word_1_597' title='bbox 1701 1807 1733 1832; x_wconf 83' lang='grc' dir='ltr'>ἐκ</span> <span class='ocrx_word' id='word_1_598' title='bbox 1755 1807 1856 1840; x_wconf 73' lang='grc' dir='ltr'>στόμα-</span> 
     </span>
    </p>
   </div>
   <div class='ocr_carea' id='block_1_86' title="bbox 1071 1851 1856 1888">
    <p class='ocr_par' dir='ltr' id='par_1_86' title="bbox 1071 1851 1856 1888">
     <span class='ocr_line' id='line_1_86' title="bbox 1071 1851 1856 1888; baseline -0.004 -8"><span class='ocrx_word' id='word_1_599' title='bbox 1071 1863 1116 1886; x_wconf 79' lang='grc' dir='ltr'><strong>τος</strong></span> <span class='ocrx_word' id='word_1_600' title='bbox 1131 1854 1251 1885; x_wconf 76' lang='grc' dir='ltr'>λέοντος⁸</span> <span class='ocrx_word' id='word_1_601' title='bbox 1271 1863 1280 1880; x_wconf 75' lang='grc' dir='ltr'><strong>ι</strong></span> <span class='ocrx_word' id='word_1_602' title='bbox 1298 1853 1392 1880; x_wconf 80' lang='grc' dir='ltr'>τοῦτον</span> <span class='ocrx_word' id='word_1_603' title='bbox 1404 1854 1492 1888; x_wconf 83' lang='grc' dir='ltr'>λέγων</span> <span class='ocrx_word' id='word_1_604' title='bbox 1508 1851 1578 1879; x_wconf 79' lang='grc' dir='ltr'>εἶναι</span> <span class='ocrx_word' id='word_1_605' title='bbox 1589 1853 1634 1879; x_wconf 73' lang='grc' dir='ltr'>τὶν</span> <span class='ocrx_word' id='word_1_606' title='bbox 1652 1852 1779 1888; x_wconf 81' lang='grc' dir='ltr'>Νέρωνα.</span> <span class='ocrx_word' id='word_1_607' title='bbox 1796 1853 1856 1887; x_wconf 63' lang='grc' dir='ltr'>Περὶ</span> 
     </span>
    </p>
   </div>
   <div class='ocr_carea' id='block_1_87' title="bbox 1071 1896 1855 1935">
    <p class='ocr_par' dir='ltr' id='par_1_87' title="bbox 1071 1896 1855 1935">
     <span class='ocr_line' id='line_1_87' title="bbox 1071 1896 1855 1935; baseline -0.005 -9"><span class='ocrx_word' id='word_1_608' title='bbox 1071 1899 1100 1926; x_wconf 84' lang='grc' dir='ltr'><strong>δὲ</strong></span> <span class='ocrx_word' id='word_1_609' title='bbox 1115 1900 1164 1934; x_wconf 81' lang='grc' dir='ltr'><strong>τῆς</strong></span> <span class='ocrx_word' id='word_1_610' title='bbox 1178 1899 1308 1934; x_wconf 75' lang='grc' dir='ltr'>δευτέρας</span> <span class='ocrx_word' id='word_1_611' title='bbox 1327 1896 1383 1935; x_wconf 79' lang='grc' dir='ltr'><strong>ὲνῇ</strong></span> <span class='ocrx_word' id='word_1_612' title='bbox 1399 1899 1445 1925; x_wconf 68' lang='grc' dir='ltr'>καὶ</span> <span class='ocrx_word' id='word_1_613' title='bbox 1465 1897 1617 1924; x_wconf 79' lang='grc' dir='ltr'>τελειοῦται</span> <span class='ocrx_word' id='word_1_614' title='bbox 1634 1897 1672 1932; x_wconf 82' lang='grc' dir='ltr'>τῷ</span> <span class='ocrx_word' id='word_1_615' title='bbox 1697 1898 1757 1924; x_wconf 76' lang='grc' dir='ltr'>κατ’</span> <span class='ocrx_word' id='word_1_616' title='bbox 1780 1898 1855 1924; x_wconf 65' lang='grc' dir='ltr'>αὑτὸν</span> 
     </span>
    </p>
   </div>
   <div class='ocr_carea' id='block_1_88' title="bbox 1073 1943 1855 1980">
    <p class='ocr_par' dir='ltr' id='par_1_88' title="bbox 1073 1943 1855 1980">
     <span class='ocr_line' id='line_1_88' title="bbox 1073 1943 1855 1980; baseline -0.003 -9"><span class='ocrx_word' id='word_1_617' title='bbox 1073 1945 1224 1980; x_wconf 75' lang='grc' dir='ltr'>μαρτυρίῳ,</span> <span class='ocrx_word' id='word_1_618' title='bbox 1248 1945 1324 1979; x_wconf 84' lang='grc' dir='ltr'>φησί·</span> <span class='ocrx_word' id='word_1_619' title='bbox 1340 1954 1349 1970; x_wconf 79' lang='grc' dir='ltr'><strong>ι</strong></span> <span class='ocrx_word' id='word_1_620' title='bbox 1364 1945 1419 1979; x_wconf 82' lang='grc' dir='ltr'><strong>Τὴν</strong></span> <span class='ocrx_word' id='word_1_621' title='bbox 1431 1944 1515 1979; x_wconf 78' lang='grc' dir='ltr'>καλὴν</span> <span class='ocrx_word' id='word_1_622' title='bbox 1532 1943 1669 1970; x_wconf 82' lang='grc' dir='ltr'>διακονία-ι</span> <span class='ocrx_word' id='word_1_623' title='bbox 1682 1952 1728 1969; x_wconf 74' lang='grc' dir='ltr'>σου</span> <span class='ocrx_word' id='word_1_624' title='bbox 1758 1943 1855 1978; x_wconf 69' lang='grc' dir='ltr'>πληρο-</span> 
     </span>
    </p>
   </div>
   <div class='ocr_carea' id='block_1_89' title="bbox 1072 1989 1854 2026">
    <p class='ocr_par' dir='ltr' id='par_1_89' title="bbox 1072 1989 1854 2026">
     <span class='ocr_line' id='line_1_89' title="bbox 1072 1989 1854 2026; baseline -0.004 -9"><span class='ocrx_word' id='word_1_625' title='bbox 1072 1991 1202 2026; x_wconf 77' lang='grc' dir='ltr'>φόρησον.</span> <span class='ocrx_word' id='word_1_626' title='bbox 1215 1990 1287 2024; x_wconf 80' lang='grc' dir='ltr'><strong>Ἐγὼ</strong></span> <span class='ocrx_word' id='word_1_627' title='bbox 1302 1990 1356 2026; x_wconf 73' lang='grc' dir='ltr'>γὰρ</span> <span class='ocrx_word' id='word_1_628' title='bbox 1370 1990 1418 2025; x_wconf 73' lang='grc' dir='ltr'>ἤδη</span> <span class='ocrx_word' id='word_1_629' title='bbox 1435 1990 1596 2023; x_wconf 80' lang='grc' dir='ltr'>σπένδομαι,</span> <span class='ocrx_word' id='word_1_630' title='bbox 1613 1989 1659 2015; x_wconf 79' lang='grc' dir='ltr'><strong>καὶ</strong></span> <span class='ocrx_word' id='word_1_631' title='bbox 1673 1990 1687 2014; x_wconf 87' lang='grc' dir='ltr'>ὁ</span> <span class='ocrx_word' id='word_1_632' title='bbox 1700 1989 1799 2024; x_wconf 61' lang='grc' dir='ltr'>καιρὶς</span> <span class='ocrx_word' id='word_1_633' title='bbox 1812 1989 1854 2020; x_wconf 61' lang='lat' dir='ltr'><strong>ci;</strong></span> 
     </span>
    </p>
   </div>
   <div class='ocr_carea' id='block_1_90' title="bbox 1071 2033 1855 2070">
    <p class='ocr_par' dir='ltr' id='par_1_90' title="bbox 1071 2033 1855 2070">
     <span class='ocr_line' id='line_1_90' title="bbox 1071 2033 1855 2070; baseline -0.003 -8"><span class='ocrx_word' id='word_1_634' title='bbox 1071 2035 1225 2066; x_wconf 74' lang='grc' dir='ltr'>ἀναλύσεώς</span> <span class='ocrx_word' id='word_1_635' title='bbox 1241 2043 1291 2070; x_wconf 84' lang='grc' dir='ltr'>μου</span> <span class='ocrx_word' id='word_1_636' title='bbox 1308 2035 1470 2070; x_wconf 74' lang='grc' dir='ltr'>ἐφέστηκε-α</span> <span class='ocrx_word' id='word_1_637' title='bbox 1486 2035 1540 2060; x_wconf 80' lang='grc' dir='ltr'><strong>Καὶ</strong></span> <span class='ocrx_word' id='word_1_638' title='bbox 1555 2035 1595 2061; x_wconf 82' lang='grc' dir='ltr'>ὅτι</span> <span class='ocrx_word' id='word_1_639' title='bbox 1605 2035 1711 2065; x_wconf 77' lang='grc' dir='ltr'>Λουκᾶς</span> <span class='ocrx_word' id='word_1_640' title='bbox 1728 2033 1761 2069; x_wconf 79' lang='grc' dir='ltr'>ἦν</span> <span class='ocrx_word' id='word_1_641' title='bbox 1779 2035 1855 2061; x_wconf 70' lang='grc' dir='ltr'>πάλιν</span> 
     </span>
    </p>
   </div>
   <div class='ocr_carea' id='block_1_91' title="bbox 1071 2081 1854 2117">
    <p class='ocr_par' dir='ltr' id='par_1_91' title="bbox 1071 2081 1854 2117">
     <span class='ocr_line' id='line_1_91' title="bbox 1071 2081 1854 2117; baseline -0.004 -8"><span class='ocrx_word' id='word_1_642' title='bbox 1071 2084 1118 2109; x_wconf 69' lang='grc' dir='ltr'><strong>σὺν</strong></span> <span class='ocrx_word' id='word_1_643' title='bbox 1131 2081 1215 2117; x_wconf 81' lang='grc' dir='ltr'>αὐτῷ,</span> <span class='ocrx_word' id='word_1_644' title='bbox 1232 2081 1289 2117; x_wconf 78' lang='grc' dir='ltr'>μετ’</span> <span class='ocrx_word' id='word_1_645' title='bbox 1300 2081 1379 2115; x_wconf 77' lang='grc' dir='ltr'>ὀλίγα</span> <span class='ocrx_word' id='word_1_646' title='bbox 1392 2081 1440 2116; x_wconf 83' lang='grc' dir='ltr'>τῆς</span> <span class='ocrx_word' id='word_1_647' title='bbox 1448 2081 1618 2115; x_wconf 75' lang='grc' dir='ltr'>ἐπιστολῆς,ι</span> <span class='ocrx_word' id='word_1_648' title='bbox 1636 2081 1806 2113; x_wconf 70' lang='grc' dir='ltr'>Ἀσπάζεταί</span> <span class='ocrx_word' id='word_1_649' title='bbox 1819 2089 1854 2111; x_wconf 79' lang='grc' dir='ltr'><strong>σε,</strong></span> 
     </span>
    </p>
   </div>
   <div class='ocr_carea' id='block_1_92' title="bbox 1070 2127 1855 2164">
    <p class='ocr_par' dir='ltr' id='par_1_92' title="bbox 1070 2127 1855 2164">
     <span class='ocr_line' id='line_1_92' title="bbox 1070 2127 1855 2164; baseline -0.004 -9"><span class='ocrx_word' id='word_1_650' title='bbox 1070 2129 1204 2164; x_wconf 64' lang='grc' dir='ltr'>γράφει,ίὸ</span> <span class='ocrx_word' id='word_1_651' title='bbox 1215 2129 1321 2159; x_wconf 72' lang='grc' dir='ltr'>Λουκᾶς</span> <span class='ocrx_word' id='word_1_652' title='bbox 1337 2129 1350 2154; x_wconf 85' lang='grc' dir='ltr'><strong>ὀ</strong></span> <span class='ocrx_word' id='word_1_653' title='bbox 1363 2129 1410 2154; x_wconf 74' lang='grc' dir='ltr'><strong>σὺν</strong></span> <span class='ocrx_word' id='word_1_654' title='bbox 1424 2128 1495 2162; x_wconf 65' lang='grc' dir='ltr'>ἐμοί.</span> <span class='ocrx_word' id='word_1_655' title='bbox 1506 2137 1515 2152; x_wconf 72' lang='grc' dir='ltr'><strong>ι</strong></span> <span class='ocrx_word' id='word_1_656' title='bbox 1533 2128 1627 2154; x_wconf 83' lang='grc' dir='ltr'>Ἔστιν</span> <span class='ocrx_word' id='word_1_657' title='bbox 1638 2127 1683 2153; x_wconf 75' lang='grc' dir='ltr'><strong>οὖν</strong></span> <span class='ocrx_word' id='word_1_658' title='bbox 1696 2129 1710 2154; x_wconf 89' lang='lat'><strong>6</strong></span> <span class='ocrx_word' id='word_1_659' title='bbox 1729 2129 1783 2159; x_wconf 81' lang='grc' dir='ltr'><strong>πᾶς</strong></span> <span class='ocrx_word' id='word_1_660' title='bbox 1795 2128 1855 2162; x_wconf 67' lang='grc' dir='ltr'>χρό-</span> 
     </span>
    </p>
   </div>
   <div class='ocr_carea' id='block_1_93' title="bbox 1070 2173 1854 2210">
    <p class='ocr_par' dir='ltr' id='par_1_93' title="bbox 1070 2173 1854 2210">
     <span class='ocr_line' id='line_1_93' title="bbox 1070 2173 1854 2210; baseline -0.004 -8"><span class='ocrx_word' id='word_1_661' title='bbox 1070 2184 1115 2207; x_wconf 86' lang='grc' dir='ltr'><strong>νος</strong></span> <span class='ocrx_word' id='word_1_662' title='bbox 1125 2175 1171 2202; x_wconf 87' lang='grc' dir='ltr'>τοῦ</span> <span class='ocrx_word' id='word_1_663' title='bbox 1187 2175 1364 2210; x_wconf 78' lang='grc' dir='ltr'>κηρύγματος</span> <span class='ocrx_word' id='word_1_664' title='bbox 1381 2174 1500 2206; x_wconf 83' lang='grc' dir='ltr'>Παύλου,</span> <span class='ocrx_word' id='word_1_665' title='bbox 1519 2175 1605 2200; x_wconf 65' lang='grc' dir='ltr'>εἰκοσι</span> <span class='ocrx_word' id='word_1_666' title='bbox 1619 2175 1665 2200; x_wconf 83' lang='grc' dir='ltr'><strong>καί</strong></span> <span class='ocrx_word' id='word_1_667' title='bbox 1677 2173 1708 2199; x_wconf 84' lang='grc' dir='ltr'>ἓν</span> <span class='ocrx_word' id='word_1_668' title='bbox 1723 2175 1791 2204; x_wconf 75' lang='grc' dir='ltr'>ἔτος.</span> <span class='ocrx_word' id='word_1_669' title='bbox 1805 2175 1854 2199; x_wconf 78' lang='grc' dir='ltr'>Καὶ</span> 
     </span>
    </p>
   </div>
   <div class='ocr_carea' id='block_1_94' title="bbox 232 2217 1854 2257">
    <p class='ocr_par' dir='ltr' id='par_1_94' title="bbox 232 2217 1854 2257">
     <span class='ocr_line' id='line_1_94' title="bbox 232 2217 1854 2257; baseline 0.001 -14"><span class='ocrx_word' id='word_1_670' title='bbox 232 2217 312 2251; x_wconf 72' lang='grc' dir='ltr'>ἕτερα</span> <span class='ocrx_word' id='word_1_671' title='bbox 323 2217 370 2244; x_wconf 84' lang='grc' dir='ltr'>δύο</span> <span class='ocrx_word' id='word_1_672' title='bbox 386 2218 445 2250; x_wconf 77' lang='grc' dir='ltr'>ἐτη,</span> <span class='ocrx_word' id='word_1_673' title='bbox 457 2218 475 2245; x_wconf 73' lang='grc' dir='ltr'>ἃ</span> <span class='ocrx_word' id='word_1_674' title='bbox 492 2219 642 2245; x_wconf 82' lang='grc' dir='ltr'>διετέλεσεν</span> <span class='ocrx_word' id='word_1_675' title='bbox 661 2220 690 2245; x_wconf 76' lang='grc' dir='ltr'>ὲν</span> <span class='ocrx_word' id='word_1_676' title='bbox 705 2220 743 2255; x_wconf 87' lang='grc' dir='ltr'>τῷ</span> <span class='ocrx_word' id='word_1_677' title='bbox 759 2219 830 2247; x_wconf 69' lang='grc' dir='ltr'>κατὰ</span> <span class='ocrx_word' id='word_1_678' title='bbox 847 2221 1016 2255; x_wconf 74' lang='grc' dir='ltr'>Καισάρειαν</span> <span class='ocrx_word' id='word_1_679' title='bbox 1032 2220 1221 2257; x_wconf 76' lang='grc' dir='ltr'>δεσμωτηρίῳ,</span> <span class='ocrx_word' id='word_1_680' title='bbox 1248 2221 1320 2256; x_wconf 73' lang='grc' dir='ltr'>Πρὸς</span> <span class='ocrx_word' id='word_1_681' title='bbox 1340 2219 1368 2246; x_wconf 82' lang='grc' dir='ltr'><strong>δὲ</strong></span> <span class='ocrx_word' id='word_1_682' title='bbox 1401 2219 1507 2251; x_wconf 80' lang='grc' dir='ltr'>τούτοις</span> <span class='ocrx_word' id='word_1_683' title='bbox 1526 2220 1617 2250; x_wconf 74' lang='grc' dir='ltr'>πάλιν,</span> <span class='ocrx_word' id='word_1_684' title='bbox 1643 2220 1678 2246; x_wconf 83' lang='grc' dir='ltr'>τὰ</span> <span class='ocrx_word' id='word_1_685' title='bbox 1712 2221 1740 2245; x_wconf 81' lang='grc' dir='ltr'>ὲν</span> <span class='ocrx_word' id='word_1_686' title='bbox 1767 2220 1854 2254; x_wconf 55' lang='grc' dir='ltr'><strong>Ῥώμη</strong></span> 
     </span>
    </p>
   </div>
   <div class='ocr_carea' id='block_1_95' title="bbox 232 2264 1853 2302">
    <p class='ocr_par' dir='ltr' id='par_1_95' title="bbox 232 2264 1853 2302">
     <span class='ocr_line' id='line_1_95' title="bbox 232 2264 1853 2302; baseline 0.002 -13"><span class='ocrx_word' id='word_1_687' title='bbox 232 2264 353 2298; x_wconf 80' lang='grc' dir='ltr'>πρότερα</span> <span class='ocrx_word' id='word_1_688' title='bbox 364 2264 410 2290; x_wconf 79' lang='grc' dir='ltr'><strong>δύο</strong></span> <span class='ocrx_word' id='word_1_689' title='bbox 424 2265 483 2300; x_wconf 78' lang='grc' dir='ltr'>ἔτη,</span> <span class='ocrx_word' id='word_1_690' title='bbox 501 2265 593 2292; x_wconf 79' lang='grc' dir='ltr'>καὶτὰ</span> <span class='ocrx_word' id='word_1_691' title='bbox 607 2266 747 2292; x_wconf 83' lang='grc' dir='ltr'>τελευταῖα</span> <span class='ocrx_word' id='word_1_692' title='bbox 762 2267 790 2293; x_wconf 82' lang='grc' dir='ltr'>δὲ</span> <span class='ocrx_word' id='word_1_693' title='bbox 811 2267 859 2302; x_wconf 72' lang='grc' dir='ltr'>ἐτη</span> <span class='ocrx_word' id='word_1_694' title='bbox 894 2267 959 2293; x_wconf 72' lang='grc' dir='ltr'>δέκα</span> <span class='ocrx_word' id='word_1_695' title='bbox 974 2275 980 2281; x_wconf 92' lang='grc'><strong>·</strong></span> <span class='ocrx_word' id='word_1_696' title='bbox 1012 2266 1083 2293; x_wconf 83' lang='grc' dir='ltr'>ὥστε</span> <span class='ocrx_word' id='word_1_697' title='bbox 1105 2265 1175 2293; x_wconf 84' lang='grc' dir='ltr'>εἶναι</span> <span class='ocrx_word' id='word_1_698' title='bbox 1199 2267 1289 2293; x_wconf 66' lang='grc' dir='ltr'>πάντα</span> <span class='ocrx_word' id='word_1_699' title='bbox 1305 2266 1338 2292; x_wconf 69' lang='grc' dir='ltr'>τὰ</span> <span class='ocrx_word' id='word_1_700' title='bbox 1352 2266 1398 2301; x_wconf 73' lang='grc' dir='ltr'>ἔτη</span> <span class='ocrx_word' id='word_1_701' title='bbox 1414 2265 1467 2291; x_wconf 67' lang='grc' dir='ltr'>ἀπὸ</span> <span class='ocrx_word' id='word_1_702' title='bbox 1480 2265 1529 2300; x_wconf 76' lang='grc' dir='ltr'>τῆς</span> <span class='ocrx_word' id='word_1_703' title='bbox 1544 2265 1665 2300; x_wconf 66' lang='grc' dir='ltr'>κλήσεως</span> <span class='ocrx_word' id='word_1_704' title='bbox 1681 2266 1762 2292; x_wconf 70' lang='grc' dir='ltr'>αὐτοῦ</span> <span class='ocrx_word' id='word_1_705' title='bbox 1779 2267 1853 2301; x_wconf 52' lang='grc' dir='ltr'>μέχρι</span> 
     </span>
    </p>
   </div>
   <div class='ocr_carea' id='block_1_96' title="bbox 231 2310 900 2346">
    <p class='ocr_par' dir='ltr' id='par_1_96' title="bbox 231 2310 900 2346">
     <span class='ocr_line' id='line_1_96' title="bbox 231 2310 900 2346; baseline 0.007 -11"><span class='ocrx_word' id='word_1_706' title='bbox 231 2310 282 2344; x_wconf 78' lang='grc' dir='ltr'><strong>τῆς</strong></span> <span class='ocrx_word' id='word_1_707' title='bbox 296 2310 461 2342; x_wconf 74' lang='grc' dir='ltr'>τελειώσεως</span> <span class='ocrx_word' id='word_1_708' title='bbox 479 2311 572 2343; x_wconf 84' lang='grc' dir='ltr'>αὐτοῦ,</span> <span class='ocrx_word' id='word_1_709' title='bbox 589 2313 734 2346; x_wconf 76' lang='grc' dir='ltr'>τριάκοντα</span> <span class='ocrx_word' id='word_1_710' title='bbox 749 2313 795 2339; x_wconf 73' lang='grc' dir='ltr'>καὶ</span> <span class='ocrx_word' id='word_1_711' title='bbox 811 2313 900 2342; x_wconf 88' lang='grc' dir='ltr'>πέντε.</span> 
     </span>
    </p>
   </div>
   <div class='ocr_carea' id='block_1_97' title="bbox 386 2367 900 2397">
    <p class='ocr_par' dir='ltr' id='par_1_97' title="bbox 386 2367 900 2397">
     <span class='ocr_line' id='line_1_97' title="bbox 386 2367 900 2397; baseline 0.008 -4"><span class='ocrx_word' id='word_1_712' title='bbox 386 2367 593 2396; x_wconf 70' lang='grc' dir='ltr'><strong>ΜΑΙὶΤΥΠΙυΜ</strong></span> <span class='ocrx_word' id='word_1_713' title='bbox 607 2369 708 2397; x_wconf 80' lang='lat' dir='ltr'><strong>PAULI</strong></span> <span class='ocrx_word' id='word_1_714' title='bbox 723 2369 900 2397; x_wconf 82' lang='lat' dir='ltr'><strong>APOSTOLI.</strong></span> 
     </span>
    </p>
   </div>
   <div class='ocr_carea' id='block_1_98' title="bbox 269 2422 1018 2462">
    <p class='ocr_par' dir='ltr' id='par_1_98' title="bbox 269 2422 1018 2462">
     <span class='ocr_line' id='line_1_98' title="bbox 269 2422 1018 2462; baseline 0.007 -13"><span class='ocrx_word' id='word_1_715' title='bbox 269 2422 326 2450; x_wconf 90' lang='lat' dir='ltr'><strong>Sub</strong></span> <span class='ocrx_word' id='word_1_716' title='bbox 340 2423 448 2450; x_wconf 84' lang='lat' dir='ltr'><strong>Nerone</strong></span> <span class='ocrx_word' id='word_1_717' title='bbox 471 2424 656 2452; x_wconf 79' lang='lat' dir='ltr'><strong>Romanorum</strong></span> <span class='ocrx_word' id='word_1_718' title='bbox 681 2425 859 2460; x_wconf 83' lang='lat' dir='ltr'><strong>imperatore,</strong></span> <span class='ocrx_word' id='word_1_719' title='bbox 888 2431 1018 2462; x_wconf 86' lang='lat' dir='ltr'><strong>martyrio</strong></span> 
     </span>
    </p>
   </div>
   <div class='ocr_carea' id='block_1_99' title="bbox 234 2467 1019 2506">
    <p class='ocr_par' dir='ltr' id='par_1_99' title="bbox 234 2467 1019 2506">
     <span class='ocr_line' id='line_1_99' title="bbox 234 2467 1019 2506; baseline 0.006 -12"><span class='ocrx_word' id='word_1_720' title='bbox 234 2467 317 2494; x_wconf 89' lang='lat' dir='ltr'><strong>vitam</strong></span> <span class='ocrx_word' id='word_1_721' title='bbox 335 2467 436 2495; x_wconf 84' lang='lat' dir='ltr'><strong>ibidem</strong></span> <span class='ocrx_word' id='word_1_722' title='bbox 457 2468 546 2496; x_wconf 78' lang='lat' dir='ltr'><strong>finivit</strong></span> <span class='ocrx_word' id='word_1_723' title='bbox 562 2469 664 2497; x_wconf 87' lang='lat' dir='ltr'><strong>Paulus</strong></span> <span class='ocrx_word' id='word_1_724' title='bbox 692 2471 843 2505; x_wconf 83' lang='lat' dir='ltr'><strong>apostolus.</strong></span> <span class='ocrx_word' id='word_1_725' title='bbox 860 2471 949 2506; x_wconf 85' lang='lat' dir='ltr'><strong>capite</strong></span> <span class='ocrx_word' id='word_1_726' title='bbox 963 2472 1019 2506; x_wconf 76' lang='lat' dir='ltr'><strong>gla-</strong></span> 
     </span>
    </p>
   </div>
   <div class='ocr_carea' id='block_1_100' title="bbox 233 2513 1020 2552">
    <p class='ocr_par' dir='ltr' id='par_1_100' title="bbox 233 2513 1020 2552">
     <span class='ocr_line' id='line_1_100' title="bbox 233 2513 1020 2552; baseline 0.005 -12"><span class='ocrx_word' id='word_1_727' title='bbox 233 2513 280 2541; x_wconf 90' lang='lat' dir='ltr'><strong>dio</strong></span> <span class='ocrx_word' id='word_1_728' title='bbox 302 2518 453 2549; x_wconf 85' lang='lat' dir='ltr'><strong>amputato,</strong></span> <span class='ocrx_word' id='word_1_729' title='bbox 474 2523 546 2542; x_wconf 89' lang='lat' dir='ltr'><strong>anno</strong></span> <span class='ocrx_word' id='word_1_730' title='bbox 561 2523 576 2543; x_wconf 87' lang='lat' dir='ltr'><strong>a</strong></span> <span class='ocrx_word' id='word_1_731' title='bbox 596 2517 709 2544; x_wconf 83' lang='lat' dir='ltr'><strong>salutari</strong></span> <span class='ocrx_word' id='word_1_732' title='bbox 728 2517 855 2552; x_wconf 86' lang='lat' dir='ltr'><strong>passione</strong></span> <span class='ocrx_word' id='word_1_733' title='bbox 880 2517 1020 2544; x_wconf 70' lang='lat' dir='ltr'><strong>tricasimo</strong></span> 
     </span>
    </p>
   </div>
   <div class='ocr_carea' id='block_1_101' title="bbox 233 2561 1018 2595">
    <p class='ocr_par' dir='ltr' id='par_1_101' title="bbox 233 2561 1018 2595">
     <span class='ocr_line' id='line_1_101' title="bbox 233 2561 1018 2595; baseline 0.005 -9"><span class='ocrx_word' id='word_1_734' title='bbox 233 2564 310 2587; x_wconf 80' lang='lat' dir='ltr'><strong>sexto</strong></span> <span class='ocrx_word' id='word_1_735' title='bbox 324 2565 466 2595; x_wconf 87' lang='lat' dir='ltr'><strong>postquam</strong></span> <span class='ocrx_word' id='word_1_736' title='bbox 484 2561 576 2589; x_wconf 59' lang='lat' dir='ltr'><strong>Roma</strong></span> <span class='ocrx_word' id='word_1_737' title='bbox 589 2562 690 2589; x_wconf 91' lang='lat' dir='ltr'><strong>bonum</strong></span> <span class='ocrx_word' id='word_1_738' title='bbox 704 2567 856 2590; x_wconf 85' lang='lat' dir='ltr'><strong>certaverat</strong></span> <span class='ocrx_word' id='word_1_739' title='bbox 868 2567 1018 2595; x_wconf 85' lang='lat' dir='ltr'><strong>certamen,</strong></span> 
     </span>
    </p>
   </div>
   <div class='ocr_carea' id='block_1_102' title="bbox 232 2606 1021 2644">
    <p class='ocr_par' dir='ltr' id='par_1_102' title="bbox 232 2606 1021 2644">
     <span class='ocr_line' id='line_1_102' title="bbox 232 2606 1021 2644; baseline 0.005 -12"><span class='ocrx_word' id='word_1_740' title='bbox 232 2606 331 2640; x_wconf 89' lang='lat' dir='ltr'><strong>quinto</strong></span> <span class='ocrx_word' id='word_1_741' title='bbox 345 2606 388 2634; x_wconf 82' lang='lat' dir='ltr'><strong>die</strong></span> <span class='ocrx_word' id='word_1_742' title='bbox 405 2608 509 2635; x_wconf 86' lang='lat' dir='ltr'><strong>mensis</strong></span> <span class='ocrx_word' id='word_1_743' title='bbox 521 2608 644 2640; x_wconf 86' lang='lat' dir='ltr'><strong>Panemi,</strong></span> <span class='ocrx_word' id='word_1_744' title='bbox 660 2609 707 2644; x_wconf 88' lang='lat' dir='ltr'><strong>qui</strong></span> <span class='ocrx_word' id='word_1_745' title='bbox 723 2609 781 2636; x_wconf 85' lang='lat' dir='ltr'><strong>dies</strong></span> <span class='ocrx_word' id='word_1_746' title='bbox 794 2609 865 2644; x_wconf 87' lang='lat' dir='ltr'><strong>apud</strong></span> <span class='ocrx_word' id='word_1_747' title='bbox 883 2609 1021 2636; x_wconf 80' lang='lat' dir='ltr'><strong>Romanos</strong></span> 
     </span>
    </p>
   </div>
   <div class='ocr_carea' id='block_1_103' title="bbox 232 2651 1022 2689">
    <p class='ocr_par' dir='ltr' id='par_1_103' title="bbox 232 2651 1022 2689">
     <span class='ocr_line' id='line_1_103' title="bbox 232 2651 1022 2689; baseline 0.003 -10"><span class='ocrx_word' id='word_1_748' title='bbox 232 2651 334 2680; x_wconf 91' lang='lat' dir='ltr'><strong>dicitur</strong></span> <span class='ocrx_word' id='word_1_749' title='bbox 363 2653 460 2682; x_wconf 84' lang='lat' dir='ltr'><strong>tertius</strong></span> <span class='ocrx_word' id='word_1_750' title='bbox 482 2653 665 2681; x_wconf 81' lang='lat' dir='ltr'><strong>Kalendarum</strong></span> <span class='ocrx_word' id='word_1_751' title='bbox 688 2655 767 2686; x_wconf 78' lang='lat' dir='ltr'><strong>Julii,</strong></span> <span class='ocrx_word' id='word_1_752' title='bbox 794 2663 849 2689; x_wconf 91' lang='lat' dir='ltr'><strong>quo</strong></span> <span class='ocrx_word' id='word_1_753' title='bbox 875 2654 1022 2689; x_wconf 85' lang='lat' dir='ltr'><strong>complevit</strong></span> 
     </span>
    </p>
   </div>
   <div class='ocr_carea' id='block_1_104' title="bbox 232 2697 1021 2735">
    <p class='ocr_par' dir='ltr' id='par_1_104' title="bbox 232 2697 1021 2735">
     <span class='ocr_line' id='line_1_104' title="bbox 232 2697 1021 2735; baseline 0.003 -10"><span class='ocrx_word' id='word_1_754' title='bbox 232 2697 312 2726; x_wconf 83' lang='lat' dir='ltr'><strong>divus</strong></span> <span class='ocrx_word' id='word_1_755' title='bbox 323 2699 470 2734; x_wconf 83' lang='lat' dir='ltr'><strong>Apostolus</strong></span> <span class='ocrx_word' id='word_1_756' title='bbox 481 2707 562 2726; x_wconf 88' lang='lat' dir='ltr'><strong>suum</strong></span> <span class='ocrx_word' id='word_1_757' title='bbox 580 2700 751 2735; x_wconf 83' lang='lat' dir='ltr'><strong>martyrium,</strong></span> <span class='ocrx_word' id='word_1_758' title='bbox 761 2700 929 2734; x_wconf 77' lang='lat' dir='ltr'><strong>sexagesimo</strong></span> <span class='ocrx_word' id='word_1_759' title='bbox 948 2707 1021 2727; x_wconf 90' lang='lat' dir='ltr'><strong>nono</strong></span> 
     </span>
    </p>
   </div>
   <div class='ocr_carea' id='block_1_105' title="bbox 233 2745 932 2774">
    <p class='ocr_par' dir='ltr' id='par_1_105' title="bbox 233 2745 932 2774">
     <span class='ocr_line' id='line_1_105' title="bbox 233 2745 932 2774; baseline 0.003 -3"><span class='ocrx_word' id='word_1_760' title='bbox 233 2751 305 2772; x_wconf 80' lang='lat' dir='ltr'><strong>anno</strong></span> <span class='ocrx_word' id='word_1_761' title='bbox 317 2745 453 2772; x_wconf 87' lang='lat' dir='ltr'><strong>adventus</strong></span> <span class='ocrx_word' id='word_1_762' title='bbox 471 2745 619 2773; x_wconf 81' lang='lat' dir='ltr'><strong>Salvatoris</strong></span> <span class='ocrx_word' id='word_1_763' title='bbox 636 2746 722 2773; x_wconf 86' lang='lat' dir='ltr'><strong>nostri</strong></span> <span class='ocrx_word' id='word_1_764' title='bbox 738 2746 803 2774; x_wconf 77' lang='lat' dir='ltr'><strong>Jesu</strong></span> <span class='ocrx_word' id='word_1_765' title='bbox 819 2745 932 2774; x_wconf 88' lang='lat' dir='ltr'><strong>Christi.</strong></span> 
     </span>
    </p>
   </div>
   <div class='ocr_carea' id='block_1_106' title="bbox 272 2854 576 2888">
    <p class='ocr_par' dir='ltr' id='par_1_106' title="bbox 272 2854 576 2888">
     <span class='ocr_line' id='line_1_106' title="bbox 272 2854 576 2888; baseline 0.003 -7"><span class='ocrx_word' id='word_1_766' title='bbox 272 2854 314 2881; x_wconf 81' lang='grc'><strong>¹11</strong></span> <span class='ocrx_word' id='word_1_767' title='bbox 326 2855 395 2883; x_wconf 81' lang='lat' dir='ltr'><strong>Tim.</strong></span> <span class='ocrx_word' id='word_1_768' title='bbox 414 2864 449 2887; x_wconf 83' lang='lat' dir='ltr'><strong>tv,</strong></span> <span class='ocrx_word' id='word_1_769' title='bbox 470 2856 511 2888; x_wconf 80' lang='lat'><strong>16,</strong></span> <span class='ocrx_word' id='word_1_770' title='bbox 536 2855 576 2882; x_wconf 80' lang='grc' dir='ltr'>Π.</span> 
     </span>
    </p>
   </div>
   <div class='ocr_carea' id='block_1_107' title="bbox 1038 2367 1061 2394">
    <p class='ocr_par' dir='ltr' id='par_1_107' title="bbox 1038 2367 1061 2394">
     <span class='ocr_line' id='line_1_107' title="bbox 1038 2367 1061 2394; baseline 0 0"><span class='ocrx_word' id='word_1_771' title='bbox 1038 2367 1061 2394; x_wconf 85' lang='grc' dir='ltr'>ι)</span> 
     </span>
    </p>
   </div>
   <div class='ocr_carea' id='block_1_108' title="bbox 1136 2366 1805 2394">
    <p class='ocr_par' dir='ltr' id='par_1_108' title="bbox 1136 2366 1805 2394">
     <span class='ocr_line' id='line_1_108' title="bbox 1136 2366 1805 2394; baseline 0.001 -1"><span class='ocrx_word' id='word_1_772' title='bbox 1136 2366 1338 2394; x_wconf 77' lang='grc' dir='ltr'><strong>ΜΔΡΤΥΡΙΟΝ</strong></span> <span class='ocrx_word' id='word_1_773' title='bbox 1355 2366 1494 2392; x_wconf 74' lang='grc' dir='ltr'><strong>ΠᾹΥΛΟΥ</strong></span> <span class='ocrx_word' id='word_1_774' title='bbox 1508 2367 1550 2392; x_wconf 81' lang='grc' dir='ltr'><strong>ΤΟ</strong></span> <span class='ocrx_word' id='word_1_775' title='bbox 1558 2366 1575 2391; x_wconf 82' lang='grc' dir='ltr'><strong>ὶ¹</strong></span> <span class='ocrx_word' id='word_1_776' title='bbox 1589 2366 1805 2394; x_wconf 76' lang='grc' dir='ltr'><strong>ΑΠΟΣΤΟΛΟΥ.</strong></span> 
     </span>
    </p>
   </div>
   <div class='ocr_carea' id='block_1_109' title="bbox 1115 2423 1855 2460">
    <p class='ocr_par' dir='ltr' id='par_1_109' title="bbox 1115 2423 1855 2460">
     <span class='ocr_line' id='line_1_109' title="bbox 1115 2423 1855 2460; baseline 0 -10"><span class='ocrx_word' id='word_1_777' title='bbox 1115 2424 1175 2450; x_wconf 72' lang='grc' dir='ltr'><strong>Ἐπὶ</strong></span> <span class='ocrx_word' id='word_1_778' title='bbox 1200 2423 1324 2458; x_wconf 78' lang='grc' dir='ltr'>Νέρωνος</span> <span class='ocrx_word' id='word_1_779' title='bbox 1337 2423 1385 2449; x_wconf 82' lang='grc' dir='ltr'><strong>τοῦ</strong></span> <span class='ocrx_word' id='word_1_780' title='bbox 1411 2423 1551 2457; x_wconf 78' lang='grc' dir='ltr'>Καίσαρος</span> <span class='ocrx_word' id='word_1_781' title='bbox 1569 2423 1723 2458; x_wconf 79' lang='grc' dir='ltr'>Ῥωμαίων,</span> <span class='ocrx_word' id='word_1_782' title='bbox 1739 2425 1855 2460; x_wconf 66' lang='grc' dir='ltr'>ἐμαρτύ-</span> 
     </span>
    </p>
   </div>
   <div class='ocr_carea' id='block_1_110' title="bbox 1074 2470 1854 2505">
    <p class='ocr_par' dir='ltr' id='par_1_110' title="bbox 1074 2470 1854 2505">
     <span class='ocr_line' id='line_1_110' title="bbox 1074 2470 1854 2505; baseline 0 -9"><span class='ocrx_word' id='word_1_783' title='bbox 1074 2479 1157 2505; x_wconf 80' lang='grc' dir='ltr'>ρησεν</span> <span class='ocrx_word' id='word_1_784' title='bbox 1175 2470 1268 2496; x_wconf 82' lang='grc' dir='ltr'>αὐτόθι</span> <span class='ocrx_word' id='word_1_785' title='bbox 1286 2470 1390 2501; x_wconf 84' lang='grc' dir='ltr'>Παῦλος</span> <span class='ocrx_word' id='word_1_786' title='bbox 1410 2471 1424 2496; x_wconf 91' lang='lat'><strong>6</strong></span> <span class='ocrx_word' id='word_1_787' title='bbox 1440 2470 1606 2501; x_wconf 84' lang='grc' dir='ltr'>ἀπόστολος,</span> <span class='ocrx_word' id='word_1_788' title='bbox 1625 2470 1698 2504; x_wconf 81' lang='grc' dir='ltr'>ξίφει</span> <span class='ocrx_word' id='word_1_789' title='bbox 1710 2471 1759 2505; x_wconf 80' lang='grc' dir='ltr'>τὴν</span> <span class='ocrx_word' id='word_1_790' title='bbox 1775 2479 1854 2504; x_wconf 66' lang='grc' dir='ltr'>κετξα-</span> 
     </span>
    </p>
   </div>
   <div class='ocr_carea' id='block_1_111' title="bbox 1073 2515 1852 2551">
    <p class='ocr_par' dir='ltr' id='par_1_111' title="bbox 1073 2515 1852 2551">
     <span class='ocr_line' id='line_1_111' title="bbox 1073 2515 1852 2551; baseline -0.001 -9"><span class='ocrx_word' id='word_1_791' title='bbox 1073 2516 1121 2551; x_wconf 82' lang='grc' dir='ltr'>λὴν</span> <span class='ocrx_word' id='word_1_792' title='bbox 1135 2515 1312 2550; x_wconf 76' lang='grc' dir='ltr'>ἀποτμηθεὶς,</span> <span class='ocrx_word' id='word_1_793' title='bbox 1328 2517 1357 2541; x_wconf 79' lang='grc' dir='ltr'>ἐν</span> <span class='ocrx_word' id='word_1_794' title='bbox 1370 2515 1409 2550; x_wconf 85' lang='grc' dir='ltr'><strong>τῷ</strong></span> <span class='ocrx_word' id='word_1_795' title='bbox 1424 2515 1579 2550; x_wconf 86' lang='grc' dir='ltr'>τριακοστῷ</span> <span class='ocrx_word' id='word_1_796' title='bbox 1593 2516 1638 2541; x_wconf 75' lang='grc' dir='ltr'><strong>καὶ</strong></span> <span class='ocrx_word' id='word_1_797' title='bbox 1657 2516 1729 2551; x_wconf 74' lang='grc' dir='ltr'>ἕκτῳ</span> <span class='ocrx_word' id='word_1_798' title='bbox 1747 2517 1800 2542; x_wconf 78' lang='grc' dir='ltr'>ἔτει</span> <span class='ocrx_word' id='word_1_799' title='bbox 1811 2515 1852 2541; x_wconf 72' lang='grc' dir='ltr'>τοῦ</span> 
     </span>
    </p>
   </div>
   <div class='ocr_carea' id='block_1_112' title="bbox 1073 2561 1853 2597">
    <p class='ocr_par' dir='ltr' id='par_1_112' title="bbox 1073 2561 1853 2597">
     <span class='ocr_line' id='line_1_112' title="bbox 1073 2561 1853 2597; baseline -0.001 -10"><span class='ocrx_word' id='word_1_800' title='bbox 1073 2562 1207 2596; x_wconf 74' lang='grc' dir='ltr'>σωτηρίου</span> <span class='ocrx_word' id='word_1_801' title='bbox 1218 2561 1328 2594; x_wconf 75' lang='grc' dir='ltr'>πάθους,</span> <span class='ocrx_word' id='word_1_802' title='bbox 1344 2561 1388 2587; x_wconf 76' lang='grc' dir='ltr'><strong>τὸν</strong></span> <span class='ocrx_word' id='word_1_803' title='bbox 1405 2561 1489 2587; x_wconf 78' lang='grc' dir='ltr'>καλὸν</span> <span class='ocrx_word' id='word_1_804' title='bbox 1503 2561 1597 2594; x_wconf 76' lang='grc' dir='ltr'>ἀγῶνα</span> <span class='ocrx_word' id='word_1_805' title='bbox 1612 2562 1816 2597; x_wconf 73' lang='grc' dir='ltr'>ἀγωνισάμενος</span> <span class='ocrx_word' id='word_1_806' title='bbox 1829 2562 1853 2587; x_wconf 81' lang='grc' dir='ltr'>ἐν</span> 
     </span>
    </p>
   </div>
   <div class='ocr_carea' id='block_1_113' title="bbox 1079 2607 1851 2643">
    <p class='ocr_par' dir='ltr' id='par_1_113' title="bbox 1079 2607 1851 2643">
     <span class='ocr_line' id='line_1_113' title="bbox 1079 2607 1851 2643; baseline -0.003 -9"><span class='ocrx_word' id='word_1_807' title='bbox 1079 2607 1183 2643; x_wconf 78' lang='grc' dir='ltr'><strong>Ῥώμῃ,</strong></span> <span class='ocrx_word' id='word_1_808' title='bbox 1193 2608 1306 2642; x_wconf 72' lang='grc' dir='ltr'>πέμπτῃ</span> <span class='ocrx_word' id='word_1_809' title='bbox 1321 2609 1415 2643; x_wconf 68' lang='grc' dir='ltr'>ἡμέρα</span> <span class='ocrx_word' id='word_1_810' title='bbox 1432 2608 1558 2642; x_wconf 80' lang='grc' dir='ltr'>Πανέμου</span> <span class='ocrx_word' id='word_1_811' title='bbox 1576 2608 1670 2642; x_wconf 80' lang='grc' dir='ltr'>μηνὸς,</span> <span class='ocrx_word' id='word_1_812' title='bbox 1682 2609 1742 2642; x_wconf 73' lang='grc' dir='ltr'>ἥτις</span> <span class='ocrx_word' id='word_1_813' title='bbox 1753 2608 1851 2642; x_wconf 79' lang='grc' dir='ltr'>λέγεται</span> 
     </span>
    </p>
   </div>
   <div class='ocr_carea' id='block_1_114' title="bbox 1074 2651 1851 2687">
    <p class='ocr_par' dir='ltr' id='par_1_114' title="bbox 1074 2651 1851 2687">
     <span class='ocr_line' id='line_1_114' title="bbox 1074 2651 1851 2687; baseline -0.003 -8"><span class='ocrx_word' id='word_1_814' title='bbox 1074 2653 1150 2687; x_wconf 72' lang='grc' dir='ltr'><strong>παρὰ</strong></span> <span class='ocrx_word' id='word_1_815' title='bbox 1171 2652 1325 2686; x_wconf 78' lang='grc' dir='ltr'>Ῥωμαίοις,</span> <span class='ocrx_word' id='word_1_816' title='bbox 1341 2653 1374 2685; x_wconf 82' lang='grc' dir='ltr'>τῇ</span> <span class='ocrx_word' id='word_1_817' title='bbox 1391 2651 1444 2685; x_wconf 77' lang='grc' dir='ltr'>πρὸ</span> <span class='ocrx_word' id='word_1_818' title='bbox 1464 2652 1548 2686; x_wconf 79' lang='grc' dir='ltr'>τριῶν</span> <span class='ocrx_word' id='word_1_819' title='bbox 1564 2652 1712 2679; x_wconf 80' lang='grc' dir='ltr'>Καλανδῶν</span> <span class='ocrx_word' id='word_1_820' title='bbox 1732 2653 1851 2682; x_wconf 74' lang='grc' dir='ltr'>Ἰουλίων,</span> 
     </span>
    </p>
   </div>
   <div class='ocr_carea' id='block_1_115' title="bbox 1074 2697 1850 2733">
    <p class='ocr_par' dir='ltr' id='par_1_115' title="bbox 1074 2697 1850 2733">
     <span class='ocr_line' id='line_1_115' title="bbox 1074 2697 1850 2733; baseline -0.003 -8"><span class='ocrx_word' id='word_1_821' title='bbox 1074 2699 1134 2725; x_wconf 75' lang='grc' dir='ltr'>καθ’</span> <span class='ocrx_word' id='word_1_822' title='bbox 1152 2699 1189 2733; x_wconf 76' lang='grc' dir='ltr'>ἣν</span> <span class='ocrx_word' id='word_1_823' title='bbox 1197 2697 1340 2731; x_wconf 75' lang='grc' dir='ltr'>ἐτελειώθη</span> <span class='ocrx_word' id='word_1_824' title='bbox 1360 2698 1373 2723; x_wconf 78' lang='grc' dir='ltr'><strong>ὀ</strong></span> <span class='ocrx_word' id='word_1_825' title='bbox 1390 2697 1466 2730; x_wconf 59' lang='lat' dir='ltr'><strong>anno;</strong></span> <span class='ocrx_word' id='word_1_826' title='bbox 1489 2698 1651 2729; x_wconf 73' lang='grc' dir='ltr'>’Λπόστολος</span> <span class='ocrx_word' id='word_1_827' title='bbox 1676 2699 1714 2733; x_wconf 85' lang='grc' dir='ltr'>τῷ</span> <span class='ocrx_word' id='word_1_828' title='bbox 1731 2700 1790 2725; x_wconf 70' lang='grc' dir='ltr'>κατ’</span> <span class='ocrx_word' id='word_1_829' title='bbox 1807 2698 1850 2724; x_wconf 72' lang='grc' dir='ltr'>αὐ-</span> 
     </span>
    </p>
   </div>
   <div class='ocr_carea' id='block_1_116' title="bbox 1073 2741 1850 2779">
    <p class='ocr_par' dir='ltr' id='par_1_116' title="bbox 1073 2741 1850 2779">
     <span class='ocr_line' id='line_1_116' title="bbox 1073 2741 1850 2779; baseline -0.004 -8"><span class='ocrx_word' id='word_1_830' title='bbox 1073 2745 1118 2771; x_wconf 60' lang='grc' dir='ltr'>τὴν</span> <span class='ocrx_word' id='word_1_831' title='bbox 1134 2743 1284 2779; x_wconf 75' lang='grc' dir='ltr'>μαρτυρίῳ,</span> <span class='ocrx_word' id='word_1_832' title='bbox 1302 2742 1441 2778; x_wconf 82' lang='grc' dir='ltr'>ἑξηκοστῷ</span> <span class='ocrx_word' id='word_1_833' title='bbox 1467 2743 1514 2769; x_wconf 78' lang='grc' dir='ltr'><strong>κο)⁸</strong></span> <span class='ocrx_word' id='word_1_834' title='bbox 1533 2744 1635 2778; x_wconf 77' lang='grc' dir='ltr'>ὲννάτῳ</span> <span class='ocrx_word' id='word_1_835' title='bbox 1660 2744 1715 2770; x_wconf 74' lang='grc' dir='ltr'>ἔτει</span> <span class='ocrx_word' id='word_1_836' title='bbox 1739 2744 1786 2779; x_wconf 81' lang='grc' dir='ltr'>τῆς</span> <span class='ocrx_word' id='word_1_837' title='bbox 1809 2741 1850 2768; x_wconf 67' lang='grc' dir='ltr'>τοῦ</span> 
     </span>
    </p>
   </div>
   <div class='ocr_carea' id='block_1_117' title="bbox 1072 2789 1707 2826">
    <p class='ocr_par' dir='ltr' id='par_1_117' title="bbox 1072 2789 1707 2826">
     <span class='ocr_line' id='line_1_117' title="bbox 1072 2789 1707 2826; baseline -0.002 -9"><span class='ocrx_word' id='word_1_838' title='bbox 1072 2791 1196 2826; x_wconf 73' lang='grc' dir='ltr'>Σωτῆρος</span> <span class='ocrx_word' id='word_1_839' title='bbox 1209 2789 1286 2824; x_wconf 68' lang='grc' dir='ltr'>ἡυῶν</span> <span class='ocrx_word' id='word_1_840' title='bbox 1304 2789 1390 2815; x_wconf 70' lang='grc' dir='ltr'>Ίτσο)</span> <span class='ocrx_word' id='word_1_841' title='bbox 1407 2789 1525 2823; x_wconf 70' lang='grc' dir='ltr'>Χριστοῦ</span> <span class='ocrx_word' id='word_1_842' title='bbox 1542 2790 1707 2821; x_wconf 71' lang='grc' dir='ltr'>παοουσίας.</span> 
     </span>
    </p>
   </div>
  </div>
