1881 3051
235 154 290 186 3‘27

234 211 292 235 tum
313 206 437 233 obedire.
455 215 464 231 1
484 205 536 232 Per
555 211 651 231 omnes
667 208 771 239 gentes.
789 215 796 229 ι
817 205 883 231 Nam
898 205 949 231 etsi
966 205 1023 239 ipse

234 259 289 279 non
303 252 392 279 omnis
407 252 559 284 eircuicrit,
574 251 755 278 nihilominus
771 250 899 277 omnibus
915 258 1023 277 annun-

236 299 333 326 tiatum
349 303 391 325 est
408 298 598 332 Evangelium,
616 306 665 332 per
681 302 795 324 etcteros
809 297 937 324 videlicet
957 304 1022 331 apo-

234 345 329 372 stolos.
350 354 358 370 1
376 345 464 379 Super
484 344 595 371 nomine
612 344 682 379 ejus.
704 353 713 368 »
732 343 814 370 Fides
828 343 901 370 enim
924 343 951 369 in
972 351 1023 370 no-

235 397 297 416 men
313 390 372 424 ejus
387 389 448 416 fuit.
464 389 531 416 Nam
547 389 635 423 ipsum
649 393 744 423 gentes
756 396 808 415 non
822 388 961 420 viderunt,
974 387 1022 415 sed

234 435 292 462 solo
313 436 372 469 ejus
395 435 505 461 nomine
530 435 669 469 divulgato
692 434 880 461 crediderunt.
905 434 939 460 Et
958 442 1022 461 vete

232 480 318 515 gratia
340 480 419 514 plena
436 485 494 507 erat
514 480 665 514 apostolica
685 479 790 506 functio
812 480 1021 514 discipulorum,

233 526 296 560 quia
331 530 527 560 persuaserunt
560 525 709 560 gentibus,
752 531 781 552 ut
812 524 956 552 obedirent
991 532 1023 551 ae

232 571 376 598 crederent
412 571 438 598 in
472 571 634 602 Christum,
665 571 747 605 idque
781 579 843 597 cum
873 571 1022 604 piscatores

230 623 323 644 essent
348 626 380 645 ac
405 618 561 645 litterarum
594 618 691 653 ignari.
725 628 734 643 1
758 619 832 645 Inter
860 626 928 652 quas
955 619 1022 645 estis

230 668 259 690 et
274 672 330 690 vos.
352 674 360 689 ι
380 663 436 690 Hoc
455 668 506 696 est,
525 671 586 690 cum
603 664 704 698 quibus
718 665 847 699 gentibus
865 668 893 690 et
909 672 956 690 vos
972 672 1020 690 vu-

230 711 284 738 cati
301 711 375 737 estis.
395 710 488 744 Neque
501 711 572 737 enim
591 719 604 737 a
621 710 699 737 vobis
711 710 778 744 ipsis
796 710 919 736 venistis.
941 709 1021 737 Cont-

230 757 326 791 primit
345 756 426 791 204.
442 761 533 783 auten)
549 756 649 783 fastum
666 757 787 788 illorum,
803 764 834 782 ac
850 756 872 782 si
889 755 994 783 diceret
1011 763 1018 781 :

232 802 272 828 Ne
295 803 397 836 putetis
419 802 520 837 regiam
544 810 575 828 ae
595 802 782 829 dominantem
803 801 942 828 civitatem
963 809 1020 828 am-

232 847 304 881 plius
318 848 457 882 quidpiam
480 848 531 875 liae
548 847 576 874 in
594 856 624 875 re
645 848 746 875 habere
765 855 821 882 pne
839 848 956 877 exteris.
971 848 1018 875 sed

231 902 294 919 cum
311 894 423 926 reliquis
443 894 571 928 gentibus
591 894 679 921 vocati
702 894 775 921 estis.
798 903 806 919 1
821 893 956 921 Omnibus
969 894 1016 929 qui

231 940 299 966 estis
314 940 416 972 Romae,
437 941 545 967 dilectis
561 941 635 968 Dei.»
655 940 795 975 Siquidem
813 948 868 967 non
884 945 926 968 est
945 941 1017 976 apud

231 985 317 1012 Deum
331 986 462 1013 discretio
475 987 567 1014 divitis
584 995 598 1014 a
613 993 743 1021 paupere.
756 986 859 1013 Deinde
873 991 1016 1021 postquam

231 1031 310 1062 dixit,
330 1041 338 1056 1
357 1031 500 1062 Omnibus.
518 1042 527 1057 ι
543 1041 576 1059 ne
595 1032 687 1060 dicant
708 1040 714 1057 :
733 1032 803 1065 Quid
821 1032 907 1067 ergo?
922 1040 1017 1059 omnes

230 1078 327 1112 aequali
344 1078 426 1105 habet
440 1078 467 1105 in
483 1079 597 1110 honore,
616 1078 703 1106 bonos
719 1086 751 1105 ac
766 1078 861 1110 malos,
877 1078 971 1105 ﬁdeles
985 1086 1017 1105 ac

230 1123 374 1151 inﬁdeles?
388 1125 539 1160 subjunxit,
558 1125 681 1152 1Voeatis
696 1125 823 1152 sanctis.)
840 1124 906 1152 Nam
922 1133 1017 1152 omnes

229 1169 316 1195 sancti
329 1169 426 1203 atquali
444 1173 509 1197 sunt
523 1170 549 1196 in
565 1170 671 1197 honore
684 1170 756 1204 apud
772 1169 858 1201 illum,
875 1177 926 1197 nec
943 1169 1016 1196 inter

229 1213 303 1248 ipsos
321 1219 362 1241 est
380 1215 531 1241 distinctio.
548 1214 671 1241 Primum
686 1221 776 1242 autem
793 1223 801 1239 1
818 1214 930 1241 Dilectis
942 1214 989 1241 Dei
1003 1224 1012 1239 ι

228 1261 330 1293 posuit,
348 1261 447 1288 deinde
457 1271 466 1286 1
478 1260 584 1288 \"ocatis
597 1261 698 1288 sanctis
713 1269 736 1287 ε»
754 1259 841 1293 Unde,
854 1261 953 1295 inquit,
967 1269 1016 1287 γο-

229 1305 281 1332 cati
305 1306 391 1333 estis?
423 1314 456 1333 ex
483 1307 584 1341 quibus
603 1306 762 1333 laboribus?
780 1314 827 1340 per
856 1314 917 1340 qum
937 1314 1015 1341 egre-

228 1352 271 1387 gia
305 1353 449 1379 facinora?
467 1353 540 1380 unde
563 1353 650 1380 sancti
665 1353 752 1379 estis?
772 1352 876 1386 Nempe
900 1360 932 1379 ex
959 1353 1015 1379 sola

229 1396 277 1424 Dei
297 1397 443 1424 dilectione
470 1406 476 1423 :
502 1405 563 1424 cum
589 1397 661 1424 enim
686 1396 770 1430 gratis
793 1396 933 1423 dilexisset
954 1405 1013 1429 nos,

229 1450 364 1477 suumque
381 1443 542 1478 sanguinem
559 1451 608 1477 pro
626 1442 705 1469 nobis
722 1441 847 1474 fudisset,
865 1442 898 1469 ad
915 1443 1016 1469 sancti-

229 1487 383 1514 ﬁcationem
403 1496 454 1515 nos
469 1488 588 1519 vocavit,
604 1488 702 1521 suique
722 1487 798 1521 regni
814 1487 1013 1514 lucreditariam

229 1534 441 1567 possessionem.
458 1535 577 1568 Ideoque
593 1533 694 1568 ubique
712 1533 837 1561 locorum
855 1543 864 1559 1
879 1534 987 1561 Vocatis
1002 1543 1010 1559 ›

228 1579 305 1612 dicit,
322 1580 446 1607 benctieii
469 1581 515 1607 Dei
534 1579 652 1607 reddens
667 1587 717 1606 nos
735 1587 880 1607 memores.
896 1589 905 1605 1
921 1579 1014 1607 Gratia

228 1625 315 1652 vobis.
342 1635 351 1651 ι
385 1626 471 1653 Nemo
501 1625 574 1653 enim
611 1633 646 1652 ex
672 1626 804 1660 operibus
835 1625 926 1653 salvus
955 1625 1013 1652 ﬁeri

228 1676 328 1705 potest.
360 1672 459 1706 inquit.
499 1680 507 1696 1
532 1672 554 1697 Λ
583 1671 638 1698 Deo
667 1672 756 1698 Patre.
781 1681 789 1696 I
825 1671 893 1699 Nam
925 1673 1012 1707 gratia

759 150 956 180 (ECUMENII
975 151 1124 180 TRICC.-‘li
1144 151 1313 180 El‘lSCOl'I

1806 155 1848 186 328

1040 208 1059 234 Α
1075 205 1129 239 γὰρ
1145 205 1192 230 καὶ
1209 206 1246 240 μὴ
1262 206 1341 236 αὐτὸς
1367 205 1454 231 πάντα
1472 206 1627 241 περιῆλθεν,
1647 206 1718 233 ἀλλὰ
1735 209 1779 234 καὶ
1790 209 1849 236 οὕτω

1075 253 1174 282 πάντες
1187 251 1421 287 εὐηγγελίσθη-ίαν
1442 251 1486 278 διὰ
1501 253 1554 278 τῶν
1571 253 1675 280 λοιπῶν
1694 254 1848 282 ἀποστόλων.

1077 307 1086 322 1
1099 296 1183 332 ’Υπὲρ
1201 297 1246 323 τοῦ
1271 297 1401 331 ὀνόματος
1421 298 1513 324 αὐτοῦ.
1533 308 1541 323 ι
1569 296 1600 324 Ἦ
1617 298 1674 333 γὰρ
1707 299 1796 332 πίστις
1818 302 1850 332 εἰς

1073 343 1103 369 τὸ
1126 343 1211 377 ὄνομα
1237 343 1318 369 αὐτοῦ
1341 344 1464 377 γέγονεν.
1489 343 1574 370 Αὐτὸν
1593 345 1650 378 γὰρ
1676 345 1711 370 τὰ
1731 345 1791 380 ἔθνη
1808 347 1849 373 οὐκ

1073 389 1213 420 ἐθεάσατο,
1234 389 1301 415 ἀλλὰ
1326 389 1407 424 μόνου
1431 391 1632 424 κηρυττομένου
1656 390 1705 416 τοῦ
1720 391 1848 426 ὀνόματος,

1835 438 1847 461 ἢ

1843 458 1847 471 l

1073 481 1208 516 ἀποστολὴ
1230 481 1283 506 τῶν
1302 480 1440 515 μαθητῶν,
1454 482 1495 507 ὅτι
1510 482 1622 507 ἔπεισαν
1646 481 1797 508 ὑπακοῦσαι
1810 484 1848 508 καὶ

1073 525 1217 551 πιστεῦσαι
1233 525 1266 552 τὰ
1281 526 1344 560 ἔθνη
1362 527 1399 560 τῷ
1412 527 1532 561 Χριστῷ,
1551 529 1598 553 καὶ
1617 527 1707 553 ταῦτα
1725 527 1848 563 ἄνθρωποι

1071 571 1157 601 ἁλιεῖς
1182 571 1229 598 καὶ
1246 571 1432 606 ἀγράμματοι,
1457 581 1466 596 1
1478 571 1522 598 Ἐν
1540 569 1581 603 οἷς
1597 573 1659 598 ἐστε
1677 573 1725 598 καὶ
1747 573 1846 607 ὑμεῖς.»

1072 617 1200 644 Τουτέστι
1217 617 1275 651 μεθ’
1289 614 1326 643 ὧν
1342 617 1425 644 ἐθνῶν
1438 618 1486 644 καὶ
1498 618 1576 652 ὑμεῖς
1589 617 1737 652 ἐκλήθητε,
1756 619 1790 645 Οὐ
1804 621 1848 654 γὰρ

1070 663 1116 697 ἀφ’
1134 663 1238 690 ἑαυτῶν
1261 663 1354 698 ἥκετε,
1375 663 1559 690 Καταστέλλει
1582 664 1610 689 δὲ
1626 664 1719 690 αὐτῶν
1742 664 1771 690 τὸ
1794 665 1848 698 φρο-

1073 436 1171 461 ὲκεῐιιοι
1201 436 1354 462 ἐπίστευον.
1381 436 1483 467 Ὀντως
1512 436 1618 471 πλήρης
1647 433 1682 471 ἦν
1712 436 1816 471 χάριτος

1070 718 1154 744 νημα,
1180 710 1246 736 ὡσεὶ
1270 710 1362 743 ἔλεγεν
1376 719 1382 725 ·
1398 710 1443 745 Μὴ
1467 710 1594 745 νομίσητε
1607 730 1615 744 ,
1627 711 1665 741 ὡς
1683 710 1847 744 βασιλεύουσα

1071 756 1157 788 πόλις,
1173 756 1253 782 πλέον
1267 765 1293 782 τι
1317 756 1371 782 τῶν
1399 756 1486 782 ἄλλων
1507 756 1590 791 ἔχειν,
1614 756 1686 782 ἀλλὰ
1718 757 1784 791 μετὰ
1802 757 1846 782 τῶν

1069 803 1172 829 λοιπῶν
1186 802 1269 829 ἐθνῶν
1286 802 1428 837 ἐκλήθητε.
1451 812 1460 828 1
1475 804 1545 830 [ἰᾶσι
1568 805 1624 835 τοῖς
1641 801 1720 829 οὖσιν
1741 804 1769 830 ἐν
1790 803 1847 829 'Pd.

1072 856 1110 883 μῃ
1126 848 1278 882 ἀγαπητοῖς
1302 847 1379 874 Θεοῦ.
1397 857 1405 873 ι
1425 849 1462 874 Οὐ
1479 849 1534 882 γάρ
1551 849 1609 874 ἐστι
1626 848 1694 883 παρ’
1711 848 1782 883 αὐτῷ
1797 849 1846 874 δια-

1071 893 1150 928 στολὴ
1171 893 1297 920 πλουσίου
1313 893 1359 920 καὶ
1368 894 1493 927 πένητος.
1507 893 1573 920 Εἶτα
1584 894 1681 929 ἐπειδὴ
1694 891 1763 927 εἶπε,
1783 903 1791 919 1
1801 895 1846 920 Πᾶ-

1071 948 1139 971 σιν,›
1158 940 1201 966 ίνα
1216 940 1252 974 μὴ
1267 940 1376 966 εἴπωσι.
1392 940 1425 966 Τί
1439 938 1502 972 aint;
1517 940 1621 972 πάντας
1631 940 1777 975 ὁμοτίμους
1790 941 1844 975 ἡγῇ,

1070 985 1117 1011 καὶ
1131 985 1249 1019 ἀγαθοὺς
1260 985 1308 1012 καὶ
1323 985 1451 1019 φαύλους,
1461 986 1507 1012 καὶ
1519 988 1632 1018 πιστοὺς
1645 986 1695 1012 καὶ
1709 987 1842 1018 ἀπίστους;

1070 1030 1220 1066 ἑπισυνῆψε
1232 1037 1238 1044 ·
1256 1040 1264 1056 1
1280 1031 1394 1065 Κλητοῖς
1415 1031 1512 1065 ἁγίοις.
1529 1041 1537 1056 ι
1560 1031 1699 1063 ’Ἅπαντες
1724 1033 1774 1066 γὰρ
1782 1031 1843 1065 αὐτῴ

1070 1077 1093 1103 οἷ
1111 1077 1182 1111 ἅγιοι
1205 1077 1342 1112 ὁμότιμοι,
1359 1077 1405 1104 καὶ
1425 1077 1552 1113 διαστολὴ
1565 1077 1614 1104 οὐκ
1629 1077 1706 1104 ἔστιν
1717 1079 1744 1104 ὲν
1755 1078 1842 1108 αὐτοῖς.

1071 1123 1180 1158 Πρῶτον
1194 1123 1222 1149 δὲ
1249 1123 1290 1155 τὸ,
1307 1133 1316 1150 1
1334 1124 1498 1157 Ἀγαπητοῖς
1514 1123 1592 1154 Θεοῦ,
1604 1133 1613 1149 ι
1645 1123 1776 1155 τέθεικεν,
1795 1121 1843 1149 εἶτα

1069 1169 1110 1200 τὸ,
1131 1179 1139 1195 1
1152 1169 1267 1204 κλητοῖς
1281 1170 1379 1202 ἁγίοις.
1398 1178 1406 1194 ι
1422 1169 1506 1195 Πόθεν
1532 1169 1679 1204 ἐκλήθητε,
1699 1169 1794 1203 φησίνς
1819 1169 1844 1195 ἐκ

1069 1215 1153 1242 ποίων
1169 1215 1274 1247 πόνων;
1292 1215 1323 1241 ἐκ
1338 1214 1421 1241 ποίων
1438 1209 1679 1249 κατορθωμάτωνξ
1704 1214 1782 1241 πόθεν
1793 1214 1843 1240 ἐστὲ

1069 1264 1158 1297 ἅγιοι,
1175 1263 1231 1290 ἀλλ’
1245 1263 1261 1298 ἥ
1275 1263 1306 1288 ἐκ
1323 1262 1406 1297 μόνης
1420 1262 1468 1297 τῆς
1485 1261 1594 1296 ἀγάπης
1608 1261 1679 1288 Θεοῦ
1689 1271 1696 1295 ;
1707 1261 1787 1292 Αὐτὸς
1799 1260 1843 1295 γὰρ

1068 1309 1172 1343 δωρεὰν
1191 1309 1336 1344 ἀγαπήσας
1357 1309 1440 1342 ἡμᾶς,
1463 1308 1510 1334 καὶ
1531 1308 1563 1334 τὸ
1584 1305 1656 1342 αἷμα
1682 1307 1764 1334 αὑτοῦ
1786 1306 1841 1340 ὑπὲρ

1069 1354 1146 1389 ἡμῶν
1160 1352 1259 1388 ἐκχέας
1268 1373 1276 1384 ,
1295 1353 1424 1380 ἐκάλεσεν
1439 1353 1512 1388 ἡμᾶς
1524 1352 1562 1384 εἰς
1580 1353 1720 1388 ἁγιασμὸν
1733 1353 1776 1379 καὶ
1790 1351 1841 1385 κλῃ-

1070 1399 1198 1435 ρονομίαν
1223 1399 1272 1432 τῆς
1299 1398 1434 1434 βασιλείας
1450 1398 1542 1424 αὑτοῦ.
1564 1398 1609 1424 Διὸ
1630 1399 1678 1425 καὶ
1706 1397 1840 1432 πανταχοῦ,

1072 1456 1081 1472 1
1096 1446 1222 1480 Κλητοῖς,
1239 1455 1248 1470 ι
1265 1445 1362 1479 λέγων,
1382 1445 1431 1479 τῆς
1453 1444 1500 1471 τοῦ
1519 1445 1586 1471 Θεοῦ
1601 1446 1678 1480 ἡμᾶς
1702 1443 1841 1480 εὐεργεσίας

1069 1489 1281 1523 ἀναμιμνήσκει.
1303 1489 1406 1523 «Χάρις
1419 1489 1508 1523 ὑμῖν.)
1528 1489 1620 1520 Οὐδεὶς
1636 1490 1703 1524 γὰρ,
1721 1489 1806 1523 φησιν,
1819 1487 1841 1518 ἐξ

1069 1535 1157 1570 ἔργων
1180 1535 1290 1561 δύναται
1313 1535 1439 1570 σωθῆναι.
1465 1535 1551 1561 ι’Λπὸ
1571 1535 1638 1561 Θεοῦ
1666 1536 1793 1571 Πατρός.»
1815 1534 1840 1560 'll

1030 1563 1052 1592 c
1069 1563 1122 1616 γορ
1137 1581 1191 1608 ἀπὸ
1208 1581 1275 1607 Θεοῦ
1302 1563 1386 1617 χάριέ
1406 1582 1453 1608 καὶ
1475 1582 1568 1616 εἰρήνη
1598 1581 1628 1606 τὸ
1655 1563 1767 1616 βέϐαιον
1787 1580 1838 1614 ἔχει.

1068 1627 1104 1654 Τὸ
1130 1628 1174 1660 δὲ,
1201 1637 1210 1654 1
1234 1628 1299 1654 Ἀπὸ
1314 1628 1434 1664 Πατρὺς,
1452 1637 1461 1653 ι
1482 1628 1530 1663 τὴν
1559 1627 1696 1654 υἱοθεσίαν
1724 1627 1839 1654 ἐνδείκνυ-

1066 1681 1121 1699 ται.

227 1723 255 1745 et
285 1726 336 1752 pax
367 1727 426 1753 quae
456 1725 471 1745 a
500 1718 555 1745 Deo
589 1722 648 1751 est,
684 1718 859 1746 stabilitatem
895 1719 988 1746 habet.
1020 1718 1097 1752 Quod
1133 1725 1225 1747 autem
1261 1720 1372 1748 additur
1405 1730 1414 1746 1
1441 1721 1538 1755 Putre,
1566 1731 1574 1747 ι
1606 1727 1780 1757 auupuoncm
1803 1718 1839 1746 de-

226 1771 370 1794 monstrat.

262 1814 283 1845 l,
298 1813 374 1840 8—10.
398 1811 518 1838 Primum
539 1811 642 1847 quidem
667 1812 768 1846 gratias
794 1820 844 1846 ago
869 1811 922 1838 Deo
947 1819 1013 1843 meo,

227 1867 274 1894 per
292 1858 383 1885 Jesum
407 1857 538 1885 Christum
562 1865 609 1892 pro
629 1857 698 1884 vobis
722 1857 851 1889 omnibus,
869 1857 929 1892 quia
951 1857 1016 1891 ﬁdes

227 1909 312 1932 vestra
331 1903 509 1930 anmtntiatur
528 1903 555 1929 in
575 1903 696 1929 universo
718 1902 825 1929 munda.
849 1902 930 1929 Testis
946 1902 1015 1928 enim

227 1951 290 1977 mihi
305 1954 342 1976 est
358 1949 437 1981 Deus,
454 1957 530 1984 quem
545 1949 601 1975 colo
617 1949 643 1975 in
658 1949 752 1983 spiritu
769 1956 835 1979 meo,
848 1948 876 1975 in
893 1947 1016 1983 Evange-

229 1997 263 2022 lio
278 1995 338 2022 Filii
351 1995 417 2029 ejus,
434 1995 502 2029 quod
516 1995 694 2022 indesinenter
709 1995 865 2021 mentionem
883 1995 960 2021 nostri
975 1995 1016 2029 [a-

227 2043 296 2068 ciam
318 2049 326 2068 :
344 2049 447 2073 semper
461 2041 489 2067 iu
506 2042 624 2076 precibus
642 2041 706 2068 meis
721 2049 800 2068 orans
822 2041 844 2067 si
867 2049 917 2076 quo
938 2041 1014 2067 modo

223 2087 282 2121 jam
295 2087 400 2113 tandem
413 2095 567 2121 prosperum
580 2087 642 2113 mitti
654 2087 787 2122 contingat
799 2087 850 2113 iter
862 2094 909 2122 per
920 2086 1016 2114 volun-

227 2137 309 2160 tatem
327 2132 374 2159 Dei
389 2133 508 2160 veniendi
522 2135 556 2160 ad
567 2141 622 2160 vos.

262 2223 390 2258 Oportuit
410 2224 484 2251 enim
506 2233 521 2251 a
545 2224 693 2259 gratiarum
717 2224 825 2252 actione
848 2232 1013 2260 prommtum

226 2276 377 2301 assumere,
397 2274 425 2296 et
448 2270 550 2303 gratias
571 2277 662 2305 agere,
682 2277 736 2296 non
759 2277 809 2304 pro
831 2270 888 2297 suis
909 2274 1015 2297 tantum

227 2314 388 2346 virtutibus,
405 2322 499 2341 verum
518 2315 600 2342 etiam
624 2323 672 2350 pro
690 2315 732 2342 his
747 2323 808 2350 qua:
824 2316 1014 2350 proximorum

227 2367 291 2389 sunt
306 2370 312 2388 :
330 2370 391 2388 nam
408 2362 433 2388 id
449 2362 590 2390 charitatis
602 2368 654 2390 cst.
671 2372 679 2388 1
695 2363 749 2390 Deo
766 2371 837 2390 meo.
855 2373 864 2389 ι
882 2363 1014 2390 Dilectio-

227 2408 270 2435 nis
284 2412 312 2434 et
326 2408 427 2435 amoris
441 2407 572 2436 indicium
587 2414 644 2441 est;
664 2417 726 2435 nam
745 2416 808 2436 eum
837 2409 883 2443 qui
899 2413 1013 2436 cuncto—

227 2462 288 2482 rum
308 2454 380 2481 Deus
397 2459 440 2481 est
458 2454 508 2481 sibi
529 2455 670 2489 prop-imm
691 2455 765 2481 facit.
782 2464 790 2480 1
804 2454 856 2482 Per
875 2454 982 2482 Jesum.
1001 2465 1009 2480 ι

228 2500 287 2534 Ipse
311 2500 422 2534 quidem
444 2500 523 2528 nobis
546 2508 627 2527 causa
650 2505 694 2527 est
719 2500 869 2534 gratiarum
893 2500 1013 2528 actionis

227 2554 291 2582 erga
308 2545 415 2573 Patrem
439 2554 445 2572 :
470 2546 517 2581 qui
543 2551 571 2573 et
593 2553 643 2573 nos
666 2546 812 2579 assumpsit
831 2550 860 2572 et
879 2553 929 2573 suo
949 2554 1013 2572 san-

226 2592 308 2624 guine
329 2600 380 2619 nos
399 2591 436 2618 illi
458 2590 655 2618 reconciliavit.
680 2600 688 2615 1
706 2590 774 2623 Quia
795 2590 861 2618 fides
881 2595 981 2618 vestra.
1002 2601 1011 2617 ι

229 2635 384 2664 Verisimile
401 2636 473 2663 enim
489 2639 547 2662 erat
563 2634 634 2669 apud
649 2642 745 2661 onmes
764 2635 862 2669 passim
878 2634 1014 2670 divulgari

227 2681 307 2708 iidem
324 2681 519 2708 Romanorum.
538 2689 547 2705 1
563 2679 651 2706 Testis
663 2678 763 2706 enim.»
780 2679 876 2707 Merito
891 2680 973 2707 Deum
987 2681 1013 2707 iu

228 2722 325 2754 testem
340 2725 467 2756 adducit,
486 2732 548 2751 cum
574 2724 739 2759 persuadere
756 2725 837 2752 vellet
858 2725 1016 2753 hominibus

227 2773 329 2806 quibus
352 2771 461 2798 ditlieile
486 2776 559 2798 esset
587 2771 667 2806 205
691 2771 867 2806 persuadere.
898 2781 906 2796 1
928 2771 1014 2804 Quem

227 2819 299 2846 colo.
317 2829 325 2844 I
346 2818 402 2844 lloc
417 2817 521 2850 est,cui
539 2817 640 2845 servio.
662 2816 751 2844 Multa:
769 2823 832 2845 sunt
848 2823 938 2844 autem
956 2818 1013 2844 cul-

229 2869 272 2891 tus
287 2864 402 2898 species.
422 2862 564 2898 Siquidem
579 2868 605 2892 et
623 2863 669 2899 qui
687 2868 824 2898 precatur,
839 2867 867 2890 et
880 2864 925 2898 qui
940 2863 1013 2898 je-ju-

1104 1812 1224 1846 Πρῶτον
1235 1814 1293 1847 μὲν
1308 1812 1474 1847 εὐχαριστῶ
1485 1812 1524 1845 τῷ
1541 1813 1601 1846 Θεῷ
1613 1822 1675 1848 μου
1691 1814 1739 1841 διὰ
1755 1812 1837 1847 Ἰησοῦ

1068 1858 1196 1892 Χριστοῦ
1212 1859 1289 1893 ὑπὲρ
1310 1858 1430 1885 πάντων
1444 1857 1537 1893 ὑμῶν,
1553 1859 1597 1885 ὄτι
1613 1860 1632 1894 ἠ
1658 1861 1760 1893 πίστις
1771 1857 1838 1893 ὑμῶν

1069 1904 1300 1938 καταγγέλλεται
1319 1904 1353 1930 ἐν
1379 1903 1440 1936 ὅλῳ
1458 1903 1497 1935 τῷ
1515 1904 1628 1938 κόσμῳ.
1656 1905 1775 1939 Μάρτυς
1795 1902 1837 1937 πτίρ

1067 1949 1126 1983 μού
1139 1949 1226 1975 ἐστιν
1242 1950 1258 1975 ὁ
1280 1948 1361 1981 Θεὸς,
1377 1945 1401 1982 ᾧ
1424 1949 1556 1982 λατρεύω
1568 1943 1616 1975 ’ἐν
1640 1949 1681 1983 τῷ
1711 1947 1837 1982 πνεύματί

1066 2003 1135 2028 μου,
1156 1994 1191 2020 ἐν
1207 1994 1247 2026 τῷ
1262 1994 1434 2028 Εὐιιγγελίῳ
1452 1994 1506 2020 τοῦ
1517 1994 1584 2021 Υίοῦ
1597 1996 1703 2028 αὐτοῦ,
1718 1997 1756 2028 ὡς
1767 1994 1835 2021 ἀδια-

1067 2041 1194 2071 λείπτως
1202 2039 1310 2073 μνείαν
1323 2038 1406 2073 ὑμῶν
1419 2040 1557 2073 ποιοῦμαι
1570 2049 1576 2054 -
1593 2041 1722 2067 πάντοτε
1733 2040 1778 2066 ἐπὶ
1790 2037 1836 2065 τῶν

1067 2084 1247 2118 προσευχῶν
1257 2092 1317 2118 ⁴μου
1335 2084 1474 2118 δεόμενος
1491 2084 1581 2117 είπως
1594 2085 1652 2119 ἤδη
1667 2085 1740 2112 ποτὲ
1748 2083 1837 2111 εὐοδω-

1067 2130 1196 2164 θήσομαι
1219 2130 1253 2157 ἐν
1275 2129 1314 2163 τῷ
1331 2131 1472 2165 θελήματι
1491 2131 1541 2157 τοῦ
1561 2131 1635 2158 Θεοῦ
1657 2131 1755 2158 ἐλθεῖν
1775 2127 1836 2161 πρδς

1067 2174 1156 2210 ὑμᾶς.

1105 2222 1178 2248 Ἔδει
1209 2222 1263 2257 γὰρ
1285 2221 1314 2255 ἐξ
1336 2222 1511 2257 εὐχαριστίας
1530 2222 1774 2259 προοιμιάσασθαι,
1798 2218 1834 2245 εὑ-

1068 2269 1208 2303 χαριστεῐν
1225 2267 1264 2299 δὲ,
1284 2267 1314 2293 οὗ
1337 2267 1417 2302 μόνον
1430 2269 1500 2304 ὑπὲρ
1517 2269 1572 2295 τῶν
1586 2270 1659 2296 ίδίων
1673 2265 1834 2302 κατορθωμά-

1068 2323 1131 2348 των,
1146 2315 1216 2341 ἀλλὰ
1239 2315 1286 2341 καὶ
1310 2314 1381 2350 ὑπὲρ
1401 2315 1455 2341 τῶν
1472 2315 1519 2341 τοῦ
1547 2315 1672 2351 πλησίον.
1695 2314 1774 2341 Τοῦτο
1792 2312 1834 2345 γὰρ

1068 2361 1188 2395 ἀγάπης.
1217 2361 1283 2395 (Τῷ
1307 2360 1367 2396 Θεῷ
1399 2370 1476 2396 μου.»
1505 2361 1627 2396 Ἀγάπης
1655 2362 1772 2396 σημεῖον.
1793 2357 1834 2383 Τὸν

1068 2406 1121 2440 γὰρ
1135 2405 1262 2431 ἁπάντων
1285 2405 1350 2432 Θεὸν
1372 2406 1548 2434 ίδιοποιεῖται.
1570 2408 1640 2434 ista
1661 2405 1770 2442 Ἰησοῦ.»
1790 2401 1834 2429 Αὖ-

1068 2452 1114 2482 τδς
1128 2451 1181 2486 γὰρ
1201 2451 1267 2486 ἡμῖν
1281 2451 1366 2483 αἴτιος
1377 2452 1426 2486 τῆς
1440 2453 1479 2484 είς
1492 2452 1536 2478 τὸν
1548 2453 1658 2488 Πατέρα
1669 2448 1833 2486 εὐχαριστίας»

1068 2497 1082 2522 ὁ
1099 2497 1145 2522 καὶ
1162 2496 1379 2530 προσλαϐόμενος
1395 2498 1478 2532 ἡμᾶς,
1493 2497 1539 2524 καὶ
1548 2497 1586 2534 τῷ
1604 2498 1660 2533 ἰδίῳ
1671 2497 1762 2532 αἵματι
1778 2491 1832 2526 “Pb;

1068 2543 1155 2568 ὲκείνο
1170 2542 1350 2574 καταλλάξπς.
1377 2543 1482 2578 ι”υτιή
1499 2543 1590 2575 πίστις
1606 2543 1706 2578 ὑμῶν.»
1725 2541 1775 2575 Τὴν
1789 2539 1832 2572 γάρ

1067 2588 1122 2614 τῶν
1148 2588 1292 2623 Ῥωμαίων
1313 2588 1404 2614 πίστιν
1429 2589 1478 2615 οὐκ
1502 2589 1615 2621 ἀπεικὸς
1650 2587 1682 2625 ἦν
1712 2584 1831 2613 λαλεῖσθαι

1069 2631 1145 2667 παρὰ
1169 2632 1288 2658 πάντων.
1319 2632 1445 2666 (Μάρτυς
1474 2633 1554 2668 γάρ.»
1579 2634 1694 2665 Εἰκότως
1715 2632 1757 2658 τὸν
1779 2627 1831 2655 Θεδν

1067 2678 1129 2712 ἄγει
1144 2678 1280 2713 μάρτυρα,
1295 2677 1448 2712 ἀγνώστους
1462 2679 1621 2714 ἀνθρώπους
1644 2679 1743 2706 πείθειν
1753 2673 1831 2711 βουλό-

1068 2733 1159 2760 μενος,
1187 2734 1196 2749 1
1208 2721 1243 2759 ’ᾭ
1264 2724 1396 2759 λατρεύω,
1413 2735 1421 2750 ι
1437 2723 1510 2758 Οἴου,
1530 2726 1657 2753 δουλεύω.
1688 2723 1768 2752 Πολλὰ
1786 2719 1829 2754 γὰρ

1067 2772 1124 2804 εἴδη
1139 2771 1276 2806 λατρείας.
1294 2770 1347 2797 Καὶ
1371 2771 1423 2806 γὰρ
1442 2772 1488 2798 καὶ
1503 2773 1516 2798 ὁ
1532 2773 1752 2808 προσευχόμενος,
1768 2765 1829 2794 καὶὸ

1067 2816 1178 2851 νηστείᾳ
1194 2814 1343 2850 χρώμενος,
1355 2816 1402 2843 καὶ
1412 2817 1486 2849 ὁτοῐς
1499 2817 1581 2849 θείοις
1594 2818 1682 2852 λόγοις
1694 2813 1827 2851 προσέχων,

1067 2863 1114 2889 καὶ
1146 2863 1235 2897 μέντοι
1256 2863 1301 2889 καὶ
1325 2864 1338 2888 ὁ
1355 2863 1403 2896 τῆς
1425 2863 1478 2890 τῶν
1495 2863 1576 2895 ξένων
1593 2862 1735 2900 θεραπείας
1749 2861 1827 2890 ἓτειὶη·

1030 2217 1052 2244 ι)
