1881 3051
76 140 131 174 329

612 140 807 172 COMMENT.
825 141 866 171 ΙΝ
883 139 1003 170 EPIST.
1020 140 1070 170 AD
1090 139 1182 170 ROM.

1661 140 1716 175 330

77 197 222 231 λούμενος,
238 195 300 232 Θεῷ
314 194 453 231 λατρεύει.
475 194 506 222 Ὀ
530 194 558 222 δέ
581 205 612 229 γε
624 196 696 229 θεῖος
712 196 872 229 ’Λπὸστολος

961 204 971 223 )
985 203 1087 231 corpus
1102 196 1206 231 aﬂligit,
1228 199 1256 223 et
1277 195 1324 231 qui
1343 195 1446 224 divinis
1465 202 1586 225 mentem
1602 198 1717 227 adhibet

77 242 222 278 λατρεύειν
247 241 332 277 ἔφησε
353 240 424 277 Θεῷ,
440 241 470 268 τδ
485 241 533 268 τοῦ
556 241 622 268 Υἰοῦ
638 243 800 278 προσφέρων
814 244 870 275 τοῖς

78 289 185 315 ἔθνεσιν
201 287 377 321 Εὑαγγὲλιον.
403 287 457 313 Καὶ
470 287 611 322 λατρεύειν
625 288 653 314 ἐν
668 288 706 323 τῷ
724 288 869 324 πνεύματι,

76 334 218 361 τουτέστιν
233 334 262 359 ὲν
275 332 313 368 τῷ
328 333 462 368 διδομένῳ
476 333 636 367 χαρίσματι.
654 332 699 366 Ἢ,
713 335 754 360 ὃτι
779 334 816 361 Οὐ
837 336 869 370 τῇ

77 381 131 414 ἐμῇ
146 379 250 414 σπουδῇ
273 378 378 413 ὑπῆρξέ
400 386 445 413 μοι
462 379 492 405 τὸ
507 378 648 414 λατρεύειν
666 378 736 415 Θεῷ,
753 379 820 406 ἀλλὰ
837 381 870 416 τῇ

66 426 124 462 ,τοῦ
141 425 299 460 Πνεύματο;
311 425 413 460 χάριτι.
433 425 479 457 Ἦ,
493 425 533 451 ὁτι
545 426 582 452 Οὐ
597 427 714 461 σαρκική
732 426 782 460 μού
797 426 872 453 ἐστιν

77 472 95 506 ή
113 471 238 506 λατρεία,
265 471 332 497 ἀλλά
358 471 544 506 πνευματική.
565 471 612 498 Ἐκ
635 471 730 498 τούτου
750 471 871 498 δείκνυσι

77 518 152 544 κατὰ
176 518 207 544 τὸ
227 518 375 552 ἀναγκαῖον
399 517 540 552 μεριμνῶν
565 517 636 554 ὺπέρ
653 517 754 551 αὐτῶν,
768 518 805 550 ὡς
826 518 872 544 τὸν

77 564 161 599 λόγον
174 564 340 599 δεξαμένων,
360 564 408 590 καὶ
423 563 550 599 δέχεσθαι
573 563 734 598 μελλόντων.
750 573 759 589 ι
771 564 815 590 Ἑν
833 563 872 599 τῷ

78 610 244 646 Εὑαγγελίῳ
258 610 305 636 τοῦ
322 609 389 636 Υἱοῦ
408 610 502 636 αὑτοῦ.
517 618 526 635 )
549 610 631 645 Ὁρᾷς
645 610 684 636 ὅτι
703 609 760 636 ἀνω
775 610 870 643 εἰπὼν,

78 657 120 687 είς
146 656 313 690 [εὐαγγέλιον
340 655 420 686 Θεοῦ,
445 654 492 681 τοῦ
518 653 636 690 Χριστοῦ
664 654 773 687 ἑλεγενς
801 663 810 680 I
827 654 872 686 Ὠς

78 702 273 733 ἀδιαλείπτως,
288 711 297 727 ι
326 701 373 728 καὶ
398 701 431 727 τὰ
458 700 531 736 ἑξῆς.
563 700 684 734 Ἀγάπης
707 699 872 735 εἰλικρινοῦς

78 748 110 775 τὸ
145 748 192 774 καὶ
219 747 387 783 μεμνῆσθαι,
406 747 453 774 καὶ
474 747 654 778 ἀδιαλείπτως
672 747 752 773 τοῦτο
774 748 872 780 ποιεῖν,

78 794 128 820 καὶ
147 794 265 829 μάλιστα
276 795 304 820 ἐν
320 794 495 829 προσευχαῖς.
512 802 521 818 t
532 793 664 827 Δεόμενος
676 792 793 824 εἷπως.ι
816 793 872 819 Καὶ

78 840 137 875 γὰρ
154 839 241 865 ἐλθεῖν
264 839 406 874 ἠπείγετο,
426 839 473 865 καὶ
488 838 564 873 παρὰ
576 839 606 864 τὸ
617 837 724 873 θέλημα
742 837 789 864 τοῦ
804 837 872 864 Θεοῦ

925 242 1112 275 sermonibus,
1135 246 1268 278 praeterea
1283 248 1311 270 et
1326 243 1374 278 qui
1392 243 1538 271 ministerii
1558 245 1718 281 peregrino-

925 297 986 316 rum
1010 296 1106 316 curam
1127 289 1209 324 gerit,
1234 289 1279 316 hic
1306 289 1391 316 Deum
1415 290 1492 317 colit.
1522 290 1606 318 Divus
1625 295 1716 319 autent

925 335 1074 370 Apostolus
1090 335 1175 363 Deum
1194 343 1222 363 se
1238 336 1330 363 colere
1349 336 1429 368 dixit,
1447 337 1520 372 quod
1538 337 1718 372 Erangelium

925 381 986 408 Filii
1008 381 1095 416 ipsius
1108 381 1237 417 gentibus
1253 381 1415 416 prxdicaret
1435 391 1441 408 :
1461 387 1489 409 et
1508 383 1599 410 colere
1616 383 1643 411 in
1659 384 1717 418 spi-

926 427 992 460 ritu,
1008 427 1061 455 hoc
1078 433 1120 455 est
1137 429 1163 454 in
1180 428 1244 455 dato
1257 428 1310 456 sibi
1327 429 1410 456 dono.
1426 429 1485 461 Vel,
1507 429 1566 456 Non
1584 437 1657 461 meo,
1677 430 1719 456 in-

926 472 996 507 quit,
1016 477 1117 500 conatu
1141 473 1257 508 contigit
1278 473 1343 500 mihi
1368 473 1453 500 Deum
1477 473 1578 506 colere,
1599 473 1647 500 sed
1672 483 1721 509 per

927 519 1041 554 gratiam
1053 519 1182 554 Spiritus.
1196 521 1250 546 Aut
1269 520 1320 547 hoc
1334 519 1400 546 dicit
1416 528 1422 546 :
1438 519 1496 546 Non
1516 519 1582 547 mihi
1600 521 1720 547 carnalis

926 565 1019 592 cultus
1032 570 1084 598 est,
1099 566 1146 593 sed
1162 566 1323 601 spiritualis.
1341 566 1375 593 Et
1389 575 1422 593 ex
1440 567 1492 594 hoc
1507 567 1630 594 ostendit
1644 567 1718 602 quod

926 613 1084 639 necessario
1101 620 1194 640 curam
1219 613 1329 639 illorum
1353 613 1462 643 habeat.
1484 618 1514 640 ut
1535 614 1581 648 qui
1603 615 1717 641 verbum

927 659 1115 693 suscepissent
1134 659 1347 694 snseepturique
1365 665 1467 687 essent.
1488 670 1496 685 ι
1518 660 1547 687 In
1570 660 1718 695 Evangelia

927 704 988 731 Filii
1000 706 1069 739 ejus.
1083 714 1090 730 ι
1104 704 1186 731 Vides
1197 704 1269 739 quod
1287 705 1313 731 in
1332 705 1552 740 praecedentibus
1567 713 1628 732 eum
1645 705 1720 733 diee-

927 755 968 778 t'ct
989 759 994 777 :
1024 761 1032 777 ι
1054 751 1082 778 In
1108 751 1285 786 Evangelium
1311 751 1369 784 Dei,
1391 762 1400 777 ι
1429 752 1529 779 dixerit
1554 751 1720 779 Christum?

931 807 939 823 ι
956 797 1034 831 Quod
1052 798 1253 830 indesinenter,
1273 808 1282 824 ι
1301 804 1356 826 etc.
1373 798 1494 826 Sincera:
1507 798 1650 826 charitatis
1666 804 1718 830 est,

926 850 954 871 et
968 845 1136 872 mentionem
1156 844 1256 878 facere,
1272 849 1300 872 ct
1316 853 1425 879 semper
1443 844 1494 871 hoc
1511 844 1602 872 facere
1613 865 1619 877 ,
1639 844 1721 879 idque

77 886 162 912 τοῦτο
178 886 282 920 πρᾶξαι
308 886 357 912 οὐκ
382 884 517 911 ἐϐούλετο.
531 885 567 911 Τὸ
583 884 622 917 δὲ,
645 884 696 920 ἠδη
717 883 793 917 ποτὲ,
814 884 872 911 ἀντὶ

961 890 1045 917 ixime
1066 890 1092 917 in
1112 891 1329 926 precationibus.
1353 901 1361 917 ι
1379 891 1468 918 Orans
1484 891 1505 918 si
1522 898 1577 926 quo
1599 890 1692 917 modo.
1707 899 1717 916 ι

78 932 149 966 τοῦ,
178 932 228 967 ὀψέ
246 932 424 968 ποτε.“οπερ
460 931 519 958 ἐστὶ
551 931 656 968 σφόδρα
681 931 872 966 ἐπειγομένου.

81 988 92 1004 «
107 979 339 1015 Ὲύωδωθήσομαι.
358 989 368 1005 ι
389 978 532 1013 Εὑκολίαν,
548 978 625 1014 φησὶ,
646 977 750 1014 σχοίην,
767 978 813 1005 καὶ
826 978 873 1006 ἐπὶ

79 1024 156 1059 χαὶ-ᾦ
172 1025 221 1060 τὴν
238 1026 306 1060 πρὸς
322 1025 393 1060 ὑμᾶς
411 1025 478 1052 ὀδόν.

926 935 1035 963 Etenim
1053 936 1189 971 proﬁcisci
1207 936 1384 971 properabat,
1400 941 1426 963 et
1448 941 1548 971 praeter
1565 936 1612 963 Dei
1627 935 1723 962 voluti-

928 987 1012 1010 tatem
1032 982 1059 1010 id
1076 983 1166 1010 facere
1189 983 1311 1010 nolebat.
1335 982 1404 1010 Illud
1422 991 1498 1016 vero,
1518 983 1578 1010 Jam
1597 981 1720 1013 tandem.

926 1027 979 1055 hoc
998 1032 1041 1055 est
1058 1036 1121 1056 sero
1162 1028 1287 1061 tandem,
1304 1027 1484 1056 vehementer
1506 1027 1679 1063 properantis
1693 1035 1723 1064 οι

78 1072 204 1106 optantis
223 1076 276 1099 est.
298 1082 307 1098 ι
328 1073 495 1106 Prosperum
520 1071 588 1100 mihi
613 1072 755 1108 contingat
778 1072 841 1100 iter.
861 1083 870 1098 ι
894 1074 1077 1109 Facilitatem,
1089 1075 1190 1111 inquit,
1207 1075 1335 1108 habeant,
1352 1079 1380 1103 et
1394 1075 1428 1103 ad
1459 1075 1541 1102 ﬁnem
1574 1075 1723 1102 honestum

78 1119 135 1146 iter
152 1119 186 1146 ad
203 1127 261 1146 vos.

121 1168 271 1195 Ἐπιποθῶ
291 1169 345 1203 τὰρ
369 1168 444 1196 ἰδεῖν
457 1168 545 1204 ὑμᾶς,
560 1169 611 1196 ἵνα
623 1178 650 1196 τι
660 1169 778 1204 μεταδῶ
785 1170 868 1205 χάρι-

79 1223 143 1249 σμα
159 1215 230 1250 ὑμῖν
238 1215 452 1249 πνευματικὸν,
468 1217 511 1248 εὶς
521 1216 555 1242 τὸ
570 1215 769 1250 στηριχθῆναι
782 1216 874 1251 ὑμᾶς·

79 1261 169 1288 τοῦτο
197 1261 231 1288 δέ
253 1262 332 1293 ἐστι,
356 1262 651 1297 συμπαρακληθῆγαι
678 1262 714 1289 ἐν
740 1262 811 1298 ὑμῖν
827 1263 876 1290 διὰ

79 1307 138 1342 τῆς
161 1308 197 1334 ἐν
218 1308 364 1342 ἀλλήλοις
401 1308 542 1341 πίστεως,
575 1307 659 1342 ὑμῶν
677 1317 709 1335 τε
726 1308 776 1335 καὶ
790 1308 874 1344 ἐμοῦ.

117 1354 173 1389 Οὐχ
190 1354 283 1386 ἁπλῶς
294 1355 332 1386 δέ,
343 1354 422 1390 φησὶ,
435 1354 482 1381 καὶ
491 1355 627 1389 ἀνονήτως
639 1355 702 1381 ίδεῖν
713 1355 784 1390 ὑμᾶς
794 1363 877 1382 σπου-

81 1399 165 1432 δάζω,
177 1399 235 1426 ἀλλ’
253 1399 324 1426 ὥστε
339 1401 464 1435 χάρισμα
481 1399 654 1435 μεταδοῦναι.
668 1400 750 1434 Λέγει
770 1400 799 1426 δὲ
823 1400 873 1435 τὴν

80 1445 192 1481 διδαχὴν
206 1446 253 1472 καὶ
270 1446 319 1482 τὴν
336 1447 499 1481 κατήχησιν.
513 1446 599 1472 Τοῦτο
612 1446 664 1481 γὰρ
679 1447 709 1473 τὺ
726 1446 874 1482 στηριχθῆ-

81 1501 139 1525 ναι,
150 1492 187 1524 ὡς
205 1493 391 1528 εἰκδς,ἀκμὴν
402 1493 592 1528 σαλευομένων
606 1493 706 1520 αὐτῶν.
721 1493 758 1520 Τὸ
766 1494 794 1520 δὲ
804 1503 814 1519 ι
831 1494 874 1520 ἵνα

81 1547 118 1570 τι,
133 1547 143 1564 ι
165 1539 355 1573 μετριάζοντὸς
368 1539 453 1571 ἐστιν,
465 1538 530 1565 ὡσεὶ
546 1535 634 1572 εἶπεν,
648 1538 705 1566 Ἰνα
723 1539 820 1574 μικρόν
835 1547 872 1565 τι.
890 1556 912 1586 c

83 1583 121 1611 Τὸ
136 1584 164 1610 δὲ
182 1594 191 1610 t
207 1584 324 1611 Μεταδῶ
341 1594 350 1610 ι
368 1585 452 1620 δηλοῖ,
464 1586 505 1612 ὅτι
521 1585 580 1611 Οὐκ
595 1584 662 1619 ἐμόν
676 1593 701 1611 τι
715 1584 805 1618 δώσω,
818 1584 875 1611 ἀλλ’

83 1637 152 1664 ὅπερ
167 1630 213 1656 καὶ
228 1629 284 1663 ἐγὼ
296 1629 402 1656 ἔλαϐον.
423 1639 432 1656 ι
452 1630 499 1662 Εἰς
517 1630 549 1656 τὺ
564 1629 744 1664 στηριχθῆναι
763 1631 846 1666 ὑμᾶς.
863 1640 873 1656 ›

83 1673 122 1701 οὐ
139 1675 193 1710 γὰρ
221 1675 319 1710 μικρὸν
339 1676 472 1711 χάρισμα,
490 1676 520 1702 τὸ
543 1676 582 1711 μὴ
605 1675 766 1702 σαλεύεσθαι
780 1678 813 1712 τῇ
831 1678 875 1704 πί-

83 1729 153 1748 στει.
187 1730 196 1747 ι
225 1721 508 1757 Συμπαρακληθῆναι.
543 1731 551 1747 ι
585 1721 694 1757 Ἐπειδὴ
724 1724 876 1759 στηριγμοῦ

83 1767 218 1803 ἐμνήσθη,
238 1768 281 1794 ἵνα
299 1769 336 1803 μὴ
352 1768 461 1804 λυπήσῃ
476 1768 574 1799 αὐτοὺς
595 1769 632 1800 ὼς
650 1769 690 1795 ὅτι
705 1768 875 1802 σαλεύονται,

83 1814 183 1848 ἐπάγει
209 1814 250 1840 τό·
267 1823 276 1840 ‹
291 1814 576 1849 Συμπαρακληθῆναι,
594 1824 602 1840 ι
621 1815 759 1841 τουτέστιν
776 1815 819 1842 ἵνα
830 1816 877 1843 καὶ

83 1861 140 1896 ἐγὼ
153 1861 237 1896 ὑμᾶς,
250 1861 298 1887 καὶ
330 1861 409 1896 ὑμεῖς
433 1862 482 1896 ἐμὲ
508 1861 731 1896 παρακαλέσητε.
750 1861 805 1896 Τῆς
823 1862 877 1898 γὰρ

82 1907 217 1942 ἀλλήλων,
231 1908 309 1944 φησὶ,
326 1907 442 1942 δεόμεθα
458 1907 669 1942 παρακλήσεως,
680 1907 723 1933 διὰ
736 1907 785 1944 τῆς
801 1907 877 1934 ἐνού-

83 1962 134 1990 σης
150 1955 215 1989 ἡμῖν
231 1954 360 1984 πίστεως.
373 1953 480 1989 Σφόδρα
492 1954 521 1980 δὲ
538 1953 690 1989 μετριάζει.
711 1954 771 1980 Ἐνι
783 1953 812 1980 δὲ
832 1955 878 1981 καὶ¹

82 2001 170 2032 anno;
186 2001 282 2036 νοῆσαι
292 2000 341 2035 τὴν
358 2000 541 2036 παράκλησιν,
553 1999 623 2032 Ἵνα,
637 2001 730 2036 φησιν,
739 2001 817 2035 ὑμεῖς
827 2001 878 2035 μὲν

82 2050 150 2085 παρ’
171 2048 238 2083 ἐμοῦ
251 2049 289 2080 είς
303 2050 352 2083 τὴν
366 2049 460 2075 πίστιν
486 2048 696 2083 παρακληθῆτε,
721 2048 777 2082 ἐγὼ
795 2048 823 2074 δὲ
837 2048 877 2079 είς

82 2095 267 2132 εὐφροσύνην.
279 2096 348 2131 ὁρῶν
360 2096 432 2130 ὑμᾶς
450 2096 716 2126 πεπιστευκότας.“11
729 2095 826 2127 οὕτως·
841 2094 878 2121 Τὸ

84 2142 249 2177 μεταδοῦναι
262 2143 325 2177 ὑμῖν
340 2143 472 2177 χάρισμα,
484 2142 532 2168 οὐκ
548 2142 623 2168 ἔστιν
632 2141 697 2176 ἐμὸν
712 2141 814 2176 μόνονῆ
829 2141 878 2176 τῆς

83 2188 155 2225 ἐμῆς
167 2190 354 2225 προαιρέσεως
366 2190 412 2216 καὶ
422 2189 571 2222 διακονίας,
589 2188 656 2214 ἀλλὰ
664 2188 752 2214 κοινὸν
769 2187 837 2223 ἐμοῦ
848 2197 878 2214 τε

958 1174 978 1204 Ι.
993 1174 1036 1207 Η,
1050 1174 1091 1202 12.
1100 1173 1224 1201 Desidero
1232 1174 1302 1200 enim
1311 1173 1397 1200 uidere
1407 1181 1462 1204 vos,
1471 1171 1723 1207 utaliquidlradam

929 1221 1000 1248 vobis
1006 1221 1101 1256 gratia?
1108 1221 1269 1256 spiritualis,
1279 1220 1315 1247 ad
1323 1219 1535 1254 conﬁrmandum
1545 1227 1588 1246 vos
1598 1227 1606 1246 :
1615 1219 1662 1245 hoc
1672 1222 1722 1251 est,

929 1269 959 1292 ut
981 1265 1064 1292 simul
1081 1265 1289 1292 consolationem
1306 1265 1436 1300 accipiam
1454 1265 1482 1292 in
1503 1264 1572 1292 vobis
1592 1272 1640 1300 per
1663 1272 1724 1291 mtt-

929 1316 1004 1338 tuam
1017 1311 1097 1346 [idem
1110 1316 1224 1338 vestram
1235 1310 1316 1338 simul
1330 1314 1354 1337 et
1374 1319 1471 1337 meam.

964 1357 1024 1385 Non
1041 1357 1157 1393 vulgari,
1178 1356 1279 1392 inquit,
1307 1356 1426 1384 modoet
1441 1356 1502 1384 sine
1518 1355 1610 1383 fructu
1628 1355 1723 1384 videre

927 1411 977 1431 vos
1000 1403 1093 1438 cupio,
1119 1402 1167 1430 sed
1193 1407 1222 1430 ut
1248 1402 1363 1438 gratiam
1390 1402 1508 1429 tradam.
1535 1402 1607 1429 Dicit
1628 1405 1722 1428 autent

928 1449 1082 1477 doctrinam
1096 1454 1124 1476 et
1135 1449 1348 1476 institutionem.
1358 1448 1425 1475 Nam
1435 1448 1487 1475 hoc
1496 1451 1539 1475 est
1551 1448 1722 1481 conﬁrmari,

930 1499 960 1522 ut
990 1494 1140 1522 verisimile
1166 1494 1250 1522 fuerit
1270 1494 1344 1529 ipsos
1377 1494 1554 1521 vehementer
1575 1493 1722 1521 ﬂuctuare.

928 1541 998 1568 Illud
1009 1548 1076 1568 vero
1089 1560 1096 1572 ,
1111 1549 1120 1566 ι
1139 1545 1170 1567 ut
1186 1539 1303 1575 aliquid,
1325 1549 1334 1566 ι
1347 1539 1464 1567 modesti
1476 1540 1561 1567 animi
1584 1543 1636 1572 est,
1652 1548 1684 1567 ac
1698 1540 1722 1567 si

928 1586 1017 1613 dicat:
1031 1586 1066 1614 Ut
1080 1585 1220 1612 modicum
1235 1585 1388 1620 quippiam.
1418 1585 1496 1618 Quod
1524 1589 1616 1612 autetn
1646 1585 1723 1612 addit

929 1632 1047 1667 μεταδῶ,
1080 1641 1089 1657 ι
1109 1631 1238 1664 Tradam,
1258 1641 1266 1657 ι
1281 1631 1429 1667 signiﬁcat.
1443 1632 1517 1658 Νιίιίι
1534 1631 1608 1666 quod
1628 1640 1721 1659 memn

927 1678 963 1706 sit
977 1677 1059 1711 dabo,
1079 1678 1126 1706 sed
1141 1678 1215 1713 quod
1240 1682 1330 1713 etego
1349 1677 1455 1713 accepi.
1474 1687 1482 1703 ι
1502 1677 1542 1705 Ad
1557 1678 1723 1706 conﬁrman-

928 1724 994 1751 dum
1008 1732 1066 1752 vos.
1090 1734 1099 1750 ι
1118 1724 1214 1760 Neque
1231 1725 1306 1752 enim
1334 1732 1450 1759 parvum
1471 1724 1576 1752 donum
1599 1729 1642 1752 est
1666 1733 1722 1758 non

928 1770 1061 1799 ﬂuctuare
1076 1771 1104 1798 in
1130 1770 1197 1798 ﬁde.
1217 1781 1225 1796 ι
1243 1771 1278 1799 Ut
1303 1771 1385 1798 simul
1404 1771 1623 1799 consolationem
1647 1772 1722 1799 acci-

927 1818 1011 1853 piam.
1036 1827 1044 1843 I
1081 1819 1230 1854 Postquam
1263 1818 1482 1846 conﬁrmationis
1517 1819 1654 1852 meminit,
1687 1828 1722 1846 ne

928 1865 1074 1893 contristet
1104 1873 1153 1893 eos
1176 1865 1253 1900 quasi
1281 1865 1417 1892 ﬂuctuare
1440 1866 1579 1898 dicantur,
1607 1866 1721 1893 subdit:

932 1921 940 1938 ι
958 1912 993 1940 Ut
1006 1912 1088 1939 simul
1103 1912 1322 1939 consolationem
1339 1912 1483 1946 accipiant,
1498 1921 1507 1937 ι
1523 1912 1574 1939 hoc
1589 1917 1641 1945 est,
1655 1917 1685 1939 ut
1695 1917 1724 1940 et

928 1967 979 1993 ego
996 1949 1055 1991 vos},
1070 1962 1099 1985 et
1111 1965 1160 1986 vos
1175 1966 1219 1986 me
1235 1958 1436 1990 consolemini;
1453 1963 1547 1985 mutua
1566 1958 1640 1985 enim
1659 1967 1724 1994 ege-

929 2012 991 2031 mus
1007 2004 1209 2037 consolatione,
1232 2004 1353 2039 quaeliat
1377 2012 1426 2039 per
1455 2004 1663 2031 inexsistentem
1694 2005 1723 2032 in

929 2050 1010 2077 nobis
1027 2049 1120 2077 ﬁdetn.
1141 2049 1265 2085 Magnam
1285 2053 1378 2076 autem
1400 2049 1524 2077 ostendit
1549 2049 1722 2077 modestiam.

929 2097 1024 2124 Potest
1036 2096 1089 2124 hoc
1114 2104 1224 2132 quoque
1240 2096 1323 2123 modo
1346 2096 1500 2124 consolatio
1514 2096 1572 2123 hac
1586 2096 1701 2131 intelligi
1716 2106 1723 2124 :

932 2142 968 2170 Ut
978 2142 1144 2178 vosquidem
1154 2151 1169 2169 a
1178 2151 1221 2170 me
1232 2143 1265 2170 ad
1275 2142 1356 2169 ﬁdem
1369 2141 1559 2169 consolatione
1567 2142 1722 2175 dueamini,

930 2190 1012 2225 206
1026 2198 1077 2225 ego
1105 2198 1171 2217 vero
1184 2189 1218 2216 ad
1239 2189 1455 2216 oblectationem
1468 2188 1585 2221 alliciar,
1600 2197 1661 2215 cum
1676 2197 1724 2216 vos

83 2236 225 2272 meum.
238 2236 294 2271 Τῆς
306 2235 443 2267 διακονίας
451 2236 501 2271 μὲν
512 2236 561 2270 τῆς
577 2235 656 2270 ἐμῆς,
669 2234 718 2268 τῆς
729 2233 756 2261 δὲ
774 2235 872 2270 ὑπουρ-

962 2236 1078 2263 edentcs
1090 2235 1208 2263 videam.
1224 2235 1272 2263 Vel
1286 2235 1339 2261 ita:
1358 2234 1480 2262 Tradere
1505 2235 1584 2262 vobis
1610 2236 1724 2270 gratiam

83 2282 147 2316 γίας
157 2283 206 2316 τῆς
214 2282 360 2318 ὑμετέρας.
372 2282 428 2308 Καὶ
442 2281 502 2308 οὐδὲ
513 2281 574 2307 τότε
586 2280 690 2313 ἁπλῶς,
700 2279 767 2306 ἀλλὰ
778 2280 823 2306 διὰ
829 2280 878 2314 τῆς

83 2332 112 2356 ἐν
125 2329 251 2364 ἀλλήλοις
259 2329 384 2361 πίστεως.
393 2329 454 2360 Πῶς
466 2328 513 2355 καὶ
522 2329 582 2354 τίνα
596 2327 696 2362 τρόπον
707 2335 714 2361 ;
733 2327 878 2353 Ἑὰναὺτοὶ

85 2377 179 2412 ἔχητε,
200 2377 278 2412 φησι,
301 2376 394 2403 πίστιν
410 2376 456 2403 τοῦ
474 2376 567 2402 λαϐεῖν
581 2375 612 2402 τὸ
627 2375 762 2411 χάρισμα,
777 2374 832 2410 ἐγώ
849 2383 878 2402 τε

85 2424 169 2451 πάλιν
195 2424 287 2450 πίστιν
306 2423 353 2451 τοῦ
378 2423 470 2450 δοῦναι
495 2423 571 2458 ὑμῖν.
590 2423 652 2449 Ἐὰν
678 2423 732 2458 γὰρ
757 2422 812 2456 ἐγὼ
830 2422 879 2457 μὲν

85 2472 181 2498 πίστιν
195 2471 251 2506 ἔχω
266 2470 312 2497 τοῦ
327 2471 432 2503 δοῦναι,
455 2471 502 2497 καὶ
516 2470 599 2496 πολὺν
612 2469 706 2504 ἀγῶνα
729 2470 776 2496 καὶ
794 2478 880 2495 σπου-

85 2518 145 2553 δὴν,
162 2518 241 2553 ὑμεῖς
250 2518 279 2545 δὲ
293 2518 343 2544 οὐκ
358 2518 439 2553 ἔχητε
454 2517 545 2543 πίστιν
560 2516 605 2543 τοῦ
625 2516 729 2548 λαϐεῖν,
745 2516 800 2542 οὐδ’
819 2517 880 2542 ἐπι-

85 2565 189 2601 θυμίαν
203 2564 251 2592 καὶ
264 2563 425 2599 ἐπιμέλειαν
437 2563 502 2598 περὶ
513 2563 542 2589 τὸ
561 2562 666 2594 λαϐεῖν,
682 2562 712 2588 οὺ
728 2562 879 2597 παραγίνε-

84 2621 129 2639 ται
145 2612 221 2646 ὑμῖν,
238 2611 290 2638 κᾶν
311 2611 366 2645 ἐγὼ
382 2610 533 2646 βούλωμαι,
547 2610 578 2635 τὺ
591 2610 714 2645 χάρισμα
722 2610 753 2635 τὸ
762 2618 881 2643 πνευμα-

84 2660 172 2686 τικά-ι.
189 2661 236 2685 Δεῖ
245 2657 292 2686 οὖν
309 2659 451 2693 ἀμφότερα
474 2657 647 2692 συνδραμεῖν,
665 2656 750 2682 καὶτὸ
761 2656 791 2687 ἐξ
803 2656 879 2690 ἐμοῦ,

85 2708 133 2733 καὶ
157 2707 188 2732 τὸ
217 2705 247 2737 ἐξ
271 2705 358 2739 ὑμῶν.
375 2704 443 2730 Τότε
463 2703 518 2738 γὰρ
536 2703 614 2729 αὐτοὶ
634 2702 725 2728 πίστιν
745 2702 819 2733 ἕξετε
834 2701 881 2728 τοῦ

85 2753 180 2779 λαῖιεῖν
208 2752 255 2777 καὶ
281 2751 442 2786 ἐπιθυμίαν,
467 2751 510 2776 ὅτε
534 2750 627 2782 ἀξίους
653 2749 768 2778 ἑαυτοὺς
793 2756 881 2783 παρα-

84 2801 237 2826 subisses
260 2799 310 2832 τῆς
333 2798 438 2832 δωρεᾶς
469 2797 502 2822 δι’
521 2796 608 2832 ἔργων
626 2795 747 2830 ἀγαθῶν.
768 2795 882 2829 Λαμϋα-

84 2846 188 2873 νόντων
202 2845 230 2870 δέ
245 2845 322 2879 ὑμῶν
337 2844 367 2870 τὸ
382 2844 517 2878 χάρισμα.
545 2843 625 2877 δῆλον
645 2843 685 2869 ὅτι
707 2841 883 2877 παρακαλού-

85 2892 159 2929 μεθα
185 2892 233 2918 καὶ
256 2889 458 2925 εὐφραινόμεθα
473 2890 501 2915 ἐν
527 2889 651 2925 ἀλλήλοις
662 2897 668 2904 ·
685 2887 774 2915 κοινὸν
789 2887 843 2924 γὰρ
853 2887 884 2914 τὸ

250 2940 388 2971 ΡΑτῐιοι.
402 2941 460 2971 Gn.
479 2938 619 2971 (.XVIH.

931 2291 985 2309 non
1000 2289 1092 2310 meum
1111 2281 1202 2309 soluat
1214 2287 1257 2308 est
1275 2287 1323 2308 aut
1335 2289 1402 2308 mea:
1418 2281 1569 2309 voluntatis
1586 2290 1618 2309 ac
1643 2283 1726 2309 mini-

932 2329 1022 2362 stcrii,
1040 2328 1089 2356 sed
1105 2328 1172 2356 mihi
1193 2328 1328 2363 vobisque
1346 2336 1493 2355 commune
1514 2333 1572 2355 est:
1593 2329 1646 2356 mci
1662 2330 1723 2363 qui-

931 2375 993 2402 dem
1010 2375 1168 2407 ministerii,
1196 2374 1279 2401 vestri
1294 2378 1385 2400 autem
1411 2373 1543 2406 subsidii;
1562 2379 1589 2401 et
1612 2382 1645 2401 ne
1661 2380 1726 2401 tunc

931 2420 1045 2456 quidem
1063 2426 1215 2454 utcunque,
1242 2419 1289 2447 sed
1315 2427 1364 2454 per
1390 2425 1513 2446 mutuam
1543 2420 1634 2446 Iidem.
1665 2420 1726 2452 Quo

932 2466 1015 2494 modo
1028 2474 1093 2502 ergo
1111 2466 1138 2493 id
1152 2465 1256 2494 ﬁet?Si
1273 2465 1447 2500 ipsi,inquit,
1462 2465 1541 2492 ﬁdem
1560 2466 1621 2492 h,.ln
1632 2467 1724 2492 amart

931 2513 1122 2548 accipiendam
1136 2514 1263 2548 gratiam,
1281 2521 1333 2548 ego
1348 2520 1415 2539 vero
1431 2512 1512 2539 ﬁdem
1540 2521 1650 2543 rursum
1677 2513 1726 2539 ha-

932 2561 1011 2588 beant
1028 2560 1061 2587 ad
1084 2560 1159 2587 illam
1179 2560 1259 2587 vobis
1272 2559 1445 2586 tradendam.
1462 2559 1529 2586 Nam
1545 2559 1567 2586 si
1584 2568 1635 2593 ego
1660 2559 1724 2592 qui-

932 2607 995 2634 dem
1033 2606 1114 2634 ﬁdem
1152 2606 1268 2633 habeam
1303 2605 1336 2632 ad
1370 2605 1504 2637 dattdutn,
1539 2612 1724 2639 magnumque

932 2653 1055 2680 laborem
1074 2660 1106 2680 ac
1134 2652 1267 2685 studium,
1293 2660 1342 2679 vos
1366 2658 1458 2679 autent
1484 2660 1540 2678 non
1571 2650 1724 2677 habueritis

934 2700 1015 2727 ﬁdem
1031 2700 1064 2726 ad
1081 2699 1292 2734 accipiendum:
1316 2707 1370 2726 imit
1387 2699 1528 2733 continget
1543 2697 1622 2724 vobis
1637 2697 1725 2732 gratia

934 2745 1098 2781 spiritualis,
1113 2745 1197 2772 ctiam
1212 2745 1232 2771 si
1243 2752 1293 2779 ego
1306 2744 1396 2771 velim.
1418 2744 1570 2776 Utrumque
1579 2749 1644 2776 ergo
1655 2749 1724 2768 con-

934 2800 1047 2820 currere
1065 2796 1184 2826 oportet,
1201 2790 1315 2824 etquod
1335 2798 1349 2816 a
1367 2798 1408 2815 me
1425 2788 1562 2822 praebetur
1576 2791 1604 2814 et
1619 2788 1692 2822 quod
1708 2796 1725 2816 a

934 2839 1023 2866 vobis.
1042 2838 1121 2865 Tune
1144 2837 1217 2865 enitn
1245 2836 1326 2863 ﬁdem
1351 2843 1383 2862 ac
1403 2834 1571 2861 desiderium
1597 2834 1724 2868 accipere

936 2886 1073 2922 poteritis,
1090 2883 1201 2919 quando
1230 2882 1310 2910 bonis
1329 2881 1458 2917 operibus
1470 2881 1568 2915 dignos
1582 2881 1635 2908 hoc
1649 2880 1723 2908 dono

1498 2927 1530 2959 11
