1881 3051
234 153 289 184 327

233 210 291 234 tum
313 205 436 232 obedire.
455 214 463 230 ι
483 204 535 231 Per
554 211 650 230 omnes
667 208 770 238 gentes.
787 214 795 228 ι
816 204 882 230 Natu
897 204 947 230 etsi
965 204 1021 238 ipse

233 259 288 278 non
303 251 392 278 omnis
406 251 558 283 circuierit,
573 250 754 278 nihilominus
770 249 897 276 omnibus
913 257 1021 276 annun-

235 297 332 324 tiatum
348 302 390 324 est
407 297 597 331 Evangelium,
615 305 664 331 per
680 301 793 323 cmteros
808 295 935 322 videlicet
955 303 1020 330 apo-

233 344 328 370 stolos.
349 353 357 368 ι
375 344 464 378 Super
483 343 594 370 nomine
611 344 681 378 ejus.
703 352 712 368 ›
732 342 812 369 Fides
827 342 899 369 enim
923 342 949 369 in
971 350 1021 368 no-

235 396 296 415 men
313 389 371 423 cjus
386 388 448 415 fuit.
463 388 531 415 Nam
546 388 634 423 ipsum
647 392 742 422 gentes
754 396 807 414 non
821 387 959 418 viderunt,
972 386 1020 414 sed

232 434 292 460 solo
312 435 371 469 ejus
394 434 505 460 nomine
529 434 667 469 divulgato
691 433 879 460 crediderunt.
903 433 937 460 Et
957 441 1020 460 \‘ete

231 479 317 513 gratia
340 480 418 513 plena
435 485 493 506 erat
513 479 665 514 apostolica
685 479 789 506 functio
810 479 1020 513 discipulorum.

231 524 295 558 quia
330 529 526 559 persuaserunt
560 525 708 559 gentibus.
751 531 780 551 ut
812 524 955 550 obcdircnt
990 531 1021 551 ac

231 570 376 597 crederent
411 571 438 597 itt
471 571 633 602 Christum,
664 570 746 604 idque
780 579 841 597 cum
872 570 1021 604 piscatores

229 622 322 643 essent
348 625 379 644 ac
405 617 560 644 litterarum
593 617 690 652 ignari.
725 627 733 642 ι
758 617 831 644 Inter
859 625 927 652 quas
954 617 1020 644 estis

229 667 258 688 et
273 670 329 689 vos.
351 672 359 688 ι
379 663 435 690 Hoc
454 668 505 695 est,
525 670 586 689 eum
603 663 704 697 quibus
718 663 846 698 gentibus
865 667 893 690 et
908 672 956 690 vos
971 671 1019 689 vo-

229 710 283 737 cati
299 709 374 736 estis.
394 709 488 743 Neque
500 710 571 736 enim
589 718 604 736 a
621 709 698 736 vobis
710 709 778 744 ipsis
796 709 918 736 venistis.
940 708 1020 736 Com-

230 756 325 789 primit
344 755 425 790 204
440 759 532 782 autem
547 755 649 782 fastum
665 755 786 787 illorum,
803 763 834 782 ac
849 755 871 782 si
888 755 993 781 diceret
1010 763 1017 780 :

231 800 271 827 Ne
294 801 396 834 putetis
418 801 519 835 regiam
543 809 574 827 ac
594 801 782 828 dominantem
802 801 942 828 civitatem
962 808 1019 827 am-

231 846 303 879 plius
317 846 456 880 quidpiam
480 847 529 874 hac
547 846 575 873 in
593 854 623 874 re
645 847 746 874 habere
765 855 820 881 pra:
838 847 954 877 caeteris.
969 847 1017 874 sed

230 900 292 918 cum
310 892 422 924 reliquis
442 893 570 927 gentibus
590 893 679 919 vacati
701 893 774 920 estis.
797 902 805 918 ι
821 893 955 920 Omnibus
968 893 1014 928 qui

230 939 297 964 estis
313 939 415 970 Romae,
436 939 544 966 dilectis
559 939 634 966 Dei.»
654 939 794 974 Siquidem
813 947 867 966 non
883 944 924 967 est
944 940 1016 975 apud

230 983 316 1010 Deum
330 984 461 1011 discretio
474 985 567 1012 divitis
583 993 597 1012 ιι
612 992 743 1020 paupere.
755 985 858 1012 Deinde
872 990 1015 1020 postquam

230 1029 309 1060 dixit,
328 1039 336 1055 ι
357 1030 500 1061 Omnibus.
517 1040 526 1056 ι
542 1039 575 1058 ne
594 1031 686 1058 dicant
707 1038 714 1056 :
731 1031 802 1064 Quid
820 1031 905 1065 ergo?
920 1039 1016 1059 omnes

228 1077 326 1110 aequali
343 1076 424 1103 habet
439 1076 466 1103 in
482 1077 596 1109 honore,
616 1077 702 1104 bonos
717 1084 749 1104 ac
765 1077 860 1109 malos,
875 1077 970 1104 ﬁdeles
984 1085 1016 1104 ac

228 1122 372 1149 inlideles?
387 1123 538 1158 suhjunxit,
557 1124 680 1151 uVocatis
695 1123 822 1150 sanctis.)
839 1123 904 1151 Nam
920 1132 1016 1151 omnes

227 1167 314 1193 sancti
327 1168 425 1201 :cquali
442 1168 548 1194 suntin
565 1168 669 1195 honore
683 1168 753 1202 apud
770 1168 857 1200 illum,
874 1176 925 1195 nec
943 1168 1015 1196 inter

227 1211 302 1246 ipsos
319 1217 361 1240 est
378 1213 530 1240 distinctio.
546 1213 669 1240 Primum
684 1219 775 1240 autem
791 1222 800 1238 ι
818 1213 929 1240 Dilectis
941 1213 988 1240 Dei
1002 1223 1011 1238 ι

227 1259 329 1292 posuit.
346 1259 446 1286 deinde
456 1269 465 1284 ι
476 1259 583 1286 Υοειιιὶε
595 1260 696 1286 sanctis
712 1268 734 1285 ει
753 1259 839 1292 Unde,
853 1260 952 1294 inquit,
966 1268 1014 1286 vo-

227 1303 280 1330 cati
305 1304 391 1331 estis?
422 1312 454 1331 ex
482 1305 582 1339 quibus
602 1305 761 1332 laboribus?
778 1313 826 1339 per
855 1313 915 1340 qua:
935 1313 1014 1340 egre-

227 1350 270 1385 gia
304 1351 448 1377 facinora?
467 1351 539 1378 unde
562 1352 648 1379 sancti
664 1352 751 1379 estis?
771 1351 875 1385 Nempe
899 1359 931 1378 ex
957 1351 1014 1378 sola

227 1395 275 1422 Dei
296 1395 442 1422 dilectione
469 1403 475 1421 :
501 1403 562 1422 cum
588 1396 660 1422 enim
685 1396 768 1430 gratis
791 1395 931 1422 dilexisset
953 1404 1012 1428 nos,

228 1447 364 1475 suumque
381 1442 540 1476 sanguinem
558 1449 607 1476 pro
625 1442 703 1468 nobis
721 1441 846 1472 fudisset,
864 1440 896 1467 ad
914 1441 1014 1468 sancti-

228 1484 382 1512 ﬁcationem
403 1494 452 1514 nos
468 1487 586 1518 vocavit,
603 1487 700 1520 suique
721 1486 797 1520 regni
813 1485 1012 1513 hmreditariam

227 1531 439 1565 possessionem.
457 1533 575 1567 Ideoque
591 1532 692 1567 ubique
711 1532 835 1559 locorum
854 1541 862 1557 ι
877 1533 985 1559 Vocatis
1001 1541 1008 1557 ι

227 1577 303 1610 dicit,
321 1578 445 1606 beneﬁcii
467 1579 514 1606 Dei
532 1579 650 1606 reddens
666 1586 715 1605 nos
734 1586 879 1605 tnetnores.
895 1588 904 1603 ι
920 1577 1012 1605 Gratia
1028 1562 1050 1591 ο

226 1623 314 1650 vobis.
340 1633 349 1649 ι
383 1625 469 1651 Nemo
500 1625 573 1652 enim
610 1632 644 1651 ex
671 1624 803 1658 operibus
834 1624 924 1651 salvus
953 1624 1011 1651 ﬁeri

226 1673 327 1703 potest,
358 1670 458 1704 inquit.
498 1680 506 1696 ι
530 1671 553 1696 Α
581 1671 637 1697 Deo
666 1670 755 1697 l‘atre.
780 1679 788 1695 ›
825 1669 892 1697 Nam
924 1671 1011 1706 gratia

757 150 895 180 (ECUME
902 150 954 179 NII
974 150 1024 179 TR
1031 150 1038 178 l
1046 150 1122 179 C(Ii‘li
1142 150 1284 180 EI‘ISCOI
1291 149 1311 179 'I

1804 154 1846 185 338

1038 207 1058 233 Α
1074 203 1127 238 γὰρ
1143 204 1190 230 καὶ
1207 205 1244 239 μὴ
1260 204 1340 234 αὐτὸς
1366 204 1453 230 πάντα
1470 205 1625 240 περιῆλθεν,
1644 205 1715 233 ἀλλὰ
1733 208 1778 232 καὶ
1789 209 1847 235 οὕτω

1073 251 1172 281 πάντες
1186 250 1419 285 εὐηγγελίσθηταν
1441 250 1485 277 διὰ
1500 251 1553 277 τῶν
1570 252 1673 279 λοιπῶν
1691 253 1846 281 ἀποστόλων.

1076 306 1084 321 ι
1098 295 1182 331 Ὑπὲρ
1199 296 1244 322 τοῦ
1270 296 1399 329 ὀνόματος
1419 296 1512 323 αὑτοῦ.
1531 307 1540 322 ι
1568 296 1600 323 Ἠ
1615 298 1671 333 γὰρ
1706 299 1795 330 πίστις
1817 301 1848 331 εἰς

1072 342 1102 368 τὸ
1124 342 1209 376 ὄνομα
1235 342 1317 368 αὑτοῦ
1339 342 1463 376 γέγονεν.
1488 342 1573 369 Αὐτὸν
1592 345 1647 378 γὰρ
1674 344 1709 370 τὰ
1729 344 1790 379 ἔθνη
1807 346 1848 372 οὐχ

1072 388 1211 418 ἐθεάσατο,
1232 388 1300 414 ἀλλὰ
1325 389 1405 423 μόνου
1430 390 1630 424 κηρυττομένου
1654 389 1703 416 τοῦ
1718 390 1847 424 ὀνόματος,

1072 435 1170 461 ἐκεῖνοι
1200 435 1352 460 ἐπίστευον.
1379 435 1483 466 Ὄντως
1511 435 1617 469 πλήρης
1645 433 1680 470 ἦν
1710 435 1815 470 χάριτος
1834 429 1868 470 η’

1071 479 1207 514 ἀποστολὴ
1229 479 1282 505 τῶν
1301 479 1439 514 μαθητῶν,
1453 481 1494 506 ὅτι
1509 481 1621 506 ἔπεισαν
1643 481 1796 507 ὑπακοῦσαι
1809 483 1848 507 καὶ

1072 524 1216 550 πιστεῦσαι
1231 524 1265 551 τὰ
1279 525 1342 559 ἔθνη
1360 525 1398 560 τῷ
1411 526 1531 560 Χριστῷ,
1550 528 1597 552 καὶ
1616 526 1704 552 ταῦτα
1723 527 1847 562 ἄνθρωπιι

1070 570 1155 601 ἁλιεῖς
1181 570 1227 596 καὶ
1245 569 1431 604 ἀγράμματοι,
1456 580 1464 595 ι
1477 571 1521 597 Ἐν
1539 569 1580 602 οἷς
1596 572 1657 596 ἐστε
1674 572 1723 597 καὶ
1746 571 1845 605 ὑμεῖς.»

1071 616 1198 642 Τουτέστι
1216 616 1274 650 μεθ’
1288 613 1325 642 ὧν
1341 616 1424 642 ἐθνῶν
1437 617 1485 643 καὶ
1497 617 1575 651 ὑμεῖς
1588 617 1735 652 ἐκλήθητε.
1754 618 1788 644 Οὐ
1803 620 1847 652 γὰρ

1069 662 1115 695 ἀφ’
1133 662 1237 688 ἑαυτῶν
1260 662 1352 697 ἥκετε.
1374 662 1558 689 Καταστέλλει
1581 663 1609 688 δὲ
1624 663 1717 689 αὐτῶν
1740 663 1769 689 τὸ
1792 664 1847 697 φρό-

1069 717 1154 743 νημα,
1179 708 1245 735 ὡσεὶ
1269 709 1362 742 ἔλεγεν
1375 717 1381 724 ”
1397 709 1442 744 Μὴ
1467 709 1593 744 νομίσητε
1606 729 1614 742 ,
1625 710 1662 740 ὼς
1681 709 1845 743 βασιλεύουσα

1070 754 1156 786 πόλις.
1172 754 1252 781 πλέον
1266 763 1292 781 τι
1316 755 1370 781 τῶν
1398 755 1485 782 ἄλλων
1506 755 1589 790 ἔχειν,
1613 755 1683 781 ἀλλὰ
1715 756 1783 790 μετὰ
1799 756 1844 781 τῶν

1068 801 1170 827 λοιπῶν
1184 801 1268 827 ἐθνῶν
1285 801 1427 836 ἐκλήθητε,
1450 811 1460 827 ι
1473 803 1544 829 Πᾶσι
1566 803 1621 833 τοῖς
1639 800 1717 828 οὖσιν
1739 803 1766 828 ὲν
1788 802 1845 828 Ῥώ-

1071 854 1109 882 μη
1125 847 1277 881 ἀγαπητοῖς
1300 846 1379 874 Θεοῦ.
1396 857 1404 872 ι
1425 848 1461 874 Οὐ
1479 849 1533 882 γάρ
1551 848 1608 873 ἐστι
1624 847 1691 882 παρ’
1708 847 1780 881 αὑτῷ
1795 847 1844 873 δια-

1070 892 1149 928 στολὴ
1169 892 1297 918 πλουσίου
1312 892 1358 919 καὶ
1367 893 1492 926 πένητος.
1506 892 1571 919 Εἶτα
1583 893 1679 928 ἐπειδὴ
1692 890 1762 926 εἷπε,
1781 903 1789 918 ι
1799 893 1845 919 Ili-

1070 947 1138 971 6W,t
1157 939 1200 965 ἵνα
1215 939 1252 974 μὴ
1266 939 1374 965 είπωσι.
1391 939 1423 965 Τί
1439 937 1501 971 οὗν;
1516 939 1620 971 πάντας
1629 939 1775 974 ὁμοτίμους
1788 940 1843 974 ἡγῇ,

1069 985 1116 1011 καὶ
1129 984 1248 1018 ἀγαθοὺς
1259 984 1307 1010 καὶ
1321 984 1450 1018 φαύλους,
1460 985 1506 1010 καὶ
1518 987 1629 1016 πιστοὺς
1641 985 1692 1011 καὶ
1707 986 1841 1017 ἁπίστους;

1069 1029 1236 1064 ὲπισυνῆψε·
1255 1039 1263 1054 ι
1278 1029 1393 1064 κλητοῖς
1414 1029 1510 1063 ἁγίοις.
1527 1039 1535 1055 ι
1559 1030 1697 1062 ’Ἅπαντες
1721 1031 1772 1065 γὰρ
1781 1030 1842 1064 αὖτῷ

1069 1077 1092 1102 οἱ
1109 1075 1181 1110 ἅγιοι
1204 1076 1340 1110 ὁμότιμοι,
1358 1075 1403 1102 καὶ
1424 1076 1550 1111 διαστολὴ
1563 1076 1613 1102 οὐκ
1626 1076 1703 1103 ἔστιν
1715 1077 1742 1103 ὲν
1753 1077 1841 1107 αὐτοῖς.

1069 1122 1178 1156 Πρῶτον
1193 1121 1220 1147 δὲ
1248 1121 1288 1153 τὸ,
1306 1132 1315 1148 ι
1333 1121 1496 1156 Ἀγαπητοῖς
1512 1121 1590 1153 Θεοῦ,
1603 1131 1612 1147 ι
1641 1122 1774 1154 τέθεικεν,
1794 1119 1842 1147 εἶτα

1068 1168 1108 1199 τὺ,
1129 1178 1138 1193 ι
1150 1168 1265 1202 Κλητοῖς
1281 1168 1377 1201 ἁγίοις.
1396 1177 1405 1193 ι
1421 1167 1505 1194 Πόθεν
1531 1167 1676 1202 ἐκλήθητε,
1697 1167 1793 1202 φησίν;
1818 1168 1842 1193 ἐκ

1067 1214 1152 1240 ποίων
1168 1214 1272 1246 πόνων;
1291 1214 1322 1239 ὲκ
1336 1213 1420 1239 ποίων
1437 1208 1676 1248 χατορθωμάτωνξ
1701 1213 1781 1239 πόθεν
1792 1212 1842 1238 ἐστὲ

1068 1263 1156 1296 ἆγιοι,
1174 1262 1230 1289 ἀλλ’
1244 1262 1260 1296 ἢ
1273 1262 1305 1287 ὲκ
1321 1261 1405 1295 μόνης
1419 1260 1467 1295 τῆς
1483 1260 1592 1295 ἀγάπης
1607 1260 1693 1294 Θεοῦ;
1704 1260 1786 1291 Αὐτὸς
1799 1259 1842 1294 γὰρ

1067 1307 1171 1342 δωρεὰν
1190 1307 1335 1342 ἀγαπήσας
1356 1307 1439 1341 ἡμᾶς,
1462 1307 1509 1333 καὶ
1530 1306 1561 1332 τδ
1583 1303 1653 1341 αἷμα
1678 1305 1762 1332 αὑτοῦ
1785 1305 1841 1338 ὑπὲρ

1067 1353 1145 1388 ἡμῶν
1158 1351 1258 1387 ἐκχέας
1267 1372 1274 1383 ,
1294 1352 1423 1378 ἐκάλεσεν
1437 1352 1511 1386 ἡμᾶς
1522 1351 1561 1383 εἰς
1579 1352 1717 1386 ἁγιασμὸν
1731 1351 1775 1378 καὶ
1789 1350 1841 1384 κλῃ-

1068 1397 1197 1434 ρονομίειν
1222 1398 1271 1431 τῆς
1298 1397 1433 1432 βασιλείας
1449 1397 1541 1423 αὑτοῦ.
1563 1397 1608 1423 Διὸ
1627 1398 1676 1423 καὶ
1704 1396 1839 1430 πανταχοῦ,

1071 1455 1080 1471 ι
1095 1445 1220 1479 κλητοῖς,
1238 1453 1246 1469 ι
1264 1444 1361 1478 λέγων,
1381 1444 1430 1479 τῆς
1451 1443 1498 1470 τοῦ
1517 1444 1584 1470 Θεοῦ
1600 1444 1675 1479 ἡμᾶς
1699 1442 1840 1478 εὐεργεσίας

1068 1488 1280 1522 ἀναμιμνήσκει.
1301 1497 1309 1513 ι
1320 1488 1405 1522 Χάρις
1417 1488 1507 1521 ὑμῖν.»
1526 1488 1618 1518 Οὐδεὶς
1634 1489 1701 1523 γὰρ,
1718 1488 1805 1522 φησὶν,
1818 1486 1841 1517 ἐξ

1067 1534 1155 1569 ἔργων
1179 1533 1288 1561 δύναται
1312 1534 1438 1570 σωθῆναι.
1464 1534 1550 1560 ι’Λπδ
1570 1534 1636 1560 Θεοῦ
1663 1534 1791 1569 Πατρός.ι
1814 1533 1839 1559 ΊΙ

1067 1581 1121 1615 γὰρ
1136 1579 1189 1607 ἀπὸ
1206 1579 1274 1606 Θεοῦ
1300 1580 1380 1615 χάρις
1404 1581 1452 1607 καὶ
1473 1580 1567 1615 εἰρήνη
1596 1579 1626 1605 τὸ
1652 1579 1763 1614 βέΰαιον
1785 1579 1837 1614 ἔχει.

1066 1626 1102 1652 Τὸ
1128 1626 1172 1658 δὲ,
1199 1635 1209 1652 ι
1232 1627 1297 1653 Ἀπὸ
1312 1626 1433 1662 Πατρὺς,
1451 1636 1460 1652 ι
1480 1626 1528 1662 τὴν
1557 1625 1693 1653 υἱοθεσίαν
1722 1626 1838 1652 ἐνδείκνυ-

1064 1680 1119 1697 ται-

225 1720 253 1743 et
283 1724 334 1750 pax
365 1726 424 1751 quin
455 1725 469 1744 a
498 1717 554 1744 Deo
587 1721 647 1750 est,
683 1717 858 1744 stabilitatem
894 1717 986 1745 habet.
1019 1717 1096 1750 Quod
1131 1723 1224 1745 autem
1259 1718 1370 1746 additur
1403 1729 1412 1745 ι
1439 1719 1537 1753 Patre,
1564 1730 1573 1745 ›
1604 1726 1778 1756 auupuonem
1801 1717 1838 1744 de'

225 1769 368 1792 monstrat.

261 1812 281 1843 l,
296 1811 372 1838 8-10.
397 1810 516 1838 Primum
537 1810 641 1846 quidem
666 1811 766 1845 gratias
793 1818 842 1845 ago
868 1810 921 1836 Deo
945 1818 1011 1841 meo.

226 1865 272 1892 per
291 1856 382 1883 Jesum
405 1856 537 1884 Christum
561 1864 608 1890 pro
628 1856 696 1883 tabis
721 1856 849 1887 omnibus,
868 1856 927 1890 quia
950 1856 1014 1890 [idus

226 1908 311 1930 vestra
329 1903 508 1928 anmmtiatur
527 1902 554 1928 in
574 1901 694 1927 universo
717 1901 823 1927 "tundo.
847 1901 928 1928 Testis
944 1901 1013 1928 enim

226 1950 289 1976 milii
303 1954 340 1976 est
356 1948 435 1980 Deus,
453 1956 529 1983 quem
544 1947 599 1973 colo
616 1948 642 1974 in
657 1948 751 1981 spiritu
767 1955 833 1978 meo,
846 1947 874 1974 in
891 1946 1014 1981 Evange-

227 1996 262 2022 lio
276 1995 336 2021 Filii
350 1995 416 2029 ejus,
433 1994 501 2028 quod
515 1993 692 2020 indesinenter
707 1993 864 2020 mentionem
881 1993 958 2020 uestri
973 1994 1014 2028 fa-

226 2043 295 2068 ciam
317 2048 325 2067 :
342 2048 446 2072 semper
460 2039 487 2066 in
505 2040 623 2074 precibus
640 2040 704 2066 meis
720 2048 798 2066 orans
820 2040 843 2066 si
865 2048 916 2075 quo
936 2040 1012 2066 modo

221 2087 281 2121 jam
294 2085 399 2112 laudent
412 2093 565 2119 prosperum
578 2085 641 2111 mihi
652 2085 785 2120 contingat
797 2086 848 2112 iter
860 2093 907 2121 per
918 2085 1013 2112 volun-

226 2137 308 2160 tatem
326 2130 373 2157 θινὶ
388 2131 507 2158 veniendi
520 2133 554 2158 ad
566 2139 620 2158 vos.

260 2221 388 2256 Oportuit
409 2222 482 2249 enim
504 2231 519 2250 a
543 2222 691 2258 gratiarum
715 2223 823 2250 actione
847 2231 1011 2258 prooemium

225 2274 375 2299 assumere,
395 2272 423 2294 et
446 2269 547 2302 gratias
569 2276 660 2303 agere,
680 2275 735 2295 non
757 2276 807 2303 pro
829 2269 886 2296 suis
908 2273 1013 2295 tantum

225 2312 386 2344 virtutibus,
402 2321 497 2340 verum
515 2314 598 2340 etimit
621 2321 670 2348 pro
688 2314 730 2341 his
745 2322 805 2349 qua:
822 2314 1012 2349 proximorum

225 2365 289 2387 sunt
304 2368 310 2386 :
327 2368 389 2387 nam
406 2361 431 2387 id
447 2360 588 2388 charitatis
600 2367 652 2388 est.
669 2371 677 2386 ι
692 2361 747 2388 Deo
764 2369 835 2389 meo.
853 2372 861 2387 ι
880 2362 1012 2389 Dilectio-

225 2406 268 2434 nis
282 2411 309 2433 et
324 2407 424 2434 amoris
439 2406 569 2434 indicimn
585 2412 642 2440 est;
662 2415 724 2434 nam
743 2415 806 2434 eum
835 2408 881 2442 qui
897 2412 1011 2435 cuncto-

225 2461 285 2480 rum
305 2453 378 2480 Deus
395 2458 438 2480 cst
456 2453 506 2480 sibi
527 2453 668 2488 properum
689 2453 763 2480 facit.
780 2462 789 2478 ι
802 2453 855 2480 Per
874 2453 980 2480 Iesum.
998 2464 1007 2479 ι

225 2499 285 2533 Ipse
309 2499 419 2533 quidem
442 2499 520 2526 nobis
544 2507 624 2526 causa
648 2503 692 2525 est
717 2498 867 2533 gratiarum
891 2499 1011 2527 actionis

225 2552 288 2580 erga
305 2544 412 2571 Patrem
436 2553 443 2570 :
468 2545 515 2580 qui
540 2550 569 2572 et
590 2552 641 2571 nos
664 2544 810 2578 assumpsit
829 2549 858 2571 et
877 2552 927 2571 suo
947 2553 1011 2572 san-

224 2590 306 2623 guine
327 2598 377 2617 nos
396 2590 433 2617 illi
456 2589 653 2617 reconciliavit.
678 2598 686 2614 ι
704 2589 772 2622 Quia
792 2589 859 2616 lides
878 2594 979 2617 vestra.
999 2599 1009 2616 ι

226 2634 381 2662 Verisimile
398 2635 471 2662 enim
487 2638 545 2660 erat
560 2633 631 2667 apud
647 2641 743 2660 omnes
762 2633 860 2667 passim
876 2633 1011 2668 divulgari

225 2680 305 2707 Iidem
321 2680 516 2706 Romanorum.
536 2687 545 2703 ι
561 2678 649 2705 Testis
661 2677 761 2705 enim.»
778 2678 874 2706 Merito
888 2679 971 2706 Deum
985 2680 1011 2706 in

226 2721 322 2752 testem
338 2724 465 2755 adducit,
484 2731 545 2750 cum
571 2723 736 2758 persuadere
754 2723 835 2750 vellet
856 2723 1014 2751 hominibus

224 2771 327 2805 quibus
349 2769 459 2797 difﬁcile
484 2774 557 2796 esset
584 2769 664 2805 205
689 2769 864 2804 persuadere.
896 2779 904 2795 ι
926 2770 1011 2803 Quem

220 2818 297 2845 'colo.
314 2827 322 2842 ι
343 2817 399 2843 Iloc
415 2816 519 2848 est,cui
537 2816 638 2843 servio.
660 2815 748 2843 Multa:
767 2821 830 2843 sunt
845 2821 936 2843 autem
953 2817 1011 2843 cul-

226 2868 269 2890 tus
285 2863 400 2897 species.
420 2862 562 2897 Siquidem
576 2867 604 2890 et
620 2863 666 2897 qui
684 2867 821 2897 precatur,
837 2866 864 2889 et
878 2862 923 2896 qui
938 2862 1011 2896 jeju-

1102 1811 1222 1845 Πρῶτον
1233 1812 1292 1846 μὲν
1306 1811 1473 1845 εὐχαριστὼ
1484 1811 1522 1844 τῷ
1539 1811 1599 1845 Θεῷ
1612 1821 1672 1846 μου
1689 1813 1737 1840 διὰ
1752 1811 1836 1846 Ἰησοῦ

1066 1857 1195 1891 Χριστοῦ
1210 1857 1287 1892 ὑπὲρ
1308 1857 1429 1883 πάντων
1443 1856 1536 1891 ὑμῶν,
1552 1857 1595 1884 ὅτι
1611 1859 1630 1892 ἠ
1655 1860 1757 1892 πίστις
1769 1856 1837 1892 ὑμῶν

1067 1902 1299 1937 καταγγέλλεται
1317 1902 1352 1928 ἐν
1378 1902 1438 1935 ὅλῳ
1456 1902 1495 1934 τῷ
1514 1903 1626 1936 κόσμῳ.
1654 1904 1773 1938 Μάρτυς
1793 1901 1836 1936 γάρ

1065 1948 1124 1982 μού
1138 1948 1224 1974 ἐστιν
1240 1948 1256 1973 ὁ
1278 1947 1359 1979 Θεὸς,
1376 1943 1399 1980 ᾧ
1422 1948 1554 1981 λατρεύω
1567 1942 1614 1974 ’ἓν
1638 1949 1679 1981 τῷ
1708 1945 1836 1981 ,πνεύματί

1064 2002 1133 2027 μου,
1154 1993 1189 2019 ἐν
1206 1992 1245 2025 τῷ
1260 1993 1432 2026 Εἰιαγγελίῳ
1450 1992 1504 2019 τοῦ
1515 1993 1582 2020 Υἱοῦ
1595 1995 1700 2027 αὑτοῦ,
1715 1995 1754 2027 ὡς
1764 1993 1835 2020 ἀδια-

1064 2039 1192 2070 λείπτως
1200 2038 1309 2072 μνείαν
1321 2036 1404 2072 ὑμῶν
1417 2038 1555 2072 ποιοῦμαι
1568 2048 1574 2053 ·
1592 2039 1720 2066 πάντοτε
1731 2039 1776 2065 ἐπὶ
1788 2036 1836 2064 τῶν

1065 2083 1245 2117 προσευχῶν
1255 2091 1315 2116 μου
1333 2083 1473 2118 δεόμενος
1489 2083 1580 2116 εῖπως
1592 2084 1650 2118 ἤδη
1665 2084 1737 2111 ποτὲ
1745 2082 1836 2110 εὐοδω-

1065 2129 1194 2163 θήσομαι
1216 2129 1250 2156 ἐν
1273 2128 1313 2162 τῷ
1329 2130 1470 2164 θελήματι
1489 2130 1539 2156 τοῦ
1559 2129 1633 2156 Θεοῦ
1655 2130 1753 2158 ἐλθεῖν
1773 2126 1835 2160 πρὸς

1065 2173 1154 2209 ὑμᾶς.

1103 2221 1177 2247 Ἔδει
1207 2221 1261 2256 γὰρ
1283 2220 1312 2253 ἐξ
1334 2221 1509 2256 εὐχαριστίας
1528 2222 1772 2258 προοιμιάσασθαι,
1796 2217 1832 2244 εὖ·

1066 2267 1206 2302 χαριστεῖν
1223 2266 1262 2298 δὲ,
1282 2266 1312 2292 οὐ
1335 2266 1415 2301 μόνον
1428 2268 1498 2303 ὑπὲρ
1515 2268 1570 2294 τῶν
1584 2269 1657 2295 ἰδίων
1671 2263 1833 2302 κατορθωμάι

1066 2323 1129 2347 των,
1144 2314 1214 2340 ἀλλὰ
1237 2314 1284 2340 καὶ
1308 2313 1378 2348 ὑπὲρ
1400 2314 1453 2340 τῶν
1470 2314 1517 2340 τοῦ
1546 2313 1669 2350 πλησίον.
1693 2313 1772 2341 Τοῦτο
1790 2311 1833 2344 γὰρ

1066 2360 1186 2394 ἀγάπης.
1215 2359 1281 2395 (Τῷ
1306 2359 1365 2394 Θεῷ
1397 2369 1474 2394 μου.»
1503 2360 1626 2396 ’Λγὰτιης
1654 2361 1770 2396 σημεῖον.
1792 2356 1833 2382 Τὶιν

1066 2405 1120 2439 γὰρ
1133 2404 1260 2431 ἁπάντων
1283 2404 1348 2431 Θεὸν
1370 2405 1547 2432 ἱδιοποιεῖται.
1568 2406 1638 2433 «Διὰ
1659 2405 1768 2441 Ἰησοῦ.»
1788 2401 1832 2428 Αὖ-

1065 2451 1112 2481 τὺς
1126 2450 1179 2485 γὰρ
1199 2450 1265 2485 ἡμῖν
1279 2450 1364 2483 αἴτιος
1375 2451 1423 2485 τῆς
1439 2452 1478 2482 εἰς
1489 2451 1534 2477 τὸν
1547 2452 1656 2487 Πατέρα
1667 2447 1832 2486 εὐχαριστίας,

1066 2495 1080 2521 ὁ
1097 2495 1143 2521 καὶ
1160 2495 1377 2530 προσλαϐόμενος
1393 2497 1476 2530 ἡμᾶς,
1491 2496 1584 2532 καὶτῷ
1601 2497 1658 2532 ίδίῳ
1670 2497 1760 2532 αἵματι
1776 2491 1831 2526 πρὸς

1066 2542 1153 2568 ἐκεῖνο
1168 2541 1348 2573 mmmam.
1375 2542 1480 2577 ι”υτιή
1497 2542 1587 2574 πίστις
1603 2543 1704 2577 ὑμῶν.)
1724 2541 1773 2575 Τὴν
1787 2539 1831 2572 γάρ

1065 2587 1120 2613 τῶν
1146 2587 1290 2622 Ῥωμαίων
1311 2587 1402 2613 πίστιν
1427 2588 1476 2614 οὐκ
1499 2588 1613 2620 ἀπεικὸς
1648 2587 1681 2624 ἦν
1710 2583 1830 2613 λαλεῖσθαι

1066 2631 1143 2666 παρὰ
1167 2631 1286 2657 πάντων.
1317 2631 1443 2665 «Μάρτυς
1472 2632 1552 2666 γάρ.)
1577 2633 1693 2665 Εἰκότως
1713 2631 1756 2658 τὸν
1778 2627 1831 2655 Θεδν

1065 2677 1126 2711 ἄγει
1142 2677 1278 2712 μάρτυρα,
1293 2677 1446 2710 ἀγνώστους
1460 2677 1619 2713 ἀνθρώπους
1642 2679 1741 2705 πείθειν
1752 2673 1830 2711 βουλό-

1066 2732 1156 2758 μενος.
1184 2733 1194 2748 ι
1206 2720 1241 2758 *ῼ
1262 2723 1394 2757 λατρεύω.
1410 2734 1419 2750 ι
1435 2721 1508 2756 Οἴον,
1528 2725 1655 2753 δουλεύω.
1687 2723 1767 2752 Πολλά
1785 2720 1829 2754 γὰρ

1065 2770 1122 2804 εἴδη
1136 2770 1274 2805 λατρείας.
1292 2769 1345 2795 Καὶ
1369 2770 1421 2805 γὰρ
1440 2771 1486 2797 καὶ
1500 2772 1514 2797 ὁ
1530 2772 1752 2807 προσευχόμενος,
1768 2766 1829 2794 καί-δ

1064 2815 1175 2850 νηστείᾳ
1191 2813 1341 2849 χρώμενος,
1353 2815 1399 2841 καὶ
1410 2815 1484 2847 ὁτοίς
1497 2816 1579 2848 θείοις
1592 2817 1681 2851 λύγοις
1693 2814 1827 2851 προσέχων»

1065 2862 1111 2888 καὶ
1144 2861 1233 2895 μέντοι
1253 2862 1299 2888 καὶ
1322 2863 1335 2888 ὁ
1352 2862 1401 2896 τῆς
1423 2862 1476 2889 τῶν
1493 2862 1574 2894 ξένων
1591 2862 1734 2899 θεραπείας
1749 2861 1827 2891 ιπιμε·

1028 2216 1050 2243 Υ)
