1881 3051
86 151 140 184 329

623 150 818 181 COMMEXT.
835 150 876 181 ΙΝ
894 149 1014 180 ΕΡ18Τ.
1031 149 1081 180 AD
1101 148 1192 179 ΗΘΜ.

1672 148 1727 182 330

87 207 233 242 λούμενος,
249 205 310 242 Θεῷ
325 204 463 240 λατρεύει.
486 204 516 232 Ὀ
540 204 568 232 δέ
591 214 622 239 γε
635 206 706 238 Οεῖος
722 206 882 239 Ἀπόστολος

973 214 982 232 )
996 213 1098 240 corpus
1113 205 1217 240 atlligit,
1238 208 1266 232 et
1288 204 1335 240 qui
1354 204 1456 232 divinis
1476 210 1596 234 mentem
1613 206 1728 235 adhibet

87 252 233 288 λατρεύειν
258 252 343 287 ἔφησε
364 251 434 287 Θεῷ,
450 252 480 278 τδ
496 251 543 278 τοῦ
567 251 633 278 Υἱοῦ
648 253 811 288 προσφέρων
825 253 881 284 τοῖς

89 299 196 326 ἔθνεσιν
212 298 388 332 Εὑαγγέλιον.
413 297 467 323 Καὶ
481 297 622 332 λατρεύειν
636 298 664 324 ὲν
679 297 718 332 τῷ
735 298 880 333 πνεύματι,

87 344 230 371 τουτέστιν
244 344 272 370 ἐν
285 343 324 378 τῷ
339 343 472 378 διδομένῳ
487 343 647 378 χαρίσματι.
665 342 710 376 Ἦ,
724 344 766 370 ὅτι
789 344 826 370 Οὐ
847 345 880 380 τῇ

88 391 142 425 ἐμῇ
157 390 260 424 σπουδῇ
283 388 390 424 ὑπῆρξέ
411 397 456 423 μοι
473 389 503 415 τὸ
517 388 659 424 λατρεύειν
677 388 747 425 Θεῷ,
764 389 831 416 ἀλλὰ
848 391 881 426 τῇ

88 436 135 462 τοῦ
153 436 311 470 [Iustitium
322 435 425 470 χάριτι.
445 435 490 467 "ll,
504 435 544 462 ὅτι
557 436 593 462 Οὔ
608 436 725 471 σαρκική
743 435 794 470 μού
808 436 883 462 ἐστιν

89 483 106 517 ἡ
123 482 249 517 λατρεία,
276 481 344 508 ἀλλὰ
369 481 555 516 πνευματική.
576 481 624 507 Ἐκ
646 481 742 507 τούτου
762 481 882 508 δείκνυσι

89 528 164 555 κατὰ
188 529 218 555 τὺ
239 529 387 563 ἀναγκαῖον
411 527 551 562 μεριμνῶν
577 527 647 563 ὑπὲρ
664 527 765 561 αὐτῶν,
779 527 816 560 ὡς
837 528 883 554 τὸν

89 575 172 610 λόγον
186 575 352 610 δεξαμένων,
371 574 419 600 καὶ
435 573 562 609 δέχεσθαι
585 573 746 608 μελλόντων.
761 582 770 599 ι
782 573 825 600 Ἐν
845 573 883 609 τῷ

90 621 254 657 Εὑαγγελίῳ
269 620 316 647 τοῦ
334 620 400 647 Υἱοῦ
419 620 513 647 αὐτοῦ.
529 628 537 645 t
561 620 643 655 Ὁρᾷς
656 619 696 645 ὄτι
715 619 771 646 ἄνω
787 619 882 652 εἰπὼν,

90 668 133 698 είς
159 666 324 700 Εὐαγγέλιον
352 665 432 696 Θεοῦ,
457 664 504 691 τοῦ
529 663 648 700 Χριστοῦ
676 663 785 697 ἑλεγενς
812 673 822 689 ι
839 663 884 695 Ὠς

91 712 308 744 ἁδιαλεὶπτως,ι
337 712 384 738 καὶ
409 711 443 737 τὰ
469 710 543 746 ἑξῆς.
574 710 695 744 Ἀγάπης
719 709 883 744 εἰλικρινοῦς

91 759 123 785 τὸ
158 759 204 785 καὶ
231 757 398 794 μεμνῆσθαι,
417 757 464 784 καὶ
486 757 666 788 ἀδιαλείπτως
684 756 764 782 τοῦτο
786 757 883 790 ποιεῖν,

91 805 141 831 καὶ
159 805 277 839 μάλιστα
288 805 316 830 ὲν
331 805 507 839 προσευχαῖς.
524 812 533 828 ε
544 803 676 837 Δεόμενος
687 802 714 828 εἷ
722 811 805 833 πως.)
828 803 884 829 Καὶ

91 850 149 886 γὰρ
166 850 252 877 ἐλθεῖν
276 850 418 885 ἠπείγετο,
438 849 484 875 καὶ
501 848 575 884 παρὰ
588 849 618 874 τὺ
629 847 735 883 θέλημα
754 847 800 874 τοῦ
816 846 883 874 Θεοῦ

936 251 1123 284 sermonibus,
1146 255 1279 287 pratterea
1293 257 1321 278 et
1337 251 1384 287 qui
1403 252 1549 280 ministerii
1569 253 1728 288 peregrino-

936 306 997 325 rum
1021 305 1116 325 curatn
1138 298 1220 333 gerit,
1245 298 1289 325 ltic
1315 298 1402 325 Deum
1426 299 1502 325 colit.
1533 298 1617 326 Divus
1635 303 1727 327 autem

936 345 1084 380 Apostolus
1101 345 1186 372 Deum
1205 352 1233 371 se
1249 345 1340 372 colt-re
1359 345 1439 377 dixit,
1458 345 1530 380 quod
1549 345 1729 380 Erangelium

936 391 997 418 Filii
1019 391 1105 425 ipsius
1119 390 1248 426 gentibus
1264 390 1426 425 prmdicaret
1446 399 1452 416 :
1473 396 1500 418 ct
1519 391 1610 418 colere
1627 392 1654 419 in
1670 392 1728 426 Spi-

937 437 1003 469 ritu,
1019 437 1072 464 hoe
1089 442 1131 464 est
1148 437 1174 464 in
1191 437 1254 464 dato
1269 437 1320 464 sibi
1338 437 1421 464 dono.
1437 437 1496 469 Vel,
1518 437 1577 464 Non
1595 445 1668 468 meo,
1688 438 1731 464 in-

937 481 1007 516 quit.
1027 486 1128 509 conatu
1151 482 1268 516 contigit
1290 482 1354 508 tttilti
1379 482 1464 509 Dcunt
1488 482 1589 514 colere,
1610 482 1658 509 sed
1683 491 1732 517 per

938 528 1052 563 gratiam
1065 528 1193 563 Spiritus.
1208 529 1262 555 Aut
1280 529 1332 556 ltoc
1345 528 1412 555 dicit
1427 537 1433 554 :
1449 528 1507 555 Non
1527 528 1593 555 tnilti
1612 529 1731 555 carnalis

937 575 1030 601 cultus
1043 579 1095 607 est,
1109 575 1156 602 sed
1173 575 1334 610 spiritualis.
1353 575 1386 602 Et
1400 583 1433 602 ex
1451 575 1503 602 ltoc
1518 575 1641 603 ostendit
1655 575 1729 610 quod

937 622 1095 648 necessario
1112 630 1205 648 curam
1231 622 1340 648 illorunt
1365 621 1473 651 ltabeat.
1496 627 1525 648 ut
1546 622 1593 657 qui
1614 622 1728 649 verbum

938 668 1126 702 suscepissent
1146 667 1358 702 suscepturique
1377 673 1478 695 essent.
1499 678 1508 693 ι
1530 668 1558 695 ltt
1581 668 1730 703 Evangelio

939 713 999 740 Filii
1011 715 1080 748 ejus.
1094 723 1102 739 ι
1115 713 1198 740 Vides
1208 713 1281 748 quod
1299 714 1325 740 in
1344 714 1564 748 praecedentibus
1578 722 1640 740 cum
1657 714 1732 742 dice-

939 765 1006 787 ret:
1035 770 1044 786 ‹
1065 761 1093 787 ltt
1119 760 1296 795 Evangelium
1322 759 1380 792 Dei,
1403 770 1412 786 ι
1441 760 1541 787 dixerit
1566 760 1731 788 Christum?

942 817 950 832 ι
967 806 1046 840 Quod
1063 807 1264 838 indesinenter.
1285 817 1293 833 t
1313 812 1367 834 etc.
1384 807 1506 834 Sincera:
1519 807 1662 834 cbaritatis
1678 812 1730 838 est,

938 860 966 881 et
980 854 1147 881 mentionem
1167 853 1268 886 facere,
1284 858 1312 881 et
1328 861 1437 888 Sf‘mpcl'
1455 853 1507 879 hoc
1523 852 1614 880 facere
1625 873 1631 885 ,
1651 852 1733 887 idque

91 897 175 923 τοῦτο
189 897 294 932 πρᾶξαι
319 897 370 922 οὐκ
393 895 529 922 ἐϐούλετο.
543 895 579 921 Τὸ
595 894 634 928 δὲ,
658 894 708 930 ἥδη
729 893 805 927 ποτὲ,
826 893 885 921 ἀντὶ

973 899 1056 926 txinte
1078 900 1104 926 itt
1123 899 1341 935 precationibtts.
1365 909 1373 925 ι
1391 899 1480 927 Orans
1496 899 1518 926 si
1534 906 1589 934 quo
1610 898 1704 925 ntodo.
1719 907 1729 924 ι

91 942 161 976 τοῦ,
191 942 240 978 ὀψέ
258 951 334 970 ποτε.
348 943 436 978 ’Ὅπερ
472 942 532 969 ἐστὶ
563 941 668 978 σφόδρα
693 941 884 976 ἐπειγομένου.

94 999 105 1015 ι
122 989 351 1025 Εὑωδωθήσομαι.
370 1000 380 1015 ι
401 988 544 1023 Εὺκολίαν,
561 989 637 1024 φησὶ,
658 987 763 1024 σχοίην,
779 988 825 1016 καὶ
838 988 885 1015 ἐπὶ

91 1035 170 1070 καλῷ
185 1036 233 1071 τὴν
250 1036 318 1071 πρὸς
334 1035 405 1071 ὑμᾶς
423 1036 490 1062 ὁδόν.

938 945 1047 972 Etenim
1064 945 1201 980 prolicisci
1219 945 1396 980 properabat,
1412 949 1438 972 et
1460 949 1560 980 pra:ter
1576 944 1624 971 Dei
1639 943 1735 970 volun-

940 996 1024 1020 tatem
1044 992 1071 1019 id
1088 992 1178 1020 facere
1201 992 1323 1019 nolebat.
1347 991 1416 1019 Illud
1434 999 1510 1024 vero,
1530 991 1591 1018 Jam
1610 989 1732 1020 tandem.

938 1036 991 1064 hoc
1010 1041 1053 1065 est
1070 1045 1133 1065 sero
1174 1037 1299 1070 tandem,
1316 1036 1495 1064 vehementer
1518 1035 1692 1071 properantis
1706 1042 1735 1071 et

91 1083 216 1117 optantis
235 1087 287 1109 est.
310 1092 319 1108 ‹
340 1083 507 1117 Prosperum
532 1082 600 1110 ntilti
625 1082 768 1117 contingat
790 1081 853 1109 iter.
874 1092 882 1107 ι
907 1083 1088 1118 Facilitatem,
1102 1084 1202 1120 inquit,
1220 1084 1347 1118 habeam,
1364 1087 1392 1112 et
1406 1083 1440 1111 ad
1471 1083 1553 1111 ﬁnem
1586 1083 1735 1111 honestum

92 1130 148 1157 iter
165 1129 198 1156 ad
215 1138 273 1157 vos.

134 1179 283 1206 Ἐπιποθῶ
303 1179 358 1214 γὰρ
381 1179 456 1206 ἰδεῖν
469 1178 557 1214 ὑμᾶς,
573 1179 624 1207 ἵνα
635 1189 662 1206 τι
673 1178 790 1214 μεταδῶ
798 1179 881 1214 χάρι-

91 1233 156 1260 σμα
172 1225 242 1260 ὑμῖν
250 1225 465 1260 πνευματικὸν,
481 1227 524 1259 εις
534 1227 567 1252 τὸ
583 1225 781 1260 στηριχθῆναι
794 1225 886 1261 ὑμᾶς·

92 1272 182 1298 τοῦτο
209 1272 244 1299 δέ
266 1272 344 1303 ἐστι,
368 1271 664 1307 συμπαρακληοῆναι
690 1273 727 1299 ἐν
752 1272 823 1307 ὑμῖν
839 1272 889 1300 διὰ

91 1318 150 1353 τῆς
174 1318 210 1345 ἐν
231 1319 377 1352 ἀλλήλοις
414 1319 554 1351 πίστεως,
588 1317 672 1353 ὑμῶν
690 1326 722 1344 τε
739 1318 788 1345 καὶ
802 1318 887 1353 ἐμοῦ.

129 1365 186 1399 Οὐχ
202 1365 295 1396 ἁπλῶς
306 1365 345 1397 δὲ,
356 1365 434 1401 φησι,
448 1365 495 1392 καὶ
504 1365 639 1400 ἁνονήτως
651 1365 715 1391 ῐδετν
726 1364 796 1399 ὑμᾶς
807 1373 889 1391 σπου-

92 1410 178 1443 δάζω,
190 1410 248 1437 ἀλλ’
266 1410 336 1436 ὥστε
351 1411 476 1446 χάρισμα
494 1409 667 1445 μεταδοῦναι.
681 1409 763 1444 Λέγει
783 1409 811 1436 δὲ
836 1409 886 1445 τὴν

91 1455 205 1492 διδαχὴν
219 1457 266 1483 καὶ
283 1457 331 1492 τὴν
348 1458 512 1491 κατήχησιν.
526 1456 612 1482 Τοῦτο
624 1456 677 1491 γὰρ
691 1456 721 1482 τὸ
739 1455 886 1491 στηριχθῆ-

92 1511 151 1536 ναι,
163 1502 201 1535 ὡς
218 1503 404 1539 εἰκὸς,ἀκμὴν
415 1502 605 1537 σαλευομένων
619 1503 718 1530 αὐτῶν.
735 1503 770 1529 Τὸ
779 1503 807 1530 δὲ
817 1513 826 1529 ι
844 1503 887 1529 ἵνα

91 1557 130 1580 τι,
146 1557 156 1574 ι
179 1549 369 1584 μετριάζοντός
381 1550 466 1582 ἐστιν,
477 1548 543 1575 ὡσεὶ
559 1546 646 1582 εἶπεν,
661 1549 718 1576 Ίνα
736 1549 833 1584 μικρόν
848 1556 886 1575 τι.
903 1565 924 1596 C

93 1594 133 1622 Τὸ
148 1595 177 1621 δὲ
194 1604 204 1620 r
221 1595 337 1622 Μεταδῶ
354 1605 363 1621 ι
381 1595 466 1630 δηλοῖ,
477 1596 518 1622 ὃτι
535 1595 593 1622 Οὐκ
608 1594 675 1629 ὲμόν
688 1603 714 1621 τι
728 1594 819 1627 δώσω,
831 1593 889 1620 ἀλλ’

93 1647 166 1675 ὅπερ
180 1640 227 1666 καὶ
241 1639 297 1674 ἐγὼ
309 1639 416 1667 ἔλαϐον.
436 1649 445 1665 ι
465 1640 512 1672 Εἰς
531 1640 562 1666 τὺ
577 1639 756 1674 στηριχθῆναι
776 1640 860 1675 ὑμᾶς.
876 1649 885 1666 ι

93 1683 135 1712 Οὐ
151 1685 207 1720 γὰρ
234 1685 332 1721 μικρὸν
352 1686 485 1721 χάρισμα,
503 1686 534 1712 τὸ
557 1686 596 1721 μὴ
618 1685 779 1712 σαλεύεσθαι
793 1687 826 1722 τῇ
844 1688 889 1713 πί-

94 1740 166 1758 στει.
201 1741 210 1758 ‹
238 1732 522 1767 Συμπαρακληῢῆναι.
556 1741 564 1757 t
598 1731 707 1767 Ἐπειδὴ
737 1733 890 1768 στηριγμοῦ

94 1777 232 1814 ἐμνήσθη,
252 1779 294 1805 ῖνα
312 1779 350 1814 μὴ
365 1778 475 1814 λυπήσῃ
490 1778 587 1810 αὐτοὺς
608 1778 646 1810 ὡς
664 1778 704 1805 ὅτι
718 1778 888 1812 σαλεύονται,

94 1825 196 1859 ἐπάγει
222 1825 264 1852 τό·
281 1835 289 1850 ι
305 1824 589 1860 Συμπαρακληοὴναι,
607 1833 616 1850 t
634 1825 773 1851 τουτέστιν
789 1825 832 1852 ἳνα
843 1826 890 1852 καὶ

95 1872 154 1906 ἐγὼ
167 1873 250 1908 ὑμᾶς,
263 1871 311 1898 καὶ
343 1871 422 1906 ὑμεῖς
446 1871 495 1906 ἐμὲ
521 1871 744 1906 παρακαλέσητε.
764 1871 819 1906 Τῆς
836 1871 890 1908 γὰρ

94 1918 230 1953 ἀλλήλων,
244 1918 322 1954 φησι,
339 1917 456 1953 δεόμεθα
471 1917 683 1952 παρακλήσεως,
694 1917 737 1943 διὰ
749 1917 799 1954 τῆς
814 1917 891 1944 ἐνού-

95 1973 147 2001 σης
164 1965 229 2000 ἡμῖν
245 1964 374 1995 πίστεως.
387 1964 494 1999 Σφόδρα
506 1964 534 1990 δὲ
552 1963 704 1999 μετριάζει.
725 1963 784 1990 Ἐνι
797 1963 826 1990 δὲ
846 1965 892 1990 καὶ

95 2011 183 2043 οὕτως
200 2011 295 2046 νοῆσαι
305 2010 355 2046 τὴν
371 2010 555 2046 παράκλησιν,
567 2010 637 2042 Ἵνα,
651 2011 744 2046 φησιν,
753 2010 831 2045 ὑμεῖς
841 2011 892 2045 μὲν

95 2060 164 2095 παρ’
185 2058 251 2094 ἐμοῦ
265 2059 303 2090 εἰς
317 2060 365 2094 τὴν
380 2059 474 2085 πίστιν
499 2058 710 2093 παρικληθῆτε,
736 2058 791 2092 ἐγὼ
809 2058 837 2084 δὲ
852 2058 891 2089 είς

95 2106 281 2142 εὐφροσύνην,
292 2107 362 2142 ὁρῶν
375 2107 446 2140 ὑμᾶς
464 2106 730 2136 πεπιστευκότας.’Ἡ
743 2105 841 2137 οὕτως·
855 2104 892 2131 Τὸ

98 2153 263 2188 μεταδοῦναι
276 2153 339 2188 ὑμῖν
353 2153 486 2188 χάρισμα,
498 2152 547 2178 οὐκ
563 2151 711 2186 ἔστινὲμδν
726 2151 828 2186 μόνονῆ
843 2150 892 2186 τῆς

98 2199 170 2235 ἐμῆς
182 2201 368 2236 προαιρέσεως
380 2201 426 2226 καὶ
437 2199 586 2231 διακονίας,
603 2198 670 2224 ἀλλὰ
678 2198 766 2224 κοινὸν
784 2197 851 2232 ἐμοῦ
862 2206 892 2224 τε

970 1183 991 1213 Ι.
1005 1183 1048 1216 II,
1062 1183 1103 1211 ιιι.
1113 1183 1236 1210 ῡεδίιίεγο
1244 1183 1314 1210 enim
1323 1182 1409 1209 videre
1420 1189 1474 1213 eos,
1484 1179 1736 1216 utaliquidlradam

941 1230 1012 1257 vobis
1018 1230 1114 1265 gratia!
1120 1230 1282 1265 ερίνίιιιαίὶδ,
1292 1229 1327 1256 ad
1336 1228 1547 1263 conﬁrmandum
1557 1236 1600 1254 vos
1610 1235 1618 1254 :
1627 1227 1674 1254 hoc
1684 1230 1734 1260 est,

942 1279 972 1301 ut
994 1274 1076 1302 simul
1094 1274 1301 1301 consolationem
1319 1274 1449 1308 accipiam
1466 1274 1495 1300 in
1515 1273 1585 1300 vobis
1605 1281 1652 1308 per
1676 1281 1736 1300 mu-

942 1325 1016 1348 tuam
1029 1321 1109 1354 fidem
1122 1325 1237 1348 vestram
1248 1319 1329 1346 simul
1343 1323 1367 1346 et
1386 1327 1484 1346 meam.

977 1366 1037 1394 Non
1054 1366 1170 1402 vulgari,
1191 1365 1292 1401 inquit,
1320 1365 1402 1392 modo
1411 1370 1438 1392 et
1453 1365 1515 1392 sine
1531 1364 1623 1391 fructu
1640 1364 1736 1391 videre

941 1420 990 1440 vos
1012 1412 1105 1447 cupio,
1131 1411 1180 1439 sed
1205 1415 1234 1439 ut
1261 1411 1375 1446 gratiam
1403 1410 1521 1438 tradam.
1547 1410 1620 1437 Dicit
1642 1413 1735 1437 autent

941 1459 1095 1486 doctrinam
1109 1463 1136 1485 et
1149 1457 1361 1485 institutionem.
1370 1457 1438 1484 Nam
1447 1456 1500 1483 hoc
1510 1460 1551 1483 est
1564 1456 1735 1490 continuari,

943 1509 973 1531 ut
1003 1503 1153 1531 verisimile
1178 1503 1262 1530 fuerit
1283 1503 1357 1538 ipsos
1389 1502 1567 1529 vehementer
1588 1501 1734 1530 ﬂuctuare.

941 1550 1011 1578 Illud
1024 1557 1089 1577 vero
1102 1569 1109 1581 ,
1124 1559 1133 1575 ι
1152 1554 1183 1576 ut
1199 1548 1316 1584 aliquid,
1338 1558 1347 1574 ι
1360 1548 1477 1575 modesti
1490 1548 1574 1576 animi
1597 1552 1649 1581 est,
1665 1556 1697 1575 ac
1711 1548 1735 1575 si

941 1595 1030 1623 dicat:
1044 1595 1079 1623 Ut
1094 1594 1233 1622 modicum
1249 1594 1400 1629 quippiam.
1431 1593 1510 1626 Quod
1537 1597 1629 1620 autem
1659 1593 1737 1620 addit

942 1641 1060 1676 μεταδῶ,
1093 1650 1102 1666 ι
1123 1640 1252 1673 Tradatn,
1271 1650 1279 1665 I
1294 1640 1442 1675 signiﬁcat.
1456 1640 1530 1667 Νιιιὶι
1547 1640 1621 1674 quod
1641 1648 1734 1667 meum

941 1687 976 1715 sit
990 1687 1073 1720 dabo,
1092 1687 1139 1714 sed
1155 1686 1228 1722 quod
1253 1691 1281 1714 et
1292 1694 1344 1722 ego
1363 1686 1468 1721 accepi.
1487 1696 1496 1712 ι
1515 1686 1555 1713 Ad
1570 1686 1736 1713 conﬁrman-

941 1733 1007 1761 dum
1022 1741 1080 1761 vos.
1104 1743 1112 1760 t
1132 1733 1228 1768 Neque
1245 1733 1319 1760 enint
1347 1741 1464 1768 parvum
1485 1732 1590 1760 donum
1613 1737 1655 1760 est
1679 1741 1735 1766 non

941 1779 1075 1808 ﬂuctuare
1090 1779 1117 1807 in
1144 1779 1210 1807 ﬁde.
1230 1789 1239 1805 ι
1257 1779 1292 1808 Ut
1316 1779 1398 1806 simul
1417 1779 1636 1807 consolationem
1661 1780 1736 1806 acci-

941 1827 1025 1862 piatn.
1050 1837 1058 1852 ι
1094 1827 1243 1862 Postquam
1277 1827 1496 1854 conﬁrmationis
1531 1827 1667 1859 meminit,
1700 1835 1736 1854 ne

941 1874 1088 1902 contristet
1117 1882 1167 1902 eos
1189 1874 1267 1909 quasi
1294 1874 1430 1901 ﬂuctuare
1454 1874 1593 1906 dicantur,
1621 1874 1734 1901 subdit:

946 1931 954 1947 ι
971 1921 1006 1949 Ut
1020 1921 1101 1948 simul
1117 1920 1335 1948 consolationem
1352 1920 1496 1954 accipiam,
1512 1929 1521 1945 ι
1536 1920 1588 1947 hee
1603 1925 1655 1953 est,
1669 1924 1738 1948 utet

941 1976 992 2002 ego
1010 1958 1068 2000 vos,
1084 1971 1113 1994 ct
1125 1974 1174 1994 vos
1189 1975 1232 1994 me
1249 1966 1450 1998 consolemini;
1466 1971 1561 1993 mutua
1580 1966 1654 1993 cniut
1673 1974 1738 2002 ege-

943 2021 1004 2041 mus
1021 2013 1223 2046 eonsolationc,
1246 2013 1367 2048 quatiat
1390 2020 1440 2047 per
1468 2012 1677 2039 inexsistentcm
1708 2012 1736 2039 ia

942 2059 1024 2086 nobis
1041 2059 1134 2086 ﬁdem.
1155 2058 1279 2093 Magnam
1299 2062 1392 2085 autem
1414 2057 1538 2086 ostendit
1562 2057 1736 2085 modestiam.

943 2106 1038 2134 Potest
1050 2105 1103 2133 ltoc
1127 2113 1238 2141 quoque
1254 2104 1337 2132 modo
1360 2105 1514 2132 consolatio
1527 2104 1586 2132 lure
1599 2104 1737 2139 intelligi:

946 2152 981 2180 Ut
992 2160 1039 2179 vos
1046 2151 1157 2187 quidem
1168 2159 1183 2178 a
1192 2159 1235 2179 me
1245 2151 1279 2178 ad
1288 2151 1370 2178 Iidem
1382 2150 1572 2177 consolatione
1581 2150 1736 2182 ducamini,

943 2199 1026 2235 206
1040 2207 1090 2234 ego
1119 2207 1185 2226 vero
1198 2199 1232 2226 ad
1253 2198 1469 2225 oblectationem
1481 2197 1599 2229 alliciar,
1613 2205 1675 2223 cum
1690 2205 1738 2224 vos

98 2246 239 2282 καὶύμῶν.
252 2247 308 2282 Τῆς
320 2245 457 2278 διακονίας
465 2246 516 2281 μὲν
527 2245 575 2280 τῆς
591 2245 670 2280 ἐμῆς,
683 2243 732 2278 τῆς
743 2243 771 2270 δὲ
788 2245 885 2279 ὑπουρ-

973 2246 1092 2273 edentes
1104 2245 1222 2272 videant.
1238 2244 1286 2272 Vel
1300 2244 1354 2270 ita:
1372 2243 1493 2270 Tradere
1519 2243 1597 2270 vobis
1624 2244 1738 2278 gratiam

98 2293 162 2327 γίας
172 2294 221 2327 τῆς
229 2293 374 2328 ὑμετέρας.
387 2292 442 2318 Καὶ
456 2291 517 2318 οὐδὲ
527 2291 587 2317 τότε
600 2289 704 2322 ἁπλῶς,
714 2289 781 2316 ἀλλὰ
793 2289 892 2324 διὰτῆς

97 2342 127 2366 ἐν
140 2340 265 2375 ἀλλήλοις
273 2340 398 2371 πίστεως.
407 2338 468 2370 Πῶς
481 2338 528 2364 καὶ
536 2338 596 2364 τίνα
610 2337 711 2372 τρόπον
721 2345 729 2370 ;
747 2337 893 2363 Ἐὰναὺτοὶ

98 2387 194 2422 ἔχητε,
216 2388 293 2422 φησι,
315 2387 408 2413 πίστιν
424 2385 470 2413 τοῦ
489 2386 581 2412 λαϐεῖν
595 2385 626 2411 τὸ
641 2385 776 2421 χάρισμα,
791 2383 847 2419 ἐγώ
863 2393 893 2411 τε

99 2435 184 2462 πάλιν
210 2434 302 2461 πίστιν
321 2433 368 2461 τοῦ
393 2433 485 2460 δοῦναι.
510 2433 585 2468 ὑμῖν.
604 2433 667 2459 Ἐὰν
693 2432 747 2467 γὰρ
771 2431 826 2466 ἐγὼ
845 2431 893 2466 μὲν

100 2482 196 2508 πίστιν
211 2481 265 2516 ἔχω
280 2480 327 2508 τοῦ
342 2481 446 2512 δοῦναι,
469 2481 516 2507 καὶ
530 2480 614 2506 πολὺν
627 2479 720 2514 ἀγῶνα
743 2479 790 2505 καὶ
808 2487 894 2505 σπου-

101 2529 161 2564 δὴν,
178 2528 257 2563 ὑμεῖς
265 2528 294 2555 δὲ
308 2528 358 2554 οὐκ
373 2528 454 2563 ἔχητε
469 2527 559 2553 πίστιν
574 2526 620 2552 τοῦ
640 2525 744 2558 λαϐεῖν,
760 2525 814 2552 οὐδ’
834 2526 895 2551 ἐπι-

101 2575 204 2611 θυμίαν
219 2575 266 2602 καὶ
279 2574 439 2609 ἐπιμέλειαν
452 2573 516 2608 περὶ
527 2573 557 2599 τὸ
576 2571 681 2603 λαϐεῖν,
697 2571 727 2597 οὺ
742 2571 893 2606 παραγίνε-

100 2631 145 2649 ται
161 2622 237 2656 ὑμῖν,
254 2621 306 2648 κᾶν
327 2622 380 2655 ἐγὼ
397 2620 548 2655 βούλωμαι,
562 2619 593 2645 1b
606 2619 728 2654 χάρισμα
737 2619 767 2645 τὸ
777 2627 896 2653 πνευμα-

101 2670 189 2696 τικόν.
205 2670 251 2695 Δεῖ
261 2667 307 2696 οὖν
324 2669 466 2703 ἀμφότερα
488 2667 662 2702 συνδραμεῖν,
680 2665 765 2692 καὶτὸ
775 2665 806 2697 ἐξ
817 2664 895 2700 ἐμοῦ,

101 2718 150 2743 καὶ
174 2717 204 2742 τὸ
233 2715 263 2747 ἐξ
287 2715 373 2749 ὑμῶν.
390 2714 458 2740 Τότε
478 2713 533 2748 γὰρ
550 2713 628 2739 αὐτοὶ
649 2712 740 2738 πίστιν
759 2711 833 2742 ἕξετε
849 2709 896 2736 τοῦ

102 2762 196 2789 λαὸεῖν
223 2763 270 2788 καὶ
297 2761 457 2796 ἐπιθυμίαν,
482 2761 525 2786 ὅτε
549 2760 642 2791 ἀξίους
668 2758 782 2787 ἑαυτοὺς
808 2765 896 2792 παρα-

103 2810 253 2837 σκευάσετε
276 2809 325 2842 τῆς
349 2808 453 2842 δωρεᾶς
485 2806 516 2832 δι’
536 2806 623 2842 ἔργων
641 2805 762 2840 ἀγαθῶν.
783 2804 897 2838 Λαμϐαο

103 2856 204 2883 νόντων
217 2855 246 2881 δὲ
260 2855 337 2890 ὑμῶν
353 2854 383 2880 τὸ
398 2855 532 2888 χάρισμα.
560 2853 639 2887 δῆλον
659 2853 700 2879 ὅτι
721 2849 898 2886 παρακοιλοὺ-

105 2902 175 2938 μεθα
201 2903 248 2929 καὶ
271 2899 473 2935 εὐφραινόμεθα
488 2900 516 2925 ὲν
542 2899 666 2934 ἀλλήλοις
677 2906 683 2913 ·
699 2897 789 2925 κοινὸν
804 2896 858 2933 γὰρ
869 2896 898 2923 τὸ

265 2951 403 2981 ΡΑτιιοι.
417 2951 475 2980 Gn.
494 2947 634 2981 (.XVIII.

945 2300 999 2318 11011
1014 2299 1106 2319 meum
1125 2291 1216 2318 solum
1229 2295 1271 2317 est
1289 2295 1337 2317 aut
1349 2298 1416 2317 1]ιυὶιὲ
1432 2289 1583 2318 voluntatis
1600 2298 1632 2317 (lC
1657 2291 1740 2317 milli-

946 2338 1037 2370 sterii,
1055 2337 1103 2365 sed
1119 2337 1186 2365 ntilti
1207 2336 1342 2371 vobisque
1360 2344 1508 2363 commune
1528 2341 1586 2363 est:
1607 2337 1659 2364 tnei
1675 2338 1736 2371 qui-

945 2384 1008 2412 dem
1024 2383 1183 2415 ministerii,
1209 2382 1293 2410 vestri
1308 2386 1399 2409 autem
1425 2381 1557 2414 subsidii;
1576 2387 1603 2409 et
1625 2390 1659 2409 ne
1675 2388 1740 2409 tunc

946 2429 1059 2464 quidem
1077 2435 1229 2463 utcunque,
1255 2428 1303 2455 sed
1329 2436 1378 2462 per
1405 2433 1527 2454 mutuam
1557 2428 1648 2454 Iidem.
1679 2429 1740 2460 Quo

947 2475 1029 2502 modo
1042 2483 1108 2510 ergo
1125 2475 1152 2502 id
1167 2474 1270 2502 liet?Si
1287 2474 1461 2509 ipsi,inqui1,
1477 2473 1555 2500 ﬁdem
1574 2474 1634 2500 lt..b-
1646 2475 1738 2500 aILSad

946 2522 1137 2557 accipiendam
1151 2522 1278 2557 gratiam,
1296 2529 1347 2556 ego
1363 2529 1429 2548 vero
1446 2520 1526 2548 (idem
1554 2529 1664 2551 rursum
1691 2521 1740 2548 Ita-

947 2569 1026 2597 beant
1043 2569 1076 2596 ad
1098 2569 1173 2596 illam
1193 2568 1274 2595 vobis
1286 2567 1459 2595 tradendam.
1476 2567 1543 2594 Nam
1560 2567 1582 2594 si
1599 2575 1650 2601 ego
1675 2567 1738 2601 qui—

947 2617 1009 2643 dem
1047 2615 1129 2642 [idem
1167 2615 1282 2642 habeant
1318 2614 1351 2641 ad
1384 2613 1519 2646 dandum,
1553 2620 1738 2647 magnumque

947 2662 1070 2689 laborem
1088 2669 1120 2689 ac
1148 2661 1282 2693 studium,
1308 2669 1357 2688 vos
1381 2666 1473 2687 autent
1498 2667 1554 2687 non
1585 2658 1738 2686 habueritis

948 2709 1030 2736 fidem
1046 2709 1079 2735 ad
1096 2708 1306 2743 accipiendum:
1330 2715 1384 2734 nott
1402 2707 1543 2741 continget
1558 2705 1637 2732 vobis
1652 2705 1739 2740 gratia

949 2754 1112 2790 spiritualis,
1128 2753 1211 2780 ctiatn
1226 2753 1247 2780 si
1257 2761 1308 2788 ego
1321 2753 1411 2779 velim.
1432 2752 1585 2784 Utrumque
1595 2758 1659 2784 ergo
1670 2757 1739 2776 con-

949 2809 1062 2828 currere
1080 2805 1199 2834 oportet,
1216 2799 1330 2833 etquod
1350 2806 1364 2825 a
1382 2807 1422 2824 me
1440 2797 1577 2831 pra-betur
1592 2800 1619 2822 et
1634 2796 1707 2830 quod
1723 2804 1739 2824 a

949 2847 1038 2874 vobis.
1057 2846 1135 2873 Tunc
1159 2846 1232 2873 enitn
1260 2845 1340 2872 ﬁdem
1365 2852 1398 2870 ac
1418 2842 1586 2869 desiderium
1612 2842 1739 2876 accipere

950 2894 1088 2931 poteritis,
1105 2892 1216 2928 quando
1246 2890 1325 2918 bonis
1344 2890 1473 2926 operibus
1485 2889 1583 2924 dignos
1597 2889 1650 2916 hoc
1665 2887 1738 2916 dono

1513 2935 1545 2967 11
