  <div class='ocr_page' id='page_1' title='image "/cluster/home/n/w/nwhite01/storage/ocr_20150623/118/njp.32101077772992/251.png"; bbox 0 0 1881 3051; ppageno 0'>
   <div class='ocr_carea' id='block_1_1' title="bbox 229 145 284 192">
    <p class='ocr_par' dir='ltr' id='par_1_1' title="bbox 229 145 284 192">
     <span class='ocr_line' id='line_1_1' title="bbox 229 145 284 192; baseline -0.018 0"><span class='ocrx_word' id='word_1_1' title='bbox 229 145 284 192; x_wconf 62' lang='lat'><strong>327&#39;</strong></span> 
     </span>
    </p>
   </div>
   <div class='ocr_carea' id='block_1_2' title="bbox 753 156 1854 191">
    <p class='ocr_par' dir='ltr' id='par_1_2' title="bbox 753 156 1854 191">
     <span class='ocr_line' id='line_1_2' title="bbox 753 156 1854 191; baseline 0.004 -5"><span class='ocrx_word' id='word_1_2' title='bbox 753 156 951 186; x_wconf 78' lang='lat' dir='ltr'><strong>(ECUMENII</strong></span> <span class='ocrx_word' id='word_1_3' title='bbox 970 157 1118 186; x_wconf 62' lang='lat' dir='ltr'><strong>TRlCCAi</strong></span> <span class='ocrx_word' id='word_1_4' title='bbox 1139 157 1308 187; x_wconf 77' lang='lat' dir='ltr'><strong>El‘lSCOl&#39;I</strong></span> <span class='ocrx_word' id='word_1_5' title='bbox 1814 160 1854 191; x_wconf 70' lang='lat'><strong>338</strong></span> 
     </span>
    </p>
   </div>
   <div class='ocr_carea' id='block_1_3' title="bbox 229 211 1007 247">
    <p class='ocr_par' dir='ltr' id='par_1_3' title="bbox 229 211 1007 245">
     <span class='ocr_line' id='line_1_3' title="bbox 229 211 1007 245; baseline -0.006 -4"><span class='ocrx_word' id='word_1_6' title='bbox 229 217 287 241; x_wconf 84' lang='lat' dir='ltr'><strong>tum</strong></span> <span class='ocrx_word' id='word_1_7' title='bbox 308 212 432 240; x_wconf 84' lang='lat' dir='ltr'><strong>obedire.</strong></span> <span class='ocrx_word' id='word_1_8' title='bbox 451 221 459 237; x_wconf 92' lang='grc'><strong>1</strong></span> <span class='ocrx_word' id='word_1_9' title='bbox 479 211 531 238; x_wconf 85' lang='lat' dir='ltr'><strong>Per</strong></span> <span class='ocrx_word' id='word_1_10' title='bbox 549 218 646 237; x_wconf 85' lang='lat' dir='ltr'><strong>omnes</strong></span> <span class='ocrx_word' id='word_1_11' title='bbox 662 215 766 245; x_wconf 79' lang='lat' dir='ltr'><strong>gentes.</strong></span> <span class='ocrx_word' id='word_1_12' title='bbox 783 221 791 236; x_wconf 86' lang='grc'><strong>1</strong></span> <span class='ocrx_word' id='word_1_13' title='bbox 812 211 878 237; x_wconf 88' lang='lat' dir='ltr'><strong>Nam</strong></span> <span class='ocrx_word' id='word_1_14' title='bbox 893 211 943 237; x_wconf 71' lang='lat' dir='ltr'><strong>etsi</strong></span> <span class='ocrx_word' id='word_1_15' title='bbox 961 211 1007 245; x_wconf 75' lang='lat' dir='ltr'><strong>ip54</strong></span> 
     </span>
    </p>
   </div>
   <div class='ocr_carea' id='block_1_4' title="bbox 1065 211 1856 247">
    <p class='ocr_par' dir='ltr' id='par_1_4' title="bbox 1070 211 1856 247">
     <span class='ocr_line' id='line_1_4' title="bbox 1070 211 1856 247; baseline 0.006 -11"><span class='ocrx_word' id='word_1_16' title='bbox 1070 211 1124 246; x_wconf 74' lang='grc' dir='ltr'><strong>γὰρ</strong></span> <span class='ocrx_word' id='word_1_17' title='bbox 1140 211 1186 237; x_wconf 70' lang='grc' dir='ltr'>καὶ</span> <span class='ocrx_word' id='word_1_18' title='bbox 1204 212 1240 246; x_wconf 80' lang='grc' dir='ltr'>μὴ</span> <span class='ocrx_word' id='word_1_19' title='bbox 1256 212 1337 242; x_wconf 71' lang='grc' dir='ltr'><strong>αὐτὸς</strong></span> <span class='ocrx_word' id='word_1_20' title='bbox 1362 211 1449 237; x_wconf 61' lang='grc' dir='ltr'>πάντα</span> <span class='ocrx_word' id='word_1_21' title='bbox 1466 212 1622 247; x_wconf 70' lang='grc' dir='ltr'>περιῆλθεν,</span> <span class='ocrx_word' id='word_1_22' title='bbox 1644 212 1721 239; x_wconf 76' lang='grc' dir='ltr'>ἀλλὰ</span> <span class='ocrx_word' id='word_1_23' title='bbox 1740 213 1786 239; x_wconf 74' lang='grc' dir='ltr'>καὶ</span> <span class='ocrx_word' id='word_1_24' title='bbox 1798 214 1856 241; x_wconf 72' lang='grc' dir='ltr'>οὕτω</span> 
     </span>
    </p>
   </div>
   <div class='ocr_carea' id='block_1_5' title="bbox 228 257 1017 290">
    <p class='ocr_par' dir='ltr' id='par_1_5' title="bbox 228 257 1017 290">
     <span class='ocr_line' id='line_1_5' title="bbox 228 257 1017 290; baseline -0.003 -5"><span class='ocrx_word' id='word_1_25' title='bbox 228 266 284 285; x_wconf 84' lang='lat' dir='ltr'><strong>non</strong></span> <span class='ocrx_word' id='word_1_26' title='bbox 298 258 387 284; x_wconf 87' lang='lat' dir='ltr'><strong>omnis</strong></span> <span class='ocrx_word' id='word_1_27' title='bbox 402 258 553 290; x_wconf 83' lang='lat' dir='ltr'><strong>circuierit,</strong></span> <span class='ocrx_word' id='word_1_28' title='bbox 569 257 749 285; x_wconf 85' lang='lat' dir='ltr'><strong>nihilominus</strong></span> <span class='ocrx_word' id='word_1_29' title='bbox 765 257 894 284; x_wconf 91' lang='lat' dir='ltr'><strong>omnibus</strong></span> <span class='ocrx_word' id='word_1_30' title='bbox 910 265 1017 284; x_wconf 77' lang='lat' dir='ltr'><strong>annuit-</strong></span> 
     </span>
    </p>
   </div>
   <div class='ocr_carea' id='block_1_6' title="bbox 230 303 1017 338">
    <p class='ocr_par' dir='ltr' id='par_1_6' title="bbox 230 303 1017 338">
     <span class='ocr_line' id='line_1_6' title="bbox 230 303 1017 338; baseline -0.001 -7"><span class='ocrx_word' id='word_1_31' title='bbox 230 305 328 331; x_wconf 88' lang='lat' dir='ltr'><strong>tiatum</strong></span> <span class='ocrx_word' id='word_1_32' title='bbox 344 309 386 331; x_wconf 86' lang='lat' dir='ltr'><strong>est</strong></span> <span class='ocrx_word' id='word_1_33' title='bbox 403 305 593 338; x_wconf 80' lang='lat' dir='ltr'><strong>Evangelium,</strong></span> <span class='ocrx_word' id='word_1_34' title='bbox 611 311 659 338; x_wconf 86' lang='lat' dir='ltr'><strong>per</strong></span> <span class='ocrx_word' id='word_1_35' title='bbox 676 308 789 330; x_wconf 75' lang='lat' dir='ltr'><strong>czeteros</strong></span> <span class='ocrx_word' id='word_1_36' title='bbox 804 303 932 330; x_wconf 88' lang='lat' dir='ltr'><strong>videlicet</strong></span> <span class='ocrx_word' id='word_1_37' title='bbox 952 310 1017 337; x_wconf 88' lang='lat' dir='ltr'><strong>apo-</strong></span> 
     </span>
    </p>
   </div>
   <div class='ocr_carea' id='block_1_7' title="bbox 229 349 1017 385">
    <p class='ocr_par' dir='ltr' id='par_1_7' title="bbox 229 349 1017 385">
     <span class='ocr_line' id='line_1_7' title="bbox 229 349 1017 385; baseline -0.004 -7"><span class='ocrx_word' id='word_1_38' title='bbox 229 351 324 378; x_wconf 77' lang='lat' dir='ltr'><strong>stolos.</strong></span> <span class='ocrx_word' id='word_1_39' title='bbox 345 361 353 376; x_wconf 89' lang='grc'><strong>1</strong></span> <span class='ocrx_word' id='word_1_40' title='bbox 371 351 459 385; x_wconf 83' lang='lat' dir='ltr'><strong>Super</strong></span> <span class='ocrx_word' id='word_1_41' title='bbox 479 350 589 377; x_wconf 84' lang='lat' dir='ltr'><strong>nomine</strong></span> <span class='ocrx_word' id='word_1_42' title='bbox 606 351 676 385; x_wconf 86' lang='lat' dir='ltr'><strong>ejus.</strong></span> <span class='ocrx_word' id='word_1_43' title='bbox 698 359 707 374; x_wconf 87' lang='grc'><strong>1</strong></span> <span class='ocrx_word' id='word_1_44' title='bbox 727 349 808 376; x_wconf 85' lang='lat' dir='ltr'><strong>Fides</strong></span> <span class='ocrx_word' id='word_1_45' title='bbox 823 349 895 376; x_wconf 89' lang='lat' dir='ltr'><strong>enim</strong></span> <span class='ocrx_word' id='word_1_46' title='bbox 918 349 945 376; x_wconf 91' lang='lat' dir='ltr'><strong>in</strong></span> <span class='ocrx_word' id='word_1_47' title='bbox 966 357 1017 376; x_wconf 92' lang='lat' dir='ltr'><strong>no-</strong></span> 
     </span>
    </p>
   </div>
   <div class='ocr_carea' id='block_1_8' title="bbox 230 393 1017 430">
    <p class='ocr_par' dir='ltr' id='par_1_8' title="bbox 230 393 1017 430">
     <span class='ocr_line' id='line_1_8' title="bbox 230 393 1017 430; baseline -0.001 -8"><span class='ocrx_word' id='word_1_48' title='bbox 230 404 292 422; x_wconf 89' lang='lat' dir='ltr'><strong>men</strong></span> <span class='ocrx_word' id='word_1_49' title='bbox 308 396 367 430; x_wconf 84' lang='lat' dir='ltr'><strong>ejus</strong></span> <span class='ocrx_word' id='word_1_50' title='bbox 381 395 443 422; x_wconf 83' lang='lat' dir='ltr'><strong>fuit.</strong></span> <span class='ocrx_word' id='word_1_51' title='bbox 458 395 526 422; x_wconf 85' lang='lat' dir='ltr'><strong>Nam</strong></span> <span class='ocrx_word' id='word_1_52' title='bbox 541 395 629 430; x_wconf 88' lang='lat' dir='ltr'><strong>ipsum</strong></span> <span class='ocrx_word' id='word_1_53' title='bbox 643 398 738 429; x_wconf 78' lang='lat' dir='ltr'><strong>gentes</strong></span> <span class='ocrx_word' id='word_1_54' title='bbox 750 403 803 421; x_wconf 93' lang='lat' dir='ltr'><strong>non</strong></span> <span class='ocrx_word' id='word_1_55' title='bbox 817 395 955 426; x_wconf 82' lang='lat' dir='ltr'><strong>viderunt,</strong></span> <span class='ocrx_word' id='word_1_56' title='bbox 969 393 1017 421; x_wconf 90' lang='lat' dir='ltr'><strong>scd</strong></span> 
     </span>
    </p>
   </div>
   <div class='ocr_carea' id='block_1_9' title="bbox 228 440 1016 475">
    <p class='ocr_par' dir='ltr' id='par_1_9' title="bbox 228 440 1016 475">
     <span class='ocr_line' id='line_1_9' title="bbox 228 440 1016 475; baseline 0 -8"><span class='ocrx_word' id='word_1_57' title='bbox 228 442 287 468; x_wconf 92' lang='lat' dir='ltr'><strong>solo</strong></span> <span class='ocrx_word' id='word_1_58' title='bbox 308 442 367 475; x_wconf 87' lang='lat' dir='ltr'><strong>ejus</strong></span> <span class='ocrx_word' id='word_1_59' title='bbox 390 441 500 467; x_wconf 89' lang='lat' dir='ltr'><strong>nomine</strong></span> <span class='ocrx_word' id='word_1_60' title='bbox 525 441 663 475; x_wconf 76' lang='lat' dir='ltr'><strong>divulgato</strong></span> <span class='ocrx_word' id='word_1_61' title='bbox 687 440 875 467; x_wconf 86' lang='lat' dir='ltr'><strong>crediderunt.</strong></span> <span class='ocrx_word' id='word_1_62' title='bbox 899 441 933 467; x_wconf 86' lang='lat' dir='ltr'><strong>Et</strong></span> <span class='ocrx_word' id='word_1_63' title='bbox 953 447 1016 467; x_wconf 75' lang='lat' dir='ltr'><strong>rete</strong></span> 
     </span>
    </p>
   </div>
   <div class='ocr_carea' id='block_1_10' title="bbox 227 485 1015 521">
    <p class='ocr_par' dir='ltr' id='par_1_10' title="bbox 227 485 1015 521">
     <span class='ocr_line' id='line_1_10' title="bbox 227 485 1015 521; baseline 0 -9"><span class='ocrx_word' id='word_1_64' title='bbox 227 486 312 521; x_wconf 79' lang='lat' dir='ltr'><strong>gratia</strong></span> <span class='ocrx_word' id='word_1_65' title='bbox 335 486 414 520; x_wconf 86' lang='lat' dir='ltr'><strong>plena</strong></span> <span class='ocrx_word' id='word_1_66' title='bbox 430 492 488 513; x_wconf 81' lang='lat' dir='ltr'><strong>erat</strong></span> <span class='ocrx_word' id='word_1_67' title='bbox 508 486 660 520; x_wconf 83' lang='lat' dir='ltr'><strong>apostolica</strong></span> <span class='ocrx_word' id='word_1_68' title='bbox 679 485 785 512; x_wconf 75' lang='lat' dir='ltr'><strong>functio</strong></span> <span class='ocrx_word' id='word_1_69' title='bbox 806 486 1015 520; x_wconf 82' lang='lat' dir='ltr'><strong>discipulorum,</strong></span> 
     </span>
    </p>
   </div>
   <div class='ocr_carea' id='block_1_11' title="bbox 227 530 1017 566">
    <p class='ocr_par' dir='ltr' id='par_1_11' title="bbox 227 530 1017 566">
     <span class='ocr_line' id='line_1_11' title="bbox 227 530 1017 566; baseline 0 -8"><span class='ocrx_word' id='word_1_70' title='bbox 227 532 291 566; x_wconf 93' lang='lat' dir='ltr'><strong>quia</strong></span> <span class='ocrx_word' id='word_1_71' title='bbox 326 536 521 566; x_wconf 82' lang='lat' dir='ltr'><strong>persuaserunt</strong></span> <span class='ocrx_word' id='word_1_72' title='bbox 555 531 704 566; x_wconf 80' lang='lat' dir='ltr'><strong>gentibus,</strong></span> <span class='ocrx_word' id='word_1_73' title='bbox 747 537 776 558; x_wconf 90' lang='lat' dir='ltr'><strong>ut</strong></span> <span class='ocrx_word' id='word_1_74' title='bbox 807 530 951 558; x_wconf 88' lang='lat' dir='ltr'><strong>obedirent</strong></span> <span class='ocrx_word' id='word_1_75' title='bbox 985 538 1017 558; x_wconf 89' lang='lat' dir='ltr'><strong>ac</strong></span> 
     </span>
    </p>
   </div>
   <div class='ocr_carea' id='block_1_12' title="bbox 226 577 1016 612">
    <p class='ocr_par' dir='ltr' id='par_1_12' title="bbox 226 577 1016 612">
     <span class='ocr_line' id='line_1_12' title="bbox 226 577 1016 612; baseline 0 -8"><span class='ocrx_word' id='word_1_76' title='bbox 226 577 371 604; x_wconf 93' lang='lat' dir='ltr'><strong>crederent</strong></span> <span class='ocrx_word' id='word_1_77' title='bbox 407 577 433 604; x_wconf 89' lang='lat' dir='ltr'><strong>in</strong></span> <span class='ocrx_word' id='word_1_78' title='bbox 466 577 629 608; x_wconf 86' lang='lat' dir='ltr'><strong>Christum,</strong></span> <span class='ocrx_word' id='word_1_79' title='bbox 659 577 742 612; x_wconf 81' lang='lat' dir='ltr'><strong>idque</strong></span> <span class='ocrx_word' id='word_1_80' title='bbox 776 585 837 604; x_wconf 90' lang='lat' dir='ltr'><strong>cum</strong></span> <span class='ocrx_word' id='word_1_81' title='bbox 868 577 1016 611; x_wconf 88' lang='lat' dir='ltr'><strong>piscatores</strong></span> 
     </span>
    </p>
   </div>
   <div class='ocr_carea' id='block_1_13' title="bbox 224 624 1016 659">
    <p class='ocr_par' dir='ltr' id='par_1_13' title="bbox 224 624 1016 659">
     <span class='ocr_line' id='line_1_13' title="bbox 224 624 1016 659; baseline 0.001 -9"><span class='ocrx_word' id='word_1_82' title='bbox 224 629 317 650; x_wconf 82' lang='lat' dir='ltr'><strong>essent</strong></span> <span class='ocrx_word' id='word_1_83' title='bbox 342 632 374 651; x_wconf 87' lang='lat' dir='ltr'><strong>ac</strong></span> <span class='ocrx_word' id='word_1_84' title='bbox 400 624 556 651; x_wconf 77' lang='lat' dir='ltr'><strong>litterarum</strong></span> <span class='ocrx_word' id='word_1_85' title='bbox 588 625 686 659; x_wconf 81' lang='lat' dir='ltr'><strong>ignari.</strong></span> <span class='ocrx_word' id='word_1_86' title='bbox 720 634 729 650; x_wconf 85' lang='grc'><strong>1</strong></span> <span class='ocrx_word' id='word_1_87' title='bbox 753 625 826 651; x_wconf 89' lang='lat' dir='ltr'><strong>lnlcr</strong></span> <span class='ocrx_word' id='word_1_88' title='bbox 855 632 922 659; x_wconf 89' lang='lat' dir='ltr'><strong>quas</strong></span> <span class='ocrx_word' id='word_1_89' title='bbox 949 625 1016 651; x_wconf 85' lang='lat' dir='ltr'><strong>estis</strong></span> 
     </span>
    </p>
   </div>
   <div class='ocr_carea' id='block_1_14' title="bbox 224 670 1014 705">
    <p class='ocr_par' dir='ltr' id='par_1_14' title="bbox 224 670 1014 705">
     <span class='ocr_line' id='line_1_14' title="bbox 224 670 1014 705; baseline 0.001 -10"><span class='ocrx_word' id='word_1_90' title='bbox 224 674 253 696; x_wconf 89' lang='lat' dir='ltr'><strong>et</strong></span> <span class='ocrx_word' id='word_1_91' title='bbox 268 677 325 696; x_wconf 80' lang='lat' dir='ltr'><strong>vos.</strong></span> <span class='ocrx_word' id='word_1_92' title='bbox 346 679 354 695; x_wconf 90' lang='grc'><strong>1</strong></span> <span class='ocrx_word' id='word_1_93' title='bbox 374 670 431 696; x_wconf 87' lang='lat' dir='ltr'><strong>Hoc</strong></span> <span class='ocrx_word' id='word_1_94' title='bbox 449 675 501 702; x_wconf 82' lang='lat' dir='ltr'><strong>est,</strong></span> <span class='ocrx_word' id='word_1_95' title='bbox 520 677 581 696; x_wconf 87' lang='lat' dir='ltr'><strong>cum</strong></span> <span class='ocrx_word' id='word_1_96' title='bbox 598 670 699 704; x_wconf 84' lang='lat' dir='ltr'><strong>quibus</strong></span> <span class='ocrx_word' id='word_1_97' title='bbox 713 671 841 705; x_wconf 81' lang='lat' dir='ltr'><strong>gentibus</strong></span> <span class='ocrx_word' id='word_1_98' title='bbox 859 674 888 697; x_wconf 92' lang='lat' dir='ltr'><strong>ct</strong></span> <span class='ocrx_word' id='word_1_99' title='bbox 904 678 951 697; x_wconf 83' lang='lat' dir='ltr'><strong>vos</strong></span> <span class='ocrx_word' id='word_1_100' title='bbox 967 678 1014 697; x_wconf 77' lang='lat' dir='ltr'><strong>vo-</strong></span> 
     </span>
    </p>
   </div>
   <div class='ocr_carea' id='block_1_15' title="bbox 225 715 1015 751">
    <p class='ocr_par' dir='ltr' id='par_1_15' title="bbox 225 715 1015 751">
     <span class='ocr_line' id='line_1_15' title="bbox 225 715 1015 751; baseline -0.001 -8"><span class='ocrx_word' id='word_1_101' title='bbox 225 718 278 744; x_wconf 87' lang='lat' dir='ltr'><strong>cati</strong></span> <span class='ocrx_word' id='word_1_102' title='bbox 295 717 369 743; x_wconf 88' lang='lat' dir='ltr'><strong>estis.</strong></span> <span class='ocrx_word' id='word_1_103' title='bbox 389 716 483 750; x_wconf 82' lang='lat' dir='ltr'><strong>Neque</strong></span> <span class='ocrx_word' id='word_1_104' title='bbox 495 717 566 743; x_wconf 91' lang='lat' dir='ltr'><strong>enim</strong></span> <span class='ocrx_word' id='word_1_105' title='bbox 585 725 600 743; x_wconf 84' lang='lat' dir='ltr'><strong>a</strong></span> <span class='ocrx_word' id='word_1_106' title='bbox 616 716 694 743; x_wconf 84' lang='lat' dir='ltr'><strong>vobis</strong></span> <span class='ocrx_word' id='word_1_107' title='bbox 706 716 773 751; x_wconf 85' lang='lat' dir='ltr'><strong>ipsis</strong></span> <span class='ocrx_word' id='word_1_108' title='bbox 791 716 913 743; x_wconf 78' lang='lat' dir='ltr'><strong>venistis.</strong></span> <span class='ocrx_word' id='word_1_109' title='bbox 936 715 1015 743; x_wconf 85' lang='lat' dir='ltr'><strong>Com-</strong></span> 
     </span>
    </p>
   </div>
   <div class='ocr_carea' id='block_1_16' title="bbox 225 762 1012 797">
    <p class='ocr_par' dir='ltr' id='par_1_16' title="bbox 225 762 1012 797">
     <span class='ocr_line' id='line_1_16' title="bbox 225 762 1012 797; baseline 0 -9"><span class='ocrx_word' id='word_1_110' title='bbox 225 763 320 797; x_wconf 86' lang='lat' dir='ltr'><strong>primit</strong></span> <span class='ocrx_word' id='word_1_111' title='bbox 340 762 421 797; x_wconf 57' lang='lat'><strong>205.</strong></span> <span class='ocrx_word' id='word_1_112' title='bbox 436 767 527 789; x_wconf 83' lang='lat' dir='ltr'><strong>autem</strong></span> <span class='ocrx_word' id='word_1_113' title='bbox 543 763 644 790; x_wconf 82' lang='lat' dir='ltr'><strong>fastum</strong></span> <span class='ocrx_word' id='word_1_114' title='bbox 660 763 781 794; x_wconf 91' lang='lat' dir='ltr'><strong>illorum,</strong></span> <span class='ocrx_word' id='word_1_115' title='bbox 798 770 829 788; x_wconf 86' lang='lat' dir='ltr'><strong>ac</strong></span> <span class='ocrx_word' id='word_1_116' title='bbox 844 762 866 789; x_wconf 91' lang='lat' dir='ltr'><strong>si</strong></span> <span class='ocrx_word' id='word_1_117' title='bbox 884 762 988 789; x_wconf 87' lang='lat' dir='ltr'><strong>diceret</strong></span> <span class='ocrx_word' id='word_1_118' title='bbox 1006 770 1012 787; x_wconf 96' lang='lat'>:</span> 
     </span>
    </p>
   </div>
   <div class='ocr_carea' id='block_1_17' title="bbox 226 807 1015 843">
    <p class='ocr_par' dir='ltr' id='par_1_17' title="bbox 226 807 1015 843">
     <span class='ocr_line' id='line_1_17' title="bbox 226 807 1015 843; baseline 0 -9"><span class='ocrx_word' id='word_1_119' title='bbox 226 807 266 834; x_wconf 86' lang='lat' dir='ltr'><strong>Ne</strong></span> <span class='ocrx_word' id='word_1_120' title='bbox 290 809 391 841; x_wconf 87' lang='lat' dir='ltr'><strong>putetis</strong></span> <span class='ocrx_word' id='word_1_121' title='bbox 414 808 514 843; x_wconf 84' lang='lat' dir='ltr'><strong>regiam</strong></span> <span class='ocrx_word' id='word_1_122' title='bbox 539 816 569 834; x_wconf 88' lang='lat' dir='ltr'><strong>ac</strong></span> <span class='ocrx_word' id='word_1_123' title='bbox 590 808 776 835; x_wconf 80' lang='lat' dir='ltr'><strong>dominantem</strong></span> <span class='ocrx_word' id='word_1_124' title='bbox 798 807 937 835; x_wconf 79' lang='lat' dir='ltr'><strong>civitatem</strong></span> <span class='ocrx_word' id='word_1_125' title='bbox 958 816 1015 834; x_wconf 88' lang='lat' dir='ltr'><strong>am-</strong></span> 
     </span>
    </p>
   </div>
   <div class='ocr_carea' id='block_1_18' title="bbox 227 853 1013 888">
    <p class='ocr_par' dir='ltr' id='par_1_18' title="bbox 227 853 1013 888">
     <span class='ocr_line' id='line_1_18' title="bbox 227 853 1013 888; baseline 0.004 -10"><span class='ocrx_word' id='word_1_126' title='bbox 227 853 298 887; x_wconf 81' lang='lat' dir='ltr'><strong>pIEus</strong></span> <span class='ocrx_word' id='word_1_127' title='bbox 312 854 452 888; x_wconf 83' lang='lat' dir='ltr'><strong>quidpiam</strong></span> <span class='ocrx_word' id='word_1_128' title='bbox 475 854 525 881; x_wconf 76' lang='lat' dir='ltr'><strong>liae</strong></span> <span class='ocrx_word' id='word_1_129' title='bbox 543 854 571 880; x_wconf 91' lang='lat' dir='ltr'><strong>in</strong></span> <span class='ocrx_word' id='word_1_130' title='bbox 589 862 618 881; x_wconf 88' lang='lat' dir='ltr'><strong>re</strong></span> <span class='ocrx_word' id='word_1_131' title='bbox 640 854 741 881; x_wconf 81' lang='lat' dir='ltr'><strong>habere</strong></span> <span class='ocrx_word' id='word_1_132' title='bbox 759 862 815 888; x_wconf 83' lang='lat' dir='ltr'><strong>prae</strong></span> <span class='ocrx_word' id='word_1_133' title='bbox 833 854 950 884; x_wconf 67' lang='lat' dir='ltr'><strong>ueteris.</strong></span> <span class='ocrx_word' id='word_1_134' title='bbox 965 855 1013 881; x_wconf 89' lang='lat' dir='ltr'><strong>sed</strong></span> 
     </span>
    </p>
   </div>
   <div class='ocr_carea' id='block_1_19' title="bbox 226 899 1010 935">
    <p class='ocr_par' dir='ltr' id='par_1_19' title="bbox 226 899 1010 935">
     <span class='ocr_line' id='line_1_19' title="bbox 226 899 1010 935; baseline 0.004 -11"><span class='ocrx_word' id='word_1_135' title='bbox 226 907 288 925; x_wconf 93' lang='lat' dir='ltr'><strong>cum</strong></span> <span class='ocrx_word' id='word_1_136' title='bbox 306 900 418 931; x_wconf 77' lang='lat' dir='ltr'><strong>reliquis</strong></span> <span class='ocrx_word' id='word_1_137' title='bbox 437 900 565 934; x_wconf 76' lang='lat' dir='ltr'><strong>gentibus</strong></span> <span class='ocrx_word' id='word_1_138' title='bbox 586 901 674 927; x_wconf 77' lang='lat' dir='ltr'><strong>vocati</strong></span> <span class='ocrx_word' id='word_1_139' title='bbox 696 901 770 927; x_wconf 82' lang='lat' dir='ltr'><strong>estis.</strong></span> <span class='ocrx_word' id='word_1_140' title='bbox 792 910 801 925; x_wconf 91' lang='grc'><strong>1</strong></span> <span class='ocrx_word' id='word_1_141' title='bbox 816 899 950 927; x_wconf 85' lang='lat' dir='ltr'><strong>Omnibus</strong></span> <span class='ocrx_word' id='word_1_142' title='bbox 965 900 1010 935; x_wconf 86' lang='lat' dir='ltr'><strong>qui</strong></span> 
     </span>
    </p>
   </div>
   <div class='ocr_carea' id='block_1_20' title="bbox 226 946 1012 982">
    <p class='ocr_par' dir='ltr' id='par_1_20' title="bbox 226 946 1012 982">
     <span class='ocr_line' id='line_1_20' title="bbox 226 946 1012 982; baseline 0.003 -10"><span class='ocrx_word' id='word_1_143' title='bbox 226 946 293 972; x_wconf 87' lang='lat' dir='ltr'><strong>estis</strong></span> <span class='ocrx_word' id='word_1_144' title='bbox 308 946 410 978; x_wconf 77' lang='lat' dir='ltr'><strong>Rouue,</strong></span> <span class='ocrx_word' id='word_1_145' title='bbox 431 947 539 974; x_wconf 81' lang='lat' dir='ltr'><strong>dilectis</strong></span> <span class='ocrx_word' id='word_1_146' title='bbox 555 947 629 974; x_wconf 64' lang='lat' dir='ltr'><strong>Dei.)</strong></span> <span class='ocrx_word' id='word_1_147' title='bbox 649 946 790 981; x_wconf 86' lang='lat' dir='ltr'><strong>Siquidem</strong></span> <span class='ocrx_word' id='word_1_148' title='bbox 808 955 862 974; x_wconf 93' lang='lat' dir='ltr'><strong>non</strong></span> <span class='ocrx_word' id='word_1_149' title='bbox 878 952 920 974; x_wconf 92' lang='lat' dir='ltr'><strong>est</strong></span> <span class='ocrx_word' id='word_1_150' title='bbox 939 947 1012 982; x_wconf 86' lang='lat' dir='ltr'><strong>apud</strong></span> 
     </span>
    </p>
   </div>
   <div class='ocr_carea' id='block_1_21' title="bbox 227 991 1010 1027">
    <p class='ocr_par' dir='ltr' id='par_1_21' title="bbox 227 991 1010 1027">
     <span class='ocr_line' id='line_1_21' title="bbox 227 991 1010 1027; baseline 0.004 -10"><span class='ocrx_word' id='word_1_151' title='bbox 227 991 312 1018; x_wconf 82' lang='lat' dir='ltr'><strong>Deum</strong></span> <span class='ocrx_word' id='word_1_152' title='bbox 325 992 456 1019; x_wconf 88' lang='lat' dir='ltr'><strong>discretio</strong></span> <span class='ocrx_word' id='word_1_153' title='bbox 470 993 562 1019; x_wconf 85' lang='lat' dir='ltr'><strong>divitis</strong></span> <span class='ocrx_word' id='word_1_154' title='bbox 578 1001 592 1019; x_wconf 73' lang='grc' dir='ltr'><strong>ει</strong></span> <span class='ocrx_word' id='word_1_155' title='bbox 608 1000 738 1027; x_wconf 82' lang='lat' dir='ltr'><strong>paupere.</strong></span> <span class='ocrx_word' id='word_1_156' title='bbox 751 992 854 1019; x_wconf 81' lang='lat' dir='ltr'><strong>Deinde</strong></span> <span class='ocrx_word' id='word_1_157' title='bbox 868 997 1010 1027; x_wconf 82' lang='lat' dir='ltr'><strong>postquam</strong></span> 
     </span>
    </p>
   </div>
   <div class='ocr_carea' id='block_1_22' title="bbox 226 1037 1011 1073">
    <p class='ocr_par' dir='ltr' id='par_1_22' title="bbox 226 1037 1011 1073">
     <span class='ocr_line' id='line_1_22' title="bbox 226 1037 1011 1073; baseline 0.004 -10"><span class='ocrx_word' id='word_1_158' title='bbox 226 1037 305 1068; x_wconf 78' lang='lat' dir='ltr'><strong>dixit,</strong></span> <span class='ocrx_word' id='word_1_159' title='bbox 324 1047 332 1062; x_wconf 91' lang='grc'><strong>1</strong></span> <span class='ocrx_word' id='word_1_160' title='bbox 352 1037 495 1069; x_wconf 77' lang='lat' dir='ltr'><strong>Omnibus,</strong></span> <span class='ocrx_word' id='word_1_161' title='bbox 513 1048 521 1063; x_wconf 93' lang='grc'><strong>1</strong></span> <span class='ocrx_word' id='word_1_162' title='bbox 537 1047 571 1065; x_wconf 89' lang='lat' dir='ltr'><strong>nc</strong></span> <span class='ocrx_word' id='word_1_163' title='bbox 590 1038 681 1065; x_wconf 80' lang='lat' dir='ltr'><strong>dicant</strong></span> <span class='ocrx_word' id='word_1_164' title='bbox 703 1047 709 1063; x_wconf 91' lang='lat'>:</span> <span class='ocrx_word' id='word_1_165' title='bbox 727 1038 797 1071; x_wconf 86' lang='lat' dir='ltr'><strong>Quid</strong></span> <span class='ocrx_word' id='word_1_166' title='bbox 816 1039 902 1073; x_wconf 83' lang='lat' dir='ltr'><strong>ergo?</strong></span> <span class='ocrx_word' id='word_1_167' title='bbox 916 1046 1011 1066; x_wconf 89' lang='lat' dir='ltr'><strong>omnes</strong></span> 
     </span>
    </p>
   </div>
   <div class='ocr_carea' id='block_1_23' title="bbox 224 1084 1012 1118">
    <p class='ocr_par' dir='ltr' id='par_1_23' title="bbox 224 1084 1012 1118">
     <span class='ocr_line' id='line_1_23' title="bbox 224 1084 1012 1118; baseline 0.001 -8"><span class='ocrx_word' id='word_1_168' title='bbox 224 1084 322 1118; x_wconf 66' lang='lat' dir='ltr'><strong>aequali</strong></span> <span class='ocrx_word' id='word_1_169' title='bbox 338 1084 420 1111; x_wconf 82' lang='lat' dir='ltr'><strong>habet</strong></span> <span class='ocrx_word' id='word_1_170' title='bbox 435 1084 462 1111; x_wconf 94' lang='lat' dir='ltr'><strong>iu</strong></span> <span class='ocrx_word' id='word_1_171' title='bbox 477 1085 592 1117; x_wconf 81' lang='lat' dir='ltr'><strong>honore,</strong></span> <span class='ocrx_word' id='word_1_172' title='bbox 611 1085 698 1112; x_wconf 88' lang='lat' dir='ltr'><strong>bonos</strong></span> <span class='ocrx_word' id='word_1_173' title='bbox 713 1092 745 1111; x_wconf 91' lang='lat' dir='ltr'><strong>ac</strong></span> <span class='ocrx_word' id='word_1_174' title='bbox 760 1085 856 1117; x_wconf 85' lang='lat' dir='ltr'><strong>malos,</strong></span> <span class='ocrx_word' id='word_1_175' title='bbox 871 1084 965 1112; x_wconf 80' lang='lat' dir='ltr'><strong>ﬁdeles</strong></span> <span class='ocrx_word' id='word_1_176' title='bbox 980 1093 1012 1111; x_wconf 89' lang='lat' dir='ltr'><strong>ac</strong></span> 
     </span>
    </p>
   </div>
   <div class='ocr_carea' id='block_1_24' title="bbox 224 1130 1012 1166">
    <p class='ocr_par' dir='ltr' id='par_1_24' title="bbox 224 1130 1012 1166">
     <span class='ocr_line' id='line_1_24' title="bbox 224 1130 1012 1166; baseline 0.003 -10"><span class='ocrx_word' id='word_1_177' title='bbox 224 1130 369 1157; x_wconf 82' lang='lat' dir='ltr'><strong>inﬁdeles?</strong></span> <span class='ocrx_word' id='word_1_178' title='bbox 383 1131 533 1166; x_wconf 59' lang='lat' dir='ltr'><strong>subiunxit,</strong></span> <span class='ocrx_word' id='word_1_179' title='bbox 552 1131 676 1158; x_wconf 73' lang='lat' dir='ltr'><strong>«Vocatis</strong></span> <span class='ocrx_word' id='word_1_180' title='bbox 691 1131 818 1158; x_wconf 68' lang='lat' dir='ltr'><strong>sanctis.)</strong></span> <span class='ocrx_word' id='word_1_181' title='bbox 835 1131 900 1158; x_wconf 84' lang='lat' dir='ltr'><strong>Nam</strong></span> <span class='ocrx_word' id='word_1_182' title='bbox 916 1139 1012 1158; x_wconf 86' lang='lat' dir='ltr'><strong>omnes</strong></span> 
     </span>
    </p>
   </div>
   <div class='ocr_carea' id='block_1_25' title="bbox 223 1175 1010 1210">
    <p class='ocr_par' dir='ltr' id='par_1_25' title="bbox 223 1175 1010 1210">
     <span class='ocr_line' id='line_1_25' title="bbox 223 1175 1010 1210; baseline 0.003 -9"><span class='ocrx_word' id='word_1_183' title='bbox 223 1175 310 1201; x_wconf 84' lang='lat' dir='ltr'><strong>sancti</strong></span> <span class='ocrx_word' id='word_1_184' title='bbox 323 1175 421 1209; x_wconf 65' lang='lat' dir='ltr'><strong>tequali</strong></span> <span class='ocrx_word' id='word_1_185' title='bbox 438 1180 504 1202; x_wconf 89' lang='lat' dir='ltr'><strong>sunt</strong></span> <span class='ocrx_word' id='word_1_186' title='bbox 517 1176 544 1202; x_wconf 93' lang='lat' dir='ltr'><strong>in</strong></span> <span class='ocrx_word' id='word_1_187' title='bbox 561 1175 665 1203; x_wconf 89' lang='lat' dir='ltr'><strong>honore</strong></span> <span class='ocrx_word' id='word_1_188' title='bbox 678 1176 750 1210; x_wconf 84' lang='lat' dir='ltr'><strong>apud</strong></span> <span class='ocrx_word' id='word_1_189' title='bbox 766 1175 853 1207; x_wconf 90' lang='lat' dir='ltr'><strong>illum,</strong></span> <span class='ocrx_word' id='word_1_190' title='bbox 870 1184 921 1202; x_wconf 88' lang='lat' dir='ltr'><strong>nec</strong></span> <span class='ocrx_word' id='word_1_191' title='bbox 939 1175 1010 1203; x_wconf 85' lang='lat' dir='ltr'><strong>inter</strong></span> 
     </span>
    </p>
   </div>
   <div class='ocr_carea' id='block_1_26' title="bbox 223 1219 1007 1254">
    <p class='ocr_par' dir='ltr' id='par_1_26' title="bbox 223 1219 1007 1254">
     <span class='ocr_line' id='line_1_26' title="bbox 223 1219 1007 1254; baseline -0.001 -8"><span class='ocrx_word' id='word_1_192' title='bbox 223 1219 298 1254; x_wconf 87' lang='lat' dir='ltr'><strong>ipsos</strong></span> <span class='ocrx_word' id='word_1_193' title='bbox 315 1225 357 1247; x_wconf 89' lang='lat' dir='ltr'><strong>est</strong></span> <span class='ocrx_word' id='word_1_194' title='bbox 375 1220 526 1247; x_wconf 84' lang='lat' dir='ltr'><strong>distinctio.</strong></span> <span class='ocrx_word' id='word_1_195' title='bbox 542 1221 665 1248; x_wconf 88' lang='lat' dir='ltr'><strong>Primum</strong></span> <span class='ocrx_word' id='word_1_196' title='bbox 680 1227 771 1248; x_wconf 82' lang='lat' dir='ltr'><strong>autem</strong></span> <span class='ocrx_word' id='word_1_197' title='bbox 787 1230 795 1245; x_wconf 97' lang='grc'><strong>1</strong></span> <span class='ocrx_word' id='word_1_198' title='bbox 813 1220 924 1247; x_wconf 86' lang='lat' dir='ltr'><strong>Dilectis</strong></span> <span class='ocrx_word' id='word_1_199' title='bbox 937 1220 983 1247; x_wconf 85' lang='lat' dir='ltr'><strong>Dei</strong></span> <span class='ocrx_word' id='word_1_200' title='bbox 998 1230 1007 1245; x_wconf 89' lang='grc'><strong>1</strong></span> 
     </span>
    </p>
   </div>
   <div class='ocr_carea' id='block_1_27' title="bbox 222 1266 1010 1301">
    <p class='ocr_par' dir='ltr' id='par_1_27' title="bbox 222 1266 1010 1301">
     <span class='ocr_line' id='line_1_27' title="bbox 222 1266 1010 1301; baseline 0.003 -9"><span class='ocrx_word' id='word_1_201' title='bbox 222 1267 324 1300; x_wconf 79' lang='lat' dir='ltr'><strong>posuit.</strong></span> <span class='ocrx_word' id='word_1_202' title='bbox 343 1267 441 1294; x_wconf 88' lang='lat' dir='ltr'><strong>deinde</strong></span> <span class='ocrx_word' id='word_1_203' title='bbox 452 1276 461 1292; x_wconf 90' lang='grc'><strong>1</strong></span> <span class='ocrx_word' id='word_1_204' title='bbox 473 1267 579 1294; x_wconf 65' lang='grc' dir='ltr'>Υοεοῑίε</span> <span class='ocrx_word' id='word_1_205' title='bbox 591 1267 692 1294; x_wconf 86' lang='lat' dir='ltr'><strong>sanctis</strong></span> <span class='ocrx_word' id='word_1_206' title='bbox 708 1275 730 1293; x_wconf 85' lang='grc'><strong>;1</strong></span> <span class='ocrx_word' id='word_1_207' title='bbox 749 1266 835 1299; x_wconf 80' lang='lat' dir='ltr'><strong>Unde,</strong></span> <span class='ocrx_word' id='word_1_208' title='bbox 848 1267 948 1301; x_wconf 86' lang='lat' dir='ltr'><strong>inquit,</strong></span> <span class='ocrx_word' id='word_1_209' title='bbox 961 1275 1010 1294; x_wconf 80' lang='lat' dir='ltr'><strong>vo-</strong></span> 
     </span>
    </p>
   </div>
   <div class='ocr_carea' id='block_1_28' title="bbox 223 1311 1010 1347">
    <p class='ocr_par' dir='ltr' id='par_1_28' title="bbox 223 1311 1010 1347">
     <span class='ocr_line' id='line_1_28' title="bbox 223 1311 1010 1347; baseline 0.003 -9"><span class='ocrx_word' id='word_1_210' title='bbox 223 1311 276 1338; x_wconf 84' lang='lat' dir='ltr'><strong>cati</strong></span> <span class='ocrx_word' id='word_1_211' title='bbox 300 1312 386 1339; x_wconf 85' lang='lat' dir='ltr'><strong>estis?</strong></span> <span class='ocrx_word' id='word_1_212' title='bbox 417 1320 450 1339; x_wconf 84' lang='lat' dir='ltr'><strong>cx</strong></span> <span class='ocrx_word' id='word_1_213' title='bbox 478 1312 578 1347; x_wconf 85' lang='lat' dir='ltr'><strong>quibus</strong></span> <span class='ocrx_word' id='word_1_214' title='bbox 598 1312 757 1339; x_wconf 84' lang='lat' dir='ltr'><strong>laboribus?</strong></span> <span class='ocrx_word' id='word_1_215' title='bbox 774 1320 822 1346; x_wconf 84' lang='lat' dir='ltr'><strong>per</strong></span> <span class='ocrx_word' id='word_1_216' title='bbox 851 1321 911 1347; x_wconf 72' lang='lat' dir='ltr'><strong>qua:</strong></span> <span class='ocrx_word' id='word_1_217' title='bbox 932 1321 1010 1347; x_wconf 78' lang='lat' dir='ltr'><strong>egre-</strong></span> 
     </span>
    </p>
   </div>
   <div class='ocr_carea' id='block_1_29' title="bbox 223 1358 1010 1393">
    <p class='ocr_par' dir='ltr' id='par_1_29' title="bbox 223 1358 1010 1393">
     <span class='ocr_line' id='line_1_29' title="bbox 223 1358 1010 1393; baseline 0.003 -9"><span class='ocrx_word' id='word_1_218' title='bbox 223 1359 265 1393; x_wconf 74' lang='lat' dir='ltr'><strong>gia</strong></span> <span class='ocrx_word' id='word_1_219' title='bbox 299 1359 418 1385; x_wconf 80' lang='lat' dir='ltr'><strong>facinora</strong></span> <span class='ocrx_word' id='word_1_220' title='bbox 433 1359 444 1384; x_wconf 83' lang='lat'><strong>?</strong></span> <span class='ocrx_word' id='word_1_221' title='bbox 462 1359 535 1386; x_wconf 90' lang='lat' dir='ltr'><strong>unde</strong></span> <span class='ocrx_word' id='word_1_222' title='bbox 558 1360 644 1386; x_wconf 82' lang='lat' dir='ltr'><strong>sancti</strong></span> <span class='ocrx_word' id='word_1_223' title='bbox 660 1359 747 1386; x_wconf 86' lang='lat' dir='ltr'><strong>estis?</strong></span> <span class='ocrx_word' id='word_1_224' title='bbox 767 1358 872 1392; x_wconf 84' lang='lat' dir='ltr'><strong>Nempe</strong></span> <span class='ocrx_word' id='word_1_225' title='bbox 895 1366 927 1385; x_wconf 85' lang='lat' dir='ltr'><strong>ex</strong></span> <span class='ocrx_word' id='word_1_226' title='bbox 954 1359 1010 1386; x_wconf 84' lang='lat' dir='ltr'><strong>soia</strong></span> 
     </span>
    </p>
   </div>
   <div class='ocr_carea' id='block_1_30' title="bbox 223 1403 1008 1437">
    <p class='ocr_par' dir='ltr' id='par_1_30' title="bbox 223 1403 1008 1437">
     <span class='ocr_line' id='line_1_30' title="bbox 223 1403 1008 1437; baseline -0.001 -7"><span class='ocrx_word' id='word_1_227' title='bbox 223 1403 271 1430; x_wconf 86' lang='lat' dir='ltr'><strong>Dei</strong></span> <span class='ocrx_word' id='word_1_228' title='bbox 291 1403 437 1430; x_wconf 68' lang='lat' dir='ltr'><strong>dilecdone</strong></span> <span class='ocrx_word' id='word_1_229' title='bbox 465 1411 471 1428; x_wconf 93' lang='lat'><strong>:</strong></span> <span class='ocrx_word' id='word_1_230' title='bbox 496 1411 558 1430; x_wconf 91' lang='lat' dir='ltr'><strong>cum</strong></span> <span class='ocrx_word' id='word_1_231' title='bbox 584 1403 656 1430; x_wconf 91' lang='lat' dir='ltr'><strong>enim</strong></span> <span class='ocrx_word' id='word_1_232' title='bbox 680 1403 764 1437; x_wconf 81' lang='lat' dir='ltr'><strong>gratis</strong></span> <span class='ocrx_word' id='word_1_233' title='bbox 787 1403 927 1430; x_wconf 82' lang='lat' dir='ltr'><strong>dilexisset</strong></span> <span class='ocrx_word' id='word_1_234' title='bbox 949 1411 1008 1435; x_wconf 84' lang='lat' dir='ltr'><strong>nos,</strong></span> 
     </span>
    </p>
   </div>
   <div class='ocr_carea' id='block_1_31' title="bbox 223 1448 1010 1484">
    <p class='ocr_par' dir='ltr' id='par_1_31' title="bbox 223 1448 1010 1484">
     <span class='ocr_line' id='line_1_31' title="bbox 223 1448 1010 1484; baseline 0 -9"><span class='ocrx_word' id='word_1_235' title='bbox 223 1456 358 1483; x_wconf 87' lang='lat' dir='ltr'><strong>suumque</strong></span> <span class='ocrx_word' id='word_1_236' title='bbox 375 1450 537 1484; x_wconf 79' lang='lat' dir='ltr'><strong>sanguinem</strong></span> <span class='ocrx_word' id='word_1_237' title='bbox 554 1457 603 1483; x_wconf 88' lang='lat' dir='ltr'><strong>pro</strong></span> <span class='ocrx_word' id='word_1_238' title='bbox 621 1448 700 1475; x_wconf 79' lang='lat' dir='ltr'><strong>nobis</strong></span> <span class='ocrx_word' id='word_1_239' title='bbox 717 1448 842 1480; x_wconf 78' lang='lat' dir='ltr'><strong>fudisset,</strong></span> <span class='ocrx_word' id='word_1_240' title='bbox 860 1448 893 1475; x_wconf 87' lang='lat' dir='ltr'><strong>ad</strong></span> <span class='ocrx_word' id='word_1_241' title='bbox 910 1448 1010 1475; x_wconf 86' lang='lat' dir='ltr'><strong>sancti-</strong></span> 
     </span>
    </p>
   </div>
   <div class='ocr_carea' id='block_1_32' title="bbox 223 1492 1008 1527">
    <p class='ocr_par' dir='ltr' id='par_1_32' title="bbox 223 1492 1008 1527">
     <span class='ocr_line' id='line_1_32' title="bbox 223 1492 1008 1527; baseline 0.001 -8"><span class='ocrx_word' id='word_1_242' title='bbox 223 1492 377 1521; x_wconf 82' lang='lat' dir='ltr'><strong>ﬁcationem</strong></span> <span class='ocrx_word' id='word_1_243' title='bbox 397 1502 448 1521; x_wconf 90' lang='lat' dir='ltr'><strong>nos</strong></span> <span class='ocrx_word' id='word_1_244' title='bbox 464 1494 582 1526; x_wconf 80' lang='lat' dir='ltr'><strong>vocavit,</strong></span> <span class='ocrx_word' id='word_1_245' title='bbox 599 1494 696 1527; x_wconf 88' lang='lat' dir='ltr'><strong>suique</strong></span> <span class='ocrx_word' id='word_1_246' title='bbox 717 1493 793 1527; x_wconf 80' lang='lat' dir='ltr'><strong>regni</strong></span> <span class='ocrx_word' id='word_1_247' title='bbox 809 1493 1008 1520; x_wconf 78' lang='lat' dir='ltr'><strong>lnereditariam</strong></span> 
     </span>
    </p>
   </div>
   <div class='ocr_carea' id='block_1_33' title="bbox 223 1539 1005 1574">
    <p class='ocr_par' dir='ltr' id='par_1_33' title="bbox 223 1539 1005 1574">
     <span class='ocr_line' id='line_1_33' title="bbox 223 1539 1005 1574; baseline -0.001 -8"><span class='ocrx_word' id='word_1_248' title='bbox 223 1539 436 1573; x_wconf 85' lang='lat' dir='ltr'><strong>possessionem.</strong></span> <span class='ocrx_word' id='word_1_249' title='bbox 453 1541 571 1574; x_wconf 87' lang='lat' dir='ltr'><strong>Ideoque</strong></span> <span class='ocrx_word' id='word_1_250' title='bbox 588 1539 688 1574; x_wconf 90' lang='lat' dir='ltr'><strong>ubique</strong></span> <span class='ocrx_word' id='word_1_251' title='bbox 707 1539 831 1567; x_wconf 89' lang='lat' dir='ltr'><strong>locorum</strong></span> <span class='ocrx_word' id='word_1_252' title='bbox 850 1549 858 1565; x_wconf 91' lang='grc'><strong>1</strong></span> <span class='ocrx_word' id='word_1_253' title='bbox 873 1540 981 1567; x_wconf 86' lang='lat' dir='ltr'><strong>Vocatis</strong></span> <span class='ocrx_word' id='word_1_254' title='bbox 997 1551 1005 1565; x_wconf 83' lang='grc'><strong>1</strong></span> 
     </span>
    </p>
   </div>
   <div class='ocr_carea' id='block_1_34' title="bbox 223 1585 1008 1618">
    <p class='ocr_par' dir='ltr' id='par_1_34' title="bbox 223 1585 1008 1618">
     <span class='ocr_line' id='line_1_34' title="bbox 223 1585 1008 1618; baseline 0 -6"><span class='ocrx_word' id='word_1_255' title='bbox 223 1585 299 1618; x_wconf 78' lang='lat' dir='ltr'><strong>dicit,</strong></span> <span class='ocrx_word' id='word_1_256' title='bbox 317 1586 442 1614; x_wconf 86' lang='lat' dir='ltr'><strong>bcnclicii</strong></span> <span class='ocrx_word' id='word_1_257' title='bbox 464 1587 510 1613; x_wconf 90' lang='lat' dir='ltr'><strong>Dei</strong></span> <span class='ocrx_word' id='word_1_258' title='bbox 528 1586 646 1613; x_wconf 85' lang='lat' dir='ltr'><strong>reddens</strong></span> <span class='ocrx_word' id='word_1_259' title='bbox 661 1593 712 1612; x_wconf 88' lang='lat' dir='ltr'><strong>nos</strong></span> <span class='ocrx_word' id='word_1_260' title='bbox 729 1593 875 1613; x_wconf 88' lang='lat' dir='ltr'><strong>memores.</strong></span> <span class='ocrx_word' id='word_1_261' title='bbox 891 1596 899 1611; x_wconf 92' lang='grc'><strong>1</strong></span> <span class='ocrx_word' id='word_1_262' title='bbox 916 1586 1008 1613; x_wconf 80' lang='lat' dir='ltr'><strong>Gratia</strong></span> 
     </span>
    </p>
   </div>
   <div class='ocr_carea' id='block_1_35' title="bbox 223 1631 1008 1666">
    <p class='ocr_par' dir='ltr' id='par_1_35' title="bbox 223 1631 1008 1666">
     <span class='ocr_line' id='line_1_35' title="bbox 223 1631 1008 1666; baseline 0 -8"><span class='ocrx_word' id='word_1_263' title='bbox 223 1631 310 1658; x_wconf 86' lang='lat' dir='ltr'><strong>vobis.</strong></span> <span class='ocrx_word' id='word_1_264' title='bbox 336 1641 345 1657; x_wconf 97' lang='grc'><strong>1</strong></span> <span class='ocrx_word' id='word_1_265' title='bbox 379 1632 465 1659; x_wconf 87' lang='lat' dir='ltr'><strong>Nemo</strong></span> <span class='ocrx_word' id='word_1_266' title='bbox 496 1632 569 1659; x_wconf 88' lang='lat' dir='ltr'><strong>enim</strong></span> <span class='ocrx_word' id='word_1_267' title='bbox 606 1639 640 1658; x_wconf 83' lang='lat' dir='ltr'><strong>ex</strong></span> <span class='ocrx_word' id='word_1_268' title='bbox 667 1631 799 1666; x_wconf 87' lang='lat' dir='ltr'><strong>operibus</strong></span> <span class='ocrx_word' id='word_1_269' title='bbox 830 1632 920 1659; x_wconf 81' lang='lat' dir='ltr'><strong>salvus</strong></span> <span class='ocrx_word' id='word_1_270' title='bbox 950 1631 1008 1659; x_wconf 83' lang='lat' dir='ltr'><strong>ﬁeri</strong></span> 
     </span>
    </p>
   </div>
   <div class='ocr_carea' id='block_1_36' title="bbox 223 1677 1007 1713">
    <p class='ocr_par' dir='ltr' id='par_1_36' title="bbox 223 1677 1007 1713">
     <span class='ocr_line' id='line_1_36' title="bbox 223 1677 1007 1713; baseline 0.003 -9"><span class='ocrx_word' id='word_1_271' title='bbox 223 1681 323 1711; x_wconf 85' lang='lat' dir='ltr'><strong>potest.</strong></span> <span class='ocrx_word' id='word_1_272' title='bbox 355 1678 454 1712; x_wconf 90' lang='lat' dir='ltr'><strong>inquit.</strong></span> <span class='ocrx_word' id='word_1_273' title='bbox 493 1687 502 1703; x_wconf 86' lang='grc'><strong>1</strong></span> <span class='ocrx_word' id='word_1_274' title='bbox 527 1679 549 1704; x_wconf 83' lang='grc' dir='ltr'><strong>Λ</strong></span> <span class='ocrx_word' id='word_1_275' title='bbox 577 1677 633 1704; x_wconf 88' lang='lat' dir='ltr'><strong>Deo</strong></span> <span class='ocrx_word' id='word_1_276' title='bbox 662 1677 750 1704; x_wconf 81' lang='lat' dir='ltr'><strong>Patre.</strong></span> <span class='ocrx_word' id='word_1_277' title='bbox 776 1687 784 1703; x_wconf 98' lang='grc'><strong>1</strong></span> <span class='ocrx_word' id='word_1_278' title='bbox 820 1677 888 1705; x_wconf 85' lang='lat' dir='ltr'><strong>Nam</strong></span> <span class='ocrx_word' id='word_1_279' title='bbox 921 1679 1007 1713; x_wconf 82' lang='lat' dir='ltr'><strong>gratia</strong></span> 
     </span>
    </p>
   </div>
   <div class='ocr_carea' id='block_1_37' title="bbox 1070 257 1854 293">
    <p class='ocr_par' dir='ltr' id='par_1_37' title="bbox 1070 257 1854 293">
     <span class='ocr_line' id='line_1_37' title="bbox 1070 257 1854 293; baseline 0.004 -10"><span class='ocrx_word' id='word_1_280' title='bbox 1070 259 1169 288; x_wconf 80' lang='grc' dir='ltr'><strong>πάντες</strong></span> <span class='ocrx_word' id='word_1_281' title='bbox 1182 258 1415 293; x_wconf 73' lang='grc' dir='ltr'>εὐηγγελίσθη-[αν</span> <span class='ocrx_word' id='word_1_282' title='bbox 1437 257 1481 284; x_wconf 75' lang='grc' dir='ltr'><strong>διὰ</strong></span> <span class='ocrx_word' id='word_1_283' title='bbox 1495 259 1548 284; x_wconf 86' lang='grc' dir='ltr'><strong>τῶν</strong></span> <span class='ocrx_word' id='word_1_284' title='bbox 1565 259 1675 286; x_wconf 83' lang='grc' dir='ltr'>λοιπῶν</span> <span class='ocrx_word' id='word_1_285' title='bbox 1695 260 1854 287; x_wconf 74' lang='grc' dir='ltr'><strong>ἀποστόλων.</strong></span> 
     </span>
    </p>
   </div>
   <div class='ocr_carea' id='block_1_38' title="bbox 1072 302 1856 339">
    <p class='ocr_par' dir='ltr' id='par_1_38' title="bbox 1072 302 1856 339">
     <span class='ocr_line' id='line_1_38' title="bbox 1072 302 1856 339; baseline 0.003 -10"><span class='ocrx_word' id='word_1_286' title='bbox 1072 313 1080 328; x_wconf 87' lang='grc'><strong>1</strong></span> <span class='ocrx_word' id='word_1_287' title='bbox 1094 302 1178 338; x_wconf 82' lang='grc' dir='ltr'><strong>’Υπὲρ</strong></span> <span class='ocrx_word' id='word_1_288' title='bbox 1195 304 1240 330; x_wconf 79' lang='grc' dir='ltr'><strong>τοῦ</strong></span> <span class='ocrx_word' id='word_1_289' title='bbox 1266 304 1396 337; x_wconf 76' lang='grc' dir='ltr'>ὀνόματος</span> <span class='ocrx_word' id='word_1_290' title='bbox 1415 304 1508 330; x_wconf 78' lang='grc' dir='ltr'>αὑτοῦ.</span> <span class='ocrx_word' id='word_1_291' title='bbox 1527 314 1535 329; x_wconf 93' lang='grc'><strong>1</strong></span> <span class='ocrx_word' id='word_1_292' title='bbox 1563 303 1595 330; x_wconf 83' lang='grc' dir='ltr'><strong><em>Ἡ</em></strong></span> <span class='ocrx_word' id='word_1_293' title='bbox 1610 304 1674 339; x_wconf 79' lang='grc' dir='ltr'>γὰρ</span> <span class='ocrx_word' id='word_1_294' title='bbox 1710 304 1803 337; x_wconf 76' lang='grc' dir='ltr'>πίστις</span> <span class='ocrx_word' id='word_1_295' title='bbox 1825 307 1856 337; x_wconf 71' lang='grc' dir='ltr'><strong>εἰς</strong></span> 
     </span>
    </p>
   </div>
   <div class='ocr_carea' id='block_1_39' title="bbox 1068 349 1856 385">
    <p class='ocr_par' dir='ltr' id='par_1_39' title="bbox 1068 349 1856 385">
     <span class='ocr_line' id='line_1_39' title="bbox 1068 349 1856 385; baseline 0.003 -10"><span class='ocrx_word' id='word_1_296' title='bbox 1068 349 1098 375; x_wconf 81' lang='grc' dir='ltr'><strong>τὺ</strong></span> <span class='ocrx_word' id='word_1_297' title='bbox 1121 349 1206 383; x_wconf 70' lang='grc' dir='ltr'>ὄνομα</span> <span class='ocrx_word' id='word_1_298' title='bbox 1232 349 1313 375; x_wconf 74' lang='grc' dir='ltr'>αὐτοῦ</span> <span class='ocrx_word' id='word_1_299' title='bbox 1335 350 1458 383; x_wconf 79' lang='grc' dir='ltr'><strong>γέγονεν.</strong></span> <span class='ocrx_word' id='word_1_300' title='bbox 1483 350 1568 376; x_wconf 77' lang='grc' dir='ltr'>Αὑτὸν</span> <span class='ocrx_word' id='word_1_301' title='bbox 1587 351 1648 385; x_wconf 73' lang='grc' dir='ltr'>γὰρ</span> <span class='ocrx_word' id='word_1_302' title='bbox 1676 350 1714 376; x_wconf 73' lang='grc' dir='ltr'><strong>τὰ</strong></span> <span class='ocrx_word' id='word_1_303' title='bbox 1736 350 1798 385; x_wconf 75' lang='grc' dir='ltr'><strong>ἔθνη</strong></span> <span class='ocrx_word' id='word_1_304' title='bbox 1815 353 1856 378; x_wconf 74' lang='grc' dir='ltr'><strong>οὐκ</strong></span> 
     </span>
    </p>
   </div>
   <div class='ocr_carea' id='block_1_40' title="bbox 1068 395 1855 431">
    <p class='ocr_par' dir='ltr' id='par_1_40' title="bbox 1068 395 1855 431">
     <span class='ocr_line' id='line_1_40' title="bbox 1068 395 1855 431; baseline 0.001 -10"><span class='ocrx_word' id='word_1_305' title='bbox 1068 395 1207 426; x_wconf 79' lang='grc' dir='ltr'>ἐθεάσατο,</span> <span class='ocrx_word' id='word_1_306' title='bbox 1229 395 1296 422; x_wconf 84' lang='grc' dir='ltr'>ἀλλὰ</span> <span class='ocrx_word' id='word_1_307' title='bbox 1321 396 1402 430; x_wconf 76' lang='grc' dir='ltr'>μόνον</span> <span class='ocrx_word' id='word_1_308' title='bbox 1426 397 1628 431; x_wconf 82' lang='grc' dir='ltr'>κηρυττομένου</span> <span class='ocrx_word' id='word_1_309' title='bbox 1655 396 1708 422; x_wconf 78' lang='grc' dir='ltr'><strong>τοῦ</strong></span> <span class='ocrx_word' id='word_1_310' title='bbox 1724 397 1855 430; x_wconf 76' lang='grc' dir='ltr'>ὀνόματος,</span> 
     </span>
    </p>
   </div>
   <div class='ocr_carea' id='block_1_41' title="bbox 1067 439 1854 477">
    <p class='ocr_par' dir='ltr' id='par_1_41' title="bbox 1067 439 1854 477">
     <span class='ocr_line' id='line_1_41' title="bbox 1067 439 1854 477; baseline 0 -10"><span class='ocrx_word' id='word_1_311' title='bbox 1067 442 1166 468; x_wconf 62' lang='grc' dir='ltr'><strong>ἐκεῖνοι</strong></span> <span class='ocrx_word' id='word_1_312' title='bbox 1196 442 1348 468; x_wconf 74' lang='grc' dir='ltr'>ἐπίστευον.</span> <span class='ocrx_word' id='word_1_313' title='bbox 1375 442 1478 473; x_wconf 76' lang='grc' dir='ltr'><strong>Ὄντως</strong></span> <span class='ocrx_word' id='word_1_314' title='bbox 1505 442 1612 477; x_wconf 76' lang='grc' dir='ltr'>πλήρης</span> <span class='ocrx_word' id='word_1_315' title='bbox 1644 439 1683 476; x_wconf 73' lang='grc' dir='ltr'><strong>ἦν</strong></span> <span class='ocrx_word' id='word_1_316' title='bbox 1715 442 1854 476; x_wconf 74' lang='grc' dir='ltr'><strong>χάριτοςή</strong></span> 
     </span>
    </p>
   </div>
   <div class='ocr_carea' id='block_1_42' title="bbox 1067 486 1856 522">
    <p class='ocr_par' dir='ltr' id='par_1_42' title="bbox 1067 486 1856 522">
     <span class='ocr_line' id='line_1_42' title="bbox 1067 486 1856 522; baseline 0.003 -10"><span class='ocrx_word' id='word_1_317' title='bbox 1067 487 1202 522; x_wconf 74' lang='grc' dir='ltr'>ἀποστολὴ</span> <span class='ocrx_word' id='word_1_318' title='bbox 1225 487 1278 512; x_wconf 79' lang='grc' dir='ltr'><strong>τῶν</strong></span> <span class='ocrx_word' id='word_1_319' title='bbox 1297 486 1435 522; x_wconf 77' lang='grc' dir='ltr'><strong>μαθητῶν,</strong></span> <span class='ocrx_word' id='word_1_320' title='bbox 1448 488 1489 513; x_wconf 78' lang='grc' dir='ltr'><strong>ὃτι</strong></span> <span class='ocrx_word' id='word_1_321' title='bbox 1505 488 1617 514; x_wconf 76' lang='grc' dir='ltr'>ἔπεισαν</span> <span class='ocrx_word' id='word_1_322' title='bbox 1643 487 1804 513; x_wconf 74' lang='grc' dir='ltr'>ὑπακοῦσαι</span> <span class='ocrx_word' id='word_1_323' title='bbox 1818 489 1856 514; x_wconf 68' lang='grc' dir='ltr'>καὶ</span> 
     </span>
    </p>
   </div>
   <div class='ocr_carea' id='block_1_43' title="bbox 1067 531 1855 569">
    <p class='ocr_par' dir='ltr' id='par_1_43' title="bbox 1067 531 1855 569">
     <span class='ocr_line' id='line_1_43' title="bbox 1067 531 1855 569; baseline 0.005 -13"><span class='ocrx_word' id='word_1_324' title='bbox 1067 531 1212 557; x_wconf 80' lang='grc' dir='ltr'>πιστεῦσαι</span> <span class='ocrx_word' id='word_1_325' title='bbox 1227 532 1261 558; x_wconf 79' lang='grc' dir='ltr'>τὰ</span> <span class='ocrx_word' id='word_1_326' title='bbox 1275 532 1339 566; x_wconf 74' lang='grc' dir='ltr'><strong>ἔθνη</strong></span> <span class='ocrx_word' id='word_1_327' title='bbox 1356 533 1393 567; x_wconf 83' lang='grc' dir='ltr'><strong>τῷ</strong></span> <span class='ocrx_word' id='word_1_328' title='bbox 1407 533 1527 567; x_wconf 79' lang='grc' dir='ltr'>Χριστῷ,</span> <span class='ocrx_word' id='word_1_329' title='bbox 1546 535 1592 559; x_wconf 82' lang='grc' dir='ltr'>καὶ</span> <span class='ocrx_word' id='word_1_330' title='bbox 1611 533 1709 559; x_wconf 77' lang='grc' dir='ltr'>ταῦτα</span> <span class='ocrx_word' id='word_1_331' title='bbox 1728 533 1855 569; x_wconf 69' lang='grc' dir='ltr'>ἄνθρωποι</span> 
     </span>
    </p>
   </div>
   <div class='ocr_carea' id='block_1_44' title="bbox 1066 576 1852 612">
    <p class='ocr_par' dir='ltr' id='par_1_44' title="bbox 1066 576 1852 612">
     <span class='ocr_line' id='line_1_44' title="bbox 1066 576 1852 612; baseline 0.001 -8"><span class='ocrx_word' id='word_1_332' title='bbox 1066 577 1151 608; x_wconf 76' lang='grc' dir='ltr'><strong>ἁλιεῖς</strong></span> <span class='ocrx_word' id='word_1_333' title='bbox 1177 577 1223 604; x_wconf 77' lang='grc' dir='ltr'>καὶ</span> <span class='ocrx_word' id='word_1_334' title='bbox 1240 577 1427 612; x_wconf 78' lang='grc' dir='ltr'>ἀγράμματοι,</span> <span class='ocrx_word' id='word_1_335' title='bbox 1451 587 1460 602; x_wconf 85' lang='grc'><strong>1</strong></span> <span class='ocrx_word' id='word_1_336' title='bbox 1473 577 1517 604; x_wconf 84' lang='grc' dir='ltr'><strong>Ἑν</strong></span> <span class='ocrx_word' id='word_1_337' title='bbox 1534 576 1575 609; x_wconf 81' lang='grc' dir='ltr'><strong>οἷς</strong></span> <span class='ocrx_word' id='word_1_338' title='bbox 1591 579 1657 603; x_wconf 81' lang='grc' dir='ltr'>ἐστε</span> <span class='ocrx_word' id='word_1_339' title='bbox 1676 579 1729 604; x_wconf 69' lang='grc' dir='ltr'><strong>καὶ</strong></span> <span class='ocrx_word' id='word_1_340' title='bbox 1752 579 1852 612; x_wconf 80' lang='grc' dir='ltr'><strong>ὑμεῖς.1</strong></span> 
     </span>
    </p>
   </div>
   <div class='ocr_carea' id='block_1_45' title="bbox 1067 621 1854 659">
    <p class='ocr_par' dir='ltr' id='par_1_45' title="bbox 1067 621 1854 659">
     <span class='ocr_line' id='line_1_45' title="bbox 1067 621 1854 659; baseline 0 -9"><span class='ocrx_word' id='word_1_341' title='bbox 1067 623 1194 650; x_wconf 81' lang='grc' dir='ltr'>Τουτέστι</span> <span class='ocrx_word' id='word_1_342' title='bbox 1211 623 1269 658; x_wconf 81' lang='grc' dir='ltr'>μεθ’</span> <span class='ocrx_word' id='word_1_343' title='bbox 1284 621 1320 650; x_wconf 83' lang='grc' dir='ltr'>ὦν</span> <span class='ocrx_word' id='word_1_344' title='bbox 1336 623 1419 650; x_wconf 81' lang='grc' dir='ltr'><strong>ἐθνῶν</strong></span> <span class='ocrx_word' id='word_1_345' title='bbox 1433 625 1480 650; x_wconf 77' lang='grc' dir='ltr'>καὶ</span> <span class='ocrx_word' id='word_1_346' title='bbox 1493 624 1570 658; x_wconf 67' lang='grc' dir='ltr'>ὑμεῖς</span> <span class='ocrx_word' id='word_1_347' title='bbox 1584 623 1740 658; x_wconf 71' lang='grc' dir='ltr'>ἐκλήθητε.</span> <span class='ocrx_word' id='word_1_348' title='bbox 1761 625 1796 650; x_wconf 73' lang='grc' dir='ltr'><strong>Οὐ</strong></span> <span class='ocrx_word' id='word_1_349' title='bbox 1810 626 1854 659; x_wconf 71' lang='grc' dir='ltr'><strong>γὰρ</strong></span> 
     </span>
    </p>
   </div>
   <div class='ocr_carea' id='block_1_46' title="bbox 1065 669 1855 704">
    <p class='ocr_par' dir='ltr' id='par_1_46' title="bbox 1065 669 1855 704">
     <span class='ocr_line' id='line_1_46' title="bbox 1065 669 1855 704; baseline 0 -9"><span class='ocrx_word' id='word_1_350' title='bbox 1065 670 1111 703; x_wconf 74' lang='grc' dir='ltr'><strong>ἀφ’</strong></span> <span class='ocrx_word' id='word_1_351' title='bbox 1129 670 1232 696; x_wconf 82' lang='grc' dir='ltr'><strong>ἑαυτῶν</strong></span> <span class='ocrx_word' id='word_1_352' title='bbox 1256 669 1348 704; x_wconf 75' lang='grc' dir='ltr'>ἥκετε.</span> <span class='ocrx_word' id='word_1_353' title='bbox 1370 669 1554 696; x_wconf 81' lang='grc' dir='ltr'>Καταστέλλει</span> <span class='ocrx_word' id='word_1_354' title='bbox 1577 670 1605 695; x_wconf 78' lang='grc' dir='ltr'><strong>δὲ</strong></span> <span class='ocrx_word' id='word_1_355' title='bbox 1620 669 1721 696; x_wconf 75' lang='grc' dir='ltr'>αὐτῶν</span> <span class='ocrx_word' id='word_1_356' title='bbox 1745 669 1776 696; x_wconf 78' lang='grc' dir='ltr'><strong>τὸ</strong></span> <span class='ocrx_word' id='word_1_357' title='bbox 1800 671 1855 703; x_wconf 65' lang='lat' dir='ltr'><strong>epr}</strong></span> 
     </span>
    </p>
   </div>
   <div class='ocr_carea' id='block_1_47' title="bbox 1065 716 1853 752">
    <p class='ocr_par' dir='ltr' id='par_1_47' title="bbox 1065 716 1853 752">
     <span class='ocr_line' id='line_1_47' title="bbox 1065 716 1853 752; baseline 0.001 -10"><span class='ocrx_word' id='word_1_358' title='bbox 1065 725 1150 751; x_wconf 72' lang='grc' dir='ltr'>νημαι,</span> <span class='ocrx_word' id='word_1_359' title='bbox 1175 716 1240 743; x_wconf 79' lang='grc' dir='ltr'>ὡσεὶ</span> <span class='ocrx_word' id='word_1_360' title='bbox 1265 716 1357 749; x_wconf 71' lang='grc' dir='ltr'>ἔλεγεν</span> <span class='ocrx_word' id='word_1_361' title='bbox 1370 725 1377 732; x_wconf 62' lang='grc' dir='ltr'><strong>υ</strong></span> <span class='ocrx_word' id='word_1_362' title='bbox 1393 716 1438 751; x_wconf 84' lang='grc' dir='ltr'><strong>Μὴ</strong></span> <span class='ocrx_word' id='word_1_363' title='bbox 1462 717 1589 752; x_wconf 75' lang='grc' dir='ltr'><strong>νομίσητε</strong></span> <span class='ocrx_word' id='word_1_364' title='bbox 1603 716 1663 749; x_wconf 68' lang='grc' dir='ltr'><strong>,ὡς</strong></span> <span class='ocrx_word' id='word_1_365' title='bbox 1683 716 1853 750; x_wconf 69' lang='grc' dir='ltr'>βασιλεύουσα</span> 
     </span>
    </p>
   </div>
   <div class='ocr_carea' id='block_1_48' title="bbox 1066 762 1852 797">
    <p class='ocr_par' dir='ltr' id='par_1_48' title="bbox 1066 762 1852 797">
     <span class='ocr_line' id='line_1_48' title="bbox 1066 762 1852 797; baseline -0.001 -9"><span class='ocrx_word' id='word_1_366' title='bbox 1066 762 1152 794; x_wconf 63' lang='grc' dir='ltr'>πόλις,</span> <span class='ocrx_word' id='word_1_367' title='bbox 1167 762 1247 789; x_wconf 80' lang='grc' dir='ltr'><strong>πλέον</strong></span> <span class='ocrx_word' id='word_1_368' title='bbox 1262 771 1288 788; x_wconf 90' lang='grc' dir='ltr'>τι</span> <span class='ocrx_word' id='word_1_369' title='bbox 1312 762 1365 788; x_wconf 82' lang='grc' dir='ltr'><strong>τῶν</strong></span> <span class='ocrx_word' id='word_1_370' title='bbox 1394 762 1482 789; x_wconf 79' lang='grc' dir='ltr'>ἄλλων</span> <span class='ocrx_word' id='word_1_371' title='bbox 1501 762 1584 797; x_wconf 77' lang='grc' dir='ltr'>ἔχειν,</span> <span class='ocrx_word' id='word_1_372' title='bbox 1609 762 1686 788; x_wconf 75' lang='grc' dir='ltr'>ἀλλὰ</span> <span class='ocrx_word' id='word_1_373' title='bbox 1719 763 1789 797; x_wconf 81' lang='grc' dir='ltr'>μετὰ</span> <span class='ocrx_word' id='word_1_374' title='bbox 1807 763 1852 787; x_wconf 67' lang='grc' dir='ltr'>τῶν</span> 
     </span>
    </p>
   </div>
   <div class='ocr_carea' id='block_1_49' title="bbox 1064 807 1852 843">
    <p class='ocr_par' dir='ltr' id='par_1_49' title="bbox 1064 807 1852 843">
     <span class='ocr_line' id='line_1_49' title="bbox 1064 807 1852 843; baseline -0.001 -8"><span class='ocrx_word' id='word_1_375' title='bbox 1064 809 1166 835; x_wconf 83' lang='grc' dir='ltr'><strong>λοιπῶν</strong></span> <span class='ocrx_word' id='word_1_376' title='bbox 1180 809 1264 835; x_wconf 79' lang='grc' dir='ltr'><strong>ὲονῶν</strong></span> <span class='ocrx_word' id='word_1_377' title='bbox 1280 808 1423 843; x_wconf 75' lang='grc' dir='ltr'><strong>ἐκλήθητε.</strong></span> <span class='ocrx_word' id='word_1_378' title='bbox 1446 819 1455 834; x_wconf 93' lang='grc'><strong>1</strong></span> <span class='ocrx_word' id='word_1_379' title='bbox 1469 810 1539 836; x_wconf 69' lang='lat' dir='ltr'><strong>Hist</strong></span> <span class='ocrx_word' id='word_1_380' title='bbox 1562 811 1618 841; x_wconf 80' lang='grc' dir='ltr'>τοῖς</span> <span class='ocrx_word' id='word_1_381' title='bbox 1637 807 1721 836; x_wconf 81' lang='grc' dir='ltr'>οὖσιν</span> <span class='ocrx_word' id='word_1_382' title='bbox 1744 810 1773 835; x_wconf 82' lang='grc' dir='ltr'><strong>ἐν</strong></span> <span class='ocrx_word' id='word_1_383' title='bbox 1795 810 1852 835; x_wconf 67' lang='grc' dir='ltr'><strong>Ῥώ-</strong></span> 
     </span>
    </p>
   </div>
   <div class='ocr_carea' id='block_1_50' title="bbox 1067 854 1852 889">
    <p class='ocr_par' dir='ltr' id='par_1_50' title="bbox 1067 854 1852 889">
     <span class='ocr_line' id='line_1_50' title="bbox 1067 854 1852 889; baseline 0 -9"><span class='ocrx_word' id='word_1_384' title='bbox 1067 862 1105 889; x_wconf 86' lang='grc' dir='ltr'>μῃ</span> <span class='ocrx_word' id='word_1_385' title='bbox 1120 854 1273 889; x_wconf 80' lang='grc' dir='ltr'><strong>ἀγαπητοῖς</strong></span> <span class='ocrx_word' id='word_1_386' title='bbox 1296 854 1374 881; x_wconf 85' lang='grc' dir='ltr'>Θεοῦ.</span> <span class='ocrx_word' id='word_1_387' title='bbox 1392 864 1400 879; x_wconf 96' lang='grc'><strong>1</strong></span> <span class='ocrx_word' id='word_1_388' title='bbox 1420 855 1456 881; x_wconf 81' lang='grc' dir='ltr'><strong>Οὺ</strong></span> <span class='ocrx_word' id='word_1_389' title='bbox 1474 855 1528 889; x_wconf 67' lang='grc' dir='ltr'><strong>γάρ</strong></span> <span class='ocrx_word' id='word_1_390' title='bbox 1546 855 1604 880; x_wconf 72' lang='grc' dir='ltr'>ἐστι</span> <span class='ocrx_word' id='word_1_391' title='bbox 1620 854 1693 889; x_wconf 77' lang='grc' dir='ltr'>παρ’</span> <span class='ocrx_word' id='word_1_392' title='bbox 1711 854 1785 889; x_wconf 74' lang='grc' dir='ltr'><strong>αὐτῷ</strong></span> <span class='ocrx_word' id='word_1_393' title='bbox 1802 854 1852 880; x_wconf 74' lang='grc' dir='ltr'>δια-</span> 
     </span>
    </p>
   </div>
   <div class='ocr_carea' id='block_1_51' title="bbox 1065 897 1852 935">
    <p class='ocr_par' dir='ltr' id='par_1_51' title="bbox 1065 897 1852 935">
     <span class='ocr_line' id='line_1_51' title="bbox 1065 897 1852 935; baseline 0 -9"><span class='ocrx_word' id='word_1_394' title='bbox 1065 900 1144 935; x_wconf 77' lang='grc' dir='ltr'>στολὴ</span> <span class='ocrx_word' id='word_1_395' title='bbox 1165 899 1292 926; x_wconf 82' lang='grc' dir='ltr'><strong>πλουσίου</strong></span> <span class='ocrx_word' id='word_1_396' title='bbox 1307 899 1354 926; x_wconf 77' lang='grc' dir='ltr'><strong>καὶ</strong></span> <span class='ocrx_word' id='word_1_397' title='bbox 1363 900 1488 933; x_wconf 76' lang='grc' dir='ltr'><strong>πένητος.</strong></span> <span class='ocrx_word' id='word_1_398' title='bbox 1502 899 1567 926; x_wconf 84' lang='grc' dir='ltr'><strong>Εἶτα</strong></span> <span class='ocrx_word' id='word_1_399' title='bbox 1578 900 1680 935; x_wconf 79' lang='grc' dir='ltr'>ἐπειδὴ</span> <span class='ocrx_word' id='word_1_400' title='bbox 1693 897 1767 933; x_wconf 79' lang='grc' dir='ltr'>εἷπε,</span> <span class='ocrx_word' id='word_1_401' title='bbox 1787 910 1795 925; x_wconf 89' lang='grc'><strong>1</strong></span> <span class='ocrx_word' id='word_1_402' title='bbox 1806 901 1852 926; x_wconf 75' lang='lat' dir='ltr'><strong>lli-</strong></span> 
     </span>
    </p>
   </div>
   <div class='ocr_carea' id='block_1_52' title="bbox 1066 944 1851 981">
    <p class='ocr_par' dir='ltr' id='par_1_52' title="bbox 1066 944 1851 981">
     <span class='ocr_line' id='line_1_52' title="bbox 1066 944 1851 981; baseline 0 -9"><span class='ocrx_word' id='word_1_403' title='bbox 1066 954 1133 978; x_wconf 84' lang='grc' dir='ltr'>σιν,1</span> <span class='ocrx_word' id='word_1_404' title='bbox 1153 946 1195 972; x_wconf 81' lang='grc' dir='ltr'><strong>ἵνα</strong></span> <span class='ocrx_word' id='word_1_405' title='bbox 1210 946 1247 981; x_wconf 85' lang='grc' dir='ltr'>μὴ</span> <span class='ocrx_word' id='word_1_406' title='bbox 1262 946 1370 972; x_wconf 74' lang='grc' dir='ltr'>εἴπωσι.</span> <span class='ocrx_word' id='word_1_407' title='bbox 1387 946 1419 972; x_wconf 83' lang='grc' dir='ltr'>τι</span> <span class='ocrx_word' id='word_1_408' title='bbox 1434 944 1497 979; x_wconf 82' lang='grc' dir='ltr'><strong>οὗν;</strong></span> <span class='ocrx_word' id='word_1_409' title='bbox 1512 946 1616 978; x_wconf 81' lang='grc' dir='ltr'><strong>πάντας</strong></span> <span class='ocrx_word' id='word_1_410' title='bbox 1626 946 1782 981; x_wconf 75' lang='grc' dir='ltr'><strong>ὁμοτίμους</strong></span> <span class='ocrx_word' id='word_1_411' title='bbox 1795 947 1851 981; x_wconf 74' lang='grc' dir='ltr'>ἡγῇ,</span> 
     </span>
    </p>
   </div>
   <div class='ocr_carea' id='block_1_53' title="bbox 1065 991 1848 1026">
    <p class='ocr_par' dir='ltr' id='par_1_53' title="bbox 1065 991 1848 1026">
     <span class='ocr_line' id='line_1_53' title="bbox 1065 991 1848 1026; baseline 0.001 -8"><span class='ocrx_word' id='word_1_412' title='bbox 1065 992 1112 1018; x_wconf 77' lang='grc' dir='ltr'><strong>καὶ</strong></span> <span class='ocrx_word' id='word_1_413' title='bbox 1125 991 1243 1025; x_wconf 80' lang='grc' dir='ltr'><strong>ἀγαθοὺς</strong></span> <span class='ocrx_word' id='word_1_414' title='bbox 1255 991 1302 1018; x_wconf 75' lang='grc' dir='ltr'><strong>καὶ</strong></span> <span class='ocrx_word' id='word_1_415' title='bbox 1317 991 1446 1026; x_wconf 77' lang='grc' dir='ltr'>φαύλους,</span> <span class='ocrx_word' id='word_1_416' title='bbox 1456 993 1502 1018; x_wconf 78' lang='grc' dir='ltr'><strong>καὶ</strong></span> <span class='ocrx_word' id='word_1_417' title='bbox 1514 994 1627 1024; x_wconf 75' lang='grc' dir='ltr'>πιστοὺς</span> <span class='ocrx_word' id='word_1_418' title='bbox 1641 992 1694 1019; x_wconf 76' lang='grc' dir='ltr'>καὶ</span> <span class='ocrx_word' id='word_1_419' title='bbox 1710 993 1848 1024; x_wconf 57' lang='lat' dir='ltr'><strong>(iniuratm</strong></span> 
     </span>
    </p>
   </div>
   <div class='ocr_carea' id='block_1_54' title="bbox 1064 1036 1849 1072">
    <p class='ocr_par' dir='ltr' id='par_1_54' title="bbox 1064 1036 1849 1072">
     <span class='ocr_line' id='line_1_54' title="bbox 1064 1036 1849 1072; baseline -0.001 -10"><span class='ocrx_word' id='word_1_420' title='bbox 1064 1036 1214 1072; x_wconf 67' lang='grc' dir='ltr'>ὲπισυνῆψε</span> <span class='ocrx_word' id='word_1_421' title='bbox 1226 1043 1232 1050; x_wconf 79' lang='grc'><strong>’</strong></span> <span class='ocrx_word' id='word_1_422' title='bbox 1251 1047 1259 1062; x_wconf 94' lang='grc'><strong>1</strong></span> <span class='ocrx_word' id='word_1_423' title='bbox 1274 1037 1389 1072; x_wconf 81' lang='grc' dir='ltr'>Κλητοίς</span> <span class='ocrx_word' id='word_1_424' title='bbox 1410 1037 1507 1071; x_wconf 71' lang='grc' dir='ltr'><strong>ἁγίοις.</strong></span> <span class='ocrx_word' id='word_1_425' title='bbox 1523 1047 1532 1062; x_wconf 88' lang='grc'><strong>1</strong></span> <span class='ocrx_word' id='word_1_426' title='bbox 1555 1038 1699 1069; x_wconf 73' lang='grc' dir='ltr'><strong>’Ἅπαντες</strong></span> <span class='ocrx_word' id='word_1_427' title='bbox 1725 1039 1778 1072; x_wconf 66' lang='grc' dir='ltr'><strong>γὰρ</strong></span> <span class='ocrx_word' id='word_1_428' title='bbox 1787 1037 1849 1071; x_wconf 73' lang='grc' dir='ltr'>αὐτῷ</span> 
     </span>
    </p>
   </div>
   <div class='ocr_carea' id='block_1_55' title="bbox 1065 1083 1847 1119">
    <p class='ocr_par' dir='ltr' id='par_1_55' title="bbox 1065 1083 1847 1119">
     <span class='ocr_line' id='line_1_55' title="bbox 1065 1083 1847 1119; baseline -0.001 -10"><span class='ocrx_word' id='word_1_429' title='bbox 1065 1084 1088 1109; x_wconf 85' lang='grc' dir='ltr'>οἱ</span> <span class='ocrx_word' id='word_1_430' title='bbox 1105 1083 1177 1117; x_wconf 71' lang='grc' dir='ltr'>ἅγιοι</span> <span class='ocrx_word' id='word_1_431' title='bbox 1200 1084 1336 1118; x_wconf 84' lang='grc' dir='ltr'>ὁμότιμοι,</span> <span class='ocrx_word' id='word_1_432' title='bbox 1353 1083 1399 1110; x_wconf 73' lang='grc' dir='ltr'>καὶ</span> <span class='ocrx_word' id='word_1_433' title='bbox 1420 1084 1546 1119; x_wconf 72' lang='grc' dir='ltr'>διαστολὴ</span> <span class='ocrx_word' id='word_1_434' title='bbox 1559 1084 1609 1110; x_wconf 83' lang='grc' dir='ltr'><strong>οὐκ</strong></span> <span class='ocrx_word' id='word_1_435' title='bbox 1622 1084 1706 1110; x_wconf 76' lang='grc' dir='ltr'><strong>ἐστιν</strong></span> <span class='ocrx_word' id='word_1_436' title='bbox 1718 1085 1747 1110; x_wconf 84' lang='grc' dir='ltr'>ἐν</span> <span class='ocrx_word' id='word_1_437' title='bbox 1758 1084 1847 1114; x_wconf 76' lang='grc' dir='ltr'><strong>αὐτοῖς.</strong></span> 
     </span>
    </p>
   </div>
   <div class='ocr_carea' id='block_1_56' title="bbox 1065 1127 1850 1164">
    <p class='ocr_par' dir='ltr' id='par_1_56' title="bbox 1065 1127 1850 1164">
     <span class='ocr_line' id='line_1_56' title="bbox 1065 1127 1850 1164; baseline -0.001 -9"><span class='ocrx_word' id='word_1_438' title='bbox 1065 1129 1174 1164; x_wconf 81' lang='grc' dir='ltr'><strong>Πρῶτον</strong></span> <span class='ocrx_word' id='word_1_439' title='bbox 1189 1129 1216 1155; x_wconf 82' lang='grc' dir='ltr'><strong>δὲ</strong></span> <span class='ocrx_word' id='word_1_440' title='bbox 1244 1129 1284 1160; x_wconf 79' lang='grc' dir='ltr'>τὸ,</span> <span class='ocrx_word' id='word_1_441' title='bbox 1302 1139 1310 1156; x_wconf 92' lang='grc'><strong>1</strong></span> <span class='ocrx_word' id='word_1_442' title='bbox 1329 1129 1493 1164; x_wconf 70' lang='grc' dir='ltr'>Ἀγαπητοῖς</span> <span class='ocrx_word' id='word_1_443' title='bbox 1508 1129 1586 1161; x_wconf 80' lang='grc' dir='ltr'>Θεοῦ,</span> <span class='ocrx_word' id='word_1_444' title='bbox 1599 1139 1608 1155; x_wconf 88' lang='grc'><strong>1</strong></span> <span class='ocrx_word' id='word_1_445' title='bbox 1641 1129 1780 1161; x_wconf 75' lang='grc' dir='ltr'><strong>τέθεικεν,</strong></span> <span class='ocrx_word' id='word_1_446' title='bbox 1800 1127 1850 1155; x_wconf 77' lang='grc' dir='ltr'>εἶτα</span> 
     </span>
    </p>
   </div>
   <div class='ocr_carea' id='block_1_57' title="bbox 1064 1175 1849 1210">
    <p class='ocr_par' dir='ltr' id='par_1_57' title="bbox 1064 1175 1849 1210">
     <span class='ocr_line' id='line_1_57' title="bbox 1064 1175 1849 1210; baseline -0.001 -8"><span class='ocrx_word' id='word_1_447' title='bbox 1064 1175 1104 1206; x_wconf 71' lang='grc' dir='ltr'><strong>τὸ,</strong></span> <span class='ocrx_word' id='word_1_448' title='bbox 1125 1176 1261 1210; x_wconf 75' lang='grc' dir='ltr'><strong>(Κλητοῖς</strong></span> <span class='ocrx_word' id='word_1_449' title='bbox 1276 1176 1373 1209; x_wconf 71' lang='grc' dir='ltr'><strong>ἁγίοις.</strong></span> <span class='ocrx_word' id='word_1_450' title='bbox 1393 1175 1501 1201; x_wconf 81' lang='grc' dir='ltr'>1Πὸοεν</span> <span class='ocrx_word' id='word_1_451' title='bbox 1526 1175 1677 1210; x_wconf 78' lang='grc' dir='ltr'><strong>ἐκλήθητε,</strong></span> <span class='ocrx_word' id='word_1_452' title='bbox 1700 1175 1798 1210; x_wconf 73' lang='grc' dir='ltr'>φησίν;</span> <span class='ocrx_word' id='word_1_453' title='bbox 1824 1175 1849 1200; x_wconf 80' lang='grc' dir='ltr'>ἐκ</span> 
     </span>
    </p>
   </div>
   <div class='ocr_carea' id='block_1_58' title="bbox 1064 1216 1848 1256">
    <p class='ocr_par' dir='ltr' id='par_1_58' title="bbox 1064 1216 1848 1256">
     <span class='ocr_line' id='line_1_58' title="bbox 1064 1216 1848 1256; baseline -0.003 -8"><span class='ocrx_word' id='word_1_454' title='bbox 1064 1222 1148 1248; x_wconf 79' lang='grc' dir='ltr'>ποίων</span> <span class='ocrx_word' id='word_1_455' title='bbox 1164 1221 1268 1253; x_wconf 77' lang='grc' dir='ltr'><strong>πόνων;</strong></span> <span class='ocrx_word' id='word_1_456' title='bbox 1286 1222 1318 1247; x_wconf 86' lang='grc' dir='ltr'>ὲκ</span> <span class='ocrx_word' id='word_1_457' title='bbox 1332 1220 1416 1247; x_wconf 81' lang='grc' dir='ltr'>ποιων</span> <span class='ocrx_word' id='word_1_458' title='bbox 1433 1216 1677 1256; x_wconf 61' lang='grc' dir='ltr'><strong>κατορθωμάτωνξ</strong></span> <span class='ocrx_word' id='word_1_459' title='bbox 1704 1220 1786 1247; x_wconf 75' lang='grc' dir='ltr'>πόῡεν</span> <span class='ocrx_word' id='word_1_460' title='bbox 1798 1220 1848 1246; x_wconf 70' lang='grc' dir='ltr'><strong>ἐστὲ</strong></span> 
     </span>
    </p>
   </div>
   <div class='ocr_carea' id='block_1_59' title="bbox 1064 1267 1848 1304">
    <p class='ocr_par' dir='ltr' id='par_1_59' title="bbox 1064 1267 1848 1304">
     <span class='ocr_line' id='line_1_59' title="bbox 1064 1267 1848 1304; baseline -0.004 -8"><span class='ocrx_word' id='word_1_461' title='bbox 1064 1270 1152 1303; x_wconf 72' lang='grc' dir='ltr'>ἅγιοι,</span> <span class='ocrx_word' id='word_1_462' title='bbox 1170 1269 1226 1296; x_wconf 85' lang='grc' dir='ltr'>ἀλλ’</span> <span class='ocrx_word' id='word_1_463' title='bbox 1240 1269 1256 1304; x_wconf 84' lang='grc' dir='ltr'>ἢ</span> <span class='ocrx_word' id='word_1_464' title='bbox 1269 1269 1301 1295; x_wconf 82' lang='grc' dir='ltr'><strong>ὲκ</strong></span> <span class='ocrx_word' id='word_1_465' title='bbox 1317 1268 1400 1303; x_wconf 81' lang='grc' dir='ltr'><strong>μόνης</strong></span> <span class='ocrx_word' id='word_1_466' title='bbox 1415 1268 1463 1303; x_wconf 77' lang='grc' dir='ltr'>τῆς</span> <span class='ocrx_word' id='word_1_467' title='bbox 1479 1268 1588 1302; x_wconf 79' lang='grc' dir='ltr'><strong>ἀγάπης</strong></span> <span class='ocrx_word' id='word_1_468' title='bbox 1603 1267 1677 1294; x_wconf 81' lang='grc' dir='ltr'>Θεοῦ</span> <span class='ocrx_word' id='word_1_469' title='bbox 1687 1277 1695 1301; x_wconf 90' lang='grc'>;</span> <span class='ocrx_word' id='word_1_470' title='bbox 1706 1267 1792 1298; x_wconf 72' lang='grc' dir='ltr'><strong>Αὐτὸς</strong></span> <span class='ocrx_word' id='word_1_471' title='bbox 1804 1267 1848 1302; x_wconf 67' lang='grc' dir='ltr'><strong>γὰρ</strong></span> 
     </span>
    </p>
   </div>
   <div class='ocr_carea' id='block_1_60' title="bbox 1063 1311 1847 1350">
    <p class='ocr_par' dir='ltr' id='par_1_60' title="bbox 1063 1311 1847 1350">
     <span class='ocr_line' id='line_1_60' title="bbox 1063 1311 1847 1350; baseline -0.003 -9"><span class='ocrx_word' id='word_1_472' title='bbox 1063 1315 1167 1349; x_wconf 80' lang='grc' dir='ltr'>δωρεὰν</span> <span class='ocrx_word' id='word_1_473' title='bbox 1185 1315 1331 1350; x_wconf 76' lang='grc' dir='ltr'><strong>ἀγαπήσας</strong></span> <span class='ocrx_word' id='word_1_474' title='bbox 1352 1315 1435 1349; x_wconf 74' lang='grc' dir='ltr'>ἡμᾶς,</span> <span class='ocrx_word' id='word_1_475' title='bbox 1458 1314 1505 1340; x_wconf 78' lang='grc' dir='ltr'>καὶ</span> <span class='ocrx_word' id='word_1_476' title='bbox 1526 1314 1557 1340; x_wconf 74' lang='grc' dir='ltr'><strong>τὸ</strong></span> <span class='ocrx_word' id='word_1_477' title='bbox 1579 1311 1652 1348; x_wconf 71' lang='grc' dir='ltr'>αἷμα.</span> <span class='ocrx_word' id='word_1_478' title='bbox 1679 1313 1767 1340; x_wconf 74' lang='grc' dir='ltr'>αὐτοῦ</span> <span class='ocrx_word' id='word_1_479' title='bbox 1790 1313 1847 1347; x_wconf 78' lang='grc' dir='ltr'>ὑπὲρ</span> 
     </span>
    </p>
   </div>
   <div class='ocr_carea' id='block_1_61' title="bbox 1064 1358 1846 1396">
    <p class='ocr_par' dir='ltr' id='par_1_61' title="bbox 1064 1358 1846 1396">
     <span class='ocr_line' id='line_1_61' title="bbox 1064 1358 1846 1396; baseline -0.004 -10"><span class='ocrx_word' id='word_1_480' title='bbox 1064 1360 1141 1396; x_wconf 79' lang='grc' dir='ltr'><strong>ἡμῶν</strong></span> <span class='ocrx_word' id='word_1_481' title='bbox 1154 1358 1270 1394; x_wconf 73' lang='grc' dir='ltr'>ἐκχέας,</span> <span class='ocrx_word' id='word_1_482' title='bbox 1290 1359 1419 1386; x_wconf 73' lang='grc' dir='ltr'><strong>ἐκάλεσεν</strong></span> <span class='ocrx_word' id='word_1_483' title='bbox 1433 1359 1507 1394; x_wconf 76' lang='grc' dir='ltr'><strong>ἡμᾶς</strong></span> <span class='ocrx_word' id='word_1_484' title='bbox 1519 1359 1557 1391; x_wconf 82' lang='grc' dir='ltr'><strong>εἰς</strong></span> <span class='ocrx_word' id='word_1_485' title='bbox 1575 1359 1720 1394; x_wconf 70' lang='grc' dir='ltr'>ἁγιασμὺν</span> <span class='ocrx_word' id='word_1_486' title='bbox 1734 1359 1779 1386; x_wconf 68' lang='grc' dir='ltr'>καὶ</span> <span class='ocrx_word' id='word_1_487' title='bbox 1794 1358 1846 1392; x_wconf 69' lang='grc' dir='ltr'><strong>κλῃ-</strong></span> 
     </span>
    </p>
   </div>
   <div class='ocr_carea' id='block_1_62' title="bbox 1065 1403 1845 1441">
    <p class='ocr_par' dir='ltr' id='par_1_62' title="bbox 1065 1403 1845 1441">
     <span class='ocr_line' id='line_1_62' title="bbox 1065 1403 1845 1441; baseline -0.003 -9"><span class='ocrx_word' id='word_1_488' title='bbox 1065 1405 1193 1441; x_wconf 68' lang='grc' dir='ltr'>ρονομίπιν</span> <span class='ocrx_word' id='word_1_489' title='bbox 1218 1405 1267 1438; x_wconf 76' lang='grc' dir='ltr'><strong>τῆς</strong></span> <span class='ocrx_word' id='word_1_490' title='bbox 1294 1405 1429 1440; x_wconf 75' lang='grc' dir='ltr'>βασιλείας</span> <span class='ocrx_word' id='word_1_491' title='bbox 1445 1405 1537 1431; x_wconf 72' lang='grc' dir='ltr'>αὐτοῦ.</span> <span class='ocrx_word' id='word_1_492' title='bbox 1559 1404 1604 1431; x_wconf 79' lang='grc' dir='ltr'><strong>Διὸ</strong></span> <span class='ocrx_word' id='word_1_493' title='bbox 1624 1405 1676 1431; x_wconf 78' lang='grc' dir='ltr'><strong>καὶ</strong></span> <span class='ocrx_word' id='word_1_494' title='bbox 1705 1403 1845 1438; x_wconf 70' lang='grc' dir='ltr'>πανταχοῦ,</span> 
     </span>
    </p>
   </div>
   <div class='ocr_carea' id='block_1_63' title="bbox 1067 1450 1846 1487">
    <p class='ocr_par' dir='ltr' id='par_1_63' title="bbox 1067 1450 1846 1487">
     <span class='ocr_line' id='line_1_63' title="bbox 1067 1450 1846 1487; baseline -0.004 -9"><span class='ocrx_word' id='word_1_495' title='bbox 1067 1462 1075 1478; x_wconf 93' lang='grc'><strong>1</strong></span> <span class='ocrx_word' id='word_1_496' title='bbox 1090 1452 1216 1487; x_wconf 73' lang='grc' dir='ltr'><strong>κλητοῖς,</strong></span> <span class='ocrx_word' id='word_1_497' title='bbox 1234 1461 1242 1477; x_wconf 98' lang='grc'><strong>1</strong></span> <span class='ocrx_word' id='word_1_498' title='bbox 1259 1451 1357 1485; x_wconf 78' lang='grc' dir='ltr'><strong>λέγων,</strong></span> <span class='ocrx_word' id='word_1_499' title='bbox 1377 1452 1426 1486; x_wconf 79' lang='grc' dir='ltr'><strong>τῆς</strong></span> <span class='ocrx_word' id='word_1_500' title='bbox 1447 1451 1494 1477; x_wconf 74' lang='grc' dir='ltr'><strong>τοῦ</strong></span> <span class='ocrx_word' id='word_1_501' title='bbox 1514 1451 1581 1478; x_wconf 78' lang='grc' dir='ltr'>Θεοῦ</span> <span class='ocrx_word' id='word_1_502' title='bbox 1597 1452 1675 1486; x_wconf 77' lang='grc' dir='ltr'>ἡμᾶς</span> <span class='ocrx_word' id='word_1_503' title='bbox 1701 1450 1846 1486; x_wconf 72' lang='grc' dir='ltr'>εὐεργεσὶας</span> 
     </span>
    </p>
   </div>
   <div class='ocr_carea' id='block_1_64' title="bbox 1064 1494 1846 1531">
    <p class='ocr_par' dir='ltr' id='par_1_64' title="bbox 1064 1494 1846 1531">
     <span class='ocr_line' id='line_1_64' title="bbox 1064 1494 1846 1531; baseline -0.004 -9"><span class='ocrx_word' id='word_1_504' title='bbox 1064 1495 1275 1530; x_wconf 71' lang='grc' dir='ltr'>ἀναμιμνήσκει.</span> <span class='ocrx_word' id='word_1_505' title='bbox 1297 1505 1305 1520; x_wconf 93' lang='grc'><strong>1</strong></span> <span class='ocrx_word' id='word_1_506' title='bbox 1316 1495 1401 1530; x_wconf 74' lang='grc' dir='ltr'>Χάρις</span> <span class='ocrx_word' id='word_1_507' title='bbox 1413 1495 1503 1529; x_wconf 72' lang='grc' dir='ltr'><strong>ὑμῖν.»</strong></span> <span class='ocrx_word' id='word_1_508' title='bbox 1522 1496 1614 1526; x_wconf 71' lang='grc' dir='ltr'><strong>Οὺδεὶς</strong></span> <span class='ocrx_word' id='word_1_509' title='bbox 1630 1496 1701 1531; x_wconf 75' lang='grc' dir='ltr'>γὰρ,</span> <span class='ocrx_word' id='word_1_510' title='bbox 1720 1496 1809 1530; x_wconf 77' lang='grc' dir='ltr'>φησὶν,</span> <span class='ocrx_word' id='word_1_511' title='bbox 1823 1494 1846 1525; x_wconf 78' lang='grc' dir='ltr'>ἐξ</span> 
     </span>
    </p>
   </div>
   <div class='ocr_carea' id='block_1_65' title="bbox 1064 1541 1844 1577">
    <p class='ocr_par' dir='ltr' id='par_1_65' title="bbox 1064 1541 1844 1577">
     <span class='ocr_line' id='line_1_65' title="bbox 1064 1541 1844 1577; baseline -0.001 -10"><span class='ocrx_word' id='word_1_512' title='bbox 1064 1541 1152 1576; x_wconf 77' lang='grc' dir='ltr'>ἔργων</span> <span class='ocrx_word' id='word_1_513' title='bbox 1175 1541 1285 1568; x_wconf 76' lang='grc' dir='ltr'><strong>δύναται</strong></span> <span class='ocrx_word' id='word_1_514' title='bbox 1308 1542 1434 1577; x_wconf 77' lang='grc' dir='ltr'><strong>σωθῆναι.</strong></span> <span class='ocrx_word' id='word_1_515' title='bbox 1460 1542 1545 1567; x_wconf 74' lang='grc' dir='ltr'><strong>1¹Δπδ</strong></span> <span class='ocrx_word' id='word_1_516' title='bbox 1566 1541 1631 1567; x_wconf 70' lang='grc' dir='ltr'>Θεοῦ</span> <span class='ocrx_word' id='word_1_517' title='bbox 1661 1542 1795 1577; x_wconf 77' lang='grc' dir='ltr'><strong>ί]ατρός.1</strong></span> <span class='ocrx_word' id='word_1_518' title='bbox 1819 1541 1844 1567; x_wconf 88' lang='lat' dir='ltr'><strong>&#39;ll</strong></span> 
     </span>
    </p>
   </div>
   <div class='ocr_carea' id='block_1_66' title="bbox 1063 1587 1842 1623">
    <p class='ocr_par' dir='ltr' id='par_1_66' title="bbox 1063 1587 1842 1623">
     <span class='ocr_line' id='line_1_66' title="bbox 1063 1587 1842 1623; baseline 0 -9"><span class='ocrx_word' id='word_1_519' title='bbox 1063 1589 1117 1623; x_wconf 79' lang='grc' dir='ltr'><strong>γὰρ</strong></span> <span class='ocrx_word' id='word_1_520' title='bbox 1132 1587 1185 1614; x_wconf 77' lang='grc' dir='ltr'><strong>ἀπὸ</strong></span> <span class='ocrx_word' id='word_1_521' title='bbox 1203 1587 1270 1614; x_wconf 75' lang='grc' dir='ltr'>Θεοῦ</span> <span class='ocrx_word' id='word_1_522' title='bbox 1296 1587 1375 1623; x_wconf 79' lang='grc' dir='ltr'>χάρις</span> <span class='ocrx_word' id='word_1_523' title='bbox 1401 1588 1448 1614; x_wconf 79' lang='grc' dir='ltr'><strong>καὶ</strong></span> <span class='ocrx_word' id='word_1_524' title='bbox 1469 1588 1563 1623; x_wconf 78' lang='grc' dir='ltr'><strong>εἰρήνη</strong></span> <span class='ocrx_word' id='word_1_525' title='bbox 1592 1587 1623 1613; x_wconf 84' lang='grc' dir='ltr'>τὸ</span> <span class='ocrx_word' id='word_1_526' title='bbox 1649 1587 1766 1622; x_wconf 65' lang='grc' dir='ltr'><strong>βὲσςιιον</strong></span> <span class='ocrx_word' id='word_1_527' title='bbox 1789 1587 1842 1622; x_wconf 72' lang='grc' dir='ltr'><strong>ἔχει.</strong></span> 
     </span>
    </p>
   </div>
   <div class='ocr_carea' id='block_1_67' title="bbox 1063 1633 1842 1670">
    <p class='ocr_par' dir='ltr' id='par_1_67' title="bbox 1063 1633 1842 1670">
     <span class='ocr_line' id='line_1_67' title="bbox 1063 1633 1842 1670; baseline -0.003 -10"><span class='ocrx_word' id='word_1_528' title='bbox 1063 1633 1098 1660; x_wconf 76' lang='grc' dir='ltr'><strong>Τὸ</strong></span> <span class='ocrx_word' id='word_1_529' title='bbox 1124 1634 1168 1666; x_wconf 81' lang='grc' dir='ltr'><strong>δὲ,</strong></span> <span class='ocrx_word' id='word_1_530' title='bbox 1196 1643 1205 1660; x_wconf 88' lang='grc'><strong>1</strong></span> <span class='ocrx_word' id='word_1_531' title='bbox 1229 1634 1293 1661; x_wconf 74' lang='grc' dir='ltr'><strong>Ἀπὸ</strong></span> <span class='ocrx_word' id='word_1_532' title='bbox 1308 1634 1429 1670; x_wconf 81' lang='grc' dir='ltr'>Πατρὺς,</span> <span class='ocrx_word' id='word_1_533' title='bbox 1447 1644 1456 1660; x_wconf 94' lang='grc'><strong>1</strong></span> <span class='ocrx_word' id='word_1_534' title='bbox 1476 1634 1524 1669; x_wconf 78' lang='grc' dir='ltr'><strong>τὴν</strong></span> <span class='ocrx_word' id='word_1_535' title='bbox 1553 1633 1693 1661; x_wconf 75' lang='grc' dir='ltr'><strong>υἱοθεσίαν</strong></span> <span class='ocrx_word' id='word_1_536' title='bbox 1722 1634 1842 1660; x_wconf 76' lang='grc' dir='ltr'><strong>ὲνόεέκνν·</strong></span> 
     </span>
    </p>
   </div>
   <div class='ocr_carea' id='block_1_68' title="bbox 1060 1687 1116 1705">
    <p class='ocr_par' dir='ltr' id='par_1_68' title="bbox 1060 1687 1116 1705">
     <span class='ocr_line' id='line_1_68' title="bbox 1060 1687 1116 1705; baseline -0.018 0"><span class='ocrx_word' id='word_1_537' title='bbox 1060 1687 1116 1705; x_wconf 73' lang='grc' dir='ltr'>ται.</span> 
     </span>
    </p>
   </div>
   <div class='ocr_carea' id='block_1_69' title="bbox 221 1724 1843 1763">
    <p class='ocr_par' dir='ltr' id='par_1_69' title="bbox 221 1724 1843 1763">
     <span class='ocr_line' id='line_1_69' title="bbox 221 1724 1843 1763; baseline 0.002 -12"><span class='ocrx_word' id='word_1_538' title='bbox 221 1729 250 1751; x_wconf 89' lang='lat' dir='ltr'><strong>et</strong></span> <span class='ocrx_word' id='word_1_539' title='bbox 280 1731 330 1758; x_wconf 75' lang='lat' dir='ltr'><strong>pax</strong></span> <span class='ocrx_word' id='word_1_540' title='bbox 361 1733 421 1759; x_wconf 60' lang='lat' dir='ltr'><strong>qua:</strong></span> <span class='ocrx_word' id='word_1_541' title='bbox 451 1732 465 1751; x_wconf 94' lang='lat' dir='ltr'><strong>a</strong></span> <span class='ocrx_word' id='word_1_542' title='bbox 494 1725 550 1751; x_wconf 92' lang='lat' dir='ltr'><strong>Deo</strong></span> <span class='ocrx_word' id='word_1_543' title='bbox 584 1728 643 1758; x_wconf 91' lang='lat' dir='ltr'><strong>est,</strong></span> <span class='ocrx_word' id='word_1_544' title='bbox 679 1725 854 1752; x_wconf 76' lang='lat' dir='ltr'><strong>stabilitatem</strong></span> <span class='ocrx_word' id='word_1_545' title='bbox 890 1725 982 1752; x_wconf 83' lang='lat' dir='ltr'><strong>habet.</strong></span> <span class='ocrx_word' id='word_1_546' title='bbox 1015 1724 1092 1758; x_wconf 84' lang='lat' dir='ltr'><strong>Quod</strong></span> <span class='ocrx_word' id='word_1_547' title='bbox 1128 1731 1219 1753; x_wconf 89' lang='lat' dir='ltr'><strong>autem</strong></span> <span class='ocrx_word' id='word_1_548' title='bbox 1255 1725 1366 1754; x_wconf 76' lang='lat' dir='ltr'><strong>additur</strong></span> <span class='ocrx_word' id='word_1_549' title='bbox 1399 1737 1409 1753; x_wconf 82' lang='grc'><strong>1</strong></span> <span class='ocrx_word' id='word_1_550' title='bbox 1435 1727 1533 1761; x_wconf 76' lang='lat' dir='ltr'><strong>Patre,</strong></span> <span class='ocrx_word' id='word_1_551' title='bbox 1561 1737 1569 1753; x_wconf 95' lang='grc'><strong>1</strong></span> <span class='ocrx_word' id='word_1_552' title='bbox 1600 1734 1781 1763; x_wconf 80' lang='lat' dir='ltr'><strong>auopuonem</strong></span> <span class='ocrx_word' id='word_1_553' title='bbox 1805 1725 1843 1752; x_wconf 66' lang='grc' dir='ltr'><strong>ἀρ·</strong></span> 
     </span>
    </p>
   </div>
   <div class='ocr_carea' id='block_1_70' title="bbox 221 1777 364 1800">
    <p class='ocr_par' dir='ltr' id='par_1_70' title="bbox 221 1777 364 1800">
     <span class='ocr_line' id='line_1_70' title="bbox 221 1777 364 1800; baseline 0.007 -1"><span class='ocrx_word' id='word_1_554' title='bbox 221 1777 364 1800; x_wconf 76' lang='lat' dir='ltr'><strong>monstrat.</strong></span> 
     </span>
    </p>
   </div>
   <div class='ocr_carea' id='block_1_71' title="bbox 255 1817 1007 1853">
    <p class='ocr_par' dir='ltr' id='par_1_71' title="bbox 255 1817 1007 1853">
     <span class='ocr_line' id='line_1_71' title="bbox 255 1817 1007 1853; baseline -0.003 -7"><span class='ocrx_word' id='word_1_555' title='bbox 255 1820 277 1852; x_wconf 88' lang='lat' dir='ltr'><strong>l,</strong></span> <span class='ocrx_word' id='word_1_556' title='bbox 293 1819 368 1846; x_wconf 87' lang='lat' dir='ltr'><strong>8-l0.</strong></span> <span class='ocrx_word' id='word_1_557' title='bbox 392 1818 512 1845; x_wconf 82' lang='lat' dir='ltr'><strong>Primum</strong></span> <span class='ocrx_word' id='word_1_558' title='bbox 534 1817 637 1853; x_wconf 79' lang='lat' dir='ltr'><strong>quidem</strong></span> <span class='ocrx_word' id='word_1_559' title='bbox 662 1819 762 1853; x_wconf 79' lang='lat' dir='ltr'><strong>gratias</strong></span> <span class='ocrx_word' id='word_1_560' title='bbox 789 1826 838 1852; x_wconf 76' lang='lat' dir='ltr'><strong>ago</strong></span> <span class='ocrx_word' id='word_1_561' title='bbox 864 1817 917 1844; x_wconf 85' lang='lat' dir='ltr'><strong>Deo</strong></span> <span class='ocrx_word' id='word_1_562' title='bbox 941 1826 1007 1849; x_wconf 72' lang='lat' dir='ltr'><strong>meol</strong></span> 
     </span>
    </p>
   </div>
   <div class='ocr_carea' id='block_1_72' title="bbox 222 1863 1010 1900">
    <p class='ocr_par' dir='ltr' id='par_1_72' title="bbox 222 1863 1010 1900">
     <span class='ocr_line' id='line_1_72' title="bbox 222 1863 1010 1900; baseline -0.003 -9"><span class='ocrx_word' id='word_1_563' title='bbox 222 1873 268 1900; x_wconf 81' lang='lat' dir='ltr'><strong>per</strong></span> <span class='ocrx_word' id='word_1_564' title='bbox 287 1864 378 1891; x_wconf 72' lang='lat' dir='ltr'><strong>Jesum</strong></span> <span class='ocrx_word' id='word_1_565' title='bbox 401 1863 533 1891; x_wconf 80' lang='lat' dir='ltr'><strong>Christum</strong></span> <span class='ocrx_word' id='word_1_566' title='bbox 557 1871 604 1898; x_wconf 83' lang='lat' dir='ltr'><strong>pro</strong></span> <span class='ocrx_word' id='word_1_567' title='bbox 624 1864 692 1890; x_wconf 76' lang='lat' dir='ltr'><strong>rubis</strong></span> <span class='ocrx_word' id='word_1_568' title='bbox 717 1864 846 1895; x_wconf 78' lang='lat' dir='ltr'><strong>omnibus,</strong></span> <span class='ocrx_word' id='word_1_569' title='bbox 864 1864 924 1898; x_wconf 82' lang='lat' dir='ltr'><strong>quia</strong></span> <span class='ocrx_word' id='word_1_570' title='bbox 946 1863 1010 1897; x_wconf 75' lang='lat' dir='ltr'><strong>ﬁdes</strong></span> 
     </span>
    </p>
   </div>
   <div class='ocr_carea' id='block_1_73' title="bbox 222 1908 1009 1938">
    <p class='ocr_par' dir='ltr' id='par_1_73' title="bbox 222 1908 1009 1938">
     <span class='ocr_line' id='line_1_73' title="bbox 222 1908 1009 1938; baseline -0.004 -1"><span class='ocrx_word' id='word_1_571' title='bbox 222 1916 307 1938; x_wconf 62' lang='lat' dir='ltr'><strong>vestra</strong></span> <span class='ocrx_word' id='word_1_572' title='bbox 326 1910 503 1936; x_wconf 82' lang='lat' dir='ltr'><strong>annuutialur</strong></span> <span class='ocrx_word' id='word_1_573' title='bbox 522 1909 550 1935; x_wconf 85' lang='lat' dir='ltr'><strong>in</strong></span> <span class='ocrx_word' id='word_1_574' title='bbox 570 1909 690 1935; x_wconf 76' lang='lat' dir='ltr'><strong>universo</strong></span> <span class='ocrx_word' id='word_1_575' title='bbox 713 1909 819 1935; x_wconf 77' lang='grc'><strong>1111111110.</strong></span> <span class='ocrx_word' id='word_1_576' title='bbox 844 1909 924 1935; x_wconf 75' lang='lat' dir='ltr'><strong>Testis</strong></span> <span class='ocrx_word' id='word_1_577' title='bbox 941 1908 1009 1935; x_wconf 81' lang='lat' dir='ltr'><strong>enim</strong></span> 
     </span>
    </p>
   </div>
   <div class='ocr_carea' id='block_1_74' title="bbox 222 1954 1010 1990">
    <p class='ocr_par' dir='ltr' id='par_1_74' title="bbox 222 1954 1010 1990">
     <span class='ocr_line' id='line_1_74' title="bbox 222 1954 1010 1990; baseline -0.003 -7"><span class='ocrx_word' id='word_1_578' title='bbox 222 1957 285 1983; x_wconf 72' lang='lat' dir='ltr'><strong>milii</strong></span> <span class='ocrx_word' id='word_1_579' title='bbox 300 1961 336 1983; x_wconf 76' lang='lat' dir='ltr'><strong>est</strong></span> <span class='ocrx_word' id='word_1_580' title='bbox 353 1955 432 1987; x_wconf 84' lang='lat' dir='ltr'><strong>Deus,</strong></span> <span class='ocrx_word' id='word_1_581' title='bbox 449 1963 526 1990; x_wconf 82' lang='lat' dir='ltr'><strong>quem</strong></span> <span class='ocrx_word' id='word_1_582' title='bbox 540 1955 595 1981; x_wconf 74' lang='lat' dir='ltr'><strong>colo</strong></span> <span class='ocrx_word' id='word_1_583' title='bbox 612 1955 638 1981; x_wconf 84' lang='lat' dir='ltr'><strong>in</strong></span> <span class='ocrx_word' id='word_1_584' title='bbox 653 1955 746 1989; x_wconf 77' lang='lat' dir='ltr'><strong>spiritu</strong></span> <span class='ocrx_word' id='word_1_585' title='bbox 763 1963 829 1986; x_wconf 71' lang='lat' dir='ltr'><strong>meo,</strong></span> <span class='ocrx_word' id='word_1_586' title='bbox 842 1954 870 1982; x_wconf 77' lang='lat' dir='ltr'><strong>in</strong></span> <span class='ocrx_word' id='word_1_587' title='bbox 887 1954 1010 1989; x_wconf 80' lang='lat' dir='ltr'><strong>Evange-</strong></span> 
     </span>
    </p>
   </div>
   <div class='ocr_carea' id='block_1_75' title="bbox 223 2001 1010 2035">
    <p class='ocr_par' dir='ltr' id='par_1_75' title="bbox 223 2001 1010 2035">
     <span class='ocr_line' id='line_1_75' title="bbox 223 2001 1010 2035; baseline -0.003 -6"><span class='ocrx_word' id='word_1_588' title='bbox 223 2003 258 2029; x_wconf 82' lang='lat' dir='ltr'><strong>Iio</strong></span> <span class='ocrx_word' id='word_1_589' title='bbox 273 2002 333 2028; x_wconf 78' lang='lat' dir='ltr'><strong>Filii</strong></span> <span class='ocrx_word' id='word_1_590' title='bbox 346 2002 412 2035; x_wconf 77' lang='lat' dir='ltr'><strong>ejus,</strong></span> <span class='ocrx_word' id='word_1_591' title='bbox 429 2001 497 2035; x_wconf 82' lang='lat' dir='ltr'><strong>quod</strong></span> <span class='ocrx_word' id='word_1_592' title='bbox 511 2001 688 2028; x_wconf 76' lang='lat' dir='ltr'><strong>indesinenter</strong></span> <span class='ocrx_word' id='word_1_593' title='bbox 703 2001 860 2027; x_wconf 79' lang='lat' dir='ltr'><strong>mentionem</strong></span> <span class='ocrx_word' id='word_1_594' title='bbox 877 2001 954 2027; x_wconf 74' lang='lat' dir='ltr'><strong>vestri</strong></span> <span class='ocrx_word' id='word_1_595' title='bbox 970 2001 1010 2035; x_wconf 78' lang='lat' dir='ltr'><strong>fu-</strong></span> 
     </span>
    </p>
   </div>
   <div class='ocr_carea' id='block_1_76' title="bbox 222 2047 1009 2082">
    <p class='ocr_par' dir='ltr' id='par_1_76' title="bbox 222 2047 1009 2082">
     <span class='ocr_line' id='line_1_76' title="bbox 222 2047 1009 2082; baseline -0.001 -8"><span class='ocrx_word' id='word_1_596' title='bbox 222 2050 291 2075; x_wconf 84' lang='lat' dir='ltr'><strong>ciam</strong></span> <span class='ocrx_word' id='word_1_597' title='bbox 313 2055 321 2074; x_wconf 95' lang='lat'><em>:</em></span> <span class='ocrx_word' id='word_1_598' title='bbox 339 2055 441 2080; x_wconf 77' lang='lat' dir='ltr'><strong>semper</strong></span> <span class='ocrx_word' id='word_1_599' title='bbox 456 2047 483 2073; x_wconf 87' lang='lat' dir='ltr'><strong>in</strong></span> <span class='ocrx_word' id='word_1_600' title='bbox 500 2048 619 2082; x_wconf 62' lang='lat' dir='ltr'><strong>precibus</strong></span> <span class='ocrx_word' id='word_1_601' title='bbox 636 2048 700 2074; x_wconf 77' lang='lat' dir='ltr'><strong>meis</strong></span> <span class='ocrx_word' id='word_1_602' title='bbox 716 2055 794 2074; x_wconf 75' lang='lat' dir='ltr'><strong>orans</strong></span> <span class='ocrx_word' id='word_1_603' title='bbox 816 2048 839 2074; x_wconf 74' lang='lat' dir='ltr'><strong>si</strong></span> <span class='ocrx_word' id='word_1_604' title='bbox 862 2055 912 2082; x_wconf 85' lang='lat' dir='ltr'><strong>quo</strong></span> <span class='ocrx_word' id='word_1_605' title='bbox 933 2047 1009 2074; x_wconf 86' lang='lat' dir='ltr'><strong>modo</strong></span> 
     </span>
    </p>
   </div>
   <div class='ocr_carea' id='block_1_77' title="bbox 218 2092 1010 2128">
    <p class='ocr_par' dir='ltr' id='par_1_77' title="bbox 218 2092 1010 2128">
     <span class='ocr_line' id='line_1_77' title="bbox 218 2092 1010 2128; baseline 0.001 -9"><span class='ocrx_word' id='word_1_606' title='bbox 218 2093 278 2128; x_wconf 69' lang='lat' dir='ltr'><strong>jam</strong></span> <span class='ocrx_word' id='word_1_607' title='bbox 290 2093 395 2119; x_wconf 76' lang='lat' dir='ltr'><strong>tandem</strong></span> <span class='ocrx_word' id='word_1_608' title='bbox 408 2101 561 2128; x_wconf 69' lang='lat' dir='ltr'><strong>prosperum</strong></span> <span class='ocrx_word' id='word_1_609' title='bbox 575 2093 637 2119; x_wconf 78' lang='lat' dir='ltr'><strong>mihi</strong></span> <span class='ocrx_word' id='word_1_610' title='bbox 649 2093 782 2128; x_wconf 78' lang='lat' dir='ltr'><strong>contingat</strong></span> <span class='ocrx_word' id='word_1_611' title='bbox 793 2093 844 2120; x_wconf 77' lang='lat' dir='ltr'><strong>iter</strong></span> <span class='ocrx_word' id='word_1_612' title='bbox 856 2101 904 2128; x_wconf 82' lang='lat' dir='ltr'><strong>per</strong></span> <span class='ocrx_word' id='word_1_613' title='bbox 914 2092 1010 2120; x_wconf 52' lang='lat' dir='ltr'><strong>volun‘</strong></span> 
     </span>
    </p>
   </div>
   <div class='ocr_carea' id='block_1_78' title="bbox 222 2138 617 2167">
    <p class='ocr_par' dir='ltr' id='par_1_78' title="bbox 222 2138 617 2167">
     <span class='ocr_line' id='line_1_78' title="bbox 222 2138 617 2167; baseline 0 -1"><span class='ocrx_word' id='word_1_614' title='bbox 222 2143 304 2167; x_wconf 79' lang='lat' dir='ltr'><strong>tatem</strong></span> <span class='ocrx_word' id='word_1_615' title='bbox 322 2138 370 2165; x_wconf 72' lang='lat' dir='ltr'><strong>Dei</strong></span> <span class='ocrx_word' id='word_1_616' title='bbox 384 2139 503 2166; x_wconf 72' lang='lat' dir='ltr'><strong>veniendi</strong></span> <span class='ocrx_word' id='word_1_617' title='bbox 517 2142 551 2166; x_wconf 83' lang='lat' dir='ltr'><strong>ad</strong></span> <span class='ocrx_word' id='word_1_618' title='bbox 562 2147 617 2166; x_wconf 70' lang='lat' dir='ltr'><strong>vos.</strong></span> 
     </span>
    </p>
   </div>
   <div class='ocr_carea' id='block_1_79' title="bbox 257 2229 1008 2266">
    <p class='ocr_par' dir='ltr' id='par_1_79' title="bbox 257 2229 1008 2266">
     <span class='ocr_line' id='line_1_79' title="bbox 257 2229 1008 2266; baseline 0.003 -11"><span class='ocrx_word' id='word_1_619' title='bbox 257 2229 384 2264; x_wconf 87' lang='lat' dir='ltr'><strong>Oportuit</strong></span> <span class='ocrx_word' id='word_1_620' title='bbox 405 2230 478 2257; x_wconf 88' lang='lat' dir='ltr'><strong>enim</strong></span> <span class='ocrx_word' id='word_1_621' title='bbox 500 2239 515 2258; x_wconf 86' lang='lat' dir='ltr'><strong>a</strong></span> <span class='ocrx_word' id='word_1_622' title='bbox 539 2230 687 2265; x_wconf 82' lang='lat' dir='ltr'><strong>gratiarum</strong></span> <span class='ocrx_word' id='word_1_623' title='bbox 711 2230 819 2258; x_wconf 85' lang='lat' dir='ltr'><strong>actione</strong></span> <span class='ocrx_word' id='word_1_624' title='bbox 843 2238 1008 2266; x_wconf 71' lang='lat' dir='ltr'><strong>prommtum</strong></span> 
     </span>
    </p>
   </div>
   <div class='ocr_carea' id='block_1_80' title="bbox 221 2276 1009 2311">
    <p class='ocr_par' dir='ltr' id='par_1_80' title="bbox 221 2276 1009 2311">
     <span class='ocr_line' id='line_1_80' title="bbox 221 2276 1009 2311; baseline 0.004 -11"><span class='ocrx_word' id='word_1_625' title='bbox 221 2282 372 2307; x_wconf 74' lang='lat' dir='ltr'><strong>assumere,</strong></span> <span class='ocrx_word' id='word_1_626' title='bbox 392 2280 420 2302; x_wconf 90' lang='lat' dir='ltr'><strong>et</strong></span> <span class='ocrx_word' id='word_1_627' title='bbox 442 2276 544 2310; x_wconf 79' lang='lat' dir='ltr'><strong>gratias</strong></span> <span class='ocrx_word' id='word_1_628' title='bbox 565 2283 656 2311; x_wconf 74' lang='lat' dir='ltr'><strong>agere,</strong></span> <span class='ocrx_word' id='word_1_629' title='bbox 677 2283 731 2302; x_wconf 92' lang='lat' dir='ltr'><strong>non</strong></span> <span class='ocrx_word' id='word_1_630' title='bbox 754 2283 804 2311; x_wconf 91' lang='lat' dir='ltr'><strong>pro</strong></span> <span class='ocrx_word' id='word_1_631' title='bbox 825 2276 883 2303; x_wconf 80' lang='lat' dir='ltr'><strong>suis</strong></span> <span class='ocrx_word' id='word_1_632' title='bbox 905 2280 1009 2303; x_wconf 88' lang='lat' dir='ltr'><strong>tantum</strong></span> 
     </span>
    </p>
   </div>
   <div class='ocr_carea' id='block_1_81' title="bbox 222 2320 1009 2356">
    <p class='ocr_par' dir='ltr' id='par_1_81' title="bbox 222 2320 1009 2356">
     <span class='ocr_line' id='line_1_81' title="bbox 222 2320 1009 2356; baseline 0.003 -10"><span class='ocrx_word' id='word_1_633' title='bbox 222 2320 382 2352; x_wconf 85' lang='lat' dir='ltr'><strong>virtutibus,</strong></span> <span class='ocrx_word' id='word_1_634' title='bbox 399 2328 494 2347; x_wconf 86' lang='lat' dir='ltr'><strong>verum</strong></span> <span class='ocrx_word' id='word_1_635' title='bbox 512 2322 594 2348; x_wconf 88' lang='lat' dir='ltr'><strong>etiam</strong></span> <span class='ocrx_word' id='word_1_636' title='bbox 618 2329 666 2356; x_wconf 92' lang='lat' dir='ltr'><strong>pro</strong></span> <span class='ocrx_word' id='word_1_637' title='bbox 685 2321 726 2348; x_wconf 91' lang='lat' dir='ltr'><strong>his</strong></span> <span class='ocrx_word' id='word_1_638' title='bbox 741 2329 802 2356; x_wconf 64' lang='lat' dir='ltr'><strong>quin</strong></span> <span class='ocrx_word' id='word_1_639' title='bbox 818 2321 1009 2356; x_wconf 78' lang='lat' dir='ltr'><strong>proximorum</strong></span> 
     </span>
    </p>
   </div>
   <div class='ocr_carea' id='block_1_82' title="bbox 222 2368 1008 2397">
    <p class='ocr_par' dir='ltr' id='par_1_82' title="bbox 222 2368 1008 2397">
     <span class='ocr_line' id='line_1_82' title="bbox 222 2368 1008 2397; baseline 0.003 -2"><span class='ocrx_word' id='word_1_640' title='bbox 222 2372 286 2395; x_wconf 89' lang='lat' dir='ltr'><strong>sunt</strong></span> <span class='ocrx_word' id='word_1_641' title='bbox 300 2376 307 2393; x_wconf 73' lang='grc' dir='ltr'><strong>ι</strong></span> <span class='ocrx_word' id='word_1_642' title='bbox 323 2376 385 2394; x_wconf 91' lang='lat' dir='ltr'><strong>nam</strong></span> <span class='ocrx_word' id='word_1_643' title='bbox 402 2368 428 2394; x_wconf 90' lang='lat' dir='ltr'><strong>id</strong></span> <span class='ocrx_word' id='word_1_644' title='bbox 443 2368 584 2396; x_wconf 84' lang='lat' dir='ltr'><strong>charitatis</strong></span> <span class='ocrx_word' id='word_1_645' title='bbox 596 2374 648 2396; x_wconf 84' lang='lat' dir='ltr'><strong>est.</strong></span> <span class='ocrx_word' id='word_1_646' title='bbox 665 2378 674 2394; x_wconf 82' lang='grc'><strong>1</strong></span> <span class='ocrx_word' id='word_1_647' title='bbox 689 2369 744 2396; x_wconf 88' lang='lat' dir='ltr'><strong>Deo</strong></span> <span class='ocrx_word' id='word_1_648' title='bbox 761 2377 831 2396; x_wconf 88' lang='lat' dir='ltr'><strong>meo.</strong></span> <span class='ocrx_word' id='word_1_649' title='bbox 849 2379 857 2395; x_wconf 89' lang='grc'><strong>1</strong></span> <span class='ocrx_word' id='word_1_650' title='bbox 876 2369 1008 2397; x_wconf 86' lang='lat' dir='ltr'><strong>Dilectio-</strong></span> 
     </span>
    </p>
   </div>
   <div class='ocr_carea' id='block_1_83' title="bbox 221 2413 1009 2450">
    <p class='ocr_par' dir='ltr' id='par_1_83' title="bbox 221 2413 1009 2450">
     <span class='ocr_line' id='line_1_83' title="bbox 221 2413 1009 2450; baseline 0.003 -10"><span class='ocrx_word' id='word_1_651' title='bbox 221 2413 265 2441; x_wconf 90' lang='lat' dir='ltr'><strong>nis</strong></span> <span class='ocrx_word' id='word_1_652' title='bbox 279 2418 306 2440; x_wconf 88' lang='lat' dir='ltr'><strong>et</strong></span> <span class='ocrx_word' id='word_1_653' title='bbox 320 2414 421 2441; x_wconf 84' lang='lat' dir='ltr'><strong>amoris</strong></span> <span class='ocrx_word' id='word_1_654' title='bbox 435 2414 566 2442; x_wconf 86' lang='lat' dir='ltr'><strong>indicium</strong></span> <span class='ocrx_word' id='word_1_655' title='bbox 581 2420 638 2447; x_wconf 78' lang='lat' dir='ltr'><strong>est;</strong></span> <span class='ocrx_word' id='word_1_656' title='bbox 658 2423 721 2441; x_wconf 83' lang='lat' dir='ltr'><strong>nam</strong></span> <span class='ocrx_word' id='word_1_657' title='bbox 739 2422 802 2442; x_wconf 89' lang='lat' dir='ltr'><strong>eum</strong></span> <span class='ocrx_word' id='word_1_658' title='bbox 831 2415 878 2450; x_wconf 90' lang='lat' dir='ltr'><strong>qui</strong></span> <span class='ocrx_word' id='word_1_659' title='bbox 894 2420 1009 2443; x_wconf 81' lang='lat' dir='ltr'><strong>cuncto—</strong></span> 
     </span>
    </p>
   </div>
   <div class='ocr_carea' id='block_1_84' title="bbox 221 2460 1004 2495">
    <p class='ocr_par' dir='ltr' id='par_1_84' title="bbox 221 2460 1004 2495">
     <span class='ocr_line' id='line_1_84' title="bbox 221 2460 1004 2495; baseline -0.001 -8"><span class='ocrx_word' id='word_1_660' title='bbox 221 2468 282 2487; x_wconf 89' lang='lat' dir='ltr'><strong>rum</strong></span> <span class='ocrx_word' id='word_1_661' title='bbox 302 2460 374 2487; x_wconf 87' lang='lat' dir='ltr'><strong>Deus</strong></span> <span class='ocrx_word' id='word_1_662' title='bbox 392 2465 434 2487; x_wconf 87' lang='lat' dir='ltr'><strong>est</strong></span> <span class='ocrx_word' id='word_1_663' title='bbox 452 2461 502 2487; x_wconf 87' lang='lat' dir='ltr'><strong>sibi</strong></span> <span class='ocrx_word' id='word_1_664' title='bbox 524 2461 665 2495; x_wconf 60' lang='lat' dir='ltr'><strong>propalam</strong></span> <span class='ocrx_word' id='word_1_665' title='bbox 686 2461 759 2488; x_wconf 77' lang='lat' dir='ltr'><strong>facit.</strong></span> <span class='ocrx_word' id='word_1_666' title='bbox 776 2470 784 2486; x_wconf 92' lang='grc'><strong>1</strong></span> <span class='ocrx_word' id='word_1_667' title='bbox 798 2461 851 2488; x_wconf 87' lang='lat' dir='ltr'><strong>Per</strong></span> <span class='ocrx_word' id='word_1_668' title='bbox 870 2461 976 2488; x_wconf 83' lang='lat' dir='ltr'><strong>Jesum.</strong></span> <span class='ocrx_word' id='word_1_669' title='bbox 995 2471 1004 2486; x_wconf 89' lang='grc'><strong>1</strong></span> 
     </span>
    </p>
   </div>
   <div class='ocr_carea' id='block_1_85' title="bbox 222 2506 1008 2541">
    <p class='ocr_par' dir='ltr' id='par_1_85' title="bbox 222 2506 1008 2541">
     <span class='ocr_line' id='line_1_85' title="bbox 222 2506 1008 2541; baseline 0.003 -9"><span class='ocrx_word' id='word_1_670' title='bbox 222 2506 282 2540; x_wconf 88' lang='lat' dir='ltr'><strong>Ipse</strong></span> <span class='ocrx_word' id='word_1_671' title='bbox 306 2506 415 2540; x_wconf 89' lang='lat' dir='ltr'><strong>quidem</strong></span> <span class='ocrx_word' id='word_1_672' title='bbox 438 2506 517 2534; x_wconf 82' lang='lat' dir='ltr'><strong>nobis</strong></span> <span class='ocrx_word' id='word_1_673' title='bbox 540 2514 621 2533; x_wconf 80' lang='lat' dir='ltr'><strong>causa</strong></span> <span class='ocrx_word' id='word_1_674' title='bbox 644 2511 688 2533; x_wconf 82' lang='lat' dir='ltr'><strong>est</strong></span> <span class='ocrx_word' id='word_1_675' title='bbox 713 2506 864 2541; x_wconf 77' lang='lat' dir='ltr'><strong>gratiarum</strong></span> <span class='ocrx_word' id='word_1_676' title='bbox 888 2506 1008 2534; x_wconf 83' lang='lat' dir='ltr'><strong>actionis</strong></span> 
     </span>
    </p>
   </div>
   <div class='ocr_carea' id='block_1_86' title="bbox 221 2551 1008 2587">
    <p class='ocr_par' dir='ltr' id='par_1_86' title="bbox 221 2551 1008 2587">
     <span class='ocr_line' id='line_1_86' title="bbox 221 2551 1008 2587; baseline 0 -9"><span class='ocrx_word' id='word_1_677' title='bbox 221 2559 285 2586; x_wconf 79' lang='lat' dir='ltr'><strong>erga</strong></span> <span class='ocrx_word' id='word_1_678' title='bbox 302 2551 409 2578; x_wconf 84' lang='lat' dir='ltr'><strong>Patrem</strong></span> <span class='ocrx_word' id='word_1_679' title='bbox 433 2560 440 2578; x_wconf 89' lang='lat'><strong>:</strong></span> <span class='ocrx_word' id='word_1_680' title='bbox 464 2552 512 2587; x_wconf 87' lang='lat' dir='ltr'><strong>qui</strong></span> <span class='ocrx_word' id='word_1_681' title='bbox 537 2557 566 2579; x_wconf 85' lang='lat' dir='ltr'><strong>et</strong></span> <span class='ocrx_word' id='word_1_682' title='bbox 587 2559 637 2578; x_wconf 91' lang='lat' dir='ltr'><strong>nos</strong></span> <span class='ocrx_word' id='word_1_683' title='bbox 660 2552 807 2585; x_wconf 77' lang='lat' dir='ltr'><strong>assumpsit</strong></span> <span class='ocrx_word' id='word_1_684' title='bbox 826 2556 855 2578; x_wconf 86' lang='lat' dir='ltr'><strong>et</strong></span> <span class='ocrx_word' id='word_1_685' title='bbox 873 2559 924 2578; x_wconf 88' lang='lat' dir='ltr'><strong>suo</strong></span> <span class='ocrx_word' id='word_1_686' title='bbox 944 2560 1008 2578; x_wconf 85' lang='lat' dir='ltr'><strong>san—</strong></span> 
     </span>
    </p>
   </div>
   <div class='ocr_carea' id='block_1_87' title="bbox 221 2596 1005 2630">
    <p class='ocr_par' dir='ltr' id='par_1_87' title="bbox 221 2596 1005 2630">
     <span class='ocr_line' id='line_1_87' title="bbox 221 2596 1005 2630; baseline -0.001 -6"><span class='ocrx_word' id='word_1_687' title='bbox 221 2597 303 2630; x_wconf 73' lang='lat' dir='ltr'><strong>guine</strong></span> <span class='ocrx_word' id='word_1_688' title='bbox 324 2605 374 2625; x_wconf 88' lang='lat' dir='ltr'><strong>nos</strong></span> <span class='ocrx_word' id='word_1_689' title='bbox 392 2597 430 2624; x_wconf 89' lang='lat' dir='ltr'><strong>illi</strong></span> <span class='ocrx_word' id='word_1_690' title='bbox 452 2596 650 2624; x_wconf 81' lang='lat' dir='ltr'><strong>reconciliavit.</strong></span> <span class='ocrx_word' id='word_1_691' title='bbox 674 2606 682 2622; x_wconf 88' lang='grc'><strong>1</strong></span> <span class='ocrx_word' id='word_1_692' title='bbox 700 2596 769 2629; x_wconf 80' lang='lat' dir='ltr'><strong>Quia</strong></span> <span class='ocrx_word' id='word_1_693' title='bbox 789 2596 856 2623; x_wconf 79' lang='lat' dir='ltr'><strong>ﬁdes</strong></span> <span class='ocrx_word' id='word_1_694' title='bbox 874 2601 976 2624; x_wconf 86' lang='lat' dir='ltr'><strong>vestra.</strong></span> <span class='ocrx_word' id='word_1_695' title='bbox 997 2607 1005 2623; x_wconf 93' lang='grc'><strong>1</strong></span> 
     </span>
    </p>
   </div>
   <div class='ocr_carea' id='block_1_88' title="bbox 223 2640 1008 2676">
    <p class='ocr_par' dir='ltr' id='par_1_88' title="bbox 223 2640 1008 2676">
     <span class='ocr_line' id='line_1_88' title="bbox 223 2640 1008 2676; baseline 0 -7"><span class='ocrx_word' id='word_1_696' title='bbox 223 2641 378 2669; x_wconf 82' lang='lat' dir='ltr'><strong>Verisimile</strong></span> <span class='ocrx_word' id='word_1_697' title='bbox 395 2642 467 2670; x_wconf 90' lang='lat' dir='ltr'><strong>enim</strong></span> <span class='ocrx_word' id='word_1_698' title='bbox 483 2645 542 2668; x_wconf 88' lang='lat' dir='ltr'><strong>erat</strong></span> <span class='ocrx_word' id='word_1_699' title='bbox 557 2640 628 2675; x_wconf 86' lang='lat' dir='ltr'><strong>apud</strong></span> <span class='ocrx_word' id='word_1_700' title='bbox 644 2648 740 2666; x_wconf 88' lang='lat' dir='ltr'><strong>oumes</strong></span> <span class='ocrx_word' id='word_1_701' title='bbox 759 2640 857 2674; x_wconf 85' lang='lat' dir='ltr'><strong>passim</strong></span> <span class='ocrx_word' id='word_1_702' title='bbox 873 2640 1008 2676; x_wconf 79' lang='lat' dir='ltr'><strong>divulgari</strong></span> 
     </span>
    </p>
   </div>
   <div class='ocr_carea' id='block_1_89' title="bbox 221 2685 1008 2714">
    <p class='ocr_par' dir='ltr' id='par_1_89' title="bbox 221 2685 1008 2714">
     <span class='ocr_line' id='line_1_89' title="bbox 221 2685 1008 2714; baseline -0.003 0"><span class='ocrx_word' id='word_1_703' title='bbox 221 2687 302 2714; x_wconf 73' lang='lat' dir='ltr'><strong>iidem</strong></span> <span class='ocrx_word' id='word_1_704' title='bbox 318 2687 513 2714; x_wconf 77' lang='lat' dir='ltr'><strong>Romanorum.</strong></span> <span class='ocrx_word' id='word_1_705' title='bbox 533 2695 542 2711; x_wconf 93' lang='grc'><strong>1</strong></span> <span class='ocrx_word' id='word_1_706' title='bbox 557 2685 646 2712; x_wconf 82' lang='lat' dir='ltr'><strong>Testis</strong></span> <span class='ocrx_word' id='word_1_707' title='bbox 658 2685 758 2712; x_wconf 70' lang='lat' dir='ltr'><strong>enim.»</strong></span> <span class='ocrx_word' id='word_1_708' title='bbox 775 2685 871 2713; x_wconf 82' lang='lat' dir='ltr'><strong>Merito</strong></span> <span class='ocrx_word' id='word_1_709' title='bbox 885 2686 968 2713; x_wconf 90' lang='lat' dir='ltr'><strong>Deum</strong></span> <span class='ocrx_word' id='word_1_710' title='bbox 981 2687 1008 2713; x_wconf 93' lang='lat' dir='ltr'><strong>in</strong></span> 
     </span>
    </p>
   </div>
   <div class='ocr_carea' id='block_1_90' title="bbox 222 2728 1010 2764">
    <p class='ocr_par' dir='ltr' id='par_1_90' title="bbox 222 2728 1010 2764">
     <span class='ocr_line' id='line_1_90' title="bbox 222 2728 1010 2764; baseline 0 -6"><span class='ocrx_word' id='word_1_711' title='bbox 222 2728 319 2760; x_wconf 80' lang='lat' dir='ltr'><strong>testem</strong></span> <span class='ocrx_word' id='word_1_712' title='bbox 334 2731 462 2763; x_wconf 84' lang='lat' dir='ltr'><strong>adducit,</strong></span> <span class='ocrx_word' id='word_1_713' title='bbox 481 2737 543 2757; x_wconf 92' lang='lat' dir='ltr'><strong>cum</strong></span> <span class='ocrx_word' id='word_1_714' title='bbox 568 2729 733 2764; x_wconf 83' lang='lat' dir='ltr'><strong>persuadere</strong></span> <span class='ocrx_word' id='word_1_715' title='bbox 751 2730 832 2757; x_wconf 80' lang='lat' dir='ltr'><strong>vellet</strong></span> <span class='ocrx_word' id='word_1_716' title='bbox 852 2731 1010 2758; x_wconf 84' lang='lat' dir='ltr'><strong>hominibus</strong></span> 
     </span>
    </p>
   </div>
   <div class='ocr_carea' id='block_1_91' title="bbox 221 2776 1008 2813">
    <p class='ocr_par' dir='ltr' id='par_1_91' title="bbox 221 2776 1008 2813">
     <span class='ocr_line' id='line_1_91' title="bbox 221 2776 1008 2813; baseline -0.004 -7"><span class='ocrx_word' id='word_1_717' title='bbox 221 2779 323 2813; x_wconf 91' lang='lat' dir='ltr'><strong>quibus</strong></span> <span class='ocrx_word' id='word_1_718' title='bbox 346 2777 456 2804; x_wconf 73' lang='lat' dir='ltr'><strong>difficile</strong></span> <span class='ocrx_word' id='word_1_719' title='bbox 481 2781 554 2803; x_wconf 85' lang='lat' dir='ltr'><strong>esset</strong></span> <span class='ocrx_word' id='word_1_720' title='bbox 581 2776 661 2811; x_wconf 78' lang='lat'><strong>205</strong></span> <span class='ocrx_word' id='word_1_721' title='bbox 686 2777 861 2811; x_wconf 88' lang='lat' dir='ltr'><strong>persuadere.</strong></span> <span class='ocrx_word' id='word_1_722' title='bbox 893 2787 901 2803; x_wconf 83' lang='grc'><strong>1</strong></span> <span class='ocrx_word' id='word_1_723' title='bbox 923 2777 1008 2810; x_wconf 83' lang='lat' dir='ltr'><strong>Quem</strong></span> 
     </span>
    </p>
   </div>
   <div class='ocr_carea' id='block_1_92' title="bbox 216 2823 1008 2855">
    <p class='ocr_par' dir='ltr' id='par_1_92' title="bbox 216 2823 1008 2855">
     <span class='ocr_line' id='line_1_92' title="bbox 216 2823 1008 2855; baseline -0.003 -3"><span class='ocrx_word' id='word_1_724' title='bbox 216 2825 294 2852; x_wconf 86' lang='lat' dir='ltr'><strong>&#39;colo.</strong></span> <span class='ocrx_word' id='word_1_725' title='bbox 310 2835 319 2850; x_wconf 92' lang='grc'><strong>1</strong></span> <span class='ocrx_word' id='word_1_726' title='bbox 340 2824 396 2850; x_wconf 88' lang='lat' dir='ltr'><strong>Hoc</strong></span> <span class='ocrx_word' id='word_1_727' title='bbox 411 2823 515 2855; x_wconf 82' lang='lat' dir='ltr'><strong>est,cui</strong></span> <span class='ocrx_word' id='word_1_728' title='bbox 533 2823 634 2850; x_wconf 83' lang='lat' dir='ltr'><strong>servio.</strong></span> <span class='ocrx_word' id='word_1_729' title='bbox 657 2823 745 2850; x_wconf 61' lang='lat' dir='ltr'><strong>Multae</strong></span> <span class='ocrx_word' id='word_1_730' title='bbox 764 2829 826 2850; x_wconf 90' lang='lat' dir='ltr'><strong>sunt</strong></span> <span class='ocrx_word' id='word_1_731' title='bbox 842 2829 932 2850; x_wconf 85' lang='lat' dir='ltr'><strong>autem</strong></span> <span class='ocrx_word' id='word_1_732' title='bbox 950 2824 1008 2850; x_wconf 37' lang='lat' dir='ltr'><strong>cul‘</strong></span> 
     </span>
    </p>
   </div>
   <div class='ocr_carea' id='block_1_93' title="bbox 222 2868 1007 2904">
    <p class='ocr_par' dir='ltr' id='par_1_93' title="bbox 222 2868 1007 2904">
     <span class='ocr_line' id='line_1_93' title="bbox 222 2868 1007 2904; baseline -0.003 -7"><span class='ocrx_word' id='word_1_733' title='bbox 222 2876 266 2897; x_wconf 84' lang='lat' dir='ltr'><strong>tus</strong></span> <span class='ocrx_word' id='word_1_734' title='bbox 281 2869 396 2904; x_wconf 77' lang='lat' dir='ltr'><strong>species.</strong></span> <span class='ocrx_word' id='word_1_735' title='bbox 417 2868 558 2904; x_wconf 86' lang='lat' dir='ltr'><strong>Siquidem</strong></span> <span class='ocrx_word' id='word_1_736' title='bbox 573 2873 601 2897; x_wconf 89' lang='lat' dir='ltr'><strong>et</strong></span> <span class='ocrx_word' id='word_1_737' title='bbox 617 2870 663 2904; x_wconf 90' lang='lat' dir='ltr'><strong>qui</strong></span> <span class='ocrx_word' id='word_1_738' title='bbox 681 2874 818 2904; x_wconf 83' lang='lat' dir='ltr'><strong>precatur,</strong></span> <span class='ocrx_word' id='word_1_739' title='bbox 834 2874 861 2896; x_wconf 85' lang='lat' dir='ltr'><strong>et</strong></span> <span class='ocrx_word' id='word_1_740' title='bbox 875 2870 920 2904; x_wconf 88' lang='lat' dir='ltr'><strong>qui</strong></span> <span class='ocrx_word' id='word_1_741' title='bbox 935 2869 1007 2903; x_wconf 68' lang='lat' dir='ltr'><strong>jeju-</strong></span> 
     </span>
    </p>
   </div>
   <div class='ocr_carea' id='block_1_94' title="bbox 1099 1818 1841 1854">
    <p class='ocr_par' dir='ltr' id='par_1_94' title="bbox 1099 1818 1841 1854">
     <span class='ocr_line' id='line_1_94' title="bbox 1099 1818 1841 1854; baseline 0.001 -9"><span class='ocrx_word' id='word_1_742' title='bbox 1099 1818 1218 1852; x_wconf 71' lang='grc' dir='ltr'><strong>Πμῶτον</strong></span> <span class='ocrx_word' id='word_1_743' title='bbox 1229 1820 1288 1853; x_wconf 80' lang='grc' dir='ltr'><strong>μὲν</strong></span> <span class='ocrx_word' id='word_1_744' title='bbox 1303 1818 1469 1853; x_wconf 71' lang='grc' dir='ltr'>εὐχαριστῶ</span> <span class='ocrx_word' id='word_1_745' title='bbox 1480 1819 1519 1851; x_wconf 84' lang='grc' dir='ltr'><strong>τῷ</strong></span> <span class='ocrx_word' id='word_1_746' title='bbox 1535 1819 1596 1852; x_wconf 83' lang='grc' dir='ltr'><strong>Θεῷ</strong></span> <span class='ocrx_word' id='word_1_747' title='bbox 1608 1829 1671 1854; x_wconf 80' lang='grc' dir='ltr'><strong>μου</strong></span> <span class='ocrx_word' id='word_1_748' title='bbox 1687 1821 1738 1848; x_wconf 82' lang='grc' dir='ltr'><strong>διὰ</strong></span> <span class='ocrx_word' id='word_1_749' title='bbox 1753 1819 1841 1853; x_wconf 84' lang='grc' dir='ltr'><strong>Ἰησοῦ</strong></span> 
     </span>
    </p>
   </div>
   <div class='ocr_carea' id='block_1_95' title="bbox 1063 1864 1841 1900">
    <p class='ocr_par' dir='ltr' id='par_1_95' title="bbox 1063 1864 1841 1900">
     <span class='ocr_line' id='line_1_95' title="bbox 1063 1864 1841 1900; baseline -0.001 -9"><span class='ocrx_word' id='word_1_750' title='bbox 1063 1865 1191 1898; x_wconf 80' lang='grc' dir='ltr'><strong>Χριστοῦ</strong></span> <span class='ocrx_word' id='word_1_751' title='bbox 1207 1865 1284 1899; x_wconf 73' lang='grc' dir='ltr'>ὑπὲρ</span> <span class='ocrx_word' id='word_1_752' title='bbox 1304 1864 1425 1891; x_wconf 78' lang='grc' dir='ltr'><em>πάντων</em></span> <span class='ocrx_word' id='word_1_753' title='bbox 1439 1864 1532 1899; x_wconf 76' lang='grc' dir='ltr'>ὑμῶν,</span> <span class='ocrx_word' id='word_1_754' title='bbox 1548 1865 1592 1891; x_wconf 83' lang='grc' dir='ltr'><strong>ὅτι</strong></span> <span class='ocrx_word' id='word_1_755' title='bbox 1608 1867 1627 1900; x_wconf 74' lang='grc' dir='ltr'>ἡ</span> <span class='ocrx_word' id='word_1_756' title='bbox 1652 1867 1758 1900; x_wconf 76' lang='grc' dir='ltr'>πίστις</span> <span class='ocrx_word' id='word_1_757' title='bbox 1771 1865 1841 1900; x_wconf 74' lang='grc' dir='ltr'><strong>ὑμῶν</strong></span> 
     </span>
    </p>
   </div>
   <div class='ocr_carea' id='block_1_96' title="bbox 1063 1909 1840 1946">
    <p class='ocr_par' dir='ltr' id='par_1_96' title="bbox 1063 1909 1840 1946">
     <span class='ocr_line' id='line_1_96' title="bbox 1063 1909 1840 1946; baseline 0 -10"><span class='ocrx_word' id='word_1_758' title='bbox 1063 1910 1295 1944; x_wconf 71' lang='grc' dir='ltr'><strong>καταγγέλλεται</strong></span> <span class='ocrx_word' id='word_1_759' title='bbox 1313 1910 1348 1936; x_wconf 79' lang='grc' dir='ltr'><strong>ἐν</strong></span> <span class='ocrx_word' id='word_1_760' title='bbox 1374 1909 1434 1942; x_wconf 78' lang='grc' dir='ltr'><strong>ὅλῳ</strong></span> <span class='ocrx_word' id='word_1_761' title='bbox 1452 1909 1492 1941; x_wconf 79' lang='grc' dir='ltr'><strong>τῷ</strong></span> <span class='ocrx_word' id='word_1_762' title='bbox 1510 1910 1622 1944; x_wconf 81' lang='grc' dir='ltr'><strong>κόσμῳ.</strong></span> <span class='ocrx_word' id='word_1_763' title='bbox 1651 1911 1775 1946; x_wconf 79' lang='grc' dir='ltr'><strong>Μάρτυς</strong></span> <span class='ocrx_word' id='word_1_764' title='bbox 1796 1909 1840 1944; x_wconf 76' lang='grc' dir='ltr'><strong>γάρ</strong></span> 
     </span>
    </p>
   </div>
   <div class='ocr_carea' id='block_1_97' title="bbox 1061 1950 1840 1989">
    <p class='ocr_par' dir='ltr' id='par_1_97' title="bbox 1061 1950 1840 1989">
     <span class='ocr_line' id='line_1_97' title="bbox 1061 1950 1840 1989; baseline -0.003 -8"><span class='ocrx_word' id='word_1_765' title='bbox 1061 1956 1121 1989; x_wconf 81' lang='grc' dir='ltr'>μσύ</span> <span class='ocrx_word' id='word_1_766' title='bbox 1134 1955 1220 1981; x_wconf 81' lang='grc' dir='ltr'>ἐστιν</span> <span class='ocrx_word' id='word_1_767' title='bbox 1237 1956 1254 1980; x_wconf 88' lang='grc' dir='ltr'><em>ὁ</em></span> <span class='ocrx_word' id='word_1_768' title='bbox 1275 1954 1356 1987; x_wconf 76' lang='grc' dir='ltr'>Θεὸς,</span> <span class='ocrx_word' id='word_1_769' title='bbox 1372 1951 1396 1988; x_wconf 78' lang='grc' dir='ltr'>ᾧ</span> <span class='ocrx_word' id='word_1_770' title='bbox 1419 1955 1551 1988; x_wconf 78' lang='grc' dir='ltr'>λατρεύω</span> <span class='ocrx_word' id='word_1_771' title='bbox 1563 1950 1610 1982; x_wconf 64' lang='grc' dir='ltr'><strong>’ἐν</strong></span> <span class='ocrx_word' id='word_1_772' title='bbox 1634 1956 1676 1989; x_wconf 86' lang='grc' dir='ltr'><strong>τῷ</strong></span> <span class='ocrx_word' id='word_1_773' title='bbox 1706 1954 1840 1989; x_wconf 78' lang='grc' dir='ltr'><strong>πνεύματί</strong></span> 
     </span>
    </p>
   </div>
   <div class='ocr_carea' id='block_1_98' title="bbox 1060 2000 1839 2035">
    <p class='ocr_par' dir='ltr' id='par_1_98' title="bbox 1060 2000 1839 2035">
     <span class='ocr_line' id='line_1_98' title="bbox 1060 2000 1839 2035; baseline 0 -9"><span class='ocrx_word' id='word_1_774' title='bbox 1060 2009 1130 2035; x_wconf 81' lang='grc' dir='ltr'>μου,</span> <span class='ocrx_word' id='word_1_775' title='bbox 1151 2000 1185 2026; x_wconf 79' lang='grc' dir='ltr'><strong>ἐν</strong></span> <span class='ocrx_word' id='word_1_776' title='bbox 1202 2000 1242 2032; x_wconf 87' lang='grc' dir='ltr'><strong>τῷ</strong></span> <span class='ocrx_word' id='word_1_777' title='bbox 1257 2000 1428 2034; x_wconf 69' lang='grc' dir='ltr'><strong>Εὑαγγελίῳ</strong></span> <span class='ocrx_word' id='word_1_778' title='bbox 1447 2000 1500 2026; x_wconf 79' lang='grc' dir='ltr'><strong>τοῦ</strong></span> <span class='ocrx_word' id='word_1_779' title='bbox 1512 2001 1578 2028; x_wconf 79' lang='grc' dir='ltr'><strong>Υἰοῦ</strong></span> <span class='ocrx_word' id='word_1_780' title='bbox 1592 2002 1699 2035; x_wconf 83' lang='grc' dir='ltr'>αὑτοῦ,</span> <span class='ocrx_word' id='word_1_781' title='bbox 1714 2003 1754 2034; x_wconf 85' lang='grc' dir='ltr'><strong>ὡς</strong></span> <span class='ocrx_word' id='word_1_782' title='bbox 1766 2001 1839 2028; x_wconf 78' lang='grc' dir='ltr'>ἀδια-</span> 
     </span>
    </p>
   </div>
   <div class='ocr_carea' id='block_1_99' title="bbox 1061 2044 1840 2079">
    <p class='ocr_par' dir='ltr' id='par_1_99' title="bbox 1061 2044 1840 2079">
     <span class='ocr_line' id='line_1_99' title="bbox 1061 2044 1840 2079; baseline 0 -7"><span class='ocrx_word' id='word_1_783' title='bbox 1061 2046 1189 2077; x_wconf 73' lang='grc' dir='ltr'><strong>λείπτως</strong></span> <span class='ocrx_word' id='word_1_784' title='bbox 1197 2046 1305 2079; x_wconf 81' lang='grc' dir='ltr'><strong>μνείαν</strong></span> <span class='ocrx_word' id='word_1_785' title='bbox 1317 2044 1401 2079; x_wconf 81' lang='grc' dir='ltr'>ὑμῶν</span> <span class='ocrx_word' id='word_1_786' title='bbox 1413 2046 1552 2079; x_wconf 82' lang='grc' dir='ltr'>ποιοῦμαι</span> <span class='ocrx_word' id='word_1_787' title='bbox 1564 2055 1570 2061; x_wconf 89' lang='grc'><strong>·</strong></span> <span class='ocrx_word' id='word_1_788' title='bbox 1589 2047 1719 2074; x_wconf 77' lang='grc' dir='ltr'><strong>πάντοτε</strong></span> <span class='ocrx_word' id='word_1_789' title='bbox 1731 2047 1778 2073; x_wconf 79' lang='grc' dir='ltr'><strong>ἐπὶ</strong></span> <span class='ocrx_word' id='word_1_790' title='bbox 1790 2044 1840 2072; x_wconf 76' lang='grc' dir='ltr'><strong>τῶν</strong></span> 
     </span>
    </p>
   </div>
   <div class='ocr_carea' id='block_1_100' title="bbox 1062 2090 1841 2126">
    <p class='ocr_par' dir='ltr' id='par_1_100' title="bbox 1062 2090 1841 2126">
     <span class='ocr_line' id='line_1_100' title="bbox 1062 2090 1841 2126; baseline -0.001 -10"><span class='ocrx_word' id='word_1_791' title='bbox 1062 2090 1241 2124; x_wconf 76' lang='grc' dir='ltr'>προσευχῶν</span> <span class='ocrx_word' id='word_1_792' title='bbox 1252 2099 1312 2124; x_wconf 82' lang='grc' dir='ltr'>μου</span> <span class='ocrx_word' id='word_1_793' title='bbox 1329 2090 1469 2124; x_wconf 82' lang='grc' dir='ltr'><strong>δεόμενος</strong></span> <span class='ocrx_word' id='word_1_794' title='bbox 1485 2091 1576 2123; x_wconf 77' lang='grc' dir='ltr'>εἴπως</span> <span class='ocrx_word' id='word_1_795' title='bbox 1589 2091 1646 2126; x_wconf 75' lang='grc' dir='ltr'><strong>ἤδη</strong></span> <span class='ocrx_word' id='word_1_796' title='bbox 1662 2091 1737 2119; x_wconf 79' lang='grc' dir='ltr'>ποτὲ</span> <span class='ocrx_word' id='word_1_797' title='bbox 1746 2090 1841 2118; x_wconf 83' lang='grc' dir='ltr'><strong>εὐοδω-</strong></span> 
     </span>
    </p>
   </div>
   <div class='ocr_carea' id='block_1_101' title="bbox 1061 2135 1839 2172">
    <p class='ocr_par' dir='ltr' id='par_1_101' title="bbox 1061 2135 1839 2172">
     <span class='ocr_line' id='line_1_101' title="bbox 1061 2135 1839 2172; baseline -0.003 -9"><span class='ocrx_word' id='word_1_798' title='bbox 1061 2136 1190 2170; x_wconf 78' lang='grc' dir='ltr'>θήσομαι</span> <span class='ocrx_word' id='word_1_799' title='bbox 1213 2136 1247 2163; x_wconf 85' lang='grc' dir='ltr'><strong>ἐν</strong></span> <span class='ocrx_word' id='word_1_800' title='bbox 1269 2136 1309 2169; x_wconf 83' lang='grc' dir='ltr'><strong>τῷ</strong></span> <span class='ocrx_word' id='word_1_801' title='bbox 1325 2137 1467 2172; x_wconf 77' lang='grc' dir='ltr'><strong>θελήματι</strong></span> <span class='ocrx_word' id='word_1_802' title='bbox 1485 2137 1536 2164; x_wconf 85' lang='grc' dir='ltr'><strong>τοῦ</strong></span> <span class='ocrx_word' id='word_1_803' title='bbox 1556 2137 1629 2164; x_wconf 87' lang='grc' dir='ltr'><strong>Θεοῦ</strong></span> <span class='ocrx_word' id='word_1_804' title='bbox 1651 2138 1753 2165; x_wconf 76' lang='grc' dir='ltr'><strong>ἐλθεῖν</strong></span> <span class='ocrx_word' id='word_1_805' title='bbox 1774 2135 1839 2168; x_wconf 70' lang='grc' dir='ltr'>πρὸς</span> 
     </span>
    </p>
   </div>
   <div class='ocr_carea' id='block_1_102' title="bbox 1062 2180 1151 2216">
    <p class='ocr_par' dir='ltr' id='par_1_102' title="bbox 1062 2180 1151 2216">
     <span class='ocr_line' id='line_1_102' title="bbox 1062 2180 1151 2216; baseline 0 -7"><span class='ocrx_word' id='word_1_806' title='bbox 1062 2180 1151 2216; x_wconf 80' lang='grc' dir='ltr'><strong>ὑμᾶς.</strong></span> 
     </span>
    </p>
   </div>
   <div class='ocr_carea' id='block_1_103' title="bbox 1100 2226 1836 2265">
    <p class='ocr_par' dir='ltr' id='par_1_103' title="bbox 1100 2226 1836 2265">
     <span class='ocr_line' id='line_1_103' title="bbox 1100 2226 1836 2265; baseline 0.001 -11"><span class='ocrx_word' id='word_1_807' title='bbox 1100 2228 1173 2254; x_wconf 80' lang='grc' dir='ltr'>Ἔδει</span> <span class='ocrx_word' id='word_1_808' title='bbox 1203 2228 1258 2263; x_wconf 84' lang='grc' dir='ltr'>γὰρ</span> <span class='ocrx_word' id='word_1_809' title='bbox 1280 2227 1309 2261; x_wconf 73' lang='grc' dir='ltr'>ἐξ</span> <span class='ocrx_word' id='word_1_810' title='bbox 1330 2228 1505 2264; x_wconf 70' lang='grc' dir='ltr'><strong>εὐχαριστίας</strong></span> <span class='ocrx_word' id='word_1_811' title='bbox 1524 2229 1773 2265; x_wconf 79' lang='grc' dir='ltr'>προοιμιάσασθαι,</span> <span class='ocrx_word' id='word_1_812' title='bbox 1798 2226 1836 2252; x_wconf 79' lang='grc' dir='ltr'><strong>εὖ·</strong></span> 
     </span>
    </p>
   </div>
   <div class='ocr_carea' id='block_1_104' title="bbox 1063 2272 1837 2310">
    <p class='ocr_par' dir='ltr' id='par_1_104' title="bbox 1063 2272 1837 2310">
     <span class='ocr_line' id='line_1_104' title="bbox 1063 2272 1837 2310; baseline 0.001 -11"><span class='ocrx_word' id='word_1_813' title='bbox 1063 2275 1202 2309; x_wconf 87' lang='grc' dir='ltr'>χαριστεῖν</span> <span class='ocrx_word' id='word_1_814' title='bbox 1219 2273 1258 2306; x_wconf 86' lang='grc' dir='ltr'><strong>δὲ,</strong></span> <span class='ocrx_word' id='word_1_815' title='bbox 1278 2274 1308 2299; x_wconf 75' lang='grc' dir='ltr'>οὐ</span> <span class='ocrx_word' id='word_1_816' title='bbox 1331 2273 1411 2308; x_wconf 83' lang='grc' dir='ltr'>μόνον</span> <span class='ocrx_word' id='word_1_817' title='bbox 1424 2275 1494 2310; x_wconf 81' lang='grc' dir='ltr'>ὑπὲρ</span> <span class='ocrx_word' id='word_1_818' title='bbox 1512 2276 1566 2302; x_wconf 85' lang='grc' dir='ltr'><strong>τῶν</strong></span> <span class='ocrx_word' id='word_1_819' title='bbox 1580 2275 1654 2302; x_wconf 78' lang='grc' dir='ltr'><strong>ἰδίων</strong></span> <span class='ocrx_word' id='word_1_820' title='bbox 1667 2272 1837 2310; x_wconf 66' lang='grc' dir='ltr'>κατορθωμά-</span> 
     </span>
    </p>
   </div>
   <div class='ocr_carea' id='block_1_105' title="bbox 1062 2319 1836 2357">
    <p class='ocr_par' dir='ltr' id='par_1_105' title="bbox 1062 2319 1836 2357">
     <span class='ocr_line' id='line_1_105' title="bbox 1062 2319 1836 2357; baseline -0.003 -9"><span class='ocrx_word' id='word_1_821' title='bbox 1062 2330 1125 2354; x_wconf 84' lang='grc' dir='ltr'><strong>των,</strong></span> <span class='ocrx_word' id='word_1_822' title='bbox 1141 2321 1210 2347; x_wconf 77' lang='grc' dir='ltr'>ἀλλὰ</span> <span class='ocrx_word' id='word_1_823' title='bbox 1234 2322 1281 2347; x_wconf 76' lang='grc' dir='ltr'>καὶ</span> <span class='ocrx_word' id='word_1_824' title='bbox 1305 2320 1375 2356; x_wconf 75' lang='grc' dir='ltr'>ὑπὲρ</span> <span class='ocrx_word' id='word_1_825' title='bbox 1396 2321 1449 2347; x_wconf 82' lang='grc' dir='ltr'><strong>τῶν</strong></span> <span class='ocrx_word' id='word_1_826' title='bbox 1467 2321 1513 2347; x_wconf 77' lang='grc' dir='ltr'><strong>τοῦ</strong></span> <span class='ocrx_word' id='word_1_827' title='bbox 1542 2321 1666 2357; x_wconf 78' lang='grc' dir='ltr'>πλησίον.</span> <span class='ocrx_word' id='word_1_828' title='bbox 1691 2321 1773 2348; x_wconf 75' lang='grc' dir='ltr'>Τοῦτο</span> <span class='ocrx_word' id='word_1_829' title='bbox 1791 2319 1836 2353; x_wconf 66' lang='grc' dir='ltr'><strong>γὰρ</strong></span> 
     </span>
    </p>
   </div>
   <div class='ocr_carea' id='block_1_106' title="bbox 1062 2365 1836 2403">
    <p class='ocr_par' dir='ltr' id='par_1_106' title="bbox 1062 2365 1836 2403">
     <span class='ocr_line' id='line_1_106' title="bbox 1062 2365 1836 2403; baseline -0.001 -10"><span class='ocrx_word' id='word_1_830' title='bbox 1062 2367 1183 2401; x_wconf 77' lang='grc' dir='ltr'><strong>ἀγάπης.</strong></span> <span class='ocrx_word' id='word_1_831' title='bbox 1212 2367 1277 2402; x_wconf 83' lang='grc' dir='ltr'><strong>1Τῴ</strong></span> <span class='ocrx_word' id='word_1_832' title='bbox 1302 2366 1362 2402; x_wconf 87' lang='grc' dir='ltr'><strong>Θεῷ</strong></span> <span class='ocrx_word' id='word_1_833' title='bbox 1393 2376 1470 2402; x_wconf 87' lang='grc' dir='ltr'>μου.1</span> <span class='ocrx_word' id='word_1_834' title='bbox 1499 2367 1622 2403; x_wconf 80' lang='grc' dir='ltr'><strong>Ἀγάπης</strong></span> <span class='ocrx_word' id='word_1_835' title='bbox 1649 2369 1770 2403; x_wconf 80' lang='grc' dir='ltr'><strong>σημεῖον.</strong></span> <span class='ocrx_word' id='word_1_836' title='bbox 1794 2365 1836 2391; x_wconf 73' lang='grc' dir='ltr'><strong>Τὸν</strong></span> 
     </span>
    </p>
   </div>
   <div class='ocr_carea' id='block_1_107' title="bbox 1063 2409 1835 2448">
    <p class='ocr_par' dir='ltr' id='par_1_107' title="bbox 1063 2409 1835 2448">
     <span class='ocr_line' id='line_1_107' title="bbox 1063 2409 1835 2448; baseline -0.001 -10"><span class='ocrx_word' id='word_1_837' title='bbox 1063 2412 1116 2446; x_wconf 79' lang='grc' dir='ltr'>γὰρ</span> <span class='ocrx_word' id='word_1_838' title='bbox 1130 2411 1256 2438; x_wconf 72' lang='grc' dir='ltr'><strong>ἁπάντων</strong></span> <span class='ocrx_word' id='word_1_839' title='bbox 1279 2411 1345 2438; x_wconf 72' lang='grc' dir='ltr'>Θεὸν</span> <span class='ocrx_word' id='word_1_840' title='bbox 1367 2412 1543 2440; x_wconf 71' lang='grc' dir='ltr'>ἰδιοποιεῖται.</span> <span class='ocrx_word' id='word_1_841' title='bbox 1564 2414 1634 2441; x_wconf 78' lang='grc' dir='ltr'><strong>«Διά</strong></span> <span class='ocrx_word' id='word_1_842' title='bbox 1655 2412 1767 2448; x_wconf 79' lang='grc' dir='ltr'><strong>Ἰησοῦ.1</strong></span> <span class='ocrx_word' id='word_1_843' title='bbox 1789 2409 1835 2437; x_wconf 74' lang='grc' dir='ltr'><strong>Αὖ-</strong></span> 
     </span>
    </p>
   </div>
   <div class='ocr_carea' id='block_1_108' title="bbox 1062 2456 1836 2494">
    <p class='ocr_par' dir='ltr' id='par_1_108' title="bbox 1062 2456 1836 2494">
     <span class='ocr_line' id='line_1_108' title="bbox 1062 2456 1836 2494; baseline 0.004 -11"><span class='ocrx_word' id='word_1_844' title='bbox 1062 2458 1108 2488; x_wconf 79' lang='grc' dir='ltr'><strong>τὺς</strong></span> <span class='ocrx_word' id='word_1_845' title='bbox 1123 2458 1176 2492; x_wconf 84' lang='grc' dir='ltr'><strong>γὰρ</strong></span> <span class='ocrx_word' id='word_1_846' title='bbox 1196 2458 1262 2492; x_wconf 79' lang='grc' dir='ltr'>ἡμῖν</span> <span class='ocrx_word' id='word_1_847' title='bbox 1275 2457 1361 2490; x_wconf 73' lang='grc' dir='ltr'>αἴτιος</span> <span class='ocrx_word' id='word_1_848' title='bbox 1372 2458 1420 2493; x_wconf 80' lang='grc' dir='ltr'><strong>τῆς</strong></span> <span class='ocrx_word' id='word_1_849' title='bbox 1435 2459 1474 2490; x_wconf 75' lang='grc' dir='ltr'><strong>εἰς</strong></span> <span class='ocrx_word' id='word_1_850' title='bbox 1486 2459 1530 2485; x_wconf 69' lang='grc' dir='ltr'><strong>τὸν</strong></span> <span class='ocrx_word' id='word_1_851' title='bbox 1542 2459 1652 2494; x_wconf 84' lang='grc' dir='ltr'>Πατέρα</span> <span class='ocrx_word' id='word_1_852' title='bbox 1663 2456 1836 2493; x_wconf 71' lang='grc' dir='ltr'><strong>εὐχαριστίας»</strong></span> 
     </span>
    </p>
   </div>
   <div class='ocr_carea' id='block_1_109' title="bbox 1063 2499 1833 2540">
    <p class='ocr_par' dir='ltr' id='par_1_109' title="bbox 1063 2499 1833 2540">
     <span class='ocr_line' id='line_1_109' title="bbox 1063 2499 1833 2540; baseline 0 -12"><span class='ocrx_word' id='word_1_853' title='bbox 1063 2502 1076 2528; x_wconf 82' lang='grc' dir='ltr'><strong>ὁ</strong></span> <span class='ocrx_word' id='word_1_854' title='bbox 1093 2503 1139 2528; x_wconf 79' lang='grc' dir='ltr'>καὶ</span> <span class='ocrx_word' id='word_1_855' title='bbox 1156 2502 1373 2537; x_wconf 70' lang='grc' dir='ltr'>προσλαϐόμενος</span> <span class='ocrx_word' id='word_1_856' title='bbox 1390 2504 1473 2538; x_wconf 74' lang='grc' dir='ltr'>ἡμᾶς,</span> <span class='ocrx_word' id='word_1_857' title='bbox 1487 2504 1533 2530; x_wconf 76' lang='grc' dir='ltr'>καὶ</span> <span class='ocrx_word' id='word_1_858' title='bbox 1542 2504 1580 2540; x_wconf 80' lang='grc' dir='ltr'>τῷ</span> <span class='ocrx_word' id='word_1_859' title='bbox 1597 2504 1654 2540; x_wconf 80' lang='grc' dir='ltr'><strong>ἰδίῳ</strong></span> <span class='ocrx_word' id='word_1_860' title='bbox 1666 2504 1759 2539; x_wconf 80' lang='grc' dir='ltr'>αἵματι</span> <span class='ocrx_word' id='word_1_861' title='bbox 1776 2499 1833 2535; x_wconf 80' lang='grc' dir='ltr'>πρὸς</span> 
     </span>
    </p>
   </div>
   <div class='ocr_carea' id='block_1_110' title="bbox 1063 2548 1833 2585">
    <p class='ocr_par' dir='ltr' id='par_1_110' title="bbox 1063 2548 1833 2585">
     <span class='ocr_line' id='line_1_110' title="bbox 1063 2548 1833 2585; baseline -0.001 -11"><span class='ocrx_word' id='word_1_862' title='bbox 1063 2548 1149 2574; x_wconf 76' lang='grc' dir='ltr'>ἐκεῖνο</span> <span class='ocrx_word' id='word_1_863' title='bbox 1165 2548 1345 2580; x_wconf 67' lang='grc' dir='ltr'>καταλλάξας.</span> <span class='ocrx_word' id='word_1_864' title='bbox 1371 2550 1447 2576; x_wconf 76' lang='grc' dir='ltr'><strong>«ὐτι</strong></span> <span class='ocrx_word' id='word_1_865' title='bbox 1461 2551 1476 2584; x_wconf 89' lang='grc' dir='ltr'>ὴ</span> <span class='ocrx_word' id='word_1_866' title='bbox 1494 2549 1584 2581; x_wconf 83' lang='grc' dir='ltr'>πίστις</span> <span class='ocrx_word' id='word_1_867' title='bbox 1600 2550 1702 2585; x_wconf 76' lang='grc' dir='ltr'><strong>ὑμῶν.»</strong></span> <span class='ocrx_word' id='word_1_868' title='bbox 1722 2549 1773 2583; x_wconf 79' lang='grc' dir='ltr'><strong>Τὴν</strong></span> <span class='ocrx_word' id='word_1_869' title='bbox 1787 2548 1833 2580; x_wconf 74' lang='grc' dir='ltr'><strong>γὰρ</strong></span> 
     </span>
    </p>
   </div>
   <div class='ocr_carea' id='block_1_111' title="bbox 1061 2592 1831 2632">
    <p class='ocr_par' dir='ltr' id='par_1_111' title="bbox 1061 2592 1831 2632">
     <span class='ocr_line' id='line_1_111' title="bbox 1061 2592 1831 2632; baseline -0.003 -12"><span class='ocrx_word' id='word_1_870' title='bbox 1061 2594 1116 2620; x_wconf 82' lang='grc' dir='ltr'><strong>τῶν</strong></span> <span class='ocrx_word' id='word_1_871' title='bbox 1143 2595 1287 2629; x_wconf 77' lang='grc' dir='ltr'>Ῥωμαίων</span> <span class='ocrx_word' id='word_1_872' title='bbox 1308 2595 1398 2620; x_wconf 76' lang='grc' dir='ltr'>πίστιν</span> <span class='ocrx_word' id='word_1_873' title='bbox 1424 2595 1472 2621; x_wconf 76' lang='grc' dir='ltr'>οὐκ</span> <span class='ocrx_word' id='word_1_874' title='bbox 1495 2595 1610 2627; x_wconf 60' lang='grc' dir='ltr'><strong>ἀπεικὸς</strong></span> <span class='ocrx_word' id='word_1_875' title='bbox 1645 2594 1677 2632; x_wconf 83' lang='grc' dir='ltr'><strong>ἦν</strong></span> <span class='ocrx_word' id='word_1_876' title='bbox 1708 2592 1831 2621; x_wconf 78' lang='grc' dir='ltr'>λαλεῖσθαι</span> 
     </span>
    </p>
   </div>
   <div class='ocr_carea' id='block_1_112' title="bbox 1063 2636 1832 2674">
    <p class='ocr_par' dir='ltr' id='par_1_112' title="bbox 1063 2636 1832 2674">
     <span class='ocr_line' id='line_1_112' title="bbox 1063 2636 1832 2674; baseline 0.001 -10"><span class='ocrx_word' id='word_1_877' title='bbox 1063 2638 1139 2674; x_wconf 76' lang='grc' dir='ltr'>παρὰ</span> <span class='ocrx_word' id='word_1_878' title='bbox 1163 2638 1282 2664; x_wconf 84' lang='grc' dir='ltr'><strong>πάντων.</strong></span> <span class='ocrx_word' id='word_1_879' title='bbox 1313 2638 1439 2672; x_wconf 78' lang='grc' dir='ltr'><strong>ιΜάρτυς</strong></span> <span class='ocrx_word' id='word_1_880' title='bbox 1469 2640 1549 2674; x_wconf 81' lang='grc' dir='ltr'><strong>γάρ.»</strong></span> <span class='ocrx_word' id='word_1_881' title='bbox 1573 2640 1690 2672; x_wconf 72' lang='grc' dir='ltr'><strong>Εἰκὸτως</strong></span> <span class='ocrx_word' id='word_1_882' title='bbox 1711 2639 1754 2666; x_wconf 80' lang='grc' dir='ltr'><strong>τὸν</strong></span> <span class='ocrx_word' id='word_1_883' title='bbox 1778 2636 1832 2663; x_wconf 69' lang='grc' dir='ltr'>θεὸν</span> 
     </span>
    </p>
   </div>
   <div class='ocr_carea' id='block_1_113' title="bbox 1062 2681 1831 2720">
    <p class='ocr_par' dir='ltr' id='par_1_113' title="bbox 1062 2681 1831 2720">
     <span class='ocr_line' id='line_1_113' title="bbox 1062 2681 1831 2720; baseline -0.004 -10"><span class='ocrx_word' id='word_1_884' title='bbox 1062 2685 1123 2718; x_wconf 80' lang='grc' dir='ltr'><strong>ἄγει</strong></span> <span class='ocrx_word' id='word_1_885' title='bbox 1138 2684 1275 2719; x_wconf 78' lang='grc' dir='ltr'>μάρτυρα,</span> <span class='ocrx_word' id='word_1_886' title='bbox 1289 2683 1442 2717; x_wconf 75' lang='grc' dir='ltr'><strong>ἀγνώστους</strong></span> <span class='ocrx_word' id='word_1_887' title='bbox 1456 2685 1615 2720; x_wconf 75' lang='grc' dir='ltr'><strong>ἀνθρώπους</strong></span> <span class='ocrx_word' id='word_1_888' title='bbox 1639 2687 1740 2713; x_wconf 83' lang='grc' dir='ltr'>πείθειν</span> <span class='ocrx_word' id='word_1_889' title='bbox 1750 2681 1831 2719; x_wconf 77' lang='grc' dir='ltr'>βουλό-</span> 
     </span>
    </p>
   </div>
   <div class='ocr_carea' id='block_1_114' title="bbox 1062 2727 1830 2766">
    <p class='ocr_par' dir='ltr' id='par_1_114' title="bbox 1062 2727 1830 2766">
     <span class='ocr_line' id='line_1_114' title="bbox 1062 2727 1830 2766; baseline 0 -9"><span class='ocrx_word' id='word_1_890' title='bbox 1062 2739 1153 2766; x_wconf 78' lang='grc' dir='ltr'>μενος.</span> <span class='ocrx_word' id='word_1_891' title='bbox 1181 2740 1190 2755; x_wconf 93' lang='grc'><strong>1</strong></span> <span class='ocrx_word' id='word_1_892' title='bbox 1203 2727 1238 2765; x_wconf 76' lang='grc' dir='ltr'><strong>⁷ῼ</strong></span> <span class='ocrx_word' id='word_1_893' title='bbox 1259 2730 1390 2764; x_wconf 74' lang='grc' dir='ltr'>λατρεύω.</span> <span class='ocrx_word' id='word_1_894' title='bbox 1407 2741 1415 2756; x_wconf 94' lang='grc'><strong>1</strong></span> <span class='ocrx_word' id='word_1_895' title='bbox 1431 2729 1504 2764; x_wconf 75' lang='grc' dir='ltr'>Οἴον,</span> <span class='ocrx_word' id='word_1_896' title='bbox 1525 2732 1651 2760; x_wconf 76' lang='grc' dir='ltr'><strong>δουλεύω.</strong></span> <span class='ocrx_word' id='word_1_897' title='bbox 1683 2731 1766 2759; x_wconf 79' lang='grc' dir='ltr'>Πολλὰ</span> <span class='ocrx_word' id='word_1_898' title='bbox 1784 2728 1830 2763; x_wconf 75' lang='grc' dir='ltr'><strong>γὰρ</strong></span> 
     </span>
    </p>
   </div>
   <div class='ocr_carea' id='block_1_115' title="bbox 1062 2775 1829 2814">
    <p class='ocr_par' dir='ltr' id='par_1_115' title="bbox 1062 2775 1829 2814">
     <span class='ocr_line' id='line_1_115' title="bbox 1062 2775 1829 2814; baseline 0.004 -12"><span class='ocrx_word' id='word_1_899' title='bbox 1062 2777 1118 2810; x_wconf 84' lang='grc' dir='ltr'><strong>εἴδη</strong></span> <span class='ocrx_word' id='word_1_900' title='bbox 1133 2777 1270 2812; x_wconf 79' lang='grc' dir='ltr'>λατρείας.</span> <span class='ocrx_word' id='word_1_901' title='bbox 1288 2777 1342 2803; x_wconf 74' lang='grc' dir='ltr'><strong>Καὶ</strong></span> <span class='ocrx_word' id='word_1_902' title='bbox 1366 2777 1418 2812; x_wconf 76' lang='grc' dir='ltr'>γὰρ</span> <span class='ocrx_word' id='word_1_903' title='bbox 1436 2778 1482 2804; x_wconf 82' lang='grc' dir='ltr'><strong>καὶ</strong></span> <span class='ocrx_word' id='word_1_904' title='bbox 1497 2779 1510 2804; x_wconf 84' lang='grc' dir='ltr'><strong>ὀ</strong></span> <span class='ocrx_word' id='word_1_905' title='bbox 1527 2780 1750 2814; x_wconf 81' lang='grc' dir='ltr'>προσευχόμενος,</span> <span class='ocrx_word' id='word_1_906' title='bbox 1767 2775 1829 2802; x_wconf 57' lang='lat' dir='ltr'><strong>ml?</strong></span> 
     </span>
    </p>
   </div>
   <div class='ocr_carea' id='block_1_116' title="bbox 1061 2820 1828 2858">
    <p class='ocr_par' dir='ltr' id='par_1_116' title="bbox 1061 2820 1828 2858">
     <span class='ocr_line' id='line_1_116' title="bbox 1061 2820 1828 2858; baseline -0.001 -10"><span class='ocrx_word' id='word_1_907' title='bbox 1061 2822 1172 2857; x_wconf 69' lang='grc' dir='ltr'><strong>νηστείᾳ</strong></span> <span class='ocrx_word' id='word_1_908' title='bbox 1188 2820 1337 2856; x_wconf 81' lang='grc' dir='ltr'>χρώμενος,</span> <span class='ocrx_word' id='word_1_909' title='bbox 1350 2821 1396 2849; x_wconf 71' lang='grc' dir='ltr'>καὶ</span> <span class='ocrx_word' id='word_1_910' title='bbox 1406 2822 1481 2854; x_wconf 82' lang='grc' dir='ltr'><strong>ὁτοίς</strong></span> <span class='ocrx_word' id='word_1_911' title='bbox 1493 2823 1575 2855; x_wconf 78' lang='grc' dir='ltr'>θείοις</span> <span class='ocrx_word' id='word_1_912' title='bbox 1588 2824 1677 2858; x_wconf 79' lang='grc' dir='ltr'>λόγοις</span> <span class='ocrx_word' id='word_1_913' title='bbox 1690 2821 1828 2858; x_wconf 72' lang='grc' dir='ltr'>προσέχων»</span> 
     </span>
    </p>
   </div>
   <div class='ocr_carea' id='block_1_117' title="bbox 1062 2868 1827 2906">
    <p class='ocr_par' dir='ltr' id='par_1_117' title="bbox 1062 2868 1827 2906">
     <span class='ocr_line' id='line_1_117' title="bbox 1062 2868 1827 2906; baseline 0.007 -12"><span class='ocrx_word' id='word_1_914' title='bbox 1062 2869 1108 2894; x_wconf 78' lang='grc' dir='ltr'><strong>καὶ</strong></span> <span class='ocrx_word' id='word_1_915' title='bbox 1140 2868 1229 2902; x_wconf 76' lang='grc' dir='ltr'>μὲντοι</span> <span class='ocrx_word' id='word_1_916' title='bbox 1250 2869 1296 2895; x_wconf 68' lang='lat' dir='ltr'><strong>x11</strong></span> <span class='ocrx_word' id='word_1_917' title='bbox 1319 2869 1332 2894; x_wconf 86' lang='grc' dir='ltr'>ὁ</span> <span class='ocrx_word' id='word_1_918' title='bbox 1350 2869 1397 2902; x_wconf 79' lang='grc' dir='ltr'><strong>τῆς</strong></span> <span class='ocrx_word' id='word_1_919' title='bbox 1419 2869 1472 2895; x_wconf 80' lang='grc' dir='ltr'><strong>τῶν</strong></span> <span class='ocrx_word' id='word_1_920' title='bbox 1489 2869 1570 2901; x_wconf 74' lang='grc' dir='ltr'>ξένων</span> <span class='ocrx_word' id='word_1_921' title='bbox 1588 2869 1732 2906; x_wconf 74' lang='grc' dir='ltr'>θεραπεὶας</span> <span class='ocrx_word' id='word_1_922' title='bbox 1747 2869 1827 2899; x_wconf 45' lang='grc' dir='ltr'>μεμε·</span> 
     </span>
    </p>
   </div>
  </div>
