1881 3051
88 146 143 179 3Ξ9

623 145 819 177 ΕΟΜΜΕΝΤ.
837 146 877 177 ΙΝ
895 145 1015 176 ΕΡΙΞΤ.
1032 145 1082 176 AD
1102 145 1194 176 ROM.

1674 145 1729 180 330

89 202 234 236 λούμενος,
250 200 312 237 Θεῷ
326 199 464 236 λατρεύει.
487 199 517 228 ’0
541 199 569 227 δέ
592 209 624 234 γε
636 201 707 234 θεῖος
723 202 883 234 Ἀπόστολος

973 210 983 228 )
997 209 1099 236 corpus
1113 201 1218 237 aﬂiigit,
1240 204 1268 228 et
1289 200 1336 236 qui
1355 200 1457 229 divinis
1478 207 1598 230 mentem
1615 203 1729 232 adhibet

88 247 235 283 λατρεύειν
259 247 343 282 ἔφησε
366 246 435 282 Θεῷ,
452 247 482 273 τὶ)
497 247 545 273 τοῦ
568 247 634 274 Υἱοῦ
650 248 812 284 προσφέρων
826 249 882 280 τοῖς

91 294 197 320 ἔθνεσιν
212 293 389 326 Εὑαγγέλιον.
414 292 468 318 Καὶ
481 292 623 328 λατρεύειν
637 294 665 319 ὲν
680 293 718 328 τῷ
735 293 881 329 πνεύματι,

88 340 231 366 τουτέστιν
245 340 273 364 ἐν
286 338 325 373 τῷ
340 338 473 373 διδομένῳ
488 338 648 373 χαρίσματι.
666 338 711 371 Ἦ,
724 340 766 366 ὃτι
790 339 827 366 Οὐ
849 341 881 376 τῇ

89 386 144 419 ἐμῇ
159 385 261 419 σπουδῇ
284 383 391 419 ὑπῆρξέ
412 392 457 418 μοι
474 384 504 410 τὸ
518 384 660 419 λατρεύειν
678 383 748 420 Θεῷ,
765 385 832 412 ἀλλὰ
849 387 882 422 τῇ

77 431 137 468 ,τοῦ
154 431 311 465 Πνεύματος
323 431 425 466 χάριτι.
445 431 491 462 Ἢ,
504 430 545 457 ὅτι
557 431 594 457 Οῦ
609 432 726 466 σαρκικὴ
744 431 794 466 μού
809 431 883 458 ἐστιν

89 478 107 511 ὴ
124 477 250 511 λατρεία,
277 477 344 503 ἀλλὰ
369 476 556 511 πνευματική.
577 476 624 503 Ἐκ
647 476 742 503 τούτου
762 477 883 504 δείκνυσι

89 523 164 550 κατὰ
189 523 219 550 τὺ
240 524 388 557 ἀναγκαῖον
412 523 552 558 μεριμνῶν
577 523 647 559 ὑπὲρ
665 523 766 557 αὐτῶν,
780 523 817 555 ὡς
838 524 884 550 τὸν

89 569 173 604 λόγον
187 569 352 605 δεξαμένων,
372 569 420 596 χαὶ
436 569 562 605 δέχεσθαι
585 568 746 604 μελλόντων.
762 578 771 594 ι
782 569 826 596 Ἐν
845 569 884 605 τῷ

89 615 256 651 Εὑαγγελίῳ
270 615 317 642 τοῦ
335 615 401 642 Υίοῦ
420 615 514 642 αὑτοῦ.
529 624 538 640 ι
561 615 643 650 Ὀρᾷς
657 615 696 641 ὅτι
715 615 771 642 ἄνω
787 615 882 648 εἰπὼν,

89 662 133 693 εἰς
159 661 325 695 Εὑαγγέλιον
353 660 432 691 Θεοῦ,
457 659 504 686 τοῦ
529 658 648 695 Χριστοῦ
676 659 785 693 Eis-(ev;
813 668 823 685 ι
839 659 884 691 Ὠς

89 707 285 739 ἀδιαλείπτως,
300 716 310 733 ι
338 707 385 733 καὶ
410 707 444 732 τὰ
470 705 543 742 ἑξῆς.
574 705 696 740 Ἀγάπης
719 705 884 740 εἰλικρινοῦς

89 754 123 780 τὺ
157 754 204 780 καὶ
231 753 399 788 μεμνῆσθαι,
418 752 465 779 καὶ
486 752 666 784 ἀδιαλείπτως
684 752 764 778 τοῦτο
786 753 884 785 ποιεῖν,

90 799 141 826 καὶ
160 799 277 834 μάλιστα
288 801 317 825 ἐν
332 800 508 834 προσευχαῖς.
524 807 533 823 ι
544 798 676 832 Δεόμενος
688 797 806 830 εἴπως.)
828 798 885 824 Καὶ

90 845 150 881 γὰρ
167 845 253 871 ἐλθεῖν
277 845 419 880 ἠπείγετο,
439 845 485 870 καὶ
501 843 575 879 παρὰ
588 844 617 869 τὸ
629 842 736 879 θέλημα
754 843 800 869 τοῦ
816 842 884 869 Θεοῦ

937 247 1124 280 sermonibus,
1147 251 1280 283 prmterea
1295 253 1322 275 et
1338 248 1385 283 qui
1403 248 1550 276 ministerii
1570 251 1730 285 peregrino-

937 302 998 321 rum
1022 302 1117 321 euram
1139 294 1220 329 gerit,
1246 294 1290 321 hic
1317 294 1402 321 Deum
1427 295 1503 322 colit.
1534 295 1618 322 Divus
1637 301 1728 323 autem

937 340 1086 375 Apostolus
1102 340 1187 368 Deum
1206 348 1234 368 se
1250 341 1341 367 coli-re
1360 341 1440 373 dixit,
1459 341 1532 376 quod
1551 341 1730 377 Evangelium

938 386 998 414 Filii
1020 386 1106 421 ipsius
1119 386 1250 422 gentibus
1265 386 1427 421 pra-dicaret
1446 395 1453 413 :
1473 391 1501 414 et
1520 387 1611 414 colere
1628 388 1655 415 in
1672 389 1729 422 Spi-

939 433 1004 465 ritu,
1020 433 1073 460 hoc
1090 437 1132 460 est
1149 433 1174 459 in
1192 433 1255 460 dato
1270 433 1321 460 sibi
1339 433 1422 460 dono.
1438 433 1497 466 Vel,
1519 433 1579 460 Non
1596 441 1669 465 meo,
1689 434 1732 460 in-

937 477 1008 512 quit.
1028 482 1129 504 conatu
1152 477 1269 512 contigit
1291 478 1355 504 mihi
1380 478 1465 505 Deum
1488 479 1590 510 colere,
1611 478 1660 506 sed
1685 487 1733 513 per

939 524 1054 559 gratiam
1065 524 1194 559 Spiritus.
1209 525 1263 551 Aut
1281 525 1333 552 hoe
1346 524 1412 551 dicit
1428 533 1434 550 :
1450 525 1508 552 Non
1527 525 1594 552 mihi
1613 525 1732 552 carnalis

938 570 1032 598 cultus
1044 575 1096 603 est,
1110 571 1157 597 sed
1174 570 1335 606 spiritualis.
1353 571 1387 598 Et
1401 579 1434 598 cx
1452 572 1503 599 hoc
1519 572 1642 599 ostendit
1656 572 1731 606 quod

938 617 1096 644 necessario
1112 625 1205 644 curam
1231 618 1341 644 illorum
1365 618 1474 647 haheat.
1497 623 1525 645 ut
1547 619 1594 653 qui
1615 619 1729 646 verbum

939 664 1127 699 suscep?ssent
1146 664 1359 699 suscepturique
1377 670 1478 692 essent.
1500 675 1508 690 ι
1530 665 1558 692 ln
1582 665 1730 700 Evangelio

939 709 1000 736 Filii
1012 711 1080 744 ejus.
1095 719 1102 735 ι
1116 709 1198 736 Vides
1209 709 1281 745 quod
1299 710 1325 736 in
1344 710 1564 745 praecedentibus
1579 719 1640 737 cum
1656 710 1732 738 dicc-

939 761 1006 783 ret:
1035 766 1044 782 ‹
1065 757 1094 783 In
1119 757 1297 792 Evangelium
1322 756 1380 789 Dei,
1403 767 1412 782 ι
1441 757 1541 784 dixerit
1566 756 1732 784 Christum?

943 813 951 828 ι
967 803 1046 836 Quod
1064 803 1264 835 indesinenter,
1285 813 1294 829 ι
1313 808 1368 831 etc.
1385 803 1505 831 Sincera:
1519 803 1662 831 charitatis
1677 809 1730 835 est,

938 856 966 876 et
981 850 1148 877 mentionem
1167 849 1268 882 facere,
1284 855 1312 877 et
1328 858 1437 885 semper
1455 850 1506 876 hoc
1523 850 1613 877 facere
1625 871 1631 882 ,
1650 849 1733 884 idque

89 892 174 918 τοῦτο
190 892 294 926 πρᾶξαι
320 892 370 917 οὐκ
394 890 529 917 ἐϐούλετο.
543 890 579 916 Τὸ
595 889 634 923 δὲ,
657 889 708 926 ἤδη
729 889 805 922 ποτὲ,
827 889 884 916 ἀντὶ

973 896 1056 922 nime
1078 896 1104 922 in
1124 896 1342 931 precationibus.
1365 906 1373 922 ι
1391 896 1480 924 Oraus
1496 896 1517 924 si
1534 904 1588 931 quo
1611 895 1703 923 modo.
1719 904 1728 921 ι

89 937 161 972 τοῦ,
190 938 240 972 ὀψέ
258 947 334 964 ποτε.
348 938 436 973 Ὅπερ
472 937 532 963 ἐστὶ
563 936 668 973 σφόδρα
693 937 884 972 ἐπειγομένου.

92 993 103 1010 ι
121 984 351 1020 Εὺωδωθήσομαι.
370 995 380 1010 ι
401 983 544 1018 Εύκολίαν,
561 984 637 1019 φησι,
658 983 763 1019 σχοίην,
779 984 825 1011 καὶ
838 983 885 1011 ἐπὶ

90 1030 169 1064 καλῷ
185 1030 233 1066 τὴν
250 1031 318 1066 πρὸς
334 1031 405 1065 ὑμᾶς
423 1031 490 1058 ὀδόν.

938 941 1047 968 Etenim
1064 941 1201 976 prolicisci
1220 941 1396 976 properabat,
1412 946 1438 968 et
1459 946 1559 976 prmter
1576 941 1624 969 Dei
1639 941 1734 968 volun-

940 992 1024 1016 tatem
1044 988 1070 1015 id
1087 989 1179 1016 l'acere
1201 988 1323 1016 nolebat.
1347 987 1416 1016 Illud
1434 996 1510 1021 vero,
1530 988 1590 1016 Jam
1609 987 1732 1018 tandem.

938 1032 991 1060 hoc
1010 1037 1053 1061 est
1070 1041 1133 1061 sero
1174 1033 1299 1066 tandem,
1316 1033 1496 1061 vehementer
1518 1033 1691 1068 properantis
1705 1040 1735 1068 et

89 1078 215 1112 optantis
235 1082 287 1104 est.
310 1087 319 1103 ι
339 1078 507 1112 Prosperum
532 1077 600 1104 mihi
625 1077 768 1113 contingat
790 1077 853 1105 iter.
874 1088 882 1103 ι
906 1079 1088 1115 Facilitatem,
1102 1081 1202 1117 inquit,
1219 1081 1348 1114 habeam,
1364 1084 1392 1108 et
1406 1080 1440 1108 ad
1471 1080 1553 1108 tinem
1586 1080 1735 1108 honestum

89 1125 147 1152 iter
165 1124 198 1151 ad
214 1132 273 1152 vos.

133 1173 283 1200 Ἐπιποοῶ
302 1174 357 1208 γὰρ
381 1173 456 1202 ἰδεῖν
469 1173 557 1209 ὑμᾶς,
573 1174 623 1202 ἵνα
635 1184 662 1202 τι
672 1174 790 1210 μεταδῶ
797 1175 881 1210 χάρι-

89 1227 156 1254 qua
172 1220 242 1255 ὑμῖν
249 1220 464 1255 πνευματικὸν,
480 1222 524 1254 είς
534 1221 567 1248 τὸ
583 1221 781 1256 στηριχθῆναι
794 1221 886 1256 ὑμᾶς·

89 1267 182 1294 τοῦτο
209 1267 243 1293 δέ
265 1267 343 1298 ἐστι,
368 1267 664 1302 συμπαρακληθῆναι
690 1268 727 1294 ἐν
752 1268 823 1303 ὑμῖν
839 1268 888 1295 διὰ

89 1313 150 1348 τῆς
173 1314 209 1340 ἐν
230 1314 377 1347 ἀλλήλοις
413 1313 554 1346 πίστεως,
587 1312 671 1348 ὑμῶν
689 1322 721 1340 τε
739 1313 787 1341 καὶ
802 1313 886 1349 ἐμοῦ.

128 1359 185 1394 Οὐχ
201 1359 295 1391 ἁπλῶς
305 1360 344 1392 δὲ,
355 1359 434 1395 φησὶ,
448 1359 495 1386 καὶ
504 1360 639 1395 ἁνονήτως
651 1360 714 1386 ίδεζν
725 1360 796 1394 ὑμᾶς
807 1369 888 1387 σπου-

90 1404 177 1438 δάζω,
189 1405 247 1431 ἀλλ’
265 1404 335 1431 ὥστε
351 1406 476 1441 χάρισμα
493 1404 666 1441 μεταδοῦναι.
680 1405 763 1439 Λέγει
783 1405 811 1431 δὲ
836 1405 885 1440 τὴν

90 1450 204 1486 διδαχὴν
219 1451 265 1477 καὶ
282 1452 331 1487 τὴν
347 1453 512 1487 κατήχησιν·
525 1451 612 1478 Τοῦτο
624 1452 677 1486 γάρ
691 1452 721 1478 τδ
739 1451 886 1488 στηΡιΧΟῨΓ

90 1506 150 1530 ναι,
163 1498 200 1529 ὡς
217 1498 301 1531 εἰκὸς,
310 1499 403 1534 ἀκμὴν
414 1498 604 1533 σαλευομένων
618 1497 718 1525 αὐτῶν.
734 1498 770 1524 Τὸ
779 1499 807 1525 δὲ
817 1508 826 1524 ι
844 1499 887 1524 ἵνα

90 1551 129 1575 τι,
145 1552 156 1569 ι
178 1544 367 1579 μετριάζοντός
380 1545 465 1577 ἐστιν,
476 1543 543 1570 ὡσεὶ
558 1541 646 1577 εἶπεν,
661 1543 718 1571 Ίνα
735 1544 833 1579 μικρόν
848 1552 885 1570 τι.
902 1561 924 1591 C

93 1589 132 1616 Τὸ
147 1589 176 1615 δὲ
194 1599 203 1615 ι
220 1590 336 1617 Μεταδῶ
353 1599 362 1616 ι
380 1590 465 1625 δηλοῖ,
476 1591 517 1617 ὅτι
534 1590 592 1617 Οὐκ
607 1590 674 1625 ἐμόν
688 1598 714 1616 τι
728 1590 818 1623 δώσω,
831 1589 888 1616 ἀλλ’

92 1642 165 1669 ὅπερ
179 1635 226 1661 καὶ
240 1635 296 1668 ἐγὼ
309 1635 414 1662 ἔλαϐον.
435 1644 444 1661 ι
465 1636 511 1667 Εἰς
530 1635 561 1662 τὸ
576 1635 756 1670 στηριχθῆναι
776 1636 859 1671 ὑμᾶς.
875 1645 885 1661 ι

92 1679 134 1707 Οὐ
151 1680 205 1715 γὰρ
233 1681 331 1716 μικρὸν
351 1681 484 1716 χάρισμα,
502 1681 532 1707 τδ
555 1681 594 1716 μὴ
617 1680 779 1708 σαλεύεσθαι
793 1683 826 1718 τῇ
843 1683 888 1709 πί-

93 1735 165 1753 στει.
200 1736 209 1752 (
237 1727 521 1762 Συμπαρακληθῆναι.
555 1736 564 1753 ›
597 1727 706 1762 Ἐπειδὴ
737 1729 889 1764 στηριγμοῦ

93 1772 231 1808 ἐμνήσθη,
251 1774 293 1799 ῖνα
311 1774 348 1809 μὴ
363 1773 473 1810 λυπήσῃ
489 1773 586 1805 αὐτοὺς
607 1774 644 1805 ὡς
663 1774 702 1800 ὅτι
717 1774 888 1808 σαλεύονται,

93 1820 196 1854 ἐπάγει
221 1819 262 1846 τὸ⁶
279 1829 288 1845 ‹
303 1819 588 1855 Συμπαρακληοῆναι,
606 1829 615 1845 ι
633 1820 772 1847 τουτέστιν
788 1821 831 1847 ἵνα
842 1822 890 1848 καὶ

94 1867 152 1902 ὲγὼ
166 1867 249 1902 ὑμᾶς,
262 1866 310 1893 καὶ
342 1866 421 1901 ὑμεῖς
445 1867 494 1901 ἐμὲ
520 1866 744 1902 παρακαλέσητε.
763 1867 818 1901 Τῆς
835 1867 890 1903 γὰρ

93 1913 229 1947 ἀλλήλων,
243 1913 321 1949 φησὶ,
338 1912 454 1947 δεόμεθα
470 1913 681 1948 παρακλήσεως,
693 1913 736 1939 διὰ
748 1912 798 1950 τῆς
813 1913 890 1940 ἑνού-

94 1967 146 1995 σης
162 1960 227 1994 ἡμῖν
243 1959 373 1990 πίστεως.
386 1959 492 1994 Σφόδρα
505 1959 533 1985 δὲ
551 1959 703 1994 μετριάζει.
723 1959 783 1985 Ἔνι
795 1959 824 1986 δὲ
845 1960 891 1986 καὶ

93 2006 183 2037 οὕτως
198 2006 293 2042 νοῆσαι
304 2005 354 2041 τὴν
369 2006 554 2041 παράκλησιν,
566 2005 636 2038 Ἵνα,
649 2006 743 2041 φησὶν,
752 2006 830 2040 ὑμεῖς
839 2006 891 2041 μὲν

93 2055 163 2090 παρ’
183 2053 250 2089 ὲμοῦ
263 2054 301 2085 εὶς
315 2055 364 2089 τὴν
379 2055 472 2080 πίστιν
498 2053 708 2088 παρικληθῆτε,
734 2053 790 2087 ἐγὼ
807 2053 836 2079 δὲ
850 2054 890 2084 εἰς

94 2101 279 2137 εὐφροσύνην,
291 2101 360 2136 ὀρῶν
373 2102 444 2136 ὑμᾶς
462 2101 729 2132 πεπιστευκότας.ΊΙ
742 2100 839 2132 οὕτως·
854 2100 891 2126 Τὸ

96 2147 261 2183 μεταδοῦναι
274 2148 337 2183 ὑμῖν
352 2148 485 2183 χάρισμα,
496 2147 545 2173 οὐκ
561 2147 635 2173 ἐστιν
644 2146 710 2182 ὲμὸν
725 2146 827 2182 μόνονῆ
842 2146 891 2181 τῆς

96 2193 168 2230 ἐμῆς
180 2196 367 2230 προαιρέσεως
378 2195 424 2221 καὶ
435 2194 584 2227 διακονίας,
602 2193 668 2220 ἀλλὰ
676 2193 765 2220 κοινὸν
782 2192 850 2228 ἐμοῦ
861 2201 890 2219 τε

970 1179 991 1209 ι.
1005 1179 1048 1212 Η,
1063 1179 1104 1207 l2.
1113 1179 1236 1206 Desidcro
1244 1180 1314 1206 enim
1323 1179 1409 1206 videre
1419 1186 1474 1210 eos,
1484 1176 1735 1212 utaliquidtradam

941 1226 1012 1253 vobis
1018 1227 1113 1261 gratia:
1120 1226 1281 1262 spiritantia,
1292 1226 1327 1252 ad
1335 1225 1547 1260 confirmandum
1557 1233 1601 1251 vos
1610 1232 1618 1251 :
1627 1224 1674 1250 hoc
1684 1227 1733 1256 est,

942 1275 971 1298 ut
993 1270 1076 1298 simul
1094 1270 1301 1297 consolationem
1318 1271 1448 1305 accipiam
1466 1271 1494 1297 in
1514 1269 1585 1297 vobis
1605 1278 1652 1305 per
1675 1277 1735 1296 mu-

942 1322 1016 1344 tuam
1029 1316 1109 1351 ﬁdem
1122 1321 1237 1344 vestram
1247 1315 1329 1343 simul
1342 1320 1366 1342 et
1387 1324 1482 1342 meam.

976 1363 1037 1390 Non
1053 1363 1170 1398 vulgari,
1191 1362 1291 1397 inquit,
1320 1361 1402 1389 modo
1410 1367 1438 1389 et
1453 1362 1514 1389 sine
1530 1361 1622 1388 {ructu
1639 1361 1735 1388 videro

940 1416 990 1436 vos
1012 1408 1105 1444 cupio,
1131 1407 1179 1436 sed
1205 1412 1234 1435 ut
1260 1407 1375 1443 gratiam
1402 1407 1520 1434 tradam.
1547 1407 1619 1434 Dicit
1640 1411 1734 1434 autem

941 1455 1094 1482 doctrinam
1108 1459 1136 1482 et
1147 1454 1360 1481 institutionem.
1369 1453 1437 1480 Nam
1447 1453 1499 1480 hoc
1509 1457 1551 1480 est
1563 1453 1734 1486 conﬁrmari,

943 1505 973 1527 ut
1003 1499 1152 1527 verisimile
1177 1499 1262 1527 fuerit
1283 1499 1357 1534 ipsos
1389 1499 1566 1526 vehementer
1587 1499 1733 1527 ﬂuctuare.

940 1546 1010 1573 illud
1022 1553 1089 1573 vero
1101 1565 1109 1577 ,
1124 1555 1133 1571 ι
1151 1550 1182 1573 ut
1198 1545 1315 1580 aliquid,
1338 1545 1476 1572 imodcsti
1489 1545 1574 1572 animi
1596 1549 1648 1578 cst,
1664 1553 1695 1572 ac
1710 1546 1734 1573 si

941 1591 1079 1619 dicat:Ut
1093 1590 1232 1618 modicum
1248 1590 1400 1625 quippiam.
1430 1590 1508 1623 Quod
1535 1594 1628 1617 autem
1657 1590 1735 1618 addit

942 1637 1059 1672 μεταδῶ,
1093 1646 1101 1662 ι
1121 1636 1251 1669 Tradam,
1270 1646 1278 1662 ι
1293 1636 1441 1672 signiﬁcat.
1455 1637 1529 1664 Nihil
1546 1637 1620 1672 quod
1640 1645 1733 1665 meum

940 1683 976 1710 sit
989 1683 1072 1716 dabo,
1091 1683 1139 1711 sed
1154 1683 1228 1718 quod
1252 1687 1343 1718 ctego
1362 1683 1467 1717 accepi.
1486 1693 1495 1708 ι
1514 1683 1554 1710 Ad
1569 1683 1734 1711 conﬁrman-

940 1729 1006 1756 dum
1022 1737 1079 1757 vos.
1102 1739 1112 1755 ι
1131 1729 1227 1764 Neque
1243 1729 1318 1757 enim
1346 1737 1462 1764 parvum
1484 1729 1588 1757 donum
1611 1734 1654 1757 est
1678 1738 1734 1763 non

940 1775 1074 1804 ﬂuctuare
1089 1776 1117 1803 in
1143 1775 1209 1803 ﬁde.
1229 1786 1238 1802 ι
1255 1776 1290 1804 Ut
1315 1776 1397 1803 simul
1416 1777 1635 1804 consolationem
1659 1777 1734 1804 acei-

940 1824 1024 1858 piam.
1049 1833 1057 1849 ›
1094 1824 1242 1859 Postquam
1276 1823 1494 1850 ronlirmationis
1529 1824 1666 1856 meminit,
1699 1833 1734 1851 ne

941 1871 1087 1898 contristet
1116 1879 1165 1898 eos
1188 1870 1266 1906 quasi
1293 1870 1429 1898 ﬂuctuare
1452 1870 1591 1903 dicantur,
1619 1871 1732 1898 subdit:

945 1927 953 1943 ι
970 1917 1005 1945 Ut
1019 1917 1100 1944 simul
1116 1917 1334 1944 consolationem
1351 1917 1495 1951 accipiam,
1510 1926 1519 1942 ι
1535 1917 1586 1944 hoc
1601 1922 1653 1949 est,
1667 1922 1736 1944 utet

941 1972 991 1998 ego
1009 1954 1067 1996 vos’,
1083 1967 1111 1990 et
1124 1971 1172 1990 vos
1188 1971 1231 1990 me
1248 1963 1449 1995 consolemini;
1464 1968 1560 1990 mutua
1578 1963 1652 1990 enim
1672 1971 1736 1999 ege-

942 2016 1003 2037 mus
1019 2009 1221 2042 consolatione,
1245 2017 1306 2044 qua:
1319 2010 1366 2036 ﬂat
1389 2017 1438 2044 per
1467 2009 1676 2036 inexsistentem
1706 2009 1734 2036 ia

941 2055 1023 2082 nubis
1040 2055 1133 2082 ﬁdem.
1154 2054 1278 2090 Magnam
1298 2058 1390 2081 autem
1412 2054 1536 2082 ostendit
1561 2054 1734 2082 modestiam.

942 2101 1037 2129 Potest
1049 2101 1101 2129 hoc
1125 2109 1237 2136 quoque
1252 2100 1335 2128 modo
1358 2101 1512 2128 consolatio
1526 2101 1584 2128 haec
1597 2101 1712 2136 intelligi
1728 2111 1735 2129 :

944 2147 980 2175 Ut
991 2147 1156 2183 vosquidem
1166 2155 1182 2174 a
1191 2155 1233 2174 me
1244 2147 1278 2174 ad
1287 2147 1368 2174 [idem
1381 2146 1571 2174 consolatione
1579 2147 1734 2180 ducamini,

942 2195 1025 2230 206
1038 2203 1089 2230 ego
1117 2202 1183 2222 vero
1197 2194 1231 2221 ad
1251 2194 1467 2221 oblectationem
1480 2193 1597 2226 alliciar,
1612 2202 1673 2221 cum
1688 2203 1737 2221 vos

96 2241 237 2276 καὶὺμῶν.
250 2241 306 2276 Τῆς
318 2240 455 2273 διακονίας
464 2241 514 2276 μὲν
525 2241 574 2275 τῆς
590 2240 668 2275 ἐμῆς,
682 2239 730 2274 τῆς
741 2239 769 2266 δὲ
787 2240 884 2275 ὑπουρ-

975 2241 1090 2269 edentes
1102 2241 1220 2268 videam.
1237 2240 1284 2268 Vel
1298 2240 1352 2266 ita:
1370 2239 1492 2266 Tradere
1517 2240 1595 2267 vobis
1621 2241 1737 2275 graliam

97 2287 160 2321 γὶας
170 2289 219 2321 τῆς
227 2287 372 2322 ὑμετέρας.
386 2287 440 2313 Καὶ
454 2286 515 2312 οὐδὲ
525 2286 586 2312 τότε
599 2285 702 2318 ἁπλῶς,
713 2285 780 2311 ἀλλὰ
791 2285 890 2320 διὰτῆς

97 2337 126 2361 ὲν
138 2334 263 2369 ἀλλήλοις
271 2335 396 2366 πίστεως.
405 2333 466 2365 Πῶς
478 2333 526 2359 καὶ
534 2333 595 2359 τίνα
609 2332 727 2367 "cp/moti;
745 2332 807 2358 Ἐὰν
815 2333 891 2358 αὐτοὶ

98 2382 191 2417 ἔχητε,
214 2383 290 2417 φησι,
312 2382 406 2408 πίστιν
422 2381 468 2408 τοῦ
487 2381 579 2407 λαϐεῖν
593 2380 624 2407 τὸ
640 2380 774 2416 χάρισμα,
789 2379 845 2415 ἐγώ
861 2388 891 2407 τε

98 2429 181 2456 πάλιν
208 2429 299 2456 πίστιν
318 2429 366 2456 τοῦ
391 2428 483 2455 δοῦναι
508 2429 583 2464 ὑμῖν.
603 2428 665 2454 Ἐὰν
691 2427 745 2463 γὰρ
769 2427 824 2461 ἐγὼ
842 2427 892 2462 μὲν

99 2477 194 2503 πίστιν
209 2476 263 2512 ἔχω
278 2475 325 2502 τοῦ
340 2476 444 2508 δοῦναι,
467 2476 514 2502 καὶ
528 2475 612 2501 πολὺν
625 2475 718 2509 ἀγῶνα
741 2475 788 2501 καὶ
807 2483 892 2501 σπου-

99 2523 158 2558 δὴν,
175 2523 254 2558 ὑμεῖς
263 2523 291 2550 δὲ
305 2523 356 2549 οὒκ
370 2522 452 2558 ἔχητε
466 2523 558 2548 πίστιν
572 2521 618 2548 τοῦ
638 2521 742 2553 λαϐεῖν,
758 2521 812 2547 οὐδ’
831 2522 893 2547 ἐπι-

99 2570 203 2605 ονμίαν
217 2569 264 2596 καὶ
277 2569 437 2604 ἐπιμέλειαν
449 2569 514 2603 περὶ
525 2568 555 2594 τὸ
574 2567 679 2599 λεῦεἰν,
695 2567 725 2592 οὐ
740 2567 890 2602 παραγίνε-

98 2625 143 2643 ται
159 2617 234 2651 ὑμῖν,
251 2616 303 2643 κᾶν
324 2617 379 2650 ἐγὼ
395 2615 545 2650 βούλωμαι,
560 2614 591 2641 τὸ
603 2615 726 2650 χάρισμα
735 2614 765 2640 τὸ
775 2622 894 2648 πνευμα-

99 2665 186 2690 τικόν.
202 2665 248 2689 Δεῖ
258 2662 305 2690 οὖν
321 2664 464 2698 ἀμφότερα
486 2662 660 2697 συνδραμεῖν,
677 2661 723 2686 καὶ
734 2660 763 2686 τὸ
773 2660 804 2692 ἐξ
815 2660 891 2695 ἐμοῦ,

100 2712 147 2737 καὶ
171 2711 202 2736 τὺ
230 2710 261 2741 ἐξ
285 2709 370 2744 ὑμῶν.
388 2709 455 2735 Τότε
475 2708 531 2743 γὰρ
548 2708 626 2734 αὐτοὶ
646 2707 737 2732 πίστιν
757 2706 831 2738 ἕξετε
847 2705 893 2732 τοῦ

99 2757 194 2783 λαξιεῖν
221 2757 268 2782 καὶ
294 2755 455 2790 ἐπιθυμίαν,
479 2756 522 2781 ὅτε
547 2754 639 2786 ἀξίους
666 2753 780 2782 ἑαυτοὺς
805 2760 893 2788 ’παρα-

100 2804 251 2830 σκευάσετε
273 2803 323 2836 τῆς
346 2802 451 2836 δωρεᾶς
482 2801 514 2827 δι’
533 2800 621 2836 ἔργων
638 2799 759 2834 ἀγαθῶν.
780 2799 894 2833 Λαμϐα-

100 2851 202 2877 νόντων
215 2849 243 2875 δὲ
258 2849 335 2884 ὑμῶν
351 2848 380 2874 τὸ
395 2849 529 2883 χάρισμα.
558 2847 637 2881 δῆλον
657 2848 698 2873 ὅτι
719 2845 895 2881 παρακαλού-

102 2897 173 2933 μεθα
199 2897 246 2923 καὶ
269 2894 471 2929 εὐφραινόμεθα
486 2895 513 2919 ἐν
540 2894 664 2928 ἀλλήλοις
674 2901 681 2908 ·
697 2892 786 2920 κοινὸν
801 2891 855 2928 γὰρ
866 2891 896 2918 τὸ

263 2944 400 2975 PATROL.
415 2945 473 2975 GR.
492 2942 632 2976 CXVII].

943 2295 997 2314 non
1012 2295 1104 2315 meum
1123 2287 1214 2314 solum
1227 2292 1270 2313 est
1287 2291 1414 2313 autmeae
1430 2286 1581 2314 voluntatis
1598 2295 1630 2314 ac
1655 2288 1738 2314 mini-

944 2334 1035 2366 stcrii,
1052 2333 1101 2361 sed
1117 2333 1185 2361 mihi
1205 2333 1340 2368 vobisque
1359 2340 1506 2360 commune
1526 2338 1584 2360 cst:
1605 2334 1658 2360 mei
1673 2335 1734 2368 qui~

944 2380 1006 2408 dem
1022 2379 1181 2411 ministerii,
1208 2379 1291 2406 vestri
1306 2382 1398 2405 autem
1423 2378 1555 2412 subsidii;
1574 2384 1601 2406 ct
1624 2387 1657 2406 ne
1673 2385 1738 2406 tunc

944 2425 1057 2460 quidem
1075 2432 1227 2459 utcunque,
1254 2424 1301 2451 sed
1328 2432 1376 2459 per
1403 2430 1526 2451 mutuam
1555 2425 1646 2451 iidem.
1677 2425 1738 2457 Quo

945 2471 1027 2498 modo
1041 2479 1106 2506 ergo
1123 2471 1150 2498 id
1164 2470 1230 2497 fiet?
1241 2470 1268 2498 Si
1286 2470 1459 2505 ipsi,inquit,
1475 2470 1553 2497 tidem
1572 2471 1632 2497 li..lu
1644 2471 1736 2497 :iilSad

944 2518 1135 2553 accipiendam
1148 2518 1276 2553 gratiam,
1294 2525 1345 2552 ego
1361 2525 1427 2544 vero
1444 2517 1524 2544 fidem
1552 2526 1662 2547 rursum
1689 2518 1738 2545 lia-

944 2565 1023 2592 beain
1040 2565 1074 2591 ad
1096 2565 1172 2592 illam
1191 2564 1272 2591 vobis
1284 2563 1457 2591 tradendam.
1475 2564 1541 2590 Nam
1558 2563 1580 2590 si
1597 2572 1648 2598 ego
1672 2564 1736 2597 qui-

944 2612 1006 2638 dem
1044 2610 1127 2638 ﬁdem
1165 2611 1280 2638 habeam
1315 2610 1349 2637 ad
1382 2610 1517 2641 dandum,
1551 2617 1736 2643 inagnmnque

945 2658 1067 2685 laborem
1085 2665 1118 2684 ac
1146 2657 1280 2689 studium,
1306 2665 1356 2684 vos
1379 2662 1471 2683 autem
1497 2664 1552 2683 non
1583 2655 1736 2682 habueritis

947 2705 1027 2732 fidem
1043 2705 1077 2731 ad
1094 2704 1304 2739 accipiendum:
1328 2712 1382 2730 non
1400 2703 1540 2737 continget
1556 2702 1635 2729 vobis
1650 2702 1737 2736 gratia

946 2750 1110 2786 spiritualis,
1125 2750 1210 2776 etiam
1224 2750 1244 2776 si
1255 2757 1306 2784 ego
1318 2749 1409 2775 velim.
1431 2748 1583 2782 Utrumque
1592 2754 1657 2781 ergo
1668 2753 1737 2773 con-

946 2805 1060 2824 currere
1077 2801 1196 2831 oportet,
1213 2795 1327 2830 etquod
1347 2802 1361 2821 ιι
1379 2803 1420 2820 me
1437 2793 1574 2827 praebetur
1589 2797 1617 2820 et
1632 2792 1705 2827 quod
1721 2800 1737 2820 a

946 2843 1036 2870 vobis.
1054 2843 1134 2869 Tunc
1156 2842 1229 2869 enim
1257 2841 1338 2868 iidem
1363 2847 1395 2866 ac
1415 2839 1584 2865 desiderium
1610 2839 1736 2873 accipere

948 2890 1086 2926 poteritis,
1102 2888 1213 2924 quando
1243 2887 1322 2914 bonis
1341 2885 1471 2921 operibus
1483 2885 1580 2920 dignos
1595 2885 1647 2912 hoc
1662 2884 1736 2912 dono

1511 2931 1543 2962 il
