1881 3051
150 133 201 167 335

684 130 895 162 '(ECUMENII
913 130 1059 162 TRICC/E
1079 132 1251 163 EPISCOPI

1732 136 1789 168 236

184 187 300 224 209'],
319 188 360 214 i7.
376 187 486 215 Iustitia
508 185 638 213 euim’Dei
649 187 676 212 in
690 187 745 221 ipso
761 185 895 212 revelatur
913 194 942 212 επ

1033 187 1212 221 Δικαιοσύνη
1233 188 1288 223 γὰρ
1303 188 1376 215 Θεοῦ
1393 189 1428 216 ἐν
1441 189 1521 222 αὐτῷ
1541 190 1788 218 ἀποκαλύπτεται

147 236 200 269 ﬁde
213 235 239 261 in
250 233 341 267 ﬁdem,
358 234 423 260 sicut
436 233 561 267 scriptum
573 235 609 257 est
622 239 630 257 :
645 230 735 258 Jusms
748 236 835 259 autem
847 240 879 258 ea:
892 231 944 265 [ide

147 279 225 306 vivet.

184 323 224 350 Nc
240 330 303 348 cum
334 321 452 348 salutem
469 327 500 347 ac
525 319 662 354 justitiam
689 319 779 350 audis,
809 326 870 346 eam
897 318 942 344 bic

150 370 239 397 solum
257 368 417 402 contingere
430 366 580 398 existimes,
596 366 704 393 subdit:
727 375 735 391 ι
751 365 910 397 Revelatur,
928 374 938 390 ι

150 415 224 451 quod
239 423 299 442 eam
315 413 451 448 signiﬁcat
466 421 526 448 qua:
538 412 620 439 estin
638 411 733 439 futuro
753 411 864 444 saeculo,
881 415 941 438 tam

149 469 231 496 quam
248 467 321 487 nunc
336 467 392 486 non
407 463 462 485 tota
488 458 662 485 manifestata
676 459 721 485 sit.
740 468 748 483 ι
769 457 798 484 ln
812 457 871 492 ipso
898 464 942 484 re-

148 509 265 536 velatur.
288 516 296 532 )
315 507 383 533 Puta
401 505 561 539 Evangelio.
578 503 645 531 Nam
659 504 718 535 Dei,
731 503 834 538 inquit,
858 502 941 539 justi-

149 554 187 580 tia
205 554 232 580 in
247 551 394 585 Evangelio
414 549 570 577 rcvciatur:
585 549 639 575 hoc
664 553 717 581 est,
736 547 826 575 omnis
852 548 943 575 virtus

149 608 198 635 per
221 597 398 632 Evangelium
427 595 582 630 perﬁcitur.
611 595 679 622 Nam
704 594 811 629 justitia
841 594 942 628 saepius

147 654 259 674 onmem
276 645 407 671 virtutem
423 641 579 677 signiﬁcare
594 642 675 668 solet.
693 640 837 673 Quomodo
848 643 941 667 autem

145 695 174 718 et
190 697 335 725 quousque
348 687 501 716 rcvclatur?
517 687 564 714 llis
578 685 625 721 qui
641 694 674 713 ex
688 685 742 712 ﬁde
756 685 790 712 ad
815 686 941 721 Evange-

146 737 215 764 lium
231 735 377 763 accedunt.
392 733 572 769 Evangelium
600 733 675 760 enim
691 732 823 759 virtutem
849 732 940 759 omni-

146 781 200 808 bus
217 780 360 815 praedicat,
375 785 526 813 omnesque
541 777 707 804 adhortatur
728 777 859 804 virtutem
883 784 942 804 am-

147 827 244 862 plecti.
261 826 319 853 Illis
332 829 425 852 autem
441 823 553 851 virtutis
567 822 805 858 pulchritudinem
817 821 938 854 revelat,

997 231 1030 258 ὲκ
1047 232 1177 264 πίστεως
1192 234 1237 266 εἰς
1261 234 1375 266 πίστιν,
1390 234 1487 267 καθὼς
1506 235 1668 270 τέτραπται
1678 244 1685 250 ·
1706 236 1739 263 '0
1754 236 1788 264 δὲ

996 277 1113 309 δίκαιος
1125 277 1160 304 ἐκ
1175 278 1304 311 πίστεως
1321 278 1452 309 ζήσεται.

1033 323 1093 350 Ἵνα
1109 323 1162 358 γὰρ
1181 324 1218 358 μὴ
1237 324 1374 359 σωτηρίαν
1397 325 1445 350 καὶ
1467 324 1643 360 δικαιοσύνην
1665 325 1786 358 ἀκοςων,

995 369 1113 396 ἐνταῦθα
1140 370 1220 404 μόνον
1245 370 1330 405 αὐτὴν
1351 370 1511 405 συμϐαίνειν
1534 371 1659 406 νομίσῃς,
1685 373 1788 407 ἐπάγει

994 416 1037 447 τὸ,
1058 426 1067 442 ι
1080 415 1314 448 ἀποκαλύπτεται,
1336 425 1346 442 ι
1368 417 1436 451 ὅπερ
1449 417 1499 451 τὴν
1513 417 1571 442 ἐκεῖ
1582 416 1667 452 δηλοῖ,
1684 417 1724 449 ὡς
1740 418 1788 445 νῦν

994 461 1081 496 αὐτῆς
1107 462 1145 497 μὴ
1162 463 1252 497 πάσης
1277 462 1520 497 πεφανερωμένης.
1539 471 1548 488 ι
1564 463 1608 489 Ἐν
1626 463 1701 498 αὐτῷ
1716 464 1789 490 ἀπο-

994 508 1172 535 καλύπτεται.
1188 517 1198 533 ›
1215 507 1260 543 Τῷ
1278 508 1437 543 Εὐαγγελίῳ
1461 508 1594 543 δηλονότι.
1621 509 1788 544 Δικαιοσύνη

993 555 1048 590 γὰρ
1061 554 1140 587 Θεοῦ,
1159 553 1256 588 φησὶν,
1281 556 1310 580 ἐν
1325 554 1364 589 τῷ
1377 554 1537 589 Εὑαγγελίῳ
1550 555 1787 583 ἀποκαλύπτεται.

994 600 1154 634 Τουτέστιν,
1173 600 1266 627 ἅπασα
1283 601 1299 635 ή
1321 600 1407 636 ἀρετὴ
1422 600 1466 627 διὰ
1490 601 1536 627 τοῦ
1556 601 1726 635 Εὐαγγελίου
1742 611 1789 628 τε-

993 646 1124 674 λειοῦται.
1161 646 1327 680 Δικαιοσύνη
1367 647 1422 682 γὰρ
1450 647 1582 679 πολλάκις
1614 647 1695 674 εἴωθε
1728 649 1787 674 πᾶ-

993 700 1043 718 σαν
1077 691 1167 727 λέγειν
1196 691 1246 727 τὴν
1274 691 1385 727 ἀρετήν.
1416 692 1477 725 Πῶς
1493 693 1520 719 δὲ
1545 693 1786 727 ἀποκαλύπτεται,

991 738 1039 765 καὶ
1052 738 1109 764 τίσι
1123 746 1130 770 ;
1143 738 1208 770 Τοῖς
1216 739 1249 765 ὲκ
1264 738 1383 770 πίστεως
1396 738 1434 774 τῷ
1449 738 1608 774 Εὐαγγελίῳ
1626 740 1786 773 προσιοῦσι.

992 784 1062 811 nam
1082 784 1131 818 μὲν
1147 785 1201 820 γὰρ
1225 784 1356 819 κηρύττει
1376 785 1424 820 τὴν
1441 785 1544 820 ἀρετὴν
1558 784 1588 811 τὸ
1605 785 1787 820 Εὑαγγέλιον,

992 831 1040 858 καὶ
1056 832 1124 858 πᾶσι
1139 833 1269 866 παραινεῖ
1284 832 1445 867 ἀντέχεσθαι
1463 833 1513 867 τῆς
1526 833 1636 868 ἀρετῆς.
1653 833 1788 865 Ἐκείνοις

147 872 264 907 ejusque
276 870 340 897 facit
366 874 514 900 amatores,
541 869 588 903 qui
613 876 661 903 per
678 868 759 895 ﬁdem
788 867 938 895 accedunt.

1034 876 1223 904 ἀποκαλύπτει
1239 878 1270 904 τὸ
1287 878 1386 910 κάλλος
1405 879 1454 914 τῆς
1474 879 1586 914 ἀρετῆς,
1604 879 1648 906 καὶ
1663 879 1788 912 ἐκείνους

148 917 220 951 Quid
238 917 323 952 ergo?
335 916 430 944 Cessat
441 915 530 942 virtus
546 914 592 942 ubi
609 915 672 949 quis
682 914 792 950 egregie
806 913 939 941 virtutem

148 969 292 992 assecutus
308 963 369 990 est?
385 963 583 997 Nequaquam:
603 962 670 996 quin
682 961 774 996 potius
803 961 831 988 in
848 960 940 995 perfe-

148 1011 222 1038 ctius
235 1017 267 1037 ac
280 1008 429 1037 sublimius
445 1007 541 1035 tendit.
557 1006 666 1034 Etenim
685 1006 773 1041 prima
783 1006 851 1033 ﬁdes
865 1012 941 1033 com-

149 1058 262 1093 punctio
278 1055 403 1091 quaedam
415 1059 475 1083 erat
490 1055 642 1089 animaeque
658 1053 859 1088 promptitudo.
876 1052 940 1085 Quae

148 1111 215 1132 vero
229 1111 291 1130 cum
304 1102 466 1137 operatione
478 1101 611 1128 virtutum
624 1104 739 1127 coaucta
766 1103 793 1126 et
818 1098 940 1133 perfecta

148 1149 217 1176 ﬁdes
232 1152 284 1180 est,
300 1146 474 1174 conﬁrmatio
497 1144 679 1172 immutabilis
703 1149 755 1176 est,
785 1143 940 1177 mentisque

148 1193 299 1222 ccrtitudo.
314 1193 348 1220 Et
370 1193 415 1219 illa
430 1191 543 1227 quidem
561 1190 675 1218 seminis
692 1189 825 1217 decisioni
842 1188 941 1215 similis

147 1245 200 1273 est,
215 1240 348 1267 virtutum
375 1243 469 1266 autem
500 1237 635 1272 operatio,
663 1235 886 1264 iructiﬁeatioui:
913 1238 941 1262 et

148 1287 195 1314 illa
209 1294 270 1321 qua:
283 1293 333 1320 per
351 1293 397 1312 eas
409 1284 553 1319 perﬁcitur
581 1283 660 1314 ﬁdes,
678 1281 802 1309 fruitioni
816 1288 848 1307 ac
874 1281 941 1308 bea-

150 1331 273 1358 titudini.
288 1330 327 1357 lla
339 1338 404 1364 ergo
414 1329 523 1364 justitia
540 1329 587 1355 Dei
601 1328 741 1355 revelatur
753 1327 780 1353 in
792 1326 941 1361 Evangelio

148 1386 183 1406 ex
203 1378 257 1405 ﬁde
270 1378 298 1405 in
313 1378 406 1405 ﬁdem.
423 1378 506 1404 Vocat
522 1382 613 1404 autem
626 1377 674 1404 Dci
689 1376 824 1412 justitiam
851 1375 941 1402 virtu-

150 1430 216 1457 tem,
234 1424 307 1459 quod
334 1425 457 1452 divinum
477 1423 606 1458 quiddam
635 1424 670 1451 sit
683 1423 781 1454 Virtus,
812 1422 941 1457 quodque

149 1472 242 1499 omnia
258 1471 329 1498 bona
342 1479 375 1497 ex
384 1471 438 1498 Deo
452 1470 517 1497 sint.
533 1479 541 1495 ι
558 1470 597 1496 Ex
608 1469 661 1497 ﬁde
676 1470 702 1496 in
718 1469 810 1496 ﬁdem.
827 1478 835 1494 ι
848 1469 871 1494 Α
888 1467 941 1494 ﬁde

148 1518 257 1554 incipit,
272 1523 299 1545 ct
319 1517 346 1544 in
372 1517 478 1544 ﬁdelem
502 1524 550 1544 seu
572 1516 731 1544 credentem
755 1515 866 1542 desinit.
892 1513 940 1541 Vel

147 1547 216 1601 quid
231 1570 259 1592 et
274 1564 301 1591 in
314 1564 367 1591 ﬁde
382 1563 478 1598 incipit
490 1568 517 1590 et
533 1564 561 1590 in
580 1562 660 1589 ﬁdem
679 1561 821 1589 terminari
841 1560 938 1587 debet:
955 1547 977 1577 ο

148 1611 225 1647 quod
245 1619 296 1638 nos
312 1618 367 1638 nou
382 1613 508 1645 oporteat
535 1613 636 1636 cuncta
653 1616 714 1643 quae
734 1608 761 1634 in
782 1615 816 1634 eo
835 1606 936 1634 baben-

150 1662 196 1685 tur
217 1657 326 1685 curiose
351 1655 481 1684 scrutari.
511 1655 566 1682 Aut
596 1656 648 1682 boc
673 1654 764 1681 modo:
795 1653 942 1688 Proplretis

150 1704 269 1731 credere
284 1707 404 1738 oportet,
423 1706 451 1729 et
465 1710 515 1737 per
529 1702 591 1728 illos
611 1701 644 1728 ad
664 1700 842 1735 Evangelium
860 1699 942 1726 iidem

150 1750 225 1777 duci.
243 1750 378 1777 Pneterea
395 1752 423 1776 et
438 1749 535 1776 aliter.
554 1748 605 1781 Qui
619 1747 730 1774 Christo
748 1746 865 1773 Domino
882 1753 941 1772 cre—

108 1831 112 1834 ,
151 1797 190 1824 dit
201 1800 230 1823 et
241 1796 370 1830 baptismi
383 1795 499 1830 gratiam
511 1793 643 1828 suscepit,
656 1800 706 1827 per
723 1792 781 1819 lucc
794 1791 941 1818 deducitur

151 1843 185 1870 ad
204 1842 373 1870 credendum
405 1841 495 1868 futura
519 1840 601 1872 bona,
619 1844 684 1874 puta
711 1837 941 1865 resurrectionem

151 1897 185 1917 ex
202 1889 330 1921 mortuis,
347 1888 432 1915 vitam
442 1892 587 1919 aeternam,
602 1891 773 1920 regnumque
797 1884 940 1912 cmlorum.

151 1934 271 1962 Credere
282 1934 357 1961 enim
372 1936 482 1967 oportet
496 1931 570 1966 quod
581 1931 708 1958 Christus
721 1933 848 1965 suscepta
859 1936 941 1956 carne

152 1982 179 2008 in
203 1985 275 2008 terra
291 1979 430 2015 apparuit,
445 1977 517 2013 quod
531 1977 696 2012 principium
712 1980 754 2004 est
767 1985 774 2003 ι
788 1979 817 2004 et
832 1983 941 2003 rursum

151 2027 223 2061 quod
234 2033 350 2061 regnum
361 2025 493 2051 ccelorum
505 2022 683 2050 credentibus
706 2023 734 2050 in
753 2022 941 2050 luereditatem

149 2072 290 2103 Succedet,
303 2069 376 2105 quod
389 2068 451 2095 ﬁnis
464 2072 506 2095 est
519 2067 592 2095 ﬁdei.
611 2068 692 2102 210
717 2068 764 2095 Vel
777 2068 830 2095 hoc
841 2067 940 2095 modo:

150 2118 244 2146 Judch
254 2115 365 2150 quidem
380 2121 413 2141 ex
429 2113 482 2140 ﬁde
496 2113 564 2148 legis
577 2113 604 2140 in
621 2113 713 2146 ﬁdem,
728 2120 789 2147 quae
798 2120 848 2147 per
860 2112 941 2140 Chri-

151 2167 224 2191 stum
244 2160 409 2188 est:Cracco
433 2166 498 2186 vero
513 2167 545 2186 ex
561 2159 614 2186 ﬁde
643 2159 762 2186 naturali
775 2158 803 2185 in
816 2158 941 2186 eamdem

993 924 1066 950 ποιεῖ
1083 923 1201 959 ἐραστὰς
1216 924 1313 959 αὐτῆς,
1331 925 1396 956 τοὺς
1420 925 1488 960 μετά
1517 925 1637 957 πίστεως
1656 926 1787 960 προσιόν-

992 980 1051 1003 τας.
1067 972 1100 998 Τί
1119 970 1184 1004 οὖν;
1202 971 1317 998 παύεται
1331 973 1350 1007 ἡ
1372 972 1464 1003 πίστις
1483 972 1534 1007 τῆς
1559 972 1661 1007 ἀρετῆς
1684 980 1788 1007 κατορ-

993 1017 1146 1053 θουμένης;
1170 1017 1320 1051 Οὺμενοῦν.
1339 1017 1421 1043 Ἀλλά
1441 1018 1489 1044 καὶ
1512 1018 1552 1049 είς
1567 1018 1597 1044 τὸ
1616 1017 1788 1052 τελειότερον

991 1063 1038 1089 καὶ
1053 1063 1220 1098 ὑψηλότερον
1235 1063 1369 1098 πρόεισιν.
1394 1063 1426 1089 Ἠ
1441 1063 1490 1098 μὲν
1506 1063 1559 1098 γὰρ
1575 1063 1672 1099 πρώτη
1693 1063 1788 1096 πίστις

993 1109 1138 1142 κατάνυξίς
1151 1118 1192 1140 τις
1204 1107 1236 1144 ἦν
1250 1109 1298 1136 καὶ
1313 1109 1454 1145 προθυμία
1465 1109 1564 1145 ψυχῆς.
1585 1109 1618 1136 Ἢ
1636 1110 1665 1136 δὲ
1677 1111 1711 1145 τῇ
1730 1110 1786 1136 τῶν

992 1154 1098 1190 ἀρετῶν
1125 1156 1243 1190 ἐργασίᾳ
1262 1156 1465 1190 συναυξηθείσα
1479 1156 1528 1182 καὶ
1545 1155 1720 1182 τελειωθεῖσι
1738 1156 1787 1182 πί-

993 1209 1061 1233 στις,
1073 1201 1219 1236 βεϐαίωσίς
1234 1203 1308 1228 ἐστιν
1321 1202 1523 1236 ἀμετάπειστος
1539 1201 1587 1228 καὶ
1598 1202 1786 1236 πληροφορία.

993 1247 1047 1273 Καὶ
1063 1247 1079 1282 ἡ
1096 1247 1145 1282 μὲν
1155 1247 1225 1273 ἔοικε
1239 1247 1377 1283 καταϐολῇ
1390 1247 1580 1282 σπέρματος,ὴ
1594 1247 1623 1273 δὲ
1641 1255 1786 1282 καρποφο-

994 1293 1049 1327 ρίᾳ,
1065 1294 1081 1328 ἡ
1095 1293 1148 1318 τῶν
1163 1293 1268 1328 ἀρετῶν
1282 1293 1410 1328 ἐργασία,
1428 1294 1444 1328 ὴ
1480 1294 1507 1320 δὲ
1523 1293 1556 1319 δι’
1571 1293 1660 1320 αὐτῶν
1674 1293 1787 1320 τελειω-

993 1339 1070 1365 θεῖσα
1085 1339 1186 1371 πίστις,
1205 1340 1359 1366 ἀπολαύσει
1376 1340 1423 1366 καὶ
1442 1339 1610 1375 εὐδαιμονίᾳ.
1631 1339 1725 1371 Οὕτως
1739 1339 1787 1366 οὖν

992 1386 1149 1422 δικαιοσύνη
1164 1386 1230 1413 Θεοῦ
1245 1387 1466 1414 ἀποκαλύπτεται
1485 1388 1514 1414 ἐν
1531 1387 1570 1422 τῷ
1584 1387 1744 1422 Εὑαγγελίῳ
1753 1387 1788 1414 ἐκ

993 1433 1112 1465 πίστεως
1130 1434 1170 1464 είς
1190 1433 1291 1460 πίστιν.
1308 1434 1395 1460 Καλεῖ
1408 1434 1436 1461 δὲ
1450 1433 1518 1460 Θεοῦ
1539 1433 1714 1469 δικαιοσύνην
1735 1434 1787 1468 τὴν

992 1478 1104 1514 ἀρετὴν,
1120 1479 1161 1505 ὅτι
1172 1479 1246 1505 Θείόν
1258 1479 1284 1506 τί
1298 1480 1371 1507 ἐστιν
1388 1481 1404 1514 ἡ
1417 1480 1514 1515 ἀρετὴ,
1526 1480 1574 1507 καὶ
1589 1480 1629 1506 ὅτι
1647 1480 1737 1507 πάντα
1751 1480 1788 1507 τὰ

993 1523 1083 1557 ἀγαθὰ
1106 1523 1137 1550 ἐκ
1163 1523 1242 1551 Θεοῦ.
1259 1533 1269 1549 ι
1283 1524 1332 1550 Ἐκ
1347 1525 1466 1556 πίστεως
1492 1525 1532 1556 είς
1561 1525 1664 1552 πίστιν.
1683 1533 1692 1550 ι
1716 1525 1787 1552 Ἀπὸ

994 1568 1112 1600 πίστεως
1134 1568 1259 1604 ἄρχεται,
1287 1571 1335 1596 καὶ
1352 1570 1392 1602 είς
1418 1571 1464 1597 τὸν
1486 1570 1670 1597 πιστεύσαντα
1692 1570 1786 1606 λήγει.

994 1615 1029 1641 ’Ἡ
1042 1616 1081 1642 ὅτι
1098 1617 1129 1641 ἐκ
1145 1615 1263 1647 πίστεώς
1276 1625 1305 1643 τε
1321 1617 1445 1652 ἄρχεται,
1463 1618 1509 1643 καὶ
1524 1617 1564 1648 είς
1577 1617 1669 1644 πίστιν
1682 1617 1788 1651 ὀφείλει

993 1661 1081 1696 λῆξαι.
1108 1662 1149 1693 Ὠς
1167 1662 1217 1688 οὐκ
1234 1662 1396 1695 ὀξειλόντων
1409 1663 1488 1698 ἡμῶν
1502 1663 1610 1690 ᾶπαντα
1621 1663 1654 1690 τά
1666 1665 1694 1689 ὲν
1710 1663 1788 1699 αὐτῷ

993 1707 1236 1743 περιεργάζεσθαι.
1255 1708 1289 1734 Ἦ
1305 1708 1401 1740 οὕτως·
1418 1709 1463 1735 Δεῖ
1484 1709 1629 1735 πιστεῦσαι
1642 1710 1698 1740 τοῖς
1718 1718 1789 1744 προ-

993 1755 1102 1788 φήταις,
1119 1755 1164 1780 καὶ
1182 1755 1215 1780 δι’
1228 1754 1342 1781 ἐκείνων
1359 1756 1400 1786 εἰς
1419 1755 1468 1790 τὴν
1487 1754 1534 1781 τοῦ
1555 1755 1723 1790 Εὐαγγελίου
1741 1755 1789 1782 πι-

994 1807 1052 1825 στιν
1072 1800 1268 1835 ποδηγηθῆναι.
1283 1801 1398 1832 Ἄλλως.
1417 1802 1446 1827 '0
1469 1801 1523 1836 γὰρ
1543 1801 1582 1835 τῷ
1599 1802 1724 1837 Δεσπότῃ
1741 1810 1788 1828 πι-

994 1845 1098 1872 στεύων
1122 1845 1252 1881 Χριστῷ,
1276 1847 1322 1873 καὶ
1349 1847 1396 1873 τοῦ
1425 1847 1612 1882 βαπτίσματος
1630 1847 1680 1881 τὴν
1705 1847 1787 1882 χάριν

993 1891 1151 1926 δεξάμενος,
1173 1891 1333 1927 ποδηγεῖται
1357 1892 1401 1919 διὰ
1416 1892 1519 1919 τούτων
1533 1893 1573 1923 είς
1593 1894 1623 1918 τὸ
1638 1893 1787 1920 πιστεῦσαι

993 1938 1049 1969 τοῖς
1071 1937 1215 1972 μέλλουσιν
1241 1938 1364 1972 ἀγαθοῖς,
1383 1939 1416 1974 τῇ
1443 1939 1475 1965 ἐκ
1501 1939 1606 1974 νεκρῶν
1624 1939 1786 1972 ἀναστάσει,

993 1984 1026 2018 τῇ
1046 1983 1148 2019 αἰωνίῳ
1162 1984 1231 2019 ζωῇ,
1250 1984 1297 2010 καὶ
1312 1986 1344 2020 τῇ
1366 1985 1492 2021 βασιλείᾳ
1513 1985 1567 2012 τῶν
1579 1986 1714 2021 οὐρανῶν.
1734 1986 1787 2012 Πι-

995 2028 1100 2055 στεύειν
1115 2029 1168 2064 γὰρ
1188 2029 1228 2055 δεῖ
1249 2030 1290 2056 ὅτι
1308 2028 1374 2061 Θεὸς
1397 2030 1486 2065 ἐφάνη
1506 2030 1552 2056 ἐπὶ
1564 2032 1616 2066 γῆς
1631 2030 1701 2065 μετὰ
1719 2039 1789 2066 σαρ-

994 2074 1051 2107 κὸς,
1065 2074 1133 2109 ὅπερ
1151 2075 1225 2102 ἐστὶν
1243 2075 1324 2111 ἀρχὴ,
1341 2077 1388 2103 καὶ
1411 2076 1491 2103 πάλιν
1512 2076 1553 2103 ὅτι
1572 2076 1650 2104 ἔσται
1668 2078 1726 2109 τοῖς
1741 2086 1788 2104 πι-

995 2120 1139 2147 στεύσασιν
1151 2122 1190 2153 εἰς
1204 2121 1304 2157 κλῆρον
1328 2123 1343 2157 ἡ
1358 2123 1482 2158 βασιλεία
1499 2122 1553 2150 τῶν
1565 2123 1699 2158 οὐρανῶν,
1715 2123 1787 2159 ὅπερ

994 2167 1052 2194 ἐστὶ
1072 2167 1188 2199 πίστεως
1199 2168 1284 2199 τέλος.
1306 2169 1341 2195 Ἢ
1352 2169 1449 2201 οὕτως.
1467 2168 1662 2205 [ἋΚΑΚΙΟΥ]
1672 2169 1717 2204 Τῷ
1734 2170 1787 2204 μὲν

149 2207 323 2238 JesuChristi
334 2207 425 2234 ﬁdem.
435 2217 444 2233 ι
458 2206 534 2233 Sicut
547 2206 679 2241 scriptum
688 2206 882 2234 est.»Neenim
897 2206 940 2234 in-

1033 2214 1122 2250 ηυδαίῳ
1146 2215 1178 2241 ἐκ
1202 2214 1253 2250 τῆς
1267 2214 1314 2241 τοῦ
1337 2215 1420 2250 νόμου
1445 2215 1574 2247 πίστεως,
1601 2215 1641 2246 είς
1667 2214 1717 2250 τὴν
1740 2215 1787 2242 διὰ

150 2255 283 2284 credibile
297 2254 434 2286 videatur,
447 2252 521 2288 quod
536 2253 603 2280 ﬁdes
619 2253 735 2280 salutem
746 2252 846 2280 datura
858 2252 894 2280 sit
908 2260 940 2281 ac

150 2301 299 2337 justitiam,
312 2307 409 2328 eorum
423 2307 484 2334 quae
510 2299 582 2326 dicta
594 2303 659 2326 sunt
676 2298 863 2326 testimonium
876 2307 941 2334 pro-

150 2347 227 2375 ducit
241 2355 273 2374 ae
286 2346 476 2381 probationem
489 2345 656 2376 evidentem,
685 2352 784 2380 nempe
799 2345 942 2380 propheti-

151 2399 214 2420 sum
238 2391 367 2418 Habacum
391 2390 514 2417 dictum:
546 2397 577 2417 ac
593 2389 615 2416 si
644 2389 766 2416 diceret:
785 2390 857 2418 Bene
884 2391 941 2418 dixi

151 2440 266 2474 probum
300 2438 390 2465 virum
418 2445 452 2464 ex
477 2436 532 2464 ﬁde
562 2436 589 2463 in
621 2435 700 2463 ﬁdem
730 2445 779 2472 per
811 2437 941 2464 virtutem

154 2485 309 2522 procedere.
326 2482 467 2517 Siquidem
491 2482 629 2516 llabacuc,
648 2483 747 2518 inquit,
770 2483 822 2510 hoc
833 2484 942 2511 ecelitus

152 2538 199 2567 per
217 2530 347 2566 spiritum
369 2529 479 2559 clamat.
505 2529 578 2564 quod
600 2529 683 2556 bonio
711 2530 815 2564 probus
841 2538 874 2557 ex
888 2530 941 2557 ﬁde

147 2578 228 2610 vivit,
247 2577 299 2604 hoc
312 2580 365 2608 est,
383 2583 492 2603 omnem
510 2584 587 2603 suam
601 2577 684 2604 vitam
699 2577 753 2604 ﬁde
780 2577 941 2611 productam

136 2625 243 2652 vllabct.
262 2624 310 2652 Vel
324 2623 409 2658 magis
424 2623 553 2658 proprie:
565 2623 644 2650 Justo
660 2631 723 2651 vera
740 2623 794 2650 vita
814 2627 856 2650 est
878 2631 941 2658 ger-

149 2671 256 2698 minare
284 2677 317 2697 ac
345 2669 513 2697 reviviscere
543 2670 572 2696 in
596 2669 769 2704 possessione
794 2670 939 2696 virtutum.

148 2718 253 2750 Justus,
271 2717 372 2752 inquit,
391 2716 447 2744 sive
461 2716 566 2750 probus
583 2716 665 2742 homo
677 2724 710 2743 ex
729 2715 780 2743 ﬁde
799 2716 872 2743 vivet
885 2717 940 2744 vita

148 2771 209 2798 qua:
238 2762 391 2791 secundum
421 2763 539 2789 virtutes
563 2767 616 2788 est.
649 2762 769 2788 l‘t-ursum
793 2762 865 2796 quod
890 2763 938 2795 ait,

151 2819 160 2834 ι
178 2810 275 2837 Justus
290 2817 323 2836 ex
340 2809 392 2835 ﬁde
409 2807 492 2840 vivet,
510 2817 519 2833 ι
539 2807 696 2842 appositum
718 2815 778 2835 esse
792 2812 881 2843 potest
904 2809 938 2837 ad

149 2855 176 2883 id
196 2855 270 2890 quod
282 2854 386 2881 dictum
401 2859 461 2881 est:
479 2863 488 2880 ι
509 2854 659 2881 Rcvclutur
675 2854 780 2889 justitia
797 2863 830 2882 ex
844 2855 906 2883 ﬁde.
925 2866 934 2883 ›

999 2259 1087 2295 Ἰησοῦ
1101 2261 1232 2296 Χριστοῦ,
1255 2261 1293 2296 τῷ
1310 2261 1338 2287 δέ
1354 2261 1475 2297 Ἕλληνι,
1490 2262 1520 2288 ἐκ
1537 2262 1588 2296 τῆς
1604 2261 1649 2287 τοῦ
1666 2262 1785 2295 φυσικοῦ

992 2307 1032 2338 εἰς
1046 2307 1094 2343 τὴν
1113 2307 1198 2342 αὐτὴν
1213 2307 1300 2342 Ἰησοῦ
1322 2308 1441 2342 Χριστοῦ
1461 2308 1564 2334 πίστιν.
1582 2317 1590 2333 ι
1618 2307 1718 2339 Καθὼς
1736 2308 1786 2342 γέ-

993 2360 1127 2386 γραπται,
1148 2361 1157 2377 ι
1188 2351 1248 2378 Ἴνα
1272 2351 1326 2387 γὰρ
1351 2353 1389 2388 μὴ
1413 2353 1476 2388 δόξῃ
1503 2353 1634 2380 ἀπίθανον
1656 2350 1728 2379 εἶναι
1755 2353 1787 2379 τὸ

995 2397 1081 2432 ῥῆμα,
1109 2397 1151 2423 ὅτι
1174 2397 1266 2428 πίστις
1297 2398 1434 2433 σωτηρίαν
1456 2399 1583 2434 δωρεῖται
1609 2399 1655 2425 καὶ
1679 2399 1787 2425 δικαιο.

995 2443 1089 2478 σύνην,
1109 2443 1263 2478 μαρτυρίαν
1280 2444 1398 2479 παράγει
1416 2444 1471 2471 τῶν
1486 2444 1639 2479 εἰρημένων
1657 2445 1702 2470 καὶ
1716 2445 1786 2470 ἀπό-

993 2489 1092 2521 δειξιν,
1117 2489 1166 2523 τὴν
1195 2489 1366 2525 προφητικὴν
1384 2490 1462 2525 ῥῆσιν
1487 2490 1536 2525 τὴν
1563 2489 1602 2524 τῷ
1624 2488 1785 2524 ’Λίὸακοὺμ

994 2535 1154 2570 εἰρημένην.
1171 2535 1297 2562 Τοιοῦτον
1314 2536 1342 2562 δέ
1370 2535 1396 2561 τί
1414 2544 1506 2571 φησιν·
1531 2536 1628 2567 Καλῶς
1645 2533 1721 2562 εἷπον
1739 2535 1784 2562 τὸν

994 2580 1137 2606 σπουδαῖον
1150 2581 1181 2606 ὲκ
1197 2579 1314 2612 πίστεως
1327 2581 1365 2612 εἰς
1379 2580 1472 2607 πίστιν
1485 2581 1608 2615 προϊέναι
1622 2580 1655 2606 δι’
1667 2579 1783 2615 ἀρετῆς.

994 2625 1050 2651 Καὶ
1062 2625 1116 2661 γὰρ
1128 2627 1142 2651 ὀ
1159 2625 1328 2661 ’Δϐδακοὺμ,
1346 2626 1440 2661 φησὶν,
1453 2626 1556 2652 ἄνωθεν
1574 2626 1652 2652 τοῦτο
1675 2625 1720 2651 διὰ
1733 2625 1783 2652 τοῦ

993 2672 1076 2698 αὑτοῦ
1097 2672 1253 2706 πνεύματος
1269 2672 1328 2708 βοᾷ,
1349 2673 1390 2699 ὅτι
1408 2672 1422 2698 ὁ
1435 2672 1576 2704 σπουδαῖος
1591 2672 1734 2706 ἄνθρωπος
1751 2673 1784 2699 ἐκ

994 2719 1111 2750 πίστεως
1123 2718 1166 2754 ζῇ,
1187 2719 1310 2745 τουτέστι
1326 2720 1415 2745 πᾶσαν
1430 2720 1479 2754 τὴν
1490 2719 1561 2754 ζωὴν
1579 2717 1660 2745 αὐτοῦ
1689 2718 1783 2745 πίστει

993 2766 1230 2799 παρατεινομένην
1259 2765 1325 2800 ἔχει.
1344 2766 1378 2791 Ἣ
1407 2766 1585 2800 οἰκειότερον·
1618 2765 1694 2791 Ἐπεὶ
1723 2764 1782 2799 ζωὴ

992 2810 1107 2844 ἀληθινὴ
1123 2810 1162 2845 τῷ
1185 2810 1282 2846 δικαίῳ
1306 2810 1337 2837 τὸ
1360 2811 1467 2838 θάλλειν
1493 2812 1541 2838 καὶ
1569 2811 1672 2846 ἁναζῇν
1701 2812 1732 2836 ἐν
1746 2812 1780 2846 τῇ

992 2857 1088 2892 κτήσει
1104 2857 1158 2884 τῶν
1175 2857 1290 2892 ἀρετῶν,
1306 2858 1319 2883 ὁ
1334 2857 1448 2892 δίκαιος,
1465 2857 1558 2893 φησιν,
1587 2857 1646 2891 ἤτοι
1666 2858 1679 2883 ὁ
1696 2865 1781 2884 σπου-
