1881 3051
106 190 157 222 337

647 192 839 224 COMMENT.
860 193 899 224 IN
919 194 1037 224 EPIST.
1051 194 1100 225 AD
1120 194 1210 225 R031.

1692 196 1746 226 338

106 246 190 277 δαῖος,
224 244 256 270 ἐκ
277 243 396 275 πίστεως
419 243 531 279 ζήσεται
554 243 602 280 τὴν
624 245 695 272 κατὰ
722 246 771 277 τὰς
797 246 847 280 ἀρε

997 246 1075 275 lhmc
1093 247 1205 282 quidem
1220 247 1257 275 ita
1272 247 1338 275 sint.
1363 248 1465 276 Verum
1485 249 1508 276 si
1531 249 1666 285 justitiam
1693 253 1739 280 Dei

105 292 188 327 ζωην.
215 291 270 317 Καὶ
292 291 333 326 εῐη
358 291 391 317 ἂν
407 291 448 317 τοι
468 301 477 316 ι
499 290 531 317 ’0
548 291 576 318 δὲ
595 291 700 324 δίκαιος
722 292 754 318 ἐκ
777 292 899 325 πίστεως

106 337 233 371 ζήσεται,
254 345 262 361 ι
282 336 538 362 κατασγευαστικὶν
556 336 615 368 τοῦ,
635 345 644 362 ‹
661 337 901 364 Ἀποκαλύπτεται

103 382 263 417 δικαιοσύνη
280 383 311 409 ἐκ
337 383 465 413 πίστεως.
482 392 490 408 ι
508 383 578 409 Ἀλλ’
593 382 664 409 οὓτω
689 383 738 418 μὲν
753 383 850 410 ταῦτα.
870 383 902 410 El

103 429 176 456 δὲτὸ
194 428 353 463 δικαιοσύνη
366 428 446 460 Θεοῦ,
461 429 523 464 οὐχὶ
547 428 596 463 τὴν
618 430 646 455 ὲν
666 428 804 464 ἀνθρώπῳ
825 427 902 463 παρὰ

103 475 170 502 Θεοῦ
190 475 335 510 διδομένην
353 475 464 501 ὲκλάόοι
483 484 534 507 τις,
551 475 608 502 ἀλλ’
627 475 775 510 ἐγγύτερον
790 475 839 510 τῆς
855 474 901 501 λέ-

104 522 172 554 ξεως
186 522 236 557 τὴν
249 522 364 548 ἐνοῦσαν
376 521 414 557 τῷ
428 521 498 556 Θεῷ,
515 521 561 548 καὶ
575 521 776 557 ἐνεργουμένην
790 521 838 548 ὑπ’
850 521 899 547 αὺ-

102 568 162 600 τοῦ,
176 568 298 595 τοιοῦτόν
313 568 375 595 τινὰ
393 576 439 603 μοι
452 568 527 594 δοκεῖ
547 567 748 594 ἀνακαλύπτειν
762 567 835 599 νοῦν,
858 567 900 594 ὅτι

108 615 125 650 ἡ
138 615 186 641 τοῦ
205 614 273 641 Θεοῦ
300 614 468 650 δικαιοσύνη,
484 614 517 649 ἣν
535 614 599 649 περὶ
615 614 688 649 ἡμᾶς
705 614 898 646 ἐπιδείκνυται,

103 660 201 695 φιλανθ
207 661 311 696 ρωπίας
323 660 378 695 ὅρῳ
388 660 435 687 καὶ
445 660 530 695 νόμῳ,
541 661 570 686 ὲν
582 659 621 694 τῷ
631 659 790 694 Εὑαγγελίῳ
816 659 898 686 αὐτοῦ

104 707 254 734 δείκνυται.
274 706 337 737 Πῶς
355 707 403 732 καὶ
421 707 481 732 τίνα
499 707 599 741 τρόπον
612 714 619 739 ;
633 706 694 732 Ὅτι
710 706 742 732 ἐκ
755 705 838 740 μόνης
856 706 900 732 πί-

104 761 192 784 στεως
214 753 289 787 ἡμᾶς
305 752 398 784 σώζει,
417 752 464 778 καὶ
477 751 664 786 νεκρωοέντας
680 752 731 787 ἢδη
761 751 896 784 ζωοποιεῖ,

105 799 145 834 μὴ
163 798 442 834 προεπιδειξαμένους
458 798 537 834 ἔργα.
553 798 608 824 Καὶ
624 797 704 825 τοῦτο
723 797 827 833 προῖὼν
853 797 898 824 καὶ

101 847 117 872 6
130 846 237 877 Παῦλος
252 845 454 880 ἐμφανέστερον
468 845 590 880 παριστᾷ
604 845 633 881 εν
646 841 686 875 οἷς
708 853 802 879 φησιν,
821 853 829 870 ι
843 844 898 870 Καὶ

101 892 262 918 δικαιοῦντα
281 892 327 918 τὸν
344 892 376 918 ὲκ
391 891 520 922 πίστεως.
538 900 548 917 ι
564 891 620 918 Καὶ
645 890 738 917 πάλινσ
756 899 765 916 ‹
781 890 897 916 Δικαιω-

954 296 1045 320 sumat
1061 293 1211 328 quispiam,
1229 300 1284 320 non
1300 301 1351 328 pro
1365 301 1399 321 ea
1413 302 1474 329 quae
1498 295 1604 323 homini
1630 296 1710 324 datur
1732 305 1747 324 a

953 338 1020 371 Deo,
1038 339 1097 371 sed,
1116 339 1189 374 quod
1207 339 1240 367 ad
1261 347 1356 367 vocem
1374 340 1488 375 propius
1505 341 1621 374 accedit,
1649 348 1700 376 pro
1717 349 1748 368 ea

957 393 1018 420 (μιω
1032 385 1059 412 in
1076 386 1133 413 Deo
1161 390 1214 419 est,
1241 394 1379 422 quamque
1404 387 1462 422 ipse
1489 391 1635 422 operatur:
1666 388 1747 414 talem

953 432 1100 467 quemdam
1124 440 1234 460 sensum
1251 433 1427 460 manifestare
1446 433 1513 460 mibi
1532 433 1653 466 videtur,
1673 434 1748 468 quod

952 477 1000 505 Dei
1014 478 1121 513 justilia
1139 486 1220 513 quam
1235 479 1307 506 circa
1326 487 1376 506 nos
1389 479 1515 512 exhibet,
1532 479 1652 506 termino
1672 479 1748 514 lege-

952 531 1007 559 que
1023 524 1204 560 benignitatis
1228 525 1254 552 in
1269 525 1328 560 eius
1350 525 1500 560 Evangelio
1529 525 1747 553 demonstratur.

951 569 1076 603 Qualiter
1099 574 1234 597 autemet
1255 570 1392 604 quomodo
1407 570 1433 597 id
1461 570 1598 598 efﬁcitur?
1619 570 1689 603 Quia
1714 578 1748 597 ex

951 616 1010 644 sola
1025 617 1078 643 ﬁde
1090 624 1142 644 nos
1155 616 1246 644 salvos
1259 616 1455 651 facit,jamque
1468 622 1593 644 mortuos
1611 616 1747 647 viviﬁcat,

950 670 1012 690 cum
1024 663 1101 697 prius
1114 670 1169 689 non
1183 661 1393 690 exbibuerimus
1408 670 1502 697 opera.
1518 663 1604 697 quue
1632 662 1749 689 manife-

951 709 1022 736 stius
1035 709 1062 735 in
1075 716 1221 744 progressu
1236 707 1519 735 demonstratPaulus
1533 717 1595 736 cum
1613 708 1666 736 ait:
1689 717 1698 734 ι
1716 709 1749 736 Et

947 755 1102 791 justiﬁcans
1134 755 1270 790 eum,qui
1294 760 1336 782 est
1364 763 1396 782 ex
1426 755 1488 782 ﬁde.
1509 765 1518 782 ι
1547 756 1747 790 Rursumque:

952 811 962 827 ‹
983 801 1130 829 Justiﬁcati
1148 802 1233 837 igitur
1243 809 1277 828 ex
1294 801 1358 829 ﬁde.
1376 811 1385 827 ι
1403 802 1434 828 Et
1452 801 1570 828 iterum:
1593 811 1601 827 ι
1620 801 1649 828 Si
1676 809 1744 828 con—

949 847 1038 874 fessus
1056 847 1142 875 fueris
1157 855 1205 874 ore
1222 851 1269 875 tuo
1282 846 1428 874 Dominum
1447 847 1540 874 Jesum
1552 866 1558 878 ,
1588 845 1688 873 deinde
1721 851 1749 872 et

949 893 1142 921 erediderisin
1170 894 1254 921 eorde
1278 899 1337 927 tuo,
1365 893 1458 922 salvus
1478 894 1544 921 eris.
1563 903 1573 920 ι
1603 892 1660 920 lloc
1682 901 1748 928 ergo

103 938 198 970 Θέντες
215 936 262 965 οὖν
282 939 315 965 ὲκ
329 938 460 970 πίστεως.
478 947 486 962 ι
506 937 561 964 Καὶ
578 937 676 964 πάλιν·
696 946 705 962 ι
723 936 788 962 Ἐὰν
803 936 845 971 ὁμι

1011 940 1128 975 justitire
1144 945 1186 968 est
1198 941 1347 968 humanam
1363 940 1563 976 benignitatem
1577 937 1747 970 excedentis.

102 987 194 1022 γήσῃς
214 987 243 1012 ὲν
258 985 297 1020 τῷ
319 985 434 1021 στόματί
456 993 504 1011 σου
520 985 623 1020 Κύριον
638 983 755 1020 Ἰησοῦν,
776 981 836 1010 εἶτα
851 983 899 1010 καὶ

103 1032 257 1068 πιστεύσῃς
282 1033 312 1058 ὲν
331 1033 364 1067 τῇ
388 1031 487 1067 καρδίᾳ
504 1040 561 1064 σου,
586 1030 706 1067 σωθήσῃ.
724 1039 733 1055 )
752 1030 837 1056 Τοῦτο
853 1027 900 1056 οὖν

101 1078 281 1112 δικαιοσύνης
296 1077 376 1110 Θεοῦ,
395 1077 514 1112 νικώσης
534 1077 741 1112 φιλανθρωπίαν
759 1075 899 1111 ἀνθρωπί-

101 1134 166 1160 νην,
191 1125 222 1151 τὸ
245 1126 278 1151 ἐκ
296 1125 380 1159 μόνης
399 1124 516 1156 πίστεως
535 1124 723 1159 νεκρωῦέντας
746 1123 820 1158 ἡμᾶς
837 1123 898 1153 ταῖς

102 1171 255 1206 ἁμαρτίαις
276 1170 326 1205 ἤδη
361 1170 500 1205 ἀνεγεῖραι
524 1171 573 1196 καὶ
591 1169 770 1204 ζωοποιῆσαι.
803 1169 851 1200 Ὠς
868 1177 897 1194 τε

100 1216 196 1248 καλῶς
215 1218 345 1252 προεῖπεν
360 1217 401 1243 ὅτι
421 1216 536 1251 δύναμις
553 1217 611 1242 ἐστι
628 1215 659 1242 τὺ
677 1214 843 1249 Εὑαγγέλιον
858 1216 898 1246 εἰς

103 1263 245 1298 σωτηρίαν
258 1263 296 1298 τῷ
310 1262 476 1289 πιστεύοντι.
491 1263 546 1290 Καὶ
565 1261 621 1298 γὰρ
642 1261 810 1296 δυναμοῦται
823 1262 837 1287 ό
853 1270 897 1288 πι-

102 1310 234 1343 στεύσας,
252 1309 296 1336 διὰ
314 1310 364 1344 τῆς
375 1310 404 1336 ὲν
419 1309 493 1342 αὐτῷ
514 1307 779 1343 ἀποκαλυπτομένης
795 1307 896 1334 δικαιο-

952 992 986 1012 ex
1014 986 1072 1012 sola
1091 986 1220 1013 videlicet
1247 986 1299 1014 ﬁde
1324 994 1375 1013 nos
1390 986 1512 1021 peccatis
1539 986 1596 1021 jam
1624 989 1749 1012 mortuos

953 1030 1092 1058 viviﬁcare
1111 1040 1142 1059 ac
1160 1033 1304 1060 suscitare.
1322 1033 1395 1060 Bene
1407 1033 1500 1068 itaque
1516 1033 1644 1068 praedixit
1673 1032 1748 1068 quod

954 1077 1137 1112 Evangelium
1151 1079 1276 1114 potentia
1293 1079 1330 1106 sit
1346 1078 1380 1106 ad
1397 1079 1514 1107 salutem
1525 1078 1660 1106 credenti.
1674 1078 1748 1105 Con-

950 1125 1076 1153 ﬁrmatur
1085 1134 1203 1160 namque
1213 1126 1291 1160 isqui
1305 1125 1425 1153 credidit
1436 1126 1640 1161 perjustitiam,
1653 1132 1712 1159 qum
1720 1124 1749 1151 in

945 1178 980 1198 eo
990 1171 1138 1198 revelatur.
1155 1172 1205 1198 Per
1213 1171 1357 1199 credentes
1369 1175 1460 1198 autem
1474 1171 1612 1198 revelatur
1622 1174 1649 1197 et
1662 1171 1748 1196 tuani‘

945 1215 1071 1244 festatur.
1087 1218 1187 1245 Verum
1197 1218 1229 1245 ad
1242 1218 1307 1252 quid
1320 1217 1484 1250 viviﬁcatur,
1495 1216 1647 1252 inquit,qui
1660 1215 1749 1244 credi-

945 1262 985 1290 dit
994 1264 1051 1291 lAd
1061 1264 1289 1299 perfectissimam
1300 1264 1381 1291 ﬁdem
1394 1269 1421 1291 et
1430 1264 1628 1292 immutabilem
1638 1263 1750 1290 habitus

945 1308 1147 1337 fortitudinem.
1164 1311 1229 1338 Nam
1243 1319 1276 1337 ex
1294 1310 1346 1338 ﬁde
1362 1310 1390 1338 in
1421 1310 1503 1338 ﬁdem
1526 1315 1569 1337 est
1585 1309 1746 1337 viviﬁcalio.

102 1356 199 1391 a-qug.
215 1358 265 1384 Διὰ
278 1357 306 1384 δὲ
321 1356 375 1383 τῶν
390 1355 584 1390 πιστευόντων,
606 1355 830 1382 ἀποκαλύπτεται
850 1355 898 1381 καὶ
919 1358 1097 1392 φανεροῦται,
1110 1359 1181 1384 Ἀλλ’
1194 1360 1234 1391 εἰς
1246 1359 1271 1386 τί
1289 1359 1474 1391 ζωοποιεῖται,
1490 1358 1583 1393 φησὶν,
1609 1358 1623 1383 ὁ
1640 1356 1750 1382 πιστεύ-

102 1412 172 1436 ca;;
188 1404 235 1435 Et;
273 1403 324 1439 τὴν
350 1402 524 1439 τελειοτάτην
547 1402 596 1429 καλ¹
625 1401 696 1429 κατὰ
736 1401 936 1436 ἀμετάσειστον
955 1401 1038 1435 ἕξεως
1063 1405 1139 1439 ἰσχὺν
1156 1405 1256 1432 πίστιν.
1285 1405 1334 1432 Ἕκ
1348 1405 1402 1440 γὰρ
1420 1405 1537 1436 πίστεως
1562 1404 1602 1436 εἰς
1623 1403 1714 1430 πίστιν
1733 1395 1750 1429 ἡ

103 1450 281 1487 ζωοποίησις.

140 1543 258 1570 Δυνατδιν
272 1542 300 1569 δὲ
315 1542 362 1569 καὶ
373 1542 460 1574 ἄλλως
472 1541 577 1576 νοῆσαι.
602 1542 633 1568 ΊΙ
646 1541 693 1567 τοῦ
709 1539 778 1567 Θεοῦ
792 1540 882 1566 δικαιο

1009 1544 1027 1578 ι
1035 1544 1056 1578 1
1066 1544 1215 1571 Possumus
1222 1546 1312 1570 autem
1324 1548 1350 1570 et
1362 1542 1415 1569 alio
1423 1541 1503 1568 modo
1516 1541 1680 1575 intelligere.
1703 1539 1751 1566 Ju-

105 1589 176 1624 σύνη
199 1589 244 1616 διὰ
272 1589 319 1616 τοῦ
335 1589 503 1623 Εὐαγγε).ίου
518 1587 752 1619 ἀποκαλύπτεται,
770 1588 810 1614 ὅτι
825 1587 896 1621 λαμ-

105 1637 197 1664 ϐάνων
212 1637 279 1672 παρ’
291 1636 370 1672 ἡμῶν
385 1637 474 1672 ἀρχὴν
487 1636 567 1672 μόνον
579 1637 625 1663 καὶ
643 1637 753 1672 σπέρμα
769 1635 898 1666 πίστεως,

106 1683 190 1715 αὐτος
207 1683 316 1715 abiit/5'.
334 1684 382 1709 καὶ
401 1682 510 1718 ὲδράζει
527 1683 573 1709 καὶ
596 1683 756 1709 τελειοποιεῖ
775 1683 850 1717 ἡμᾶς
862 1681 902 1713 εἰς

106 1730 196 1765 αὐτὴν
213 1729 326 1764 ταύτην.
352 1729 438 1755 Τοῦτο
463 1729 620 1763 δικαιοσύνη
635 1729 673 1760 ὡς
690 1728 798 1762 ἀληθῶς
821 1727 901 1760 Θεοῦ,

105 1777 136 1803 τὸ
168 1776 249 1811 μόνον
277 1775 406 1810 ἀφορμὴν
439 1775 627 1810 προαιρέσεως
657 1774 793 1805 λαϐόντα,
820 1774 901 1800 αὑτὸν

107 1822 261 1858 ἀπαρτίσαι
276 1824 306 1848 τὸ
323 1822 387 1848 πᾶν.
413 1821 553 1855 ’Λνωτέρω
565 1819 618 1854 γὰρ
631 1819 756 1853 λέγοντος
767 1820 813 1845 τοῦ
830 1819 902 1845 Παύ-

106 1869 164 1899 λου,
183 1869 223 1894 ὅτι
238 1878 246 1893 ι
267 1868 385 1902 Δύναμίς
403 1868 460 1893 ἐστι
489 1867 527 1902 τῷ
543 1866 696 1892 πιστεύοντι
712 1867 750 1893 ei:
765 1865 901 1900 σωτηρίαν

105 1916 137 1942 τὸ
164 1914 340 1948 Εὐαγγὲλιον,
372 1923 380 1938 )
410 1913 454 1939 ἵνα
490 1913 528 1948 μή
557 1921 600 1944 τις
627 1913 701 1948 εἴπῃ·
717 1912 772 1938 Καὶ
790 1911 846 1942 πῶς
861 1911 901 1937 ενι

106 1961 254 1988 πιστεῦσαι
284 1960 419 1987 ἀκούοντα
449 1959 576 1994 σταυρὸν,
607 1958 741 1985 ἀκούοντα
770 1957 899 1989 θάνατον,

106 2007 246 2033 ἀκούοντα
260 2005 351 2039 πάθῃ
378 2006 478 2040 ἐπάγει
501 2005 543 2037 τὺ,
574 2015 582 2031 ι
601 2005 766 2040 Δικαιοσύνη
790 2004 857 2031 Θεοῦ
875 2006 903 2031 ὲν

106 2051 184 2087 αὐτῷ
210 2052 444 2079 ἀποκαλύπτεται.
465 2061 474 2078 ›
499 2051 545 2087 Μὴ
566 2048 624 2084 οὖν,
644 2052 722 2087 φησι,
737 2051 823 2078 ταῦτα
840 2059 904 2086 προς

106 2098 235 2133 φασίζου.
256 2098 319 2124 Ἐὰν
334 2098 388 2133 γὰρ
406 2097 487 2133 μόνον
514 2097 683 2133 πωαιρεῦῇς
696 2117 704 2130 ,
726 2097 787 2124 τότε
801 2097 903 2131 μᾶλλον

106 2143 183 2177 ἔχεις
202 2142 341 2178 θαυμάσαι
358 2143 407 2178 τὴν
420 2142 467 2169 τοῦ
483 2143 549 2169 Θεοῦ
562 2143 626 2178 περὶ
639 2143 668 2169 σὲ
681 2142 844 2178 κηδεμονίαν
858 2142 905 2168 καὶ

107 2189 251 2224 πρόνοιαν,
267 2189 308 2216 ὅτι
323 2189 372 2225 τὴν
387 2189 443 2216 ἀπὸ
461 2188 575 2224 γνώμης
591 2188 682 2215 πίστιν
705 2187 807 2219 λαὸὼν,
823 2187 905 2219 αὐτός

108 2243 152 2262 σοι
167 2236 284 2271 χορηγεῖ
298 2235 347 2271 τὴν
362 2237 394 2262 ἐκ
407 2235 594 2271 πληροφορίας
615 2233 706 2261 πίστιν
721 2235 767 2260 καὶ
790 2233 905 2268 βεϐαιώ-

952 1590 1026 1618 slitia
1042 1590 1089 1616 Dei
1105 1598 1152 1624 per
1166 1589 1343 1624 Evangelium
1365 1588 1512 1616 revelatur.
1530 1588 1601 1614 Deus
1615 1587 1687 1613 eni-n
1703 1586 1750 1620 qui

955 1636 1044 1663 solum
1060 1635 1170 1662 initium
1192 1635 1277 1662 sumit
1292 1643 1307 1661 a
1324 1634 1404 1661 nobis
1428 1641 1579 1668 semenque
1598 1632 1673 1665 ﬁ-lei,
1692 1632 1751 1666 ipse

955 1688 1037 1718 auget
1053 1687 1080 1710 et
1097 1683 1209 1710 roborat
1225 1690 1257 1709 ac
1273 1681 1381 1716 perﬁcit
1395 1688 1444 1707 nos
1461 1679 1494 1706 ad
1512 1679 1598 1713 ipsam
1613 1677 1750 1705 eamdem.

955 1730 985 1757 ld
998 1738 1064 1758 vere
1077 1729 1186 1765 justitia
1204 1729 1251 1756 Dei
1270 1733 1324 1760 est,
1343 1727 1417 1763 quod
1444 1727 1502 1754 sola
1529 1724 1682 1752 voluntatis
1706 1731 1752 1750 oc-

955 1776 1065 1804 casione
1081 1784 1096 1802 a
1112 1775 1192 1803 nobis
1208 1779 1328 1810 sumpta,
1343 1774 1403 1809 ipso
1423 1777 1512 1800 totum
1529 1779 1598 1806 opus
1612 1771 1747 1799 absolvat.

955 1822 1098 1857 Siquidem
1110 1830 1172 1849 cum
1194 1821 1324 1856 superius
1352 1821 1466 1847 dixiSset
1492 1819 1594 1846 Paulus
1612 1827 1618 1844 :
1637 1827 1646 1843 ‹
1663 1817 1752 1844 Evan-

954 1869 1056 1903 gelium
1078 1868 1202 1903 potentia
1219 1867 1265 1894 Dei
1284 1871 1325 1894 cst
1339 1864 1507 1893 credentiad
1535 1864 1650 1890 salutent
1664 1883 1670 1893 ,
1690 1872 1697 1886 ι
1717 1870 1750 1888 ne

955 1915 1018 1950 quis
1034 1914 1130 1942 dicat:
1148 1914 1179 1940 Et
1207 1913 1347 1948 quomodo
1367 1916 1457 1946 [olt'st
1480 1911 1592 1937 credere
1612 1909 1658 1942 qui
1688 1916 1752 1935 cru-

955 1969 1015 1987 cem
1030 1960 1119 1992 audit,
1133 1960 1179 1995 qui
1196 1963 1312 1986 mortem
1345 1958 1433 1988 audit.
1449 1957 1494 1992 qui
1523 1955 1684 1983 alliietioues
1699 1962 1750 1980 au—

955 2005 1016 2032 dit?
1034 2005 1128 2032 subdit
1147 2013 1155 2031 :
1183 2004 1317 2032 «Justitia
1336 2003 1382 2030 Dci
1401 2003 1428 2030 in
1445 2010 1478 2030 eo
1504 2001 1653 2029 revelatur.
1673 2009 1682 2025 ι
1711 1999 1752 2026 Ne.

955 2059 1022 2086 ergo
1038 2055 1184 2086 prtetexas,
1201 2049 1303 2084 inquit,
1329 2048 1546 2076 excusatiOnem.
1563 2047 1629 2074 Nam
1645 2047 1666 2074 si
1680 2046 1752 2073 dun—

958 2102 1033 2126 taxat
1059 2096 1260 2133 proposueris,
1278 2101 1343 2123 tunc
1377 2095 1507 2122 admirari
1537 2094 1624 2128 magis
1650 2093 1754 2128 poteris

958 2143 1005 2170 Dei
1022 2151 1085 2178 erga
1102 2148 1127 2170 te
1141 2142 1370 2178 gubernationem
1384 2148 1415 2167 ac
1433 2139 1634 2174 providentiam
1657 2147 1663 2164 :
1679 2138 1753 2172 quod

958 2194 1067 2224 sumpta
1080 2189 1114 2216 ab
1131 2189 1225 2215 animo
1244 2188 1308 2218 ﬁde,
1327 2187 1384 2221 ipse
1402 2187 1451 2213 tibi
1463 2185 1618 2219 suppeditat
1633 2185 1750 2211 cerlitu-

959 2236 1032 2262 diuis
1044 2243 1075 2262 ac
1092 2233 1312 2262 conﬁrmationis
1329 2232 1422 2259 fidem.
1440 2231 1543 2258 Deinde
1560 2233 1597 2257 ne"
1611 2229 1754 2256 existimes

109 2290 190 2313 σεως.
206 2280 275 2307 Εἶτα
292 2281 336 2308 ἵνα
356 2281 393 2317 μὴ
411 2281 527 2317 νομίσῃς
552 2281 593 2307 ὃτι
619 2280 714 2308 καινόν
727 2289 753 2306 τι
768 2279 842 2314 λέγει

1005 2282 1032 2309 )d
1049 2289 1150 2308 nm'um
1166 2279 1269 2315 aliquid
1290 2279 1364 2306 dicat
1377 2283 1425 2305 aut
1448 2277 1615 2306 inauditum,
1631 2276 1747 2310 prophe-

109 2328 280 2363 πρόσφατον.
312 2330 356 2354 τὸν
387 2329 530 2364 προφήτην
553 2327 673 2363 παράγει
698 2326 836 2362 μάρτυρα.
865 2325 902 2351 Τδ

109 2374 178 2401 αὑτό
200 2373 244 2407 μοί
262 2382 327 2408 φησι
341 2373 387 2399 καὶ
403 2373 417 2398 ὁ
436 2373 578 2408 προφήτης
593 2371 754 2406 Ἀϐϐακοὺμ
769 2370 900 2402 ἑκπαλαι,

108 2422 151 2447 ὅτι
174 2421 190 2455 ἡ
211 2419 259 2446 τοῦ
275 2420 380 2446 δικαίου
407 2419 467 2454 ζωὴ·
495 2419 585 2445 πίστει
601 2418 839 2454 περιλαμὸάνεται
854 2418 903 2444 καὶ

109 2465 289 2500 περατοῦται,
316 2465 456 2501 ἀρχομένη
479 2465 527 2500 μὲν
547 2465 601 2491 ἀπὸ
619 2465 667 2498 τῆς
685 2464 756 2490 κατὰ
771 2464 902 2499 προαίρε-

110 2521 153 2538 σιν
175 2512 306 2544 πίστεως,
333 2511 508 2546 τελειουμένη
531 2511 559 2537 δὲ
579 2509 772 2546 καὶπροῖοῦσσ.
797 2511 837 2540 εἰς
853 2510 903 2543 τὴν

109 2558 182 2584 κατὰ
199 2558 275 2584 θείαν
290 2557 450 2592 συνέργειαν
463 2557 509 2583 καὶ
519 2555 690 2590 ἀποκάλυψιν
704 2556 806 2582 πίστιν.
824 2565 833 2580 ί
848 2555 905 2581 Διό-

110 2612 164 2639 περ
181 2604 224 2630 ἀεὶ
240 2605 254 2629 ὁ
275 2604 378 2635 δίκαιος
403 2604 434 2629 ὲκ
453 2603 571 2634 πίστεως
589 2602 632 2638 ζῇ.
661 2612 669 2627 ι
688 2601 725 2628 Τὺ
743 2601 770 2628 δὲ
790 2612 798 2626 ι
820 2602 901 2636 Ζήσε-

109 2658 168 2682 ται,
186 2659 195 2675 ι
213 2649 305 2680 καλῶς
329 2649 447 2683 εἴρηται.
473 2647 630 2678 Τουτέστιν,
650 2647 680 2672 '0
695 2646 800 2678 δίκαιος
820 2647 850 2672 οὐ
871 2646 904 2681 ζῇ

113 2697 164 2732 μὲν
180 2697 212 2722 ἐκ
230 2696 360 2725 πίστεως,
376 2694 496 2721 παύεται
509 2694 551 2725 δὲ,
568 2693 637 2721 ἀλλὰ
657 2693 804 2724 διαπαντὸς
822 2693 905 2726 ζήσε-

111 2751 158 2769 ται
177 2743 206 2768 ἐν
220 2742 288 2777 αὑτῇ
307 2740 469 2774 προκόπτων
492 2740 539 2766 καὶ
565 2739 771 2774 στηριζόμενος.
790 2739 905 2773 Ζήσεται

116 2789 158 2820 δὲ,
176 2786 248 2820 εἷπε,
267 2788 314 2814 καὶ
327 2788 378 2813 οὐκ
393 2787 457 2814 ἄλλο
479 2795 515 2817 τι,
532 2783 589 2812 οἷον
604 2786 754 2820 προκόπτει
774 2784 790 2818 ἢ
809 2784 905 2819 στηρὶ-

118 2836 194 2868 ζεται
205 2836 222 2870 ἢ
241 2835 304 2862 ἄλλο
321 2842 357 2865 τι,
371 2833 421 2868 τὴν
435 2832 651 2867 ὲπιτεταγμένην
668 2831 788 2858 διάθεσιν
805 2831 905 2866 δηλῶν,

114 2881 156 2908 tm
172 2880 233 2907 οὐδὲ
261 2881 310 2912 ζῖν
337 2879 493 2914 αἱρήσεται,
522 2877 577 2905 οὐδ’
601 2878 731 2904 ἀναπνεῖν
753 2877 836 2913 χωρὶς
863 2878 906 2903 πί-

116 2936 211 2959 cram;

959 2333 1012 2355 tam
1026 2328 1053 2355 in
1072 2332 1169 2354 testem
1186 2325 1326 2360 producit.
1355 2323 1513 2358 llocipsum
1526 2323 1582 2358 jam
1608 2322 1673 2348 olim
1690 2326 1753 2347 ante.

956 2382 1000 2402 me
1013 2373 1138 2409 pratdixit
1151 2377 1178 2400 et
1188 2372 1320 2407 propheta
1332 2371 1470 2402 Habacuc,
1484 2370 1555 2405 quod
1565 2372 1655 2405 justus
1669 2369 1751 2395 vitam

957 2419 1010 2446 ﬁde
1027 2418 1203 2453 amplectitur
1218 2425 1250 2444 ac
1267 2418 1405 2448 terminat,
1421 2415 1559 2449 inceptam
1576 2414 1687 2448 quidem
1704 2420 1752 2447 per

957 2467 1036 2493 fidem
1046 2473 1127 2500 quma
1136 2464 1277 2491 voluntate
1288 2467 1341 2495 est,
1351 2462 1524 2492 terminatam
1539 2468 1602 2487 vero
1611 2467 1642 2486 ac
1653 2466 1752 2498 proves

957 2513 1066 2540 dentem
1083 2512 1110 2539 in
1124 2511 1139 2538 fl
1149 2511 1214 2541 'em.
1231 2518 1290 2545 qua-
1305 2509 1468 2544 producitur
1482 2515 1496 2534 a
1509 2506 1602 2534 divina
1618 2513 1749 2540 coopera-

958 2558 1031 2585 lione
1047 2565 1078 2584 ac
1095 2557 1271 2583 revelatione.
1303 2565 1311 2579 ‹
1328 2554 1391 2581 ideo
1415 2561 1525 2587 semper
1542 2553 1632 2587 justus
1646 2559 1678 2576 ex
1696 2549 1749 2576 ﬁde.

957 2602 1035 2629 vivit.
1056 2611 1065 2627 ι
1085 2602 1156 2628 Bene
1171 2605 1261 2627 autent
1276 2599 1381 2626 dictum
1395 2602 1438 2624 est
1455 2609 1462 2622 ι
1483 2597 1570 2625 Vivet,
1590 2605 1599 2619 ι
1618 2596 1670 2621 boc
1685 2600 1723 2621 est
1740 2602 1747 2619 :

958 2649 1017 2676 Non
1034 2648 1070 2674 ita
1082 2647 1173 2682 justus
1189 2654 1221 2673 ex
1239 2645 1290 2672 ﬁde
1302 2644 1369 2671 vivit
1392 2648 1423 2670 ut
1449 2642 1557 2669 desinat
1575 2644 1621 2666 aut
1647 2641 1749 2669 cesset,

958 2695 1006 2722 sed
1024 2701 1133 2728 semper
1145 2693 1219 2720 vivet
1234 2691 1260 2718 in
1278 2699 1308 2717 ea
1324 2689 1473 2724 proficiens
1499 2695 1531 2714 ac
1558 2684 1748 2712 conﬁrmatus.

958 2743 1032 2770 Dixit
1046 2746 1136 2768 autem
1155 2750 1163 2766 ‹
1176 2740 1264 2771 Vivet,
1282 2749 1290 2762 ι
1306 2743 1334 2764 et
1350 2745 1404 2764 non
1414 2735 1488 2763 aliud
1502 2733 1654 2768 quidpiam,
1670 2736 1747 2766 puta,

960 2788 1068 2823 proficit
1084 2791 1130 2813 aut
1150 2785 1329 2813 conﬁrmatur
1362 2791 1411 2809 seu
1434 2780 1508 2808 aliud
1530 2777 1640 2814 quidvis
1658 2788 1664 2804 :
1680 2777 1747 2804 sutr-

959 2834 1047 2861 ditum
1064 2832 1223 2868 signiﬁcans
1247 2830 1375 2857 allectum
1388 2827 1465 2862 quasi
1482 2833 1571 2860 neque
1586 2824 1678 2852 vivere
1694 2823 1747 2851 eli-

959 2887 1012 2914 rat,
1029 2884 1075 2907 aut
1089 2879 1175 2913 possit,
1194 2877 1233 2903 vel
1248 2876 1380 2911 respirare
1397 2874 1455 2901 sine.
1471 2873 1532 2900 fide.
