1881 3051
130 142 182 173 343

674 143 870 172 (ECUMENII
889 143 1034 173 TliiCC.E
1052 143 1221 174 EPISCOPI

1699 145 1759 177 3M

128 201 202 228 sent,
231 204 281 224 sua
293 201 392 232 sponte
403 197 471 233 lapsi
489 200 562 224 Sunt.
578 196 625 224 Vel
638 204 699 224 cum
714 197 799 223 Deum
812 197 914 231 cogno-

1012 205 1058 224 ταν.
1074 198 1108 224 Ἢ
1127 198 1236 232 γνάντες
1258 197 1304 224 τὸν
1323 198 1398 231 Θιὺν,
1413 198 1535 226 τουτέστι
1551 199 1653 233 γνῶναι
1665 201 1758 237 δυνη-

129 245 244 276 vissent,
270 244 324 271 hoe
345 247 398 277 est,
424 250 590 278 cngnoscrre
618 242 784 277 potuissent.
806 243 862 269 Aut
880 249 914 268 co

128 290 202 326 quod
218 295 352 325 quantum
374 290 406 316 ad
425 292 600 324 conspectam
625 288 794 315 creationem
818 295 850 314 ac
865 288 914 314 ad-

129 337 315 364 hortationem
336 339 530 370 cognoverant,
552 339 579 362 et
598 338 710 369 peracta
734 337 794 361 erat
818 342 914 361 eorum

129 383 258 418 cognitio.
273 382 335 410 Sive
349 382 420 417 quod
435 382 517 409 etiam
533 382 617 408 Deum
633 385 916 416 cognoverantquan-

130 436 186 456 tum
200 429 361 456 hominibus
376 429 409 455 de
426 436 458 455 co
472 427 659 462 cognoscibile
673 432 725 454 est.
753 426 824 459 Quid
849 434 915 461 ergo

130 477 162 503 de
179 485 210 502 eo
231 476 415 510 (-ognoscibile
431 475 494 501 est?
520 474 598 507 Quod
624 473 738 500 Creator
771 473 816 504 sit,
841 471 915 507 quod

129 524 308 557 gubernator,
324 521 397 556 quod
413 521 514 552 bonus,
536 520 609 555 quod
625 520 769 549 Dominus,
785 518 916 553 quodque

128 576 190 593 eum
207 567 258 593 coli
276 569 403 601 oporteat
417 574 424 592 :
438 573 502 592 cum
519 565 577 592 haec
588 564 794 600 cognovissent,
807 568 835 591 et
851 563 916 591 bac-

130 617 211 640 tenus
228 613 296 639 bene
313 611 450 647 progressi
466 614 570 642 essent,
596 610 728 645 deinceps
738 610 829 636 aversi
839 613 914 637 sunt.

129 657 236 685 Etenim
252 665 314 684 cum
333 657 390 685 bmc
404 657 437 684 de
458 657 514 684 Deo
529 655 658 684 sublimia
683 655 915 687 considerassent,

128 702 304 736 postmodum
320 702 352 729 ad
369 702 455 729 Deum
469 710 522 729 non
544 706 731 732 accesserunt.
754 709 844 736 neque
876 701 917 728 sic

127 747 213 775 Deum
227 752 411 782 suscvperunt
435 751 483 775 aut
508 747 741 783 gloriﬁcaverunt.
760 746 828 774 Cum
842 746 916 774 enim

128 795 295 828 oportuisset
305 801 367 821 eum
381 793 534 829 glorificare
540 793 621 828 eique
629 792 732 828 gratias
742 800 832 828 agere,
842 792 915 827 quod

129 847 205 868 cum.
237 847 320 874 quem
345 839 535 873 conspicimus
557 837 701 868 mundum.
728 842 842 872 propter
866 845 918 864 nos

129 885 294 917 condiderit,
311 885 351 912 illi
372 893 387 913 e
407 885 517 912 diverso
534 885 617 911 etiam
633 883 800 912 contumelia
818 883 918 911 aﬂ'ece-
937 883 956 911 Β

130 937 205 959 runt.
235 931 340 958 Idcirco
370 931 444 963 vani,
473 931 573 966 inquit,
600 930 665 958 facti
693 933 842 961 sunt.eta
861 933 918 957 toto

129 985 212 1013 scopo
228 982 256 1005 et
271 978 412 1005 intellectu
426 977 601 1005 exciderunt.
619 976 716 1004 Utrum
726 977 799 1004 enim
810 976 918 1003 facilius

131 1028 191 1049 erat
207 1023 327 1050 circulos
340 1029 368 1050 et
381 1023 510 1049 animalia
520 1022 691 1049 constituere
707 1021 780 1049 idola
792 1022 819 1048 in
835 1023 916 1054 curio,

129 1077 162 1096 an
175 1077 340 1104 cognoscere
352 1069 424 1104 quod
432 1070 512 1104 hujus
529 1072 683 1104 conspecta
709 1073 738 1096 et
752 1073 918 1103 supernatu-

129 1116 194 1142 ral's
209 1115 423 1150 pulchritudinis
447 1115 583 1150 quispiam
599 1115 635 1142 sit
659 1114 794 1143 Conditor
814 1119 842 1142 et
856 1123 918 1149 pro-

129 1167 240 1188 curator
257 1170 289 1189 ae
310 1161 502 1197 gubernator?
516 1171 525 1187 ‹
538 1161 567 1188 In
582 1161 800 1197 cogitationibus
815 1161 882 1188 suis.
904 1171 913 1186 ι

969 243 1061 274 θέντες
1087 244 1166 279 εἰπερ
1191 243 1338 279 ἠθέλησαν.
1357 245 1392 271 Ἦ
1409 245 1450 271 ὃτι
1472 245 1533 272 ὅσον
1548 246 1603 272 ἀπὸ
1617 246 1670 280 τῆς
1685 247 1761 282 ὁρω-

969 289 1052 323 μένης
1067 289 1183 321 κτίσεως
1200 290 1247 316 καὶ
1262 290 1447 324 διδασκαλίας,
1464 291 1586 325 ἔγνωσαν
1601 292 1648 319 καὶ
1664 294 1762 328 ἀπήρ-

968 343 1045 361 τιστο
1058 336 1146 362 αὐτῶν
1159 336 1174 371 ὴ
1186 337 1294 370 γνῶσις.
1311 336 1344 363 Ἢ
1360 337 1399 363 ὃτι
1416 338 1463 364 καὶ
1479 337 1603 371 ἔγνωσαν
1615 338 1661 365 τὸν
1677 339 1759 367 θεὸν.

968 381 1028 408 καθ’
1048 382 1109 408 ὅσον
1131 383 1205 409 ἐστὶν
1221 382 1303 409 αὑτοῦ
1321 384 1376 415 τοῖς
1400 383 1555 419 ἀνθρώποις
1572 385 1702 418 γνωστόν.
1725 385 1760 411 Τί

967 428 1014 456 οὖν
1036 430 1096 455 ἐστι
1107 430 1137 455 τὺ
1149 430 1268 463 γνωστὸν
1284 429 1384 462 αὑτοῦ;
1404 430 1466 456 ’Ὁτι
1483 430 1691 465 δημιουργικὰς,
1715 431 1761 457 ὅτι

968 476 1146 511 προνοητιχὺς
1156 497 1163 509 ,
1178 476 1219 502 ὅτι
1237 476 1349 510 ἀγαθὸς,
1365 477 1406 502 ὅτι
1421 477 1561 512 Δεσπότης
1571 497 1577 508 ,
1595 478 1642 504 καὶ
1656 477 1698 504 ὅτι
1716 477 1762 503 δεῖ

969 521 1097 548 σέϐεσθαι
1115 521 1204 549 αὐτόν.
1228 521 1320 548 Ταῦτα
1335 523 1458 556 γνόντες,
1477 523 1525 549 καὶ
1549 522 1630 558 μέχρι
1659 522 1760 549 τούτου

967 569 1145 604 προελθόντες
1167 569 1270 603 καλῶς,
1289 569 1480 605 ἐξετράπησαν
1506 569 1553 596 τοῦ
1580 569 1687 597 λοιποῦ.
1715 569 1761 596 Τὰ

968 615 1022 650 γὰρ
1033 615 1123 649 ὑψηλὰ
1131 616 1217 642 ταῦτα
1227 617 1291 652 περὶ
1301 617 1368 644 Θεοῦ
1376 617 1583 652 φαντασθέντες,
1595 617 1694 652 ἐφεξῆς
1707 617 1760 652 οὐχ

967 660 1003 691 ὡς
1017 661 1153 696 προσῆκον
1161 662 1229 698 Θεῷ,
1247 663 1302 689 οὐδ’
1315 663 1352 694 ὡς
1369 663 1434 690 Θεδν
1450 663 1584 690 ὑπέλαϐον
1602 662 1650 689 καὶ
1660 661 1760 694 ἐδόξα-

969 715 1028 733 σαν.
1047 707 1118 733 Ἀνθ’
1132 705 1170 734 ὧν
1185 708 1238 744 γὰρ
1248 709 1301 736 ἔδει
1315 709 1425 741 δοξάσαι
1439 710 1486 736 καὶ
1496 709 1704 744 εὐχαριστῆσαι,
1716 709 1761 735 ὅτι

967 753 1013 779 τὴν
1026 752 1166 788 ὁρώμενον
1179 755 1281 789 κόσμον
1296 756 1331 782 δι’
1348 756 1422 790 ἡμᾶς
1440 756 1636 791 συνεστήσατο,
1660 756 1694 782 ὲκ
1710 755 1760 782 τοῦ

968 798 1089 824 ἐναντίου
1117 799 1164 826 καὶ
1180 800 1326 834 ἠτίμασαν.
1358 800 1584 836 Ἐπλανήθησαν,
1606 801 1685 836 φησὶ,
1711 801 1763 828 καὶ

967 843 1014 869 τοῦ
1036 843 1136 875 παντὸς
1163 844 1301 877 ἐξέπεσον.
1330 846 1409 872 Ποῖον
1432 846 1486 881 γὰρ
1514 844 1548 881 ἦν
1562 845 1762 880 εὐκολώτερον,

971 888 1087 921 κύκλους
1107 890 1155 917 καὶ
1176 890 1259 923 ζώδια
1285 892 1493 926 είδωλοποιῆσαι
1516 892 1545 918 ὲν
1561 891 1680 928 οὐρανῷ.
1694 891 1711 926 ἢ
1728 891 1762 917 τὸ

971 935 1072 969 γνῶναι
1090 936 1131 962 ὅτι
1160 937 1218 963 ἐστι
1232 937 1334 972 ταύτης
1356 939 1406 973 τῆς
1435 937 1580 973 ὁρωμένης
1603 937 1650 963 καὶ
1671 937 1762 972 ὑπερ-

972 981 1055 1016 φυοῦς
1071 982 1203 1018 καλλονῆς
1220 984 1391 1019 Δημιουργδς
1402 984 1450 1011 καὶ
1468 984 1596 1019 κηδεμὼν
1608 984 1656 1011 καὶ
1673 983 1763 1018 πηδα-

971 1025 1096 1061 λιοῦχος;
1121 1037 1130 1053 ι
1154 1028 1198 1054 Ἐν
1223 1030 1279 1060 τοῖς
1291 1029 1477 1065 διαλογισμοῖς
1501 1028 1601 1055 αὐτῶν.
1625 1038 1634 1054 ι
1665 1027 1764 1055 Εἰπὼν

971 1072 1013 1098 ὅτι
1036 1072 1146 1105 ἑκόντες
1165 1074 1371 1109 ὲτυφλώθησαν,
1400 1075 1474 1109 λέγει
1503 1074 1550 1101 καὶ
1579 1073 1630 1109 τὴν
1656 1073 1762 1100 αἰτίαν.

978 1117 1009 1143 Ἥ
1022 1117 1050 1144 δέ
1066 1120 1124 1145 ἐστι
1141 1119 1171 1146 τδ
1192 1119 1282 1147 πάντα
1311 1120 1451 1156 λογισμοῖς
1466 1119 1612 1155 ἐπιτρέψαι
1629 1119 1677 1146 καὶ
1698 1119 1762 1155 οὐχὶ

972 1163 1074 1192 πίστει.

127 1208 194 1236 Cum
211 1208 326 1236 dixissrt
342 1208 415 1244 quod
429 1207 491 1235 vani
516 1216 565 1236 seu
582 1207 647 1235 caeci
670 1207 734 1234 facti
755 1211 829 1239 sunt,
851 1207 919 1233 dicit
935 1209 1019 1237 etiam
1034 1218 1145 1240 causam
1160 1221 1168 1240 :
1188 1213 1246 1242 haec
1260 1219 1352 1242 autem
1372 1220 1423 1248 est,
1440 1214 1514 1250 quod
1555 1213 1649 1242 omnia
1686 1212 1767 1248 cogi.

129 1254 281 1282 rationibus
311 1262 360 1282 seu
386 1253 542 1281 rationibus
577 1253 784 1289 permitterent,
804 1257 833 1280 et
859 1260 913 1280 non
936 1253 1011 1283 ﬁdei.

165 1322 244 1358 215
258 1323 386 1350 Volentes
397 1323 471 1350 enim
485 1322 583 1349 formis
593 1329 657 1348 eum
671 1320 718 1356 qui
734 1320 820 1348 forma
833 1325 920 1352 caret.

129 1373 157 1395 et.
181 1367 320 1403 corporeis
334 1369 502 1403 imaginibus
519 1368 714 1402 incorporeum
736 1366 919 1401 comprehen-
937 1371 943 1374 ‘

129 1413 206 1443 dere.
221 1412 280 1440 falsi
300 1417 373 1446 sunt,
388 1421 442 1440 non
462 1415 592 1448 potentes
610 1410 828 1438 ratiocinationis
840 1410 920 1437 linem

130 1459 266 1495 attingere
284 1468 291 1486 :
306 1464 413 1494 utpote,
426 1459 506 1486 Unde
522 1457 699 1486 manifestum
713 1461 756 1484 est
779 1456 852 1492 quod
867 1464 923 1484 εω-

130 1507 186 1533 lum
200 1506 242 1533 rel
260 1511 360 1534 terram
385 1504 507 1532 fecerit?
527 1503 595 1536 Quis
611 1506 654 1530 est
670 1507 748 1537 pater
764 1501 811 1529 Dei
823 1502 834 1528 ?
845 1502 922 1535 Quod

130 1556 170 1580 est
185 1551 351 1587 principium
366 1551 538 1578 constituens
553 1548 721 1584 personam?
735 1552 784 1575 aut
795 1547 866 1581 Quid
883 1552 926 1575 est

131 1600 189 1634 ipsa
208 1600 347 1635 persona?
365 1608 374 1624 ι
395 1599 430 1625 Et
453 1596 666 1625 obtenebratum
678 1600 729 1622 est.
751 1604 760 1620 ›
778 1594 928 1629 Cogitatio-

1007 1325 1167 1361 Βουλόμενοι
1190 1326 1245 1362 γὰρ
1266 1327 1296 1354 ἐν
1326 1328 1448 1362 σχήματι
1468 1327 1514 1354 τὸν
1542 1326 1764 1362 ἀσχημάτιστον,

972 1373 1021 1399 καὶ
1043 1373 1072 1400 ἐν
1087 1373 1174 1400 εἰκόσι
1202 1375 1376 1408 σωματικαῖς
1402 1374 1448 1400 τὸν
1474 1373 1620 1408 ἀσώματον
1641 1372 1766 1399 καταλα-

972 1419 1041 1451 ϐεῖν,
1071 1419 1272 1454 ἐπλανήθησαν,
1302 1420 1333 1446 οὐ
1355 1419 1523 1455 δυνηθέντων
1546 1420 1600 1446 τῶν
1621 1418 1766 1453 λογισμῶν

974 1464 1042 1500 πρὸς
1055 1464 1085 1491 τὸ
1099 1464 1186 1499 πέρας
1202 1465 1350 1497 ἐξικέσθαι.
1367 1462 1442 1497 Οἶον,
1463 1464 1543 1490 πόθεν
1557 1463 1648 1497 δῆλον,
1662 1463 1704 1489 ὅτι
1718 1463 1767 1489 οὐ·

977 1512 1057 1547 ρανδν
1069 1511 1086 1546 ἣ
1102 1511 1153 1546 γῆν
1173 1511 1305 1545 Eminus;
1327 1510 1375 1542 Ti;
1391 1510 1419 1537 δὲ
1447 1509 1539 1544 πατὴρ
1556 1508 1642 1540 Θεοῦ;
1657 1508 1673 1542 ἢ
1689 1507 1730 1539 τίς
1746 1508 1765 1542 ἡ

977 1557 1051 1585 αἰτία
1065 1559 1115 1593 τῆς
1140 1557 1332 1590 ὑποστάσεως;
1358 1557 1375 1592 ἢ
1399 1556 1469 1591 αὑτὴ
1484 1556 1501 1591 ἡ
1517 1555 1686 1588 animum;
1707 1553 1766 1580 Νέ-

979 1612 1042 1638 φεσι
1073 1603 1128 1639 γὰρ
1157 1602 1338 1638 ὁμοιωθέντες
1353 1602 1378 1628 οἱ
1396 1601 1535 1636 λογισμοὶ,
1551 1601 1697 1627 ὲσκότισαν
1712 1599 1767 1626 αὺ-

131 1655 179 1674 nes
195 1647 222 1673 in
239 1646 350 1674 modum
365 1645 480 1672 nubium
501 1643 721 1671 obtenebrarum.
741 1649 788 1669 cor
803 1642 924 1668 illorum.

1012 1650 1083 1686 ιντὴν
1098 1650 1224 1686 καρδίαν,
1249 1659 1258 1676 ι
1275 1649 1417 1676 ’Δσύνετον
1429 1658 1438 1675 ι
1454 1648 1493 1680 δὲ,
1512 1647 1589 1682 φησὶ,
1609 1646 1654 1673 διὰ
1670 1646 1701 1672 τὸ
1725 1645 1768 1681 μὴ

130 1694 214 1721 Addit
230 1698 322 1720 autem
342 1702 350 1718 ι
377 1691 523 1725 lusipiens,
543 1700 551 1715 ι
580 1697 613 1717 eo
627 1688 702 1724 quod
722 1687 843 1715 noluerit
868 1694 924 1714 rem

131 1747 241 1768 omnem
260 1739 312 1766 ﬁde
335 1735 555 1773 apprehendere.
574 1745 583 1760 ι
599 1735 731 1766 Putanles
754 1740 783 1760 se
805 1740 865 1760 esse
882 1740 926 1760 sa-

131 1787 248 1822 pientes.
267 1795 276 1811 ›
299 1784 387 1812 Causa
397 1791 463 1811 vero
476 1782 550 1817 quod
565 1789 623 1810 rem
640 1788 751 1808 omnem
776 1779 925 1807 ratiocina-

131 1831 200 1859 ti0ni
226 1829 415 1866 permiserunt
441 1831 511 1859 erat,
543 1826 617 1862 quod
644 1829 774 1861 putarent
808 1832 836 1852 se
865 1832 926 1852 esse

131 1878 281 1913 sapientes,
297 1875 406 1909 sibique
421 1872 544 1901 sullicere
555 1874 589 1900 ad
606 1871 728 1901 universi
748 1871 926 1906 comprehen-

132 1924 251 1957 sionem;
274 1922 339 1950 Ideo
354 1919 437 1948 etiam
448 1919 525 1946 stulti
540 1918 605 1946 facti
619 1922 694 1949 sunt,
708 1917 779 1950 Quid
792 1916 866 1944 enim
877 1917 925 1944 de-

131 1970 252 1998 mentius
267 1973 309 1997 est
325 1974 407 2003 quam
421 1973 513 1994 coram
532 1964 615 2001 lignis
634 1972 666 1992 ac
685 1963 822 1999 lapidibus
834 1963 925 1998 proci-

133 2020 199 2046 dere
209 2017 220 2043 ‘2

168 2085 189 2117 l,
205 2083 249 2111 25.
267 2082 301 2110 Et
321 2083 490 2109 mutaverunt
509 2079 623 2115 gloriam
645 2077 851 2113 incorruptibilis
880 2077 927 2104 Dei

132 2131 160 2158 in
173 2128 374 2157 similitudinem
394 2127 520 2166 imaginis
551 2124 727 2160 corruptibilis
754 2124 877 2156 hominis,
903 2128 925 2150 et

133 2174 269 2201 volucrum
286 2171 538 2208 quadrupedumque
549 2177 580 2196 ac
594 2169 766 2203 serpentium.

169 2242 313 2270 llabebant
323 2247 389 2275 ergo
403 2239 449 2266 Dei
466 2238 601 2269 notitiam,
613 2244 709 2263 verum
723 2236 792 2263 hanc
808 2239 926 2271 transtu-

134 2291 227 2317 lcrunt
256 2288 284 2315 in
308 2286 424 2322 gloriam
446 2285 607 2318 cultumque
628 2282 775 2309 idolorum.
804 2281 924 2308 Gloriam

977 1694 1087 1729 θελῆσαι
1102 1694 1191 1720 πίστει
1207 1694 1238 1720 τὸ
1250 1694 1304 1720 πᾶν
1317 1692 1498 1729 παραλαϐεῖν.
1525 1700 1535 1717 ‹
1551 1691 1708 1721 Φάσκοντες
1725 1688 1768 1716 εἷ-

976 1750 1019 1768 ναι
1033 1740 1120 1774 σοφοί.
1135 1749 1144 1766 ι
1169 1740 1201 1766 'H
1216 1739 1245 1766 δὲ
1266 1738 1341 1765 αιτια
1360 1738 1407 1764 τοῦ
1420 1738 1449 1764 τὸ
1475 1738 1529 1764 πᾶν
1542 1738 1598 1768 τοῖς
1622 1735 1768 1770 λογισμοῖς

977 1786 1134 1822 ἐπιτρέψαι,
1146 1786 1176 1812 τὸ
1192 1786 1296 1812 οἴεσθαι
1321 1784 1420 1818 σοφοὺς
1433 1781 1504 1810 εἶναι
1529 1782 1576 1809 καὶ
1591 1783 1699 1813 ἑαυτοῖς
1715 1782 1768 1816 ἀρ-

977 1834 1035 1860 κεῖν
1051 1832 1120 1868 πρὸς
1136 1832 1226 1858 πᾶσαν
1242 1829 1406 1865 κατάληψιν.
1423 1828 1468 1854 Διδ
1482 1828 1530 1854 καὶ
1553 1826 1767 1862 ἐμωράνθησαν.

977 1879 1009 1905 Τί
1030 1879 1085 1913 γὰρ
1111 1877 1306 1912 ἀνοητότερον,
1331 1875 1378 1902 τοῦ
1401 1874 1485 1906 λίθοις
1508 1873 1557 1900 καὶ
1577 1872 1667 1905 ξύλοις
1680 1879 1769 1908 προσι

978 1934 1010 1951 κυ
1015 1926 1068 1952 νεῖν
1078 1933 1086 1957 ;

1012 2081 1067 2110 Καὶ
1080 2080 1220 2116 ἤλλαξαν
1239 2078 1295 2112 τὴν
1319 2077 1414 2110 δόξαν
1431 2076 1484 2104 τοῦ
1507 2074 1659 2110 ἀφθάρτου
1691 2071 1769 2100 Θεοῦ

976 2129 1012 2155 ἑν
1024 2126 1181 2162 ὁμοιώματι
1191 2125 1308 2156 εἰκόνος
1320 2121 1452 2158 φθαρτοῦ
1468 2120 1637 2156 ἀνθρώπου,
1653 2118 1703 2146 καὶ
1715 2126 1768 2145 πε-

977 2174 1083 2201 τεινῶν
1095 2173 1143 2199 καὶ
1159 2170 1348 2206 τετραπόδων
1358 2169 1406 2196 καὶ
1418 2167 1559 2202 ἑρπετῶν.

1013 2240 1094 2277 Εἶχον
1105 2239 1152 2268 οὖν
1165 2240 1214 2275 τὴν
1229 2239 1333 2273 εἴδησιν
1354 2236 1401 2262 τοῦ
1417 2235 1496 2267 Θεοῦ,
1509 2233 1578 2262 ἀλλὰ
1591 2232 1692 2267 ταύτην
1709 2232 1770 2259 δόν-

977 2299 1033 2322 τεξ,
1050 2287 1196 2315 ἁντέλαδον
1217 2285 1296 2318 δόξαν
1315 2284 1364 2311 καὶ
1391 2283 1473 2313 σέϐας
1497 2281 1626 2307 εἰδώλων.
1642 2279 1727 2311 Δόξαν
1740 2279 1770 2305 δὲ

133 2341 226 2363 autem
241 2334 289 2361 Dei
307 2332 384 2363 dicit,
397 2339 458 2358 esse
472 2330 633 2357 Creatorem
645 2336 677 2355 ac
692 2328 904 2362 gubernatorem
917 2336 923 2353 :

1015 2336 1056 2366 οὗ,
1071 2335 1102 2361 τὸ
1111 2331 1317 2368 δημιουργικὸν,
1333 2330 1363 2357 τδ
1378 2327 1568 2363 προνοητικόν.
1587 2325 1698 2359 Ταύτην
1709 2334 1770 2351 τοι-

134 2383 206 2409 hanc
227 2387 294 2415 ergo
315 2378 397 2406 idolis
418 2375 626 2410 adscripserunt
658 2374 685 2400 in
711 2373 924 2400 similitudinem

134 2427 291 2458 hominum,
308 2430 336 2452 et
354 2423 498 2451 volucrum
518 2429 550 2448 ac
569 2424 743 2447 cmterorum.
760 2420 854 2455 Neque
875 2419 926 2446 hos

135 2475 220 2510 pudet
243 2472 290 2507 qui
312 2479 342 2498 se
370 2469 512 2504 sapientes
538 2467 756 2498 arbitrabantur,
781 2474 842 2501 qua:
871 2466 926 2492 Deo

135 2520 246 2555 propria
270 2521 335 2545 sunt
356 2524 387 2543 ac
409 2514 546 2550 prtecipua
570 2512 747 2548 serpentibus
782 2511 925 2546 adaptarc.

139 2577 147 2590 ι
163 2562 361 2599 Corruptibilis
383 2560 513 2591 hominis.
529 2569 538 2584 ›
558 2559 616 2586 Hoc
638 2558 727 2593 ipsum
747 2556 820 2592 quod
845 2556 926 2583 homo

135 2610 326 2646 corruptibilis
339 2612 423 2637 esset.
440 2607 507 2634 satis
521 2611 583 2633 erat
596 2605 630 2632 ad
647 2603 865 2631 convincendam
885 2601 927 2628 in-

136 2658 251 2685 saniam.
266 2656 351 2683 Porro
370 2652 545 2682 similitudini
575 2651 614 2678 rei
635 2649 828 2684 corruptibilis
842 2647 927 2675 ascri-

137 2704 203 2732 bere
220 2703 268 2731 Dei
285 2702 399 2734 gloriam
415 2698 586 2727 incredibilis
599 2701 642 2724 est
655 2695 810 2723 dementiae.

170 2771 190 2801 l,
202 2769 299 2799 ‘24.
316 2769 416 2795 Idcirco
428 2765 538 2792 tradidit
550 2772 592 2790 eos
609 2762 677 2788 Deus
689 2761 716 2787 in
730 2760 859 2787 desideria
868 2767 926 2786 cor-

136 2816 208 2843 dium
218 2823 324 2842 suorum
338 2814 372 2840 ad
388 2811 595 2842 inmunditiam,
607 2813 634 2835 ut
646 2807 789 2843 ignominia
797 2807 926 2842 a/ﬁcerent

138 2869 247 2897 corpora
266 2869 312 2887 sua
331 2869 338 2887 :
358 2861 401 2894 qui
428 2859 654 2885 tonuuutlm‘runt
669 2856 803 2881 veritatem
828 2853 874 2880 οτι
901 2854 925 2880 in

977 2380 1078 2417 γαροῦν
1088 2378 1302 2414 προσεκύρωσαν
1316 2375 1482 2407 εἰδώλοις,ὲν
1496 2372 1650 2408 ὁμοιώματι
1662 2370 1771 2406 ἀνθρώ-
1794 2396 1798 2399 _

978 2436 1037 2454 πων
1053 2427 1101 2453 καὶ
1115 2423 1247 2451 πετεινῶν
1261 2423 1308 2449 καὶ
1319 2421 1374 2448 τῶν
1399 2421 1513 2447 λοιπῶν.
1528 2419 1583 2446 Καὶ
1606 2418 1657 2444 οὐκ
1671 2417 1771 2451 αἰσχύ-

978 2482 1067 2500 νονται
1079 2472 1104 2498 οἱ
1118 2471 1196 2505 σοφοὶ
1207 2471 1240 2496 τὰ
1254 2469 1300 2496 τοῦ
1314 2468 1382 2496 Θεοῦ
1394 2468 1447 2495 ἴδια
1461 2467 1507 2494 καὶ
1527 2465 1655 2500 ἐξαίρετα
1686 2464 1771 2499 ἑρπε-

977 2520 1033 2550 τοῖς
1047 2517 1247 2552 προσάψαντες.
1269 2525 1279 2542 ί
1289 2514 1412 2550 Φθαρτοῦ
1428 2512 1586 2547 ἀνθρώπου.
1603 2520 1612 2536 ι
1631 2510 1687 2537 Καὶ
1703 2509 1770 2536 αὐτὸ

978 2565 1008 2591 τὸ
1022 2562 1091 2591 εἶναι
1107 2563 1153 2590 τὸν
1166 2562 1309 2598 ἄνθρωπον
1324 2560 1541 2596 φθαρτὸν,ῆρκει
1552 2556 1642 2583 αὐτῶν
1658 2554 1769 2588 ἐλέγξαι

978 2611 1028 2646 τὴν
1043 2611 1145 2638 ἄνοιαν.
1161 2609 1198 2636 Τὸ
1223 2609 1252 2636 δὲ
1275 2609 1303 2635 ἑν
1319 2608 1376 2638 τοῖς
1402 2605 1556 2640 ὁμοιώμασι
1579 2603 1627 2630 τοῦ
1645 2599 1768 2636 φθαρτοῦ

979 2657 1175 2693 προσκυρῶσαι
1203 2655 1254 2690 τὴν
1282 2653 1329 2680 τοῦ
1347 2651 1415 2679 Θεοῦ
1439 2651 1530 2684 δόξαν,
1547 2650 1596 2684 τῆς
1615 2649 1685 2683 ἄγαν
1708 2646 1769 2673 ἐστὶ

979 2703 1182 2740 παραπληξίας.

1017 2759 1065 2787 Διὸ
1082 2759 1131 2786 καὶ
1144 2757 1314 2792 παρέδωκεν
1333 2755 1444 2787 αὐτοὺς
1456 2755 1472 2780 ὀ
1492 2753 1563 2786 Θεὸς
1579 2752 1614 2778 ἐν
1627 2751 1692 2784 ταῖς
1704 2750 1770 2778 ἐπι-

982 2807 1098 2841 θυμίαις
1115 2805 1174 2832 τῶν
1191 2803 1318 2837 καρδιῶν
1332 2801 1432 2829 αὐτῶν
1447 2802 1490 2833 εἰς
1507 2798 1706 2841 ἀκαθαρσίαν,
1715 2795 1769 2823 τοῦ

981 2852 1168 2888 ἀτιμάζεσθαι
1184 2850 1218 2877 τὰ
1233 2849 1353 2884 σώματα
1364 2846 1462 2874 αὐτῶν
1472 2847 1506 2872 ἐν
1514 2846 1558 2873 ἑοῖ
1575 2835 1647 2877 τοῗςί
1658 2843 1765 2874 οἵτινες
