1881 3051
144 178 195 215 331

146 284 264 319 posthac
282 283 367 318 igitur
381 290 536 310 sermonem
550 282 582 309 ad
598 281 739 316 principes
756 281 861 316 dirigit,
882 283 942 314 pot-

147 333 190 357 est
210 333 301 356 tamen
317 328 389 355 idem
412 327 526 362 privatis
551 334 661 361 quoque
686 326 845 354 convenire.
871 326 942 353 Dicit

149 379 242 401 autem
268 372 495 408 transgressionis
511 371 740 408 magnitudinem.
757 371 791 398 Et
814 371 878 406 ipsi,
901 371 942 397 in-

150 420 220 454 quit,
238 419 434 453 perpetrabant
446 418 538 453 iniqua
554 422 582 445 et
601 418 681 445 simul
697 425 760 445 cum
777 421 942 453 perpetran-

151 465 224 492 tihus
240 465 400 492 currebant.
419 464 470 491 Ubi
488 465 561 491 enim
576 463 712 499 quispiam
731 464 766 491 ab
779 464 833 491 alio
847 471 942 491 corre-

150 515 213 546 ptus
225 510 256 537 ad
266 510 400 546 judicium
413 510 572 543 duceretur,
590 510 641 545 ipsi
656 510 799 543 sedebant,
809 510 943 545 illumque

149 556 370 583 condemnabam
384 565 391 589 ;
405 564 468 584 cum
484 556 536 591 ipsi
551 557 666 591 aequalia
684 561 898 592 perpetrassent,
915 561 944 584 et

149 611 212 630 cum
235 610 269 630 eo
289 602 324 630 ad
350 603 568 638 perpetrandum
597 603 803 630 concurrissent
824 611 832 629 τ
862 602 944 637 220

148 653 177 676 et
199 653 291 675 tamen
310 648 546 676 condemnabam.
563 648 601 675 Ita
615 651 749 675 noverant
759 648 832 683 quod
846 655 944 684 pecca-

149 699 222 725 rent.
241 702 357 729 seseque
377 695 465 721 multo
487 694 574 729 magis
590 694 818 721 condemnarent.
845 702 855 719 ‹
874 693 942 721 Nam

150 739 204 768 huc
222 741 281 775 ipso
296 740 370 776 quod
392 740 511 767 alterum
533 739 651 775 judicas.
669 749 678 765 ι
704 739 755 773 Qui
779 739 854 767 enim
873 739 943 767 male

149 786 217 822 agit,
245 791 274 814 et
297 792 388 814 tamen
413 786 514 814 similia
540 789 731 822 perpetrantes
757 786 942 819 condemnat,

150 833 284 861 adversus
303 833 424 868 seipsum
439 833 494 860 fert
516 833 785 860 condemnationem.
805 841 814 857 ι
836 832 945 860 Scimus

150 880 225 907 enim
239 882 311 915 quod
323 880 458 916 judicium
475 880 523 908 Dei
538 884 580 908 est
595 880 747 907 secundum
760 879 915 906 veritatem.
931 889 940 904 ι

689 178 890 210 (ECUMENII
909 177 1057 209 TRICCE
1076 177 1248 209 EPISCOPI

181 237 301 266 Noverat
311 236 373 264 urbi
385 235 562 264 commissum
575 242 634 263 esse
644 235 720 263 orbis
733 235 918 270 principatum
929 243 939 261 -.
955 236 976 264 A

1729 177 1786 210 352

1029 234 1106 269 ᾜδει
1134 235 1168 269 τῇ
1194 233 1270 259 πόλει
1289 232 1506 268 ἐγχειρισθεῖσαν
1529 231 1576 259 τοῦ
1600 233 1705 267 κόσμου
1734 232 1788 266 τὴν

992 279 1151 315 ἡγεμονίαν.
1166 278 1220 305 Καὶ
1244 278 1337 305 λοιπὸν
1352 279 1422 314 πρὸς
1441 279 1504 311 τοὺς
1519 280 1652 314 ἄρχοντας
1669 279 1789 305 ἀποτεί-

993 334 1077 353 νεται.
1100 325 1130 353 '0
1146 326 1174 352 δὲ
1186 326 1267 357 αὐτὸς
1285 325 1416 361 καὶπρὸς
1440 325 1548 357 ἰδιώτας
1565 326 1681 361 ἁρμόζει
1693 326 1785 359 λόγος.

994 370 1093 407 [ΦΩΤ.]
1109 371 1279 407 ’Υπερϐολὴν
1293 371 1323 398 δὲ
1335 372 1509 407 παρανομίας
1520 371 1604 405 λέγει.
1616 372 1670 398 Καὶ
1683 371 1790 406 ἐπρατ-

992 427 1049 451 τον,
1060 418 1156 453 φησὶν,
1172 418 1250 445 αὐτοὶ
1274 418 1308 444 τὰ
1318 418 1476 454 παράνομα,
1495 419 1541 446 καὶ
1552 419 1712 454 συνέτρεχον
1729 420 1789 449 τοῖς

994 464 1154 499 πράττουσι.
1172 465 1227 491 Καὶ
1245 464 1342 499 ἐπειδὴ
1360 465 1393 492 ἄν
1407 474 1448 497 τις
1465 465 1545 496 ἁλοὺς
1566 465 1620 491 ὑπό
1642 474 1718 496 τινος
1741 466 1790 490 ἐπὶ

994 510 1084 545 κρίσιν
1099 510 1193 545 ἤγετο,
1205 510 1282 537 αὐτοὶ
1297 511 1460 544 ἐκαθέζοντο
1476 512 1523 539 καὶ
1539 512 1701 548 κατέκριναν
1716 513 1790 538 ἐκεῖ·

986 552 1049 588 ~vov,
1067 552 1097 582 οὗ
1113 556 1149 582 τὰ
1165 555 1211 583 ῐσα
1232 556 1310 584 αὐτοὶ
1323 557 1470 592 ἔπραττον.
1486 554 1575 591 Καὶῷ
1591 559 1631 589 είς
1651 557 1681 584 τδ
1698 558 1789 591 πράτ-

994 611 1051 629 τειν
1066 602 1239 638 συνέτρεχον,
1255 603 1302 630 καὶ
1318 604 1394 638 ὅμως
1409 604 1582 639 κατέκρινον.
1600 603 1695 635 Οὕτως
1712 603 1789 638 ᾔδειν

996 657 1045 675 σαν
1059 649 1100 676 ’ότι
1117 649 1333 684 ἁμαρτάνουσιν,
1348 649 1419 676 ὥστε
1440 650 1531 686 πολλῴ
1553 651 1654 686 μᾶλλον
1672 649 1790 681 ἑαυτοὺς

997 695 1225 731 προκατέκρινον.
1249 706 1258 722 ι
1282 697 1328 723 Ἐν
1345 693 1367 730 ᾧ
1386 696 1440 732 γὰρ
1465 697 1570 732 κρίνεις
1586 697 1632 723 τὸν
1654 697 1761 732 ἕτερον.
1778 705 1790 722 ι

1002 740 1031 767 '0
1046 741 1101 776 γὰρ
1118 741 1153 768 τὰ
1179 742 1253 768 κακὰ
1268 741 1412 778 πράσσων,
1433 742 1607 777 κατακρίνων
1631 742 1659 768 δὲ
1675 742 1740 773 τοὺς
1756 741 1793 767 τὰ

996 787 1078 823 ὃμοια.
1105 788 1289 824 πράσσοντας,
1310 789 1372 815 καθ’
1395 789 1491 816 ἑαυτοῦ
1509 789 1618 824 πρώτου
1635 789 1685 824 τὴν
1703 788 1788 815 κατὰ·

997 842 1088 870 κρισιν
1109 834 1199 869 φέρει,
1223 844 1233 860 ‹
1251 835 1368 870 Οἴδαμεν
1382 835 1421 868 δὲ,
1438 835 1479 862 ὅτι
1498 835 1529 861 τὸ
1545 837 1632 870 κρῖμα
1657 835 1704 861 τοῦ
1721 835 1794 861 Θεοῦ

998 881 1055 907 ἐστι
1072 880 1143 907 κατὰ
1158 881 1299 916 ἀλήθειαν.
1320 891 1329 907 ι
1345 877 1410 908 Ὧδε
1432 881 1481 917 μὲν
1494 882 1549 917 γὰρ
1583 882 1613 907 οὐ
1635 882 1705 908 κατᾶ
1721 881 1794 916 ἁλή-

152 926 295 961 Siquidem
302 927 348 954 hic
355 935 409 954 non
418 926 570 954 secundum
582 926 725 954 veritatem
737 929 779 953 est
787 925 923 960 judicium
935 946 943 958 ,

1040 927 1073 954 άν
1091 928 1149 954 ἐστι
1167 927 1198 953 τὸ
1210 929 1297 963 κρῖμα
1307 936 1315 944 '
1331 928 1423 954 πολλοὶ
1442 929 1496 963 γὰρ
1511 927 1559 954 καὶ
1577 927 1664 963 ἔνοχοι
1676 928 1795 962 διαφεύ-

152 979 216 1000 nam
240 978 267 1000 et
281 973 360 1000 multi
375 973 414 1001 rei
436 973 617 1000 absolvuntur
633 977 661 1000 et
674 973 796 1000 insontes
815 972 946 999 condem-

152 1024 254 1046 nantur
271 1028 278 1050 ;
293 1019 319 1046 in
337 1019 431 1046 futuro
448 1024 539 1046 autem
551 1019 701 1046 secundum
718 1018 861 1048 veritatem
879 1019 944 1046 erit.

152 1066 210 1093 lmo
225 1071 252 1093 et
266 1066 311 1093 hic
324 1066 373 1094 Dei
388 1066 523 1101 judicium
539 1073 628 1099 neque
643 1065 804 1099 injustitiain
817 1064 945 1096 absolvit,

152 1120 243 1147 neque
256 1113 361 1147 justum
378 1113 555 1143 condemnat.
569 1119 631 1139 cum
652 1111 697 1138 hic
718 1112 750 1138 ad
763 1111 898 1146 judicium
918 1111 945 1137 in

151 1158 286 1194 quosdam
314 1159 499 1186 descenderit.
525 1168 534 1184 ι
555 1158 701 1185 Existimas
729 1161 820 1184 autem
847 1157 912 1186 hoc.
930 1164 948 1183 ο

151 1205 244 1232 homo.
262 1215 270 1230 ι
291 1205 366 1233 Multi
384 1212 501 1240 namque
531 1205 711 1232 arbitramur.
737 1204 794 1231 Etsi
818 1211 879 1238 ego,
904 1203 947 1228 in-

153 1251 263 1285 quiunt,
279 1258 373 1284 pecco,
387 1258 449 1277 cum
465 1250 535 1276 alios
552 1257 667 1284 peccare
680 1249 853 1283 prohibeam.
873 1256 947 1276 mer-

153 1297 247 1323 cedem
265 1304 298 1323 ex
311 1296 364 1323 hoc
381 1296 479 1323 habeo.
494 1295 669 1323 Verumillud
677 1295 790 1322 audiet:
806 1305 814 1320 ι
829 1294 946 1326 Medico,

153 1349 219 1368 cura
243 1342 360 1376 teipsum
377 1342 398 1368 ⁸.
414 1341 558 1368 »Ρι-ἱηιυη]
587 1341 659 1368 enim
689 1341 947 1368 condemnationem

154 1388 180 1414 in
199 1387 317 1422 teipsum
332 1386 475 1414 induxisti.

191 1434 224 1463 ll.
238 1434 298 1461 4-6.
315 1434 366 1461 Aut
381 1435 487 1461 divitias
495 1435 665 1470 benignitatis
677 1434 749 1461 illius
761 1438 785 1461 et
802 1434 949 1461 tolerantia:-

155 1489 187 1508 uc
202 1480 414 1516 longanimitatis
425 1482 568 1508 contemnis
582 1481 594 1508 ἰ)
620 1481 751 1516 Ignorans
767 1482 836 1516 quod
856 1481 950 1508 lenitas

154 1525 204 1552 Dei
231 1525 265 1551 ad
286 1525 467 1560 pwnitentiam
496 1530 521 1553 te
547 1527 639 1554 invitet
662 1526 674 1553 ?
701 1526 849 1553 Secundum
876 1532 950 1554 tuam

154 1577 243 1600 autem
262 1572 400 1604 duritiam,
419 1577 441 1599 et
464 1581 509 1599 cor
527 1574 652 1608 pmniterc
678 1574 803 1603 nesciens.
832 1573 949 1599 recondis

154 1619 200 1646 tibi
211 1620 260 1654 ipsi
278 1620 347 1646 iram
360 1620 386 1646 in
400 1620 441 1646 (lie
455 1620 503 1646 irw
515 1623 539 1646 et
557 1619 724 1646 reuelationis
742 1624 765 1646 et
781 1620 950 1654 justijudicii

155 1665 220 1698 Dei,
234 1667 278 1701 qui
294 1666 382 1693 reddet
400 1666 542 1700 unicuique
552 1666 630 1700 iuxta
648 1674 727 1700 opera
745 1674 805 1692 sua.

191 1804 370 1839 Longanimis
392 1804 504 1839 quidem
521 1807 573 1835 est,
593 1808 714 1831 attamen
730 1803 785 1830 nisi
804 1807 950 1831 converta-

157 1859 230 1885 mur,
243 1859 337 1879 ensem
353 1859 432 1878 suum
448 1850 581 1878 vibrabit.
600 1850 752 1885 «Ignorans
767 1849 840 1884 quod
853 1850 952 1877 lenitas

158 1898 217 1926 Dei.
241 1907 249 1924 ι
279 1899 428 1933 Propterea
455 1894 526 1925 lenis
561 1902 622 1929 est,
644 1905 700 1924 non
724 1902 754 1924 ut
778 1897 891 1924 tenuitate
917 1896 951 1923 ad

159 1944 273 1979 majoris
283 1944 429 1971 dementia:
437 1944 612 1971 occasionem
626 1943 721 1976 utaris,
733 1942 780 1970 sed
794 1947 821 1968 ut
832 1942 951 1977 spatium

156 1991 327 2025 ptenitentia:
340 1990 460 2024 accipias
472 1999 479 2023 ;
496 1991 589 2024 itaque
602 1996 782 2024 perseverans
794 1988 820 2015 in
833 1988 953 2023 pravita-

156 2042 184 2064 te
197 2036 425 2070 deprehenderis.
456 2045 465 2061 ‹
488 2035 648 2062 Secundum
668 2040 742 2061 tuam
761 2038 853 2061 alitem
876 2034 953 2060 duri-

157 2082 234 2108 tiam.
255 2091 264 2106 ›
282 2081 351 2109 Cum
387 2081 462 2108 enim
493 2080 630 2115 quispiam
656 2087 746 2114 neque
783 2080 953 2114 benignitate

155 2127 274 2155 emolliri
303 2131 403 2162 potest,
420 2134 511 2162 neque
524 2127 592 2153 iram
613 2126 700 2158 timet,
715 2126 781 2161 quid
806 2133 840 2153 eo
856 2125 953 2153 durius

155 2182 217 2202 esse
232 2174 349 2209 potest?
368 2183 377 2200 ί
394 2173 542 2201 Recondis.
561 2183 570 2199 ι
596 2173 737 2208 Significat
756 2173 829 2208 quod
858 2173 954 2200 certis-

156 2219 227 2247 simo
247 2219 414 2251 servabitur.
433 2224 461 2246 et
477 2218 551 2254 quod
567 2223 595 2246 lu
613 2218 662 2246 tibi
676 2226 757 2247 causa
772 2219 809 2245 sis
826 2227 832 2245 :
847 2226 909 2245 nam
925 2222 951 2245 tu

997 982 1094 1007 γουσι,
1114 974 1163 1000 καὶ
1190 973 1274 1000 ἀθῶοι
1311 975 1534 1009 κατακρίνονται.
1563 974 1639 1000 Ἐκεῖ
1661 975 1688 1000 δὲ
1719 974 1794 1001 κατὰ

997 1018 1127 1053 ἀλήθειάν
1154 1020 1222 1046 ἐστι.
1239 1020 1294 1045 Καὶ
1313 1016 1365 1046 ὦδε
1395 1020 1425 1046 τὸ
1455 1019 1502 1046 τοῦ
1518 1019 1587 1046 Θεοῦ
1616 1021 1704 1054 κρῖμα
1727 1019 1792 1045 οὔτε

998 1065 1091 1092 ἄδικον
1106 1065 1200 1097 ὰθωοῖ,
1214 1065 1276 1092 οὕτε
1289 1066 1393 1092 δίκαιον
1409 1065 1581 1102 κατακρίνει,
1593 1066 1656 1092 ὅταν
1674 1067 1714 1096 εἰς
1731 1066 1794 1099 κρί-

999 1120 1041 1138 σιν
1059 1112 1104 1138 καὶ
1122 1112 1240 1139 ἐνταῦθα
1259 1113 1381 1148 καταστῇ
1402 1121 1485 1139 τισιν.
1509 1121 1519 1137 ι
1534 1112 1636 1147 Λογίζῃ
1654 1113 1682 1138 δὲ
1698 1112 1793 1145 τοῦτο,

997 1155 1020 1185 ὧ
1043 1158 1180 1194 ἄνθρωπε.
1203 1168 1212 1184 ι
1236 1159 1333 1185 Πολλοὶ
1346 1159 1400 1193 γὰρ
1423 1158 1564 1193 ἡγοῦνται,
1580 1159 1620 1184 ὅτι
1643 1158 1701 1184 Κᾶν
1715 1157 1793 1191 ἐγὼ,

999 1205 1092 1239 φησὶν,
1110 1205 1279 1239 ἁμαρτάνω,
1307 1205 1404 1234 ἄλλους
1429 1205 1457 1230 δὲ
1486 1205 1583 1231 κωλύω
1609 1204 1794 1238 ἁμαρτάνειν,

1001 1251 1095 1286 μισθὸν
1120 1252 1152 1277 ἐκ
1160 1251 1254 1277 τούτου
1278 1251 1341 1286 ἔχω.
1358 1251 1428 1278 Ἀλλ’
1444 1251 1592 1277 ἀκούσεται
1610 1251 1651 1283 τὺ,
1670 1260 1679 1276 ι
1692 1250 1796 1283 Ὶατρὲ,

1000 1297 1168 1332 θεράπευσον
1184 1299 1308 1324 σεαυτόν.
1323 1307 1331 1323 ι
1351 1298 1406 1333 Τὴν
1415 1298 1468 1333 γὰρ
1480 1297 1642 1332 καταδίκην,
1662 1297 1740 1331 φησὶ,
1762 1298 1795 1323 σὺ

1001 1343 1094 1379 σαύτῷ
1109 1344 1249 1378 ἐπήγαγες
1268 1344 1386 1378 πρῶτον.

1040 1438 1076 1465 Ἦ
1097 1437 1150 1464 τοῦ
1168 1437 1302 1464 πλούτου
1321 1437 1375 1471 τῆς
1399 1438 1606 1471 χρηστότητος
1625 1437 1719 1463 αὑτοῦ
1744 1436 1798 1463 και

1000 1484 1056 1519 τῆς
1073 1483 1188 1518 ἀνοχῆς
1209 1484 1259 1511 καὶ
1281 1483 1337 1517 τῆς
1352 1484 1559 1518 μακροθυμίας
1579 1483 1797 1518 κίιτηρρονεῖς;

1000 1529 1119 1564 ἀγνοῶν
1134 1529 1179 1556 ὅτι
1199 1529 1232 1555 τὸ
1253 1530 1389 1564 χρηστὸν
1405 1529 1459 1556 τοῦ
1480 1529 1554 1556 Θεοῦ
1572 1531 1616 1561 εἰς
1632 1529 1799 1564 μετάνοιάν

1003 1584 1039 1604 σε
1068 1576 1150 1610 arsi;
1174 1575 1254 1603 Κατὰ
1282 1576 1316 1602 δὲ
1340 1575 1398 1609 τὴν
1424 1576 1617 1609 σκληρότητά
1655 1583 1714 1602 σου
1746 1576 1798 1602 καὶ

1003 1622 1208 1656 ἀμετανόητον
1229 1621 1373 1655 καρδνάν,
1395 1621 1583 1655 θησαῖιρίζεις
1606 1620 1725 1654 σεαυτῷ
1748 1621 1799 1654 ὀρ-

1001 1668 1061 1703 γὴν
1071 1669 1106 1695 ἐν
1119 1667 1213 1702 ἡμέρᾳ
1227 1667 1318 1702 ὀργῆς
1333 1667 1382 1694 καί
1401 1668 1622 1701 ἀποκαλύψεως
1637 1667 1800 1702 δικαιοκρι-

1004 1714 1075 1746 σίας
1100 1713 1154 1740 τοῦ
1189 1713 1275 1746 Θεοῦ,
1296 1713 1330 1745 ὃς
1349 1713 1499 1741 ἀποδώσει
1520 1713 1639 1747 ἑκάστῳ
1659 1714 1735 1741 κατὰ
1762 1714 1800 1741 τὰ

1002 1759 1075 1792 ἔργα
1088 1759 1192 1785 αὐτοῦ.

1039 1803 1223 1838 Μακροθυμεῖ
1248 1803 1307 1837 μὲν,
1336 1803 1406 1838 πλὴν
1432 1803 1480 1829 ἐὰν
1510 1804 1547 1839 μὴ
1570 1804 1798 1839 ὲπιστραςῶμεν,

1003 1850 1053 1884 τὴν
1078 1849 1215 1884 ῥομφαίαν
1240 1849 1323 1875 αὐτοῦ
1351 1848 1505 1876 στιλῆώσει.
1541 1849 1683 1882 ι’Ᾱγνοῶν
1707 1850 1800 1876 ὅτιτὸ

1003 1895 1120 1931 χρηστὸν
1135 1894 1181 1921 τοῦ
1196 1895 1274 1921 Θεοῦ.
1294 1904 1302 1920 ι
1322 1895 1372 1921 Διὰ
1384 1896 1462 1921 τοῦτο
1477 1895 1531 1929 γὰρ
1551 1895 1735 1930 μακροθυμεῖ,
1749 1896 1800 1931 οὐχ

1005 1943 1048 1968 ἵνα
1073 1943 1106 1977 τῇ
1139 1941 1316 1977 μακροθυμίᾳ
1343 1942 1433 1976 χρήσῃ
1460 1943 1499 1973 εἰς
1527 1941 1655 1977 ἀφορμὴν
1676 1943 1800 1977 μείζονος

1004 1988 1246 2022 καταφρονήσεως,
1265 1986 1323 2013 ἀλλ’
1334 1987 1376 2013 ἵνα
1387 1987 1524 2021 διάστημα
1540 1988 1685 2021 μετανοίας
1701 1988 1799 2023 λάϐῃς.

1012 2034 1168 2069 Ἐπιμὲνιυν
1182 2032 1228 2060 οὖν
1242 2033 1382 2069 ἀπολήψῃ.
1402 2043 1411 2059 ι
1427 2034 1504 2060 Κατὰ
1518 2033 1546 2060 δὲ
1563 2033 1613 2069 τὴν
1626 2034 1802 2069 σκληρότητά

1006 2089 1063 2107 σου.
1078 2090 1088 2106 1
1102 2080 1188 2107 Ὅταν
1207 2079 1262 2114 γάρ
1278 2089 1320 2111 τις
1340 2081 1408 2115 μήτε
1428 2079 1595 2115 χρηστότητι
1612 2080 1800 2115 μαλάσσητιι,

1007 2127 1074 2162 μήτε
1087 2126 1171 2162 ὀργὴν
1184 2126 1281 2161 δειλιᾷ,
1294 2125 1320 2152 τι
1332 2126 1427 2152 τούτου
1443 2126 1624 2161 σκληρότερον
1638 2135 1644 2159 ;
1665 2136 1674 2152 ι
1689 2127 1802 2162 Θησαυ-

1006 2173 1101 2209 ρίζεις.
1114 2183 1123 2198 ι
1144 2173 1180 2199 Τὸ
1192 2173 1301 2204 πάντως
1318 2171 1562 2207 φυλαχθησόμενος]
1580 2172 1664 2206 δηλοῖ.
1687 2173 1744 2199 Καὶ
1762 2175 1802 2200 ὅτι

1007 2220 1038 2246 σὺ
1051 2218 1142 2253 σαυτῷ
1159 2218 1257 2250 αἴτιος.
1272 2218 1308 2244 Σὺ
1325 2218 1380 2252 γὰρ
1396 2217 1529 2252 ἀποτίθης
1544 2218 1591 2244 καὶ
1610 2218 1802 2252 θησαυρίζεις.

158 2265 208 2293 tibi
223 2266 334 2300 reponis
347 2273 379 2293 ac
393 2266 532 2293 recondis.
552 2275 559 2291 t
579 2265 610 2292 Et
627 2265 814 2292 revelationis.
831 2275 839 2290 ι
852 2265 890 2292 Nc
904 2264 951 2291 Dei

1038 2266 1087 2292 Kal.
1101 2265 1314 2299 ἀποκαλύψεως.
1333 2275 1342 2291 ι
1363 2265 1423 2291 Ἵνα
1442 2264 1478 2300 μὴ
1496 2263 1580 2300 ὀργὴν
1595 2264 1663 2290 Θεοῦ
1692 2265 1802 2291 ἀκούων

159 2311 228 2339 iram
252 2312 369 2339 audiens
388 2312 518 2339 allectum
539 2312 694 2342 arbitreris.
720 2312 868 2339 subdidit:
890 2321 899 2337 ‹
920 2312 954 2339 Ει

158 2357 338 2385 revelationis
348 2358 415 2393 justi
427 2358 541 2393 judicii;
558 2368 566 2384 ›
586 2358 632 2385 ubi
651 2358 838 2393 cnimjustum
857 2362 899 2386 est
912 2359 955 2393 ju-

158 2403 273 2435 dicium,
295 2403 332 2430 ibi
362 2411 416 2430 non
435 2408 478 2431 est
502 2404 628 2431 atTeetus.
649 2403 717 2431 Nam
745 2409 810 2431 tunc
837 2404 955 2431 maxime

156 2450 261 2485 justum
274 2450 407 2485 judicium
423 2450 572 2481 revelatur.
599 2450 711 2484 quando
729 2450 820 2477 reddit
843 2448 954 2476 nuicui-3

159 2504 213 2531 que
228 2497 305 2532 juxta
319 2504 405 2532 opera
424 2504 483 2524 sua.
506 2506 516 2522 ‹
531 2497 642 2531 Etjusti
662 2496 757 2531 judicii
779 2495 838 2522 Dei.
854 2505 862 2521 I
881 2495 954 2522 Tan-

159 2550 240 2576 quam
258 2543 290 2569 atl
306 2542 521 2570 declarationem
538 2542 726 2577 interponitur
738 2542 794 2574 καὶ,
813 2546 850 2568 et.

197 2589 229 2621 ll,
250 2589 327 2616 7-H.
346 2589 402 2616 ’Ilis
426 2590 530 2624 quidem
547 2589 592 2624 qui
612 2588 756 2616 secundum
782 2588 954 2616 tolerantior):

160 2637 247 2670 operis
265 2636 325 2663 boni
348 2635 463 2671 gloriam
479 2640 503 2662 et
533 2637 657 2662 honorent
682 2644 712 2661 ar
732 2635 955 2670 incorruptionem

162 2687 295 2716 quierunt,
321 2683 402 2709 vitam
421 2686 558 2710 (eternam.
575 2682 611 2708 Iis
629 2689 690 2708 vero
708 2682 752 2716 qui
770 2686 831 2708 sunt
849 2685 956 2708 conten-

163 2730 232 2759 tiosi,
254 2733 278 2755 et
301 2729 407 2756 veritati
426 2729 531 2764 quidem
559 2736 610 2755 non
634 2728 830 2763 obtemperant,
863 2732 957 2762 parent

165 2777 254 2800 autem
270 2775 418 2809 injustilirr,
443 2775 590 2810 indignatio
606 2778 630 2800 et
646 2775 698 2807 ira,
715 2773 851 2801 tribulatio
869 2777 894 2799 et
908 2781 957 2800 nn-

163 2820 262 2852 σηδιία,
273 2829 351 2855 super
363 2828 465 2848 onmem
480 2822 597 2849 animum
612 2821 689 2856 221
699 2822 811 2848 hominis
823 2820 958 2855 aperanti;

202 2907 214 2925 ⁵
228 2907 296 2935 Luc.
308 2916 343 2941 tv,
364 2908 409 2936 95.

1006 2312 1091 2344 πάθος
1105 2312 1230 2346 νομίσῃς,
1255 2311 1407 2346 ἐπήγαγεν
1428 2321 1437 2336 ι
1456 2311 1672 2344 Ἀποκαλὺψεως
1700 2311 1803 2338 δικαιο-

1006 2358 1126 2393 κρισίας.
1144 2367 1154 2384 ι
1175 2357 1261 2385 Ἔνθα
1278 2357 1332 2393 γὰρ
1349 2357 1544 2392 δικαιοκρισία,
1565 2357 1614 2383 οὐκ
1630 2357 1688 2383 ἔστι
1705 2358 1804 2389 πάθος.

1007 2404 1044 2430 Τό
1059 2412 1088 2429 τε
1105 2404 1160 2439 γὰρ
1184 2403 1303 2437 μάλιστα
1321 2404 1337 2438 ἡ
1356 2403 1541 2438 δικαιοκρισία
1562 2403 1803 2430 ἀποκαλύπτεται.

1006 2451 1072 2477 ὅταν
1088 2450 1251 2477 ἀποδίδωσιν
1267 2450 1376 2485 ἑκάστῳ
1387 2450 1460 2477 κατὰ
1473 2450 1508 2476 τὰ
1525 2450 1593 2485 ἔργα
1610 2450 1705 2478 αὐτοῦ.
1725 2460 1735 2476 ε
1749 2451 1802 2476 Καὶ

1006 2495 1205 2530 δικαιοκρισίας
1227 2495 1273 2522 τοῦ
1292 2495 1371 2522 Θεοῦ.
1389 2505 1400 2521 ι
1423 2496 1470 2527 Ὠς
1491 2495 1560 2530 πρὸς
1581 2495 1630 2529 τὴν
1651 2496 1804 2531 ἑρμηνείαν

1012 2539 1044 2567 τὸ
1058 2541 1108 2567 καὶ
1126 2541 1308 2576 παρέλκεται.

1044 2587 1107 2620 Τοῖς
1123 2587 1183 2621 μὲν
1197 2587 1261 2614 καθ’
1277 2586 1448 2622 ὑπομονὴν,
1468 2587 1557 2621 ἔργου
1574 2586 1689 2620 ἀγαθοῦ
1707 2586 1804 2618 δόξαν

1008 2634 1059 2661 καὶ
1073 2635 1163 2669 τιμὴν
1177 2635 1226 2661 καὶ
1241 2634 1414 2669 ἀφθαρσίαν
1429 2632 1560 2666 (nterim.
1579 2632 1656 2665 ζὶυὴν
1668 2632 1802 2660 αἰώνιον.

1010 2680 1075 2714 Τοῖς
1088 2680 1122 2707 δὲ
1143 2680 1178 2712 ἐξ
1196 2680 1335 2714 ἐριθείας,
1355 2679 1405 2706 καὶ
1421 2678 1579 2706 ἀπειθοῦσι
1593 2678 1652 2712 μὲν
1673 2678 1713 2712 τῇ
1726 2679 1803 2712 ἀλη-

1008 2728 1083 2760 θείᾳ,
1101 2727 1290 2759 πειθομένοις
1307 2725 1340 2752 δὲ
1352 2725 1390 2759 τῇ
1410 2725 1522 2758 ἀδικίᾳ,
1539 2724 1634 2758 θυμὸς
1648 2724 1697 2749 καὶ
1716 2725 1800 2758 (pyri.

1011 2772 1120 2806 Θλὶψις
1146 2771 1194 2797 καὶ
1214 2770 1398 2804 στενοχωρία
1421 2769 1471 2796 ἐπὶ
1497 2769 1600 2795 πᾶσαν
1624 2768 1734 2802 ψυχὴν
1751 2769 1798 2796 ἀν-

1011 2817 1128 2852 θρώπου
1145 2817 1197 2844 τοῦ
1220 2815 1471 2852 κατεργαζομένου
1489 2815 1522 2841 τὸ
1540 2814 1645 2848 κακὸν,
1655 2814 1802 2842 Ἰουδαίου
