1881 3051
156 103 210 135 359

705 96 904 128 (ECUMLNII
923 95 1068 126 TRICCE
1085 93 1254 125 EPISCOPI

1735 90 1789 121 360

158 163 306 192 habentes,
327 160 446 194 idecqnc
470 159 574 194 majore
598 156 673 192 digni
698 161 762 183 sunt
787 163 945 183 remunera-

1031 163 1074 186 ως,
1090 153 1249 181 διδάσκαλον
1265 151 1367 185 ταύτην
1394 150 1442 177 καὶ
1460 150 1588 186 μάρτυρα
1606 149 1718 185 ἔχοντες
1740 149 1790 183 τῆς

158 209 244 240 tione,
265 208 451 242 maioremque
467 205 601 232 inducunt
617 203 832 230 conlutationem
849 202 946 228 adver-

158 263 205 282 sus
218 262 267 282 eos
305 254 353 288 qui
375 253 466 279 habita
486 252 543 286 lege
558 251 744 284 deliquerunt.
767 249 869 276 Deinde
882 247 946 282 quia

161 309 212 326 ~on
237 307 333 326 omnes
354 298 400 332 qui
414 298 474 332 lege
493 300 597 325 carent.
622 295 691 322 bene
713 300 872 329 operantur,
893 295 947 322 imo

175 353 225 372 unt
239 346 284 380 qui
302 346 384 372 etiam
402 343 585 377 delinquunt:
599 341 719 368 ostendit
734 348 823 375 neque
838 341 887 367 hos
903 340 947 367 l‘u-

168 390 239 417 itros
253 391 411 424 impunitos.
423 389 585 422 Quanquam
594 388 668 414 enim
678 387 776 422 legem,
787 386 884 421 inquit,
894 393 947 412 non

163 437 276 462 habeam
303 439 495 466 accusantem,
525 434 705 460 nihilominus
736 437 825 459 tamen
853 440 948 467 ptenas

161 482 272 509 dabunt.
288 481 501 513 cogitationibus
516 480 587 506 inter
606 487 634 506 se
649 479 854 506 accusantibus.
870 478 948 511 Quod

162 532 252 553 autem
270 525 390 555 additur,
410 525 450 551 vel
468 525 550 550 etiam
567 523 775 556 excusantibus,
790 531 825 549 ex
840 528 949 550 contra-

163 572 205 598 rio
223 571 302 597 fidem
321 570 397 600 facit,
417 578 447 596 ac
463 570 484 596 si
506 570 610 596 diceret
629 577 634 594 :
649 569 887 601 Quemadmodum
902 576 950 595 ex—

162 617 323 644 cusantibus
339 615 552 651 cogitationibus
567 615 670 649 absque
692 615 751 650 lege
771 615 949 649 consequitur

163 663 311 694 absolutio,
333 669 475 697 pinumque
496 661 674 693 immunitas;
700 660 736 687 ila
760 668 869 687 rursum
889 660 949 687 sine

164 711 222 744 lege
247 709 453 738 accusantibus.
479 707 603 741 sequitur
626 706 828 733 condemnatio.
849 706 948 733 Verum

164 757 273 790 quando
294 756 352 782 btet:
374 755 475 781 erunt?
500 754 527 780 In
549 753 671 781 secundo
692 753 824 784 adventu,
848 752 948 787 inquit.

168 811 177 826 ι
195 801 310 833 Quando
332 799 467 834 iudicabit
486 799 558 825 Deus
582 798 687 825 occulta
706 797 858 824 hominum.
877 806 886 822 ›
906 796 949 823 Si-

999 200 1194 234 ἁγαὸοεργίας.
1215 198 1260 224 Διδ
1285 197 1332 224 καὶ
1348 197 1470 231 μείζονος
1488 194 1558 227 ἄξιοι
1576 194 1727 229 ἀποδοχῆς,
1744 194 1791 220 καὶ

999 247 1112 281 μείζονα
1126 246 1171 272 τὸν
1192 244 1302 279 ἔλεγχον
1317 242 1388 270 κατὰ
1400 242 1453 268 τῶν
1469 242 1538 276 μετὰ
1561 241 1645 276 νόμου
1658 241 1789 275 ἁμαρτα-

997 292 1095 318 νόντων
1112 291 1269 323 ἐπάγονται.
1287 286 1354 314 Εἶτα
1380 287 1474 322 ἐπειδὴ
1495 287 1524 313 οὺ
1549 286 1649 316 πάντες
1665 286 1690 311 οἱ
1706 285 1792 319 χωρὶς

999 337 1080 371 νόμου
1095 334 1317 370 ἀγαθοεργοῦσιν,
1334 333 1391 359 ἀλλ’
1404 333 1471 359 εἰσὶν
1484 332 1508 358 οἳ
1524 331 1572 358 καὶ
1585 329 1792 365 πλημμελοῦσι,

999 382 1134 408 δείκνυσιν
1153 380 1207 407 οὐδ’
1240 380 1339 410 αὐτοὺς
1360 378 1505 413 ἐσομένους
1531 376 1739 411 ἀτιμωρήτους.
1762 374 1793 400 Ei

999 429 1054 464 γὰρ
1070 429 1116 454 καὶ
1137 428 1175 462 μὴ
1189 427 1269 461 νόμον
1285 425 1388 460 ἔχουσι,
1407 424 1485 458 φησὶ,
1507 423 1552 449 τὸν
1570 421 1792 457 κατηγοροῦντα,

999 473 1068 501 ἀλλὰ
1079 473 1127 499 καὶ
1139 471 1228 503 οὕτως
1240 471 1318 502 δίκας
1333 468 1471 504 ὑφέξουσι,
1486 467 1587 502 μεταξὺ
1598 466 1724 501 ἀλλήλων
1739 465 1795 490 τῶν

1001 518 1141 554 λογισμῶν
1155 515 1390 552 κατηγορούντων.
1404 514 1440 540 Τὸ
1454 514 1520 548 δὲ,ἦ
1539 513 1585 554 καὶ
1597 509 1794 544 ἀπολογουμέ-

999 573 1062 596 νων,
1089 562 1220 593 πίστωσίς
1244 563 1318 588 ἐστιν
1347 561 1379 587 ὲκ
1403 559 1450 585 τοῦ
1474 559 1597 585 ἐναντίου
1617 556 1794 590 ἐπαγομένη.

1007 610 1113 637 Ὠσανεὶ
1135 609 1237 642 ἔλεγεν,
1254 609 1295 634 ὄτι
1313 607 1418 640 Ὠσπερ
1434 603 1660 638 ἀπολογουμένων
1677 602 1736 628 τῶν
1748 601 1795 627 λο-

999 655 1251 691 γισμῶν,“ἁθώωσις
1263 652 1404 680 ἀκολουθεῖ
1418 652 1463 677 τοῦ
1478 651 1560 685 νόμου
1587 649 1685 684 χωρὶς,
1703 647 1793 677 οὕτως

1000 701 1235 737 κατηγορούντων,
1245 699 1324 727 πάλιν
1333 698 1418 734 χωρὶς
1432 696 1478 723 τοῦ
1492 696 1585 730 νόμου.
1597 695 1613 726 ἠ
1625 694 1794 728 κατάκρ;σις

1001 749 1108 775 ἕπεται.
1125 747 1195 774 [Ιότε
1210 745 1336 773 δὲταῦτα
1351 753 1359 778 ;
1387 744 1432 770 Ἐν
1459 744 1492 777 τῇ
1513 742 1626 777 δευτέρᾳ
1642 739 1792 775 παρουσίᾳ.

1005 805 1014 821 ι
1028 796 1093 821 Ὅτε
1123 794 1210 828 κρινεῖ
1224 794 1238 819 ό
1253 792 1317 823 Θεὸς
1333 791 1366 817 τὰ
1386 789 1496 824 κρυπτὰ
1519 788 1574 814 τῶν
1596 785 1765 820 ἀνθρώπων.
1783 794 1792 809 ι

165 847 277 881 quidem
296 846 422 872 homines
440 844 582 871 manifesta
599 844 701 875 vident,
726 844 798 870 Deus
818 851 885 870 vero
904 850 951 870 oc—

1031 859 1033 864 .
1054 839 1170 874 μὲνγὰρ
1193 837 1330 872 ἄνθρωποι
1351 836 1384 862 τὰ
1414 834 1530 869 φανερὰ,
1557 835 1570 860 ὁ
1595 833 1622 859 δὲ
1649 832 1716 862 Θεὸς
1739 831 1794 880 τῶν

166 893 302 918 cultorum
325 895 463 918 scrutator
480 895 532 917 est.
554 900 563 914 ι
583 891 634 917 Per
656 890 748 917 Jesum
769 889 918 917 Christum.
938 899 947 915 ›

165 952 201 957 -
217 947 225 961 ‹
243 937 309 963 Nam
331 936 420 968 Pater,
439 936 488 967 ait,
508 944 562 962 non
578 936 683 971 iudicat
703 943 880 970 quemquam,
903 935 952 962 sed

167 991 248 1009 omne
263 983 395 1017 judicium
413 982 488 1009 dedit
505 982 574 1009 Filio
586 983 618 1008 “.
638 991 647 1007 ι

202 1028 234 1060 ll,
259 1028 349 1055 17—20.
379 1027 445 1054 Ecce
462 1032 490 1054 tu
511 1028 618 1055 Judwus
644 1027 837 1063 cognominaris
863 1031 887 1053 et
911 1034 953 1053 rc-

167 1075 276 1109 quicscis
294 1074 321 1100 in
338 1074 403 1109 lege,
419 1079 443 1101 et
458 1074 582 1109 gloriaris
597 1075 624 1100 in
638 1074 702 1105 Dea,
720 1078 743 1100 et
761 1074 891 1109 cognoscis
909 1081 954 1100 va-

168 1121 308 1152 lmttntem,
335 1129 365 1147 ac
389 1121 484 1155 probas
509 1121 604 1147 eximia
631 1121 765 1147 inslilulus
788 1129 834 1155 per
859 1120 952 1154 legem,

167 1165 327 1200 con/illisque
346 1166 456 1200 teipsum
477 1165 568 1192 ducem
590 1173 644 1192 esse
662 1173 799 1197 meorum,
821 1165 908 1191 lumen
926 1165 953 1191 in

168 1211 279 1236 tenebris
298 1211 471 1243 sersantium,
486 1211 644 1237 eruditorem
660 1211 849 1246 insipientium,
866 1211 955 1236 docto-

169 1264 223 1282 rem
243 1257 434 1291 imperitarunt.
454 1257 590 1283 habentem
611 1257 725 1292 formam
746 1255 900 1291 cognitioni:
923 1264 954 1282 ae

169 1301 285 1328 veritatis
300 1310 359 1336 qua:
376 1303 402 1328 in
421 1302 476 1337 lege
491 1307 538 1328 est.

203 1393 271 1420 Cum
292 1394 405 1421 dixisset
422 1395 491 1421 nihil
509 1394 556 1421 Dei
573 1394 681 1425 culturi,
698 1394 763 1421 licet
779 1393 956 1428 prteputiatus

170 1438 215 1470 sit,
231 1439 336 1470 deesse,
352 1447 408 1473 quo
422 1439 514 1466 minus
530 1440 622 1466 salvus
638 1439 696 1467 lieri
714 1440 808 1474 possit,
823 1440 903 1467 modo
918 1440 957 1467 le-

1002 885 1132 921 κρυπτῶν
1143 885 1218 910 ἐστιν
1232 882 1389 917 ὲξεταστής.
1421 890 1428 905 ι
1449 880 1498 905 Διὰ
1522 878 1609 912 Ἰησοῦ
1629 875 1763 912 Χριστοῦ,
1784 884 1792 900 ι

1001 941 1051 957 -ι
1073 931 1101 958 '0
1115 931 1169 966 γὰρ
1181 930 1287 964 Πατὴρ,
1309 929 1385 963 φησὶ,
1407 928 1496 963 κρινεῖ
1512 925 1615 956 οὐδένα,
1645 923 1715 950 ἀλλὰ
1746 921 1796 956 τὴν

1003 977 1093 1013 κρίσιν
1108 977 1197 1002 πᾶσαν
1213 974 1313 1001 δέδωκε
1331 974 1369 1008 τῷ
1389 972 1457 1007 Υίῷ.
1478 982 1487 998 ›

1045 1033 1101 1061 Ἰδὲ
1117 1032 1158 1059 σὺ
1181 1031 1326 1064 Ἰουδαῖος
1346 1027 1524 1064 ἐπονομάζῃ,
1548 1027 1596 1055 καί
1611 1024 1796 1056 ἐπαναπαύῃ

1003 1079 1043 1113 τῷ
1061 1081 1153 1113 νόμῳ,
1169 1079 1218 1105 καὶ
1237 1076 1390 1111 καυχᾶσαι
1408 1076 1441 1102 ἐν
1465 1073 1535 1106 Θεῷ.
1556 1073 1606 1099 καὶ
1635 1072 1797 1106 γινώσκεις

1003 1127 1036 1154 τὸ
1050 1126 1175 1160 θέλημα,
1200 1123 1250 1150 καί
1274 1121 1438 1156 δοκιμάζεις
1459 1120 1495 1146 τὰ
1518 1118 1709 1152 διαφέροντα,
1725 1124 1797 1142 κατα

1004 1171 1170 1205 ηχοιίμενος
1195 1169 1229 1196 ἐκ
1245 1169 1298 1195 τοῦ
1311 1168 1406 1202 γόμου
1421 1175 1429 1182 ·
1445 1164 1591 1196 πέποιθάς
1606 1172 1637 1190 τε
1660 1163 1798 1190 σεαυτὸν

1005 1216 1116 1250 ὁδηγὸν
1134 1213 1210 1242 εἶναι
1235 1213 1368 1247 τυφλῶν,
1385 1211 1446 1246 5:5);-
1461 1210 1519 1237 τῶν
1533 1210 1567 1236 ἐν
1585 1209 1699 1239 σκότει,
1725 1215 1796 1233 παι-

1005 1261 1117 1295 δευτὴν
1140 1261 1289 1295 ἀφρόνων,
1317 1257 1505 1285 διδάσκαλον
1531 1256 1658 1289 νηπίων,
1681 1254 1798 1288 ἔχοντα

1005 1307 1063 1340 τὴν
1090 1307 1248 1340 μόρφωσιν
1259 1303 1314 1338 τῆς
1338 1303 1475 1338 γνώσεως
1499 1301 1548 1328 καί
1573 1300 1628 1334 τῆς
1649 1298 1798 1332 ἀληθείας

1005 1351 1040 1378 ἐν
1052 1351 1091 1383 τῷ
1103 1352 1194 1385 νόμῳ.

1040 1396 1133 1425 Εἰπὼν
1148 1397 1188 1423 ὅτι
1211 1395 1286 1422 οὐδὲν
1303 1394 1342 1430 τῷ
1357 1393 1479 1420 θεοσεὸεἶ
1500 1393 1559 1427 μὲν,
1577 1391 1740 1427 ἀκροϐύστῳ
1755 1389 1797 1423 δὲ,

1006 1443 1093 1470 λείπει
1120 1442 1187 1478 πρὸς
1210 1441 1240 1468 τὸ
1259 1440 1388 1474 σωθῆναι,
1415 1437 1498 1476 ὲὰνῇ
1527 1438 1606 1473 μόνον
1634 1437 1681 1464 τοῦ
1711 1437 1798 1472 νόμου

169 1492 227 1519 gem
244 1484 324 1512 lactis
340 1486 475 1519 exprimat
493 1494 499 1512 :
517 1485 595 1520 ponit
611 1485 743 1519 deinceps
760 1493 791 1512 ea
811 1486 837 1512 in
855 1486 951 1520 quibus

1031 1489 1139 1524 ποιητὴς,
1155 1488 1244 1522 τίθησι
1263 1487 1357 1513 λοιπὸν
1380 1486 1427 1512 καὶ
1442 1485 1484 1519 ἐφ’
1508 1483 1548 1515 οἷς
1565 1483 1636 1518 μέγα
1661 1483 1796 1518 ἐφρόνουν

168 1531 372 1557 extollebantur
387 1531 483 1564 Judaei,
501 1531 649 1558 ostendens
665 1530 736 1565 quod
754 1531 828 1558 nulla
847 1531 883 1558 sit
903 1531 953 1558 ho-

169 1584 229 1603 rum
245 1577 350 1604 utilitas
370 1585 426 1604 non
445 1582 519 1604 recte
539 1576 654 1608 viventi,
672 1577 846 1612 primumque
865 1577 952 1612 ipsum

168 1623 246 1658 ponit
261 1623 460 1654 nomen.Ecce,
469 1623 569 1658 inquit,
580 1627 607 1649 tu
618 1622 727 1650 Judteus
740 1623 952 1658 eognominaris.

172 1669 264 1703 Ipsum
284 1668 419 1703 siquidem
443 1676 543 1695 nomen
570 1668 652 1703 226
674 1676 802 1703 magnum
825 1669 952 1703 quiddam

168 1721 229 1741 esse
245 1714 401 1745 videbatur,
420 1713 504 1740 veluti
525 1721 600 1740 nunc
612 1717 655 1741 est
668 1720 769 1740 nomen
785 1713 955 1741 Christiano-

170 1767 240 1786 rum.
262 1769 271 1784 ι
293 1759 511 1794 Cognominaris.
534 1768 543 1784 ι
567 1758 661 1792 Neque
687 1758 761 1785 enim
781 1766 810 1785 re
831 1767 896 1786 vera
913 1766 954 1791 es,

170 1805 222 1831 nisi
238 1805 324 1839 legent
341 1804 489 1837 compleas.
504 1812 512 1828 ι
529 1803 564 1830 Et
579 1803 729 1838 requiescis
746 1803 772 1830 in
789 1804 855 1838 lege.
869 1813 878 1830 ι
896 1804 955 1831 Non

169 1851 242 1877 etaim
264 1851 384 1881 laboras,
403 1849 503 1883 inquit,
524 1849 596 1876 sicut
618 1849 657 1876 illi
675 1849 722 1885 qui
740 1854 805 1877 sunt
822 1854 896 1877 extra
916 1850 956 1877 le—

169 1904 242 1931 gem,
258 1894 423 1930 inquirendo
438 1895 503 1929 quid
520 1895 555 1922 sit
571 1895 716 1930 agendum,
738 1895 785 1922 sed
802 1896 889 1931 legem
908 1896 956 1922 ha-

170 1942 218 1967 bes
235 1941 327 1967 omnia
346 1945 371 1966 te
391 1940 535 1967 manifeste
553 1940 707 1968 docentem.
725 1941 773 1968 Vel
792 1941 845 1968 hoc
864 1942 954 1968 modo.

170 1986 284 2012 Multum
305 1985 333 2012 in
355 1985 414 2019 lege
436 1985 587 2016 extolleris,
603 1986 704 2020 illaque
725 1990 751 2013 te
770 1986 862 2019 ell'ers,
883 1986 955 2021 quod

170 2039 255 2064 supra
269 2035 383 2057 caeteros
398 2030 518 2058 divinam
531 2032 671 2066 acceperis
685 2032 782 2067 legem.
797 2032 896 2059 Dicens
909 2040 958 2059 au-

171 2081 237 2109 tem,
257 2086 267 2101 ‹
287 2077 460 2111 Requiescis,
477 2086 486 2103 ι
502 2077 639 2112 signiﬁcat
655 2077 728 2112 quod
746 2086 801 2105 non
815 2078 908 2106 labore
923 2079 956 2106 il-

171 2123 259 2149 lorum
275 2122 447 2157 egregiisque
468 2123 638 2150 facinoribus
653 2123 716 2151 data
738 2123 783 2156 sit,
799 2124 846 2151 sed
864 2125 956 2152 divina

171 2169 268 2203 gratia.
292 2178 301 2194 ι
314 2169 347 2196 Et
362 2169 490 2204 gloriaris
511 2169 540 2196 in
559 2170 627 2197 Deo.
645 2179 654 2196 ι
674 2169 714 2197 Ac
734 2170 758 2197 si
779 2170 854 2198 solus
873 2178 956 2206 supra

171 2219 285 2241 eteteros
304 2214 430 2241 homines
450 2214 566 2242 dilectus
581 2215 628 2242 sis.
646 2215 762 2243 Videtur
782 2220 872 2243 autem
894 2217 956 2244 illos

172 2260 279 2294 objecta
301 2267 410 2294 quoque
435 2261 562 2288 vecordia
586 2261 714 2289 irridere.
736 2271 745 2287 ι
762 2261 796 2289 Et
813 2262 956 2297 cognoscis

171 2306 352 2331 voluntatem.
367 2314 376 2330 ι
394 2305 477 2339 Atqui
492 2313 658 2341 cognoscere
674 2314 726 2334 nec
742 2306 830 2335 facere
847 2307 957 2342 gravius

173 2350 286 2377 advehit
300 2350 464 2385 supplicium
482 2359 488 2377 ι
504 2356 624 2378 attamen
640 2352 667 2378 in
683 2352 735 2379 hoc
748 2361 856 2388 quoque
869 2353 957 2380 extol-

172 2395 311 2422 lebantur.
322 2395 397 2423 Unde
405 2403 458 2422 non
472 2395 549 2425 dicit.
557 2395 634 2428 facis,
651 2396 710 2429 sed,
727 2407 735 2422 ι
750 2397 897 2432 Cognoscis
911 2397 958 2425 Dei

172 2441 351 2468 voluntatem.
367 2451 376 2466 ›
392 2456 428 2461 -
444 2451 453 2467 ι
469 2443 507 2469 Ac
522 2442 622 2477 probas
636 2440 735 2470 eiimia
751 2443 894 2470 institutus
909 2450 959 2478 per

173 2486 271 2521 legem.
291 2496 301 2512 ι
321 2487 400 2522 Legis
418 2487 492 2515 enim
512 2488 631 2516 eruditio
653 2489 730 2516 novit
745 2494 839 2516 exacte
859 2489 958 2516 docere

173 2531 387 2565 explorationem
404 2540 500 2560 eorum
515 2541 575 2568 qua:
589 2533 746 2561 conferunt.
764 2533 797 2560 Hi
812 2541 877 2560 vero
895 2540 957 2560 cum

173 2584 228 2604 non
251 2582 423 2612 praestarent,
444 2578 471 2606 in
495 2579 548 2606 hoc
565 2579 648 2607 etiam
672 2579 867 2611 etTerebantur,
884 2579 956 2613 quod

174 2623 282 2650 utilium
311 2630 424 2651 nossent
449 2625 677 2659 explorationem.
705 2633 713 2649 (
737 2623 922 2658 Conﬁdisque.
944 2633 953 2650 ›

173 2667 232 2695 Non
246 2676 286 2702 es,
301 2669 399 2704 inquit,
416 2670 471 2696 dux
489 2677 635 2701 caecorum,
649 2669 696 2696 sed
711 2669 748 2695 ita
762 2669 795 2695 de
813 2668 900 2702 teipso
914 2677 958 2696 ar-

173 2712 293 2740 bitraris.
313 2713 407 2742 Caecos
427 2719 518 2742 autem
543 2719 623 2742 vocat
644 2721 702 2747 eos,
724 2713 770 2748 qui
791 2714 819 2741 in
837 2714 958 2743 tenebris

209 2797 219 2813 ⁶
233 2798 313 2827 Joan.
324 2807 350 2832 ν,
369 2800 414 2826 ‘22.

1004 1535 1134 1565 Ἰουδαῖοι,
1149 1533 1254 1564 δεικνὺς
1265 1533 1306 1559 ὅτι
1317 1532 1391 1558 οὐδὲν
1406 1530 1506 1557 τούτων
1521 1529 1620 1564 ὠφελεῖ
1635 1529 1679 1555 τὴν
1696 1528 1735 1563 μὴ
1749 1528 1800 1563 ὀρ-

1005 1581 1058 1612 θῶς
1083 1579 1201 1615 βιοῦντα.
1219 1578 1275 1605 Καὶ
1300 1577 1408 1612 πρῶτον
1425 1575 1490 1603 αὐτὸ
1516 1575 1546 1601 τὸ
1561 1575 1646 1609 ὄνομα
1660 1574 1798 1600 τέθεικεν.

1006 1626 1058 1652 Ἴδε
1073 1626 1115 1658 σὺ,
1136 1625 1227 1660 φησὶν,
1240 1623 1364 1653 Ἰουδαῖος
1377 1621 1540 1656 ἐπονομάζῃ.
1555 1619 1659 1646 Ἐδόκει
1681 1620 1737 1653 γὰρ
1750 1619 1800 1644 καὶ

1003 1671 1068 1699 αὐτὸ
1084 1671 1114 1698 τὸ
1128 1671 1214 1706 ὄνομα
1228 1670 1302 1704 μέγα
1315 1666 1397 1699 εἶναι,
1414 1666 1450 1698 ὡς
1468 1666 1515 1692 νῦν
1534 1666 1563 1692 τὸ
1589 1666 1642 1691 τῶν
1663 1665 1799 1700 Χριστια-

1004 1717 1067 1744 νῶν.
1095 1715 1306 1750 ιἘπονομάζῃ.
1327 1723 1336 1740 ι
1364 1713 1401 1740 οὗ
1426 1712 1480 1748 γὰρ
1509 1709 1534 1738 εἷ
1557 1711 1627 1738 κατὰ
1653 1711 1796 1745 ἀλήθειαν,

1005 1765 1029 1790 εἰ
1053 1763 1090 1799 μὴ
1118 1763 1231 1798 πληροῖς
1256 1762 1301 1788 τὸν
1333 1761 1427 1794 νόμον.
1457 1768 1466 1784 ι
1485 1759 1539 1784 Καὶ
1565 1757 1731 1792 ἐπαναπαύῃ
1757 1756 1799 1790 τῷ

1005 1810 1089 1845 νόμῳ.
1108 1818 1118 1834 ›
1135 1809 1171 1835 Οὐ
1185 1808 1239 1842 γὰρ
1253 1807 1379 1842 κάμνεις,
1392 1804 1484 1840 φησὶν,
1501 1804 1537 1835 ὡς
1551 1803 1603 1834 ἔξω
1617 1803 1700 1837 νόμου
1717 1803 1795 1827 πηλι-

1005 1855 1163 1890 τευόμενος,
1181 1854 1212 1881 τὺ
1239 1852 1375 1888 πρακτέον
1397 1850 1546 1885 ἐπιζητῶν,
1575 1849 1632 1875 ἀλλ’
1656 1849 1729 1883 ἔχεις
1750 1850 1799 1873 τὶν

1005 1901 1098 1936 νόμον,
1127 1900 1220 1934 σαφῶς
1245 1897 1353 1925 ἅπαντα
1380 1904 1409 1922 σε
1437 1895 1607 1921 διδάσκοντα.
1635 1894 1670 1919 Ἥ
1695 1892 1797 1922 οὕτως·

1005 1947 1097 1980 Μέγα,
1116 1946 1209 1981 φησιν,
1232 1945 1279 1971 ἐπὶ
1294 1943 1333 1979 τῷ
1348 1943 1422 1977 νόμῳ
1443 1942 1559 1976 φρονεῖς,
1586 1940 1633 1966 καὶ
1659 1939 1798 1973 ἐντρυφᾷς

1007 1992 1091 2027 αὐτῷ,
1105 1992 1142 2023 ὼς
1156 1991 1306 2026 ἠξιωμένος
1317 1989 1399 2024 νόμου
1413 1988 1486 2014 (istan
1506 1987 1581 2022 παρὰ
1598 1986 1660 2017 τοὺς
1673 1985 1797 2016 λοιπούς.

1006 2038 1043 2064 Τὸ
1057 2037 1096 2069 δὲ,
1115 2047 1124 2063 ι
1143 2035 1322 2070 Ἐπαναπαύῃ
1352 2043 1361 2059 )
1375 2033 1459 2067 δηλοῖ,
1473 2032 1513 2058 ὅτι
1530 2032 1560 2057 οὑ
1577 2032 1690 2065 καμάτῳ
1706 2030 1800 2056 αὐτῶν

1007 2084 1024 2119 ἢ
1038 2082 1231 2118 κατορθώματι
1249 2080 1339 2114 ἐδόθη,
1354 2078 1422 2105 ἀλλὰ
1439 2077 1529 2112 χάριτι
1542 2076 1610 2112 θείᾳ.
1633 2085 1643 2101 ι
1659 2076 1718 2102 Καὶ·
1730 2084 1800 2101 καυ-

1008 2130 1134 2163 χᾶσαιὲν
1159 2127 1229 2163 Θεῷ.
1252 2135 1262 2152 ι
1288 2125 1331 2156 Ὠς
1357 2124 1435 2159 μόνος
1462 2122 1616 2157 ἀγαπηθεὶς
1644 2122 1722 2157 παρὰ
1733 2123 1800 2154 τοὺς

972 2165 994 2192 D
1008 2174 1117 2205 λοιποὺς
1140 2173 1310 2208 ἀνθρώπους.
1341 2170 1419 2196 Δοκεῖ
1441 2168 1469 2195 δὲ
1499 2168 1596 2200 αὐτοὺς
1614 2168 1661 2194 καὶ
1673 2168 1712 2198 είς
1729 2167 1799 2193 ἀιπὸ-

1009 2227 1083 2246 νοιαν
1100 2218 1244 2246 σκώπτειν.
1264 2225 1274 2242 ι
1288 2216 1344 2242 Καὶ
1357 2214 1500 2248 γινώσκεις
1514 2214 1544 2240 τὸ
1561 2213 1678 2247 θέλημα.
1698 2222 1708 2238 ι
1727 2213 1783 2238 Καί

1008 2274 1049 2292 τοι
1063 2265 1093 2292 τδ
1108 2263 1251 2298 γινώσκειν
1271 2261 1331 2296 μὲν,
1349 2259 1386 2295 μὴ
1403 2261 1489 2286 ποιεῖν
1514 2260 1552 2292 δὲ,
1580 2259 1691 2286 πλείονα
1706 2267 1799 2294 παρα-

1011 2308 1139 2341 σκευάζει
1165 2309 1216 2343 τὴν
1239 2307 1360 2333 κόλασιν.
1379 2305 1448 2332 Ἀλλ’
1468 2306 1542 2340 ὅμως
1567 2305 1614 2332 καὶ
1639 2305 1686 2330 ἐπὶ
1708 2305 1799 2339 τούτῳ

1012 2355 1083 2390 μέγα
1098 2353 1237 2388 ἐφρόνουν.
1252 2351 1332 2378 Ὅθεν
1348 2351 1379 2377 οὐ
1388 2351 1577 2386 λέγει,ποιεῖς,
1591 2351 1669 2383 ἀλλὰ,
1689 2360 1698 2376 ι
1712 2350 1798 2376 Γινώ-

1010 2408 1086 2430 σκεις
1099 2398 1129 2424 τὸ
1142 2397 1188 2424 τοῦ
1216 2396 1284 2423 Θεοῦ
1303 2396 1418 2431 θέλημα.
1438 2405 1448 2422 ι
1476 2406 1484 2422 ι
1506 2397 1560 2423 Καὶ
1579 2396 1737 2431 δοκιμάζεις
1765 2396 1800 2422 τὰ.

1009 2443 1173 2479 διαφέροντα
1197 2441 1399 2477 κατηχούμενος
1419 2442 1450 2468 ὲκ
1471 2441 1519 2468 τοῦ
1544 2442 1638 2476 νόμου.
1656 2450 1666 2466 ι
1691 2441 1725 2467 Ἠ
1743 2441 1799 2476 γὰρ

1008 2490 1055 2516 τοῦ
1068 2490 1151 2524 νόμου
1165 2489 1315 2524 κατήχησις
1346 2485 1400 2515 οἶδε
1417 2488 1471 2515 τῶν
1488 2488 1680 2522 συμφερόντων
1694 2487 1798 2522 ἀκριῦῆ

1007 2535 1172 2570 δοκιμασίαν
1193 2535 1340 2568 ἐκδιδάξαι.
1365 2531 1444 2561 Οὗτοι
1461 2534 1489 2560 δὲ
1514 2534 1551 2569 μὴ
1580 2533 1732 2566 ποιοῦντες,
1752 2536 1799 2560 καὶ

1012 2581 1058 2607 ἐπὶ
1076 2581 1115 2614 τῷ
1141 2580 1241 2606 εἰδέναι
1257 2580 1306 2614 τὴν
1333 2580 1388 2606 τῶν
1417 2579 1610 2614 συμφερόντων
1633 2579 1799 2614 δοκιμασίαν

1012 2626 1083 2661 μέγα
1111 2626 1249 2660 ἐφρόνουν.
1270 2634 1279 2650 ι
1298 2624 1434 2655 Πέποιθάς
1462 2633 1502 2651 τε.
1521 2634 1530 2650 ι
1558 2625 1615 2650 Οὐκ
1639 2621 1674 2655 εῐ,
1703 2624 1797 2658 φησὶν,

1010 2670 1105 2705 tam;
1131 2670 1249 2704 τυφλῶν,
1275 2669 1333 2696 ἀλλ’
1362 2669 1432 2695 οὕτω
1458 2670 1521 2704 περὶ
1547 2669 1662 2695 σεαυτοῦ
1690 2669 1796 2704 λογίζῃ.

1012 2717 1136 2752 Τυφλοὺς
1149 2716 1178 2743 δὲ
1193 2716 1268 2749 λέγει
1289 2715 1336 2742 καὶ
1351 2715 1379 2742 ἐν
1403 2716 1503 2749 σκότει,
1532 2716 1579 2743 καὶ
1603 2716 1736 2750 ἄφρονας,
1751 2716 1798 2742 καὶ
