1881 3051
187 126 242 158 379

188 184 237 218 qui
249 182 304 209 illis
313 181 424 216 eloquia
437 182 616 214 concredidit,
634 181 681 217 qui
698 182 896 216 promissiones
907 190 981 209 com-
993 182 1021 211 Α

186 228 281 263 plevit,
299 227 373 254 nullo
390 232 503 263 accepto
520 227 717 262 impedimento
735 235 783 262 per
798 228 973 255 incredulos:

187 274 233 301 hic
246 277 339 301 autem
358 274 431 308 ipsas
445 274 553 301 confert
566 281 615 308 per
630 281 659 301 se
676 281 807 308 personas
829 274 976 301 circumci-

187 328 284 347 sorum
307 327 338 347 ac
353 320 598 354 przeputiatorum:
617 323 646 346 et
658 319 726 346 dicit
749 319 814 354 ipsis
830 319 898 345 nihil
909 319 976 346 altea-

188 374 235 394 ros
258 366 353 393 alteris
370 366 537 400 praecellere.
561 365 703 400 Siquidem
721 367 766 400 qui
783 366 912 393 virtutem
930 373 977 392 co-

186 412 246 438 lunt
268 412 457 446 cujuscunque
475 412 532 439 sint
554 411 670 444 ordinis,
688 411 822 439 beneficio
849 412 977 439 similiter

185 457 333 485 fruuntur:
358 465 526 493 rursumque
550 463 782 493 transgressores,
797 459 855 485 sive
875 467 908 486 ex
923 458 979 485 cir-

185 504 314 531 cumcisis
339 505 404 536 sint,
430 504 489 531 sive
517 504 701 539 praiputiatis,
723 504 897 532 consimilem
921 504 976 532 sibi

186 550 252 585 ipsis
266 558 374 584 pmnam
391 550 594 577 coneiliabunt.

219 595 301 630 239
314 595 374 622 Non
388 595 479 630 itaque
496 599 628 630 pugnant,
641 595 715 623 Nihil
731 596 924 631 prmecllimus;
940 599 978 628 et,

184 641 270 669 Multa
282 646 324 669 est
339 642 502 669 excellentia
513 643 611 675 Judaei,
622 650 654 670 ac
668 643 889 670 circumcisionis
902 643 980 670 utili-

186 693 226 715 tas
242 697 249 714 ι
265 688 344 723 juxta
361 688 444 715 alium
458 689 532 716 enim
545 689 656 716 modum
672 689 710 716 ibi
721 688 825 716 dictum
837 693 890 720 est,
903 689 979 724 juxta

184 733 268 760 alium
280 732 325 760 hic
333 734 502 767 comparatio
513 733 610 760 tradita
619 739 669 761 est.
678 734 745 761 Cum
752 741 817 769 ergo
825 734 851 761 in
860 735 982 770 superio-

185 779 392 812 ribusdixisset,
402 779 668 812 Excellentialudaai,
679 780 983 808 acdocuissetJudzeum

185 824 289 852 habere
313 825 502 852 excellentiam
514 846 521 858 ,
540 825 576 852 ob
591 825 777 853 concreditam
795 826 893 861 legem,
910 835 983 855 nunc

150 902 157 906 _
186 869 308 896 ostendit
325 871 398 904 ipsos
414 871 517 897 nullam
535 871 635 898 habere
648 871 848 903 excellentiam,
860 873 933 907 quod
948 874 981 900 il-
999 863 1021 893 Β

186 915 241 942 lam
253 923 306 942 non
314 917 499 944 servaverint:
508 918 574 951 quin
585 918 678 951 potius
686 922 761 945 tanto
770 918 915 947 inferiores
923 928 983 947 esse

187 966 291 996 quanto
307 963 385 997 pejus
400 967 442 990 est
465 971 498 990 ex
512 963 627 991 scientia
645 972 771 998 peccare.
799 965 870 998 Quid
895 965 983 1000 ergo?

187 1008 332 1041 habemus,
358 1009 458 1044 inquit,
477 1017 528 1036 nos
552 1009 639 1037 Judaei
665 1011 767 1045 aliquid
791 1012 984 1039 excellentiae?

186 1053 274 1086 Nihil,
289 1054 388 1088 inquit.
407 1054 462 1082 Cur
475 1055 500 1082 id
519 1055 647 1082 tandem?
664 1056 732 1089 Quia
746 1064 842 1084 omnes
858 1058 909 1084 sub
921 1065 983 1092 pec-

188 1103 252 1126 cato
276 1107 386 1127 eramus
410 1104 464 1127 tam
476 1100 563 1128 Judaei
581 1109 662 1136 quam
679 1101 776 1129 Graeci.
797 1111 805 1128 ι
822 1103 857 1130 Et
873 1103 983 1131 Judmos

187 1151 217 1173 et
242 1145 353 1174 Graecos
378 1147 492 1174 omnino
511 1148 563 1174 sub
587 1153 701 1183 peccato
724 1157 795 1177 esse.
817 1159 826 1176 ι
848 1150 922 1177 Nihil
939 1158 982 1177 er-

187 1199 221 1226 go
242 1191 336 1219 Iudam
361 1197 403 1219 est
426 1193 606 1225 excellentire,
632 1194 732 1229 inquit,
747 1203 781 1222 ex
806 1195 876 1230 lege,
899 1203 981 1230 quam

188 1245 242 1265 non
260 1239 401 1266 servavit:
419 1247 508 1274 nequc
529 1241 702 1275 pricputiato,
727 1242 829 1276 quippe
845 1242 892 1276 qui
915 1249 981 1277 pec-

189 1284 273 1311 cavit.
283 1284 386 1312 'Nullus
408 1293 473 1320 ergo
489 1286 628 1313 excelsum
651 1286 807 1321 quidquam
823 1287 907 1315 habet
926 1296 982 1322 pra

189 1331 287 1357 altero.
309 1331 450 1366 Siquidem
467 1332 582 1359 redditis
605 1332 697 1360 causis
719 1333 890 1361 ostendimus
903 1354 911 1366 ,
929 1334 982 1362 hoc

189 1379 231 1402 est
241 1375 421 1409 convicimus,
431 1385 527 1404 omnes
537 1384 596 1404 esse
605 1383 717 1412 peccato
727 1378 871 1406 obnoxios.
879 1380 982 1408 Deinde

191 1429 225 1449 ne
241 1423 266 1449 id
282 1431 382 1450 novum
398 1431 458 1451 esse
475 1424 613 1456 videatur,
632 1424 715 1451 David
733 1433 765 1452 ac
787 1426 883 1453 Isaiam
899 1431 982 1455 testes

190 1468 312 1496 adducit.
340 1479 349 1495 ι
366 1469 462 1497 Simul.
484 1479 493 1495 ι
524 1469 593 1497 Cum
618 1478 651 1497 co
675 1471 804 1499 videlicet
826 1472 873 1507 qui
889 1477 931 1500 est
954 1473 982 1500 in

191 1514 337 1549 praeputio.
357 1524 366 1541 ι
385 1515 499 1542 inutiles
512 1515 576 1543 facti
589 1520 663 1544 sunt.
680 1526 689 1542 ι
709 1515 838 1544 Protinus
852 1522 882 1544 ut
897 1525 912 1544 a
927 1518 982 1545 Deo

191 1559 409 1591 declinaverunt,
420 1560 567 1589 inutileset
579 1561 678 1596 abjecti
692 1561 756 1589 facti
769 1566 844 1589 sunt.
858 1572 867 1588 ι
884 1562 982 1597 Sepul-

191 1613 279 1636 crum.
296 1615 304 1631 ι
318 1611 372 1633 etc.
383 1606 688 1640 limcjobtrectatoribus
697 1607 875 1639 conveniunt.
896 1618 904 1634 ι
918 1608 990 1636 Con-

193 1652 268 1679 tritio
279 1657 307 1679 et
317 1652 426 1678 miseria
438 1653 466 1680 in
478 1653 529 1680 viis
541 1661 647 1681 eorum.
668 1663 677 1680 ι
691 1653 758 1681 Nam
771 1655 829 1681 vias
843 1661 990 1681 conversa-

193 1698 296 1725 tionem
303 1698 404 1725 dicitet
412 1698 494 1726 vitam
504 1701 711 1727 :contritlonem
718 1705 809 1728 autem
816 1704 843 1727 et
850 1701 988 1728 miseriam

193 1747 316 1777 peccata.
327 1743 399 1770 Nihil
409 1745 482 1771 enim
495 1745 564 1772 adeo
575 1750 694 1773 mentem
704 1753 860 1781 corpusque
871 1747 990 1774 conterit

193 1793 221 1815 et
238 1789 364 1816 exhaurit
382 1798 414 1817 ac
428 1796 580 1825 peccatum.
600 1801 608 1817 ι
630 1792 707 1820 Viam
720 1793 794 1827 pacis
815 1800 869 1820 non
887 1800 990 1827 cogno-

194 1838 303 1861 verunt.
322 1844 330 1860 I
355 1835 432 1863 Viam
449 1837 524 1871 pacis
544 1837 609 1864 dicit
631 1837 726 1865 utilem
744 1837 851 1864 vivendi
864 1839 986 1866 modum.

230 1880 274 1910 Ill.
294 1880 337 1914 i9,
353 1881 400 1909 2t).
423 1883 529 1910 Scimus
555 1888 641 1911 autem
667 1884 736 1919 quod
761 1892 920 1919 quwcunque
943 1884 985 1912 lea:

194 1925 272 1957 dicit,
288 1927 328 1954 his
344 1929 389 1962 qui
403 1929 429 1956 in
445 1929 500 1964 lege
516 1934 577 1956 sunt
590 1930 708 1965 loquitur
725 1939 733 1957 :
750 1935 778 1956 ut
798 1939 874 1957 omne
890 1939 918 1958 os
942 1931 990 1958 ob-

195 1975 309 2005 turelur,
324 1978 348 2000 el
363 1974 493 2001 obnoxius
509 1976 557 2010 ﬁat
575 1980 645 2002 totus
658 1976 772 2003 mundus
793 1976 856 2007 Deo,
875 1984 904 2003 eo
915 1977 986 2011 quod

195 2025 228 2044 ta:
247 2020 367 2052 operibus
391 2021 455 2056 legis
480 2030 533 2049 non
551 2015 748 2057 justiﬁcabitur
775 2023 861 2050 clunis
885 2031 946 2050 caro
962 2024 988 2050 in

195 2071 336 2100 conspectu
349 2057 418 2100 e'jus.

235 2113 274 2140 Ne
289 2113 382 2141 dicant
395 2115 481 2142 Judrei
497 2123 504 2141 :
523 2115 557 2142 Et
581 2115 648 2150 quid
661 2115 719 2143 haec
732 2115 766 2142 ad
785 2123 836 2143 nos
846 2116 857 2142 ‘.’
869 2115 988 2145 Omnino

195 2161 268 2189 enim
282 2161 316 2189 de
329 2161 409 2189 nobis
423 2161 496 2189 dicta
512 2169 568 2188 non
583 2165 659 2189 sunt.
683 2161 794 2196 Utique,
817 2162 915 2196 inquit,
940 2169 988 2189 vos

736 125 936 157 (ECUMENII
955 125 1100 156 TRICCrE
1120 125 1291 156 EPISCOPI

1035 182 1175 218 συγκρίνει
1191 181 1245 208 τῶν
1260 180 1439 217 ἁκροὸύστων
1453 180 1500 207 καὶ
1531 180 1586 207 τῶν
1614 189 1841 216 περιτετμημε-

1031 237 1095 260 νων,
1113 229 1160 254 καὶ
1192 228 1266 262 λέγει
1282 228 1375 258 αὐτοῖς
1395 227 1478 262 μηδὲν
1498 227 1607 262 ἐτέρους
1626 228 1734 263 ἑτέρων
1772 237 1838 260 πμ)-

1032 273 1115 308 έχειν.
1130 273 1165 300 Οἵ
1177 282 1206 299 τε
1220 274 1275 308 γὰρ
1291 272 1487 308 κατορθοῦντες
1502 272 1550 307 τὴν
1565 273 1665 308 ἀρετὴν
1681 273 1796 304 ὁποίας
1809 274 1843 299 ἂν

1031 321 1085 355 εἴη·
1099 321 1261 354 συντάξεως,
1275 321 1375 355 ὁμοίως
1393 321 1441 354 τῆς
1471 320 1632 355 εὐεργεσίας
1663 321 1841 347 ἀπολαύου-

1033 375 1085 393 σιν.
1103 367 1139 392 Οἵ
1153 376 1183 393 τε
1203 367 1287 393 πάλιν
1306 367 1531 401 παραῦαίνοντες,
1548 366 1598 393 κᾶν
1610 375 1639 392 τε
1659 366 1714 393 τῶν
1752 367 1844 400 ἀκρο-

1033 412 1139 439 ϐύστων
1155 412 1220 445 εἷεν,
1237 412 1287 439 κᾶν
1300 421 1328 439 τε
1343 412 1396 438 τῶν
1409 415 1411 419 ’
1425 413 1631 447 ὲμπεριτόμων,
1646 413 1695 448 τὴν
1727 412 1842 447 ὁμοίαν

1032 459 1168 494 τιμωρίαν
1183 459 1289 490 ἑαυτοῖς
1306 460 1516 486 ὲπισπάσονται.

1070 598 1151 624 Ὥστε
1168 597 1199 624 οὐ
1216 597 1332 632 μάχεται
1350 596 1390 630 τὸ,
1414 597 1491 623 οῦδὲν
1510 597 1693 633 προεχὸμεθα.
1718 596 1777 623 καὶ
1795 596 1839 627 τὸ,

1034 643 1101 669 πολὺ
1117 642 1147 669 τὸ
1169 642 1299 677 περισσὸν
1311 641 1358 668 τοῦ
1381 641 1509 668 Ἰουδαίου
1525 642 1572 668 καὶ⁸
1585 643 1601 676 ἡ
1625 642 1753 676 ὠφέλεια
1785 641 1841 674 τῆς

1035 689 1197 724 περιτομῆς.
1211 689 1278 715 Κατ’
1291 688 1370 715 ἄλλον
1385 688 1440 723 γὰρ
1452 688 1554 723 τρόπον
1567 688 1625 714 ἐκεῖ
1639 687 1768 722 εἴρηται.
1789 687 1841 713 καὶ

1034 735 1095 762 κατ’
1110 735 1188 762 ἄλλον
1205 734 1252 762 νῦν
1264 736 1279 770 ὴ
1297 736 1441 770 σύγκρισις
1454 734 1732 769 παρείληπται.”Ανω
1745 733 1841 760 εἰπὼν

1035 780 1065 806 τὸ
1083 781 1211 815 περισσὸν
1228 779 1274 806 τοῦ
1292 779 1432 810 Ἰουδαίου,
1450 780 1496 806 καὶ
1512 779 1621 811 διδάξας
1640 779 1713 814 ἔχειν
1741 788 1773 805 τι
1792 787 1842 805 πε-

1037 827 1128 862 ρισσὸν
1141 827 1186 852 τὸν
1197 826 1323 852 Ἰουδιίον
1339 826 1382 852 διὰ
1398 825 1429 852 τὸ
1442 825 1645 861 ἐγχειρισθῆναι
1669 825 1715 851 τὸν
1732 825 1839 860 νόμον,

1036 872 1084 899 νῦν
1099 872 1219 898 δείκνυσι
1248 872 1331 906 μηδὲν
1359 871 1431 906 ἔχειν
1448 871 1589 907 περισσὸν,
1616 871 1654 903 ὡς
1675 872 1712 907 μὴ
1744 871 1840 905 φυλὰ-

1037 918 1124 951 ξαντα
1135 918 1227 944 αὐτόν.
1242 917 1285 952 Μὴ
1300 919 1341 945 ὅτι
1359 918 1406 945 καὶ
1420 918 1541 950 ἔλαττον,
1555 918 1617 944 ὅσον
1633 918 1663 944 τὸ
1681 919 1710 944 ὲν
1725 917 1839 951 γνώσει

1036 966 1204 1000 ἁμαρτάνειν
1219 966 1320 1000 χεῖρον.
1343 964 1376 991 Τί
1390 964 1435 990 οὖν
1447 973 1455 998 ;
1468 964 1576 999 ἔχομεν,
1593 965 1686 999 φησὶν,
1702 965 1794 1000 ἡμεῖς
1814 964 1839 989 οξ

1035 1011 1157 1038 Ἰουδαῖοι
1184 1011 1266 1038 πλέον
1284 1019 1328 1043 τι;
1347 1011 1439 1044 Οὐδὲν,
1454 1011 1531 1045 φησι.
1554 1011 1586 1037 Τί
1610 1011 1641 1046 δή
1665 1019 1752 1043 me;
1772 1011 1840 1036 ’Ὁτι

1036 1058 1136 1090 πάντες
1151 1058 1203 1085 ὑπὸ
1216 1057 1355 1093 ἁμαρτίαν
1367 1057 1461 1092 ἐσμὲν,
1477 1058 1603 1084 Ἰουδαῖοι
1619 1066 1649 1083 τε
1666 1058 1713 1084 καὶ
1729 1057 1841 1092 Ἐλλη-

1036 1113 1091 1136 νες.
1113 1115 1122 1131 ι
1137 1105 1281 1136 Ἰουδαίους
1296 1113 1325 1131 τε
1337 1104 1531 1139 καὶἝλληνας,
1546 1105 1656 1136 πάντως
1670 1104 1715 1138 ὑφ’
1738 1104 1840 1138 ἀμαρ-

1035 1151 1095 1177 τίαν
1112 1149 1191 1178 εἶναι.
1214 1160 1224 1176 ι
1241 1151 1324 1178 Οὐδὲν
1339 1149 1396 1183 οὖν,
1412 1150 1540 1186 φησὶ,τῷ
1554 1151 1675 1185 Ἰουδαίῳ
1698 1150 1788 1176 πλέον
1806 1151 1838 1175 ἐκ

1035 1197 1082 1223 τοῦ
1097 1196 1180 1232 νόμου
1194 1204 1202 1212 ·
1218 1197 1269 1222 οὐκ
1282 1196 1399 1230 ἐφύλαξε
1419 1197 1473 1232 γάρ
1483 1205 1490 1212 ·
1505 1196 1566 1223 οὐδὲ
1590 1196 1629 1231 τῷ
1641 1195 1814 1230 ἀχροΰύστῳ
1827 1203 1834 1210 -

1034 1243 1142 1278 ἥμαρτε
1157 1243 1221 1279 γάρ.
1247 1243 1341 1275 Οὐδεὶς
1354 1242 1401 1269 οὖν
1423 1243 1480 1278 ἔχει
1496 1242 1577 1269 πλέον
1601 1242 1648 1268 τοῦ
1663 1242 1759 1269 ἄλλου.
1781 1242 1837 1267 Καὶ

1035 1288 1089 1322 γὰρ
1100 1288 1204 1319 πάντας
1217 1287 1400 1324 ᾐτιασάμεθα,
1413 1287 1552 1314 τουτέστιν
1564 1286 1734 1322 ὴλέγξαμεν,
1750 1286 1836 1316 ὄντας

1036 1334 1079 1368 ὑφ’
1093 1334 1239 1369 ἁμαρτίαν.
1260 1331 1327 1360 Εἶτα
1353 1333 1397 1360 ἵνα
1424 1334 1460 1369 μὴ
1474 1333 1537 1369 δόξῃ
1551 1333 1671 1368 ἐπαχθὲς
1686 1330 1774 1363 εἶναι,
1790 1333 1835 1358 τὸν

1035 1379 1116 1405 Δαὸὶδ
1127 1380 1175 1406 καὶ
1192 1378 1307 1406 Ἡσαΐαν
1319 1379 1397 1414 φέρει
1411 1380 1564 1414 μάρτυρας.
1583 1388 1591 1404 ε
1609 1379 1696 1412 Ἀμα-
1716 1387 1724 1403 ⁵
1746 1378 1795 1412 Τῷ
1807 1378 1834 1403 ἐν

1035 1425 1203 1461 ἀκροϐυστίᾳ
1229 1425 1362 1461 δηλονότι.
1396 1436 1405 1452 ι
1424 1426 1641 1461 Ἦχρειώθησαν.
1670 1433 1679 1451 ι
1699 1425 1783 1460 ’Ἅμα
1798 1423 1837 1458 τῷ

1035 1471 1157 1498 ἐκκλῖναι
1169 1472 1222 1498 ἀπὸ
1238 1472 1317 1504 Θεοῦ,
1331 1473 1434 1507 ἀχρεῖοι
1448 1472 1496 1498 καὶ
1516 1471 1721 1507 ἀπερριμμένοι
1751 1470 1835 1504 γεγέ-

1037 1525 1140 1550 νηνται.
1159 1526 1168 1542 ι
1184 1516 1285 1551 Τάφος,
1304 1525 1314 1542 ›
1331 1517 1378 1546 καὶ
1392 1515 1427 1543 τὰ
1439 1516 1513 1551 ἑξῆς,
1529 1516 1622 1542 Ταῦτα
1636 1517 1693 1546 τοῖς
1709 1515 1839 1541 καταλα·

1040 1562 1115 1588 λοῦσι
1133 1562 1243 1597 πρέπει.
1265 1571 1274 1587 ι
1291 1562 1453 1597 Σύντριμμα
1471 1562 1517 1589 καὶ
1527 1561 1702 1596 ταλαιπωρία
1725 1561 1759 1587 ὲν
1774 1561 1835 1591 ταῖς

1040 1608 1108 1640 ὁδοῖς
1124 1608 1226 1635 αὐτῶν.
1244 1617 1253 1634 ι
1276 1608 1370 1639 Ὁδοὺς
1383 1608 1433 1643 τὴν
1459 1607 1597 1634 πολιτείαν
1621 1608 1688 1642 φησι
1709 1607 1762 1633 καὶ
1789 1606 1837 1640 τὴν

1041 1653 1114 1689 ζωήν
1125 1662 1131 1668 '
1142 1653 1300 1689 σύντριμμα
1311 1653 1339 1680 δὲ
1349 1654 1397 1680 καὶ
1408 1653 1608 1688 ταλαιπωρίαν,
1619 1653 1670 1684 τὰς
1681 1653 1739 1687 ἁμα
1745 1652 1835 1687 ρτιας.

1041 1698 1124 1725 Οὐδὲν
1137 1698 1191 1734 γὰρ
1209 1698 1294 1730 οὕτως
1309 1698 1446 1733 ἐπιτρίϐει
1459 1699 1505 1724 καὶ
1520 1697 1641 1732 ἐξίτηλον
1659 1699 1732 1724 ποιεῖ
1745 1697 1838 1732 ψυχὴν

1040 1745 1088 1770 καὶ
1103 1744 1192 1779 σῶμα,
1216 1743 1254 1776 ὡς
1274 1743 1403 1779 ἁμαρτία.
1425 1753 1434 1770 ι
1458 1744 1533 1770 Ὀδδν
1552 1744 1663 1779 εἰρήνης
1677 1744 1728 1770 οὑκ
1746 1744 1834 1778 ἐγνω-

1041 1799 1101 1818 σαν.
1121 1799 1130 1817 ι
1149 1791 1204 1826 Τὴν
1220 1792 1343 1827 χρηστὴν
1362 1791 1436 1825 λέγει
1449 1790 1599 1817 πολιτείαν.

1077 1883 1206 1918 Οἴδαμεν
1219 1882 1254 1909 δὲ
1271 1883 1315 1910 ὅτι
1330 1883 1389 1910 ὅσα
1405 1885 1421 1910 d
1440 1884 1535 1918 νόμος
1550 1882 1641 1917 λέγει,
1666 1883 1728 1916 τοῖς
1747 1883 1784 1910 ἐν
1797 1882 1837 1915 τῷ

1040 1931 1122 1964 νόμῳ
1132 1930 1234 1957 λαλεῖ·
1247 1931 1297 1956 ἵνα
1313 1929 1374 1957 πᾶν
1383 1931 1482 1965 στόμα
1497 1929 1607 1965 φραγῇ,
1623 1930 1671 1957 καὶ
1683 1931 1836 1962 ὑπόδικος

1040 1975 1160 2010 γένηται
1178 1974 1238 2008 πᾶς
1267 1976 1283 2002 ό
1295 1975 1412 2009 κόσμος
1438 1975 1479 2007 τῷ
1496 1974 1568 2007 Θεῷ.
1584 1976 1662 2002 Διότι
1686 1975 1721 2007 ἐξ
1736 1975 1835 2010 ἔνη-ων

1039 2022 1134 2055 νόμου
1149 2022 1185 2048 οὐ
1198 2021 1426 2055 δικαιωθήσεται
1440 2020 1525 2048 πᾶσα
1544 2011 1623 2055 σὰρξ
1636 2021 1767 2048 ἐνώπιον
1779 2023 1834 2048 m3-

1040 2068 1105 2095 τοῦ.

1075 2113 1133 2140 Ἵνα
1147 2113 1184 2150 μὴ
1192 2114 1307 2148 λέγωσιν
1317 2114 1452 2146 Ἰουδαῖοι,
1465 2114 1555 2141 Καῖτί
1571 2115 1638 2150 πρὸς
1648 2115 1723 2150 ἡμᾶς
1730 2115 1830 2146 tacita;

1039 2160 1077 2187 Οὐ
1094 2160 1201 2191 πάντως
1211 2161 1265 2195 γὰρ
1283 2160 1347 2195 περὶ
1360 2160 1438 2195 ἡμῶν
1457 2160 1576 2195 εἴρηται.
1594 2160 1661 2192 Ναὶ,
1677 2161 1756 2195 φησὶ,
1767 2160 1830 2195 πρὶς

156 2237 162 2241 ,
195 2212 321 2243 tangunt.
337 2208 440 2236 Omnes
453 2216 570 2243 namque
583 2209 636 2236 hoc
650 2208 753 2236 scimus
764 2209 836 2243 quod
856 2216 983 2243 quaecun-

1068 2207 1124 2237 ιᾱς.
1143 2207 1245 2237 Πάντες
1261 2207 1316 2241 γὰρ
1330 2206 1410 2233 τοῦτο
1427 2206 1516 2242 ἴσμεν,
1537 2207 1577 2233 ὅτι
1595 2207 1646 2232 ὅσα
1659 2207 1674 2232 ὁ
1690 2206 1772 2241 νόμος
1787 2206 1830 2232 λέ-

194 2261 248 2287 que
263 2253 330 2280 dicit
350 2253 394 2280 lex
412 2254 501 2288 (vocat
517 2261 609 2282 autem
632 2254 729 2290 legem,
742 2263 825 2282 omne
841 2255 927 2284 Vetus
944 2256 988 2283 ln-

195 2298 392 2332 strumeutum)
409 2298 451 2325 his
467 2300 514 2333 qui
539 2299 567 2326 in
588 2300 648 2334 lege
675 2305 739 2327 sunt
760 2300 897 2335 loquitur.
925 2302 991 2335 Quae

195 2348 255 2370 erat
269 2343 343 2371 enim
360 2345 520 2377 necessitas,
546 2346 646 2380 inquit.
660 2350 690 2373 ut
711 2346 796 2374 David
812 2352 923 2376 exteros
944 2356 989 2375 ar-

196 2393 294 2425 gueret
303 2393 331 2417 et
341 2398 396 2418 non
411 2391 496 2417 suos?
511 2395 558 2417 aut
575 2396 604 2418 ut
619 2392 712 2424 Isaias,
725 2393 771 2427 qui
784 2393 816 2420 ad
829 2393 989 2421 Judreorum

195 2435 399 2462 correctionem
411 2435 530 2462 emissus
539 2441 608 2469 erat,
621 2437 846 2473 alios_carperct?
860 2449 869 2463 ι
886 2438 933 2466 llis
944 2438 990 2473 qui

197 2481 224 2507 in
253 2481 313 2516 lege
349 2485 413 2508 sunt
437 2481 571 2517 loquitur.
600 2493 609 2509 ι
641 2484 727 2512 Caute
761 2484 908 2511 admodum
940 2485 992 2511 hoc

197 2526 278 2562 25,0
295 2529 396 2562 posuit.
422 2528 516 2564 Neque
541 2530 614 2557 enim
633 2530 724 2557 dixit:
749 2531 788 2558 De
804 2530 847 2557 his
863 2530 909 2564 qui
927 2535 992 2558 sunt

197 2571 225 2600 in
241 2574 311 2608 lege,
327 2573 386 2606 sed,
406 2584 414 2599 ι
432 2575 479 2602 His
493 2576 541 2610 qui
558 2581 623 2604 sunt
643 2576 671 2603 in
684 2577 756 2611 lege.
777 2586 788 2602 ι
806 2576 890 2603 Multa
903 2577 992 2611 siqni-

196 2618 259 2646 dem
273 2623 301 2647 et
318 2619 351 2647 de
367 2621 524 2656 Babyloniis
547 2622 623 2655 dicit,
644 2623 791 2657 Persisque
809 2626 836 2649 et
851 2622 938 2649 Medis
961 2631 993 2650 ac

197 2663 350 2700 (Egyptiis,
378 2667 494 2702 aliisque
521 2668 650 2702 plurimis
669 2668 839 2695 nationibus.
867 2668 992 2696 Attamen

196 2713 280 2740 etiam
294 2721 355 2747 quae
375 2715 408 2740 de
423 2714 466 2741 his
484 2719 564 2741 erant
580 2714 721 2745 vaticinia,
745 2713 848 2741 Iudaeis
861 2713 993 2741 aﬂ'erebat

197 2757 244 2790 qui
258 2757 285 2784 in
303 2758 362 2793 lege
376 2763 466 2790 erant,
487 2759 538 2786 hoc
554 2764 597 2786 est
613 2759 665 2786 sub
686 2760 756 2794 lege.
777 2769 785 2785 I
806 2760 841 2788 Ut
863 2767 944 2787 omne
962 2767 994 2786 os

200 2803 357 2831 obturctur.
386 2814 395 2830 ι
422 2803 550 2832 Ostendit
569 2805 713 2839 magniﬁce
737 2805 882 2841 loquentes
908 2805 942 2832 de
963 2813 992 2834 se

199 2844 318 2875 Judmos.
337 2849 378 2877 0b
390 2849 442 2877 hoc
455 2857 521 2884 ergo
532 2851 721 2885 arguebantur
739 2860 753 2879 a
772 2852 925 2888 prophetis,
938 2860 992 2887 quo

1041 2261 1083 2287 γει
1100 2252 1192 2288 (νόμον
1210 2253 1238 2279 δὲ
1251 2252 1324 2286 λέγει
1343 2253 1432 2279 πᾶσαν
1445 2253 1494 2288 τὴν
1518 2252 1665 2287 Παλαιὰν),
1679 2255 1737 2284 τοῖς
1751 2255 1779 2279 ἐν
1794 2251 1829 2286 τῷ

1041 2299 1117 2333 νόμῳ
1131 2298 1216 2324 λαλεῖ.
1235 2298 1301 2324 Ποία
1317 2298 1371 2333 γὰρ
1388 2296 1433 2333 ἦν,
1450 2299 1544 2334 φησὶν,
1560 2299 1668 2334 ἀνάγκη
1696 2299 1735 2332 τῷ
1750 2297 1828 2325 Δαιδῗό

1043 2344 1144 2379 ἐτέρων
1156 2345 1319 2379 κατηγορεῖν
1333 2345 1380 2370 καὶ
1397 2344 1458 2379 οὐχὶ
1469 2344 1523 2370 τῶν
1540 2345 1659 2376 οἰκείων,
1673 2345 1718 2370 καὶ
1735 2343 1829 2372 ἄλλους

1043 2389 1175 2424 ἐλέγχειν,
1190 2390 1236 2416 τὸν
1261 2390 1301 2421 εἰς
1324 2389 1468 2424 διόρθωσιν
1489 2389 1626 2416 Ἰοοδαὶων
1646 2389 1831 2416 ἀποσταλέντι

1052 2436 1185 2468 Ἠσαῖαν;
1201 2444 1210 2460 ι
1224 2436 1287 2467 Τοῖς
1304 2436 1380 2471 ἐντῷ
1395 2436 1469 2470 νόμῳ
1483 2435 1567 2462 λαλεῖ.
1586 2446 1594 2461 ι
1613 2436 1666 2462 Σὺν
1686 2435 1770 2470 πολλῇ
1788 2434 1830 2461 καὶ

1042 2481 1121 2508 τοῦτο
1135 2482 1257 2509 τέθεικεν
1271 2482 1410 2517 ὰκριὸεξᾳ.
1429 2483 1468 2509 Οὐ
1487 2483 1540 2516 γὰρ
1555 2481 1627 2514 εἷπε,
1646 2482 1716 2516 Περὶ
1734 2482 1787 2508 τῶν
1804 2483 1829 2506 ἐν

1043 2528 1127 2563 νόμῳ,
1149 2528 1228 2559 ἀλλὰ,
1246 2538 1255 2554 ‹
1276 2529 1338 2560 Τοῖς
1353 2530 1382 2555 ὲν
1395 2529 1480 2564 νόμῳ.
1500 2538 1508 2553 ι
1525 2528 1613 2555 Πολλὰ
1640 2527 1694 2562 γὰρ
1712 2529 1759 2554 καὶ
1771 2526 1829 2562 περὶ

1044 2573 1221 2601 Βαϐυλωνίων
1249 2575 1334 2608 λέγει,
1353 2574 1460 2609 Περσῶκ
1482 2583 1512 2600 τε
1530 2575 1576 2601 καὶ
1607 2574 1708 2609 Μήδων
1726 2574 1773 2600 καὶ
1789 2573 1829 2599 Αἰ-

1043 2621 1175 2654 γυπτίων,
1193 2622 1240 2647 καὶ
1257 2620 1359 2655 ἑτέρων
1384 2620 1519 2646 πλείστων
1546 2620 1642 2647 ἐθνῶν.
1661 2620 1732 2646 Ἀλλ’
1760 2620 1829 2654 ὅμως

1050 2667 1192 2698 Ἰουδαίους
1209 2667 1255 2693 καὶ
1282 2666 1332 2697 τὰς
1368 2666 1549 2702 περὶτούτων
1566 2666 1734 2701 προρρήσεις
1756 2672 1830 2700 προσ·

1045 2713 1142 2748 έφςρεν
1162 2713 1218 2744 τοῖς
1231 2713 1259 2738 ὲν
1276 2711 1314 2746 τῷ
1327 2712 1412 2746 νόμῳ,
1436 2713 1559 2739 τουτέστι
1574 2714 1631 2743 τοῖς
1658 2712 1711 2738 ὑπὸ
1740 2712 1827 2745 νόμον.

1048 2769 1057 2784 ι
1071 2759 1130 2785 Ἱνσ.
1150 2759 1204 2784 πᾶν
1221 2757 1308 2792 στόμα
1320 2759 1424 2793 φραγῇ.
1449 2767 1458 2784 ι
1476 2759 1603 2784 Δεῐκνυσι
1625 2757 1828 2793 μεγαλορῤήμψ

1023 2804 1032 2810 ’
1045 2814 1094 2836 νας
1109 2805 1172 2836 τοὺς
1184 2803 1339 2836 Ἰουδαίους.
1354 2804 1403 2831 Διὰ
1418 2804 1498 2831 τοῦτο
1524 2804 1670 2839 τοιγαροῦν
1688 2804 1827 2838 ἠλέγχοντο

1046 2849 1099 2877 ὐπδ
1114 2849 1169 2877 τῶν
1187 2848 1346 2885 προψητῶν,
1371 2849 1415 2876 ἵνα
1428 2848 1484 2877 τῶν
1501 2847 1753 2885 μεγαλορῤημόνων
1766 2849 1826 2875 ἀπο-
