1881 3051
45 150 91 180 3ἲΊ

574 144 772 175 COMMENT.
794 145 834 175 IN
850 144 972 175 EPIST.
992 145 1042 175 AD
1055 143 1147 176 ROM.

1622 145 1675 176 390

46 205 170 238 εωνῆναι.
191 202 305 236 «Νόμον
331 199 377 228 οὗν
410 200 604 236 καταργοῦμεν
631 201 683 228 διέιι
705 202 755 236 τῆς
785 201 829 228 πί-

917 204 983 228 ιιιιιι·
996 200 1101 231 Judzei.
1118 199 1196 234 quasi
1214 199 1256 227 lex
1273 206 1323 235 per
1338 198 1419 226 ﬁdem
1433 199 1610 234 abjiceretur.
1627 203 1674 230 Di-

47 259 125 281 στεως
136 258 143 280 ς
156 259 166 275 ι
183 249 349 284 Ἐοορύίουν
361 247 496 280 Ἰουδαῖοι,
514 248 552 280 ὡς
568 248 768 283 ἐπιϐαλλομένου
782 248 830 275 τοῦ

47 298 123 331 νόμον
150 295 194 322 διὰ
223 296 272 329 τῆς
298 294 427 326 πίστεως.
444 294 526 328 Λέγει
540 294 587 321 οὖν
602 295 643 321 ὅτι
659 295 689 321 οὐ
707 295 787 329 μόνον
801 295 830 321 οὺ

47 344 174 377 καταργεῖ
189 342 207 376 ἡ
223 341 315 372 πίστις
333 340 379 366 τὸν
398 341 491 375 νόμον,
509 340 578 366 ἀλλὰ
592 341 639 366 καὶ
654 341 747 375 ἵστησί
762 349 830 373 πως,

47 391 83 416 in
97 390 110 414 ὁ
126 388 208 423 νόμος
227 387 313 413 σῶσαι
332 386 502 421 βουλόμενος,
517 387 568 413 οὐκ
587 387 683 421 ἰσχύει,
696 389 712 422 ἡ
738 387 766 414 δὲ
787 388 832 413 πί-

47 444 99 466 στις
111 435 202 466 σώζει.
221 434 273 460 Τὸν
290 433 336 459 οὖν
350 433 451 459 σκοπὸν
475 432 522 458 τοῦ
547 433 630 467 νόμου
656 433 798 468 πληροῦσα
813 435 829 468 ὴ

47 485 142 511 πίστις,
157 481 268 514 ἵστησιν
283 480 374 506 αὐτόν.
400 479 502 512 Εἰπὼν,
519 479 659 514 Ἱατῶμεν,
684 479 767 512 ἔδειξε
785 488 831 505 σα-

46 527 195 561 λευὸμενον.
209 541 245 546 -—
261 526 385 558 Ἄλλως.
400 526 501 560 Ἔργον
518 523 552 561 ἦν
576 525 624 552 τοῦ
638 525 733 559 νόμου,
759 525 830 551 ὥστε

47 574 143 600 δίκαιον
169 573 285 607 ποιῆσαι
311 573 356 599 τὸν
382 572 536 608 ἄνθρωπον,
564 571 623 598 ἀλλ’
651 572 701 598 οὐκ
724 572 828 607 ἴσχυσε.

48 622 145 652 Πάντες
160 620 334 656 γὰρ,φησὶν,
354 620 517 655 ἦμαρτον,ὴ
543 619 633 650 πίστις
651 619 679 645 δὲ
702 619 828 651 ἐλθοῦσα,

47 668 117 693 τοῦτο
131 667 314 702 κατώρθωσεν
325 674 332 680 ·
349 668 416 701 ὁμοῦ
433 667 487 701 γάρ
500 674 542 696 τις
556 666 699 692 ἐπίστευσε
716 665 763 691 καὶ
777 665 830 691 ἐδι-

48 713 154 748 καιώθη.
168 713 274 739 Οὐκοῦν
286 713 384 746 ἔστησε
398 713 445 739 τοῦ
461 712 544 747 νόμου
560 711 590 738 τὸ
606 711 722 746 θέλημα.
741 712 829 737 Ἀνω-

48 758 88 783 οεν
112 759 125 784 ὁ
143 758 226 792 νόμος
253 758 301 784 καὶ
324 758 349 784 οι
372 757 511 792 προφῆται
536 757 600 792 περὶ
629 757 681 792 τῆς
710 757 829 790 πίστεως

50 804 252 839 προεθέσπισαν.
265 819 297 825 -
311 803 559 839 [OEOAQPITUR]
573 804 718 839 Δεχόμενοι
739 805 829 832 τοίνυν

49 852 91 886 τὴν
104 851 204 883 πίστιν,
223 850 388 885 βεὸαιοῡμεν
402 850 447 876 τὸν
462 849 555 884 νόμον.

83 897 110 924 Τί
125 897 180 923 οὖν
209 896 339 931 ἐροῦμεν
361 895 487 930 Ἀϐραὰμ
517 895 572 922 τὸν
603 895 717 930 πατέρα
745 895 830 930 ἡμῶν

49 943 196 977 εὑρηκέναι
211 943 288 968 κατὰ
302 942 419 975 σίὶρκα;

79 988 154 1021 Μέγα
170 987 306 1022 ἐφρόνουν
322 987 369 1013 ἐπὶ
385 987 424 1022 τῷ
435 986 564 1022 Ἀϐραὰμ
587 988 611 1013 ot
633 987 766 1020 Ἰουδαῖοι,
783 987 830 1014 καὶ

51 1036 88 1062 ἀεὶ
99 1035 249 1070 προέφερον
264 1035 305 1061 ὃτι
319 1034 446 1069 Ἀϐραὰμ
463 1034 648 1070 περιετμήοη.
666 1034 771 1066 Σκοπὸς
783 1032 830 1061 οὖν

51 1079 115 1114 αὐτῷ
128 1079 225 1112 δεῖξαι,
237 1080 280 1106 ὅτι
295 1080 343 1106 καὶ
358 1079 439 1109 αὐτὸς
455 1079 583 1114 Ἀϐραὰμ
603 1079 653 1106 οὐκ
674 1080 704 1111 ἐξ
728 1080 828 1114 ἔργων,

51 1125 100 1152 ἀλλ’
116 1126 147 1151 ἐκ
161 1126 282 1157 πίστεως
305 1124 463 1160 ἐδικαιώθη.
485 1125 532 1151 καί
550 1133 633 1159 φησι·
655 1125 706 1151 «Τί
720 1125 767 1152 οὖν
780 1126 824 1151 λέ-

50 1179 124 1206 γομεν
141 1172 270 1207 Ἀὸρειάμ
289 1171 334 1198 τὸν
354 1171 425 1198 κατὰ
449 1171 537 1206 σάρκα
560 1172 665 1207 πατέρα
686 1171 765 1206 ἡμῶν
783 1172 827 1198 εύ-

52 1221 170 1253 ριικεναη
185 1228 193 1244 ι
212 1219 263 1244 καὶ
278 1217 350 1249 τίνος
374 1218 456 1244 αὐτῦν
479 1219 706 1253 ὲπιτετυχηκέναι
730 1218 831 1245 δικαιο-

52 1254 140 1299 «om;
157 1265 206 1299 τῆς
223 1264 260 1289 δι’
274 1264 375 1298 ἔργων,
390 1264 406 1298 ἢ
423 1263 472 1298 τῆς
495 1264 539 1290 διὰ
558 1264 692 1297 πίστεωςς
710 1265 763 1291 Καὶ
778 1265 832 1292 δεί-

52 1319 144 1343 κνυσιν,
170 1310 280 1344 ὃτιτῆς
307 1310 352 1336 διὰ
386 1310 516 1341 πίστεως·
534 1309 616 1336 Ὅθεν
641 1310 689 1336 καὶ
721 1310 831 1346 εὖρημα

52 1355 125 1390 αὐτὴν
139 1355 225 1382 καλεῖ.
247 1354 323 1381 Ἐπεὶ
345 1354 382 1390 μὴ
408 1355 437 1387 ἐξ
463 1354 552 1388 ἔργων
575 1354 659 1389 αὐτὴν
683 1355 828 1390 ἐκτήσατο,

52 1401 100 1427 ἀλλ’
124 1403 154 1427 ὲκ
181 1401 314 1433 πίστεως,
332 1401 393 1435 ἥτις
417 1400 509 1434 χάριτι
533 1399 601 1426 θεοῦ
622 1400 832 1435 παρέχεται.-

54 1446 270 1483 [ΓΕΝΝΛΔΙΟΥ.]
283 1447 351 1473 Καίν
361 1446 410 1472 {me
416 1445 512 1480 ρεατόν
520 1446 593 1472 ἐστιν
602 1446 619 1480 ὴ
632 1446 719 1481 ῥῆσις,
731 1447 830 1474 οὑτωσί

32 1530 38 1536 _
53 1503 102 1524 πως
118 1494 228 1528 κειμένη
243 1501 251 1508 ·
271 1492 304 1518 Τί
326 1492 373 1518 οὖν
398 1491 516 1526 ἐροῦμεν
534 1491 661 1527 Ἀϐραὰμ
687 1493 732 1519 τὸν
760 1494 830 1520 κατὰ

884 248 923 275 cit
937 255 1006 282 ergo
1032 247 1105 282 quod
1122 255 1176 274 non
1191 247 1280 274 solum
1307 247 1413 274 irritam
1432 255 1486 274 non
1508 247 1573 275 facit
1587 248 1674 284 legem

883 293 974 322 ﬁdes:
993 294 1146 329 quinetiam
1174 293 1378 328 quodammodo
1398 294 1525 321 stabilit:
1546 294 1610 329 quia
1631 295 1676 323 lex

884 347 947 367 eum
961 340 1067 367 salvare
1084 340 1177 374 cupiat
1189 347 1242 366 non
1257 343 1357 374 potest,
1377 340 1443 366 Iides
1454 345 1544 368 autem
1566 341 1653 368 salvat
1666 351 1674 368 :

885 393 947 412 cmn
960 393 1025 421 ergo
1035 386 1104 420 legis
1121 393 1234 420 scopum
1251 385 1318 412 ﬁdes
1335 386 1456 420 impleat,
1470 387 1570 414 merito
1587 387 1675 414 stabi—

881 431 932 458 lire
950 431 1252 458 illamdicitur.Dieens
1268 435 1375 462 autem,
1389 433 1562 465 Stabilimus,
1579 438 1674 460 osten-

881 478 921 504 dit
937 478 1010 504 illam
1028 478 1284 505 vacillantem.A1i0
1302 480 1388 505 modo.
1400 478 1480 513 Legis
1495 487 1564 513 opus
1575 484 1635 506 erat
1647 483 1676 506 ut

877 524 982 558 justum
992 524 1238 552 facerethominem
1251 534 1257 551 :
1268 533 1361 552 verum
1375 525 1426 552 hoc
1437 532 1491 552 non
1503 525 1603 559 potuit,
1612 533 1675 552 nam

881 571 999 603 (ltnnes,
1017 570 1118 605 inquit,
1134 575 1319 605 peccaverunt
1336 581 1341 597 :
1359 579 1420 597 eum
1434 576 1525 597 autem
1557 571 1676 598 venisset

880 615 958 644 ﬁdes.
974 616 1000 642 id
1016 616 1153 643 correxit:
1166 615 1248 643 simul
1266 623 1298 642 ac
1313 616 1385 642 enim
1398 616 1533 650 quispiam
1545 615 1674 648 credidit,

880 662 962 689 etiam
974 662 1141 697 justiﬁeatus
1151 666 1202 688 est.
1215 661 1354 688 Stabilivit
1368 662 1460 697 itaque
1472 662 1540 697 legis
1555 662 1678 688 volunta-

881 713 946 735 tem.
969 708 1166 743 Superioribus
1184 707 1355 742 temporibus
1377 708 1419 734 lex
1444 716 1476 735 ac
1491 708 1629 743 prophetae
1641 707 1675 734 de

880 753 933 781 tlde
945 753 1086 781 vaticinati
1102 757 1178 782 sunt.
1189 768 1225 774 —
1235 754 1330 782 Fidem
1343 762 1409 788 ergo
1419 754 1601 788 suscipientes
1609 760 1676 781 con-

879 800 1023 828 ﬁrmamus
1035 800 1136 836 legem.

914 906 958 939 IV,
973 907 998 933 1.
1014 905 1084 939 Quid
1097 913 1159 941 ergo
1168 906 1280 932 dicimus
1293 905 1426 932 Abraham
1439 909 1543 940 patrem
1555 908 1674 931 nostrum

878 953 1011 979 inuenisse
1027 952 1171 979 secundant
1187 951 1317 978 cantem?

914 995 996 1032 246
1021 995 1244 1023 lotumeseebant
1263 995 1350 1023 Judzei
1383 994 1501 1022 Abrahae
1536 994 1649 1022 nomine
1664 1015 1672 1027 ,

879 1050 1043 1077 semperque
1069 1042 1250 1077 proferebant
1280 1041 1355 1076 quod
1386 1041 1569 1068 circumcisus
1599 1045 1673 1068 esset

879 1088 1027 1115 Abraham.
1046 1088 1096 1115 Hic
1109 1096 1175 1123 ergo
1195 1095 1297 1122 scopus
1310 1093 1351 1115 est
1363 1082 1495 1122 Apostolo
1513 1087 1670 1118 ostendere.

880 1134 969 1168 ipsum
992 1142 1103 1169 quoque
1131 1134 1269 1161 Abraham
1286 1142 1340 1160 non
1352 1142 1385 1160 ex
1406 1133 1549 1167 operibus,
1568 1133 1615 1159 sed
1638 1141 1672 1159 ex

881 1180 934 1207 ﬁde
953 1180 1137 1214 justiﬁeatum
1155 1180 1326 1209 esse.etnit:
1347 1187 1357 1203 ι
1375 1178 1445 1211 Quid
1468 1186 1534 1213 ergo
1555 1178 1672 1205 dicimus

880 1225 1017 1253 Abraham
1030 1229 1136 1260 patrem
1155 1229 1281 1251 nostrum
1298 1224 1451 1251 secundum
1466 1232 1578 1251 carnem
1592 1224 1671 1251 inve-

880 1271 954 1298 nisse
964 1271 990 1298 ’ἓν
1000 1279 1118 1306 quamve
1129 1275 1319 1298 assecutusest
1337 1270 1492 1305 justitiam?
1502 1278 1599 1298 eamne
1611 1277 1673 1305 quae

881 1322 922 1344 est
938 1324 987 1351 per
1005 1324 1100 1351 opera,
1115 1324 1149 1342 an
1162 1324 1223 1350 quae
1240 1323 1289 1350 per
1305 1315 1387 1343 ﬁdem
1403 1317 1454 1342 ἳει
1466 1316 1587 1344 ostendit
1598 1316 1672 1351 quod

880 1370 941 1390 eam
960 1370 1022 1397 quae
1037 1367 1079 1389 est
1096 1370 1145 1396 per
1165 1362 1246 1389 ﬁdem
1263 1370 1269 1388 :
1290 1361 1362 1388 unde
1377 1365 1405 1389 et
1424 1362 1499 1389 illam
1517 1366 1597 1388 vocat
1614 1370 1672 1389 rem

882 1408 1032 1440 inventam,
1062 1408 1126 1442 quia
1153 1415 1207 1434 non
1233 1415 1266 1435 ex
1283 1407 1414 1442 operibus
1437 1415 1496 1434 eam
1511 1411 1609 1435 nactus
1619 1411 1672 1441 est,

882 1454 930 1482 sed
945 1462 977 1481 ex
991 1454 1042 1480 ﬁde
1058 1461 1118 1488 quae
1132 1453 1180 1480 Dei
1197 1453 1285 1487 gratia
1298 1453 1450 1480 confertur.
1462 1469 1497 1474 —
1513 1454 1564 1481 Per
1575 1454 1674 1489 hyper-

881 1500 965 1527 baton
981 1505 1023 1527 est
1039 1500 1152 1531 locutio,
1173 1504 1202 1526 ut
1218 1500 1255 1526 ita
1268 1505 1388 1534 ponatur
1404 1508 1410 1526 :
1425 1499 1496 1532 Quid
1509 1507 1576 1534 ergo
1596 1500 1673 1528 dice-

54 1541 132 1576 σὰρκα
147 1541 252 1575 πατέρα
262 1540 343 1575 ἡμῶν
358 1539 519 1575 εὐρηκὲναι;
541 1539 718 1574 ’Δνὲλοωμεν,
735 1542 827 1575 φησιν,

914 1554 944 1573 us
954 1545 1102 1578 Abraham,
1117 1546 1164 1580 qui
1180 1545 1331 1573 secundum
1343 1553 1453 1572 carnem
1462 1551 1505 1572 est
1520 1550 1598 1580 pater
1621 1554 1673 1573 no-

53 1587 93 1613 ἐπι
112 1588 154 1615 τὸν
180 1587 304 1623 ἀρχηγὸν
327 1586 373 1614 τοῦ
397 1586 467 1613 κατὰ
484 1586 573 1621 σάρκα
588 1586 682 1620 γένους
697 1587 785 1621 ἡμῶν,
800 1587 829 1614 ὃν

54 1635 80 1660 ἐκ
92 1635 193 1661 πάντων
207 1633 295 1660 ἐθνῶν
308 1632 491 1667 ἐκλεξάμενος
514 1632 528 1658 ὁ
553 1631 630 1663 Θεὸς,
647 1632 777 1667 εὐλύγησέ
799 1641 829 1659 τε

55 1680 94 1706 καὶ
110 1681 145 1712 εἰς
161 1680 222 1712 τοὺς
238 1679 270 1712 ἐξ
281 1679 363 1706 αὑτοῦ
378 1678 412 1705 δι’
423 1678 504 1705 αὐτοῦ
520 1678 554 1705 τὰ
572 1678 622 1713 τῆς
636 1678 760 1711 εὐλογίας
778 1678 830 1705 ὑπ-

55 1726 136 1760 έσχετο
152 1726 358 1762 παραπέμψειν.
371 1725 455 1760 Δῆλον
473 1725 526 1760 γὰρ
541 1725 582 1751 ὅτι
599 1725 672 1756 ὅπως
684 1725 717 1751 ἂν
725 1725 781 1759 ἔχοι
796 1724 831 1751 τὰ

55 1773 106 1798 κατ’
121 1772 208 1804 αὐτὸν,
218 1771 310 1803 οὕτως
327 1772 424 1806 σχήσει
437 1771 528 1797 καὶτὰ
539 1770 710 1806 ὴμέτερα.-
727 1769 829 1807 [ΦΩΤ.]

56 1817 94 1849 Τὸ,
112 1827 119 1843 ι
135 1819 211 1845 Κατὰ
237 1819 341 1853 σάρκα,
355 1827 363 1843 ι
381 1818 410 1843 ὲν
433 1817 581 1852 ὑπερόατῷ
609 1818 710 1844 κεῖται.
739 1817 776 1843 'H
802 1817 830 1844 δὲ

56 1863 116 1889 κατὰ
141 1863 234 1897 φύσιν,
258 1863 328 1890 ἀλλὰ
358 1862 395 1897 μὴ
418 1862 490 1889 κατὰ
518 1864 612 1898 σχῆμὰ
636 1862 770 1898 ἑρμηνεία
783 1862 830 1889 τοῦ

57 1907 124 1941 λόγου
135 1917 142 1924 ·
161 1909 192 1935 Τί
206 1908 254 1936 οὖν
272 1908 388 1944 ἐροῦμεν
400 1908 526 1944 ’Δόραὰμ
544 1909 692 1944 εὑρηκέναι
704 1909 749 1935 τὸν
762 1909 831 1935 κατὰ

57 1954 133 1990 σάρκα
146 1956 224 1991 ἡμῶν
245 1956 369 1991 πατέρα;
387 1955 454 1991 πρὶς
472 1955 616 1987 Ἰουδαίους
642 1955 670 1982 δὲ
696 1955 710 1981 ό
741 1956 830 1990 λόγος.

56 1998 117 2032 Οἴον,
133 2002 192 2028 ἐπεί
208 2011 288 2037 φησι,
305 2003 342 2028 Τὸ
359 2003 414 2029 πᾶν
429 2002 493 2036 ὑμῖν
514 2002 564 2036 τῆς
586 2002 765 2036 σεμνολογίας
784 2003 831 2028 καὶ

58 2048 231 2083 μεγαλαυχίας
244 2050 272 2075 ἐν
283 2049 320 2083 τῷ
332 2050 403 2075 κατᾶ
410 2048 500 2084 σάρκα
515 2049 602 2084 πατρὶ
617 2048 696 2084 ἡμῶν
705 2049 832 2083 Ἀϐρααμ.

57 2094 115 2124 tm,
131 2096 314 2130 σκοπήσωμεν
326 2095 352 2121 τί
367 2095 399 2121 ἂν
414 2096 539 2130 εἴποιμεν
553 2096 657 2121 ἐκεῖνον
672 2095 830 2129 εὑρηκέναι.

56 2138 102 2164 Καί
116 2149 194 2174 φησιν
220 2141 303 2171 αὐτὸς
320 2139 435 2175 προῖὼν,
454 2140 494 2166 ὅτι
511 2140 557 2166 καὶ
570 2140 742 2174 δικαιοσύνην
757 2137 830 2176 εὗρε.

57 2183 131 2212 Tui-.0
145 2187 197 2221 γάρ
210 2188 270 2213 ἐστι
291 2186 330 2218 τὸ,
351 2196 360 2212 ι
376 2187 430 2212 Καὶ
451 2186 578 2220 ἐλογίσθη
593 2186 667 2220 αὑτῷ
678 2187 717 2217 είς
730 2186 833 2213 δικαιο-

881 1597 954 1624 ster,
972 1592 1132 1620 invenisse?
1150 1591 1348 1624 Aseendamus,
1371 1591 1471 1626 inquit,
1491 1591 1524 1618 ad
1537 1591 1672 1626 originem

881 1637 990 1674 generis
1005 1638 1093 1666 nostri
1106 1637 1259 1665 secundum
1276 1645 1400 1668 carnem,
1411 1642 1439 1664 et
1458 1645 1521 1664 eum
1540 1646 1622 1672 quem
1638 1645 1673 1665 ex

881 1683 1011 1711 omnibus
1037 1683 1170 1718 gentibus
1195 1683 1314 1710 electum
1335 1682 1476 1709 benedixit
1489 1683 1561 1710 Deus
1578 1687 1624 1710 :et
1644 1683 1673 1711 in

881 1737 929 1758 eos
955 1730 1003 1765 qui
1028 1730 1111 1757 abeo
1139 1729 1352 1760 descenderent,
1379 1736 1440 1763 qua:
1471 1729 1674 1760 benedictionis

881 1781 961 1804 erant
989 1784 1039 1811 per
1055 1784 1118 1804 eum
1132 1784 1161 1804 se
1178 1776 1327 1804 missurum
1354 1783 1416 1803 esse
1430 1776 1568 1811 promisit.
1587 1776 1674 1804 Mani-

882 1822 982 1850 festum
1003 1825 1047 1849 est
1071 1821 1145 1849 enim
1161 1821 1250 1856 quod,
1270 1820 1352 1848 sicuti
1371 1821 1494 1848 eumillo
1509 1826 1600 1848 actum
1620 1826 1671 1854 est,

883 1868 918 1895 ita
932 1872 960 1895 et
974 1867 1118 1894 nobiseum
1131 1872 1239 1901 agetur.
1260 1882 1293 1887 -—
1309 1866 1446 1893 Particula
1461 1866 1517 1897 illa,
1538 1876 1546 1892 ι
1566 1866 1673 1894 Secun-

882 1914 947 1942 dum
974 1921 1096 1946 carnem,
1119 1923 1127 1938 ι
1141 1921 1191 1948 per
1207 1912 1377 1948 hyperbaton
1399 1912 1519 1947 ponitur.
1541 1911 1674 1940 Ordinatc

882 1968 949 1988 vero
973 1966 999 1987 et
1017 1967 1072 1986 non
1094 1960 1171 1994 juxta
1199 1959 1310 1986 schema
1327 1959 1380 1985 erit
1401 1958 1458 1985 haec
1482 1958 1674 1992 interpretatio

883 2007 1020 2034 sermonis
1035 2015 1041 2033 :
1060 2006 1130 2039 Quid
1151 2014 1216 2040 ergo
1229 2005 1353 2032 dicemus
1369 2005 1505 2032 Abraham
1524 2005 1672 2037 invenisse,

882 2054 930 2088 qui
946 2053 1099 2080 secundum
1122 2060 1233 2080 carnem
1249 2057 1327 2086 pater
1340 2056 1434 2078 noster
1446 2051 1508 2078 est?
1534 2051 1618 2078 Porro
1639 2050 1673 2078 ad

882 2099 993 2127 Iudaeos
1005 2106 1098 2126 sermo
1117 2102 1169 2130 est,
1188 2105 1221 2124 ac
1235 2097 1257 2124 si
1271 2097 1346 2124 dicat
1365 2105 1371 2122 :
1385 2097 1453 2124 Cum
1471 2096 1558 2123 nostri
1575 2103 1674 2130 super-

883 2145 938 2172 eilii
955 2153 987 2172 ae
999 2144 1137 2180 jactanlia:
1150 2151 1257 2171 summa
1271 2143 1306 2170 sit
1319 2142 1345 2170 in
1357 2142 1506 2174 Abraham,
1521 2142 1585 2176 quia
1597 2146 1675 2176 pater

883 2195 978 2218 noster
998 2195 1040 2217 est
1055 2189 1207 2217 secundum
1224 2195 1349 2220 carnem,
1364 2187 1574 2214 consideremus
1590 2186 1673 2220 quid-

59 2230 139 2267 σῦνην,
151 2242 159 2258 ι
177 2234 327 2263 τουτέστιν,
341 2233 381 2259 ὅτι
393 2231 551 2266 ἐδικαιώθη.
572 2232 608 2258 Τὺ
621 2232 676 2267 γὰρ
693 2233 783 2266 εὑρεῖν
793 2233 830 2259 δι-

914 2245 947 2264 ιιιι
969 2235 1061 2262 dicere
1089 2234 1227 2269 possimus
1243 2234 1321 2260 illum
1344 2232 1492 2260 invenisse.
1508 2231 1542 2258 Et
1560 2231 1597 2258 ait
1616 2231 1673 2265 ipse

59 2279 202 2314 καιοσύνην,
219 2279 400 2314 δικαιωθῆναι
422 2280 507 2305 ἐστιν.
525 2275 611 2313 Εὗρεν
629 2278 676 2305 οὖν
694 2279 831 2306 δικαιοσύ-

59 2331 107 2357 νην,
131 2325 195 2353 ἀλλὰ
222 2325 282 2356 πῶς
302 2323 394 2361 εὖρενς
412 2325 458 2358 Ἐξ
481 2325 581 2360 ἔργων,
606 2324 622 2360 ἣ
642 2326 674 2352 ἐκ
693 2325 828 2359 πίστεωςς

59 2370 105 2397 Καὶ
119 2371 250 2398 δείκνυσιν
262 2372 302 2398 ὃτι
322 2373 352 2398 ἐκ
366 2371 494 2402 πίστεως,
514 2371 641 2406 μάρτυρα
656 2371 705 2406 τὴν
720 2372 831 2407 Γραφὴν

60 2417 190 2450 παριστὰς.
212 2416 374 2443 Ἐπίστευσε
412 2416 478 2451 γὰρ,
509 2416 604 2450 φησιν,
637 2416 765 2451 Ἀϐραὰμ
793 2417 832 2454 τῷ

60 2460 117 2497 Θεῷ,
139 2463 183 2489 καὶ
205 2463 331 2498 ἐλογίσθη
356 2462 431 2498 αὑτῷ
462 2463 502 2494 εἰς
525 2463 710 2499 δικαιοσύνην,
727 2464 759 2490 Τί
773 2462 830 2496 οὖν.

61 2509 140 2542 φησιν,
165 2511 214 2537 οὐκ
240 2508 312 2545 εἶγεν
335 2510 403 2545 ἔργα
418 2510 432 2536 ὁ
452 2510 596 2546 Ἀὄραάμς
627 2511 684 2538 Οὐκ
712 2511 831 2538 ἐδικαίου

60 2555 133 2582 ταῦτα
154 2558 253 2590 αὑτόν;
280 2558 325 2593 Μὴ
353 2557 474 2591 γένοιτοί
494 2558 583 2592 Ἔργα
612 2557 661 2592 μὲν
678 2557 732 2592 γὰρ
749 2556 832 2592 εἶχεν,

61 2599 120 2627 ὥστε
131 2603 195 2638 πρὸς
207 2605 268 2635 τοὺς
286 2603 571 2638 συμπολιτευομένους
585 2602 659 2638 αὐτῷ
672 2603 833 2638 ἀνορώπους
846 2604 848 2606 ⁷

63 2649 216 2684 κρινόμενον,
233 2650 412 2685 δικαιωθῆναι
437 2650 484 2676 καὶ
502 2649 686 2685 προκριθῆναι
709 2650 831 2677 ἐκείνων.

62 2692 92 2718 Τὸ
116 2695 141 2721 δὲ
166 2696 232 2731 πρὸς
257 2697 302 2723 τὸν
317 2696 383 2722 Θεὸν
410 2695 588 2731 δικαιωθῆναι
605 2696 636 2722 ὲκ
660 2696 714 2722 τῶν
744 2695 833 2730 ἔργων

63 2740 145 2774 αὑτοῦ,
158 2742 226 2769 ὥστε
250 2743 323 2775 ἄξιον
346 2743 394 2770 καὶ
412 2742 565 2769 ἰσοστάσιον
577 2742 673 2769 ἑαυτὸν
689 2743 834 2776 παραστῆ-

65 2796 102 2814 σαι
116 2789 161 2822 τῆς
185 2791 289 2817 ἐκεῖθεν
317 2789 512 2826 παρεχομένης
539 2789 701 2824 εὐεργεσίας
722 2790 769 2816 καὶ
783 2789 834 2816 δω-

66 2836 128 2868 ρεᾶς,
155 2837 290 2869 παντελῶς
321 2837 498 2864 ἀπελείπετο.
528 2835 634 2862 Οὐκοῦν
662 2834 738 2861 οὐδὲν
766 2834 834 2866 ὅλως

67 2880 113 2915 ἔχει
127 2883 260 2919 καύχημα,
272 2884 331 2920 ἦτοι
345 2882 506 2918 προτέρημα
522 2882 569 2908 καὶ
581 2881 748 2916 κατόρθωμα
765 2881 833 2917 πρὸς

883 2282 911 2308 in
939 2280 1121 2316 sequentibus
1144 2279 1216 2314 quod
1248 2278 1333 2306 etiam
1362 2277 1497 2313 justitiam
1525 2277 1672 2304 invenerit.

885 2328 943 2354 Hoc
962 2326 1036 2354 enim
1050 2331 1092 2353 est
1109 2325 1183 2361 quod
1201 2325 1240 2352 ait
1257 2333 1263 2351 :
1284 2333 1292 2350 t
1312 2323 1517 2358 Etimputatum
1533 2326 1575 2350 est
1600 2321 1624 2349 ei
1639 2321 1673 2349 ad

881 2373 1029 2409 justitiam,
1047 2381 1056 2398 ι
1068 2372 1120 2399 hor
1131 2377 1184 2405 est,
1196 2371 1268 2406 quod
1280 2370 1447 2406 justiﬁeatus
1463 2374 1513 2398 est.
1531 2369 1673 2404 Siquidem

884 2419 1023 2447 invenisse
1039 2419 1097 2446 sive
1111 2423 1222 2445 nactum
1239 2425 1301 2444 esse
1314 2417 1464 2453 justitiam.
1481 2420 1523 2443 est
1537 2415 1674 2450 justiﬁea-

885 2471 943 2493 tum
964 2472 1035 2492 esse.
1050 2464 1159 2492 Invenit
1175 2470 1242 2499 ergo
1254 2467 1282 2490 et
1297 2467 1394 2490 nactus
1405 2465 1447 2489 est
1467 2461 1614 2496 justitiam.
1639 2461 1674 2487 At

883 2511 1023 2546 quomodo
1038 2515 1137 2538 nactus
1148 2509 1215 2536 'est?
1241 2517 1276 2536 ex
1292 2509 1434 2543 operibus,
1455 2516 1489 2535 an
1503 2517 1536 2535 ex
1553 2507 1624 2535 ﬁde?
1639 2507 1674 2534 Et

884 2558 1006 2586 ostendit
1016 2557 1089 2592 quod
1102 2565 1135 2584 ex
1153 2556 1218 2588 ﬁde,
1239 2563 1302 2583 cutn
1317 2555 1486 2590 Seripturam
1501 2554 1630 2589 producit
1646 2554 1672 2580 in

885 2608 993 2631 testem.
1006 2603 1074 2630 Nam
1088 2603 1126 2630 ait
1142 2611 1148 2629 :
1166 2612 1174 2628 ι
1193 2601 1319 2630 Credidit
1333 2601 1472 2628 Abraham
1489 2601 1553 2631 Deo,
1567 2605 1594 2626 et
1619 2599 1671 2625 im-

885 2654 1011 2686 putatum
1028 2654 1071 2677 est
1083 2648 1109 2676 ei
1125 2648 1159 2675 ad
1175 2648 1323 2684 justitiam.
1347 2657 1356 2674 ι
1383 2646 1455 2680 Quid
1472 2654 1550 2681 ergo.
1572 2644 1672 2679 inquit,

884 2705 939 2724 non
956 2696 1053 2723 habuit
1064 2695 1201 2722 Abraham
1213 2701 1296 2729 opera
1306 2694 1317 2720 Ἰ
1328 2701 1383 2720 non
1400 2693 1459 2720 haec
1474 2692 1550 2719 illum
1570 2689 1672 2726 justifi-

885 2741 1099 2770 carunt‘lAbsit
1112 2741 1118 2767 ι
1133 2740 1223 2776 Opera
1238 2739 1375 2774 siquidem
1389 2737 1497 2767 habuit.
1513 2740 1543 2763 ut
1565 2735 1587 2761 si
1609 2743 1672 2762 eum

886 2788 1045 2816 hominibus
1056 2788 1103 2822 qui
1116 2786 1197 2815 simul
1212 2794 1274 2814 eum
1287 2793 1321 2813 eo
1334 2784 1515 2812 versabantur
1530 2781 1627 2808 fuisset
1645 2781 1672 2808 in

882 2834 989 2870 judicio
1000 2833 1180 2865 constitutus,
1203 2829 1462 2866 faeilejustiﬁeatus
1476 2827 1582 2859 fuisset.
1605 2827 1673 2854 illis.

886 2888 940 2915 que
970 2878 1152 2914 antepositus,
1167 2885 1262 2906 verum
1276 2881 1306 2904 ut
1317 2883 1410 2903 coram
1427 2875 1483 2902 Deo
1494 2882 1527 2902 ex
1541 2873 1597 2901 SlliS
1605 2880 1671 2908 ope-
