1881 3051
177 124 233 157 379

726 122 925 155 (ECUMENII
945 122 1090 153 TBICCJS
1110 122 1281 153 EPISCOPI

1762 125 1822 157 380

179 182 227 216 qui
240 179 294 207 illis
304 179 413 214 eloquia
426 180 606 211 concredidit,
623 179 670 214 qui
687 179 886 214 promissiones
897 187 971 206 com-

1063 179 1165 214 γκρίνει
1181 178 1235 204 τῶν
1250 177 1429 214 ἀκροὸύστων
1444 177 1490 204 καὶ
1522 177 1578 204 τῶν
1606 187 1819 215 περιτετμημερ-

177 226 272 260 plevit,
289 225 363 252 nullo
379 229 493 260 accepto
509 225 707 260 impedimento
724 233 773 260 per
788 225 962 252 incredulos:

178 272 223 299 hic
237 276 328 299 autem
349 271 421 306 ipsas
435 271 542 298 confert
556 279 604 306 per
620 279 649 298 se
665 279 797 305 personas
818 271 966 298 circumci-

178 325 274 345 sorum
297 325 329 344 ac
343 317 567 352 praeputiatorum
581 325 588 343 :
607 321 635 344 et
649 317 716 344 dicit
738 317 804 351 ipsis
819 316 887 343 nihil
899 317 966 343 alte»

179 372 226 391 ros
249 364 343 390 alteris
360 363 526 398 przecellere.
551 363 693 398 Siquidem
710 364 756 398 qui
773 364 902 390 virtutem
920 370 966 390 co-

177 409 237 436 lunt
259 410 447 444 cujuscunque
465 410 521 437 sint
543 409 660 442 ordinis,
677 409 812 437 beneﬁcio
839 409 967 445 similiter

176 455 324 482 fruuntur:
349 463 516 491 rursumque
540 461 772 491 transgressores,
787 456 845 482 sive
864 464 898 483 ex
913 455 969 482 cir-

176 502 305 529 cumcisis
329 502 394 533 sint,
421 502 479 529 sive
507 502 691 537 prwputiatis,
714 499 887 529 consimilem
912 501 967 528 sibi

177 548 244 582 ipsis
258 556 365 582 pcnnam
381 548 584 575 conciliabunt.

210 593 292 628 239
305 593 364 620 Non
379 593 470 628 itaque
486 597 617 628 pugnant,
631 592 705 620 Nihil
721 593 914 628 praecellimus;
930 596 969 624 et,

175 639 261 666 Multa
272 644 315 667 est
330 640 492 667 excellentia
503 640 601 672 Judaei,
612 647 644 667 ac
659 639 879 667 circumcisionis
893 640 970 667 utili-

177 691 218 713 tas
234 694 240 712 :
256 686 334 721 juxta
351 686 435 713 alium
449 686 522 713 enim
536 686 647 713 modum
662 685 701 713 ibi
712 685 816 712 dictum
827 690 879 717 est,
894 686 970 721 juxta

175 730 259 757 alium
271 730 315 757 hic
324 731 493 765 comparatio
503 731 600 757 tradita
610 736 660 758 est.
668 731 736 758 Cum
743 738 808 766 ergo
815 730 842 758 in
850 732 972 766 superioo

176 776 382 809 ribusdixisset,
393 776 659 809 ExcellentiaJudaai,
670 784 701 804 ac
707 777 973 805 docuissetJudaeum

176 821 279 849 habere
303 822 493 849 excellentiam
505 843 512 854 ,
531 822 567 849 ob
582 822 767 850 concreditam
786 822 882 857 legem,
900 831 973 851 nunc

140 899 149 903 ξ
177 867 298 893 ostendit.
315 867 388 901 ipsos
404 868 508 894 nullam
526 868 626 895 habere
638 868 838 899 excellentiam.
850 870 923 904 quod
938 870 972 897 il-
989 859 1010 889 Β

177 912 231 939 lam
243 920 295 939 non
305 914 490 940 servaverint:
499 914 565 948 quin
576 915 668 949 potius
677 919 751 942 tanto
759 915 904 943 inferiores
913 924 973 944 esse

177 963 282 993 quanto
298 959 376 994 pejus
391 964 433 987 est
456 968 489 987 ex
503 960 617 988 scientia
635 968 761 995 peccare.
789 961 860 994 Quid
884 961 974 997 ergo?

178 1004 322 1037 habemus,
348 1006 448 1040 inquit,
468 1014 518 1034 nos
543 1006 629 1034 Judaei
654 1007 757 1042 aliquid
782 1009 974 1035 excellentiaa?

177 1049 264 1082 Nihil,
279 1051 378 1085 inquit.
398 1052 453 1078 Cur
465 1052 491 1079 id
509 1052 637 1079 tandem?
654 1052 722 1086 Quia
736 1061 831 1080 omnes
848 1054 899 1080 sub
911 1062 974 1089 pec—

179 1099 242 1123 cato
266 1104 376 1124 eramus
400 1101 454 1124 tam
466 1097 553 1125 Judmi
571 1106 653 1133 quam
669 1098 766 1126 Graeci.
787 1108 796 1124 ε
813 1099 847 1126 Et
864 1099 973 1127 Iudaeos

178 1147 207 1170 et
232 1142 343 1170 Grmcos
368 1144 482 1171 omnino
501 1145 553 1171 sub
577 1150 691 1180 peccato
714 1154 785 1173 esse.
807 1155 816 1172 ι
838 1146 913 1173 Nihil
929 1154 973 1173 er-

177 1196 211 1223 go
232 1188 326 1216 .Iudmo
351 1194 394 1216 est
415 1190 596 1221 excellentiae,
623 1190 722 1226 inquit,
738 1199 771 1218 ex
796 1192 866 1226 lege,
889 1200 971 1226 quam

178 1242 232 1262 non
251 1236 391 1263 servavit:
410 1244 498 1271 neque
519 1238 693 1271 prmputiato,
717 1238 819 1272 quippe
836 1239 882 1272 qui
906 1246 971 1273 pec-

179 1281 262 1307 cavit.
272 1281 377 1308 ‘Nullus
398 1289 463 1317 ergo
479 1283 619 1310 excelsum
641 1283 798 1318 quidquam'
813 1284 897 1311 habet
916 1292 972 1319 prae

179 1327 277 1354 altero.
299 1327 441 1362 Siquidem
457 1327 573 1355 redditis
595 1329 687 1356 causis
709 1329 881 1358 ostendimus
894 1351 901 1362 ,
920 1331 972 1358 hoc

179 1375 221 1398 est
232 1371 412 1405 convicimus,
421 1380 518 1400 omnes
527 1380 586 1400 esse
596 1379 708 1408 peccato
718 1375 862 1403 obnoxios.
869 1376 972 1405 Deinde

182 1425 216 1445 ne
232 1418 257 1444 id
273 1426 374 1445 novum
389 1427 449 1447 esse
466 1420 603 1453 videatur,
622 1421 705 1448 David
724 1429 756 1449 ac
778 1422 873 1449 Isaiam
889 1427 972 1452 testes

181 1463 302 1491 adducit.
330 1474 339 1490 ι
357 1465 453 1493 Simul.
475 1475 484 1492 ι
515 1466 583 1494 Cum
608 1475 642 1494 co
665 1467 794 1495 videlicet
817 1469 864 1504 qui
879 1474 921 1496 est
944 1470 971 1497 in

181 1510 328 1544 praeputio.
347 1520 357 1536 ι
375 1511 489 1540 Inutiles
502 1512 566 1540 facti
580 1517 653 1541 sunt.
670 1522 679 1539 ι
700 1512 829 1540 Protinus
843 1519 873 1541 ut
887 1521 902 1541 a
916 1515 971 1542 Deo

182 1554 399 1588 declinaverunt,
410 1557 523 1585 inutiles
530 1563 557 1585 et
570 1558 668 1593 abjecti
682 1558 746 1586 facti
760 1563 835 1585 sunt.
848 1568 857 1585 (
874 1558 972 1594 Sepul-

181 1609 269 1633 crum,
286 1611 294 1627 ι
308 1607 361 1629 etc.
373 1602 678 1637 llzeejobtrectatoribus
688 1604 864 1635 conveniunt.
886 1615 893 1630 ι
908 1604 979 1632 Con-

183 1648 258 1675 tritio
269 1653 296 1676 et
306 1649 416 1676 miseria
427 1650 455 1677 in
467 1650 519 1677 viis
531 1658 638 1677 eorum.
659 1660 668 1676 ι
682 1650 748 1677 Nam
761 1651 820 1678 vias
833 1658 979 1678 conversa-

182 1694 285 1721 tionem
293 1695 359 1722 dicit
366 1700 394 1722 et
402 1695 484 1722 vitam
494 1697 701 1724 :contritionem
709 1701 799 1724 autem
806 1700 833 1724 et
840 1697 978 1725 miseriam

183 1744 306 1773 peccata.
317 1740 389 1767 Nihil
399 1742 472 1768 enim
485 1742 555 1769 adeo
565 1747 684 1769 mentem
695 1750 849 1778 corpusque
860 1744 979 1771 conterit

184 1789 211 1812 et
228 1786 354 1813 exhaurit
372 1795 404 1814 ac
418 1793 571 1822 peccatum.
591 1798 599 1814 ι
621 1789 696 1816 Viam
709 1790 783 1824 pacis
803 1798 858 1817 non
876 1798 979 1825 cogno-

184 1835 293 1858 verunt.
312 1841 320 1857 ι
345 1832 422 1860 Viam
439 1833 514 1867 pacis
535 1833 599 1861 dicit
622 1834 716 1862 utilem
734 1834 840 1862 vivendi
853 1836 975 1863 modum.

220 1877 264 1907 Ill.
285 1877 327 1911 l9,
343 1878 390 1906 2t).
413 1879 520 1907 Scimus
545 1885 632 1907 autent
656 1881 725 1916 quod
749 1889 909 1916 quwcunque
932 1881 974 1909 lea;

184 1922 261 1954 dicit,
277 1924 318 1951 Itis
335 1925 379 1959 qui
393 1926 419 1952 in
436 1925 490 1960 lege
507 1931 568 1953 sunt
581 1927 697 1961 loquitur
713 1936 722 1954 :
740 1932 768 1954 ut
786 1936 863 1954 omne
879 1936 907 1954 os
931 1927 978 1954 ub-

185 1972 299 2002 turelur,
314 1975 338 1996 et
353 1971 484 1998 obnoxius
499 1972 549 2005 ﬁat
565 1977 634 1999 tam:
647 1974 760 2000 mund-us
781 1973 845 2005 Deo,
863 1982 893 2000 eo
904 1973 974 2008 quod

185 2022 218 2040 ca:
236 2017 357 2054 operibus
382 2017 446 2053 legis
470 2026 523 2045 non
541 2012 736 2054 justi/imbitur
763 2020 850 2047 omnia
875 2028 935 2047 caro
951 2021 977 2046 in

185 2067 326 2096 conspectu
339 2053 408 2097 e'jus.

225 2109 264 2136 Ne
279 2110 372 2138 dicant
385 2111 471 2139 Judaei
487 2121 493 2138 :
513 2112 546 2139 Et
570 2113 636 2148 quid
649 2113 707 2140 haec
721 2113 755 2140 ad
774 2111 977 2141 nos?0mnino

185 2158 259 2184 enim
272 2157 306 2185 de
319 2158 399 2185 nobis
413 2157 485 2185 dicta
502 2166 557 2185 non
572 2162 647 2186 sunt.
673 2159 782 2193 Utique,
805 2158 904 2192 inquit,
928 2166 977 2185 vos

1021 233 1085 256 νων,
1103 225 1150 251 καὶ
1182 225 1256 258 λέγει
1272 225 1365 255 αὐτοῖς
1385 224 1468 259 μηδὲν
1488 224 1598 259 ἐτέρους
1618 226 1719 261 ἐτέρων
1749 236 1815 259 προ-

1022 270 1104 305 έχειν.
1120 270 1154 296 Οἵ
1167 279 1196 296 τε
1210 271 1264 305 γὰρ
1281 270 1478 305 κατορθοῦντες
1492 270 1541 304 τὴν
1556 271 1656 306 ἀρετὴν
1672 272 1770 303 ὁποίας
1782 273 1820 299 ἂν

1021 317 1075 352 εἴη’
1089 318 1252 351 συντάξεως,
1265 318 1365 352 ὁμοίως
1383 318 1432 352 τῆς
1462 317 1623 353 εὐεργεσίας
1655 319 1819 346 ἀπολαύου-

1023 372 1074 390 σιν.
1093 363 1128 390 Οἵ
1143 373 1173 390 τε
1193 363 1277 391 πάλιν
1296 364 1521 398 παραϐαίνοντες,
1540 364 1589 391 κᾶν
1601 373 1630 390 τε
1650 365 1704 391 τῶν
1733 366 1821 400 ἀκρη-

1023 409 1129 436 ϐύστων
1146 409 1211 442 εἷεν,
1227 409 1277 436 κᾶν
1290 418 1319 435 τε
1333 410 1402 435 τῶν”
1416 409 1622 444 ὲμπεριτόμων,
1636 410 1685 445 τὴν
1714 411 1819 446 ὁμοίαν

1022 455 1158 491 τιμωρίαν
1172 456 1279 487 ἑαυτοῖς
1296 456 1507 484 ὲπισπάσονται.

1060 594 1141 620 Ὥστε
1158 594 1190 620 οὗ
1207 594 1323 629 μάχεται
1340 593 1381 627 τὸ,
1405 594 1482 620 οῦδὲν
1501 594 1684 630 προεχὸμεθα,
1708 595 1756 621 καὶ
1772 595 1816 626 τδ,

1025 639 1092 666 πολὺ
1107 638 1138 665 τὸ
1159 639 1290 674 περισσὸν
1301 639 1348 664 τοῦ
1372 639 1500 665 Ἰουδαίου
1515 639 1562 666 καὶ
1576 640 1591 674 ἡ
1615 639 1736 674 ὠφέλεια
1763 639 1819 673 τῆς

1024 685 1188 720 περιτομῆς.
1201 685 1268 712 Κατ’
1281 685 1360 711 ἄλλον
1375 685 1430 720 γὰρ
1443 685 1544 720 τρόπον
1558 686 1615 711 ἐκεῖ
1629 685 1748 720 εἴρηται,
1767 685 1820 711 καὶ

1025 731 1085 758 κατ’
1101 731 1177 758 ἄλλον
1195 731 1243 758 νῦν
1254 733 1270 766 ὴ
1287 732 1432 767 σύγκρισις
1445 731 1719 766 παρείληπται..Ἀνω
1729 730 1820 758 εἰπὼν

1025 777 1056 802 τὸ
1072 778 1201 811 περισσὸν
1218 776 1264 802 τοῦ
1282 777 1423 808 Ἰουδαίου,
1440 777 1486 803 καὶ
1502 776 1611 809 διδάξας
1630 776 1703 812 ἔχειν
1726 785 1753 803 τι
1770 786 1822 803 πε-

1028 823 1118 859 ρισσὸν
1131 823 1176 848 τὸν
1187 822 1313 848 Ἰουδαῖον
1330 823 1372 849 διὰ
1388 822 1418 848 τὸ
1432 822 1636 857 ἐγχειρισθῆναι
1660 823 1705 849 τὸν
1719 823 1820 858 νόμον,

1026 869 1074 895 νῦν
1089 868 1209 894 δείκνυσι
1238 869 1321 902 μηδὲν
1350 868 1421 903 ἔχειν
1438 868 1579 904 περισσὸν,
1606 869 1644 900 ὡς
1665 869 1702 904 μὴ
1729 869 1821 903 φυλά-

1027 915 1114 948 ξαντα
1125 914 1217 941 αὐτόν.
1232 914 1276 949 Μὴ
1291 915 1332 941 ὅτι
1349 915 1396 941 καὶ¹
1410 915 1531 948 ἔλαττον,
1545 915 1607 941 ὅσον
1623 915 1654 941 τὸ
1672 916 1700 941 ὲν
1714 915 1820 949 γνώσει

1026 962 1195 996 ἁμαρτάνειν
1209 963 1311 997 χεῖρον.
1333 961 1366 988 Τί
1380 961 1426 988 οὖν
1437 970 1445 995 ;
1458 961 1565 996 ἔχομεν,
1583 962 1676 996 φησὶν,
1692 962 1773 997 ἡμεῖς
1792 962 1820 987 οἱ

1026 1008 1147 1034 Ἰουδαῖοι
1174 1008 1255 1034 πλέον
1274 1016 1319 1040 τι;
1337 1008 1430 1041 Οὐδὲν,
1445 1008 1521 1042 φησί.
1544 1008 1576 1034 Τί
1599 1008 1631 1044 δή
1654 1017 1735 1041 ποτε;
1754 1008 1822 1034 Ὅτι

1027 1055 1127 1086 πάντες
1141 1054 1194 1081 ὑπὸ
1206 1054 1346 1090 ἁμαρτίαν
1357 1054 1451 1089 ἐσμὲν,
1467 1055 1593 1081 Ἰουδαῖοί
1609 1063 1639 1081 τε
1656 1055 1702 1081 καὶ
1717 1054 1823 1089 Ἕλλη-

1026 1110 1081 1133 νες.
1104 1111 1112 1127 ι
1128 1101 1272 1133 Ἰουδαίους
1286 1110 1316 1128 τε
1328 1101 1521 1136 καὶἚλληνας,
1536 1102 1646 1133 παντως
1660 1101 1705 1135 ὑφ’
1725 1101 1824 1136 ἀμαρ-

1026 1147 1086 1174 τίαν
1103 1146 1182 1175 εἶναι.
1204 1157 1214 1173 ι
1231 1147 1314 1175 Οὐδὲν
1329 1146 1386 1180 οὖν,
1403 1148 1530 1183 φησὶ,τῷ
1544 1148 1665 1182 Ἰουδαίῳ
1688 1147 1770 1173 πλέον
1786 1149 1822 1174 ἐκ

1025 1193 1072 1220 τοῦ
1087 1193 1171 1228 νόμου
1184 1201 1192 1209 ·
1209 1194 1260 1219 οὐκ
1272 1193 1390 1227 ἐφύλαξε
1409 1194 1480 1229 γὰρ·
1495 1193 1556 1220 οὐδὲ
1580 1193 1618 1228 τῷ
1630 1193 1796 1228 ἀκροὸὑστῳ
1810 1201 1819 1208 -

1024 1239 1132 1274 ἥμαρτε
1147 1240 1211 1275 γάρ.
1237 1240 1332 1272 Οὐδεὶς
1345 1239 1391 1266 οὖν
1413 1240 1469 1274 ἔχει
1486 1239 1568 1266 πλέον
1590 1239 1637 1265 τοῦ
1653 1239 1742 1266 ἄλλου.
1763 1239 1822 1265 Καὶ

1025 1285 1079 1319 γὰρ
1090 1285 1194 1316 πάντας
1207 1284 1391 1320 ᾐτιασάμεθα,
1403 1285 1542 1311 τουτέστιν
1554 1283 1721 1319 ὴλέγξαμεν,
1735 1284 1823 1314 δντας

1026 1331 1070 1365 ὑφ’
1083 1331 1230 1366 ἁμαρτίαν.
1250 1328 1316 1357 Εἶτα
1343 1331 1387 1356 ἵνα
1413 1331 1450 1365 μὴ
1464 1330 1527 1366 δόξῃ
1541 1330 1660 1365 ἐπαχθὲς
1676 1327 1757 1360 εἶναι,
1772 1330 1822 1356 τὸν

1025 1375 1106 1402 Δαϐὶδ
1117 1377 1165 1403 καὶ
1182 1375 1297 1403 Ἠσαῖαν
1309 1376 1387 1411 φέρει
1401 1377 1554 1411 μάρτυρας.
1572 1385 1581 1401 ι
1598 1376 1685 1410 Ἀμα.
1706 1384 1714 1400 ι
1732 1375 1778 1409 Τῷ
1790 1376 1822 1401 ἐν

1025 1422 1193 1459 ἀκροϐυστίᾳ
1219 1423 1352 1458 δηλονότι.
1385 1432 1395 1448 ι
1414 1423 1631 1458 Ἦχρειώθησαν.
1659 1431 1670 1448 ι
1689 1422 1766 1457 ’Ἅμα
1780 1421 1825 1456 τῷ

1025 1469 1146 1496 ἐκκλῖναι
1159 1469 1212 1495 ἀπὺ
1228 1468 1307 1501 Θεοῦ,
1321 1469 1424 1504 ἀχρεῖοι
1438 1469 1485 1495 καὶ
1506 1468 1711 1504 ἀπερριμμένοι
1736 1468 1824 1501 γεγέο

1027 1522 1130 1548 νηνται.
1148 1523 1158 1539 ί
1174 1513 1275 1548 Τάφος,
1294 1522 1303 1538 ι
1321 1513 1368 1543 καὶ
1382 1513 1417 1540 τά
1428 1513 1502 1548 ἑξῆς.
1519 1513 1612 1539 Ταῦτα
1626 1514 1683 1544 τοῖς
1699 1513 1827 1538 καταλα-

1030 1559 1106 1586 λοῦσι
1123 1559 1233 1594 πρέπει.
1254 1568 1264 1584 ι
1281 1559 1443 1594 Σύντριμμα
1460 1559 1506 1585 καὶ
1516 1558 1692 1594 ταλαιπωρία
1715 1559 1744 1584 ὲν
1758 1559 1825 1589 ταῖς

1030 1605 1098 1636 ὁδοῖς
1114 1605 1216 1632 αὐτῶν.
1233 1613 1243 1630 ι
1265 1604 1359 1636 Ὀδοὺς
1373 1605 1422 1640 τὴν
1449 1604 1586 1631 πολιτείαν
1610 1605 1678 1639 φησὶ
1698 1604 1747 1630 καὶ
1773 1604 1826 1638 τὴν

1031 1650 1104 1686 ζωήν
1115 1659 1120 1664 ·
1132 1650 1290 1686 σύντριμμα
1300 1650 1386 1677 δὲκαὶ
1397 1649 1597 1684 ταλαιπωρίαν,
1609 1650 1659 1681 τὰς
1670 1650 1825 1684 ἁμαρτίας.

1031 1695 1113 1722 Οὐδὲν
1127 1695 1180 1730 γὰρ
1198 1695 1284 1726 οὕτως
1299 1695 1435 1730 ἐπιτρίϐει
1449 1695 1495 1721 καὶ
1510 1694 1631 1729 ἐξίτηλον
1649 1696 1721 1721 ποιεῖ
1733 1695 1829 1729 ψυχὴν

1029 1741 1077 1767 καὶ
1092 1741 1181 1776 σῶμα,
1206 1740 1243 1772 ὡς
1263 1741 1393 1776 ἁμαρτία.
1414 1750 1423 1767 ι
1447 1741 1522 1767 Ὀδδν
1541 1741 1652 1776 εἰρήνης
1666 1741 1717 1767 οὐκ
1734 1741 1825 1775 ἐγνω-

1030 1795 1090 1814 σαν.
1110 1797 1119 1814 ›
1138 1788 1194 1823 Τὴν
1210 1789 1332 1824 χρηστὴν
1351 1788 1425 1822 λέγει
1438 1788 1588 1814 πολιτείαν.

1067 1880 1195 1915 Οἴδαμεν
1209 1879 1243 1906 δὲ
1260 1879 1305 1907 ὅτι
1320 1879 1379 1907 ὅσα
1395 1881 1410 1907 ὀ
1430 1881 1524 1914 νόμος
1539 1879 1630 1914 λέγει,
1655 1880 1717 1913 τοῖς
1735 1880 1772 1907 ἐν
1784 1880 1829 1914 τῷ

1029 1928 1111 1961 νόμῳ
1121 1927 1223 1954 λαλεῖ·
1237 1927 1286 1953 ἵνα
1302 1925 1363 1954 πᾶν
1373 1929 1471 1961 στόμα
1486 1926 1596 1961 φραγῇ,
1611 1927 1660 1954 καὶ
1672 1927 1827 1961 ὑπόδικος

1029 1971 1149 2006 γένηται
1167 1971 1227 2004 πᾶς
1256 1973 1272 1998 ὀ
1285 1972 1401 2006 κόσμος
1427 1971 1467 2004 τῷ
1485 1971 1557 2004 Θεῷ.
1573 1973 1650 1999 Διότι
1675 1972 1709 2004 ἐξ
1725 1972 1827 2007 ἔργων

1027 2019 1123 2052 νόμου
1138 2018 1173 2044 οὐ
1187 2017 1415 2052 δικαιωθήσεται
1429 2017 1514 2045 πᾶσα
1533 2008 1612 2052 ονὰρξ
1625 2018 1754 2045 ἐνώπιον
1768 2021 1826 2047 (ιύ-

1028 2064 1094 2091 τοῦ.

1064 2110 1122 2137 ’Ίνα
1136 2110 1173 2146 μὴ
1181 2110 1295 2145 λέγωσιν
1307 2111 1440 2143 Ἰουδαῖοι,
1453 2111 1543 2138 Καϊτί
1559 2112 1627 2146 πρὸς
1637 2112 1712 2147 ἡμᾶς
1719 2112 1825 2146 mira;

1028 2157 1066 2184 Οὐ
1082 2157 1189 2188 πάντως
1199 2157 1254 2192 γὰρ
1272 2157 1336 2191 περὶ
1349 2157 1428 2192 ἡμῶν
1447 2157 1564 2191 εἴρηται.
1583 2157 1650 2189 Ναὶ,
1666 2157 1825 2193 msh-1:99.;

147 2233 151 2238 ,
186 2208 311 2239 tangunt.
328 2204 430 2231 Omnes
443 2212 560 2239 namque
572 2206 624 2233 hoc
639 2205 741 2232 scimus
753 2205 824 2239 quod
845 2212 973 2239 qucccun-

1063 2204 1113 2234 ιᾶς.
1131 2203 1234 2234 Πάντες
1250 2204 1304 2238 γὰρ
1319 2203 1399 2230 τοῦτο
1416 2203 1506 2238 ταμεν,
1526 2203 1566 2229 ὅτι
1584 2203 1634 2229 ὅσα
1648 2204 1662 2229 ὁ
1678 2203 1761 2238 νόμος
1778 2204 1824 2231 λέ-

184 2257 239 2283 que
253 2249 321 2276 dicit
341 2249 384 2276 lcx
402 2250 490 2284 (vocat
506 2258 599 2278 autem
621 2251 718 2286 legem,
731 2259 813 2278 omne
829 2250 916 2280 Vetus
932 2252 977 2279 In-

186 2294 381 2330 strumentum)
398 2295 440 2322 his
456 2297 502 2330 qui
528 2296 556 2323 in
577 2297 637 2332 lege
663 2301 728 2324 sunt
749 2297 886 2332 loquitur.
913 2298 979 2331 Qua:

185 2345 246 2367 erat
258 2341 332 2368 enim
349 2342 509 2374 necessitas,
534 2343 634 2378 inquit.
648 2347 678 2369 ut
700 2343 784 2370 David
800 2349 912 2371 exteros
932 2353 978 2372 ar-

185 2390 282 2422 gueret
292 2391 319 2414 et
330 2396 383 2416 non
399 2388 485 2416 suos?
499 2393 546 2416 aut
563 2393 592 2415 ut
607 2389 700 2420 Isaias,
714 2389 760 2424 qui
773 2389 805 2416 ad
818 2390 978 2417 Judaeorum

185 2433 387 2460 correctionem
398 2434 518 2461 emissus
527 2437 597 2466 erat,
610 2434 834 2469 alios_carperct?
849 2445 858 2460 ι
875 2434 922 2462 His
932 2435 979 2470 qui

186 2478 213 2505 in
242 2478 300 2514 lege
336 2484 401 2506 sunt
426 2480 560 2514 loquitur.
589 2490 598 2506 ι
630 2480 717 2508 Caute
749 2481 897 2508 admodum
928 2482 980 2509 hoc

186 2524 267 2560 250
284 2527 384 2560 posuit.
411 2526 505 2561 Neque
530 2527 603 2554 enim
622 2526 713 2553 dixit:
738 2527 776 2554 De
793 2527 836 2554 his
852 2527 898 2562 qui
915 2533 981 2555 sunt

186 2568 214 2597 in
230 2571 300 2606 lege,
316 2571 376 2603 sed,
395 2581 403 2597 ε
421 2573 468 2600 llis
483 2573 531 2607 qui
548 2577 612 2600 sunt
632 2573 659 2599 in
673 2573 745 2608 lege.
766 2583 777 2600 ι
795 2573 878 2601 Multa
891 2574 980 2609 siqni-

185 2615 248 2644 dem
263 2620 290 2644 et
307 2617 340 2644 de
357 2618 514 2654 Babyloniis
536 2619 612 2651 dicit,
634 2619 780 2654 Persisque
797 2624 825 2646 et
840 2620 927 2646 Medis
949 2628 981 2647 ac

186 2660 340 2698 .Egyptiis,
367 2664 484 2698 aliisque
510 2664 639 2698 plurimis
658 2665 828 2692 nationibus.
855 2666 981 2693 Attamen

185 2710 269 2736 etiam
284 2717 345 2744 qua:
365 2711 398 2736 de
413 2710 456 2737 his
473 2714 554 2738 erant
569 2711 710 2743 vaticinia,
734 2710 837 2738 Judaeis
850 2710 982 2738 aﬂ’ercbat

187 2754 234 2787 qui
247 2754 275 2781 in
293 2755 352 2790 lege
366 2760 455 2787 erant,
475 2756 528 2783 hoc
543 2762 586 2784 est
602 2758 654 2785 sub
675 2758 744 2792 lege.
766 2766 774 2782 ι
794 2757 830 2785 Ut.
852 2764 933 2783 omne
951 2764 982 2783 05

189 2800 347 2828 obturetur.
376 2810 384 2826 ι
412 2799 538 2830 Ostendit
558 2804 702 2838 magniﬁce
726 2803 871 2838 loquentes
897 2802 931 2829 de
953 2809 981 2830 se

188 2841 307 2872 Iudaeos.
326 2846 367 2874 Ob
379 2846 431 2875 hoc
444 2856 510 2883 ergo
520 2850 710 2885 arguebantur
727 2858 742 2876 a
761 2849 914 2884 prophetis,
927 2856 982 2884 quo

1029 2258 1072 2284 γει
1088 2249 1180 2286 (νόμον
1199 2249 1226 2276 δὲ
1240 2249 1313 2283 λέγει
1332 2250 1421 2275 πᾶσαν
1433 2250 1483 2284 τὴν
1506 2249 1654 2283 Παλαιὰν),
1667 2251 1726 2281 τοῖς
1740 2252 1769 2276 ἐν
1785 2251 1824 2285 τῷ

1030 2296 1106 2330 νόμῳ
1120 2295 1205 2322 λαλεῖ.
1223 2295 1289 2321 Ποία
1306 2295 1361 2330 γὰρ
1377 2293 1421 2330 ἦν,
1439 2295 1533 2330 φησὶν,
1549 2296 1657 2330 ἀνάγκη
1685 2295 1724 2330 τῷ
1739 2296 1823 2322 Act-£6

1031 2341 1132 2376 ἐτέρων
1144 2342 1308 2376 κατηγορεῖν
1321 2341 1368 2366 καὶ
1386 2341 1446 2375 οὐχὶ
1458 2341 1512 2367 τῶν
1529 2341 1647 2373 οἰκείων,
1661 2342 1707 2366 καὶ
1724 2341 1824 2372 ἄλλους

1031 2386 1164 2421 ἐλέγχειν,
1179 2386 1225 2412 τὸν
1249 2387 1289 2417 εἰς
1312 2386 1457 2421 διόρθωσιν
1477 2386 1614 2413 Ἰουδαίων
1634 2387 1826 2412 ἀποσταλέντα

1040 2433 1154 2459 Ἡσαΐαν
1167 2441 1173 2465 ;
1189 2441 1198 2457 ι
1212 2433 1275 2464 Τοῖς
1293 2433 1321 2458 ὲν
1330 2433 1369 2468 τῷ
1384 2433 1458 2467 νόμῳ
1471 2432 1555 2458 λαλεῖ.
1574 2443 1583 2458 ι
1602 2433 1655 2458 Σὺν
1674 2433 1759 2468 πολλῇ
1779 2434 1826 2459 καὶ

1031 2479 1110 2505 τοῦτο
1124 2479 1245 2506 τέθεικεν
1260 2479 1399 2514 ἀκριϐείᾳ.
1418 2479 1456 2505 Οὐ
1476 2480 1529 2512 γὰρ
1544 2477 1616 2511 εἶπε,
1635 2479 1705 2513 Περὶ
1722 2479 1777 2504 τῶν
1797 2481 1825 2505 ὲν

1031 2525 1115 2560 νόμῳ,
1137 2525 1216 2556 ἀλλὰ,
1235 2535 1244 2550 ι
1264 2525 1326 2557 Τοῖς
1342 2526 1371 2551 ἐν
1383 2525 1468 2560 νόμῳ.
1489 2535 1497 2550 ι
1514 2524 1601 2551 Πολλὰ
1629 2524 1683 2559 γὰρ
1701 2525 1825 2560 καὶπερὶ

1033 2571 1210 2598 Βπὸυλωνίων
1237 2572 1322 2605 λέγει,
1342 2571 1448 2606 [laps-Gn
1471 2579 1500 2596 τε
1519 2571 1565 2597 καὶ
1595 2571 1697 2606 Μήδων
1714 2571 1762 2597 καὶ
1779 2572 1825 2597 Λί-

1032 2618 1163 2652 γυπτίων,
1181 2618 1228 2644 καὶ
1245 2617 1347 2652 ἐτέρων
1372 2617 1508 2643 πλείστων
1535 2617 1630 2643 ἐθνῶν.
1650 2617 1720 2642 Ἀλλ’
1749 2617 1824 2652 ὅμως

1039 2663 1181 2695 Ἰουδαίους
1197 2664 1243 2690 καὶ
1270 2664 1321 2694 τὰς
1356 2663 1420 2698 περὶ
1435 2662 1538 2690 τούτων
1555 2663 1722 2698 προρρήσεις
1745 2671 1825 2698 προτ-

1033 2709 1130 2745 ἐφερεν
1151 2711 1207 2740 τοῖς
1219 2710 1248 2735 ἐν
1265 2708 1302 2743 τῷ
1316 2708 1401 2743 νόμῳ,
1425 2709 1547 2735 τουτέστι
1563 2711 1620 2740 τοῖς
1647 2709 1700 2734 ὑπὸ
1727 2709 1822 2743 νόμον.

1037 2765 1045 2780 ι
1060 2756 1118 2782 Ἰνα
1139 2755 1192 2781 πᾶν
1210 2755 1297 2789 στόμα
1308 2756 1412 2790 φραγῇ.
1438 2764 1446 2780 ι
1465 2755 1592 2781 Δείκνυαι
1613 2755 1824 2790 μεγαλορρἡο-

1011 2800 1021 2806 ’
1034 2810 1082 2832 νας
1097 2801 1160 2833 τοὺς
1173 2800 1328 2833 Ἰουδαίους,
1343 2801 1392 2828 Διὰ
1406 2801 1487 2827 τοῦτο
1513 2801 1659 2836 τοιγαροῦν
1676 2801 1823 2836 ἠλέγχοντο

1035 2846 1087 2873 ὑπὸ
1103 2845 1158 2874 τῶν
1175 2845 1334 2881 προφητῶν,
1360 2846 1404 2873 ἵνα
1418 2845 1472 2873 τῶν
1489 2845 1742 2882 μεγαλορρημόνων
1755 2846 1821 2873 itm.
