1881 3051
25 109 87 143 381

574 112 769 143 COMMENT-
787 113 828 142 IN
848 114 971 144 EPIST.
990 115 1041 144 AD
1064 114 1156 144 ROM.

1623 117 1678 151 382

26 169 133 204 φραγῇ
153 168 188 195 τὰ
214 167 346 203 στόματα.
373 177 382 193 ι
409 167 464 194 Καὶ
478 168 604 200 ὑπόδικος
619 168 733 203 γένηται
750 170 827 201 niui

915 171 1002 198 aniter
1024 180 1084 199 sese
1115 171 1278 207 jactantium
1302 171 1502 200 obturarentur
1528 180 1588 201 ora.
1615 184 1624 200 ‹
1643 175 1677 202 Et

26 214 142 248 κόσμος
153 213 192 248 τῷ
202 213 272 248 Θεῷ.
289 222 298 238 ›
316 212 443 239 Τοιοῦτόν
457 221 482 238 τι
498 213 662 239 αἰνίττεται·
676 214 725 240 Διὰ
741 214 830 246 τοῦτο,

13 256 134 295 ’φησὶη
147 259 173 286 οἱ
190 259 329 294 προφῆται
340 258 496 293 διήλεγξσιν,
510 259 555 285 καὶ
569 259 672 291 ἔδειξαν
684 260 747 291 τοὺς
764 261 832 286 Ἰουη

26 306 132 337 δαίους
145 305 209 339 εικῆ
227 304 546 340 μεγαλοῤῥημονοῢντας,
560 304 660 339 μᾶλλον
675 306 704 332 δὲ
717 306 776 332 ὅλον
787 307 831 332 τὸν

26 352 142 387 κόσμον
152 351 303 378 ὑπεύθυνον
318 351 475 386 ἁμαρτίαις,
491 351 535 377 ἵνα
545 351 779 386 προοδοποιήσωσι
797 353 829 386 τῇ

27 398 141 429 πῖστει,
159 398 206 424 καὶ
219 397 400 432 γινώσκοντες
420 399 444 424 οἱ
465 397 605 433 ἄνθρωποι
634 398 676 424 ὅτι
699 398 761 424 οὔτε
776 398 831 425 ἀπὸ

27 445 123 478 νόμου
135 444 183 470 καὶ
198 444 365 478 περιτομῆς,
384 443 447 470 οὔτε
459 444 512 470 ἀπὸ
525 443 707 478 ἀκροϐλστιας
720 443 759 470 ἔνι
777 453 830 470 σω-

28 491 132 525 Θῆναι,
147 490 270 526 εὐχερῶς
292 489 331 525 τῷ
346 489 458 524 Χριστῷ
480 489 661 524 προσέλθωσι,
685 489 725 525 τῷ
739 490 830 524 χάριτι

13 539 153 570 ,σῴζοντι
164 538 195 564 τδ
203 539 281 572 γένος
297 538 350 564 τῶν
361 538 525 573 ἀνθρώπων.
541 538 595 564 Καὶ
610 537 749 572 ὑπόδικος,
763 539 831 565 ὑπό-

27 594 118 620 χρεος
133 586 174 616 εἰς
182 585 212 611 τδ
226 584 371 611 πιστεῦσαι
384 584 495 620 Χριστῷ
510 585 550 620 τῷ
566 584 637 620 Θεῷ.
650 585 681 611 El
694 585 748 620 γὰρ
774 587 830 618 τοῖς

29 633 89 658 ὑπὸ
101 632 187 667 νόμον
202 632 309 667 εἴρηται
321 631 366 658 ὑπ’
382 631 471 658 αὐτῶν
483 631 538 658 τῶν
554 631 712 667 προφητῶν,
724 632 764 659 ὅτι
779 633 831 659 οὐκ

27 677 243 712 ὀρθοποδοῦσιν,
259 677 326 704 ἀλλὰ
341 677 437 712 πόρρω
445 677 495 712 τῆς
511 677 595 712 ὀρθῆς
614 677 751 712 βαδίζουσι
780 687 830 705 πο-

29 724 152 756 λιτείας,
174 725 208 750 τὰ
223 724 252 751 δὲ
273 723 337 758 ἔθνη
356 723 446 759 πολλῷ
462 723 563 758 μᾶλλον
591 724 708 759 ὑπάρχει
735 725 765 751 ἐν
779 724 831 750 ἀπ-

27 770 121 805 ωλείᾳ
135 771 182 796 καὶ
193 770 291 805 πλάνῃ,
301 769 421 804 δηλονότι
434 769 487 801 πᾶς
495 769 509 795 ό
517 769 618 804 κόσμος
631 769 761 805 ὐπόχρεὸς
773 770 830 796 ἐστι

28 816 184 843 πιστεῦσαι
207 816 318 852 Χριστῷ
336 816 375 851 τῷ
397 815 456 851 Θεῷ
473 815 512 850 τῷ
531 815 604 851 μόνῳ
623 816 765 851 δυναμένῳ
781 815 829 851 ρύ-

883 216 1020 244 obnoxius
1052 217 1098 244 tiat
1122 221 1196 244 totus
1208 217 1328 244 mundus
1342 218 1408 245 Deo.
1428 228 1437 244 ι
1453 218 1518 246 Tale
1535 219 1677 254 quidpiam

883 259 1041 290 subindicat
1059 263 1227 298 :Propterea
1252 263 1395 298 prophetae
1408 284 1415 296 ,
1443 264 1546 299 inquit,
1567 264 1678 292 Judzeos

883 308 1095 344 redarguerunt,
1114 309 1230 344 illosque
1259 309 1441 337 ostenderunt
1468 310 1589 337 inaniter
1616 319 1677 338 sese

880 354 993 389 jactare.
1012 356 1067 382 imo
1092 359 1180 382 totum
1193 355 1326 382 mundum
1354 364 1431 383 reum
1454 365 1514 384 esse
1541 363 1676 392 peccato:

882 407 937 435 quo
957 401 1018 428 tidei
1034 401 1103 428 viam
1117 406 1323 436 przestruerem,
1336 406 1364 428 et
1381 407 1580 438 cognoscentes
1591 404 1677 431 homi-

882 455 932 474 nes
943 447 1016 482 quod
1030 457 1117 483 neque
1131 448 1351 475 circumeisionis
1363 449 1432 484 lege,
1445 457 1534 484 neque
1544 457 1558 476 a
1568 458 1678 484 praepu-

883 493 922 520 tio
938 494 1036 520 salvari
1050 494 1175 526 daretur,
1193 494 1226 521 ad
1240 494 1380 521 Christum
1402 495 1481 522 facile
1499 495 1675 528 accederent,

883 540 929 574 qui
946 547 994 574 per
1013 540 1129 575 gratiam
1150 540 1215 568 facit
1237 540 1344 573 salvum
1358 548 1444 575 genus
1470 541 1630 568 humanmn.
1645 541 1677 568 Et

881 585 1027 616 obnoxius.
1056 585 1083 612 id
1110 590 1153 613 est
1177 586 1287 613 debitor
1312 586 1347 612 ad
1373 587 1543 614 credendum
1566 587 1677 615 Christo

881 630 948 658 Deo.
965 630 993 658 Si
1013 631 1087 658 enim
1103 631 1146 658 his
1167 631 1214 666 qui
1235 631 1287 659 sub
1311 631 1370 667 lege
1393 637 1484 664 erant,
1499 641 1512 659 a
1534 634 1677 668 prophetis

882 678 985 705 dictum
998 678 1076 710 est”,
1090 677 1163 712 quod
1182 685 1236 705 non
1260 683 1336 705 recto
1352 678 1422 713 pede
1443 679 1611 711 incederent,
1628 680 1675 706 sed

880 723 960 759 longe
985 731 999 751 a
1024 728 1096 751 recta
1113 724 1324 752 conversatione
1350 725 1554 760 graderentur:
1580 730 1676 760 gentes

880 775 972 798 autent
995 771 1081 798 multo
1096 771 1183 806 magis
1205 771 1232 798 in
1251 771 1407 806 perditione
1425 776 1490 799 sunt
1505 779 1538 799 ac
1555 779 1650 799 errore
1667 781 1674 798 :

881 817 972 844 omnis
985 818 1067 852 plane
1081 818 1201 845 mundus
1215 818 1351 846 obnoxius
1368 823 1420 851 est,
1439 822 1469 846 ut
1486 818 1514 845 in
1534 818 1674 845 Christum

29 862 135 888 σασθαι
154 863 202 889 καὶ
217 862 363 894 Ἰουδαίους
379 862 428 889 καὶ
450 861 583 897 Ἕλληνας
609 862 656 889 καὶ
674 861 764 888 πάντα
784 862 827 888 τὸν

915 871 967 890 tum
984 863 1087 896 credat,
1105 863 1151 898 qui
1167 864 1241 891 solus
1261 868 1289 891 et
1311 864 1421 891 Judmos
1438 869 1466 891 et
1480 863 1590 891 Graecos
1603 863 1675 890 libe~

27 910 140 944 κόσμον
153 909 199 936 διὰ
210 909 260 944 τῆς
271 909 374 940 οἰκείας
384 909 494 944 χάριτος
509 910 541 936 ὲκ
554 909 607 936 τῶν
621 909 830 944 ἁμαρτημάτων

29 954 129 980 αὖτῶν
146 954 192 981 καὶ
208 955 255 988 τῆς
272 955 381 989 μακρᾶς
396 955 500 989 πλάνης
517 955 564 981 καὶ
576 954 713 986 ἀπωλείας
728 954 828 982 αὐτῶν.

29 998 102 1026 Εἶτα
120 1000 200 1026 πάλιν
210 1000 305 1035 ὥσπερ
323 1000 490 1027 ἀντιπιπτον
505 1000 575 1028 λύει.
592 1000 650 1027 Ἰνα
671 1001 726 1035 γὰρ
739 1001 775 1036 μή
788 1009 829 1032 τις

27 1047 100 1082 εἴπῃ
111 1067 119 1079 ,
137 1047 170 1072 Τί
185 1044 249 1080 οὖν;
265 1048 278 1073 ὁ
293 1048 376 1081 νόμος
391 1046 467 1073 οὐδὲν
490 1046 649 1081 ώφέλησεν;
675 1046 772 1080 ἐπάγει
787 1045 829 1078 τὸ,

31 1100 40 1116 ι
63 1091 142 1117 Διοτι
169 1091 198 1123 ὲξ
220 1091 308 1126 ἔργων
338 1091 421 1125 νόμου
451 1091 482 1117 οὐ
509 1091 722 1126 δικαιωθήσεται
749 1091 826 1117 πᾶσα

28 1135 114 1170 σάρξ.
131 1146 141 1162 ι
163 1136 208 1168 Ὠς
238 1136 262 1162 ει
283 1136 386 1170 ἔλεγεν,
401 1137 441 1163 ὅτι
461 1146 470 1162 ι
493 1137 645 1171 meum
665 1138 731 1168 ἴσως
751 1137 765 1163 ὀ
787 1136 830 1163 νό-

30 1191 94 1216 μος,
114 1184 138 1209 εῑ
155 1183 289 1217 ἐφύλαξαν
315 1183 339 1209 ol
359 1183 558 1218 παρειληφότες
574 1184 608 1210 τὰ
628 1183 828 1219 προστάγματα

28 1229 129 1262 αὑτοῦ,
143 1230 238 1265 ἐπειδὴ
252 1230 280 1256 δὲ
297 1230 346 1256 οὐκ
359 1229 506 1264 ἐφύλαξαν,
522 1232 554 1256 ὲκ
574 1231 764 1265 περιστάσεως
781 1230 828 1257 καὶ

29 1277 166 1312 ἔϐλαψεν,
185 1277 216 1303 οὐ
229 1279 261 1313 τῇ
277 1276 374 1304 ἑαυτοῦ
387 1276 479 1312 φύσει,
493 1276 562 1303 ἀλλὰ
578 1278 612 1312 τῇ
626 1277 678 1303 τῶν
692 1277 729 1312 μὴ
748 1277 828 1312 φυλα-

30 1324 138 1355 ξάντων
155 1323 261 1360 γνώμῃ.
281 1333 290 1349 ι
310 1323 383 1350 Διότι
415 1322 445 1356 ἐξ
475 1322 573 1358 ἔργων.
598 1332 607 1348 ι
634 1320 701 1349 Elea
724 1321 767 1348 ἵνα
791 1323 827 1358 μὴ

29 1371 116 1397 πάλιν
128 1369 386 1404 ἀναξιοπαθήσωσιν
393 1369 514 1396 Ἰουδαῖοι
522 1369 827 1404 συγκαταριθμούμενοι

28 1417 115 1444 παντὶ
129 1416 171 1450 τῷ
183 1416 276 1452 κόσμῳ
289 1417 328 1447 εἰς
339 1415 370 1442 τὸ
385 1415 508 1442 ὑποδικοι
524 1413 605 1448 εἶναι,
619 1415 702 1442 πάλιν
714 1415 747 1441 τὰ
767 1415 827 1441 κατ’

29 1465 132 1497 αἱτοὺς
149 1465 283 1497 ἐξετάζει.
297 1474 307 1490 ι
321 1464 400 1491 Πᾶσα
416 1463 492 1499 σάρξ.
511 1473 520 1489 ι
534 1463 601 1490 Οὐδὲ
617 1463 670 1498 γὰρ
684 1463 826 1498 ἐπλήρωσε

29 1513 62 1538 τὰ
79 1512 110 1538 ἓν
131 1510 171 1546 τῷ
185 1511 271 1545 νόμῳ,

62 1557 118 1583 Διὰ
139 1555 195 1590 γὰρ
217 1555 314 1589 νόμου
345 1555 509 1589 ἐπίγνωσις
530 1554 686 1589 ἁμαρτίας.
700 1554 775 1582 Νυνὶ
793 1554 828 1581 δὲ

30 1605 123 1639 χωρὶς
140 1605 237 1638 νόμου
247 1603 426 1636 δικαιοσύνη
439 1603 513 1630 Θεοῦ
525 1603 741 1638 πεφανέρωται,
755 1610 828 1637 μαρ-

29 1651 202 1686 τυρουμένη
219 1650 278 1678 ὑπὸ
308 1650 361 1677 τοῦ
377 1650 474 1684 νόμου
497 1649 548 1677 καὶ
567 1649 628 1677 τῶν
653 1647 826 1684 προφητῶν.

841 1484 862 1512 C

65 1744 124 1770 Καὶ
136 1743 164 1770 τε
185 1743 258 1777 λέγω
272 1742 312 1769 ὃτι
325 1742 403 1769 οὐδὲν
427 1740 577 1776 ὠφελεῖσθε
595 1741 720 1769 Ἰουδαῖοι
736 1741 768 1768 ὲκ
779 1741 827 1768 τοῦ

31 1791 128 1825 νέμον,
150 1790 190 1820 εὶς
204 1789 235 1815 τὸ
262 1789 299 1824 μὴ
323 1788 451 1823 γενέσθαι
475 1788 534 1823 ἅμα
561 1788 600 1824 τῷ
622 1788 704 1815 παντὶ
732 1788 827 1823 κόσμῳ

31 1838 158 1864 ὑπόδικοι
169 1845 176 1869 ;
189 1835 328 1870 Μενοῦνγε
358 1834 494 1867 ἐξετάζων
507 1843 560 1866 τις,
580 1835 694 1870 εὑρήσει
705 1834 752 1860 καὶ
765 1833 828 1868 βλα-

31 1883 132 1913 ϐέντας
149 1883 223 1916 ὑμᾶς
237 1881 289 1908 ὑπὸ
300 1881 348 1908 τοῦ
366 1881 462 1915 νόμου,
475 1881 503 1906 οὑ
523 1880 599 1916 παρὰ
609 1880 660 1915 τὴν
679 1879 762 1907 αὑτοῦ
778 1880 829 1913 φύ-

32 1937 81 1961 σιν,
95 1928 166 1954 ἀλλὰ
183 1928 257 1962 παρὰ
274 1928 323 1963 τὴν
335 1927 413 1961 ἡμῶν
427 1927 535 1954 κακίαν.
547 1927 608 1958 Πῶς
622 1926 695 1958 ;”οτι
713 1925 744 1952 τὸ
756 1926 827 1959 γνῶ-

31 1984 72 2003 ναι
88 1977 143 2009 τὴν
169 1974 318 2009 ἁρματεςιν,
340 1973 384 2000 διὰ
402 1972 449 1999 τοῦ
479 1973 562 2008 νόμον
588 1972 681 2007 ἔχετε·
699 1972 728 1998 τὸ
756 1972 784 1999 δὲ
799 1973 828 1998 ἐν

32 2021 136 2054 γνώσει
150 2020 333 2056 ἁμαρτάνειν,
352 2018 542 2054 χαλεπώτερον
566 2019 613 2045 τοῦ
629 2019 658 2044 ἐν
669 2018 776 2053 ἀγνοίᾳ.
793 2033 827 2038 -

33 2070 134 2095 Ἄλλο.
152 2066 388 2103 [ΓΕἺΝΛΔΙΟΥᾸ
419 2066 451 2092 Εἰ
483 2065 574 2097 τοῦτο,
598 2064 692 2098 φησιν,
715 2065 729 2091 ὁ
745 2064 828 2098 νόμος

31 2113 236 2148 ἐλυσιτέλησεν,
265 2111 414 2146 ἐγνώρισεν
431 2111 497 2145 ἡμῖν
515 2109 564 2144 τὴν
587 2109 725 2144 ἁμαρτίαν
745 2109 775 2135 οὐ
787 2108 826 2144 τῷ

882 917 945 936 rare
966 913 1066 944 potest,
1085 913 1227 944 totumque
1251 910 1385 937 mundum
1408 918 1456 937 sua
1473 910 1559 945 gratia
1577 917 1591 936 a
1608 916 1674 944 pec-

880 956 950 983 catis
960 955 1095 991 longoque
1110 963 1206 983 errore
1219 963 1251 983 ac
1265 956 1421 990 perditione
1435 956 1555 983 illorum.
1570 956 1675 983 Deinde

880 1008 990 1028 rursum
1015 1001 1093 1035 quasi
1114 1000 1297 1036 objectionem
1325 1001 1421 1029 solvit.
1449 1002 1487 1028 Ne
1514 1001 1576 1036 quis
1599 1001 1674 1028 enim

880 1045 974 1073 dicat:
1004 1045 1074 1078 Quid
1096 1046 1177 1081 ergo?
1200 1046 1268 1073 nihil
1294 1046 1398 1081 profuit
1423 1046 1486 1073 lex?
1511 1046 1674 1081 subiungit:

884 1101 893 1118 ι
913 1091 953 1118 Eo
976 1091 1049 1126 quod
1074 1100 1108 1119 ex
1137 1091 1268 1126 operibus
1298 1092 1367 1127 legis
1393 1100 1447 1119 non
1478 1092 1676 1126 iustitlcabitur

884 1147 892 1163 ι
914 1138 1004 1165 omnis
1019 1145 1094 1165 caro.
1115 1147 1123 1164 ι
1138 1138 1177 1165 Ac
1197 1138 1219 1165 si
1233 1137 1339 1166 diceret
1355 1147 1362 1165 ε
1376 1137 1530 1165 Profuisset
1551 1137 1676 1164 fortassis

880 1182 933 1215 lex,
950 1182 971 1210 si
987 1190 1046 1210 eam
1061 1187 1227 1215 servassent,
1241 1183 1288 1218 qui
1307 1184 1367 1218 ejus
1382 1187 1522 1218 prazcepta
1545 1190 1675 1217 suscepe-

880 1235 963 1258 rant:
986 1238 1082 1258 verum
1099 1238 1161 1258 cum
1182 1239 1236 1258 non
1260 1231 1441 1262 servaverint,
1460 1237 1493 1257 ex
1518 1229 1676 1257 assistentia

879 1277 962 1304 etiam
979 1277 1084 1310 nocuit,
1107 1285 1160 1305 non
1188 1277 1232 1304 sui
1259 1281 1368 1309 natura,
1394 1276 1441 1304 sed
1465 1283 1563 1303 eorum
1582 1275 1675 1302 animo

879 1324 926 1358 qui
942 1332 995 1351 non
1007 1329 1212 1352 scrvaverunm
1225 1324 1264 1350 Eo
1272 1324 1344 1358 quod
1353 1331 1385 1350 ex
1399 1322 1538 1358 operibus.
1551 1332 1559 1347 ι
1571 1321 1676 1349 Deinde

879 1377 913 1396 ne
929 1377 1039 1397 rursum
1060 1369 1171 1405 indigne
1187 1370 1276 1398 ferant
1297 1369 1393 1402 Judaei.
1408 1369 1481 1404 quod
1499 1368 1549 1396 toti
1574 1368 1676 1395 mundo

879 1420 1114 1442 connutnerentur
1130 1415 1155 1443 in
1171 1423 1204 1442 eo
1217 1415 1291 1450 quod
1307 1416 1362 1442 sint
1377 1415 1489 1442 obnoxii
1506 1423 1512 1441 :
1533 1415 1633 1441 iterum
1643 1419 1676 1440 ea

880 1469 940 1496 quae
956 1461 1088 1488 adversus
1103 1462 1164 1489 illos
1180 1466 1245 1489 sunt
1260 1461 1393 1496 exquirit.
1419 1470 1428 1487 ε
1449 1460 1546 1488 Omnis
1569 1467 1643 1487 caro.
1662 1468 1674 1486 ι

879 1507 973 1542 Neque
985 1507 1058 1534 enim
1076 1507 1202 1542 implevit
1215 1515 1276 1542 qua:
1292 1507 1319 1534 iu
1330 1508 1388 1542 lege
1405 1511 1480 1534 sunt.

917 1553 963 1584 lll.
988 1553 1034 1585 20,
1062 1553 1108 1579 21.
1142 1551 1214 1578 Nam
1237 1560 1282 1586 per
1313 1552 1394 1587 legem
1421 1553 1526 1586 cognito
1561 1551 1672 1585 peccati.

880 1598 959 1626 Nunc
974 1602 1061 1625 autem
1089 1598 1145 1625 sine
1168 1598 1221 1632 lege
1245 1598 1354 1632 justitia
1379 1597 1427 1624 Dei
1452 1597 1594 1632 manifesta
1620 1601 1672 1629 est,

882 1645 946 1671 dum
976 1646 1165 1680 comprobatur
1197 1644 1347 1671 testimonio
1380 1644 1443 1679 legis
1475 1652 1505 1670 ac
1532 1643 1675 1678 propheta—

880 1699 950 1718 rum.

914 1736 993 1772 241
1011 1737 1045 1764 Et
1067 1736 1133 1772 quid
1149 1736 1212 1764 dico
1230 1736 1304 1772 quod
1326 1744 1375 1764 vos
1392 1736 1478 1764 Judaei
1497 1736 1565 1763 nihil
1589 1735 1675 1769 adjuti

879 1781 939 1809 sitis
951 1789 984 1808 ex
996 1782 1056 1816 lege
1070 1789 1125 1816 quo
1142 1781 1235 1808 minus
1250 1781 1347 1808 essetis
1363 1781 1444 1808 simul
1467 1789 1529 1808 cum
1545 1781 1675 1808 universo

879 1829 983 1856 mundo
996 1829 1126 1855 obnoxii?
1137 1828 1266 1861 Quinimo
1280 1827 1301 1854 si
1315 1827 1377 1862 quis
1390 1827 1550 1861 diligentius
1568 1831 1676 1853 scrute-

879 1878 935 1907 tur,
954 1875 1075 1902 inveniet
1093 1875 1176 1902 etiam
1195 1873 1392 1901 detrimentum
1408 1881 1457 1901 vos
1468 1881 1501 1900 ex
1518 1873 1577 1908 lege
1597 1880 1676 1900 accc‘

878 1921 952 1956 pisse
967 1929 974 1947 :
998 1929 1053 1947 non
1079 1925 1192 1955 propter
1205 1921 1265 1955 ejus
1280 1924 1416 1952 naturam,
1440 1921 1486 1946 scil
1503 1920 1538 1946 ob
1554 1923 1674 1945 vestram

879 1966 1023 1993 malitiam.
1039 1966 1162 1999 Quonam
1177 1966 1278 2000 pacto?
1294 1965 1359 1992 Nam
1374 1965 1478 2000 peccati
1489 1965 1674 1999 cognitionem

879 2021 928 2048 per
938 2013 1025 2048 legem
1044 2013 1151 2039 habetis
1166 2021 1172 2038 :
1187 2020 1301 2047 peccare
1325 2017 1417 2039 autem
1434 2019 1467 2039 ex
1481 2011 1594 2038 scientia
1612 2019 1675 2045 gra-

879 2059 942 2086 vius
953 2063 994 2086 est
1008 2066 1090 2093 quam
1106 2058 1311 2093 ignorantia.—
1323 2058 1419 2085 Aliter.
1435 2057 1475 2084 Ad
1494 2057 1556 2089 hoc,
1575 2057 1673 2091 inquit,

879 2105 922 2132 lex
938 2105 1040 2140 profuit
1053 2104 1126 2139 quod
1142 2109 1284 2139 peceatum
1300 2104 1380 2132 nobis
1397 2108 1493 2131 notum
1516 2103 1581 2130 fecit
1597 2112 1602 2130 :
1620 2111 1674 2131 non

32 2160 226 2196 ἀπαγορεῦσαι
246 2159 327 2195 μόνον
342 2159 391 2193 τὴν
408 2157 507 2194 πρᾶξιν
524 2157 579 2183 τῶν
606 2157 726 2187 ἀτόπων,
756 2156 824 2183 ἀλλὰ

934 2159 968 2178 eo
992 2155 1096 2178 tantum
1114 2149 1187 2184 quod
1213 2149 1340 2176 illicitum
1358 2157 1427 2184 opus
1447 2149 1604 2184 prohibeat,
1625 2148 1674 2175 sed

33 2207 76 2234 καὶ
94 2207 137 2242 τῷ
155 2205 364 2240 παρακούοντας
378 2203 472 2236 αὑτοῦ,
488 2202 680 2237 τιμωρεῖσθαι.
697 2201 742 2237 Μὴ
765 2203 825 2229 ἐπι-

33 2253 187 2287 φερομένης
199 2251 254 2285 γὰρ
268 2249 407 2280 κολάσεως
423 2249 480 2279 τοῖς
497 2247 715 2283 ἁμαρτάνουσιν,
730 2247 780 2274 οὐκ
793 2247 825 2274 ἂν

33 2297 222 2332 ἐγνωρίσαμεν
231 2296 325 2330 αὑτήν.
340 2295 390 2321 Διὰ
404 2295 508 2320 τούτων
519 2294 609 2320 τοίνυν
623 2293 732 2319 πάντων
743 2293 825 2328 ἀκρι-

34 2344 84 2375 ὁῶς
102 2343 239 2378 συστήσας
263 2342 309 2375 ὑφ’
322 2340 460 2376 ἁμαρτίαν
491 2340 595 2370 πάντας
610 2339 700 2372 ὅντας,
726 2339 825 2374 ἐπάγει

33 2391 124 2418 λοιπὸν
138 2390 246 2421 δεικνὺς
259 2388 306 2415 τοῦ
323 2387 423 2415 οἰκείου
439 2387 519 2421 λόγου
533 2387 564 2412 τὺ
583 2386 721 2421 περιττόν.
738 2395 747 2411 ι
757 2385 826 2411 Νυνὶ

33 2438 68 2464 δέ.
90 2448 98 2464 ι
126 2436 278 2468 Ἐπιδείξας
291 2435 390 2466 αὐτοὺς
404 2434 487 2469 μηδὲν
504 2433 699 2468 ὠφελημένους
717 2433 748 2458 ὲκ
777 2432 824 2458 τοῦ

34 2484 124 2519 νὰμου,
144 2483 192 2510 καὶ
211 2483 251 2514 εἰς
279 2480 429 2516 ἐπιθυμίαν
447 2480 560 2514 ἀγαγὼν
591 2479 704 2514 μεθόδου
737 2478 824 2505 σῶσαι

34 2531 195 2567 δυναμένης,
210 2528 344 2564 εὐκαίρως
365 2528 405 2558 εἰς
420 2527 469 2562 τὴν
487 2527 581 2552 πίστιν
603 2525 741 2552 εἰσϐάλλει
758 2525 824 2559 Χρι-

35 2578 103 2605 στοῦ.
126 2587 136 2603 ‹
157 2575 322 2610 Δικαιοσύνη
348 2574 428 2603 Θεοῦ.
447 2583 456 2600 ι
480 2574 511 2600 Et
530 2573 599 2608 μετὰ
616 2572 710 2607 νόμον,
728 2572 822 2608 φησὶν,

35 2623 203 2657 ἡμάρτομεν,
217 2621 275 2652 πῶς
291 2621 324 2648 ἂν
340 2619 505 2654 σωθείημεν,
521 2618 593 2644 εἴποι
606 2626 658 2649 τις,
669 2617 753 2652 χωρὶς
778 2617 823 2642 νό-

35 2677 98 2702 μους
113 2668 164 2694 Διὰ
177 2667 228 2702 τῆς
244 2667 276 2693 ἐκ
291 2666 359 2692 Θεοῦ
373 2664 559 2698 δικαιοσύνης,
576 2664 654 2698 φησὶ,
677 2663 727 2696 τῆς
745 2662 823 2697 παρὰ

33 2713 97 2741 Θεοῦ
110 2711 356 2749 διδομένης.¹¹οπου
368 2711 395 2737 δὲ
403 2710 469 2741 Θεὸς
484 2709 588 2741 δίδωσι,
604 2708 642 2742 μὴ
653 2706 819 2742 aperimus,

35 2760 169 2795 ἄνθρωπε.
191 2760 228 2786 Ἦ
238 2757 395 2793 δικαιοσύνη
409 2756 488 2790 Θεοῦ,
501 2756 517 2791 ἡ
536 2755 586 2782 ἥιπὸ
599 2754 666 2781 Θεοῦ
677 2752 819 2784 δικαίωσις

68 2851 88 2866 "
104 2850 123 2878 ll
136 2850 204 2887 Reg.
228 2858 305 2884 mn,
328 2851 372 2879 21.

878 2197 961 2223 ctiam
987 2195 1060 2230 quod
1086 2194 1139 2222 sibi
1170 2194 1363 2221 inobedientes
1390 2194 1548 2221 ulciscatur.
1565 2193 1673 2220 Etenim

878 2241 930 2269 nisi
955 2241 1120 2276 supplicium
1139 2239 1293 2272 indixisset,
1313 2247 1487 2273 nequaquam
1515 2240 1603 2274 ipsum
1628 2246 1675 2265 co-

877 2288 1080 2322 gnovissemus.
1097 2286 1245 2320 Postquam
1260 2293 1326 2320 ergo
1343 2293 1376 2311 ex
1394 2285 1437 2312 his
1458 2286 1586 2312 omnibus
1610 2293 1675 2312 cono

878 2334 969 2361 stituit
1008 2333 1153 2361 universos
1181 2332 1232 2359 sub
1270 2336 1405 2366 peccato,
1426 2331 1519 2358 subdit
1544 2332 1674 2366 deinceps

878 2379 1029 2407 ostendens
1052 2387 1108 2407 suae
1128 2378 1332 2414 praedicationis
1345 2378 1546 2405 excellentiam.
1566 2387 1574 2403 ι
1595 2377 1674 2404 Nunc

878 2431 983 2454 autem.
1004 2436 1012 2452 ι
1031 2426 1082 2454 Ubi
1107 2433 1155 2453 eos
1172 2424 1340 2452 ostendisset
1352 2423 1420 2451 nihil
1438 2431 1471 2450 ex
1486 2423 1545 2458 lege
1564 2423 1674 2457 adiutos

877 2481 936 2501 esse
946 2478 973 2501 et
985 2473 1017 2500 ad
1033 2472 1286 2508 concupiscentiam
1301 2471 1425 2498 duxisset
1437 2470 1597 2497 methodum
1611 2477 1673 2504 qua:

876 2521 982 2547 salvare
999 2523 1125 2554 poterat:
1146 2521 1300 2553 opportune
1321 2516 1424 2544 Christi
1449 2515 1528 2542 [idem
1547 2515 1673 2550 aggredi-

877 2572 933 2594 tur.
949 2575 958 2591 ί
980 2565 1092 2593 Justitia
1108 2565 1168 2592 Dei.
1189 2574 1197 2590 ι
1216 2563 1245 2591 Si
1262 2563 1366 2595 habita,
1385 2562 1484 2597 inquit,
1500 2561 1557 2595 lege
1575 2568 1672 2595 pecca-

875 2614 977 2644 vimus.
992 2619 1046 2647 quo
1054 2619 1120 2646 ergo
1135 2611 1227 2642 modo,
1244 2610 1317 2637 dicat
1329 2609 1476 2644 quispiam,
1491 2607 1595 2641 absque
1611 2607 1672 2641 lege

877 2658 978 2686 salvari
999 2656 1160 2692 possemus?
1179 2657 1231 2683 Per
1244 2655 1381 2691 justitiam
1406 2654 1465 2684 Dei.
1488 2653 1588 2688 inquit,
1611 2660 1672 2687 qua)

875 2705 1008 2732 videlicet
1023 2704 1103 2731 datur
1121 2712 1135 2730 ιι
1153 2703 1218 2730 Deo.
1243 2702 1294 2729 Ubi
1311 2706 1402 2728 autem
1432 2700 1503 2727 Dens
1525 2699 1597 2725 illam
1621 2698 1672 2725 tri-

873 2750 992 2785 buat,nc
1007 2749 1137 2786 ambigas,
1154 2756 1170 2776 ο
1184 2748 1276 2776 homo.
1293 2747 1346 2775 Aut
1356 2746 1462 2783 justitia
1475 2744 1522 2772 Dei
1534 2748 1576 2772 est
1588 2743 1671 2779 justi-
