1878 3054
212 134 262 166 ΞΠ

766 130 968 162 (ΕΕΗΜΕΝΙΙ
990 127 1135 159 TRICC/E
1154 127 1325 158 EPISCOPI

1798 128 1859 159 333

210 197 260 218 nes
280 197 286 215 :
306 191 372 222 puta
388 187 456 214 illud
473 196 479 215 :
499 198 507 214 ι
526 189 560 216 Et
576 187 602 215 in
624 187 729 215 semine
742 186 964 224 tuohenediccnt

1092 183 1221 218 θήσονται
1245 184 1274 209 ἐν
1293 182 1332 218 τῷ
1359 181 1498 217 σπέρματι
1521 191 1567 209 σου
1587 183 1676 212 πάντα
1693 183 1728 210 τὰ
1741 183 1830 217 ἔθνη.
1847 193 1857 208 ι

209 241 305 262 omnes
319 237 414 268 gemes
428 234 460 260 ".
484 243 492 259 ι
509 234 538 261 ld
551 241 617 269 ergo
633 233 738 269 justitia
750 237 801 264 est,
814 232 847 258 de
861 230 998 258 salvandis

207 280 291 307 etiam
314 279 436 314 indignis
462 280 609 307 veritatem
630 284 766 314 praestare.
787 287 797 302 ι
816 277 842 304 1η
869 276 998 311 priesenti

210 331 344 360 tempore.
371 335 379 350 ι
396 325 466 352 Cum
485 325 621 353 dixisset:
642 334 651 351 ι
676 325 716 351 Ad
737 323 934 350 ostendendam
957 323 998 357 ju-

209 371 313 399 stitiam
330 379 407 398 suam
424 380 432 396 ι
457 371 611 406 subiunxit,
629 380 638 396 ι
651 370 680 398 1η
695 368 821 404 prmsenti
837 373 970 402 tempore.
987 377 996 393 ι

210 416 352 452 Siquidem
378 417 424 444 Dei
450 416 559 451 justitia
588 423 648 450 qua-
662 415 688 441 in
709 413 835 448 pnescnti
852 417 911 440 erat
931 417 999 439 tem-

209 471 288 497 pore,
310 469 366 497 quo
382 462 514 489 videlicet
529 466 650 489 nostram
670 459 886 494 redemptionem
901 467 999 494 opera-

210 514 255 537 tus
265 514 317 541 est,
335 510 416 544 plena
430 509 609 544 benignitate.
628 508 707 542 plena
732 507 815 538 dono,
840 506 921 541 plena
939 511 1000 533 erat

209 561 237 584 et
252 556 340 591 gratia
358 564 365 588 ;
382 556 499 590 ideoque
514 554 639 581 dicebat:
656 562 665 577 ι
681 553 740 579 Non
751 553 812 578 veni
830 551 1000 579 utcondem-

210 608 275 628 nem
294 601 437 632 mundum,
454 600 501 627 sed
513 605 542 626 ut
558 599 661 625 salvum
675 598 771 625 faciam
793 597 971 624 mundum”.
986 607 995 622 ι

213 647 319 674 Futura
335 654 400 674 vero
415 646 520 681 justitia
536 645 598 672 talis
615 644 732 680 amplius
746 651 799 670 non
809 644 873 674 erit.
893 643 940 670 sed
955 651 1000 670 re-

213 693 327 720 tributio
343 693 475 727 cujusque
489 691 543 719 erit
555 691 589 718 de
602 691 645 717 his
662 698 723 725 quae
733 691 801 726 egit,
813 690 896 717 veluti
915 689 998 717 etiam

211 741 258 767 hic
274 746 382 766 rursum
396 738 484 764 dicit:
504 746 512 762 ι
532 737 680 764 Revelatur
693 737 767 764 enim
782 738 822 764 ira
838 737 896 768 Dei,
915 746 924 762 ι
943 741 996 764 etc.

210 785 263 811 Aut
290 784 327 810 ita
356 783 547 818 accipiendum
576 787 629 816 est,
656 783 783 810 Ostensio
816 783 844 809 in
870 783 997 817 praesi-nti

211 835 334 865 tempore
361 830 432 857 facta
459 835 512 862 est,
539 830 626 865 ipsius
641 829 771 856 videlicet
793 828 931 860 toleratio,
949 827 998 854 do-

210 884 275 902 num
289 875 433 910 gratiaque
446 875 546 903 futurm
557 875 679 910 justitim.
696 875 820 908 Quonam
833 879 924 902 autem
940 881 999 901 mo-
1017 865 1035 892 Β

209 921 264 948 do?
279 921 346 948 Nam
359 921 391 953 si,
410 929 471 948 cum
483 921 552 948 adeo
565 921 729 956 longanimis
742 920 835 952 fuerit,
849 929 881 947 ac
895 924 998 947 tantam

211 967 362 994 contulerit
378 967 505 1002 gratiam,
517 970 654 1001 tantoque
675 973 791 993 munere
812 965 941 1001 dignatus
953 965 998 998 sit,

211 1021 265 1040 non
283 1017 427 1040 convertat
444 1020 502 1044 eos,
514 1020 604 1047 neque
620 1012 749 1040 meliores
760 1012 875 1039 eﬁ'ectos
887 1011 998 1043 habeat,

211 1059 240 1086 in
255 1060 348 1086 l‘tituro
367 1067 431 1087 cum
448 1059 534 1086 multa
553 1059 660 1095 justitia
689 1058 798 1086 inducit
822 1058 998 1094 supplicium.

216 1115 224 1131 ι
242 1105 277 1132 Ει
297 1105 451 1141 justiﬁcans
470 1112 533 1131 cum
553 1105 600 1140 qui
623 1109 714 1132 estex
735 1104 788 1131 ﬁde
801 1104 876 1132 Jesu.
901 1113 910 1129 ι
929 1102 1001 1131 Ecce

212 1153 398 1180 ostensionem
423 1152 548 1187 justitize,
570 1156 636 1187 puta
647 1152 721 1187 quod
737 1160 792 1180 non
805 1153 893 1180 solum
909 1153 1000 1188 justus

213 1201 249 1227 sit
265 1201 346 1231 Deus,
377 1199 425 1227 sed
441 1203 470 1226 et
492 1199 648 1235 justiﬁeans
662 1207 736 1231 eum,
764 1199 811 1234 qui
837 1204 880 1227 est
900 1207 933 1227 ex
947 1199 1000 1227 ﬁde

211 1246 288 1277 Jcsu,
303 1253 402 1280 nempe
417 1246 559 1280 proprium
579 1246 625 1273 Dei
639 1246 770 1281 populum
782 1246 922 1273 eﬁ‘ectum.

247 1292 294 1324 Ill,
309 1292 404 1318 ’27-51.
427 1292 473 1319 Ubi
497 1296 536 1319 est
557 1293 639 1326 igitur
654 1291 928 1327 gloriatio?E:cclusa
951 1296 999 1319 est.

212 1339 264 1365 Per
278 1347 356 1373 quam
370 1338 472 1373 legem?
485 1346 594 1373 operum
607 1338 619 1364 7
631 1337 702 1369 Νοη,
716 1337 762 1364 sed
771 1346 818 1373 per
833 1337 914 1373 legem
927 1337 1000 1372 ﬁdei.

211 1385 382 1412 Arbitrantur
405 1385 486 1419 igitur
509 1383 655 1419 justiﬁcari
686 1384 816 1410 hominem
844 1392 892 1419 per
921 1384 1002 1418 fidem

211 1430 310 1465 absque
335 1430 456 1466 operibus
480 1430 553 1464 legis.
569 1430 610 1457 An
623 1429 777 1457 Iudaeorum
790 1430 857 1457 Deus
874 1434 977 1457 tantum
991 1431 1003 1457 .7

212 1485 247 1503 an
265 1484 316 1503 non
334 1480 358 1502 et
385 1476 523 1510 gentium?
538 1475 614 1503 Certe
631 1480 656 1502 et
678 1477 797 1510 gentium
815 1477 1002 1511 :quandoqui-

211 1523 271 1549 dem
285 1530 352 1549 unus
365 1527 403 1548 est
419 1521 497 1555 Deus,
513 1522 557 1557 qui
566 1522 722 1557 justiﬁeabit
736 1523 960 1550 circumcisionem
970 1530 1002 1549 ex

212 1568 277 1602 ﬁde,
297 1573 321 1595 et
334 1569 495 1604 pra’putium
513 1576 561 1603 per
580 1568 670 1602 ﬁdem.
686 1568 781 1604 Legem
798 1569 880 1603 igitur
896 1569 1003 1596 irritam

212 1615 324 1651 facimus
335 1622 381 1650 per
391 1614 473 1648 [idem
486 1614 499 1640 .9
509 1614 585 1641 Absit
601 1614 611 1640 .'
620 1614 666 1641 sed
677 1614 760 1649 legem
773 1613 933 1641 stabilimus.

247 1705 329 1741 255
349 1705 399 1732 His
422 1705 506 1740 igitur
521 1704 560 1732 ita
581 1704 673 1737 factis,
697 1705 837 1740 Patreque
860 1704 1002 1739 proprium

212 1752 336 1780 salvante
357 1751 500 1786 populum,
520 1751 568 1786 qui
585 1759 619 1778 ex
635 1751 688 1778 ﬁde
709 1750 775 1778 Jesu
793 1755 835 1778 est
851 1759 858 1777 :
873 1751 920 1778 ubi
935 1759 1003 1786 ergo

211 1805 254 1827 est
269 1800 427 1827 Judazorum
439 1799 586 1834 gloriatio?
598 1798 725 1826 Ostendit
739 1805 788 1826 eos
798 1806 868 1826 vane
880 1799 1002 1833 gloriari.

211 1848 328 1876 Exclusa
345 1852 400 1879 est,
412 1855 466 1874 non
482 1847 719 1882 dixit,Disparuit,
733 1847 792 1881 sed,
806 1847 923 1875 Exelusa
939 1852 981 1876 est
995 1857 1002 1875 :

211 1892 362 1920 ostendens
386 1893 460 1928 quod
476 1893 560 1921 etiam
580 1897 683 1921 sortem
708 1901 784 1920 suam
798 1893 937 1929 quondam
954 1894 1003 1922 lia-

212 1939 284 1973 huit,
303 1947 377 1966 nunc
396 1947 463 1966 vero
479 1939 548 1966 ﬁdes
569 1939 644 1967 illam
663 1940 791 1967 exclusit.
809 1940 896 1967 Porro
916 1941 1003 1976 legem

213 1993 342 2019 operum,
368 1992 418 2020 per
431 1985 616 2020 periphrasim
641 1985 868 2019 loquendo,dicit
894 1994 1002 2022 opera:

213 2031 366 2066 eodemque
386 2031 468 2058 modo
480 2031 567 2066 legem
583 2031 657 2063 ﬁdei,
669 2031 696 2058 id
709 2035 751 2058 est
764 2031 910 2060 ﬁdem.Ait
920 2041 1001 2068 ergo:

211 2077 272 2105 Non
286 2085 334 2112 per
345 2084 428 2112 opera
443 2085 504 2112 quae
519 2076 635 2105 fecimus
648 2077 805 2105 Iudaeorum
816 2079 943 2114 gloriatio
956 2087 1004 2106 ex—

212 2124 291 2151 clusa
307 2128 360 2156 est,
377 2124 425 2151 sed
436 2131 486 2159 per
501 2123 596 2156 ﬁdem,
613 2128 743 2158 tanquam
759 2125 864 2152 diceret
883 2134 890 2152 :
908 2126 1003 2153 Omnis

213 2171 259 2198 illa
286 2171 415 2206 gloriatio
442 2178 560 2205 qumque
588 2170 717 2198 videntur
744 2172 1004 2206 pmrogativaelper

1050 229 1136 255 Τοῦτο
1157 227 1204 256 οὖν
1225 229 1395 264 δικαιοσύνη.
1411 229 1441 255 τὸ
1465 228 1616 264 ἀληθεῦσαι
1645 230 1693 256 καὶ
1714 231 1764 255 ἐπὶ
1793 225 1878 260 τοῖς)

1049 276 1168 309 ἀναξίοις
1183 275 1230 303 τοῦ
1248 275 1392 307 σώζεσθαι.
1409 286 1418 302 ι
1429 276 1475 302 Ἐν
1497 276 1534 311 τῷ
1546 276 1592 302 νῦν
1610 276 1707 312 καιρῷ.
1721 286 1730 302 ι
1742 276 1860 312 [ΦΩΤ.]

1050 336 1082 341 -—
1097 329 1106 345 ι
1120 321 1192 356 Πρὸς
1216 321 1327 352 ἔνδειξιν
1343 321 1393 356 τῆς
1416 321 1591 356 δικαιοσύνης
1615 322 1708 354 αὑτοῦ,
1719 331 1728 347 ι
1747 322 1860 351 εἰπὼν.

1051 367 1200 401 ἐπήγαγεν,
1220 377 1229 392 ι
1246 367 1290 393 Ἐν
1305 367 1343 402 τῷ
1359 367 1406 394 νῦν
1423 367 1521 403 καιρῷ.
1535 377 1544 393 ι
1567 367 1602 394 Ἦ
1618 369 1672 403 γὰρ
1692 370 1722 395 ὲν
1735 369 1780 403 τῷ
1806 368 1862 394 νῦν

1051 413 1140 448 καιρῷ
1165 414 1323 449 δικαιοσύνη
1352 414 1399 440 τοῦ
1426 414 1513 446 Θεοῦ,“
1532 415 1673 441 τουτέστιν
1698 416 1728 442 ἐν
1752 411 1779 449 ᾧ
1805 415 1878 448 tim:

1051 459 1240 494 ἀπολύτρωσιν
1253 461 1332 495 ἡμῶν
1342 460 1501 496 εἰργάσατο,
1517 461 1624 497 πλήρης
1637 459 1670 496 ἧν
1688 461 1847 496 φιλανθρω
1877 461 1878 464 “

1051 505 1126 538 πίας,
1143 507 1249 542 πλήρης
1264 507 1379 543 δωρεᾶς,
1398 507 1504 543 πλήρης
1527 508 1647 542 χάριτος,
1664 509 1708 534 Διὸ
1726 509 1779 533 καὶ
1796 507 1864 533 ἕλε-

1050 560 1098 586 γεν
1117 560 1123 567 ·
1142 561 1151 578 ι
1167 553 1223 579 Οὐκ
1236 551 1318 588 ἦλθον
1343 555 1436 588 κρῖναι
1449 554 1495 581 τον
1507 554 1621 588 κόσμον,
1639 553 1695 580 ἀλλ’
1711 553 1756 580 ἵνα
1773 553 1860 587 σωθῇ

1050 600 1063 624 ὁ
1091 599 1226 633 κόσμος.)
1262 599 1296 627 'H
1324 599 1351 626 δὲ
1379 600 1514 635 μέλλουσα
1536 599 1705 635 δικαιοσύνη,
1731 601 1786 626 οὐκ
1815 599 1862 625 ἔτι

1050 645 1161 679 ὁμοίως,
1179 645 1236 671 ἀλλ’
1257 645 1436 677 ἀνταπόδοσίς
1451 647 1525 672 ἐστιν
1539 646 1645 681 ἑκάστῳ
1669 647 1723 672 τῶν
1746 646 1861 681 $5621»-

1052 691 1152 725 μένων,
1169 690 1207 722 ὡς
1231 692 1278 718 καὶ
1303 688 1381 723 οὗτος
1402 692 1483 719 πάλιν
1500 691 1592 726 φησὶν,
1612 701 1621 717 ι
1635 692 1860 718 Ἀποκαλύπτε-

1050 746 1095 764 ται
1118 737 1172 773 γὰρ
1197 738 1265 773 ὀργὴ
1288 738 1390 770 Θεοῦ,›
1413 739 1458 765 καὶ
1489 739 1562 774 ἑξῆς.
1592 739 1627 765 Ἦ
1654 738 1742 770 οὕτως
1765 738 1861 769 ἐκλη-

1051 784 1131 810 πτέον
1143 792 1150 800 ·
1170 784 1302 816 Ἔνδειξις
1318 784 1432 819 γέγονεν
1451 786 1481 810 ὲν
1494 785 1533 819 τῷ
1552 785 1598 811 νῦν
1614 785 1715 820 καιρῷ,
1733 785 1750 819 ή
1763 785 1859 819 ἀποχὴ

1050 829 1132 856 αὐτοῦ
1150 830 1198 858 καὶ
1218 831 1233 865 ἡ
1249 831 1348 866 δωρεὰ,
1365 833 1411 858 καὶ
1431 832 1448 867 ή
1466 831 1546 866 χάρις
1562 831 1613 865 τῆς
1637 831 1797 866 μελλούσης
1817 831 1859 857 δι-

1050 878 1207 914 καιοσύνης.
1228 878 1289 909 [Ιῶς
1309 879 1357 905 καὶ
1383 878 1444 904 τίνα
1469 878 1587 914 τρόπον;
1605 879 1635 904 Εἰ
1650 879 1704 913 γὰρ
1715 878 1859 904 τοσοῦτον
1877 891 1878 915 γ

1052 924 1271 959 μακροθυμήσας
1286 944 1293 956 ,
1325 923 1453 950 τοσοῦτον
1479 924 1685 960 χαρισάμενος,
1710 924 1860 958 τοσαύτης

1050 969 1155 1004 δωρεᾶς
1170 969 1288 1002 ἀξιώσας
1311 971 1360 996 οὐκ
1380 970 1548 1006 ἐπέστρεψεν
1575 970 1630 996 οὐδ’
1644 970 1706 1005 ἔσχε
1731 969 1858 1005 palum-
1877 975 1878 993 l

1051 1015 1155 1047 Θέντας,
1179 1016 1247 1051 μετὰ
1278 1016 1377 1051 πολλῆς
1397 1017 1450 1052 ἄρα
1478 1016 1651 1052 δικαιοσύνης
1670 1017 1779 1043 ἐκεῖθεν
1802 1018 1858 1044 ἐττ-

1051 1061 1111 1096 ἀγει
1126 1062 1175 1094 τὰς
1188 1063 1336 1098 τιμωρίας.
1354 1073 1363 1088 ι
1374 1063 1428 1089 Καὶ
1451 1063 1606 1090 δικαιοῦντα
1622 1063 1666 1089 τὸν
1680 1064 1712 1089 ὲκ
1727 1063 1859 1094 πίστεως
1877 1087 1878 1090 η

1057 1108 1169 1142 Ἰησοῦν.
1185 1118 1195 1134 ι
1217 1109 1284 1135 ’ἰδοὺ
1308 1109 1324 1144 ὴ
1348 1109 1461 1142 ἔνδειξις
1477 1109 1526 1143 τῆς
1553 1108 1740 1143 δικαιοσύνης,
1759 1109 1794 1134 τδ
1817 1109 1857 1143 μὴ

1052 1155 1132 1188 μόνον
1147 1151 1220 1181 εἶναι
1239 1154 1344 1182 δίκαιον
1358 1155 1404 1181 τὸν
1420 1155 1497 1188 Θεὸν,
1514 1155 1582 1181 ἀλλὰ
1597 1156 1645 1181 καὶ
1664 1156 1705 1187 τὸ,
1722 1155 1856 1181 δικαιοῦν
1877 1180 1878 1186 η

1050 1199 1096 1225 τὸν
1108 1199 1152 1226 διὰ
1169 1199 1287 1232 πίστεως
1304 1199 1352 1226 τοῦ
1376 1200 1464 1235 Ἰησοῦ
1493 1201 1593 1227 οἰκεῖον
1609 1199 1677 1226 Θεοῦ
1691 1199 1757 1226 λαδν
1775 1201 1858 1235 γινὸ-

1053 1253 1143 1279 μενον.

1086 1291 1150 1318 Ποῦ
1163 1289 1220 1319 οὖν
1238 1292 1257 1325 ἡ
1270 1291 1437 1326 καύχησις;
1460 1292 1668 1326 Ἐξεκλεὶσθη.
1682 1293 1734 1320 Διὰ
1757 1294 1856 1320 ποίου

1051 1339 1164 1372 νόμου;
1183 1337 1244 1364 τῶν
1264 1338 1376 1372 ἑργγυγ;
1397 1339 1481 1373 Οὐχὶ,
1504 1340 1585 1366 ἀλλὰ
1609 1339 1659 1366 διὰ
1683 1341 1781 1374 νόμου
1803 1341 1857 1366 πῖ-

1052 1392 1157 1417 στεως.
1176 1380 1354 1419 Λὸγιζόμεθα
1368 1383 1435 1416 οὖν,
1455 1385 1555 1412 πίστει
1579 1383 1769 1413 δικαιοῦσθαι
1801 1387 1856 1415 ἄν·

1053 1433 1182 1465 θρωπον,
1192 1431 1283 1465 χωρὶς
1299 1432 1394 1465 ἔργων
1405 1433 1510 1465 νόμου.
1527 1432 1560 1459 Ἡ
1574 1431 1723 1459 Ἰουδαίων
1744 1434 1761 1458 ὀ
1775 1433 1856 1466 Θεές

1050 1477 1164 1511 adi-or,-
1183 1477 1251 1511 οὐχὶ
1266 1477 1301 1503 δὲ
1314 1478 1362 1504 καὶ
1372 1476 1483 1510 ἐθνῶν;
1496 1478 1552 1504 Ναὶ
1569 1479 1619 1504 καὶ
1633 1477 1740 1505 ἐθνῶν.
1751 1479 1856 1505 Ἐπεὶ-

1017 1541 1038 1570 c
1054 1530 1109 1556 περ
1124 1520 1167 1555 εἷς
1182 1523 1198 1549 ὁ
1215 1521 1296 1555 Θεὸς,
1315 1523 1349 1555 ὃς
1372 1522 1524 1551 δικαιώσει
1551 1524 1716 1559 περιτομὴν
1739 1524 1773 1550 ἐκ
1807 1525 1856 1551 al-

1054 1577 1158 1601 στεως,
1175 1569 1224 1595 καὶ
1245 1569 1448 1603 ἀκροϐυστίαν
1462 1570 1511 1597 διὰ
1528 1570 1582 1604 τῆς
1598 1571 1739 1604 πίστεως.
1747 1572 1856 1606 Νόμα·

1054 1612 1112 1642 οὖν
1129 1615 1335 1650 καταργοῦμεν
1354 1615 1402 1643 διὰ
1417 1616 1472 1650 τῆς
1485 1616 1630 1650 πίστεως
1645 1617 1693 1651 Μὴ
1713 1617 1856 1654 γένοιτοέ

1054 1660 1134 1688 ἀλλὰ
1148 1662 1243 1695 νόμον
1258 1661 1398 1696 ἱστῶμεν.

1090 1707 1200 1733 Τούτων
1223 1707 1312 1734 τοίνυν
1333 1708 1405 1735 οὕτω
1424 1709 1626 1744 γεγενημένων,
1643 1711 1691 1736 καὶ
1713 1710 1762 1738 τοῦ
1791 1711 1840 1738 Ila.

1053 1753 1117 1788 τρὸς
1136 1753 1269 1786 σώζοντος
1290 1755 1336 1781 τὸν
1356 1755 1388 1781 ὲκ
1414 1755 1532 1787 πίστεως
1555 1756 1642 1791 Ἰησοῦ
1670 1757 1854 1785 οἰκειωθὲντα

1054 1799 1127 1832 λαὸν,
1145 1799 1196 1826 ποῦ
1225 1800 1319 1827 λοιπὸν
1346 1801 1399 1828 τῶν
1413 1800 1548 1829 Ἰουδαὶων
1572 1803 1589 1838 ἡ
1617 1803 1770 1838 καύχησις;
1789 1805 1853 1848 illai-

1055 1853 1148 1872 κνυσιν
1171 1845 1270 1876 αὐτοὺς
1285 1847 1347 1881 εικῆ
1364 1848 1569 1882 καυχωμένους.
1582 1848 1758 1885 Ἐξεκλείσθη
1775 1845 1853 1877 ὀὐκ

1054 1889 1141 1922 εἶπεν,
1163 1891 1327 1926 Ἠφανίσθη,
1355 1892 1422 1925 ἀλλ’,
1454 1893 1647 1930 Ἐξεκλείσθη·
1670 1894 1779 1926 δεικνὺς
1810 1896 1854 1923 ὅτι

1054 1937 1102 1964 καὶ
1130 1937 1223 1973 χώραν
1247 1935 1304 1972 εἶχέ
1334 1947 1411 1965 ποτε.
1431 1938 1488 1964 Νῦν
1518 1939 1610 1974 μέντοι
1636 1941 1652 1975 ὴ
1681 1940 1773 1972 πίστις
1794 1942 1853 1967 :11:-

1055 1983 1177 2009 ἐκλεισεν
1201 1984 1297 2018 αὐτήν.
1310 1984 1405 2018 Νόμου
1423 1984 1522 2020 ἔργων,
1535 1985 1590 2012 τῶν
1605 1986 1695 2022 ἔργων
1711 1995 1853 2023 περιφρα-

1055 2031 1166 2062 στικῶς.
1184 2031 1239 2057 Καὶ
1256 2030 1339 2066 νόμου
1355 2032 1485 2064 πίστεως,
1502 2031 1552 2066 τῆς
1565 2033 1686 2064 πίστεως
1709 2042 1853 2069 περιφρα-

1055 2076 1168 2107 στικῶς.
1183 2076 1269 2111 Φησὶν
1293 2074 1355 2103 οὗν·
1378 2078 1415 2103 Οὐ
1432 2078 1466 2104 δι’
1481 2078 1570 2113 ἔργων
1587 2076 1624 2104 ὧν
1641 2078 1806 2114 ἐπράξαμεν
1833 2082 1848 2116 ἡ

1054 2121 1190 2148 Ἰουδαίων
1204 2121 1339 2157 καύχησις
1356 2121 1526 2157 ἐξεκλείσθη,
1552 2123 1621 2150 ἀλλὰ
1645 2124 1691 2150 διὰ
1717 2125 1849 2157 πίστεως,

1053 2167 1091 2198 ὡς
1107 2165 1184 2194 εἶπεν
1194 2175 1201 2182 ⁸
1220 2168 1298 2194 Πᾶσα
1314 2168 1406 2204 ἐκείνη
1421 2168 1437 2204 ἡ
1451 2168 1595 2203 καύχησις,
1613 2169 1659 2195 καὶ
1675 2170 1708 2196 τὰ
1717 2169 1850 2198 δοκοῦντα

213 2216 295 2244 ﬁdem
311 2217 429 2244 exclusae
446 2221 513 2244 sunt
537 2216 642 2251 absque
658 2221 815 2245 nostrorum
840 2217 964 2245 necessit:

1088 2215 1265 2249 ιοτερήματα,
1282 2213 1326 2240 διὰ
1344 2214 1394 2249 τῆς
1414 2214 1532 2245 πίστεως
1548 2215 1728 2251 ἀπεκλείσθη,
1741 2217 1772 2243 οὐ
1789 2217 1851 2252 δεη-

212 2269 342 2297 operum.
376 2271 385 2287 ι
401 2262 576 2289 Arbitramur
591 2262 674 2298 igitur
686 2271 736 2298 per
763 2263 843 2290 ﬁdem
859 2263 1003 2298 justiﬁeari

214 2309 368 2340 hominem,
389 2318 398 2335 ι
417 2314 471 2336 etc.
501 2309 595 2344 Itaque
623 2310 752 2341 dicimus,
775 2310 874 2345 inquit,
898 2317 930 2337 ex
951 2309 1005 2337 ﬁde

212 2355 360 2389 justiﬁcari
378 2354 518 2382 hominem
542 2356 601 2383 sine
623 2355 692 2391 legis
711 2355 913 2383 observatione.
936 2365 946 2380 ι
963 2356 1005 2383 An

212 2400 372 2428 Judaeorum
389 2401 462 2428 Deus
482 2402 610 2429 tantum?
629 2411 638 2427 ι
659 2402 727 2429 Nam
739 2402 762 2429 si
777 2402 852 2429 solos
866 2401 1005 2436 eosjusti-

213 2444 322 2472 iicasset
346 2445 393 2480 qui
418 2454 451 2473 ex
466 2446 526 2482 lege
549 2446 730 2478 accedebant,
748 2451 795 2473 aut
809 2447 857 2481 qui
876 2454 936 2473 sese
951 2446 1004 2482 legi

212 2490 392 2524 adaptahant.
408 2496 436 2518 et
448 2499 502 2519 non
513 2499 623 2519 omnem
639 2492 687 2526 qui
707 2491 833 2518 crederet
849 2491 1000 2523 hominem,

213 2537 330 2565 alterius
351 2537 487 2565 duntaxat
510 2538 597 2572 partis
620 2538 693 2565 Deus
709 2542 783 2564 esset
803 2547 809 2564 :
824 2537 871 2564 sed
888 2545 961 2564 nunc
974 2541 1002 2564 et

210 2583 371 2611 Judaaorum
390 2584 461 2611 Deus
475 2588 557 2611 estet
573 2584 708 2619 gentium,
731 2583 955 2618 quandoquidem
969 2591 1001 2611 ex

211 2629 337 2663 utrisque
358 2628 505 2656 credentes
525 2629 616 2656 salvos
637 2628 714 2655 facit.
745 2638 754 2654 ι
770 2629 821 2661 Qui
841 2629 1003 2664 justiﬁcabit

210 2675 451 2702 circumcisionem
469 2683 503 2702 ex
520 2676 584 2708 ﬁde,
606 2684 615 2700 ι
634 2680 688 2702 etc.
711 2674 744 2703 Et
764 2675 806 2702 his
819 2675 864 2710 qui
887 2683 920 2702 ex
943 2675 1002 2711 lege

211 2725 286 2753 sunt,
306 2724 334 2747 et.
347 2720 391 2748 his
408 2721 454 2756 qui
471 2726 547 2749 extra
557 2721 655 2756 legem,
673 2721 725 2749 (ide
737 2729 806 2757 opus
822 2727 873 2754 est,
889 2726 919 2749 ut
933 2722 1001 2750 salvi

211 2767 289 2792 ﬁant.
314 2774 323 2791 (
351 2766 452 2803 Legem
477 2767 559 2802 igitur
572 2767 678 2796 irritam
707 2768 842 2796 facimus?
867 2779 875 2795 ι
894 2769 1001 2797 Turha-

249 2854 270 2870 "
286 2853 354 2882 Gen.
372 2863 438 2888 xxn,
465 2857 505 2883 18.
542 2857 652 2885 “Junii.
675 2867 723 2889 xu.
740 2859 784 2886 Ξῖ.

1056 2260 1159 2287 Θέντων
1173 2261 1252 2296 ἡμῶν
1282 2260 1380 2295 ἔργων.
1402 2270 1411 2286 ι
1425 2261 1598 2296 Λογιζόμεῦα
1623 2262 1670 2288 οὖν
1693 2263 1786 2290 πίστει
1810 2263 1850 2290 δι-

1055 2307 1200 2334 καιοῦσθαι
1214 2307 1367 2343 ἄνθρωπον,
1381 2317 1390 2333 ι
1409 2308 1457 2335 καὶ
1480 2308 1515 2334 τὰ
1545 2308 1619 2343 ἑξῆς.
1635 2310 1790 2344 Τοιγαροῦν
1804 2311 1850 2338 λέ-

1057 2361 1152 2387 γομεν,
1168 2353 1261 2387 φησὶν,
1288 2354 1320 2380 ἐκ
1348 2355 1468 2386 πίστεως
1494 2354 1666 2382 δικαιοῦσθαι
1689 2356 1848 2392 ἄνθρωπον,

1056 2400 1140 2434 χωρὶς
1155 2399 1205 2434 τῆς
1224 2400 1257 2426 ἐκ
1286 2400 1370 2435 νόμου
1387 2402 1617 2437 παρατηρήσεως.
1635 2412 1645 2428 ι
1657 2403 1692 2429 ’Ἦ
1711 2404 1848 2431 Ἰουδαίων

1057 2447 1071 2472 ὀ
1088 2446 1154 2478 Θεὸς
1175 2447 1287 2482 μόνον;ι
1308 2447 1338 2474 Et
1356 2448 1410 2482 γὰρ
1425 2448 1523 2483 μόνους
1541 2449 1603 2480 τοὺς
1629 2450 1661 2475 ὲκ
1687 2450 1734 2476 τοῦ
1763 2451 1847 2486 νόμον

1055 2492 1245 2527 ὁρμωμένους,
1262 2492 1279 2528 ἢ
1297 2492 1335 2527 τῷ
1352 2493 1427 2527 νόμῳ
1452 2493 1625 2528 στοιχοῦντας
1651 2494 1784 2526 ἐδικαίου,
1802 2497 1847 2522 καὶ

1055 2538 1116 2573 οὐχ).
1131 2538 1220 2565 πάντα
1235 2539 1378 2574 ἄνθρωπον
1392 2539 1437 2565 τὸν
1453 2539 1626 2573 πιστεύοντα,
1642 2541 1798 2576 μονομερὴς
1815 2541 1847 2568 ἂν

1054 2583 1089 2621 ἦν
1103 2586 1116 2611 ὁ
1133 2585 1209 2616 Θεός.
1227 2585 1367 2613 ’Δλλ“’ὶδοὺ
1379 2586 1426 2612 καὶ
1438 2586 1576 2613 Ἰουδαίων
1585 2587 1630 2613 καὶ
1644 2587 1728 2614 ἐθνῶν
1743 2588 1757 2614 ὀ
1768 2588 1845 2619 Θεὸς,

1056 2631 1150 2666 ἐπειδὴ
1169 2631 1251 2663 σώζει
1275 2632 1448 2666 ἀμφοτέρους
1478 2624 1688 2664 πιστεύσαντας.
1708 2642 1717 2658 ι
1732 2634 1781 2665 Ὃς
1809 2634 1844 2659 δι-

1056 2677 1170 2703 καιώσει
1184 2677 1336 2712 περιτομὴν
1352 2678 1384 2704 ἐκ
1400 2678 1529 2711 πίστεως,
1544 2679 1591 2705 καὶ
1604 2679 1790 2713 ἀκροϐυστίαν
1803 2680 1846 2706 διὰ.

1055 2723 1106 2757 τῆς
1124 2723 1253 2755 πίστεως,
1268 2732 1278 2749 ι
1294 2723 1340 2750 καὶ
1355 2724 1390 2750 τὰ
1404 2725 1477 2760 ἑξῆς.
1494 2726 1549 2752 Καὶ
1563 2726 1587 2752 οἱ
1602 2726 1655 2753 ἀπὸ
1677 2726 1726 2753 τοῦ
1750 2727 1844 2761 νόμον,

1058 2770 1106 2796 καὶ
1124 2770 1147 2796 οἱ
1163 2770 1242 2801 ἐκτὸς
1266 2770 1313 2797 τοῦ
1341 2771 1435 2808 νόμον,
1453 2772 1572 2806 πίστεως
1596 2773 1702 2801 δέονται
1724 2774 1790 2810 πρῆς
1815 2774 1844 2802 τὸ
