1878 3054
57 153 109 183 3ίζΊ

593 149 792 181 COMMENT.
813 151 853 180 IN
869 150 992 182 EPIST.
1011 151 1062 181 AD
1075 149 1167 183 ROM.

1641 153 1694 185 390

59 208 190 242 εωῦῆνςιι.
210 205 323 240 «Νόμον
349 203 396 232 οὖν
429 205 624 241 καταργοῦμεν
651 206 702 233 διὰ·
724 207 775 241 τῆς
804 207 847 233 πί-

931 211 1002 234 tntur
1016 207 1121 237 Judaei.
1137 206 1215 241 quasi
1234 205 1276 234 lex
1293 213 1342 242 per
1358 205 1439 233 ﬁdem
1453 206 1630 242 ahjiceretur.
1646 211 1694 238 Di-

58 262 144 285 στεως
156 261 162 283 ς
176 263 185 278 ι
203 253 367 287 Ἐθορὺεουν
380 252 515 285 Ἰουδαῖοι,
534 253 571 284 ὡς
587 254 787 289 ὲκϐαλλομένου
801 254 850 280 τοῦ

58 301 142 335 νόμου
169 299 214 326 διὰ
240 299 291 333 τῆς
316 298 446 330 πίστεως.
463 299 544 332 Λέγει
560 299 606 326 οὖν
621 301 662 326 ὅτι
678 300 708 326 οὺ
726 300 806 334 μόνον
819 300 850 326 οὑ

57 347 193 381 καταργεῐ
208 346 225 380 ή
241 345 333 376 πίστις
351 344 397 371 τὸν
417 345 510 380 νόμον,
528 345 598 372 ἀλλὰ
611 346 658 372 καὶ
673 346 766 380 ἵστησί
781 355 849 378 πως,

57 394 98 419 ὅτι
114 393 129 418 ὁ
145 392 227 427 νόμος
244 391 331 418 σῶσαι
350 391 521 426 βουλόμενος,
536 392 587 418 οὑκ
605 392 731 428 ίσχύει,ὴ
757 393 785 419 δὲ
806 393 851 420 πί-

57 447 115 470 στις
129 439 222 470 σώζει.
239 438 291 464 Τὸν
309 437 354 463 οὖν
368 438 470 464 σκοπὴν
493 437 541 463 τοῦ
565 438 649 472 νόμου
675 439 817 474 πληροῦσα
832 441 848 474 ἠ

57 488 161 516 πίστις,
178 485 286 518 ἵστησιν
301 484 393 510 αὑτὸν.
418 483 521 516 Εἰπὼν,
538 484 678 520 Ἱστῶμεν,
703 485 786 518 ἔδειξε
804 494 850 511 σα-

55 530 214 564 λευὸμενον.
227 545 263 550 -
279 531 404 563 Ἄλλως.
419 531 520 565 Ἔργον
537 528 570 566 ἦν
595 530 642 556 τοῦ
657 531 752 565 νόμον,
777 531 848 557 ὥστε

55 578 162 603 δίκαιον
188 577 303 611 ποιῆσαι
329 577 374 603 τὸν
400 576 555 612 ἄνθρωπον,
583 577 642 603 ἀλλ’
669 577 719 603 οὑκ
743 577 847 613 ἴσχυσε.

56 625 164 656 Πάντες
179 624 352 660 γὰρμξησὶν,
371 625 507 660 ἥμαρτον,
519 625 536 659 ἠ
561 625 652 655 πίστις
670 624 697 650 δὲ
721 624 846 656 ἐλθοῦσα,

54 671 135 697 τοῦτο
150 671 332 706 κατώρθωσεν
343 678 350 685 ‘
367 672 434 706 ὁμοῦ
451 672 505 706 γάρ
518 679 560 702 τις
574 671 718 697 ἐπίστευσε
734 671 781 697 καὶ
796 671 848 697 ἐδι-

54 717 174 752 καιώθη.
188 717 292 744 Οὐκοῦν
304 717 401 750 ἔστησε
416 717 463 744 τοῦ
479 717 562 752 νόμου
579 716 609 743 τὸ
624 717 740 752 θέλημα.
759 717 848 743 ’Λνω-

54 761 102 788 θεν
129 763 142 788 ὁ
162 762 245 796 νόμος
271 762 318 788 καὶ
342 763 367 788 οί
390 762 529 797 προφῆται
554 762 619 798 περὶ
647 763 699 797 τῆς
728 763 847 795 πίστεως

55 808 270 843 προεθέσπισαν.
282 823 314 829 -
328 808 577 844 [ΘΕΟΔΩΡΙΤΟΥᾹ
591 809 736 844 Δεχόμενοι
757 811 846 838 τοίνυν

53 855 104 890 τὴν
119 855 223 887 πίστιν,
242 854 406 889 βεϐαιοῦμεν
420 854 465 880 τὸν
480 854 573 890 νόμον.

94 902 126 928 Τί
142 901 200 927 οὖν
229 901 356 935 ἐροῦμεν
378 900 504 935 Ἀἴραὰμ
534 900 590 927 τὸν
621 900 734 935 πατέρα
763 901 847 936 ἡμῶν

52 947 216 982 εὑρηκέναι
231 947 306 973 κατὰ
320 947 436 980 σάρκα;

89 992 173 1025 Μέγα
190 991 323 1026 ἐφρόνουν
339 991 385 1018 ἐπὶ
402 992 441 1026 τῷ
453 991 581 1027 ’Δὸραὰμ
605 993 629 1018 οἱ
651 992 783 1025 Ἰουδαῖοι,
801 993 847 1019 καὶ

53 1039 99 1066 ἀεὶ
112 1039 266 1075 προέφερον
281 1040 322 1066 ὅτι
336 1039 463 1074 ’Δδραὰμ
480 1039 665 1075 περιετμήθη.
683 1040 788 1071 Σκοπὸς
800 1038 847 1067 οὖν

53 1083 131 1119 αὐτῷ
145 1084 244 1116 δεῖξαι,
255 1085 298 1110 ὅτι
312 1084 360 1110 καὶ
375 1084 456 1114 αὐτὸς
472 1084 600 1119 Ἀϐραὰμ
620 1084 670 1111 οὐκ
691 1085 721 1117 ἐξ
745 1085 845 1120 ἔργων,

53 1129 113 1156 ἀλλ’
131 1131 165 1156 ὲκ
181 1130 300 1162 πίστεως
322 1129 480 1165 ἐδικαιώθη.
503 1130 549 1156 καί
567 1138 650 1164 φησι·
672 1131 723 1156 (Τί
737 1131 784 1157 οὖν
797 1131 841 1157 λέ-

53 1184 141 1210 τομεν
160 1176 286 1212 Ἀϐραὰμ
305 1175 351 1203 τὸν
371 1176 442 1202 κατὰ
465 1176 554 1211 σάρκα
576 1177 682 1212 πατέρα
703 1177 782 1212 ἡμῶν
799 1178 844 1203 εὑ-

54 1225 189 1258 ρηκέναις
205 1233 213 1248 ο
232 1224 279 1249 καὶ
295 1222 366 1253 τίνος
391 1222 473 1249 αὑτὸν
495 1224 723 1258 ὲπιτιτυχηκέναι
746 1224 848 1251 δικαιο-

55 1259 159 1303 σύνης
176 1269 226 1303 τῆς
243 1268 276 1294 δι’
291 1268 391 1303 ἔργων,
406 1269 422 1303 ἢ
439 1268 488 1302 τῆς
512 1268 556 1295 διὰ
575 1269 709 1303 πίστεως;
727 1270 780 1296 Καὶ
794 1270 848 1297 δεί-

54 1323 162 1347 κνυσιν,
190 1315 231 1340 ὃτι
247 1314 296 1349 τῆς
323 1314 368 1341 διὰ
402 1314 532 1345 πίστεως.
550 1314 633 1341 Ὅθεν
657 1316 705 1342 καὶ
737 1315 847 1351 εὕρημα

54 1360 140 1395 αὐτὴν
157 1359 244 1386 καλεϊ.
263 1359 339 1386 Ἐπεὶ
361 1359 398 1395 μὴ
424 1360 453 1392 ἑξ
479 1359 569 1393 ἔργων
591 1359 676 1394 αὐτὴν
700 1360 845 1395 ἐκτήσατο,

52 1406 111 1432 ἀλλ’
138 1407 172 1431 ὲκ
200 1405 330 1437 πίστεως,
347 1406 408 1439 ἥτις
432 1405 525 1440 χάριτι
549 1405 617 1431 Θεοῦ
638 1406 848 1440 παρέχεται.-

51 1450 287 1488 [ΓΕΝΝΛΔΙΟΥᾼ
299 1451 367 1477 Καθ’
376 1451 527 1485 ὑπερϐατόν
536 1451 634 1485 ὲστινή
648 1451 735 1486 ῥῆσις,
748 1453 847 1479 οὕτωσί

21 1535 28 1542 1
48 1507 112 1529 πως
131 1498 247 1532 κειμένη
262 1506 268 1512 ·
288 1497 319 1523 Τί
342 1496 389 1523 οὖν
414 1497 531 1531 ἐροῦμεν
550 1497 677 1533 Ἀϐραὰμ
703 1498 748 1525 τὸν
776 1499 847 1525 κατὰ

49 1546 146 1580 σάρκα
164 1546 270 1579 πατέρα
279 1545 359 1579 ἡμῶν
373 1544 534 1580 εὑρηκέναι;
557 1545 734 1580 ’Δνέλθωμεν,
751 1547 843 1582 φησὶν,
858 1564 881 1595 c

47 1593 99 1619 ἐπὶ
123 1592 171 1619 τὸν
197 1591 319 1627 ἀρχηγὸν
342 1591 389 1618 τοῦ
412 1591 482 1618 κατὰ
499 1591 588 1626 σάρκα
603 1592 698 1626 γένους
713 1593 801 1626 ἡμῶν,
816 1593 845 1620 ὃν

49 1640 83 1665 ἐκ
98 1639 211 1666 πάντων
225 1637 311 1664 ἐθνῶν
323 1637 506 1672 ἐκλεξάμενος
529 1638 543 1663 ὁ
567 1637 645 1669 Θεὸς,
662 1637 793 1674 εὑλόγησέ
815 1647 845 1665 τε

49 1686 100 1712 καὶ
119 1685 161 1716 είς
177 1684 240 1716 τοὺς
255 1683 286 1716 ἐξ
297 1683 379 1710 αὐτοῦ
393 1683 427 1710 δι’
437 1683 520 1710 αὑτοῦ
535 1683 569 1710 τὰ
587 1684 637 1718 τῆς
651 1683 775 1718 εὐλογίας
793 1685 845 1711 ὑπ-

49 1732 151 1765 ίσχετο
168 1730 373 1766 παραπέμψειν.
386 1730 470 1764 Δῆλον
488 1729 542 1765 γὰρ
556 1730 597 1756 ὅτι
614 1731 688 1762 ὅπως
699 1731 732 1757 ἂν
741 1731 796 1766 ἔχοι
811 1730 846 1758 τὰ

49 1777 113 1804 κατ’
131 1777 226 1808 αὑτὸν,
236 1775 324 1808 οὕτως
342 1776 439 1812 σχήσει
453 1776 498 1802 καὶ
509 1776 543 1802 τὰ
553 1775 725 1812 ἡμέτερα.-
742 1776 844 1814 [ΦΩΤ.]

49 1824 98 1855 Τὸ,
120 1833 130 1848 ι
149 1822 228 1850 Κατὰ
254 1823 378 1858 σάρκα,ι
395 1823 424 1848 ὲν
448 1822 596 1858 ὑπερϐατῷ
624 1823 725 1850 κεῖται.
754 1823 790 1850 'H
817 1823 845 1850 δὲ

49 1869 125 1895 κατὰ
155 1867 251 1902 φύσιν,
274 1867 342 1894 ἀλλὰ
372 1867 410 1903 μὴ
433 1868 505 1894 κατὰ
533 1870 626 1903 σχῆμα
651 1868 785 1904 ἑρμηνεία
799 1869 845 1895 τοῦ

49 1914 134 1948 λόγου
148 1922 155 1929 ·
176 1913 209 1940 Τί
224 1913 270 1940 οὖν
287 1913 403 1949 ἐροῦμεν
414 1914 540 1949 ’Δῦραὰμ
559 1915 707 1949 εὑρηκέναι
719 1915 764 1941 τὸν
777 1915 846 1942 κατὰ

48 1961 145 1996 σάρκα
160 1960 241 1995 ἡμῶν
261 1961 384 1996 πατέρα;
401 1960 468 1996 πρὸς
486 1961 630 1993 Ἰουδαίους
657 1961 685 1988 δὲ
711 1961 725 1987 ὁ
756 1962 844 1996 λόγος.

48 2004 126 2039 Οἶον,
145 2007 209 2033 ἐπεί
225 2015 303 2042 φησι,
319 2007 356 2033 Τὸ
374 2007 428 2033 πᾶν
443 2007 507 2041 ὑμῖν
529 2007 578 2042 τῆς
601 2007 780 2042 σεμνολογίας
799 2009 846 2034 καὶ

49 2053 247 2089 μεγαλαυχίας
259 2055 286 2080 ἐν
297 2053 335 2088 τῷ
347 2053 515 2088 κατὰςάρκα
530 2055 617 2089 πατρὶ
632 2055 710 2089 ἡμῶν
719 2055 846 2090 Ἀϐρααμ

47 2101 121 2130 ἐστι,
141 2100 328 2134 σκοπήπωμεν
340 2100 366 2125 τί
381 2100 413 2126 ἂν
427 2101 554 2135 ετποιμεν
567 2101 672 2126 ἐκεῖνον
686 2101 844 2136 εὑρηκέναι.

47 2145 105 2172 Καί
122 2153 210 2179 φησιν
236 2145 317 2175 αὐτὸς
334 2144 449 2180 προῖὼν,
467 2145 509 2171 ὃτι
525 2146 572 2171 καὶ
584 2145 756 2180 δικαιοσύνην
771 2143 844 2182 εὗρε.

46 2191 140 2218 τοῦτο
156 2191 212 2226 γάρ
225 2191 284 2217 ἐστι
304 2191 344 2223 τὸ,
365 2200 374 2216 ι
389 2191 444 2217 Καὶ
465 2191 592 2226 ἐλογίσθη
608 2191 682 2226 αὑτῴ
692 2193 730 2223 είς
744 2192 847 2219 δικαιο-

903 254 941 281 cit
957 262 1025 289 ergo
1051 254 1124 288 quod
1141 262 1195 281 non
1210 254 1300 281 solum
1327 254 1432 281 irritatn
1451 262 1505 281 non
1527 255 1593 282 facit
1606 256 1693 291 legem

902 299 993 328 ﬁdes:
1012 301 1165 335 quinetiam
1193 301 1398 335 quodammodo
1417 301 1544 328 stabilit:
1565 302 1628 337 quia
1650 303 1694 330 lex

903 353 966 373 cum
980 346 1086 373 salvare
1103 347 1197 381 cupiat
1208 354 1262 373 non
1276 351 1376 381 petest,
1395 347 1462 374 fides
1473 352 1563 374 autent
1585 348 1671 375 salvat
1685 358 1692 376 :

904 399 967 419 cum
979 400 1044 427 ergo
1055 392 1123 428 legis
1140 400 1253 427 scopum
1270 392 1336 419 ﬁdes
1354 393 1475 427 impleat,
1489 394 1588 421 tnerito
1605 395 1693 421 stabi-

900 437 951 464 lire
969 438 1271 465 illamdieitur.Dicens
1287 443 1393 469 autem,
1407 439 1580 472 Stabilimus,
1598 445 1693 467 osten-

900 484 941 511 dit
955 484 1028 511 illam
1047 485 1233 512 vacillantetn.
1243 485 1303 512 Alio
1320 486 1406 512 modo.
1419 485 1498 520 Legis
1512 494 1582 520 opus
1594 491 1653 513 erat
1665 491 1695 513 ιιι

896 530 1000 565 justum
1010 531 1257 558 facerethomincnt
1269 540 1276 557 :
1287 540 1380 558 verum
1393 532 1444 559 hoc
1455 539 1508 560 non
1520 533 1621 567 potuit,
1631 541 1693 560 nam

899 577 1017 609 Omnes,
1036 577 1136 612 inquit,
1153 582 1337 612 peccaverunt
1354 588 1360 604 :
1377 586 1439 604 eum
1452 584 1543 605 autem
1575 579 1694 606 venisset

899 621 976 651 ﬁdes.
992 622 1018 648 id
1034 622 1266 649 correxitzsimnl
1284 630 1316 649 ac
1331 623 1404 649 enim
1416 624 1551 658 quispiam
1562 623 1692 656 credidit,

898 668 980 695 etiam
992 668 1159 703 justiﬁcatus
1168 672 1220 695 est.
1233 668 1372 695 Stabilivit
1386 669 1478 703 itaque
1491 669 1557 704 legis
1573 670 1695 696 volunta-

899 718 964 741 tem.
987 714 1184 749 Superioribus
1202 714 1372 749 temporibus
1395 715 1436 742 lex
1462 723 1494 742 ac
1508 715 1647 750 propheta:
1658 715 1693 742 de

898 759 951 787 ﬁde
963 760 1104 787 vaticinati
1120 764 1195 788 sunt.
1207 775 1243 780 —
1253 760 1348 788 Fidem
1360 768 1426 795 ergo
1437 761 1619 796 suscipientes
1627 768 1693 789 con-

897 806 1041 834 ﬁrmamus
1052 807 1153 842 legem.

931 911 976 944 IV,
991 912 1015 939 Ι.
1031 912 1101 945 Quid
1114 920 1176 947 ergo
1185 912 1298 939 diximus
1311 911 1444 939 Abraham
1457 917 1559 947 patrem
1572 916 1691 938 nostrum

896 959 1028 985 invenisse
1044 958 1188 985 secundum
1204 958 1334 985 carnem?

931 1002 1014 1038 248
1038 1001 1261 1029 lntumescebant
1280 1003 1367 1030 Judtei
1400 1002 1518 1029 Abrahae
1554 1003 1666 1030 nomine
1681 1023 1688 1035 ,

896 1055 1060 1083 semperque
1087 1049 1267 1083 proferebant
1297 1049 1371 1084 quod
1403 1049 1586 1076 circumcisus
1616 1054 1689 1076 esset

897 1094 1044 1122 Abraham.
1063 1095 1113 1122 llic
1126 1102 1192 1130 ergo
1212 1102 1313 1129 scopus
1327 1100 1369 1122 est
1380 1089 1512 1129 Apostolo
1529 1095 1687 1126 ostendere,

897 1141 986 1174 ipsum
1009 1148 1121 1175 quoque
1148 1140 1286 1168 Abraham
1302 1148 1356 1167 non
1369 1149 1402 1167 ex
1423 1140 1567 1175 operibus,
1584 1141 1632 1167 sed
1654 1149 1688 1167 ex

897 1186 951 1213 ﬁde
969 1186 1154 1221 justiﬁcatum
1171 1187 1343 1216 esse,etait:
1364 1194 1373 1211 ι
1391 1186 1462 1218 Quid
1485 1193 1550 1221 ergo
1571 1185 1689 1214 dicimus

896 1231 1034 1259 Abraham
1047 1236 1152 1266 patrem
1172 1236 1298 1259 nostrum
1314 1231 1467 1258 secundum
1483 1239 1595 1259 carnem
1609 1232 1687 1259 inve-

897 1277 971 1304 nisse
980 1278 1007 1304 ‘h
1016 1285 1134 1312 quamve
1145 1282 1335 1305 assecutusest
1353 1278 1509 1312 justitiam?
1519 1285 1616 1306 eamne
1628 1286 1689 1313 qua!

897 1328 938 1350 est
954 1330 1004 1357 per
1021 1330 1117 1357 opera,
1131 1330 1166 1350 an
1177 1331 1239 1357 quae
1256 1331 1305 1357 per
1321 1323 1404 1350 ﬁdem
1419 1324 1430 1350 1
1443 1329 1470 1350 et
1482 1324 1603 1352 ostendit
1614 1325 1688 1359 quod

895 1377 956 1396 eam
977 1376 1038 1404 quae
1053 1374 1095 1396 est
1113 1376 1161 1403 per
1181 1368 1262 1396 ﬁdem
1279 1377 1285 1395 ε
1307 1369 1378 1396 unde
1393 1373 1421 1396 et
1440 1369 1515 1396 illam
1534 1375 1614 1397 vocat
1631 1378 1688 1397 rem

898 1414 1048 1447 inventam,
1078 1415 1143 1450 quia
1169 1422 1223 1442 non
1249 1422 1282 1442 ex
1299 1415 1430 1449 operibus
1453 1422 1512 1442 eam
1527 1420 1625 1443 nactus
1635 1420 1688 1450 est,

898 1460 946 1487 sed
961 1468 994 1487 ex
1006 1460 1059 1487 ﬁde
1073 1468 1134 1494 quae
1148 1460 1195 1487 Dei
1213 1460 1301 1494 gratia
1313 1460 1466 1488 confertur.
1478 1476 1513 1482 —
1529 1462 1580 1489 Per
1591 1462 1690 1498 hyper-

897 1506 980 1534 baton
997 1511 1039 1534 est
1055 1507 1168 1538 locutio,
1189 1511 1218 1534 ut
1234 1507 1271 1533 ita
1284 1512 1404 1541 ponatur
1420 1515 1427 1534 :
1441 1507 1513 1540 Quid
1525 1515 1592 1543 ergo
1611 1508 1689 1536 dice-

898 1560 960 1580 mus
970 1552 1118 1584 Abraham,
1133 1552 1180 1587 qui
1195 1552 1346 1580 secundutn
1359 1560 1469 1580 carnem
1478 1559 1520 1580 est
1536 1559 1614 1588 pater
1637 1563 1689 1581 no-

897 1603 970 1630 ster,
988 1598 1147 1626 invenisse?
1166 1599 1364 1631 Ascendamus,
1386 1599 1487 1633 inquit,
1507 1600 1540 1626 ad
1553 1600 1688 1635 originem

896 1644 1006 1680 generis
1021 1645 1108 1672 nostri
1122 1645 1275 1672 secundum
1291 1652 1415 1676 carnem,
1427 1650 1455 1672 et
1474 1653 1537 1672 eum
1556 1654 1637 1680 quem
1653 1654 1688 1674 ex

896 1690 1026 1718 omnibus
1052 1690 1185 1725 gentibus
1210 1691 1329 1718 electqu
1350 1690 1492 1717 benedixit
1505 1691 1576 1718 Deus
1594 1696 1639 1718 :et
1659 1691 1688 1719 in

896 1744 944 1765 eos
969 1737 1018 1772 qui
1043 1737 1078 1764 ab
1092 1744 1126 1764 eo
1155 1737 1367 1768 descenderent,
1394 1744 1455 1771 qum
1487 1737 1689 1767 benedictionis

896 1789 976 1812 erant
1004 1791 1054 1818 per
1069 1791 1133 1811 eum
1147 1791 1176 1811 se
1193 1784 1342 1811 missurum
1369 1791 1430 1811 esse
1445 1784 1583 1818 promisit.
1602 1784 1690 1812 Mani-

896 1829 996 1857 festum
1018 1832 1062 1856 est
1085 1829 1160 1856 enim
1175 1829 1266 1863 quod,
1284 1828 1367 1855 siculi
1386 1836 1447 1856 cum
1460 1829 1508 1855 illo
1524 1834 1615 1856 actum
1634 1835 1686 1863 est,

897 1875 933 1902 ita
947 1879 975 1901 et
989 1874 1132 1902 nobiscum
1146 1879 1254 1908 agetur.
1274 1890 1307 1894 —
1323 1874 1461 1901 Particula
1477 1874 1531 1905 illa,
1552 1884 1560 1900 ι
1581 1875 1687 1902 Secun-

897 1921 962 1948 dum
988 1928 1111 1953 carnem,
1133 1930 1141 1945 ι
1157 1928 1205 1955 per
1223 1920 1392 1955 hyperbaton
1413 1920 1534 1954 ponitur.
1555 1920 1688 1948 Ordinate

896 1975 963 1994 vero
987 1972 1013 1994 et
1031 1974 1086 1993 non
1108 1967 1185 2001 juxta
1213 1966 1325 1993 schema
1341 1966 1394 1993 erit
1415 1966 1472 1993 haec
1497 1966 1688 2001 interpretatio

897 2014 1034 2041 sermonis
1049 2022 1056 2040 :
1074 2012 1144 2046 Quid
1165 2021 1230 2047 ergo
1243 2012 1368 2039 dicemus
1383 2013 1519 2040 Abraham
1538 2013 1686 2046 invenisse,

897 2061 944 2095 qui
960 2060 1113 2087 secundum
1136 2067 1248 2087 carnem
1263 2064 1342 2094 pater
1355 2063 1448 2086 noster
1460 2059 1522 2086 est?
1548 2059 1632 2086 Porro
1653 2059 1687 2087 ad

896 2105 1007 2134 Iudaeos
1018 2113 1111 2132 sermo
1131 2109 1183 2137 est,
1202 2113 1235 2132 ac
1248 2105 1271 2132 si
1285 2105 1360 2132 dicat
1379 2113 1385 2130 :
1399 2104 1467 2132 Cum
1485 2105 1572 2131 nostri
1589 2112 1688 2139 super-

897 2151 953 2179 cilii
969 2159 1000 2178 ae
1013 2151 1151 2187 iactantia;
1164 2159 1271 2178 sumtua
1285 2151 1321 2178 sit
1332 2150 1359 2177 in
1371 2150 1520 2182 Abraham,
1535 2150 1599 2184 quia
1611 2154 1689 2184 pater

897 2202 993 2224 noster
1011 2202 1054 2224 est
1069 2196 1221 2224 secundum
1237 2203 1363 2229 carnem,
1378 2195 1588 2222 consideremus
1603 2195 1686 2229 quid-

49 2238 149 2273 σύνην,
163 2247 172 2262 ι
191 2238 341 2267 τουτέστιν,
355 2237 394 2263 ὃτι
407 2237 565 2271 ἐδικαιώθη.
586 2237 622 2264 Τὸ
636 2238 690 2273 γὰρ
707 2239 797 2272 εὑρεῖν
807 2239 845 2265 δι-

931 2251 961 2270 ηιιι
982 2242 1074 2270 dicere
1103 2241 1241 2276 possimus
1257 2241 1335 2268 illum
1357 2239 1506 2267 invenisse.
1522 2239 1556 2266 Et
1574 2240 1611 2266 ait
1629 2240 1686 2274 ipse

49 2284 217 2318 καιοσύνην,
233 2284 414 2319 δικαιωθῆναι
436 2285 521 2310 ἐστιν.
539 2281 626 2320 Εὗρεν
643 2283 689 2312 οὖν
708 2285 845 2312 δικαιοσύ-

48 2340 110 2365 νην,
139 2331 209 2357 ἀλλὰ
237 2330 295 2361 πῶς
315 2327 408 2366 εὑρεν;
426 2330 472 2363 Ἐξ
494 2330 595 2366 ἔργων,
619 2330 636 2366 ἢ
656 2332 688 2358 ἐκ
706 2331 842 2366 πίστεως;

48 2379 107 2404 Καὶ
124 2377 263 2404 δείκνυσιν
275 2377 315 2403 ὅτι
336 2377 367 2403 ὲκ
380 2377 508 2408 πίστεως,
527 2377 654 2412 μάρτυρα
669 2377 719 2412 τὴν
734 2378 845 2414 Γραφὴν

49 2423 203 2458 παριστὰς.
226 2421 388 2447 Ἑπίστευσε
426 2421 491 2456 γὰρ,
523 2421 617 2456 φησὶν,
650 2421 779 2458 Ἀϐραὰμ
806 2425 845 2460 τῷ

47 2469 122 2505 Θεῷ,
147 2468 196 2495 καὶ
218 2467 345 2502 ἐλογίσθη
370 2467 445 2502 αὑτῷ
475 2469 515 2499 εἰς
538 2469 724 2505 δικαιοσύνην.
741 2470 772 2496 Τί
786 2468 844 2502 οὖν,

48 2516 148 2550 φησὶν,
176 2515 227 2541 οὐκ
254 2512 326 2550 εἷγεν
348 2515 416 2550 ἔργα
432 2515 446 2541 ὁ
465 2515 609 2551 Ἀὃραάμς
640 2517 697 2543 οὐκ
725 2517 844 2544 ἐδικαίου

47 2563 140 2590 ταῦτα
163 2562 266 2594 uberi-1;
293 2562 339 2597 Μὴ
366 2562 488 2595 γένοιτοί
507 2563 596 2597 Ἔργα
625 2563 674 2597 μὲν
690 2563 745 2598 γὰρ
762 2561 845 2599 εἶχεν,

47 2609 124 2635 ὥστε
138 2609 207 2644 προς
219 2609 281 2639 τοὺς
299 2608 584 2643 συμπολιτευομένους
597 2608 671 2643 αὐτῷ
685 2609 847 2644 ἀνθρώπους
859 2610 861 2613 ⁷

48 2656 228 2691 κρινόμενον,
245 2654 425 2690 δικαιωθῆναι
450 2654 497 2680 καὶ
515 2655 699 2690 προκριθῆναι
721 2656 843 2683 ἐκείνων.

47 2703 90 2729 Τὸ
119 2702 147 2728 δὲ
175 2701 244 2736 πρὸς
269 2702 315 2727 τὸν
329 2700 396 2727 Θεὸν
423 2700 600 2736 δικαιωθῆναι
618 2701 649 2727 ἐκ
673 2701 727 2727 τῶν
756 2701 846 2736 ἔργων

47 2749 150 2781 αὐτοῦ,
165 2748 237 2775 ὥστε
261 2748 336 2780 ἄξιον
359 2748 406 2774 καὶ
424 2747 578 2774 ἰσοστάσιον
589 2747 686 2774 ἑαυτὸν
702 2749 845 2783 παραστῆ-

49 2807 100 2824 σαι
118 2796 169 2830 τῆς
194 2796 301 2822 ἐκεῖθεν
329 2794 524 2830 παρεχομένης
552 2794 714 2830 εὐεργεσίας
734 2796 782 2822 καὶ
795 2796 847 2822 δω-

50 2845 132 2878 ρείς,
160 2843 302 2874 παντελῶς
333 2842 510 2869 ἀπελείπετο.
540 2840 646 2868 Οὑκοῦν
674 2840 750 2867 οὐδὲν
778 2841 846 2873 ὅλως

51 2892 112 2925 ἔχει
128 2889 271 2925 καύχημα,
284 2889 342 2924 ἦτοι
356 2887 518 2924 προτέρημα
534 2887 581 2914 καὶ
593 2887 760 2923 κατόρθωμα
777 2888 845 2924 πρὶλς

897 2289 925 2316 in
953 2287 1134 2323 sequentibus
1157 2286 1230 2322 quod
1261 2286 1346 2314 etiam
1375 2285 1510 2321 justitiam
1539 2285 1685 2312 invenerit.

898 2335 956 2362 lioc
975 2334 1049 2361 enim
1063 2339 1105 2361 est
1122 2333 1196 2369 quod
1215 2333 1253 2360 ait
1270 2341 1276 2359 :
1297 2341 1306 2358 ι
1324 2331 1358 2358 Et
1368 2331 1531 2366 imputatum
1547 2335 1588 2358 est
1613 2330 1638 2358 ei
1652 2331 1686 2358 ad

894 2380 1042 2416 justitiam,
1060 2389 1070 2406 ι
1081 2379 1133 2407 hor
1144 2385 1196 2412 est,
1208 2379 1281 2414 quod
1293 2378 1460 2414 justiﬁcatus
1476 2382 1527 2406 est.
1545 2377 1686 2413 Siquidem

897 2426 1036 2454 invenisse
1051 2427 1109 2453 sive
1124 2431 1234 2453 nactum
1252 2433 1313 2453 esse
1326 2425 1477 2461 justitiam,
1494 2429 1537 2452 est
1551 2423 1686 2459 iustiﬁca-

898 2478 956 2499 tum
977 2480 1048 2499 esse.
1064 2472 1171 2499 invenit
1187 2478 1254 2507 ergo
1267 2475 1294 2498 et
1309 2475 1407 2498 nactus
1419 2475 1460 2498 est
1480 2470 1627 2505 justitiam.
1651 2470 1687 2496 At

896 2518 1035 2553 quomodo
1052 2522 1150 2545 nactus
1161 2517 1228 2544 ’est?
1253 2525 1287 2544 ex
1305 2517 1447 2551 operibus,
1468 2525 1502 2544 an
1517 2525 1549 2543 ex
1565 2517 1636 2544 ﬁde?
1653 2516 1686 2544 Et

897 2564 1019 2592 ostendit
1029 2564 1102 2599 quod
1115 2573 1147 2592 ex
1166 2564 1230 2595 ﬁde,
1251 2571 1314 2591 cum
1329 2563 1499 2598 Scripturam
1514 2563 1642 2598 producit
1658 2563 1685 2590 in

898 2614 1006 2638 testem.
1019 2610 1086 2637 Nam
1100 2610 1139 2636 ait
1154 2618 1160 2636 :
1178 2619 1187 2635 ι
1205 2609 1332 2638 Credidit
1346 2609 1484 2636 Abraham
1502 2609 1566 2640 Deo,
1580 2614 1607 2635 ct
1631 2609 1684 2635 im-

898 2661 1024 2693 putatum
1040 2661 1083 2684 est
1096 2656 1121 2684 ei
1137 2655 1171 2682 ad
1187 2656 1335 2691 justitiam.
1359 2665 1368 2682 ι
1397 2655 1467 2688 Quid
1485 2663 1562 2690 ergo.
1584 2654 1684 2688 inquit,

896 2711 952 2730 non
969 2702 1213 2730 habuitAbraham
1225 2701 1329 2737 opera?
1340 2709 1395 2728 non
1413 2701 1471 2729 haec
1487 2701 1563 2727 illum
1582 2699 1685 2734 justifi-

897 2749 1018 2776 earunt?
1031 2748 1111 2776 Absit
1124 2749 1130 2775 ί
1145 2748 1236 2783 Opera
1250 2747 1387 2783 siquidem
1401 2746 1509 2775 habuit.
1525 2749 1555 2771 ιιι
1578 2744 1600 2770 si
1621 2752 1684 2771 cum

899 2795 1057 2823 hominibus
1068 2795 1115 2830 qui
1127 2795 1209 2823 simul
1224 2802 1286 2822 cum
1299 2802 1333 2821 eo
1346 2792 1527 2820 versabantur
1543 2790 1639 2817 fuisset
1657 2790 1684 2817 in

895 2841 1001 2877 judicio
1013 2841 1192 2873 constitutus,
1215 2838 1474 2874 facilejustiﬁcatus
1487 2836 1593 2868 fuisset,
1617 2835 1685 2863 illis-

898 2895 952 2922 que
981 2886 1163 2921 antepositus,
1179 2893 1274 2914 vcrum
1288 2889 1317 2912 ut
1329 2891 1422 2911 coram
1439 2883 1495 2911 Deo
1505 2891 1538 2911 ex
1552 2881 1608 2910 suis
1617 2889 1684 2917 ope-
