1878 3054
186 134 241 167 37!)

734 132 934 165 (ECUMENII
954 133 1098 164 TRICCi-E
1118 132 1290 163 EPISCOPI

1776 135 1823 166 380

187 192 235 226 qui
248 190 302 217 illis
312 189 421 224 vloqIIFa
434 190 614 222 concredidit,
632 189 679 224 qui
696 190 894 224 promissiones
905 197 980 217 com-

1049 189 1174 225 υγκρίνει
1189 189 1244 214 τῶν
1258 187 1437 224 ἀκροϐύστων
1452 187 1498 215 καὶ
1529 188 1588 214 τῶν
1618 196 1821 225 περιτετμημμ

185 236 280 271 plevit,
297 235 371 262 nullo
387 240 501 270 accepto
517 235 716 270 impedimento
733 243 782 270 per
796 236 971 263 incredulos:

186 282 232 309 hic
245 286 337 309 autem
357 281 430 316 ipsas
444 281 551 309 confert
565 290 613 316 per
629 290 658 309 se
674 289 806 316 personas
827 281 974 308 circumci-

186 336 282 355 sorum
305 335 336 354 ac
351 328 596 362 przeputiatorum:
616 331 644 354 et
657 327 725 354 dicit
747 327 813 361 ipsis
828 326 896 353 nihil
907 327 975 353 alte-

187 382 234 401 ros
257 374 352 401 alteris
368 374 535 408 przecellere.
560 373 702 408 Siquidem
719 374 764 408 qui
782 374 911 400 virtutem
929 381 975 400 co-

185 420 245 446 lunt
268 420 456 455 cujuscunque
474 420 530 447 sint
553 419 669 452 ordinis,
686 419 820 447 beneficio
847 419 976 447 similiter

185 465 333 493 fruuntur:
357 474 524 501 rursumque
549 471 780 502 transgressores,
796 467 853 493 sive
873 474 907 493 ex
922 466 978 493 cir-

184 512 313 540 euuicisis
338 513 403 544 sint,
429 513 488 540 sive
516 512 700 547 pra‘putiatis,
722 508 896 539 consimilem
921 511 975 539 sibi

185 558 252 593 ipsis
266 566 373 592 poenam
390 559 593 586 conciliabunt.

219 603 301 638 239
314 603 373 630 Non
388 604 478 638 itaque
494 607 626 638 pugnant.
639 602 713 630 Nihil
729 603 923 638 praecellimus;
939 606 978 635 et,

184 649 270 677 Multa
281 655 324 677 est
339 651 501 678 excellentia
511 650 610 682 Judzei,
621 658 653 678 ac
667 650 888 677 circumcisionis
901 650 978 677 utili-

186 702 226 724 tas
242 705 249 722 :
265 697 343 731 juxta
360 696 443 723 alium
458 696 530 723 enim
544 696 656 723 modum
671 696 709 723 ibi
720 695 824 722 dictum
836 700 889 727 est,
902 696 978 731 juxta

184 741 268 768 alium
280 740 324 768 hic
333 741 501 775 comparatio
512 741 609 768 tradita
618 746 669 768 est.
677 741 744 768 Cum
751 748 816 776 ergo
824 740 851 768 in
859 742 981 776 superio-

185 787 262 813 ribus
268 787 391 819 dixisset,
401 787 565 814 Excellentia
572 787 668 819 Judaei,
678 787 981 815 acdocuissetJudzeum

185 832 288 859 habere
312 832 501 860 excellentiam
513 853 520 864 ,
540 832 576 859 ob
591 832 776 860 concreditam
794 833 892 867 legem,
909 842 981 861 nunc

150 909 156 912 _
185 877 307 903 ostendit
323 878 397 911 ipsos
413 878 516 904 nullam
534 878 634 905 habere
647 879 848 909 excellentiam.
859 880 932 914 quod
947 881 980 907 il-
998 869 1019 899 Β

185 923 239 949 lam
251 930 304 949 non
313 924 498 951 servaverint:
507 925 574 959 quin
584 925 676 959 potius
686 929 760 952 tanto
768 925 914 954 inferiores
922 934 982 954 esse

185 973 290 1003 quanto
306 970 384 1004 pejus
400 974 442 997 est
464 978 497 997 ex
512 971 626 998 scientia
644 979 770 1006 peccare.
798 971 869 1004 Quid
893 971 983 1007 ergo?

187 1015 331 1048 habemus,
356 1016 456 1050 inquit,
477 1024 527 1044 nos
551 1017 638 1044 .ludzei
663 1018 766 1052 aliquid
790 1019 982 1046 excellentiae?

185 1059 273 1092 Nihil,
287 1061 387 1096 inquit.
406 1062 462 1089 Cur
474 1062 500 1089 id
518 1063 646 1090 tandem?
663 1062 731 1096 Quia
744 1071 840 1091 onmes
857 1064 908 1091 sub
919 1072 982 1099 pec—

187 1109 250 1133 cato
274 1114 385 1134 eramus
409 1111 463 1135 tam
475 1108 561 1135 Judaei
580 1116 662 1143 quam
678 1109 775 1136 Graeci.
796 1118 805 1135 ι
821 1110 856 1136 Et
873 1110 982 1138 Iudaeos

187 1157 215 1180 et
241 1152 352 1181 Gra‘cos
377 1155 491 1181 omnino
510 1155 562 1182 sub
587 1160 700 1190 peccato
723 1164 794 1184 esse.
816 1166 825 1183 ι
847 1157 921 1184 Nihil
937 1165 981 1183 er-

186 1206 220 1233 go
242 1199 335 1226 Judreo
360 1204 402 1227 est
425 1201 605 1232 excellentire,
632 1201 730 1236 inquit,
746 1210 780 1228 ex
805 1202 874 1236 lege,
897 1210 979 1237 quam

187 1252 241 1272 non
259 1246 400 1273 servavit:
419 1254 507 1281 neque
528 1248 701 1281 prmputiato,
726 1248 828 1283 quippe
845 1249 891 1283 qui
914 1256 980 1284 pec-

188 1291 272 1317 cavit.
282 1291 386 1318 ‘Nullus
407 1299 472 1327 ergo
488 1293 627 1319 excelsum
650 1293 806 1328 quidquam'
823 1294 906 1322 habet
924 1303 981 1330 prae

188 1337 286 1364 altero.
308 1337 450 1372 Siquidem
466 1338 582 1366 redditis
604 1339 696 1366 causis
718 1340 890 1368 ostendimus
903 1361 910 1372 ,
928 1341 981 1369 hoc

188 1385 230 1407 est
241 1381 421 1415 convicimus,
431 1391 526 1410 omnes
536 1391 595 1411 esse
605 1389 716 1418 peccato
726 1385 870 1413 obnoxios.
878 1387 981 1415 Deinde

190 1435 225 1455 ne
241 1428 266 1454 id
282 1437 382 1455 novum
398 1437 458 1457 esse
475 1430 611 1463 viilcatur,
631 1431 714 1458 David
732 1439 764 1459 ac
787 1432 882 1460 lsaiam
897 1437 981 1462 testes

189 1474 311 1502 adducit.
339 1484 348 1500 ‹
365 1475 462 1503 Simul.
484 1486 492 1502 I
523 1476 592 1504 Cum
617 1485 650 1504 eo
674 1478 803 1506 videlicet
825 1479 872 1514 qui
887 1484 930 1507 est
953 1480 980 1507 in

190 1519 336 1554 praeputio.
357 1530 366 1547 ι
384 1521 498 1549 Inutiles
511 1522 575 1550 facti
588 1527 662 1551 sunt.
679 1533 688 1549 ι
709 1523 837 1551 Protinus
851 1529 881 1551 ut
895 1532 911 1552 a
925 1525 980 1552 Deo

190 1565 408 1598 declinaverunt,
419 1566 566 1595 inutilcset
579 1568 677 1604 abiecti
691 1568 754 1596 facti
768 1573 843 1596 sunt.
857 1579 866 1595 ι
883 1569 981 1604 Seput-
1000 1565 1018 1578 ⁸

190 1619 278 1642 crum,
295 1621 303 1637 ι
317 1617 370 1640 etc.
382 1613 687 1647 llaacjobtrectatoribus
696 1614 874 1646 conveniunt.
895 1625 903 1640 I
917 1614 989 1643 Con-

192 1658 267 1685 tritio
278 1663 305 1685 et
315 1659 425 1686 miseria
436 1660 464 1687 in
476 1660 528 1687 viis
541 1668 646 1687 eorum.
668 1670 677 1686 ι
689 1660 757 1688 Nam
770 1661 829 1688 vias
843 1667 989 1688 conversa-

191 1704 294 1731 tionem
303 1704 368 1731 dicit
375 1710 403 1732 et
411 1705 493 1732 vitam
503 1716 508 1732 :
517 1707 709 1734 contritionem
718 1711 807 1734 autem
815 1711 842 1734 et
849 1707 987 1734 miseriam

192 1753 315 1783 peccata.
326 1750 398 1777 Nihil
408 1751 481 1778 enim
494 1751 564 1779 adeo
574 1757 693 1779 mentem
703 1760 859 1788 corpusque
870 1754 989 1781 conterit

192 1799 220 1821 et
237 1795 363 1822 exhaurit
382 1804 413 1823 ac
427 1802 580 1832 peccatum.
599 1808 608 1824 ι
628 1799 706 1826 Viam
718 1799 792 1833 pacis
813 1807 868 1826 non
886 1807 989 1835 cogno-

193 1845 302 1868 verunt.
320 1851 330 1867 ι
354 1842 431 1869 Viam
448 1843 523 1877 pacis
543 1843 608 1871 dicit
630 1844 725 1871 utilem
743 1844 850 1872 vivendi
863 1845 985 1873 modum.

228 1887 273 1917 ΠΙ,
294 1887 336 1921 l9,
352 1889 399 1916 20.
422 1889 529 1917 Scimus
554 1895 640 1917 autent
665 1891 735 1925 quod
759 1899 919 1926 quwcunque
942 1891 984 1919 lea:

193 1931 271 1964 dicit,
287 1933 327 1960 his
344 1935 388 1969 qui
402 1936 428 1962 in
445 1935 499 1970 lege
515 1941 576 1963 sunt
589 1937 707 1971 loquitur
724 1946 732 1964 :
750 1942 778 1963 ut
796 1945 873 1964 came
889 1946 917 1964 os
940 1937 988 1964 ob-

194 1981 308 2012 turelur,
323 1985 347 2006 et
363 1981 492 2008 obnoxius
508 1983 557 2016 fiat
574 1987 644 2009 latus
657 1983 770 2010 mundus
792 1983 855 2014 Dea,
873 1991 903 2010 eo
914 1983 984 2018 quod

194 2032 228 2050 ca:
246 2026 366 2058 operibus
391 2027 454 2062 legis
479 2036 532 2054 non
550 2022 747 2063 justiﬁcabitur
773 2030 860 2057 utiuti:
885 2038 945 2057 caro
961 2031 987 2057 in

195 2077 335 2106 conspectu
348 2063 417 2106 ejus.

234 2119 273 2146 Ne
288 2119 381 2147 dicant
394 2121 480 2148 Judmi
497 2129 503 2148 :
522 2121 557 2148 Et
580 2121 647 2156 quid
660 2121 718 2149 haec
731 2121 765 2149 ad
785 2122 987 2152 nos?0mnino

194 2167 268 2194 enim
281 2167 315 2195 de
328 2167 408 2194 nobis
422 2167 495 2195 dicta
511 2175 567 2194 non
583 2171 658 2195 sunt.
683 2167 792 2203 Utique,
815 2168 914 2203 inquit,
939 2175 988 2196 vos

1029 244 1093 267 νων,
1111 235 1159 261 καὶ
1191 235 1264 269 λέγει
1281 235 1374 266 αὐτοῖς
1393 234 1476 269 μηδὲν
1497 235 1610 269 ἐτέρους
1631 236 1735 270 ἑτέρων
1764 245 1818 269 προ

1030 281 1114 316 έχειν.
1129 281 1163 307 Οῗ
1176 290 1204 306 τε
1218 281 1273 316 γὰρ
1290 280 1485 315 κατορθοῦντες
1500 280 1548 315 τὴν
1565 280 1672 315 ἀρετὴν
1688 281 1783 312 ὁποίας
1794 283 1822 308 ἂν

1030 328 1084 362 εἴη·
1098 328 1260 361 συντάξεως,
1274 328 1374 363 ὁμοίως
1391 328 1440 362 τῆς
1470 327 1636 363 εὐεργεσίας
1670 328 1820 355 ἀπολαύου-

1032 382 1083 400 σιν.
1102 374 1137 400 Οἵ
1152 383 1182 400 τε
1202 374 1286 401 πάλιν
1304 374 1530 409 παραῦαίνοντες,
1547 374 1600 401 κᾶν
1613 382 1644 400 τε
1665 374 1720 400 τῶν
1749 375 1822 409 dupo-

1032 419 1137 446 σύστων
1154 419 1219 452 εἷεν,
1236 420 1285 446 κᾶν
1298 428 1327 446 τε
1341 420 1395 445 τῶν
1407 423 1410 427 ”
1424 420 1635 454 ὲμπεριτόμων,
1651 419 1702 455 τὴν
1730 421 1821 455 ὁμοίαν

1031 466 1167 501 τιμωρίαν
1181 466 1288 497 ἑαυτοῖς
1305 467 1514 493 ὲπισπάσονται.

1068 605 1149 631 Ὥστε
1167 604 1198 630 οὐ
1216 604 1331 639 μάχεται
1349 603 1389 637 τὸ,
1413 604 1489 630 οὐδὲν
1508 603 1700 640 προεχὸμεθα,
1724 604 1769 631 καὶ
1783 605 1819 635 τὺ,

1034 650 1100 676 πολὺ
1116 649 1146 676 τδ
1168 649 1298 684 περισσὸν
1310 649 1357 675 τοῦ
1380 649 1508 675 Ἰουδαίου
1524 649 1572 675 καὶ
1586 649 1603 684 ἡ
1628 648 1751 683 ὠφέλεια
1776 649 1821 682 τῆς

1033 695 1196 730 περιτομῆς.
1210 696 1277 722 Κατ’
1290 695 1368 722 ἄλλον
1383 695 1439 730 γὰρ
1451 695 1552 731 τρόπον
1568 695 1629 721 ἐκεῖ
1643 695 1762 730 εἴρηται,
1778 695 1822 720 καὶ

1034 742 1094 769 κατ’
1109 741 1187 769 ἄλλον
1204 741 1279 777 νῦνὴ
1295 743 1440 778 σύγκρισις
1453 741 1735 776 παρείληπται.Ἀνω
1745 740 1821 767 εἰπὼν

1034 787 1064 813 τὸ
1081 788 1210 822 περισσὸν
1226 786 1273 812 τοῦ
1291 786 1432 818 Ἰουδαίου,
1449 787 1495 813 καὶ
1511 786 1625 819 διδάξας
1644 787 1719 822 ἔχειν
1741 795 1766 813 τι
1780 795 1822 812 πε-

1037 833 1127 869 ρισσὸν
1140 833 1185 859 τὸν
1196 833 1322 859 Ἰουδαῖον
1338 833 1380 859 διὰ
1396 833 1427 859 τι
1441 833 1650 868 ἐγχειρισθῆναι
1675 833 1720 858 τὸν
1734 832 1821 867 νόμον,

1035 879 1083 906 νῦν
1098 878 1219 904 δείκνυσι
1247 879 1329 912 μηδὲν
1358 878 1430 914 ἔχειν
1447 878 1590 914 περισσὸν,
1619 879 1659 910 ὡς
1681 879 1717 914 μή
1744 879 1820 912 φυλά-

1036 925 1122 958 ξαντα
1134 924 1226 951 αὐτόν.
1241 924 1284 959 Μὴ
1299 926 1340 952 ὅτι
1358 925 1405 952 καὶ
1419 925 1540 958 ἔλαττον,
1554 925 1620 952 ὅσον
1638 925 1668 951 τδ
1687 926 1716 950 ὲν
1729 924 1820 958 γνώσει

1035 972 1203 1007 ἁμαρτάνειν
1218 973 1320 1007 χεῖρον.
1342 971 1375 998 Τί
1389 971 1434 998 οὖν
1447 980 1454 1005 ;
1467 971 1575 1006 ἔχομεν,
1595 972 1691 1006 φησὶν.
1707 972 1782 1007 ἡμεῖς
1799 971 1820 996 οἱ

1034 1018 1157 1044 Ἰουδαῖοι
1183 1018 1264 1044 πλέον
1283 1027 1328 1050 τι;
1345 1018 1438 1050 Οὐδὲν,
1453 1018 1530 1052 φησί.
1553 1017 1587 1044 Τί
1612 1018 1646 1053 δή
1669 1027 1750 1050 ποτε;
1766 1017 1822 1043 Ὅτι

1035 1065 1135 1096 πάντες
1150 1065 1202 1091 ὑπὸ
1215 1064 1354 1100 ἁμαρτίαν
1367 1064 1460 1099 ἐσμὲν,
1476 1065 1604 1091 Ἰουδαῖοί
1621 1073 1653 1091 τε
1671 1064 1717 1091 καὶ
1732 1063 1822 1099 Ἐλλη-

1035 1120 1090 1143 νες.
1112 1122 1121 1137 ‹
1137 1111 1281 1142 Ἰουδαίους
1295 1120 1324 1138 τε
1337 1111 1530 1146 καὶἝλληνας,
1544 1112 1660 1142 πάντως
1675 1111 1720 1145 ὑφ’
1739 1111 1823 1146 ἁμαρ-

1034 1157 1094 1184 τίαν
1111 1155 1190 1185 εἶναι.
1212 1167 1222 1183 ι
1240 1157 1322 1184 Οὐδὲν
1338 1156 1395 1190 οὖν,
1411 1157 1538 1193 φησὶ,τῷ
1553 1158 1680 1192 Ἰουδαίῳ
1703 1156 1778 1183 πλέον
1793 1157 1821 1182 ἐκ

1034 1204 1080 1230 τοῦ
1096 1203 1180 1238 νόμου
1193 1211 1200 1219 ·
1217 1204 1268 1230 οὐκ
1281 1203 1398 1237 ἐφύλαξε
1417 1203 1488 1238 γάρ·
1504 1203 1564 1230 οὐδὲ
1590 1203 1631 1238 τῷ
1644 1202 1818 1237 ἀκροὸὑστῳ·

1033 1250 1141 1285 ἥμαρτε
1156 1250 1220 1285 γάρ.
1246 1250 1340 1281 Οὐδεὶς
1353 1249 1400 1276 οὖν
1422 1249 1478 1284 ἔχει
1495 1249 1577 1276 πλέον
1602 1249 1652 1275 τοῦ
1667 1249 1756 1276 ἄλλου.
1773 1248 1820 1274 Καὶ

1034 1295 1088 1329 γὰρ
1099 1295 1203 1326 πάντας
1215 1294 1399 1330 ᾐτιασάμεθα,
1412 1294 1551 1321 τουτέστιν
1563 1294 1735 1328 ὴλέγξαμεν,
1748 1293 1821 1323 ὂντας

1034 1341 1079 1375 ὑφ’
1091 1341 1239 1376 ἁμαρτίαν.
1259 1338 1326 1367 Εἶτα
1353 1341 1396 1366 ἵνα
1423 1341 1459 1375 μὴ
1473 1340 1536 1375 δόξῃ
1549 1340 1674 1374 ἐπαχθὲς
1690 1337 1768 1369 εἶναι,
1781 1338 1820 1364 τὸν

1034 1385 1115 1412 Δαϐὶδ
1126 1386 1174 1413 καὶ
1191 1385 1307 1413 Ἡσαΐαν
1318 1386 1396 1421 φέρει
1410 1386 1563 1421 μάρτυρας.
1581 1395 1591 1411 ί
1609 1386 1699 1420 "Auct.
1719 1394 1728 1410 ι
1745 1383 1786 1418 Τῷ
1796 1384 1819 1409 ἐν

1034 1432 1203 1468 ἀκροϐυστίᾳ
1229 1432 1361 1468 δηλονότι.
1395 1442 1404 1458 ι
1423 1432 1643 1468 Ἦχρειώθησαν.
1673 1441 1683 1458 ι
1702 1432 1776 1466 ’Ἅμα
1787 1429 1822 1464 τῷ

1034 1478 1156 1505 ἐκκλῖναι
1168 1479 1222 1505 ἀπὸ
1237 1478 1316 1511 Θεοῦ,
1330 1479 1433 1514 ἀχρεῖοι
1447 1479 1494 1504 καὶ
1515 1478 1724 1514 ἀπερριμμένοι
1748 1476 1820 1510 γεγέ-

1036 1531 1139 1557 νηνται.
1157 1533 1167 1549 ‹
1183 1523 1284 1558 Τάφος,
1303 1533 1312 1548 ι
1330 1524 1377 1553 καὶ
1391 1523 1426 1550 τὰ
1438 1523 1512 1557 ἑξῆς.
1528 1523 1623 1549 Ταῦτα
1638 1524 1696 1553 τοῖς
1712 1521 1823 1548 καταλα-

1039 1569 1114 1596 λοῦσι
1131 1569 1241 1604 πρέπει.
1263 1578 1272 1594 ι
1290 1569 1452 1604 Σύντριμμα
1469 1569 1516 1596 καὶ
1525 1568 1705 1603 ταλαιπωρία
1727 1568 1754 1593 ὲν
1767 1566 1821 1596 ταῖς

1039 1615 1107 1646 ὁδοῖς
1123 1615 1225 1642 αὐτῶν.
1242 1624 1252 1640 ι
1274 1615 1368 1646 Ὀδοὺς
1382 1615 1432 1650 τὴν
1458 1614 1597 1641 πολιτείαν
1621 1615 1691 1649 φησι
1711 1613 1757 1639 καὶ
1780 1611 1822 1645 τὴν

1040 1660 1129 1696 ζωήν·
1141 1661 1299 1696 σύντριμμα
1309 1660 1338 1687 δὲ
1348 1661 1395 1687 καὶ
1407 1660 1607 1694 ταλαιπωρίαν,
1619 1660 1671 1691 τὰς
1683 1657 1821 1694 ἁμαρτίας.

1040 1705 1123 1731 Οὐδὲν
1136 1705 1190 1740 γὰρ
1207 1705 1292 1737 οὕτως
1308 1704 1444 1740 ἐπιτρίϐει
1458 1705 1504 1731 καὶ
1519 1704 1642 1739 ἐξίτηλον
1660 1705 1733 1731 ποιεῖ
1743 1702 1824 1738 ψυχὴν

1039 1752 1086 1777 καὶ
1102 1751 1191 1786 σῶμα,
1215 1751 1253 1782 ὡς
1273 1751 1402 1786 ἁμαρτία.
1423 1760 1433 1777 ί
1456 1751 1531 1777 Ὀδδν
1551 1751 1664 1786 εἰρήνης
1679 1751 1728 1777 οὐκ
1743 1749 1819 1783 ἐγνω-

1040 1806 1100 1824 σαν.
1119 1807 1129 1824 ι
1148 1798 1203 1833 Τὴν
1220 1798 1341 1834 χρηστὴν
1361 1797 1435 1831 λέγει
1447 1797 1598 1824 πολιτείαν.

1076 1890 1205 1925 Οἴδαμεν
1218 1889 1253 1916 δὲ
1270 1890 1314 1917 ὅτι
1330 1889 1389 1916 ὅσα
1404 1891 1420 1916 ὀ
1439 1890 1533 1924 νόμος
1549 1889 1642 1924 λέγει,
1667 1889 1727 1922 τοῖς
1744 1889 1776 1915 ἐν
1786 1886 1821 1919 τῷ

1039 1938 1121 1970 νόμῳ
1131 1937 1233 1964 λιιλεῖο
1247 1937 1296 1963 ἵνα
1312 1935 1373 1964 πᾶν
1383 1938 1481 1971 στόμα
1496 1936 1606 1971 φραγῇ,
1622 1937 1671 1964 καὶ
1684 1935 1820 1966 ὑπόδικος

1039 1981 1159 2016 γένηται
1177 1981 1237 2014 πᾶς
1266 1982 1412 2015 ὁκόσμος
1437 1981 1478 2013 τῷ
1496 1980 1567 2023 Θεῴ-
1583 1983 1662 2009 Διότι
1687 1981 1720 2013 ἐξ
1734 1980 1820 2014 ἔργων

1038 2029 1133 2061 νόμου
1148 2028 1184 2055 οὐ
1197 2027 1425 2061 δικαιωθήσεται
1439 2027 1524 2055 πᾶσα
1543 2028 1622 2062 σὰρξ
1636 2027 1760 2055 ἐνώπιον
1771 2026 1818 2052 ui)-

1038 2074 1104 2101 τοῦ.

1074 2120 1132 2147 Ἵνα
1146 2120 1183 2156 μὴ
1191 2120 1306 2155 λέγωσιν
1317 2121 1450 2153 Ἰουδαῖοι,
1464 2121 1553 2147 Καὶ’τί
1569 2121 1638 2156 πρὸς
1648 2118 1816 2157 ὴμᾶςταῦτα;

1038 2167 1076 2194 Οὐ
1092 2167 1200 2197 πάντως
1209 2167 1264 2202 γὰρ
1281 2166 1346 2202 περὶ
1360 2166 1438 2201 ἡμῶν
1456 2167 1575 2201 εἴρηται.
1593 2167 1660 2198 Ναὶ,
1677 2163 1816 2200 φησὶ,πρ⁹›;

156 2243 160 2247 _
195 2217 320 2249 tangunt.
337 2214 439 2241 Omnes
452 2222 570 2249 namque
582 2214 634 2242 hoc
649 2214 751 2242 scimus
763 2215 835 2249 quod
855 2223 983 2249 quaecun-

1048 2213 1123 2248 ἃμᾱς.
1142 2213 1245 2243 Πάντες
1260 2213 1315 2248 γὰρ
1329 2212 1409 2239 τοῦτο
1426 2213 1515 2248 ῐπμεν,
1535 2213 1576 2239 ὅτι
1594 2213 1645 2239 ὅσα.
1658 2213 1672 2238 ὁ
1689 2212 1765 2246 νόμος
1778 2208 1815 2234 λέ-

194 2267 248 2293 que
262 2258 329 2286 dicit
350 2259 393 2286 lex
411 2260 500 2293 (vocat
516 2267 608 2288 autem
631 2261 728 2296 legem,
741 2269 823 2289 omne
840 2261 926 2290 Vetus
943 2262 987 2289 ln-

195 2303 391 2338 strumentum)
408 2304 450 2331 his
466 2305 513 2339 qui
538 2305 566 2332 in
587 2306 648 2341 lego
673 2311 738 2334 sunt
759 2307 896 2342 loquitur.
923 2308 990 2341 Quae

194 2354 255 2377 erat
268 2350 342 2377 enim
360 2351 519 2383 necessitas,
544 2352 644 2386 inquit.
659 2357 688 2379 ut
710 2353 795 2380 David
811 2358 922 2382 exteros
942 2362 988 2381 ar—

195 2400 292 2431 gueret
302 2400 330 2423 et
340 2404 394 2424 non
410 2397 495 2424 suos?
510 2402 557 2424 aut
573 2403 603 2424 ut
617 2398 711 2430 Isaias,
724 2399 770 2433 qui
783 2399 815 2426 ad
828 2400 988 2427 .lndreorum

195 2441 398 2468 correctionem
409 2442 529 2468 emissus
538 2447 608 2475 erat,
620 2443 844 2478 alios_carperet?
859 2454 868 2469 ‹
884 2444 932 2472 His
943 2445 989 2480 qui

196 2486 223 2513 in
252 2487 311 2522 lege
347 2492 412 2514 sunt
436 2487 570 2522 loquitur.
600 2499 608 2515 ι
640 2489 727 2517 Caute
760 2490 907 2518 admodum
938 2491 990 2518 hoc

196 2532 278 2568 240
294 2535 394 2568 posuit.
422 2534 516 2569 Neque
539 2535 613 2563 enim
633 2536 702 2563 dixit
717 2545 723 2563 :
748 2537 787 2563 De
803 2537 846 2564 his
861 2537 908 2571 qui
926 2542 991 2564 sunt

197 2578 224 2606 in
240 2579 311 2614 lege,
327 2579 386 2611 sed.
405 2590 413 2606 ε
431 2581 478 2608 His
493 2581 540 2616 qui
558 2587 622 2609 sunt
642 2582 670 2609 in
683 2582 755 2618 lege.
776 2592 787 2609 ι
805 2583 889 2610 Multa
901 2583 991 2618 siqui-

195 2624 258 2652 dem
273 2628 300 2652 et
317 2625 351 2653 de
367 2626 523 2662 Babyloniis
546 2628 622 2660 dicit,
644 2629 790 2664 Persisque
808 2633 836 2656 et
851 2629 937 2656 Medis
960 2638 992 2657 ac

195 2670 350 2706 Egyptiis,
377 2673 494 2708 aliisque
520 2674 648 2708 plurimis
668 2675 839 2702 nationibus.
865 2675 991 2702 Attamen

196 2719 279 2745 etiam
293 2727 354 2753 qua:
374 2720 407 2746 de
423 2719 466 2747 his
483 2724 564 2747 erant
579 2721 720 2753 vaticinia,
744 2720 847 2748 Iudaeis
860 2721 992 2748 aﬂ‘erebat

197 2763 244 2796 qui
257 2763 285 2790 in
302 2764 361 2799 lege
375 2769 465 2796 erant,
485 2765 537 2792 hoc
553 2771 596 2793 est
611 2766 663 2793 sub
685 2767 754 2802 lege.
776 2776 784 2792 ι
805 2767 841 2794 Ut
862 2774 944 2793 omne
961 2774 992 2793 os

200 2808 356 2837 obturctur.
385 2820 394 2836 ι
421 2809 548 2838 Ostendit
568 2812 712 2846 magniﬁce
736 2813 881 2847 loquentes
907 2812 941 2839 de
963 2819 992 2840 se

199 2849 317 2881 ludam.
336 2855 377 2883 0b
389 2855 441 2884 hoc
454 2864 519 2891 ergo
530 2858 720 2893 arguebantur
738 2867 752 2886 a
771 2858 924 2894 prophetis,
937 2866 992 2893 quo

1039 2268 1082 2294 γει
1099 2259 1191 2295 (νόμον
1210 2259 1236 2285 δὲ
1250 2258 1323 2293 λέγει
1342 2259 1432 2285 πᾶσαν
1443 2259 1493 2294 τὴν
1517 2258 1664 2293 Παλαιὰν),
1678 2259 1733 2288 τοῖς
1746 2258 1770 2282 ἐν
1783 2253 1815 2288 τῷ

1040 2306 1116 2340 νόμῳ
1130 2304 1215 2332 λαλεῖ.
1234 2305 1300 2330 Ποία
1316 2304 1371 2340 γὰρ
1388 2303 1432 2340 ἧν,
1449 2305 1543 2340 φησιν,
1559 2305 1667 2339 ἀνάγκη
1694 2303 1731 2337 τῷ
1744 2299 1814 2327 Δαυῒδ

1042 2351 1142 2386 ἐτέρων
1155 2352 1319 2385 κατηγορεῖν
1331 2351 1378 2376 καὶ
1396 2350 1457 2385 οὐχὶ
1468 2350 1522 2376 τῶν
1539 2351 1658 2383 οἰκείων,
1671 2350 1715 2375 καὶ
1731 2346 1815 2374 ἄλλους

1042 2396 1174 2431 ἐλέγχειν,
1189 2396 1235 2422 τὸν
1260 2396 1300 2427 εἰς
1323 2396 1467 2430 διόρθωσιν
1488 2395 1624 2422 Ἰουδαίων
1644 2392 1816 2422 ᾶιποσταλέντ2

1051 2443 1184 2475 Ἡσαΐαν;
1200 2451 1208 2467 ι
1223 2443 1286 2474 Τοῖς
1303 2443 1331 2468 ὲν
1339 2443 1380 2478 τῷ
1394 2443 1468 2476 νόμῳ
1481 2441 1565 2468 λαλεῖ.
1585 2452 1594 2467 ι
1612 2442 1664 2467 Σὺν
1684 2439 1761 2473 πολλῇ
1777 2435 1815 2462 καὶ

1041 2489 1120 2515 τοῦτο
1134 2489 1256 2516 τέθεικεν
1270 2489 1409 2524 ἀκριϐείᾳ.
1429 2489 1467 2515 Οὐ
1487 2489 1539 2522 γὰρ
1554 2487 1626 2520 εἷπε,
1645 2486 1712 2521 Περὶ
1729 2483 1776 2510 τῶν
1791 2483 1815 2506 ἐν

1042 2535 1126 2570 νόμῳ,
1147 2535 1227 2566 ἀλλὰ,
1245 2544 1254 2560 ι
1275 2535 1337 2566 Τοῖς
1352 2536 1381 2561 ἐν
1394 2535 1479 2570 νόμῳ.
1499 2544 1507 2559 ι
1524 2534 1612 2561 Πολλά
1639 2533 1691 2567 γὰρ
1708 2530 1751 2558 κσ·ὶ
1761 2526 1815 2562 περὶ

1043 2580 1220 2607 Βαϐυλωνίων
1247 2581 1333 2615 λέγει,
1353 2581 1459 2615 Περσῶκ
1481 2589 1511 2606 τε
1529 2581 1575 2606 καὶ
1606 2579 1704 2614 Μήδων
1721 2575 1763 2602 καὶ
1777 2573 1814 2598 Αἰ-

1042 2628 1174 2661 γυπτίων,
1191 2628 1239 2654 καὶ
1256 2627 1358 2662 ἐτέρων
1383 2627 1518 2652 πλείστων
1546 2626 1640 2652 ἐθνῶν.
1659 2623 1726 2650 Ἀλλ’
1751 2621 1814 2654 ὅμως

1049 2673 1191 2704 Ἰτυδαίους
1207 2673 1254 2699 καὶ
1281 2673 1331 2703 τὰς
1367 2671 1548 2708 περὶτούτων
1565 2671 1728 2707 προρρήσεις
1748 2671 1814 2700 πρυτ-

1043 2719 1141 2754 έφερεν
1162 2720 1218 2750 τοῖς
1230 2719 1258 2744 ὲν
1275 2718 1313 2753 τῷ
1327 2718 1411 2752 νόμῳ,
1435 2719 1558 2745 τουτέστι
1574 2720 1630 2749 τοῖς
1656 2715 1706 2742 ὑπὸ
1732 2712 1812 2745 νόμθν·

1047 2775 1056 2790 ε
1070 2766 1128 2791 ἰνα
1150 2765 1202 2791 πᾶν
1220 2764 1308 2798 στόμα
1319 2765 1423 2799 φραγῇ.
1448 2773 1458 2790 ι
1475 2765 1602 2790 Δείκνυαι
1624 2757 1813 2798 μεγαλορῤήέω·

1022 2810 1030 2816 ’
1044 2820 1093 2842 νας
1108 2811 1170 2842 τοὺς
1183 2810 1338 2842 Ἰουδαίους.
1353 2810 1402 2837 Διὰ
1417 2810 1497 2836 τοῦτο
1523 2808 1669 2845 τοιγαροῦν
1684 2806 1812 2842 ἠλέγχοντο

1045 2855 1098 2883 ὑπὸ
1114 2855 1168 2883 τῶν
1187 2854 1345 2891 προφητῶν,
1371 2855 1414 2882 ἵνα
1428 2854 1483 2882 τῶν
1500 2851 1743 2891 μεγαλορρημόνων
1755 2847 1811 2874 ἀπο⁴
