1878 3054
210 136 261 168 ΞΠ

764 130 968 162 (ECUMENII
989 129 1134 159 TRICCJ‘Z
1154 128 1213 159 ΕΡ]
1219 128 1325 159 SCOPI

1802 128 1869 160 383

209 198 258 219 nes
279 198 285 216 :
305 193 371 224 puta
387 187 455 215 illud
472 197 478 215 :
497 197 506 214 ι
524 188 559 216 Et
575 187 602 215 in
622 188 727 216 semine
741 191 787 213 tuo
803 187 964 214 bencdicent

1091 184 1220 219 θήσονται
1245 185 1274 211 ὲν
1294 183 1332 219 τῷ
1359 183 1498 219 σπέρματί
1521 192 1567 210 σου
1587 184 1675 213 πάντα
1692 184 1728 211 τὰ
1740 184 1835 217 ἔθνη.
1854 194 1865 209 ι

208 242 304 263 omnes
317 238 413 269 gemes
426 234 459 261 “.
483 243 490 258 ι
507 233 536 261 ld
549 241 616 269 ergo
631 233 737 268 justitia
749 237 799 264 est,
813 232 846 259 de
860 231 998 259 salvandis

206 281 289 308 etiam
313 279 434 315 indignis
461 280 607 306 veritatem
627 283 765 314 praestare.
786 287 795 303 ι
814 278 842 304 ln
869 277 997 312 prresenti

208 331 343 361 tempore.
369 335 377 351 )
395 325 464 353 Cum
483 325 620 352 dixisset:
640 334 650 350 ‹
674 325 715 351 Ad
736 324 933 351 ostendendam
957 324 997 359 ju-

208 372 312 400 stitiam
328 379 406 398 suam
422 380 431 396 ι
455 370 609 405 subjunxit,
627 379 635 396 ‹
649 370 678 397 In
694 369 821 404 praesenti
837 374 969 404 tempore.
987 378 996 394 ι

208 417 351 452 Siquidem
376 417 423 444 Dei
448 415 557 451 justitia
586 423 646 450 qua-
660 415 687 441 in
709 414 836 449 praesenti
852 419 912 441 erat
931 418 1000 441 tem-

208 471 286 498 pore,
309 470 364 498 quo
380 463 511 489 videlicet
527 466 648 488 nostram
670 460 885 496 redemptionem
901 468 999 496 opera-

209 515 253 538 tus
263 515 316 542 est,
334 510 415 545 plena
428 509 607 544 benignitate,
627 509 708 543 plena
732 508 815 539 dono,
840 508 920 542 plena
939 512 1000 534 erat

208 562 236 584 et
250 557 338 592 gratia
356 565 364 588 ;
380 557 498 590 ideoque
513 554 638 581 dicebat:
656 563 664 578 ε
681 554 739 581 Non
751 554 812 580 veni
830 558 860 580 ut
871 553 1000 580 condem-

209 609 274 629 nem
292 602 436 632 mundum,
453 600 500 627 sed
512 605 541 626 ut
557 600 661 626 salvum
676 600 772 626 faciam
793 599 927 626 mundum
940 599 971 625 ”.
986 608 995 624 ι

212 647 318 675 Futura
333 655 398 674 vero
413 646 520 682 justitia
535 645 598 673 talis
615 646 732 681 amplius
746 653 799 672 non
810 645 873 676 erit,
893 645 940 672 sed
955 652 999 671 re-

210 694 326 721 tributio
342 693 475 728 cujusque
489 692 543 720 erit
555 692 589 719 de
602 692 646 719 his
662 699 723 726 qua:
734 692 801 727 egit,
813 691 896 718 veluti
916 691 998 718 etiam

211 741 257 768 hic
273 747 382 767 rursum
396 739 484 766 dicit:
503 747 512 763 ι
532 738 680 766 Revelalur
693 739 767 765 enim
783 739 822 764 ira
838 738 896 768 Dei.
915 747 924 764 ι
943 743 996 765 etc.

210 786 262 812 Aut
290 785 326 812 ita
355 784 548 820 accipiendum
576 788 628 818 est,
656 784 783 812 Ostensio
816 784 844 811 in
871 784 997 819 praesenti

211 837 334 866 tempore
361 832 432 858 facta
459 836 512 864 est,
539 831 626 866 ipsius
641 831 771 857 videlie'ct
793 829 931 861 toleratio,
949 829 998 856 do-

210 886 275 904 num
289 877 432 912 gratiaque
445 877 546 904 futurae
557 877 679 912 iustitiae.
696 876 820 909 Quonam
833 881 925 903 autem
940 883 999 902 mo-
1017 866 1036 893 Β

209 923 264 950 do?
279 923 346 949 Nam
358 923 391 954 si,
409 930 471 949 cum
483 922 552 950 adeo
565 922 729 958 longanimis
741 922 834 954 fuerit,
850 930 881 948 ac
895 926 999 949 tantam

211 968 361 995 contulerit
379 969 505 1003 gratiam,
523 972 655 1002 tantoque
676 975 792 994 munere
812 967 942 1002 dignatus
953 966 998 1000 sit,

210 1022 265 1041 non
283 1018 427 1041 convertat
444 1021 502 1046 eos,
514 1022 604 1048 neque
620 1013 749 1041 meliores
761 1013 875 1040 eﬂ‘ectos
888 1013 998 1044 habeat,

211 1061 239 1088 in
255 1061 348 1088 l‘uturo
368 1068 430 1088 cum
448 1061 535 1088 multa
553 1060 660 1096 justitia
690 1059 798 1087 inducit
822 1059 998 1095 supplicium.

215 1116 224 1132 ι
241 1106 276 1133 Ει
296 1106 451 1142 justiﬁcans
470 1113 533 1133 eum
553 1106 600 1141 qui
623 1110 714 1133 estex
735 1105 788 1132 ﬁde
802 1105 877 1133 Jesu.
902 1114 910 1130 I
929 1103 1000 1132 Ecce

211 1154 398 1181 ostensionem
423 1154 548 1189 justitize,
570 1158 637 1189 puta
647 1154 721 1189 quod
737 1161 792 1181 non
805 1154 894 1181 solum
909 1154 1000 1189 justus

212 1202 247 1228 ιεὶι
263 1201 346 1232 Deus,
378 1201 425 1228 sed
442 1205 470 1228 et
492 1201 648 1237 justiﬁeans
662 1209 736 1232 eum,
764 1201 812 1236 qui
838 1205 880 1228 est
899 1208 933 1228 ex
947 1200 1001 1228 ﬁde

211 1247 288 1278 Jcsu,
303 1255 403 1282 nempe
417 1248 559 1282 proprium
579 1248 626 1274 Dei
639 1248 770 1282 populum
782 1247 922 1274 eﬁ‘ectum.

247 1293 294 1325 Ill,
309 1293 404 1320 ’Ξῖ-51.
427 1293 473 1320 Ubi
498 1297 537 1320 est
557 1294 639 1328 igitur
654 1293 779 1328 gloriatio
791 1293 802 1320 1’
813 1293 927 1320 Exclusa
952 1297 999 1321 est.

212 1340 264 1366 Per
278 1348 356 1374 quam
370 1339 472 1375 legem?
485 1347 595 1374 operum
607 1339 619 1366 ?
631 1338 702 1370 Non,
716 1339 762 1365 sed
771 1347 818 1374 per
833 1339 914 1374 legem
927 1339 1000 1374 fidei.

211 1386 382 1413 Arbitrantur
405 1386 486 1420 igitur
509 1384 656 1420 justiﬁcari
687 1385 817 1412 hominem
845 1393 892 1420 per
921 1385 1002 1419 ﬁdem

211 1432 310 1466 absque
335 1432 456 1467 operibus
480 1431 554 1466 legis.
570 1431 610 1458 An
624 1431 777 1458 Judworum
790 1431 858 1458 Deus
874 1436 977 1459 tantum
991 1432 1003 1458 ?

212 1486 248 1504 an
265 1486 316 1504 non
334 1481 358 1503 et
385 1477 524 1512 gentium?
538 1476 614 1504 Certe
631 1481 656 1503 et
678 1478 797 1512 gentium
815 1478 1003 1512 :quandoqui-

1051 230 1136 256 Τοῦτο
1157 228 1204 257 οὖν
1225 230 1395 265 δικαιοσύνη,
1410 230 1441 256 τὸ
1465 230 1616 265 ἁληοεῦσαι
1645 232 1693 257 καὶ
1714 231 1763 256 ἐπὶ
1794 231 1871 260 τοῖς

1049 277 1169 310 ἀναξίοις
1183 277 1230 304 τοῦ
1248 277 1392 308 σώζεσθαι.
1409 287 1418 303 ι
1430 277 1475 303 Ἐν
1497 277 1534 312 τῷ
1546 276 1592 303 νῦν
1609 278 1708 313 καιρῷ.
1720 287 1730 303 ι
1742 277 1867 314 [ΦΩΤ.]

1049 337 1083 342 -
1097 331 1107 346 ι
1120 322 1191 357 Πρὸς
1216 322 1327 354 ἔνδειξιν
1344 323 1393 357 τῆς
1415 322 1591 357 δικαιοσύνης
1615 323 1728 355 αὐτοῦ,›
1747 322 1868 351 εἰπὼν,

1050 369 1200 402 ἐπήγαγεν,
1220 378 1229 394 ‹
1245 368 1290 395 Ἐν
1305 368 1343 404 τῷ
1358 368 1406 395 νῦν
1423 369 1521 404 καιρῷ.
1535 379 1544 394 ι
1567 368 1602 395 Ἠ
1617 370 1671 404 γὰρ
1692 371 1721 396 ὲν
1735 369 1780 404 τῷ
1809 368 1870 395 νῦν

1051 415 1139 449 καιρῷ
1165 415 1323 450 δικαιοσύνη
1352 415 1399 441 τοῦ
1426 415 1513 448 Θεοῦ,Δ
1532 416 1673 442 τουτέστιν
1698 417 1728 443 ὲν
1807 415 1871 448 τὴν

1051 460 1240 496 ἀπολύτρωσιν
1253 462 1332 496 ἡμῶν
1342 462 1501 497 είργάσατο,
1517 462 1624 498 πλήρης
1637 460 1670 497 ἦν
1688 462 1854 497 φιλανθρω

1051 507 1126 539 πίας,
1143 508 1249 543 πλήρης
1264 509 1379 544 δωρεᾶς,
1398 509 1504 544 πλήρης
1526 509 1647 544 χάριτος,
1664 509 1709 534 Διδ
1727 510 1778 535 καὶ
1796 508 1871 534 ἕλε-

1051 561 1098 587 γεν
1117 561 1123 568 ·
1142 563 1151 579 ‹
1167 555 1223 580 Οὐκ
1235 552 1318 589 ἦλθον
1343 556 1435 590 κρῖναι
1449 555 1495 582 τὸν
1507 555 1620 590 κόσμον,
1639 554 1695 581 ἀλλ’
1711 554 1756 581 ἴνα
1772 554 1867 588 σωθῇ

1049 601 1063 626 ὁ
1091 600 1226 634 κόσμος.)
1262 601 1295 628 Ἣ
1324 600 1351 627 δὲ
1379 601 1514 636 μέλλουσα
1536 601 1705 636 δικαιοσύνη,
1731 601 1787 627 οὐκ
1818 600 1868 626 ἑτι

1051 646 1161 681 ὁμοίως,
1179 646 1236 673 ἀλλ’
1257 647 1436 679 ἀνταπόδοσίς
1451 648 1525 673 ἐστιν
1539 647 1645 682 ἑκάστῳ
1669 648 1723 673 τῶν
1746 647 1868 682 35611.n-

1052 692 1152 726 μένων,
1169 692 1207 723 ὠς
1231 693 1278 719 καὶ
1303 690 1382 724 οὗτος
1402 693 1483 720 πάλιν
1500 693 1592 727 φησιν,
1612 703 1620 718 ι
1635 693 1866 719 Ἀποκαλύπτε-

1050 747 1095 765 ται
1117 738 1171 774 γὰρ
1196 739 1265 774 ὀργὴ
1288 739 1390 771 Θεοῦ,)
1413 740 1458 766 καὶ
1489 740 1562 775 ἑξῆς.
1592 740 1627 766 Ἦ
1654 739 1742 771 οὕτως
1765 739 1867 770 ἐκλη-

1051 785 1131 811 πτὲον
1143 793 1150 801 ⁶
1170 785 1302 818 ’Ἔνδειξις
1318 785 1432 820 γέγονεν
1451 787 1480 812 ἐν
1494 786 1533 820 τῷ
1552 786 1599 812 νῦν
1614 786 1715 821 καιρῷ,
1732 787 1751 820 ἡ
1764 786 1864 820 (inor?)

1050 831 1132 858 αὑτοῦ
1149 831 1197 859 καὶ
1218 833 1233 866 ἡ
1249 832 1348 867 δωρεᾶ,
1365 833 1412 859 καὶ
1432 833 1448 868 ἡ
1467 833 1546 868 χάρις
1562 832 1612 866 τῆς
1637 832 1796 867 μελλούσης
1819 832 1865 857 6'.-

1050 879 1207 915 καιοσύνης.
1228 879 1289 911 Πῶς
1310 880 1357 905 καὶ
1384 879 1444 905 τίνα
1469 879 1587 915 τρόπον;
1604 880 1635 906 Εἰ
1650 880 1704 914 γὰρ
1715 879 1864 905 τοσοῦτον

1052 925 1270 960 μακροθυμήσας
1286 946 1293 956 ,
1325 925 1453 952 τοσοῦτον
1479 926 1684 961 χαρισάμενος,
1711 924 1865 959 τοσαύτης

1050 970 1155 1006 δωρεᾶς
1170 971 1288 1003 ἀξιώσας
1311 972 1360 998 οῦκ
1380 971 1548 1007 ἐπέστρεψεν
1575 971 1630 998 οὐδ’
1643 971 1706 1006 ἔσχε
1731 970 1863 1006 βελτίω-

1051 1016 1155 1048 θέντας.
1179 1017 1247 1052 μετὰ
1278 1017 1376 1052 πολλῆς
1396 1017 1450 1053 ἄρα
1478 1017 1651 1052 δικαιοσύνης
1669 1018 1780 1044 ἐκεῖθεν
1803 1019 1863 1044 ἐπ-

1051 1062 1112 1097 άγει
1127 1063 1174 1095 τὰς
1189 1064 1335 1099 τιμωρίας.
1354 1074 1363 1090 ι
1375 1065 1428 1090 Καὶ
1451 1064 1607 1091 δικαιοῦντα
1622 1065 1666 1090 τον
1680 1065 1712 1090 ἐκ
1727 1064 1863 1095 πίστεως

1057 1109 1169 1143 Ἰησοῦν.
1185 1119 1194 1136 ι
1217 1110 1284 1137 Ἰδοὺ
1308 1111 1324 1145 ἡ
1348 1110 1461 1143 ἔνδειξις
1477 1111 1526 1144 τῆς
1553 1109 1740 1144 δικαιοσύνης,
1760 1110 1795 1136 τὺ
1819 1110 1861 1144 μὴ

1052 1156 1132 1189 μόνον
1148 1153 1219 1182 εἶναι
1240 1156 1344 1183 δίκαιον
1359 1157 1405 1183 τὸν
1420 1156 1497 1189 Θεὸν,
1514 1156 1582 1182 ἀλλὰ
1597 1157 1645 1182 καὶ
1664 1157 1705 1188 τδ,
1722 1156 1859 1182 δικαιοῦν

1051 1200 1096 1226 τὸν
1109 1200 1152 1227 διὰ
1169 1200 1288 1233 πίστεως
1304 1200 1352 1227 τοῦ
1377 1201 1464 1235 Ἰησοῦ
1493 1202 1593 1228 οἰκεῖον
1609 1200 1677 1227 Θεοῦ
1691 1201 1757 1227 λαὸν
1775 1202 1862 1235 γινό-

1053 1254 1144 1281 μενον.

1087 1292 1150 1320 Ποῦ
1163 1290 1220 1320 οὖν
1239 1294 1258 1327 ἡ
1271 1293 1438 1327 καύχησις;
1461 1293 1668 1327 Ἐξεκλείσθη.
1682 1294 1734 1321 Διά
1757 1295 1859 1321 ποίου

1051 1340 1163 1374 νόμου;
1184 1339 1244 1366 τῶν
1264 1339 1377 1374 ἕργων;
1397 1340 1481 1374 Οὐχὶ,
1504 1341 1585 1367 ἀλλὰ
1609 1340 1658 1367 διὰ
1683 1342 1782 1375 νόμον
1804 1342 1859 1368 πί-

1052 1393 1157 1418 στεως.
1176 1385 1353 1420 Λογιζόμεθα
1368 1383 1434 1417 οὖν,
1455 1387 1556 1413 πίστει
1579 1384 1770 1415 δικαιοῦσθαι
1802 1388 1859 1417 ἆν-

1053 1434 1182 1466 θρωπον,
1193 1432 1283 1466 χωρὶς
1299 1433 1395 1467 ἔργων
1405 1434 1511 1466 νόμου.
1527 1433 1561 1460 Ἢ
1574 1433 1723 1460 Ἰουδαίων
1744 1435 1761 1460 ὁ
1776 1434 1859 1467 Θεὶς

1050 1479 1165 1512 μόνον;
1183 1478 1251 1512 οὐχὶ
1267 1478 1301 1504 δὲ
1314 1479 1362 1505 καὶ
1372 1477 1483 1511 eoi-5w;
1497 1479 1552 1505 Ναὶ
1569 1480 1619 1505 καί
1633 1478 1740 1506 ἐθνῶν.
1751 1480 1857 1506 Ἐπεί-

211 1525 272 1550 dem
285 1531 352 1550 unus
365 1527 403 1550 est
419 1523 498 1556 Deus,
513 1524 557 1558 qui
567 1523 722 1558 justiﬁeabit
736 1524 960 1551 circumcisionem

1088 1532 1110 1557 rp
1124 1521 1167 1556 εἷς
1182 1525 1198 1550 ὁ
1215 1523 1297 1556 Θεὸς,
1316 1523 1349 1556 ὃς
1372 1523 1524 1552 δικαιώσει
1551 1525 1716 1560 περιτομὴν
1738 1525 1774 1552 ἐκ
1808 1526 1859 1553 .11-

211 1570 277 1604 βόε,
297 1574 321 1596 et
334 1570 495 1605 prwputium
514 1578 561 1604 per
580 1569 670 1603 fidem.
687 1569 781 1605 Legem
798 1570 880 1604 igitur
896 1570 1004 1598 irritam

213 1616 324 1652 facimus
335 1623 382 1651 per
392 1615 473 1649 ﬁdem
487 1615 585 1642 ?Absit
601 1615 666 1642 !sed
678 1615 760 1650 legem
773 1615 933 1642 stabilimus.

248 1706 329 1743 245
349 1707 399 1734 His
423 1706 506 1742 igitur
521 1705 560 1733 ita
582 1705 673 1738 factis,
698 1706 837 1741 Patreque
861 1705 1002 1741 proprium

211 1754 336 1781 salvantc
357 1752 501 1787 populum,
520 1752 568 1787 qui
585 1760 619 1780 ex
635 1752 688 1779 ﬁde
710 1751 776 1779 Jesu
793 1756 836 1779 est
852 1760 858 1778 :
874 1752 921 1779 ubi
936 1760 1003 1788 ergo

211 1805 255 1828 est
269 1801 427 1828 Judaeorum
439 1800 585 1835 gloriatio?
598 1799 726 1827 Ostendit
739 1807 788 1827 eos
799 1807 869 1827 vane
880 1800 1002 1835 gloriari.

211 1849 328 1878 Exclusa
346 1853 401 1880 est,
411 1856 466 1875 non
482 1848 720 1883 dixit,Disparuit,
733 1849 792 1882 sed,
806 1849 924 1876 Exclusa
939 1854 981 1877 est
996 1858 1002 1876 :

212 1893 362 1922 ostendens
387 1894 461 1929 quod
476 1894 560 1922 etiam
580 1898 683 1922 sortem
709 1902 785 1922 suam
799 1895 937 1930 quondam
955 1895 1004 1923 ha-

212 1941 284 1974 buit,
303 1948 377 1967 nunc
396 1948 463 1968 vero
479 1939 549 1968 ﬁdes
570 1941 645 1968 illam
664 1941 792 1968 exclusit.
809 1941 896 1969 Porro
916 1942 1003 1978 legem

214 1994 342 2021 operum,
369 1994 419 2021 per
431 1986 616 2021 periphrasin]
642 1986 791 2021 loquendo,
801 1987 868 2014 dicit
894 1995 1003 2022 opera:

213 2032 367 2067 eodemque
386 2032 469 2059 modo
480 2033 568 2068 legem
583 2032 658 2065 ﬁdei,
670 2032 697 2059 id
710 2036 752 2059 est
764 2033 910 2061 ﬁdem.Ait
920 2041 1002 2069 ergo:

212 2078 272 2106 Non
286 2086 334 2113 per
345 2086 428 2113 opera
443 2086 504 2113 quae
520 2077 635 2106 fecimus
648 2078 806 2107 Judzeorum
816 2080 943 2114 gloriatio
957 2088 1004 2107 ex-

212 2125 292 2153 clusa
307 2129 361 2157 est,
377 2125 425 2152 sed
437 2133 487 2160 per
502 2125 596 2158 ﬁdem,
614 2129 743 2160 tanquam
759 2126 864 2154 diceret
884 2135 890 2153 :
908 2126 1003 2154 Omnis

214 2172 259 2200 illa
287 2172 416 2207 gloriatio
443 2179 560 2206 quaque
588 2171 718 2199 videntur
744 2173 931 2207 praerogativae
947 2173 1004 2207 [per

213 2217 296 2245 ﬁdem
311 2218 429 2245 exclusa:
446 2223 513 2245 sunt
538 2218 642 2253 absque
658 2223 816 2246 nostrorum
841 2219 1005 2246 necessitate

213 2270 343 2298 operum.
377 2273 386 2289 ι
401 2263 576 2290 Arbitramur
591 2264 674 2299 igitur
688 2272 737 2299 per
764 2264 844 2291 ﬁdem
860 2264 1005 2300 justiﬁcari

215 2310 368 2341 hominem,
389 2320 398 2336 I
417 2315 472 2337 etc.
501 2311 596 2346 Itaque
624 2311 753 2342 dicimus,
776 2311 875 2346 inquit,
898 2318 931 2338 ex
952 2311 1006 2338 ﬁde

213 2356 361 2390 iustiﬁcari
379 2355 518 2384 hominem
542 2357 602 2384 sine
624 2357 693 2392 legis
711 2357 914 2384 observatione.
937 2366 946 2382 ι
964 2356 1006 2383 An

213 2401 373 2429 Judaeorum
389 2402 461 2430 Deus
482 2403 611 2431 tantum?
629 2412 639 2428 ›
660 2403 728 2430 Nam
740 2403 762 2430 si
778 2403 852 2430 solos
866 2402 1006 2437 eosjusti-

214 2445 324 2473 ticasset
347 2447 393 2481 qui
418 2455 452 2474 ex
467 2448 526 2483 lege
550 2447 731 2480 accedebant,
748 2452 796 2474 aut
810 2448 857 2482 qui
877 2454 937 2474 sese
951 2447 1005 2482 legi

212 2491 393 2526 ndaptahant.
409 2497 503 2520 etnon
514 2501 623 2520 omnem
640 2492 688 2526 qui
708 2492 833 2519 crederet
850 2492 1001 2524 hominem,

213 2538 331 2566 alterius
352 2538 487 2566 duntaxat
511 2539 597 2573 partis
621 2539 694 2566 Deus
710 2543 783 2566 esset
804 2547 810 2565 :
825 2538 872 2565 sed
888 2545 961 2565 nunc
975 2542 1003 2565 et

211 2584 372 2612 Judaeorum
390 2585 462 2612 Deus
475 2589 518 2612 est
529 2589 557 2612 et
574 2585 709 2619 gentium,
731 2585 956 2620 quandoquidem
969 2592 1002 2612 ex

212 2630 338 2664 utrisque
359 2630 506 2657 credentes
525 2629 617 2656 salvos
638 2629 714 2657 facit.
746 2639 755 2655 ι
771 2630 821 2662 Qui
842 2629 1003 2666 justiﬁcabit

212 2675 452 2704 circumcisionem
471 2683 503 2703 ex
520 2676 584 2708 ﬁde,
606 2685 616 2701 ι
635 2680 689 2703 etc.
711 2675 744 2704 Et
764 2676 807 2703 his
819 2676 865 2711 qui
888 2684 921 2703 ex
943 2677 1002 2712 lege

213 2726 286 2755 sunt,
307 2726 335 2748 et
349 2722 392 2748 his
409 2721 455 2756 qui
472 2726 548 2748 extra
558 2722 656 2757 legem,
674 2722 726 2750 [ide
737 2730 807 2757 opus
823 2728 873 2756 est,
890 2728 920 2750 ut
934 2723 1001 2751 salvi

213 2767 289 2794 haut.
314 2776 323 2792 ι
352 2767 453 2803 Legem
477 2767 560 2804 igitur
573 2769 679 2797 irritam
707 2769 843 2797 facimus?
867 2780 877 2796 ι
895 2770 1002 2797 Turha-

250 2855 271 2871 ¹¹
287 2855 355 2883 Gen.
374 2864 438 2890 xx”,
465 2858 505 2884 18.
542 2859 562 2873 ¹³
575 2859 652 2886 ,1.ιιιιι.
676 2868 723 2890 xu,
741 2861 784 2887 :17.

1054 1578 1158 1602 στεως,
1175 1570 1224 1597 καὶ
1244 1570 1448 1604 ἀκροϐυστίαν
1462 1571 1511 1598 διὰ
1528 1571 1582 1605 τῆς
1598 1572 1858 1606 πίστεως.Νόμον

1054 1613 1112 1643 οὖν
1129 1617 1335 1651 καταργοῦμεν
1353 1617 1402 1644 διὰ
1417 1617 1472 1651 τῆς
1485 1617 1631 1651 πίστεως;
1645 1618 1693 1652 Μὴ
1713 1617 1857 1654 γένοιτοί

1054 1662 1134 1689 ἀλλὰ
1148 1663 1244 1697 νόμον
1258 1663 1398 1697 Ιστῶμεν.

1090 1708 1200 1735 Τούτων
1223 1709 1312 1736 τοίνυν
1334 1709 1405 1736 οὕτω
1424 1711 1626 1745 γεγενημένων,
1644 1712 1692 1737 καὶ
1713 1711 1763 1738 τοῦ
1791 1712 1855 1739 II:-

1054 1754 1118 1789 τρὸς
1136 1754 1269 1787 σώζοντος
1290 1755 1337 1782 τὸν
1357 1757 1389 1782 ὲκ
1414 1756 1532 1788 πίστεως
1555 1757 1643 1792 Ίητοῦ
1671 1758 1855 1786 οίκειωθέντσ

1055 1799 1128 1833 λαὸν,
1145 1801 1197 1828 ποῦ
1226 1801 1319 1828 λοιπὸν
1346 1801 1400 1828 τῶν
1413 1802 1548 1830 ’ἰουδαίυιν
1573 1804 1589 1838 ἡ
1617 1804 1770 1838 καύχησις;
1789 1806 1854 1849 θεί-

1055 1854 1149 1873 κνυσιν
1171 1847 1270 1877 αὐτοὺς
1285 1847 1348 1882 εἰκῆ
1365 1849 1570 1883 καυχωμένους.
1582 1849 1758 1886 Ἑξεκλεὶσθη
1775 1847 1854 1878 ’.οὐκ

1055 1890 1142 1923 εἶπεν.
1164 1892 1327 1927 Ἥφανίσθη,
1355 1893 1423 1926 ἀλλ’,
1454 1893 1647 1930 Ἐξεχλείσθη-
1671 1895 1780 1927 δεικνὺς
1810 1897 1854 1924 ὅτι

1055 1939 1103 1964 καὶ
1130 1938 1224 1974 χώραν
1247 1936 1304 1973 εἶχέ
1335 1948 1411 1966 ποτε.
1431 1939 1488 1966 Νῦν
1519 1940 1611 1975 μέντοι
1636 1942 1652 1976 ἠ
1681 1941 1773 1973 πίστις
1794 1943 1854 1968 ἀπ-

1055 1984 1177 2010 έκλεισεν
1201 1985 1298 2019 αὐτήν.
1310 1985 1406 2020 Νόμου
1423 1985 1523 2020 ἔργων,
1535 1987 1590 2013 τῶν
1606 1987 1695 2023 ἔργων
1711 1996 1853 2024 περιφρα-

1055 2031 1167 2063 στικῶς.
1184 2032 1239 2058 Καὶ
1257 2031 1340 2066 νόμου
1356 2033 1486 2065 πίστεως,
1503 2032 1553 2068 τῆς
1565 2034 1686 2065 πίστεως
1709 2043 1853 2070 1:59:pr-

1056 2077 1168 2108 στικῶς.
1184 2077 1270 2113 Φησὶν
1293 2075 1356 2104 οὖν·
1379 2079 1416 2104 Οὑ
1432 2079 1466 2105 δι’
1482 2079 1571 2114 ἔργων
1588 2077 1624 2106 ὧν
1641 2079 1806 2115 ἐπράξαμεν
1833 2083 1848 2117 ἡ

1054 2122 1191 2149 Ἰουδαίων
1204 2122 1340 2157 καύχησις
1356 2122 1527 2158 ἐξεκλείσθη,
1553 2123 1622 2150 ἀλλὰ
1646 2125 1691 2151 διὰ
1717 2126 1848 2157 πίστεως.

1054 2167 1091 2199 ὡς
1108 2166 1184 2195 εἶπεν
1195 2176 1201 2183 ·
1220 2169 1298 2195 Πᾶσα
1314 2169 1406 2205 ἐκείνη
1422 2169 1596 2204 ἡκαύχησις,
1613 2171 1660 2196 καὶ
1675 2171 1709 2197 τὰ
1717 2171 1850 2199 δοκοῦντι

1020 2212 1045 2241 D
1060 2215 1266 2251 προτερήματα,
1283 2214 1326 2242 διὰ
1345 2215 1395 2250 τῆς
1414 2215 1533 2246 πίστεως
1548 2216 1729 2252 ἀπεκλείσθη,
1741 2218 1773 2244 οὐ
1789 2218 1851 2252 δεη·

1057 2261 1159 2288 θέντων
1174 2261 1252 2296 ἡμῶν
1282 2261 1380 2296 ἔργων.
1403 2262 1598 2297 «Λογιζόμεθα
1623 2262 1670 2289 οὖν
1694 2264 1786 2290 πίστει
1810 2265 1850 2291 δι-

1056 2308 1200 2335 καιοῦσθαι
1215 2308 1368 2344 ἄνθρωπον,
1381 2317 1391 2334 ι
1410 2309 1457 2336 καὶ
1481 2309 1516 2335 τὰ
1546 2309 1619 2345 ἑξῆς.
1636 2310 1790 2345 Τοιγαροῦν
1804 2312 1849 2339 λέ-

1058 2353 1261 2388 γομεν,φησὶν,
1288 2355 1320 2380 ὲκ
1348 2356 1468 2386 πίστεως
1495 2355 1667 2382 δικαιοῦσθαι
1689 2357 1848 2392 ἄνθρωπον,

1056 2401 1141 2435 χωρὶς
1156 2400 1206 2434 τῆς
1225 2401 1257 2427 ὲκ
1287 2400 1371 2436 νόμου
1388 2403 1617 2438 παρατηρήσεως.
1636 2413 1646 2429 α
1658 2404 1693 2430 Ἦ
1711 2405 1848 2432 Ἰουδαίων

1058 2447 1072 2473 ὁ
1089 2447 1155 2479 Θεὸς
1176 2447 1287 2482 μόνον;ι
1309 2449 1339 2474 Εἰ
1356 2449 1410 2483 γὰρ
1426 2449 1523 2484 μόνους
1542 2450 1603 2481 τοὺς
1629 2450 1661 2476 ὲκ
1687 2450 1735 2476 τοῦ
1763 2451 1846 2486 νόμου

1056 2492 1246 2528 ὁρμωμένους,
1263 2493 1279 2529 ἦ
1298 2493 1336 2528 τῷ
1353 2493 1428 2528 νόμῳ
1453 2494 1626 2529 στοιχοῦντας
1651 2495 1783 2526 ἐδικαίου.
1801 2497 1846 2523 καὶ

1055 2539 1116 2574 οὐχὶ
1132 2539 1220 2566 πάντα
1236 2539 1379 2575 ἄνθρωπον
1392 2540 1438 2566 τὸν
1453 2539 1627 2574 πιστεύοντα,
1643 2542 1798 2577 μονομερὴς
1815 2542 1846 2568 ἂν

1055 2584 1089 2622 ἦν
1103 2587 1117 2612 ὁ
1133 2586 1209 2617 Θεός.
1228 2586 1305 2613 ’Δλλ¹“
1314 2587 1368 2613 ἰδοὺ
1380 2587 1426 2613 καὶ
1439 2587 1577 2614 Ἰουδαίων
1585 2588 1631 2614 καὶ
1644 2588 1729 2614 ἐθνῶν
1743 2589 1757 2614 ὁ
1768 2588 1844 2620 Θεὸς,

1057 2631 1151 2667 ἐπειδὴ
1170 2631 1252 2664 σώζει
1277 2632 1449 2667 ἀμφοτέρους
1479 2625 1688 2665 πιστεύσαντας.
1708 2642 1717 2659 ι
1732 2635 1781 2665 Ὃς
1808 2634 1842 2660 δι-

1057 2678 1171 2704 καιώσει
1185 2678 1337 2712 περιτομὴν
1352 2679 1385 2704 ἐκ
1401 2679 1530 2712 πίστεως,
1545 2679 1591 2705 καὶ
1605 2679 1790 2714 ἀκροϐυστίαν
1802 2681 1844 2707 διὶ

1056 2724 1107 2757 τῆς
1125 2723 1254 2756 πίστεως,
1269 2733 1278 2750 ι
1294 2724 1342 2750 καὶ
1356 2725 1391 2751 τὰ
1404 2725 1478 2760 ἑξῆς.
1495 2727 1549 2752 Kal.
1564 2727 1588 2752 ol
1602 2727 1656 2754 ἀπὸ
1677 2726 1726 2753 τοῦ
1751 2727 1842 2762 νόμον,

1058 2771 1106 2797 καὶ
1125 2771 1148 2797 οἱ
1164 2770 1242 2803 ἐκτὸς
1267 2771 1313 2798 τοῦ
1342 2771 1436 2808 νόμον,
1454 2773 1572 2807 πίστεως
1597 2774 1702 2802 δέονται
1724 2775 1790 2810 προς
1815 2774 1842 2803 τὸ
