1878 3054
51 153 104 183 3ἳ¹ὶ

590 149 788 180 COMMENT.
810 151 849 180 IN
866 149 988 181 EPIST.
1008 151 1058 180 AD
1071 149 1163 182 ROM.

1638 151 1691 183 390

53 209 186 242 ςωνῆναι.
207 206 320 240 «Νόμον
346 203 393 232 οὗν
426 205 621 241 καταργοῦμεν
648 206 699 233 διὰ·
721 207 771 241 τῆς
801 207 845 233 πί-

929 210 999 234 ηηιυιι
1012 206 1118 237 Ιιιάπὶ,
1134 205 1212 240 quasi
1230 205 1272 233 lex
1289 212 1339 241 per
1354 204 1435 232 ﬁdem
1450 205 1626 241 abjicenztur.
1643 209 1690 236 Di-

53 263 140 285 σῖεως
153 262 160 284 ;
173 263 182 279 ι
200 253 365 288 Ἐοορύεουν
377 252 512 285 Ἰουδαῖοι,
531 252 568 284 ὡς
585 253 784 288 ὲκϋαλλομένου
798 253 846 280 τοῦ

53 302 139 335 νόμου
166 299 211 326 διὰ
238 300 288 333 τῆς
314 299 444 330 πίστεως.
461 299 542 332 Λέγει
557 299 603 325 οὖν
618 300 659 326 ὅτι
675 300 705 326 οὐ
723 300 803 334 μόνον
817 300 847 326 οὐ

53 348 191 382 καταργεῖ
206 347 222 380 ἠ
238 345 330 376 πίστις
349 345 394 371 τὸν
414 345 507 380 νόμον,
525 345 595 372 ἀλλὰ
608 347 655 371 καὶ
670 346 763 380 ἵστησί
778 354 846 378 πως,

53 394 94 419 ὅτι
111 394 125 418 ὁ
143 393 225 427 νόμος
242 391 328 418 σῶσαι
348 391 519 426 βουλόμενος,
533 391 584 418 οὑκ
603 392 728 427 ἰσχύειμὴ
753 392 782 418 δὲ
803 393 848 418 πί-

53 448 112 470 στις
126 439 219 470 σώζει.
236 438 288 464 Τὸν
306 437 352 464 οὖν
366 438 467 464 σκοπὸν
490 437 538 463 τοῦ
562 438 646 472 νόμου
672 438 814 473 utinm-33a.
829 440 845 473 ἡ

53 488 158 516 πίστις,
175 485 283 518 ἵστησιν
299 485 390 510 αὐτόν.
416 484 518 516 Εἰπὼν,
535 484 675 519 Ὶστῶμεν,
700 484 783 517 ἔδειξε
801 493 847 511 σαι-

52 531 212 565 λευόμενον.
225 545 260 550 —-—
277 531 401 563 Ἄλλως.
415 531 518 565 Ἔργον
534 528 568 565 ἧν
592 530 639 556 τοῦ
654 530 749 564 νόμου,
775 530 845 556 ὥστε

53 578 160 604 δίκαιον
186 577 301 611 ποιῆσαι
326 577 372 604 τὸν
398 576 552 612 ἄνθρωπον,
580 576 639 602 ἀλλ’
666 577 716 603 οὐκ
740 577 844 612 ἴσχυσε.

54 626 162 656 Πάντες
177 625 349 660 γὰρ,φησὶν,
369 625 504 660 ἥμαρτον,
516 624 533 658 ή
559 624 649 655 πίστις
667 623 695 650 δὲ
717 623 844 656 ἐλθοῦσι,

51 671 132 698 τοῦτο
148 671 330 706 κατώρθωσεν
341 679 348 685 ·
365 672 432 706 ὁμοῦ
448 672 502 706 γάρ
515 679 557 702 τις
571 671 715 697 ἐπίστευσε
731 670 778 696 καὶ
793 670 846 696 ἐδι-

52 717 171 752 καιώοη.
186 717 290 744 Οὐκοῦν
301 717 399 750 ἔστησε
413 717 461 743 τοῦ
477 717 560 752 νόμου
576 716 606 742 τὸ
621 716 738 751 θέλημα.
757 717 845 742 ’Δνω-

52 762 99 788 οεν
126 763 141 788 ὁ
160 763 243 796 νόμος
268 762 316 788 καὶ
339 763 364 788 οι
387 762 527 796 προφῆται
551 762 616 797 περὶ
645 763 696 796 τῆς
725 763 845 794 πίστεως

53 809 267 843 προεθέσπισαν.
280 824 313 830 -
325 807 575 844 [GEOAQPITUIX]
589 809 734 844 Δεχόμενοι
755 810 844 837 τοίνυν

52 856 102 891 τὴν
117 856 221 888 πίστιν,
240 855 403 890 βεΰαιοῡμεν
417 854 462 880 τὸν
477 854 570 889 νόμον.

93 902 125 928 Τί
139 901 198 927 οὖν
227 901 354 935 ἐροῦμεν
376 900 501 935 Ἀϐραὰμ
532 900 587 927 τὸν
618 900 732 935 πατέρα
760 900 845 935 ἡμῶν

51 947 214 982 εὑρηκέναι
229 947 303 973 κατὰ
318 946 434 979 adﬁxa;

88 993 171 1025 Μέγα
188 991 321 1026 ἐφρόνουν
337 992 384 1018 ἐπὶ
400 991 439 1026 τῷ
451 990 579 1027 Ἀϐραὰμ
603 993 627 1018 ot
648 991 782 1025 Ἰουδαῖοι,
798 992 846 1019 καὶ

52 1040 97 1067 ἀεὶ
110 1040 265 1075 προέφερον
279 1040 320 1066 ὅτι
334 1039 460 1074 Ἀϐραὰμ
478 1039 663 1075 περιετμήοη.
682 1039 786 1071 Σκοπὸς
798 1037 845 1066 οὖν

53 1083 129 1119 αὐτῷ
143 1084 242 1116 δεῖξαι,
253 1084 295 1110 ὅτι
310 1084 358 1111 καὶ
373 1084 454 1114 αὐτὸς
470 1084 598 1119 Ἀὃραὰμ
618 1084 668 1111 οὐκ
689 1084 719 1116 ἐξ
743 1085 844 1119 ἔργων,

52 1130 111 1157 ἀλλ’
130 1131 163 1156 ὲκ
179 1130 297 1162 πίστεως
320 1129 478 1165 ἐδικαιώθη.
500 1130 547 1156 καί
565 1138 648 1164 φησι·
670 1130 722 1156 «Ti
735 1131 782 1157 οὖν
795 1131 839 1156 λέ-

51 1184 138 1211 γομεν
157 1176 285 1212 Ἀϐραὰμ
304 1176 350 1203 τὸν
369 1176 440 1203 κατὰ
463 1176 552 1211 σάρκα
575 1177 681 1212 πατέρα
701 1177 781 1212 ἡμῶν
798 1177 842 1203 εὑ-

52 1225 188 1259 ρηκένειη
203 1233 212 1248 ι
230 1224 277 1249 καὶ
293 1222 364 1254 τίνος
389 1223 471 1249 αὐτὸν
494 1224 721 1258 ὲπιτετυχηκέναι
745 1223 846 1250 δικαιο-

53 1260 157 1304 σύνης;
175 1270 224 1304 τῆς
241 1268 274 1294 δι’
289 1269 389 1303 ἔργων,
404 1269 420 1303 ἢ
437 1268 487 1303 τῆς
510 1268 554 1295 διὰ
573 1269 708 1302 πίστεωςς
725 1270 778 1296 Καὶ
793 1270 847 1296 δεί-

53 1324 160 1347 κνυσιν,
188 1314 294 1349 ὃτιτῆς
321 1315 367 1341 διὰ
401 1315 530 1346 πίστεως.
548 1314 631 1341 Ὅθεν
656 1315 704 1342 καὶ
736 1315 845 1350 εὕρημα

51 1360 139 1396 αὐτὴν
155 1360 243 1386 καλεῖ.
261 1359 338 1386 Ἐπεὶ
359 1359 397 1394 μὴ
423 1360 451 1392 ἐξ
477 1359 567 1394 ἔργων
589 1359 674 1394 αὐτὴν
698 1360 843 1395 ἐκτήσατο,

50 1406 109 1433 ἀλλ’
137 1407 170 1432 ὲκ
199 1406 328 1437 πίστεως,
346 1406 407 1440 ἥτις
431 1405 524 1440 χάριτι
548 1405 616 1431 Θεοῦ
637 1406 846 1440 παρέχεται.-

50 1451 285 1489 [ΓΕᾸΝΛΔΙΟΥᾼ
297 1451 366 1478 Kab‘
375 1451 424 1476 ὑπε
430 1451 525 1485 ρεατόν
535 1451 607 1477 ἐστιν
616 1451 633 1485 ή
647 1451 734 1486 ῥῆσις,
746 1452 846 1479 οὑτωσί

23 1535 30 1543 _
49 1508 112 1530 πως
129 1498 245 1533 κειμένη
260 1506 267 1513 ν
286 1497 318 1523 Τί
341 1497 388 1524 οὖν
413 1497 530 1532 ἐροῦμεν
549 1497 676 1532 Ἀἦραὰμ
701 1498 747 1524 τὸν
774 1499 846 1525 κατὰ

900 254 938 280 cit
953 261 1023 288 ergo
1047 253 1121 288 quod
1137 261 1192 280 non
1207 253 1296 280 solum
1323 253 1429 280 irritam
1447 261 1502 280 non
1524 254 1589 281 facit
1603 255 1690 290 legem

899 299 967 327 ﬁdes
983 308 990 327 :
1009 300 1162 334 quinetiam
1190 299 1394 334 quodammodo
1413 300 1519 326 stabilit
1535 309 1540 326 :
1561 300 1626 336 quia
1647 301 1692 329 lex

901 353 963 372 cum
977 345 1083 372 salvare
1100 346 1193 380 cupiat
1204 353 1258 372 non
1273 350 1372 380 potest,
1392 345 1459 372 ﬁdes
1469 351 1560 373 autent
1582 347 1669 374 salvat
1682 356 1689 374 :

901 399 964 417 cum
976 399 1041 426 ergo
1052 391 1120 425 legis
1137 399 1250 426 scopum
1266 391 1333 418 ﬁdes
1350 391 1472 426 impleat,
1485 393 1585 420 merito
1602 393 1690 420 stabi-

897 436 949 463 lire
966 436 1040 463 illam
1049 437 1268 464 dicitur.Dieens
1284 442 1390 468 autent.
1404 438 1577 471 Stabilimus,
1595 444 1690 466 osten-

897 483 938 510 dit
953 483 1025 510 illam
1044 483 1230 510 vacillanti-tn.
1240 483 1300 511 Alio
1317 485 1404 511 modo.
1416 484 1495 519 Legis
1510 493 1579 519 opus
1591 489 1692 511 eratut

893 529 997 564 justum
1008 529 1254 557 faceretbominem
1266 539 1272 556 :
1284 539 1377 557 verum
1391 531 1441 558 hoc
1452 538 1506 558 non
1518 531 1618 565 potuit,
1628 539 1690 558 nam

897 576 1014 608 Omnes,
1033 576 1133 610 inquit,
1150 580 1335 611 peccaverunt
1351 587 1357 603 :
1374 585 1436 603 cum
1449 582 1540 603 autem
1572 577 1692 604 venisset

896 621 974 650 ﬁdes.
990 621 1016 648 id
1031 622 1169 648 correxit:
1182 621 1263 648 simul
1282 629 1313 648 ac
1329 622 1401 648 enim
1413 622 1548 656 quispiam
1560 621 1690 655 credidit,

895 667 977 694 etiam
990 667 1156 702 justiﬁcatus
1166 671 1218 694 est.
1231 667 1369 694 Stabilivit
1383 667 1475 702 itaque
1487 668 1554 702 h-gis
1570 668 1693 694 volunta-

897 718 962 740 tem.
985 713 1182 748 Superioribus
1199 713 1370 748 temporibus
1393 714 1434 740 lex
1459 722 1491 740 ac
1506 714 1644 748 prophetm
1656 713 1690 741 de

895 759 949 786 ﬁde
960 759 1102 786 vaticinati
1117 763 1193 787 sunt.
1205 774 1240 779 -
1250 759 1346 787 Fidem
1358 767 1424 794 ergo
1435 760 1617 794 suscipientes
1625 767 1691 787 con-

895 805 1038 834 firmamus
1050 806 1151 841 legem.

929 911 974 943 IV,
988 912 1013 938 1.
1029 911 1098 944 Quid
1112 919 1174 946 ergo
1183 911 1295 938 dicimus
1308 910 1442 938 Abraham
1455 915 1557 945 patrem
1570 914 1689 937 nostrum

894 958 1026 984 invenisse
1042 957 1186 984 secundum
1202 957 1332 984 carnem?

929 1001 1012 1037 246
1036 1000 1258 1028 lntumescebant
1278 1001 1365 1029 Judwi
1398 1000 1516 1028 Abrahae
1552 1001 1664 1028 nomine
1679 1021 1687 1034 ,

894 1055 1058 1082 semperque
1084 1047 1265 1082 proferebant
1295 1047 1369 1082 quod
1401 1047 1584 1075 circumcisus
1614 1052 1688 1075 esset

895 1094 1042 1120 Abraham.
1061 1093 1111 1120 Hie
1124 1101 1190 1128 ergo
1210 1101 1312 1128 scopus
1325 1099 1367 1120 est
1379 1087 1510 1128 Apostolo
1528 1093 1685 1125 ostendere.

895 1139 984 1174 ipsum
1007 1147 1118 1174 quoque
1146 1139 1284 1166 Abraham
1300 1147 1354 1166 non
1367 1147 1400 1166 ex
1422 1139 1564 1174 operibus.
1583 1139 1630 1166 sed
1653 1147 1686 1166 ex

896 1185 949 1212 ﬁde
968 1185 1152 1220 justiﬁcatum
1170 1186 1341 1215 esse.etait:
1362 1193 1371 1209 ι
1389 1184 1460 1217 Quid
1483 1192 1548 1219 ergo
1570 1184 1687 1212 dicimus

895 1231 1031 1258 Abraham
1045 1235 1150 1265 patrem
1171 1234 1296 1257 nostrum
1313 1230 1466 1257 secundum
1481 1238 1593 1257 carnem
1607 1231 1686 1257 inve-

895 1277 969 1304 nisse
979 1277 1005 1303 ?i
1014 1284 1132 1311 quamve
1144 1281 1334 1303 assecutusest
1352 1276 1487 1311 justitiam
1496 1277 1508 1303 ?
1517 1284 1614 1304 eamne
1626 1284 1688 1311 qute

895 1327 936 1350 cst
952 1329 1002 1356 per
1019 1329 1115 1356 opera,
1130 1329 1164 1348 an
1176 1329 1238 1356 quae
1255 1329 1304 1356 per
1320 1321 1402 1349 ﬁdem
1418 1322 1469 1348 let
1481 1322 1686 1357 ostenditqnod

894 1376 955 1395 eam
975 1376 1037 1403 qua:
1051 1373 1094 1395 est
1111 1375 1159 1402 per
1179 1367 1261 1394 ﬁdem
1278 1376 1284 1394 :
1305 1367 1377 1395 unde
1391 1371 1420 1395 et
1439 1368 1514 1395 illam
1532 1373 1612 1395 vocat
1629 1376 1686 1395 rem

897 1413 1047 1446 inventam,
1077 1414 1142 1448 quia
1167 1421 1222 1440 non
1247 1421 1280 1440 ex
1298 1413 1429 1447 operibus
1451 1421 1511 1440 eam
1526 1418 1624 1441 nactus
1634 1418 1687 1448 est,

896 1459 944 1487 sed
960 1467 992 1486 ex
1005 1459 1057 1486 ﬁde
1072 1467 1133 1494 quae
1147 1459 1194 1486 Dei
1212 1459 1299 1493 gratia
1312 1458 1465 1486 confertur.
1477 1474 1512 1480 —
1528 1460 1579 1488 Per
1589 1460 1689 1496 hyper-

895 1505 979 1533 baton
996 1510 1038 1533 est
1054 1505 1166 1537 locutio,
1188 1509 1217 1532 ut
1232 1506 1269 1532 ita
1283 1511 1402 1540 ponatur
1419 1514 1425 1532 :
1439 1505 1511 1538 Quid
1524 1514 1591 1541 ergo
1610 1506 1688 1534 dice~

49 1547 145 1581 σάρκα
163 1545 358 1580 πατέραήμὼν
372 1545 533 1580 εὑρηκέναι;
555 1545 733 1580 Ἀνέ).οωμεν,
749 1547 841 1582 φησὶν,

929 1559 958 1579 us
969 1551 1117 1584 Abraham,
1131 1551 1178 1586 qui
1194 1551 1345 1578 secundum
1357 1559 1468 1578 carnem
1477 1557 1519 1578 est
1535 1557 1613 1586 pater
1636 1561 1688 1579 no-

48 1593 99 1620 ὲπὶ
122 1593 170 1619 τὸν
196 1591 318 1628 ἀρχηγὸν
341 1591 388 1618 τοῦ
411 1591 481 1618 κατὰ
498 1591 587 1626 σάρκα
601 1592 697 1626 γένους
711 1592 800 1626 ἡμῶν,
815 1593 844 1620 ὃν

49 1641 83 1666 ἐκ
98 1640 210 1666 πάντων
224 1638 310 1665 ἐθνῶν
323 1637 505 1672 ἐκλεξάμενος
527 1638 542 1664 ὁ
566 1636 645 1670 Θεὸς,
661 1637 792 1673 εὐλόγησὲ
814 1647 843 1665 τε

50 1687 100 1712 καὶ
119 1686 160 1717 εἰς
176 1685 239 1717 τοὺς
255 1684 284 1716 ἐξ
296 1684 378 1710 αὐτοῦ
392 1683 426 1710 δι’
437 1683 518 1710 αὑτοῦ
534 1683 568 1710 τὰ
586 1683 636 1718 τῆς
649 1683 774 1718 εὐλογίας
792 1685 844 1711 ὑπ-

49 1733 150 1766 έσχετο
167 1731 372 1766 παραπέμψειν,
385 1730 469 1765 Δῆλον
487 1730 541 1765 γὰρ
555 1730 596 1756 ὅτι
613 1731 686 1761 ὅπως
699 1731 731 1757 ἂν
739 1731 796 1765 ἔχοι
811 1730 845 1757 τὰ

50 1778 113 1804 κατ’
131 1777 226 1808 αὑτὸν,
236 1776 323 1808 οὕτως
341 1776 438 1812 σχήσει
452 1775 542 1803 καὶτὰ
553 1775 724 1812 ήμέτερα.·-
741 1775 843 1813 [ΦΩΤ.]

50 1825 99 1855 Τὸ,
120 1833 129 1848 ι
148 1823 228 1850 Κατὰ
253 1823 354 1858 σάρκα,
368 1832 377 1849 ι
394 1823 424 1848 ὲν
447 1822 595 1858 ὑπερϐατῷ
623 1823 724 1849 κεῖται.
753 1823 790 1848 'H
816 1823 844 1850 δὲ

50 1869 124 1896 κατὰ
155 1868 250 1902 φύσιν,
273 1867 342 1894 ἀλλὰ
371 1867 409 1903 μὴ
432 1868 504 1894 κατὰ
532 1869 626 1903 σχῆμα
650 1868 784 1903 ἑρμηνεία
797 1868 844 1894 τοῦ

51 1915 134 1948 λόγου
147 1923 154 1930 ·
175 1914 209 1940 Τί
223 1913 269 1940 οὖν
286 1913 402 1949 ἐροῦμεν
413 1914 540 1949 Ἀϐραὰμ
559 1915 706 1949 εὑρηκέναι
718 1914 763 1940 τὸν
776 1914 845 1941 κατὰ

50 1961 144 1996 σάρκα
159 1960 240 1996 ἡμῶν
261 1961 383 1996 πατέρα;
400 1960 468 1996 προς
485 1960 630 1992 Ἰουδαίους
656 1960 684 1987 δὲ
710 1960 724 1986 ὁ
755 1961 844 1995 λόγος.

49 2005 125 2039 Οἴον,
144 2008 208 2033 ἐπεί
224 2015 302 2041 φησι,
319 2007 356 2033 Τὸ
373 2008 428 2034 πᾶν
442 2007 507 2041 ὑμῖν
528 2007 577 2041 τῆς
600 2007 779 2042 σεμνολογίας
798 2008 846 2034 καὶ

51 2054 246 2089 μεγαλαυχίας
258 2054 286 2080 ἐν
297 2053 334 2088 τῷ
346 2054 416 2080 κατὰ
424 2053 514 2088 σάρκα
529 2054 616 2089 πατρὶ
631 2053 709 2088 ἡμῶν
718 2054 846 2089 Ἀϐραάμ

49 2102 120 2131 ἔστι,
140 2100 328 2134 σκοπήσωμεν
340 2100 366 2125 τί
381 2101 412 2125 ἂν
427 2100 552 2135 εἶποιμςν
567 2101 671 2125 ἐκεῖνον
685 2100 843 2135 εὑρηκέναι.

49 2146 105 2172 Καί
123 2153 209 2180 φησιν
235 2145 317 2175 αὐτὸς
333 2144 448 2180 προῖὼν,
467 2145 508 2171 ὅτι
525 2145 571 2170 καὶ
584 2145 755 2179 δικαιοσύνην
770 2142 844 2180 εὗρε.

49 2191 140 2218 Ἰοῦτο
156 2191 212 2226 γάρ
225 2192 284 2217 ἐστι
304 2191 344 2222 τὸ,
365 2200 373 2216 ι
389 2191 444 2217 Καὶ
465 2191 592 2225 ἐλογίσθη
607 2191 681 2225 αὐτῷ
692 2192 730 2222 εἰς
744 2191 847 2218 δικαιο-

51 2238 149 2274 σύνην,
162 2247 171 2263 ι
191 2238 341 2267 τουτέστιν,
354 2237 394 2263 ὃτι
406 2236 565 2271 ἐδικαιώθη.
585 2237 622 2263 Τὸ
635 2237 690 2272 γὰρ
707 2238 797 2271 εὑρεῖν
807 2238 845 2264 δι-
862 2235 883 2262 D

51 2284 217 2318 καιοσύνην,
233 2284 414 2318 δικαιωθῆναι
435 2284 521 2310 ἐστιν.
539 2280 625 2319 Εὗρεν
643 2283 690 2311 οὖν
708 2284 845 2311 δικαιοσύ-

50 2340 110 2366 νην,
139 2331 209 2357 ἀλλὰ
236 2329 295 2361 πῶς
315 2327 408 2365 εὗρενς
425 2330 472 2362 Ἐξ
494 2330 594 2365 ἔργων,
619 2330 635 2366 ἢ
656 2331 688 2357 ὲκ
706 2331 842 2364 tristem;

51 2379 108 2405 Καὶ
125 2377 263 2404 δείκνυσιν
275 2377 315 2402 ὅτι
336 2377 366 2402 ὲκ
379 2377 508 2407 πίστεως,
527 2376 654 2412 μάρτυρα
669 2377 719 2411 τὴν
734 2377 845 2412 Γραςρὴν

51 2423 202 2458 παριστὰς.
225 2421 388 2447 Ἑπίστευσε
426 2421 491 2456 γὰρ,
523 2421 617 2456 φησὶν,
650 2421 779 2457 Ἀϐραὰμ
806 2423 845 2459 τῷ

50 2469 122 2506 Θεῷ,
147 2468 195 2495 καὶ
218 2467 344 2503 ἐλογίσθη
370 2467 445 2502 αὑτῷ
475 2468 516 2499 εἰς
538 2467 724 2504 δικαιοσύνην.
740 2469 772 2495 Τί
786 2467 844 2502 οὖν,

52 2517 147 2551 φησὶν,
176 2515 227 2542 οὐκ
253 2513 325 2550 εἷγεν
348 2515 445 2550 ἔργαΰ
465 2515 609 2551 ’Λὸρσάμς
640 2516 697 2542 Οὐκ
725 2516 844 2543 ἐδικαίου

50 2563 140 2590 ταῦτα
163 2562 266 2595 αὑτόν;
293 2562 339 2597 Μὴ
366 2562 487 2595 γένοιτοί
507 2562 596 2597 Ἔργα
625 2562 674 2597 μὲν
691 2562 746 2598 γὰρ
762 2561 845 2598 εἶχεν,

51 2610 123 2636 ὥστε
137 2609 206 2644 πρδς
219 2610 281 2640 τοὺς
299 2607 584 2642 συμπολιτευομένους
597 2607 672 2643 αὐτῷ
685 2608 847 2643 ἀνθρώπους

51 2656 228 2691 κρινόμενον,
244 2655 426 2689 δικαιωθῆναι
450 2654 497 2680 καὶ
516 2655 699 2690 προκριθῆναι
721 2655 844 2683 ἐκείνων.

51 2703 89 2729 Τὸ
118 2702 146 2729 δὲ
175 2701 244 2737 πρὸς
269 2702 315 2727 τὸν
330 2700 396 2727 Θεὸν
423 2700 601 2736 δικαιωθῆναι
618 2701 650 2727 ὲκ
673 2701 727 2727 τῶν
757 2701 846 2736 ἔργων

51 2749 149 2782 αὑτοῦ,
164 2748 237 2775 ὥστε
261 2747 336 2780 ἄξιον
359 2748 407 2774 καὶ
425 2747 578 2774 ἰσοστάσιον
589 2747 686 2774 ἑαυτὸν
702 2748 846 2782 παραστῆ-

53 2807 99 2824 σαι
117 2797 168 2830 τῆς
193 2796 301 2822 ὲκεῖοεν
330 2794 525 2830 παρεχομένης
552 2794 714 2830 εὐεργεσίας
735 2795 782 2821 καὶ
795 2795 847 2821 δω-

55 2846 130 2879 ρεᾶς,
159 2842 302 2874 παντελῶς
334 2842 512 2869 ἀπελείπετο.
541 2839 647 2867 Οὐκοῦν
674 2840 750 2866 οὐδὲν
779 2840 847 2872 ὅλως

56 2892 111 2926 εχει
127 2891 271 2926 καύχημα,
284 2889 343 2924 ἦτοι
357 2887 519 2923 προτέρημα
535 2887 582 2913 καὶ
594 2886 761 2922 κατόρθωμα
778 2887 846 2922 πρὸς

896 1603 968 1630 ster,
986 1597 1146 1626 invenisse?
1165 1598 1363 1630 Aseendamus,
1385 1597 1486 1631 inquit,
1505 1598 1539 1625 ad
1552 1598 1687 1632 originem

895 1643 1005 1679 generis
1020 1643 1107 1671 nostri
1121 1643 1274 1671 secundum
1291 1651 1414 1674 carnem,
1425 1648 1454 1670 et
1472 1651 1536 1670 eum
1555 1652 1636 1678 quem
1652 1652 1687 1672 CX

895 1689 1026 1717 omnibus
1052 1689 1184 1724 gentibus
1209 1689 1328 1716 electum
1349 1688 1575 1716 bcnedixitDeus
1593 1694 1639 1716 :et
1659 1689 1687 1717 in

895 1744 943 1764 eos
969 1736 1017 1771 qui
1042 1735 1125 1763 abeo
1153 1735 1366 1766 descenderent,
1393 1743 1454 1769 quin
1486 1735 1688 1766 benedictionis

895 1787 975 1810 erant
1003 1790 1053 1817 per
1069 1790 1132 1810 eum
1147 1790 1175 1809 se
1192 1782 1341 1809 missurum
1369 1789 1429 1809 esse
1444 1782 1582 1816 promisit.
1602 1782 1689 1810 Mani-

896 1828 995 1856 festum
1017 1831 1061 1855 est
1085 1827 1160 1855 enim
1175 1827 1265 1861 quod,
1283 1826 1366 1854 sicuti
1385 1835 1447 1854 cum
1459 1827 1507 1854 illo
1523 1832 1614 1854 actum
1634 1832 1685 1860 est,

897 1874 932 1901 ita
946 1877 974 1900 et
988 1873 1132 1900 nobiscum
1145 1877 1253 1907 agetur.
1274 1888 1307 1893 -—
1323 1873 1460 1899 Particula
1476 1873 1530 1904 illa,
1552 1882 1560 1898 α
1580 1872 1686 1900 Secun-

896 1920 961 1947 dum
987 1927 1110 1951 carnetn,
1132 1928 1140 1944 ι
1156 1927 1205 1954 per
1222 1918 1391 1954 hyperbaton
1413 1919 1534 1952 ponitur.
1555 1917 1687 1946 Ordinate

895 1974 962 1993 vero
986 1971 1014 1993 et
1030 1973 1086 1992 non
1107 1965 1185 2000 juxta
1212 1964 1324 1991 schema
1341 1965 1394 1991 erit
1415 1964 1471 1991 haec
1496 1964 1688 1999 interpretatio

896 2013 1033 2040 sermonis
1048 2021 1055 2038 :
1073 2011 1144 2045 Quid
1165 2019 1230 2046 ergo
1242 2011 1367 2038 dicemus
1382 2011 1519 2038 Abraham
1538 2011 1686 2044 invenisse,

896 2059 943 2094 qui
959 2059 1112 2086 seetmdum
1135 2065 1248 2085 carnctn
1262 2062 1341 2093 pater
1354 2062 1448 2084 noster
1460 2057 1522 2084 est?
1548 2057 1632 2084 Porro
1653 2057 1688 2085 ad

896 2104 1007 2132 Judmos
1018 2111 1111 2131 sermo
1130 2108 1183 2136 est,
1202 2111 1234 2130 ae
1248 2103 1270 2130 si
1284 2103 1359 2130 dicat
1379 2111 1384 2128 :
1398 2102 1467 2129 Cum
1484 2102 1572 2130 nostri
1588 2110 1688 2137 super-

897 2150 952 2178 cilii
969 2158 1000 2177 ae
1012 2150 1150 2186 iactantia:
1164 2157 1270 2177 summa
1284 2150 1320 2176 sit
1332 2148 1359 2176 in
1371 2148 1520 2180 Abraham,
1535 2149 1599 2183 quia
1611 2153 1689 2182 pater

897 2201 992 2223 noster
1011 2201 1054 2223 est
1068 2195 1221 2223 secundum
1237 2202 1362 2227 carnem,
1377 2193 1588 2221 consideremus
1603 2193 1686 2227 quid-

898 2250 960 2269 nam
982 2241 1074 2269 dicere
1103 2241 1240 2276 possimus
1257 2240 1334 2266 illum
1356 2238 1506 2266 invenisse.
1522 2238 1556 2265 Et
1573 2238 1611 2264 ait
1629 2237 1686 2272 ipse

897 2288 925 2314 in
952 2286 1134 2321 sequentibus
1157 2285 1230 2320 quod
1261 2285 1346 2312 etiam
1375 2283 1510 2320 justitiam
1539 2283 1686 2310 invenerit.

898 2334 956 2360 Hoc
975 2332 1049 2359 enim
1063 2337 1105 2360 est
1122 2331 1197 2367 quod
1215 2331 1254 2358 ait
1270 2339 1276 2358 :
1297 2340 1306 2357 (
1324 2330 1531 2364 Etimputatum
1546 2332 1588 2356 est
1613 2328 1638 2356 ei
1652 2328 1686 2356 ad

894 2379 1042 2414 justitiam,
1061 2387 1070 2404 ι
1081 2378 1133 2405 het-
1145 2383 1197 2410 est,
1209 2377 1281 2412 quod
1293 2376 1460 2412 justiﬁcatus
1475 2380 1526 2404 est.
1544 2375 1687 2410 Siquidem

897 2425 1036 2452 invenisse
1052 2425 1110 2452 sive
1124 2428 1235 2451 nactum
1253 2431 1314 2451 esse
1327 2423 1477 2458 justitiam,
1494 2427 1536 2449 est
1551 2421 1687 2456 justiﬁca-

898 2476 956 2498 tum
977 2478 1048 2498 esse.
1064 2470 1172 2497 Invenit
1188 2477 1254 2505 ergo
1267 2473 1295 2496 et
1309 2473 1407 2495 nactus
1419 2472 1460 2495 est
1480 2467 1627 2502 justitiam.
1652 2467 1687 2494 At

896 2517 1036 2552 quomodo
1052 2520 1151 2543 nactus
1162 2515 1228 2542 'est?
1254 2523 1288 2542 ex
1305 2515 1447 2549 operibus,
1468 2523 1502 2542 an
1516 2522 1549 2541 ex
1565 2514 1637 2541 ﬁde?
1653 2513 1686 2541 Et

897 2563 1019 2591 ostendit
1029 2563 1102 2598 qttod
1115 2571 1148 2590 ex
1167 2562 1230 2594 ﬁde,
1252 2569 1315 2589 cum
1330 2561 1499 2596 Seripturam
1513 2561 1642 2595 producit
1658 2560 1685 2587 in

899 2614 1006 2637 testem.
1019 2609 1087 2636 Nam
1100 2609 1139 2636 ait
1154 2617 1161 2635 :
1179 2618 1187 2634 ι
1206 2607 1332 2636 Credidit
1347 2607 1484 2635 Abraham
1501 2607 1566 2637 Deo,
1579 2611 1607 2632 et
1632 2606 1684 2632 im-

898 2660 1025 2692 putatum
1040 2659 1084 2682 est
1097 2655 1122 2682 ei
1138 2654 1172 2681 ad
1187 2654 1336 2690 justitiam.
1359 2663 1368 2680 ι
1396 2652 1467 2686 Quid
1485 2660 1562 2687 ergo.
1584 2651 1684 2686 inquit,

897 2710 952 2729 non
970 2701 1066 2729 habuit
1077 2701 1214 2728 Abraham
1226 2700 1330 2735 opera?
1341 2707 1395 2726 non
1413 2699 1472 2726 haec
1487 2698 1562 2725 illum
1583 2696 1686 2732 jtmiﬁ-

898 2747 1018 2775 carunt?
1031 2747 1111 2774 Absit
1125 2747 1131 2773 !
1146 2746 1236 2781 Opera
1251 2745 1388 2781 siquidem
1401 2743 1509 2773 habuit.
1525 2747 1555 2769 ut
1577 2741 1600 2768 si
1622 2750 1684 2768 cum

899 2794 1058 2821 hominibus
1069 2794 1116 2829 qui
1129 2793 1209 2821 simul
1224 2800 1286 2820 cum
1300 2799 1333 2819 eo
1346 2790 1527 2818 versabantur
1542 2788 1640 2815 fuisset
1658 2787 1685 2814 in

895 2840 1001 2876 judicio
1013 2839 1192 2871 constitutus,
1215 2837 1295 2865 facile
1305 2835 1474 2872 jnstiﬁcatus
1488 2834 1594 2866 fuisset,
1617 2833 1685 2860 illis-

898 2893 953 2920 que
982 2884 1164 2920 antepositus,
1179 2891 1274 2911 verum
1288 2887 1318 2910 ut
1329 2889 1422 2909 coram
1439 2881 1496 2908 Deo
1506 2888 1539 2909 ex
1553 2880 1609 2908 suis
1618 2887 1684 2914 ope-
