1878 3054
217 136 268 167 ΞΠ

772 130 975 162 (ῈΟΗΜΕΝΙΙ
996 129 1142 159 TRICC/E
1161 128 1221 159 ΕΡ]
1227 129 1332 159 SCOPI

1805 129 1865 160 383

216 198 266 219 nes
286 198 292 216 :
313 193 379 223 puta
395 187 462 215 illud
479 197 486 215 :
505 198 514 213 ι
532 188 566 215 Et.
581 187 609 215 in
630 188 735 215 semine
749 192 795 214 tuo
811 187 972 214 bcncdiccnt

1086 184 1228 219 ηοήσονται
1252 185 1281 211 ἐν
1301 183 1340 219 τῷ
1366 183 1506 218 σπέρματί
1529 192 1575 210 σου
1594 184 1682 213 πάντα
1700 184 1734 211 τὰ
1747 184 1835 218 ἔθνη.
1852 194 1862 210 ι

215 241 312 263 omnes
325 238 420 269 gemes
433 234 466 261 ".
490 243 498 258 ι
514 234 543 260 ld
557 241 624 268 ergo
639 233 744 268 justitia
757 238 808 265 est,
820 232 854 259 de
868 231 1006 259 salvandis

213 280 296 307 etiam
320 279 442 314 indignis
468 279 615 306 veritatem
635 283 773 314 praestare.
794 287 803 303 ι
822 278 850 304 ln
877 277 1005 312 praesenti

216 331 350 361 tempore.
377 335 385 351 ι
402 325 472 353 Cum
490 325 627 352 dixisset:
648 334 657 350 ‹
682 325 723 351 Ad
744 324 941 351 ostendendam
965 324 1005 359 ju<

215 372 319 399 stitiam
336 379 413 398 suam
430 380 438 396 ι
463 371 617 405 subjunxit,
634 379 643 396 ‹
656 370 686 398 In
702 369 828 405 prmsenti
844 374 977 404 tempore.
995 379 1003 394 I

216 417 359 452 Siquidem
383 417 431 444 Dei
456 416 565 451 justitia
593 423 654 450 quat
668 415 694 441 in
716 414 843 449 praesenti
860 419 919 441 erat
939 418 1007 441 tem-

216 471 294 498 pore,
317 470 372 498 quo
388 462 519 490 videlicet
535 465 656 489 nostram
677 460 893 495 redemptionem
910 468 1007 496 opera-

216 515 261 538 tus
271 515 323 542 est,
341 510 422 544 plena
436 509 615 544 benignitate,
635 509 715 542 plena
740 508 823 539 dono,
847 508 928 542 plena
947 512 1008 534 erat

216 562 244 584 et
258 557 346 591 gratia
365 565 372 588 ;
388 556 505 590 ideoque
521 554 646 581 dicebat:
664 563 672 578 ‹
689 554 747 581 Non
759 554 820 580 veni
838 558 868 580 ut
879 553 1007 580 condem-

217 609 282 629 nem
300 602 444 633 mundum,
461 600 508 628 sed
519 605 549 627 ut
565 599 668 626 salvum
683 600 779 626 faciam
801 599 935 626 mundum
947 599 978 625 ”.
994 608 1003 624 ι

219 648 326 675 Futura
341 655 406 675 vero
422 647 527 682 justitia
543 646 606 673 talis
622 646 739 681 amplius
753 653 806 672 non
817 645 881 676 erit,
900 645 947 672 sed
963 652 1007 671 re-

219 694 334 721 tributio
349 693 483 728 cujusque
497 692 550 719 erit
563 692 597 719 de
610 692 653 719 his
670 699 731 726 qum
741 692 809 727 egit,
821 691 904 718 veluti
923 691 1005 718 etiam

219 741 265 768 hic
281 747 390 766 rursum
403 739 491 766 dicit:
511 747 520 763 ι
539 739 688 766 Revelatur
700 739 774 765 enim
791 739 830 764 ira
846 738 904 769 Dei,
923 747 931 763 ι
951 743 1004 765 etc.

217 786 270 812 Aut
297 785 334 812 ita
363 784 555 819 accipiendum
584 788 637 818 est,
663 784 791 812 Ostensio
825 784 852 810 in
878 784 1005 819 prmsenti

219 837 341 866 tempore
368 831 440 858 facta
467 835 520 863 est,
546 831 634 867 ipsius
648 830 779 857 videlicet
800 829 939 862 toleratio,
956 829 1006 855 do-

217 885 283 904 num
297 877 441 912 gratiaque
453 876 687 912 futurmjustitiaz.
703 876 828 909 Quonam
841 880 932 903 autem
948 883 1007 902 mo-
1025 866 1044 893 Β

217 923 272 950 do?
286 923 353 949 Nam
366 922 399 954 si,
417 930 479 949 cum
491 922 560 950 adeo
573 922 737 957 longanimis
749 922 842 953 fuerit,
857 930 889 948 ac
904 926 1006 948 tantam

219 968 369 996 contulerit
386 968 513 1003 gratiam,
525 972 662 1002 tantoque
683 974 799 994 munere
820 967 949 1001 dignatus
961 966 1006 999 sit,

218 1022 273 1041 non
291 1018 434 1041 convertat
451 1022 510 1046 eos,
521 1022 612 1048 neque
627 1013 757 1041 meliores
768 1013 883 1040 ell'ectos
895 1013 1006 1045 habeat,

218 1061 247 1088 in
263 1061 356 1088 lbturo
375 1068 438 1088 cum
456 1061 542 1087 multa
561 1060 668 1096 justitia
697 1059 805 1087 inducit
830 1059 1006 1095 supplicium.

223 1116 231 1132 α
249 1106 283 1133 Et
304 1106 458 1142 justiﬁcans
477 1113 541 1133 eum
560 1106 608 1141 qui
631 1109 674 1133 est
688 1113 722 1133 ex
743 1105 795 1133 ﬁde
809 1105 884 1133 Jesu.
909 1114 918 1130 I
937 1102 1009 1132 Ecce

219 1154 406 1181 ostensiouem
431 1153 556 1189 justitiaz,
578 1158 644 1188 puta
655 1154 729 1188 quod
745 1161 801 1181 non
813 1154 902 1181 solum
917 1154 1008 1189 justus

220 1202 256 1228 sit
271 1201 354 1232 Deus,
385 1201 433 1228 sed
450 1205 477 1228 et
500 1200 656 1236 justiﬁcans
669 1209 744 1232 eum,
772 1200 820 1235 qui
846 1205 888 1228 est
907 1209 940 1228 ex
955 1200 1008 1228 ﬁde

218 1247 296 1278 .lesu,
311 1255 411 1282 nempe
425 1247 567 1282 proprium
587 1247 633 1274 Dei
646 1247 777 1282 populum
790 1247 930 1274 eﬂ‘ectum.

255 1293 302 1325 lll,
316 1293 412 1320 27-31.
435 1293 481 1320 Ubi
505 1298 544 1320 est
565 1294 647 1328 igitur
662 1293 936 1328 glorialia?E:rclusa
960 1297 1006 1321 eu.

220 1340 272 1366 Per
285 1348 364 1375 quant
377 1339 480 1375 legem?
493 1348 602 1374 operum
615 1339 627 1366 ?
639 1338 711 1370 Non,
724 1339 770 1365 sed
779 1347 825 1374 per
841 1339 922 1374 legem
935 1339 1008 1373 ﬁdei.

219 1386 389 1413 Arbitrantur
413 1386 494 1420 igitur
517 1385 663 1420 justiﬁcari
694 1385 825 1412 hominem
852 1393 899 1420 per
929 1385 1010 1419 ﬁdem

219 1432 318 1466 absque
343 1432 463 1467 operibus
488 1431 561 1466 legis.
577 1431 618 1458 An
631 1431 785 1458 Judworum
798 1431 865 1458 Deus
881 1436 985 1459 tantum
998 1432 1011 1458 ?

220 1486 256 1505 an
273 1486 324 1504 non
342 1481 366 1503 et
393 1477 531 1512 gentium?
546 1476 622 1504 Certe
639 1481 664 1503 et
686 1478 805 1511 gentium
823 1478 1010 1513 :quandoqui-

219 1525 279 1551 dem
293 1532 360 1550 unus
373 1528 410 1550 est
427 1523 506 1556 Deus,
521 1524 564 1558 qui
574 1523 730 1558 iustiﬁcabit
744 1524 968 1551 circumcisionem
978 1531 1009 1550 ex
1025 1542 1046 1571 Ο

220 1570 286 1604 ﬁde,
305 1574 329 1596 et
342 1570 503 1605 praeputium
522 1578 569 1604 per
588 1569 678 1604 ﬁdem.
694 1569 789 1605 Legem
807 1570 888 1605 igitur
904 1570 1011 1598 irritam

221 1617 332 1653 facimus
343 1623 390 1651 per
399 1615 481 1649 ﬁdem
494 1615 507 1642 ?
518 1615 594 1642 Absit
609 1615 674 1642 Jsed
685 1615 768 1650 legem
781 1615 941 1642 stabilimus.

256 1707 336 1743 255
357 1707 407 1734 His
430 1706 515 1742 igitur
530 1706 568 1733 ita
590 1705 681 1738 factis,
706 1706 845 1741 Patrequc
868 1705 1011 1741 proprium

220 1754 344 1781 salvante
365 1752 508 1787 populum,
528 1752 576 1787 qui
593 1760 627 1780 ex
643 1752 696 1779 [ide
717 1751 783 1780 Jcsu
801 1756 844 1779 est
859 1761 866 1778 :
881 1752 928 1779 ubi
944 1760 1011 1788 ergo

219 1806 263 1828 est
277 1801 435 1828 Judaeorum
447 1800 594 1835 gloriatio?
606 1799 734 1827 Ostendit
747 1807 796 1827 eos
807 1807 876 1827 vane
888 1800 1010 1835 gloriari.

220 1849 336 1878 Exclusa
354 1853 409 1881 est,
420 1856 474 1876 non
490 1848 727 1883 dixit,Disparuit,
741 1849 800 1882 sed,
814 1849 931 1876 Exclusa
947 1853 989 1877 est
1004 1858 1010 1876 :

219 1893 370 1922 ostendens
395 1894 468 1930 quod
484 1895 568 1922 etiam
588 1899 692 1922 sortem
716 1902 793 1922 suam
806 1895 945 1930 quondam
963 1895 1011 1923 ha-

220 1941 292 1974 buit,
311 1949 386 1968 nunc
404 1948 471 1968 vero
487 1940 556 1968 ﬁdes
578 1940 653 1968 illam
672 1941 800 1968 exclusit.
817 1941 905 1968 Porro
924 1942 1011 1977 legem

221 1994 350 2021 operum,
377 1994 427 2021 per
439 1986 624 2021 periphrasin)
649 1986 876 2020 loquendo,dicit
902 1995 1010 2022 opera:

221 2032 374 2067 eodemque
394 2032 476 2059 modo
488 2033 575 2068 legem
591 2032 666 2064 ﬁdei,
678 2032 705 2059 id
718 2037 760 2059 est
773 2032 1009 2069 ﬁdem.Aitergo:

220 2078 280 2106 Non
294 2087 343 2113 per
353 2086 436 2113 opera
451 2086 512 2113 quae
528 2077 643 2106 fecimus
656 2079 814 2107 Iudaeorum
824 2079 951 2114 gloriatio
965 2088 1012 2107 ex—

221 2125 300 2152 clusa
315 2130 368 2158 est,
385 2125 433 2153 sed
445 2133 495 2160 per
510 2125 604 2158 ﬁdem,
622 2129 752 2159 tanquam
768 2126 873 2154 diceret
892 2135 898 2153 :
916 2126 1011 2154 Omnis

222 2172 267 2200 illa
295 2172 423 2207 gloriatio
451 2179 568 2207 quaeque
596 2171 726 2199 videntur
752 2173 939 2207 prierogativaz
955 2173 1012 2207 [per

221 2217 304 2245 {idem
320 2219 437 2245 exclusa:
455 2223 521 2245 sunt
545 2218 651 2253 absque
667 2222 824 2246 nostrorum
849 2218 1013 2246 necessitate

221 2271 351 2298 operum.
384 2273 393 2289 ι
409 2263 585 2291 Arbitramur
600 2264 683 2299 igitur
696 2272 745 2299 per
772 2264 852 2291 ﬁdem
868 2264 1012 2300 justilicari

223 2310 376 2342 hominem,
397 2320 406 2336 ι
425 2315 480 2338 etc.
510 2310 604 2345 Itaque
632 2311 761 2342 dicimus,
784 2311 883 2346 inquit,
906 2318 939 2338 ex
960 2310 1014 2338 lide

220 2356 369 2391 justiﬁcari
387 2356 528 2384 hominem
551 2357 610 2384 sine
632 2357 701 2392 legis
720 2356 922 2384 observatione.
946 2366 954 2382 ι
972 2356 1014 2383 An

221 2401 381 2429 Judworum
397 2402 470 2430 Deus
491 2403 619 2430 tantum?
637 2412 647 2428 ι
668 2403 737 2430 Nam
749 2403 771 2430 si
786 2403 860 2430 solos
875 2402 1014 2437 cosjusti—

222 2445 332 2473 ucasset
355 2447 402 2481 qui
427 2455 461 2474 ex
475 2447 534 2483 lege
557 2448 738 2480 accedebant,
756 2452 804 2474 aut
818 2447 866 2482 qui
885 2455 945 2474 sese
960 2447 1013 2482 legi

221 2491 401 2526 adaptabant.
417 2497 511 2520 etnon
522 2501 631 2520 omnem
648 2493 696 2527 qui
716 2492 842 2519 crederet
858 2492 1009 2524 hominem,

222 2538 339 2566 alterius
361 2538 495 2566 duntaxat
518 2539 605 2574 partis
629 2539 702 2566 Deus
718 2543 792 2566 esset
812 2547 818 2565 :
833 2538 880 2565 sed
897 2545 970 2565 nunc
983 2542 1011 2565 et

219 2584 379 2612 Judzeorum
398 2585 470 2613 Deus
484 2589 526 2613 est
536 2590 565 2613 et
582 2585 717 2620 gentium,
739 2584 964 2619 quandoquidem
978 2592 1011 2611 ex

220 2629 346 2664 utrisque
367 2630 514 2657 credentes
534 2630 624 2657 salvos
646 2629 723 2656 facit.
754 2639 763 2655 ‹
779 2629 830 2662 Qui
850 2629 1012 2665 justificabit

220 2675 460 2704 circumcisionem
478 2683 511 2703 ex
528 2676 592 2708 ﬁde,
615 2685 624 2702 ι
643 2681 697 2703 etc.
720 2675 753 2704 Et
772 2676 816 2703 his
827 2676 873 2711 qui
896 2684 929 2703 ex
952 2677 1010 2712 lege

221 2725 295 2754 sunt,
315 2726 343 2749 et
356 2722 400 2749 his
417 2722 463 2756 qui
480 2726 556 2749 extra
566 2722 664 2757 legem,
682 2722 734 2750 [ide
746 2730 815 2757 opus
831 2727 882 2755 est,
898 2727 928 2750 ut
942 2723 1010 2750 salvi

220 2767 298 2794 haut.
323 2776 332 2792 ι
361 2767 460 2804 Legem
485 2767 687 2804 igiturirritam
716 2769 851 2797 facimus?
875 2780 885 2796 ι
903 2769 1010 2797 Turba-

258 2855 279 2871 “
295 2855 363 2883 Gen.
381 2864 447 2889 xxn,
474 2858 514 2884 l8.
551 2859 660 2886 “Junii.
684 2868 732 2890 x'I.
749 2860 792 2887 :27.

1058 230 1143 256 Τοῦτο
1164 228 1212 257 οὖν
1233 230 1402 265 δικαιοσύνη,
1418 230 1449 256 τὺ
1473 229 1623 264 ἀληθεῦσαι
1653 231 1700 257 καὶ
1721 231 1769 256 ἐπὶ
1800 232 1868 261 τοῖς

1057 277 1176 310 ἀναξίοις
1190 277 1237 304 τοῦ
1256 277 1399 308 σώζεσθαι.
1417 287 1425 303 ι
1437 277 1482 303 Ἐν
1505 277 1542 312 τῷ
1553 276 1599 303 νῦν
1616 277 1715 313 καιρῷ.
1727 288 1736 302 ι
1748 277 1864 313 [ΦΩΤ.]

1057 337 1090 342 -
1105 331 1114 346 σ
1128 322 1199 357 Πρὸς
1224 322 1335 354 ἔνδειξιν
1351 322 1401 357 τῆς
1423 322 1598 357 δικαιοσύνης
1622 323 1734 355 αὑτοῦ,ι
1754 322 1865 352 εἰπὼν,

1058 369 1208 402 ἐπήγαγεν,
1228 378 1236 394 ι
1253 368 1298 395 Ἐν
1313 368 1351 404 τῷ
1366 368 1414 395 νῦν
1430 368 1529 404 καιρῷ.
1543 379 1551 394 ι
1574 368 1609 395 Ἦ
1625 370 1679 404 γὰρ
1700 371 1728 396 ὲν
1742 369 1786 404 τῷ
1813 369 1867 395 νῦν

1058 415 1147 449 καιρῷ
1173 415 1331 450 δικαιοσύνη
1360 415 1407 442 τοῦ
1434 415 1520 448 Θεοῦ,⁴
1539 416 1681 442 τουτέστιν
1705 417 1734 442 ὲν
1759 412 1785 450 ᾧ
1811 415 1868 449 τὴν

1059 460 1247 496 ἀπολύτρωσιν
1260 462 1340 496 ἡμῶν
1350 462 1508 497 εἰργάσατο,
1524 462 1631 498 πλήρης
1644 459 1678 497 ἦν
1696 462 1853 497 (μὶανῦρω

1058 507 1134 539 πίας,
1150 508 1256 543 πλήρης
1272 509 1386 544 δωρεᾶς,
1406 509 1512 544 πλήρης
1534 509 1654 543 χάριτος.
1672 509 1716 534 Διὸ
1733 510 1784 534 καὶ
1802 508 1869 534 ἕλε-

1058 561 1106 587 γεν
1125 561 1131 568 ·
1150 563 1159 579 ι
1174 555 1230 580 Οὐκ
1243 552 1326 590 ἦλθον
1351 556 1443 589 κρῖναι
1457 555 1503 582 τὸν
1515 555 1629 589 κόσμον,
1646 554 1703 581 ἀλλ’
1719 554 1763 580 ἵνα
1778 554 1866 588 σωθῇ

1057 602 1071 626 ὁ
1098 600 1233 635 κόσμος.»
1269 601 1303 628 Ἠ
1331 600 1359 627 δὲ
1387 601 1522 636 μέλλουσα
1544 601 1712 636 δικαιοσύνη,
1738 601 1793 627 οὐκ
1822 600 1866 626 ἔτι

1058 646 1168 681 ὁμοίως,
1186 646 1244 673 ἀλλ’
1264 647 1443 679 ἀνταπόδοσίς
1459 648 1533 674 ἐστιν
1546 647 1652 682 ἑκάστῳ
1676 647 1730 673 τῶν
1753 647 1866 681 βεόιω-

1060 692 1160 726 μένων,
1177 691 1214 723 ὡς
1239 693 1286 719 καὶ
1310 690 1389 724 οὗτος
1409 693 1490 720 πάλιν
1507 692 1599 727 φησὶν,
1619 703 1628 718 ι
1643 693 1865 719 Ἀποκαλύπτε-

1057 747 1102 765 ται
1125 738 1179 774 γὰρ
1204 739 1273 774 ὀργὴ
1296 738 1397 770 Θεοῦ,›
1421 740 1466 766 xui.
1496 740 1570 775 ἑξῆς.
1600 740 1634 766 Ἢ
1662 739 1749 770 οὕτως
1772 739 1867 770 ἐκλη-

1058 785 1139 811 πτέον
1150 793 1158 801 θ
1178 785 1310 817 Ἔνδειξις
1326 785 1439 820 γέγονεν
1459 787 1488 812 ὲν
1502 785 1540 820 τῷ
1559 785 1606 812 νῦν
1622 786 1722 821 καιρῷ,
1740 786 1758 820 ὴ
1770 785 1864 819 ἀκοχὴ

1058 831 1140 858 αὑτοῦ
1157 831 1205 859 καὶ
1225 832 1240 866 ὴ
1257 832 1356 867 δωρεὰ,
1373 833 1419 859 καὶ
1439 833 1455 868 ή
1474 833 1553 867 χάρις
1569 832 1620 866 τῆς
1645 832 1804 867 μελλούσης
1824 831 1864 857 δι-

1058 879 1215 915 καιοσύνης.
1236 879 1297 910 [ιὼς
1317 880 1365 906 καὶ
1391 879 1452 905 τίνα
1477 879 1595 915 τρόπονς
1612 879 1643 906 El.
1658 880 1711 914 γὰρ
1723 878 1863 904 τοσοῦτον

1059 925 1278 960 μακροθυμήσας
1293 945 1301 957 ,

1058 970 1162 1006 δωρεᾶς
1177 970 1296 1003 ἀξιώσας
1318 972 1368 998 οὐκ
1388 971 1556 1006 ἐπέστρεψεν
1583 971 1638 997 οὐδ’
1651 971 1714 1006 ἔσχε
1739 970 1863 1005 βελτιωο

1332 925 1461 952 τοσοῦτον
1487 925 1692 961 χαρισάμενος,
1718 924 1865 958 τοσαύτης

1058 1016 1163 1048 θέντας,
1187 1017 1255 1052 μετὰ
1286 1017 1384 1052 πολλῆς
1404 1018 1458 1053 ἄρα
1486 1017 1658 1052 δικαιοσύνης
1677 1018 1788 1044 ἐκεῖθεν
1810 1018 1849 1044 ἐπ

1059 1062 1119 1096 ἀγει
1134 1063 1182 1095 τὰς
1196 1064 1343 1099 τιμωρίας.
1362 1074 1371 1090 ι
1382 1065 1435 1090 Καὶ
1458 1063 1614 1091 δικαιοῦντα
1629 1064 1674 1090 τὸν
1687 1065 1720 1090 ἐκ
1735 1064 1862 1094 πίστεως

1065 1109 1177 1142 Ἰησοῦν.
1193 1119 1202 1135 ›
1225 1109 1292 1136 Ἰδοὺ
1316 1111 1332 1145 ἡ
1356 1110 1469 1143 ἔνδειξις
1485 1110 1534 1143 τῆς
1561 1109 1749 1144 δικαιοσύνης,
1769 1109 1803 1135 τὸ
1824 1109 1861 1144 μὴ

1060 1156 1140 1189 μόνον
1155 1153 1227 1182 εἶναι
1247 1155 1352 1182 δίκαιον
1366 1157 1412 1182 τὸν
1427 1156 1504 1188 Θεὸν,
1522 1155 1590 1182 ἀλλὰ
1604 1157 1653 1182 καὶ
1672 1157 1713 1188 τὸ,
1729 1155 1859 1181 δικαιοῦν

1058 1200 1104 1226 τὸν
1116 1200 1159 1227 διὰ
1176 1200 1295 1232 πίστεως
1312 1199 1359 1226 τοῦ
1384 1200 1472 1235 Ἰησοῦ
1501 1202 1600 1227 οἰκεῖον
1617 1200 1684 1227 Θεοῦ
1698 1200 1767 1227 λαὸν
1786 1201 1862 1235 γινό-

1061 1254 1152 1281 μενον.

1094 1292 1157 1319 Ποῦ
1171 1290 1227 1320 οὖν
1246 1293 1265 1326 ἡ
1278 1293 1445 1326 καύχησις;
1468 1292 1676 1327 Ἐξεκλείσθη.
1690 1293 1743 1320 Διὰ
1767 1294 1859 1321 ποίου

1059 1340 1171 1373 νόμου;
1192 1338 1252 1365 τῶν
1272 1339 1385 1373 ἐργων;
1404 1339 1489 1373 Οὐχὶ,
1512 1340 1592 1366 ἀλλὰ
1617 1339 1666 1367 διὰ
1691 1341 1793 1375 νόμου
1812 1342 1859 1367 πί-

1060 1393 1165 1418 στεως.
1183 1385 1362 1420 Λογιζόμεθα
1375 1383 1442 1416 οὖν,
1463 1386 1563 1412 πίστει
1587 1384 1782 1414 δικαιοῦσθαι
1811 1387 1859 1415 ἆν-

1061 1434 1190 1466 θρωπον,
1200 1431 1291 1466 χωρὶς
1307 1433 1402 1466 ἔργων
1413 1433 1519 1466 νόμου.
1534 1433 1568 1459 Ἡ
1582 1432 1731 1459 Ἰουδαίων
1754 1435 1773 1459 o'
1789 1433 1859 1466 Θεδς

1058 1478 1172 1512 ridi-or;
1191 1477 1258 1512 οὐχὶ
1274 1477 1309 1504 δὲ
1322 1479 1370 1504 καὶ
1380 1477 1491 1510 ἐθνῶν;
1504 1478 1560 1504 Ναὶ
1577 1480 1626 1504 καὶ
1641 1478 1750 1505 ἐθνῶν.
1763 1479 1858 1506 Ἐπεί-

1063 1531 1117 1557 περ
1132 1521 1175 1556 εἷς
1190 1525 1206 1550 ὁ
1223 1523 1304 1556 Θεὸς,
1323 1523 1357 1556 ὃς
1380 1523 1532 1551 δικαιώσει
1559 1524 1724 1559 περιτομὴν
1749 1525 1788 1552 ἐκ
1816 1525 1859 1551 :1!-

1062 1578 1166 1602 στεως,
1183 1570 1231 1596 καὶ
1252 1570 1456 1604 ἀκροϐυστίαν
1470 1570 1519 1598 διὰ
1536 1571 1590 1604 τῆς
1606 1572 1748 1604 πίστεως.
1758 1573 1858 1606 [νόμον

1062 1613 1120 1643 οὖν
1137 1616 1343 1650 καταργοῦμεν
1361 1616 1410 1643 διὰ
1426 1617 1480 1651 τῆς
1493 1617 1638 1650 πΙστεως;
1653 1617 1702 1652 Μὴ
1722 1616 1858 1654 γένοιτο]

1062 1661 1142 1689 ἀλλὰ
1156 1663 1251 1696 νόμον
1266 1662 1406 1697 ἱστῶμεν.

1098 1708 1208 1734 Τούτων
1230 1708 1319 1735 τοίνυν
1341 1709 1413 1735 οὕτω
1431 1709 1634 1744 γεγενημένων,
1652 1711 1699 1736 καὶ
1721 1711 1775 1738 τοῦ
1803 1711 1843 1738 H1

1062 1754 1126 1789 τρὸς
1144 1754 1277 1786 σώζοντος
1298 1755 1345 1781 τὸν
1364 1756 1397 1781 ἐκ
1422 1756 1540 1787 πίστεως
1563 1756 1650 1792 Ἰησοῦ
1678 1758 1856 1784 οἰκειωθέντα

1063 1800 1136 1833 λαὸν,
1153 1800 1204 1827 ποῦ
1234 1801 1327 1828 λοιπὸν
1354 1801 1408 1828 τῶν
1421 1801 1556 1828 Ἰουδαίων
1581 1803 1597 1838 ἡ
1625 1803 1782 1838 καύχησιςς
1801 1805 1854 1849 θεί-

1062 1854 1156 1873 κνυσιν
1179 1846 1278 1877 αὐτοὺς
1293 1847 1356 1882 εἰκῆ
1372 1848 1578 1882 καυχωμένους.
1590 1848 1769 1886 Ἐξεκλείσθη
1787 1846 1854 1877 (οὐκ

1063 1890 1150 1923 εἶπεν,
1171 1892 1335 1927 Ἠφανίσθη,
1363 1892 1431 1926 ἀλλ’,
1462 1893 1654 1930 Ἐξεκλείσθη·
1679 1894 1791 1927 δεικνὺς
1818 1895 1855 1921 ὅτι

1062 1939 1110 1964 καὶ
1138 1938 1231 1974 χώραν
1255 1935 1313 1972 εἶχέ
1342 1947 1419 1966 ποτε.
1439 1939 1496 1965 Νῦν
1526 1940 1619 1974 μέντοι
1644 1941 1660 1975 ἠ
1689 1940 1784 1972 πίστις
1804 1942 1855 1967 ἀπ-

1063 1984 1185 2010 έκλεισεν
1209 1985 1306 2019 αὐτήν.
1318 1985 1413 2019 Νόμου
1431 1985 1530 2020 ἔργων,
1543 1986 1598 2012 τῶν
1614 1986 1703 2022 ἔργων
1719 1995 1855 2022 περιερραο

1064 2032 1175 2063 στικῶς.
1193 2031 1247 2058 Καὶ
1265 2031 1348 2066 νόμου
1364 2032 1494 2065 πίστεως,
1511 2032 1560 2067 τῆς
1573 2033 1694 2064 πίστεως
1718 2042 1854 2069 περιορα-

1064 2077 1176 2108 στικῶς.
1192 2077 1277 2112 Φησὶν
1302 2075 1364 2104 οὖν·
1386 2078 1423 2104 Ob
1441 2078 1474 2104 δι’
1490 2078 1579 2113 ἔργων
1596 2076 1633 2105 ὧν
1650 2078 1814 2115 ἐπράξαμεν
1836 2081 1850 2114 ἠ

1062 2122 1199 2149 Ἰουδαίων
1213 2122 1348 2158 καύχησις
1365 2122 1535 2157 ἐξεκλείσθη,
1561 2123 1630 2150 ἀλλὰ
1654 2124 1699 2150 διὰ
1725 2125 1850 2155 πίστεως.

1062 2168 1099 2200 ὼς
1116 2166 1192 2194 εἶπεν
1203 2176 1209 2182 ·
1228 2168 1306 2194 Πᾶσα
1323 2168 1414 2204 ἐκείνη
1430 2168 1603 2204 ἡκαύχησις,
1621 2170 1668 2195 καὶ
1683 2170 1718 2197 τὰ
1726 2170 1852 2197 δοκοῦντα

1027 2211 1053 2241 D
1067 2215 1274 2250 προτερήματα,
1291 2214 1335 2241 διὰ
1353 2214 1403 2250 τῆς
1422 2215 1541 2246 πίστεως
1556 2215 1737 2251 ἀπεκλείσθη,
1750 2217 1782 2244 οὺ
1797 2217 1852 2250 δεη-

1065 2261 1168 2288 θέντων
1182 2261 1261 2296 ήμῶν
1290 2261 1389 2296 ἔργων.
1411 2271 1420 2287 ι
1434 2262 1606 2296 Λογιζόμεθα
1631 2262 1679 2289 οὖν
1702 2263 1794 2290 πίστει
1816 2263 1851 2289 δι⁴

1064 2308 1209 2335 καιοῦσθαι
1223 2308 1376 2344 ἄνθρωπον,
1390 2317 1399 2334 ι
1418 2308 1466 2335 καὶ
1489 2308 1524 2335 τὰ
1554 2309 1627 2344 ἑξῆς.
1644 2310 1797 2345 Τοιγαροῦν
1810 2310 1850 2336 λέ-

1066 2362 1161 2388 γομεν,
1176 2353 1269 2388 φησὶν,
1297 2355 1328 2380 ὲκ
1356 2355 1476 2386 πίστεως
1503 2354 1676 2382 δικαιοῦσθαι
1698 2357 1849 2392 ἄνθρωπον,

1064 2401 1149 2435 χωρὶς
1164 2400 1213 2434 τῆς
1233 2401 1265 2426 ἐκ
1295 2400 1379 2435 νόμου
1397 2403 1626 2437 παρατηρήσεως.
1644 2413 1654 2429 ‹
1666 2403 1701 2429 Ἦ
1720 2404 1849 2431 Ἰουδαίων

1066 2448 1080 2473 ὀ
1097 2447 1163 2479 Θεὸς
1184 2447 1296 2482 μόνον;ι
1317 2448 1347 2474 El
1365 2448 1418 2482 γὰρ
1434 2449 1531 2484 μόνους
1550 2449 1611 2481 τοὺς
1638 2450 1670 2476 ὲκ
1695 2450 1743 2476 τοῦ
1772 2451 1848 2485 νόμον

1064 2492 1254 2528 ὁρμωμένους,
1271 2493 1288 2528 ἢ
1307 2492 1344 2528 τῷ
1361 2493 1436 2528 νόμῳ
1461 2493 1634 2528 στοιχοῦντας
1660 2494 1792 2526 ἐδικαίου,
1808 2494 1848 2521 καὶ

1064 2539 1124 2574 οὐχὶ
1140 2538 1229 2566 πάντα
1244 2539 1388 2574 ἄνθρωπον
1401 2539 1446 2566 τὸν
1462 2539 1635 2574 πιστεύοντα,
1651 2541 1805 2576 μονομερὴς
1820 2539 1848 2566 ἂν

1063 2584 1098 2622 ἦν
1112 2587 1125 2612 ό
1142 2586 1218 2617 Θεός.
1236 2586 1313 2612 ’Δλλ“’
1322 2586 1377 2613 ἰδοὺ
1388 2586 1435 2613 καὶ
1448 2586 1586 2614 Ἰουδαίων
1593 2587 1640 2613 καὶ
1652 2587 1738 2614 ἐθνῶν
1752 2589 1766 2614 ό
1776 2587 1846 2616 Θεὸς,

1065 2631 1159 2667 ἐπειδὴ
1178 2631 1260 2664 σώζει
1285 2632 1458 2667 ἀμφοτέρους
1487 2624 1697 2664 πιστεύσαντας.
1717 2642 1726 2658 ι
1741 2634 1790 2665 Ὃς
1815 2632 1844 2658 δι-

1065 2677 1179 2704 καιώσει
1193 2678 1346 2712 περιτομὴν
1361 2679 1393 2704 ὲκ
1409 2679 1538 2711 πίστεως,
1553 2679 1600 2705 καὶ
1613 2679 1798 2713 ἀκροϐυστίαν
1809 2678 1846 2704 ssi

1064 2724 1114 2758 τῆς
1133 2723 1262 2756 πίστεως,
1277 2733 1286 2750 ι
1303 2724 1350 2750 καὶ
1364 2725 1399 2751 τὰ
1413 2725 1486 2760 ἑξῆς.
1503 2726 1557 2752 Καὶ
1572 2727 1596 2752 οἱ
1611 2727 1664 2753 ἀπὸ
1686 2726 1735 2752 τοῦ
1760 2727 1845 2761 νόμου,

1067 2771 1115 2797 καὶ
1133 2771 1156 2796 ol
1172 2770 1251 2802 ἐκτὸς
1276 2771 1322 2798 τοῦ
1350 2771 1444 2808 νόμου,
1462 2773 1581 2807 πίστεως
1605 2773 1710 2801 δέονται
1733 2774 1798 2810 πρδς
1821 2771 1844 2798 τὸ
