1878 3054
55 156 109 186 3⁴ἒ¹ὶ

595 152 793 183 COMMENT.
815 153 855 182 ΙΝ
870 152 994 184 EPIST.
1013 153 1063 183 AD
1076 151 1169 184 ROM.

1643 154 1696 186 390

57 211 191 245 σωθῆναι.
212 208 325 243 ιΝόμον
351 205 398 235 οὖν
431 208 626 244 καταργοῦμεν
653 209 704 235 διὰι
726 209 776 244 τῆς
805 209 850 236 πί-

934 213 1004 236 ntur
1017 209 1122 240 Judzci.
1139 208 1216 243 quasi
1235 208 1277 236 lex
1295 215 1344 244 per
1360 207 1440 235 ﬁdem
1455 208 1632 244 abjiceretur.
1648 213 1695 239 Di-

56 264 164 288 στεως;
178 265 188 282 ›
205 255 370 291 Ἐθορύεουν
382 255 517 287 Ἰουδαῖοι,
535 255 573 287 ὡς
590 256 789 291 ὲκὸσλλομένου
803 256 852 282 τοῦ

56 304 144 338 νόμον
171 302 215 328 διὰ
242 302 293 336 τῆς
318 301 448 333 πίστεως.
465 302 547 335 Λέγει
561 301 608 328 οὖν
623 303 664 328 ὅτι
680 303 710 328 οὑ
728 302 808 337 μόνον
821 302 852 328 οὐ

57 351 195 384 καταργεῐ
210 349 227 383 ἡ
243 349 335 379 πίστις
353 347 399 374 τὸν
419 348 512 382 νόμον,
530 347 600 374 ἀλλὰ
613 349 660 374 καὶ
675 349 767 383 ἵστησί
783 357 851 381 πως,

57 397 99 422 ὅτι
115 396 130 421 ὀ
147 395 229 430 νόμος
246 394 332 420 σῶσαι.
352 393 524 428 βουλόμενος,
538 394 589 421 οὐκ
607 395 733 430 ίσχύει,ή
758 395 787 421 δὲ
808 396 852 421 πί-

57 450 117 473 στις
131 441 224 473 σώζει.
241 441 293 467 Τὸν
311 440 357 467 οὖν
370 441 472 467 σκοπὴν
495 440 543 466 τοῦ
568 441 651 474 νόμου
677 441 818 476 πὶῆροῦσα
834 443 850 477 ἡ

57 491 163 519 πίστις,
180 487 288 521 ἵστησιν
304 487 395 513 αὐτόν.
420 487 523 519 Εἰπὼν,
540 487 680 522 Ίστῶμεν,
705 488 788 520 ἔδειξε
806 496 852 514 σα-

56 533 216 568 λευόμενον.
230 548 265 553 ——
281 534 405 566 Ἄλλως.
420 533 523 568 Ἔργον
539 531 572 568 ἦν
597 533 644 559 τοῦ
659 533 753 567 νόμου,
780 533 850 560 ὥστε

57 580 165 606 δίκαιον
190 579 305 614 ποιῆσαι
331 579 376 606 τὸν
403 579 557 615 ἄνθρωπον,
585 579 644 606 ἀλλ’
671 580 721 606 οὑκ
745 580 849 615 ἴσχυσε.

58 628 167 659 Πάντες
182 627 353 662 γὰρ,φησὶν,
374 627 508 662 ἥμαρτον,
521 627 538 662 ἡ
563 627 654 658 πίστις
672 626 699 652 δὲ
722 626 848 659 ἐλθοῦσα,

56 674 137 700 τοῦτο
152 674 334 708 κατώρθωσεν
345 681 352 688 '
369 675 436 708 ὁμοῦ
453 674 507 708 γάρ
520 682 562 704 τις
576 673 720 700 ἐπίστευσε
736 673 783 699 καὶ
798 673 850 699 ἐδι-

57 719 176 755 καιώθη.
190 719 294 746 Οὐκοῦν
306 719 403 753 ἔστησε
418 720 466 746 τοῦ
481 720 565 754 νόμου
581 719 611 746 τὸ
626 719 742 754 θέλημα.
762 719 850 745 Ἀνω-

57 764 104 790 θεν
131 765 145 790 ὁ
164 765 247 799 νόμος
273 765 320 791 καὶ
344 765 369 790 οἱ
392 764 531 799 προφῆται
556 765 621 800 περὶ
650 765 701 799 τῆς
731 765 850 797 πίστεως

58 811 271 845 προεθέσπισαν.
284 826 317 832 --
330 810 579 847 [ΘΕΟΔΩΡΙΤΟΥᾹ
594 811 738 847 Δεχόμενοι
760 812 849 840 τοίνυν

57 858 107 893 τὴν
121 858 225 890 πίστιν,
244 857 408 892 βεδαιοῠμεν
422 857 467 883 τὸν
482 857 575 892 νόμον.

98 905 128 930 Τί
144 903 203 930 οὖν
231 903 359 938 ἐροῦμεν
381 902 507 937 Ἀϐραὰμ
536 903 592 929 τὸν
623 903 737 938 πατέρα
765 903 850 938 ἡμῶν

57 950 218 985 εὑρηκέναι
233 950 308 976 κατὰ
322 949 439 982 mima;

92 994 175 1028 Μέγα
192 994 326 1029 ἐφρόνουν
342 994 388 1020 ἐπὶ
405 994 444 1029 τῷ
455 993 583 1030 ’Δὸραὰμ
607 995 632 1021 οι
653 994 786 1027 Ἰουδαῖοι,
803 995 850 1022 καὶ

58 1043 102 1069 ἀεὶ
114 1042 268 1077 προέφερον
283 1042 324 1068 ὃτι
338 1041 466 1076 ’Δὸραὰμ
483 1042 668 1078 περιετμήθη.
687 1042 791 1074 Σκοπὸς
803 1040 850 1069 οὖν

58 1086 133 1121 αὐτῷ
148 1086 247 1119 δεῖξαι,
258 1087 300 1113 ὅτι
315 1087 362 1113 καὶ
378 1086 458 1116 αὐτὸς
475 1086 603 1121 Ἀϐρααμ
623 1087 673 1113 οὐκ
694 1087 724 1119 ἐξ
748 1087 848 1122 ἔργων,

58 1132 116 1159 ἀλλ’
134 1134 167 1158 ἐκ
183 1133 302 1164 πίστεως
325 1131 483 1167 ἐδικαιώθη,
505 1132 552 1158 καί
570 1141 652 1166 φησι·
675 1133 726 1159 «Τί
740 1133 786 1159 οὖν
799 1134 843 1159 λέ-

57 1187 144 1213 γομεν
162 1178 289 1214 Ἀῢραὰμ
308 1178 354 1205 τὸν
374 1179 445 1205 κατὰ
468 1178 557 1214 σάρκα
579 1179 685 1214 πατέρα
706 1179 785 1214 ἡμῶν
803 1179 847 1205 εὑ-

58 1228 192 1261 ρῃκὲναις
208 1235 216 1250 ι
235 1226 282 1252 καὶ
297 1225 369 1256 τίνος
393 1225 476 1251 αὑτὸν
498 1226 726 1260 ὲπιτετυχηκέναι
749 1226 850 1253 δικαιο-

59 1261 162 1306 otium;
179 1272 229 1306 τῆς
245 1271 279 1297 δι’
293 1271 394 1306 ἔργων,
409 1271 425 1306 ἢ
442 1271 492 1305 τῆς
515 1271 559 1298 διὰ
578 1271 712 1304 πίστεω;;
730 1272 782 1298 Καὶ
797 1272 852 1299 δεί-

57 1326 165 1350 κνυσιν,
193 1317 298 1352 ὅτι.τῆς
325 1317 371 1343 διὰ
405 1317 535 1348 πίστεως.
553 1317 636 1344 ’Ὀθεν
660 1318 708 1344 καὶ
740 1317 850 1353 εὕρημα

56 1362 144 1398 αὐτὴν
160 1362 247 1389 καλεῖ.
266 1361 342 1388 Ἐπεὶ
364 1361 401 1397 μὴ
427 1363 456 1394 ἐξ
482 1362 572 1396 ἔργων
594 1361 678 1396 αὐτὴν
703 1362 848 1397 ἐκτήσατο,

55 1408 115 1435 ἀλλ’
143 1409 175 1434 ὲκ
203 1408 333 1440 πίστεως,
351 1409 412 1442 ἥτις
436 1407 528 1442 χάριτι
552 1407 620 1433 Θεοῦ
641 1408 851 1443 παρέχεται.-

57 1453 290 1491 [ΓΕΝΝΛΔΙΟΥ.]
302 1454 370 1480 Καθ’
379 1454 429 1479 {me
435 1453 530 1487 ρϐατὸν
539 1454 637 1488 ἐστινὴ
651 1454 738 1488 ῥῆσις,
751 1455 850 1482 οὑτωσὶ

55 1510 117 1532 πως
135 1500 250 1535 κειμένη
264 1508 271 1515 ·
291 1500 323 1526 Τί
345 1499 392 1526 οὖν
417 1499 535 1534 ἐροῦμεν
553 1499 680 1535 ’Δῆραὰμ
706 1500 751 1527 τὸν
779 1501 850 1528 κατὰ

905 256 943 283 cit
958 264 1027 291 ergo
1053 256 1126 291 quod
1143 264 1197 283 non
1212 256 1302 283 solum
1328 255 1434 283 irritam
1453 264 1507 283 non
1529 256 1594 284 facit
1608 257 1695 293 legem

904 302 973 330 ﬁdes
988 311 995 330 :
1013 303 1166 337 quinetiam
1195 302 1400 337 quodammodo
1418 302 1525 329 stabilit
1540 311 1546 330 :
1566 303 1631 338 quia
1652 304 1696 332 lex

905 355 968 375 cum
982 348 1088 375 salvare
1105 349 1197 383 cupiat
1209 356 1263 375 non
1278 352 1377 382 potest,
1397 349 1464 375 ﬁdes
1475 354 1565 376 autem
1587 350 1673 377 salvat
1687 359 1694 377 :

906 401 968 421 eum
981 401 1046 429 ergo
1057 394 1124 429 legis
1142 402 1255 429 scopum
1271 393 1338 421 ﬁdes
1355 394 1477 429 impleat,
1491 395 1590 423 merito
1608 396 1695 423 stabi-

902 439 953 466 lire
970 440 1045 467 illam
1054 440 1273 467 dicitur.l)icens
1288 444 1395 471 autem.
1409 441 1582 474 Stabililnus,
1600 447 1695 469 osten-

901 486 942 513 dit
957 486 1030 513 illam
1049 487 1235 514 vacillantem.
1245 487 1305 514 Alio
1322 489 1409 514 modo.
1420 487 1500 522 Legis
1515 495 1585 522 opus
1596 493 1655 515 erat
1667 492 1697 515 ιιι

898 532 1002 567 justum
1013 532 1258 560 facercthominem
1271 542 1277 560 ε
1289 542 1382 560 verum
1395 534 1446 561 hoc
1457 541 1511 561 non
1523 534 1623 569 potuit,
1633 543 1695 561 nam

901 579 1019 611 Omnes,
1038 579 1138 614 inquit,
1155 584 1339 614 peccaverunt
1357 590 1362 606 :
1379 588 1441 606 cum
1454 585 1546 606 autem
1577 581 1696 607 venisset

901 624 979 652 ﬁdes.
994 624 1020 650 id
1036 625 1173 651 correxit:
1186 624 1268 652 simul
1286 632 1318 651 ac
1334 625 1406 651 enim
1418 625 1553 659 quispiam
1565 625 1695 658 credidit,

900 670 982 697 etiam
995 670 1161 705 justiﬁeatus
1171 675 1222 697 est.
1235 670 1374 697 Stabilivit
1388 670 1480 705 itaque
1493 671 1559 706 legis
1575 671 1697 698 volunta-

901 721 967 743 tem.
989 716 1186 751 Superioribus
1204 716 1375 751 temporibus
1397 717 1439 743 lex
1465 725 1496 743 ac
1511 717 1649 752 prophetm
1661 717 1696 744 de

900 761 953 789 ﬁde
965 762 1106 789 vaticinati
1122 766 1197 790 sunt.
1209 777 1244 782 —
1255 762 1350 790 Fidem
1363 770 1428 796 ergo
1440 763 1621 797 suscipientes
1629 770 1696 790 con-

900 808 1043 836 ﬁrmamus
1055 809 1156 844 legem.

934 914 978 946 IV,
993 915 1018 941 l.
1033 914 1103 947 Quid
1116 922 1178 948 ergo
1188 914 1300 940 didm“
1312 913 1446 940 Abraham
1460 918 1562 948 patrem
1574 917 1694 940 nostrum

898 961 1031 987 invenisse
1047 960 1190 987 secundum
1206 959 1337 986 carnem?

934 1004 1016 1040 246
1040 1003 1263 1031 lntumescebant
1283 1004 1369 1032 Judazi
1403 1003 1521 1031 Abrahae
1556 1003 1668 1031 nomine
1683 1024 1691 1037 ,

899 1058 1063 1085 semperque
1090 1050 1270 1085 proferebant
1299 1051 1373 1086 quod
1405 1051 1588 1078 circumcisus
1618 1055 1692 1078 esset

899 1096 1047 1123 Abraham.
1066 1097 1115 1124 llic
1129 1104 1194 1131 ergo
1215 1104 1316 1132 scopus
1329 1102 1371 1124 est
1383 1091 1514 1131 Apostolo
1532 1097 1690 1128 ostendere.

899 1142 989 1176 ipsum
1012 1150 1123 1177 quoque
1150 1142 1289 1169 Abraham
1305 1151 1359 1169 non
1372 1151 1404 1170 ex
1427 1143 1569 1177 operibus,
1587 1143 1634 1169 sed
1657 1151 1691 1169 ex

900 1187 953 1215 ﬁde
972 1188 1156 1222 justiﬁeatum
1175 1189 1346 1218 esse,etait:
1367 1197 1376 1213 ι
1394 1187 1465 1220 Quid
1487 1195 1553 1223 ergo
1574 1188 1692 1215 dicimus

899 1233 1036 1260 Abraham
1050 1238 1155 1268 patrem
1175 1238 1301 1260 nostrum
1317 1233 1470 1260 secundum
1486 1241 1597 1261 carnem
1611 1234 1690 1261 inve-

899 1279 973 1306 nisse
983 1279 1010 1305 ?i
1019 1287 1137 1314 quamve
1149 1284 1339 1306 assecutusest
1356 1279 1491 1314 justitiam
1501 1280 1512 1306 ?
1521 1287 1618 1307 eamne
1631 1288 1692 1315 quae

900 1329 942 1352 est
957 1332 1007 1359 per
1024 1332 1120 1359 opera,
1135 1332 1169 1352 an
1181 1333 1242 1359 quae
1260 1333 1308 1359 per
1325 1325 1406 1352 ﬁdem
1422 1326 1473 1352 iet
1485 1326 1606 1353 ostendit
1617 1326 1691 1360 quod

899 1378 960 1398 eam
980 1378 1041 1405 qua:
1057 1376 1098 1398 est
1116 1378 1164 1405 per
1185 1371 1266 1398 ﬁdem
1282 1379 1289 1397 :
1310 1371 1381 1398 unde
1396 1375 1424 1398 et
1443 1371 1518 1398 illam
1536 1375 1617 1398 vocat
1634 1379 1690 1398 rem

901 1417 1052 1449 inventam,
1081 1417 1146 1451 quia
1173 1424 1227 1443 non
1252 1424 1285 1444 ex
1302 1416 1433 1450 operibus
1455 1424 1516 1443 eam
1530 1421 1691 1450 metusest,

901 1462 949 1490 sed
964 1470 997 1489 ex
1010 1462 1062 1489 ﬁde
1076 1470 1137 1496 quae
1152 1462 1199 1489 Dei
1217 1462 1304 1495 gratia
1317 1462 1468 1489 confertur.
1481 1477 1516 1483 —
1532 1463 1583 1491 Per
1594 1463 1693 1498 hyper-

901 1508 984 1536 baton
1000 1513 1043 1536 est
1059 1508 1171 1540 locutio,
1193 1512 1222 1535 ut
1238 1508 1274 1535 ita
1287 1514 1407 1542 ponatur
1423 1517 1430 1535 :
1444 1507 1515 1541 Quid
1528 1517 1595 1544 ergo
1614 1509 1691 1537 dice—

56 1549 151 1583 σάρκα
167 1548 273 1582 πατέρα
282 1547 362 1582 ἡμῶν
376 1547 538 1582 εὑρηκέναις
560 1547 737 1582 ’Δνέλθωμεν,
755 1550 846 1584 φησὶν,

934 1562 963 1581 us
973 1554 1122 1586 Abraham,
1136 1554 1183 1589 qui
1199 1553 1349 1581 secundum
1362 1561 1472 1581 carnem
1481 1560 1523 1581 est
1539 1560 1617 1589 pater
1640 1564 1692 1582 no-

55 1596 105 1622 ἐπὶ
128 1595 175 1621 τὸν
201 1593 322 1630 ἀρχηγὸν
345 1593 392 1621 τοῦ
415 1593 486 1621 κατὰ
502 1594 591 1629 σάρκα
606 1594 701 1628 γένους
716 1595 804 1629 ἡμῶν,
819 1595 849 1623 ὃν

56 1643 91 1668 ὲκ
104 1642 214 1668 πάντων
229 1640 314 1667 ἐθνῶν
327 1639 510 1674 ἐκλεξάμενος
532 1640 546 1666 ὁ
571 1639 649 1672 Θεὸς,
665 1640 796 1676 εὐλόγησέ
819 1649 848 1667 τι

57 1688 108 1714 καὶ
126 1688 165 1718 εἰς
181 1687 244 1719 τοὺς
259 1686 289 1718 ἐξ
300 1686 382 1712 αὐτοῦ
397 1686 431 1712 δι’
441 1685 523 1712 αὑτοῦ
538 1686 573 1712 τὰ
591 1686 641 1720 τῆς
654 1686 778 1720 εὐλογίας
797 1687 848 1713 ὐπ-

56 1734 155 1768 ἐσχετο
172 1732 376 1768 παραπέμψειν.
390 1732 474 1767 Δῆλον
491 1732 546 1768 γὰρ
559 1732 601 1759 ὃτι
617 1733 691 1764 ὅπως
703 1733 735 1759 ἄν
744 1733 800 1767 ἔχοι
815 1733 850 1760 τὰ

57 1780 120 1806 κατ’
138 1779 229 1810 αὑτὸν,
240 1778 328 1810 οὕτως
346 1778 442 1814 σχήσει
456 1779 502 1804 καὶ
512 1778 547 1805 τὰ
557 1778 728 1814 ήμέτερα.-
745 1778 848 1815 [ΦΩῘ.]

57 1826 106 1857 Τὸ,
128 1835 137 1850 ι
154 1825 231 1852 Κατὰ
258 1825 382 1861 σάρκα,›
399 1825 428 1850 ὲν
451 1824 599 1860 ὑπερδατῷ
628 1826 729 1851 κεῖται.
758 1825 794 1851 Ἠ
820 1825 848 1852 δὲ

58 1871 132 1897 κατά
160 1870 254 1904 φύσιν.
277 1870 347 1896 ἀλλὰ
376 1869 414 1905 μὴ
437 1870 509 1896 κατὰ
537 1872 630 1906 σχῆμα
655 1870 789 1906 ἑρμηνεία
802 1870 848 1897 τοῦ

58 1917 141 1950 λόγου
153 1925 160 1932 ⁸
180 1916 213 1942 Τί
227 1915 273 1943 οὖν
290 1915 407 1952 ἐροῦμεν
418 1916 544 1951 ’Δὸραὰμ
563 1916 710 1952 εὑρηκέναι
723 1917 768 1943 τὸν
781 1917 849 1943 κατὰ

57 1963 150 1998 σάρκα
164 1963 244 1998 ἡμῶν
265 1963 387 1998 πατέρας
405 1963 472 1998 πρὶς
490 1963 634 1994 Ἰουδαίους
661 1963 688 1990 δὲ
715 1963 728 1989 ὁ
760 1963 848 1998 λόγος.

57 2007 133 2041 Οῖον,
150 2010 212 2036 ἐπεί
228 2018 307 2044 φησι,
323 2010 361 2036 Τὸ
378 2010 432 2036 πᾶν
447 2009 511 2043 ὑμῖν
533 2009 582 2044 τῆς
605 2009 784 2044 σεμνολογίας
803 2011 850 2036 καὶ

58 2056 251 2091 μεγαλαυχίας
262 2057 290 2082 ὲν
301 2055 339 2090 τῷ
351 2056 421 2082 κατα
429 2056 519 2091 σάρκα
534 2056 620 2091 πατρὶ
635 2056 714 2091 ἡμῶν
723 2056 850 2091 ’Λῆρααμ

56 2104 129 2133 ἐστι,
146 2103 332 2137 σκοπήσωμεν
344 2102 370 2128 τί
386 2102 417 2128 ἂν
431 2103 557 2137 εἴποιμεν
571 2103 675 2128 ἐκεῖνον
690 2102 848 2137 εὑρηκέναι.

56 2147 114 2174 Καί
130 2156 214 2182 φησιν
240 2147 321 2178 αὐτὸς
338 2146 453 2182 προῖὼν,
472 2147 513 2173 ὅτι
529 2147 575 2172 καὶ
588 2147 760 2181 δικαιοσύνην
775 2145 848 2183 εὗρε.

56 2193 146 2220 Τοῦτο
162 2194 216 2228 γάρ
229 2194 288 2220 ἐστι
308 2193 348 2225 τὸ,
369 2202 378 2219 ι
394 2194 448 2219 Καὶ
469 2193 596 2227 ἐλογίσθη
611 2193 685 2228 αὐτῷ
696 2194 735 2225 είς
748 2194 851 2221 δικαιο-

900 1606 973 1632 ster,
991 1600 1151 1628 invenisse?
1170 1600 1367 1632 Ascendamus,
1390 1600 1490 1634 inquit,
1510 1601 1543 1627 ad
1556 1601 1691 1636 originem

899 1646 1009 1682 generis
1024 1646 1112 1674 nostri
1125 1646 1279 1673 secundum
1295 1651 1458 1677 carnem,et
1477 1654 1540 1673 eum
1559 1655 1640 1681 quem
1657 1655 1691 1674 ex

899 1692 1030 1720 omnibus
1056 1692 1189 1727 gentibus
1214 1691 1332 1718 electum
1353 1691 1495 1718 benedixit
1508 1692 1580 1719 Deus
1597 1697 1642 1719 :et
1663 1693 1691 1720 in

899 1746 948 1767 eos
973 1738 1021 1773 qui
1047 1738 1082 1765 ab
1096 1745 1130 1765 eo
1158 1737 1370 1769 descenderent,
1397 1745 1458 1772 quae
1490 1737 1693 1769 benedictionis

899 1790 979 1813 erant
1007 1793 1057 1820 per
1073 1793 1136 1812 eum
1151 1793 1180 1812 se
1196 1785 1346 1812 missurum
1373 1792 1434 1812 esse
1448 1785 1586 1820 promisit.
1606 1785 1693 1813 Mani-

900 1831 1000 1858 festum
1022 1834 1066 1858 est
1089 1830 1164 1858 enim
1179 1829 1269 1864 quod,
1288 1829 1371 1856 sicuti
1389 1837 1451 1856 cum
1464 1829 1512 1856 illo
1527 1835 1618 1857 actum
1638 1835 1689 1863 est,

900 1877 936 1904 ita
951 1880 979 1903 et
992 1876 1136 1903 nobiscqu
1150 1880 1258 1909 agetur.
1279 1891 1311 1896 -—
1327 1875 1465 1902 Particula
1480 1875 1535 1906 illa,
1556 1885 1564 1900 ι
1584 1875 1691 1903 Secun-

900 1923 965 1950 dum
992 1930 1115 1954 carnem,
1137 1931 1145 1947 ›
1160 1929 1209 1956 per
1226 1921 1395 1956 hyperbaton
1417 1921 1538 1956 ponitur.
1559 1921 1692 1949 Ordinate

900 1977 966 1996 vero
991 1974 1016 1996 ct
1035 1976 1090 1995 non
1111 1968 1189 2003 juxta
1217 1967 1328 1995 schema
1345 1967 1398 1994 erit
1418 1967 1475 1994 haec
1501 1967 1692 2002 interpretatio

901 2015 1038 2042 sermonis
1052 2023 1059 2041 :
1077 2014 1148 2048 Quid
1169 2022 1234 2049 ergo
1246 2014 1371 2041 dicemus
1387 2013 1524 2041 Abraham
1541 2014 1690 2047 invenisse,

901 2062 948 2096 qui
964 2061 1116 2088 secundum
1139 2069 1252 2088 carnem
1267 2065 1345 2095 pater
1358 2065 1452 2087 noster
1463 2060 1526 2087 est?
1552 2060 1637 2087 Porro
1657 2059 1691 2088 ad

900 2107 1011 2134 Judzeos
1022 2114 1115 2133 sermo
1134 2111 1187 2138 est,
1206 2114 1238 2133 ac
1252 2106 1275 2133 si
1289 2106 1364 2133 dicat
1383 2106 1471 2133 :Cum
1488 2105 1576 2132 nostri
1593 2113 1692 2140 super-

901 2153 957 2180 cilii
974 2161 1004 2179 ae
1017 2153 1155 2188 iactantia:
1168 2160 1275 2179 summa
1288 2152 1324 2179 sit
1337 2151 1363 2178 in
1375 2151 1524 2184 Abraham,
1539 2151 1603 2186 quia
1614 2155 1693 2186 pater

901 2203 997 2226 noster
1015 2203 1058 2225 est
1072 2197 1225 2225 secundum
1241 2205 1367 2230 carnem,
1382 2196 1592 2224 consideremus
1608 2195 1691 2230 quid-

58 2240 154 2276 σύνην,
168 2249 176 2264 ι
195 2240 345 2270 τουτέστιν,
359 2239 398 2265 ὅτι
411 2238 570 2273 ἐδικαιώθη.
589 2239 626 2266 Τὸ
640 2239 694 2275 γὰρ
711 2241 801 2273 εὑρεῖν
811 2241 849 2266 δι-

934 2253 965 2271 ll“
986 2243 1078 2271 dicere
1106 2243 1245 2278 possimus
1261 2242 1339 2269 illum
1361 2241 1510 2269 invenisse.
1526 2241 1560 2268 Et
1578 2241 1615 2267 ait
1634 2241 1690 2275 ipse

58 2286 220 2321 καιοσύνην,
237 2286 417 2321 δικαιωθῆναι
440 2287 525 2312 ἔστιν.
543 2283 629 2321 Εὗρεν
647 2285 694 2313 οὖν
712 2286 849 2314 δικαιοσύ-

56 2342 117 2368 νην,
144 2333 213 2360 ἀλλὰ
240 2332 299 2363 πῶς
319 2330 412 2368 εὗρεν;
429 2331 475 2365 Ἐξ
498 2332 599 2368 ἔργων,
623 2332 640 2368 ἢ
660 2333 692 2359 ὲκ
711 2333 846 2366 πίστεωςς

56 2381 114 2407 Καὶ
130 2379 267 2406 δείκνυσιν
279 2379 319 2405 ὃτι
339 2379 370 2405 ὲκ
384 2379 512 2410 πίστεως,
531 2379 658 2414 μάρτυρα
673 2379 723 2414 τὴν
738 2380 849 2415 Γραιρὴν

55 2425 207 2461 παριστὰς.
229 2423 391 2450 Ἐπίστευσε
430 2423 495 2458 γὰρ,
527 2423 621 2458 φησὶν,
654 2423 783 2459 Ἀδραὰμ
810 2425 850 2462 τῷ

54 2472 126 2508 Θεῷ,
153 2471 200 2498 καὶ
222 2470 348 2505 ἐλογίσθη
374 2469 448 2506 αὐτῷ
479 2471 520 2502 εἰς
542 2470 728 2507 δικαιοσύνην.
745 2472 777 2498 Τί
791 2470 848 2504 οὖν⁹

55 2519 152 2554 φησὶν,
180 2519 230 2544 οὐκ
256 2515 329 2552 εἶχεν
351 2517 449 2553 ἐργαὸ
469 2518 614 2554 Ἀδραάμ;
644 2519 701 2545 Οὐκ
729 2519 848 2546 ἐδικαίου

54 2566 145 2593 ταῦτα
167 2566 269 2597 αὑτό-ις
296 2565 342 2600 Μὴ
369 2565 491 2598 γένοιτοε
511 2565 600 2600 Ἔργα
629 2565 678 2600 μὲν
695 2565 750 2600 γὰρ
766 2564 849 2600 εἶχεν,

55 2612 127 2638 ὥστε
142 2612 210 2646 πρὸς
223 2613 284 2642 τοὺς
302 2610 588 2646 συμποὶιτευομένους
601 2610 676 2645 αὐτῷ
689 2611 850 2646 ἀνθρώπους
863 2613 865 2615 ’

55 2659 231 2694 κρινόμενον,
248 2657 429 2692 δικαιωθῆναι
453 2657 501 2683 καὶ
519 2657 703 2693 προκριθῆναι
725 2658 848 2685 ἐκείνων.

55 2705 94 2731 Τὸ
121 2705 152 2731 δὲ
179 2703 248 2739 πρὸς
273 2704 318 2730 τὸν
333 2703 399 2730 Θεὸν
426 2703 604 2738 δικαιωθῆναι
621 2704 653 2730 ὲκ
677 2704 731 2730 τῶν
761 2703 850 2739 ἔργων

55 2751 154 2783 αὑτοῦ,
169 2750 241 2777 ὥστε
265 2750 339 2783 ἄξιον
363 2751 411 2776 καὶ
428 2750 582 2777 ἰσοστάσιον
593 2750 690 2777 ἑαυτὸν
706 2751 850 2785 παραστῆ-

57 2809 103 2826 σαι
121 2799 173 2832 τῆς
198 2798 305 2824 ἐκεῖθεν
333 2797 528 2832 παρεχομένης
555 2797 718 2832 εὐεργεσίας
739 2798 786 2824 καὶ
799 2798 851 2824 δω-

58 2848 135 2881 ρεᾶς,
164 2845 305 2876 παντελῶς
338 2844 515 2871 ἀπελείπετο.
545 2842 650 2870 Οὐκοῦν
678 2843 754 2869 οὐδὲν
782 2843 851 2875 ὅλως

59 2895 114 2928 ἔχει
131 2892 276 2927 καύχημα,
288 2891 347 2927 ἦτοι
361 2889 522 2926 προτέρημα
538 2890 586 2916 καὶ
598 2889 764 2925 κατόρθωμα
781 2890 849 2926 πρὲις

901 2290 929 2317 in
957 2289 1138 2324 sequentibus
1161 2288 1234 2323 quod
1265 2287 1351 2315 etiam
1379 2286 1514 2322 justitiam
1542 2286 1690 2313 invenerit.

902 2336 960 2363 Hoc
979 2335 1053 2362 enim
1067 2340 1110 2362 est
1126 2334 1200 2370 quod
1219 2334 1258 2361 ait
1274 2342 1281 2360 :
1301 2343 1310 2359 ι
1329 2333 1535 2367 Etimputatum
1550 2336 1592 2359 est
1617 2331 1642 2359 ei
1657 2331 1690 2358 ad

898 2381 1047 2416 justitiam,
1065 2390 1074 2407 ›
1085 2381 1137 2408 hoc
1149 2385 1201 2413 est,
1213 2380 1285 2415 quod
1297 2379 1464 2415 justiﬁeatus
1479 2383 1530 2407 est.
1548 2378 1691 2414 Siquidem

901 2427 1040 2455 invertisse
1056 2427 1114 2454 sive
1128 2431 1239 2454 nactum
1257 2434 1318 2454 esse
1331 2426 1481 2462 justitiam.
1498 2430 1540 2452 est
1554 2424 1691 2459 justiﬁca-

902 2479 960 2501 tum
981 2480 1052 2500 esse.
1068 2472 1176 2500 Invenit
1192 2479 1259 2508 ergo
1271 2476 1299 2499 et
1314 2476 1411 2498 nactus
1423 2475 1464 2498 est
1484 2470 1631 2505 justitiam.
1656 2471 1691 2497 At

900 2519 1040 2554 quomodo
1056 2523 1154 2546 nactus
1165 2518 1232 2545 'est?
1257 2526 1293 2545 ex
1309 2518 1451 2552 operibus,
1472 2526 1506 2544 an
1520 2526 1554 2544 ex
1570 2517 1641 2544 ﬁde?
1656 2517 1691 2545 Et

901 2566 1023 2594 ostendit
1033 2565 1106 2601 quod
1119 2574 1152 2593 ex
1170 2565 1234 2597 ﬁde,
1256 2572 1319 2592 cum
1334 2565 1504 2599 Scripturam
1518 2564 1646 2598 producit
1662 2563 1689 2590 in

902 2617 1010 2640 testem.
1023 2611 1091 2639 Nam
1104 2612 1143 2639 ait
1158 2620 1164 2638 :
1183 2621 1191 2637 ι
1210 2610 1336 2639 Credidit
1351 2610 1489 2638 Abraham
1505 2610 1570 2641 Deo,
1584 2614 1611 2636 et
1636 2609 1689 2635 im-

902 2663 1028 2694 putatum
1044 2662 1088 2686 est
1100 2658 1126 2686 ei
1141 2657 1176 2684 ad
1191 2657 1339 2693 justitiam.
1363 2666 1372 2683 ι
1401 2655 1471 2689 Quid
1489 2663 1566 2690 ergo.
1588 2655 1689 2688 inquit,

901 2713 956 2732 non
973 2704 1070 2732 habuit
1081 2704 1217 2731 Abraham
1230 2703 1334 2738 opera?
1345 2710 1400 2730 non
1417 2702 1475 2730 haec
1491 2701 1567 2728 illum
1587 2699 1690 2735 justiﬁ-

902 2756 1000 2778 carunt
1011 2751 1022 2777 ?
1035 2750 1134 2778 Absit!
1150 2749 1239 2785 Opera
1254 2748 1391 2784 siquidem
1404 2747 1513 2777 habuit.
1529 2750 1559 2773 ut
1582 2745 1604 2772 si
1626 2753 1688 2772 cum

902 2797 1061 2825 hominibus
1072 2797 1120 2832 qui
1132 2796 1213 2824 simul
1228 2804 1290 2823 cum
1303 2803 1337 2822 eo
1350 2794 1532 2821 versabantur
1547 2791 1643 2819 fuisset
1662 2791 1689 2818 in

899 2843 1004 2878 judicio
1017 2843 1196 2874 constitutus,
1220 2839 1478 2875 facilejustiﬁcatus
1492 2838 1598 2869 fuisset,
1621 2836 1689 2864 illis-

902 2897 956 2924 que
985 2887 1168 2923 antepositus,
1183 2894 1278 2915 verum
1292 2890 1322 2913 ut
1333 2891 1426 2912 coram
1443 2884 1500 2912 Deo
1510 2891 1542 2911 ex
1557 2883 1613 2910 suis
1621 2889 1688 2917 ope-
