1878 3054
52 147 103 178 3ἳ¹ὶ

590 144 788 175 COMMENT.
809 145 849 175 ΙΝ

866 145 988 176 EPIST.
1008 146 1058 176 AD
1071 144 1163 177 ROM.
1638 147 1690 179 390

54 203 184 236 conﬁunt.
205 200 320 235 «Νόμον
346 197 392 227 οὖν
425 200 620 236 καταργοῦμεν
647 201 699 227 διὰ»
721 202 771 236 τῆς
801 202 844 228 πί-

927 206 998 229 mtur
1011 201 1117 232 Judaei,
1134 201 1212 236 quasi
1230 200 1272 228 lex
1289 207 1338 236 per
1354 199 1435 228 fidem
1449 201 1626 237 abjiceretur.
1642 205 1690 232 Di-

53 257 139 279 στεως
151 256 158 278 ;
170 257 180 273 ι
197 248 364 283 Ἐθορὺεουν
376 247 511 280 Ἰουδαῖοι,
530 247 568 279 ὡς
584 248 784 283 ὲκΰαλλομὲνου
798 249 846 275 τοῦ

53 296 138 329 νόμον
164 294 209 320 διὰ
237 295 287 328 τῆς
313 293 443 325 πίστεως.
460 294 541 327 Λέγει
556 294 602 320 οὖν
617 295 658 321 ὅτι
674 295 704 321 οὑ
722 295 802 329 μόνον
816 295 846 321 οὐ

53 342 189 376 καταργεῖ
204 341 221 375 ή
237 340 329 371 πίστις
347 339 394 366 τὸν
413 340 507 374 νόμον,
524 340 594 366 ἀλλὰ
607 341 654 366 καὶ
670 341 762 376 ἵστησί
778 350 846 373 πως,

53 388 93 413 ὅτι
109 388 124 412 ὁ
141 387 223 421 νόμος
241 386 327 412 σῶσαι
346 385 518 420 βουλόμενος,
532 387 583 413 οὐκ
602 387 698 421 ἰσχύει,
712 389 728 422 ὴ
753 387 782 414 δὲ
803 388 847 414 πί-

53 441 110 464 στις
124 433 218 464 σώζει,
235 433 288 458 Τὸν
305 431 351 458 οὖν
365 432 466 458 σκοπὸν
489 432 537 458 τοῦ
561 433 646 466 νόμου
671 433 814 468 πληροῦσα
828 435 844 469 ὴ

53 482 157 510 πίστις,
173 479 282 512 ἵστησιν
298 479 389 505 αὐτόν.
414 479 517 511 Εἰπὼν,
534 479 675 514 Ίστῶμεν,
699 480 783 513 ἔδειξε
800 489 846 506 σα-

51 525 210 559 λευόμενον.
224 540 259 544 -
277 526 400 558 Ἄλλως.
415 525 516 560 Ἔργον
533 523 566 560 ἧν
591 525 639 552 τοῦ
653 526 748 560 νόμου,
774 525 845 552 ὥστε

53 572 159 598 δίκαιον
185 571 299 605 ποιῆσαι
325 571 371 598 τὸν
397 571 551 607 ἄνθρωπον,
579 571 638 598 ἀλλ’
666 572 716 598 οὑκ
739 572 843 608 ίσχυσε.

54 620 160 650 nine;
176 619 348 654 γὰρ,φησὶν,
368 619 503 654 ἥμαρτον,
515 619 532 654 ἡ
557 619 648 650 πίστις
666 619 694 645 δὲ
717 619 843 652 ἐλθοῦσα,

52 665 132 692 τοῦτο
147 666 328 700 κατώρθωσεν
339 673 346 680 ·
363 667 431 700 ὁμοῦ
447 666 501 701 γάρ
514 674 556 697 τις
570 666 714 692 ἐπίστευσε
730 666 777 692 καὶ
792 666 845 692 ἐδι-

51 711 170 746 καιώθη.
184 711 289 738 Οὐκοῦν
300 711 397 745 ἔστησε
412 712 460 738 τοῦ
475 712 559 747 νόμου
574 711 605 738 τὸ
621 711 737 746 θέλημα.
756 712 844 738 Ἄνω-

52 755 98 782 Θεν
125 757 139 782 6
159 757 242 790 νόμος
268 757 315 783 καὶ
338 757 363 782 οι
386 756 526 791 προφῆται
550 757 615 792 περὶ
644 758 695 792 τῆς
725 758 843 790 πίστεως

53 803 266 837 προεθέσπισαν.
279 818 311 824 -—
324 803 573 839 [ΘΕΟΔΩΡΙΤΟΥ.]
587 804 732 839 Δεχόμενοι
753 805 843 832 τοίνυν

51 850 102 884 τὴν
116 849 220 881 πίστιν,
239 849 402 884 βεὸαιούμεν
416 849 461 875 τὸν
476 849 569 884 νόμον.

91 896 123 922 Τί
139 895 197 922 οὖν
226 895 353 929 ἐροῦμεν
374 895 500 929 Ἀϐραὰμ
531 895 586 921 τὸν
617 895 730 930 πατέρα
759 895 844 930 ἡμῶν

50 941 212 976 εὑρηκέναι
228 942 302 967 κατὰ
316 941 433 974 adﬁxa;

85 986 170 1020 Μέγα
186 986 320 1020 ἐφρόνουν
336 986 382 1012 ἐπὶ
398 986 438 1021 τῷ
449 985 577 1022 ’Λϐραὰμ
601 987 626 1013 οἱ
647 987 780 1020 Ἰουδαῖοι,
797 987 844 1014 καὶ

51 1034 95 1061 ἀεὶ
108 1034 263 1069 προέφερον
277 1034 318 1060 ὅτι
332 1033 459 1068 ’Δόραὰμ
476 1034 662 1070 περιετμήοη.
680 1035 784 1066 Σκοπὸς
797 1032 843 1062 οὗν

51 1078 127 1113 αὑτῷ
142 1078 240 1111 δεῖξαι,
251 1079 294 1105 ὃτι
309 1079 356 1105 καὶ
371 1078 452 1108 αὑτὸς
468 1079 597 1113 Ἀϐραὰμ.
617 1079 667 1106 οὐκ
687 1079 718 1111 ἐξ
741 1079 842 1114 ἔργων,

51 1124 109 1150 ἀλλ’
128 1125 161 1150 ὲκ
177 1125 296 1156 πίστεως
319 1123 477 1159 ἐδικαιώθη.
499 1124 545 1150 καί
564 1133 646 1158 φησι·
669 1125 720 1151 «Τί
733 1125 780 1152 οὖν
793 1126 837 1151 λέ-

50 1179 137 1205 γομεν
155 1170 283 1206 Ἀἦραέιμ
302 1170 347 1197 τὸν
368 1171 438 1197 κατὰ
461 1170 550 1205 σάρκα
573 1172 679 1206 πατέρα
699 1172 779 1206 ἡμῶν
796 1172 840 1198 sit-

50 1219 185 1252 ρηκέναη
201 1227 209 1242 ι
228 1218 276 1244 καὶ
291 1217 363 1248 τίνος
387 1217 469 1243 αὑτὸν
492 1218 719 1252 ὲπιτετυχηκέναι
743 1218 844 1245 δικαιο-

51 1254 155 1298 σύνηςς
172 1263 222 1298 τῆς
239 1263 272 1288 δι’
287 1263 387 1298 ἔργων,
403 1263 418 1298 ἢ
435 1262 485 1297 τῆς
508 1263 552 1289 διὰ
571 1263 706 1297 πίστεως;
723 1264 776 1291 Καὶ
791 1265 845 1292 δεί-

50 1318 158 1341 κνυσιν,
186 1310 228 1335 ὅτι
243 1309 292 1343 τῆς
319 1309 365 1335 διὰ
398 1309 528 1340 πίστεως.
547 1309 630 1336 Ὅθεν
654 1310 702 1336 καὶ
733 1310 843 1346 εὕρημα

49 1354 137 1389 αὐτὴν
153 1353 241 1380 καλεῖ.
259 1353 335 1380 Ἐπεὶ
357 1353 394 1389 μὴ
421 1355 449 1386 ἐξ
475 1354 565 1388 ἔργων
587 1353 672 1388 αὐτὴν
696 1355 841 1390 ἐκτήσατο,

48 1401 108 1427 ἀλλ’
135 1401 168 1426 ἐκ
196 1399 326 1432 πίστεως,
344 1400 405 1434 ἣτις
429 1399 521 1434 χάριτι
545 1399 614 1426 Θεοῦ
635 1400 844 1435 παρέχεται.-

49 1445 283 1483 [ΓΕΝΝΛΔΙΟΥ.]
295 1446 363 1472 Καθ’
373 1446 422 1471 ὑπε
428 1446 524 1480 ρεατόν
532 1446 630 1480 ἐστινὴ
644 1446 732 1481 ῥῆσις,
744 1447 843 1474 οὑτωσί

23 1529 29 1537 _
47 1501 109 1524 πως
127 1492 243 1527 κειμένη
258 1500 265 1507 ο
284 1492 316 1518 Τί
339 1491 385 1518 οὖν
410 1491 527 1526 ἐροῦμεν
546 1491 673 1527 Ἀϐραὰμ
699 1493 744 1519 τὸν
772 1494 843 1520 κατὰ

48 1541 142 1575 σάρκα
160 1540 265 1574 πατέρα
275 1540 355 1574 ἡμῶν
369 1539 530 1575 εὑρηκέναις
553 1540 730 1575 ’Δνέλθωμεν,
748 1542 839 1576 φησιν,
854 1558 878 1589 c

47 1587 96 1613 ἐπὶ
120 1587 167 1613 τὸν
193 1586 315 1622 ἀρχηγὸν
338 1585 385 1613 τοῦ
408 1585 478 1612 κατὰ
495 1586 584 1621 σάρκα
599 1587 694 1621 γένους
709 1587 797 1621 ἡμῶν,
813 1588 841 1615 ὃν

48 1634 80 1660 ἐκ
95 1634 207 1660 πάντων
221 1632 307 1659 ἐθνῶν
320 1631 502 1667 ἐκλεξάμενος
525 1632 540 1658 ὁ
563 1632 642 1664 Θεὸς,
658 1632 790 1668 εὐλόγησὲ
811 1641 841 1660 τε

48 1680 98 1706 καὶ
117 1680 157 1710 εἰς
173 1679 236 1710 τοὺς
252 1678 282 1710 ἐξ
293 1678 375 1705 αὑτοῦ
389 1678 423 1704 δι’
433 1678 516 1705 αὑτοῦ
531 1678 566 1705 τὰ
583 1679 633 1714 τῆς
647 1679 772 1713 εὐλογίας
790 1679 841 1706 ὐπ-

47 1726 147 1760 ἐσχετο
164 1725 369 1760 παραπέμψειν,
382 1725 466 1759 Δῆλον
484 1724 538 1760 γὰρ
552 1725 594 1751 ὅτι
610 1725 684 1756 ὅπως
696 1726 728 1752 ἂν
736 1726 792 1760 ἔχοι
807 1725 842 1752 τὰ

48 1772 111 1798 κατ’
129 1771 222 1802 αὑτὸν,
233 1770 321 1802 οὕτως
339 1771 435 1806 σχήσει
449 1771 495 1797 καὶ
505 1770 539 1797 τὰ
550 1770 721 1806 ήμέτερα.-
738 1770 840 1808 [ΦΩΤ.]

48 1818 97 1850 τὸ,
118 1827 127 1842 ι
145 1817 224 1844 Κατὰ
250 1817 374 1852 capva.)
391 1817 421 1842 ὲν
444 1817 592 1852 ὑπερῦατῷ
620 1818 721 1844 κεῖται.
750 1817 786 1844 Ἠ
813 1818 841 1845 δὲ

48 1863 122 1889 κατὰ
152 1862 248 1896 φύσιν,
270 1862 339 1889 ἀλλὰ
368 1861 405 1897 μὴ
429 1862 502 1889 κατὰ
529 1864 623 1898 σχῆμα
647 1863 781 1898 ἑρμηνεία
795 1863 841 1890 τοῦ

48 1909 131 1942 λόγου
144 1917 151 1923 ·
172 1908 206 1934 Τί
220 1907 266 1935 οὖν
283 1908 400 1943 ἐροῦμεν
410 1908 537 1944 Ἀϐραὰμ
555 1909 703 1944 εὑρηκέναι
715 1909 760 1935 τὸν
773 1910 842 1936 κατὰ

47 1955 141 1990 σάρκα
156 1955 237 1990 ἡμῶν
258 1955 380 1990 πατέρα;
397 1955 464 1991 πρὶς
483 1955 626 1987 Ἰουδαίους
653 1955 681 1982 δὲ
707 1955 721 1981 ό
752 1956 841 1990 λὸγος.

47 1999 122 2034 Οἷον,
140 2002 205 2027 ἐπεί
221 2010 299 2036 φησι.
316 2002 353 2028 Τὸ
370 2002 424 2028 πᾶν
439 2001 504 2036 ὑμῖν
525 2002 574 2036 τῆς
597 2001 776 2037 σεμνολογίας
795 2003 842 2029 καὶ

49 2048 244 2083 μεγαλαυχίας
255 2049 283 2074 ἐν
293 2048 331 2083 τῷ
343 2048 413 2074 κατᾶ
421 2048 511 2083 σάρκα
526 2049 613 2084 πατρὶ
628 2048 706 2084 ἡμῶν
715 2049 843 2084 Ἀϐραάμ

47 2096 116 2125 ἐστι,
136 2095 324 2128 σκοπήσωμεν
336 2094 362 2120 τί
378 2095 410 2120 ἂν
424 2095 549 2130 είποιμςν
564 2096 668 2120 ἐκεῖνον
682 2095 840 2130 εὑρηκέναι.

47 2140 102 2166 Καί
119 2148 206 2174 φησιν
232 2139 313 2170 αὐτὸς
330 2139 444 2174 προῖὼν,
464 2139 504 2166 ὅτι
521 2140 567 2165 καὶ
580 2140 752 2174 δικαιοσύνην
767 2138 840 2176 εὗρε.

46 2186 136 2212 Ἰοῦτο
152 2186 208 2220 γάρ
221 2186 280 2212 ἐστι
301 2185 341 2217 τὸ,
361 2194 370 2210 ι
386 2186 440 2211 Καὶ
461 2185 588 2220 ἐλογίσθη
604 2186 678 2220 αὐτῷ
688 2187 727 2218 είς
740 2187 844 2214 δικαιο-

49 2231 145 2268 σύνην,
158 2241 167 2256 ι
187 2232 337 2262 τουτέστιν,
350 2231 390 2258 ὃτι
403 2231 561 2266 ἐδικαιώθη.
581 2232 618 2258 Τὸ
632 2232 686 2267 γὰρ
703 2233 793 2266 εὑρεῖν
803 2233 842 2259 δι-

49 2278 213 2313 καιοσύνην,
229 2278 410 2313 δικαιωθῆναί
431 2279 517 2305 ἐστιν.
535 2275 622 2314 Εὗρεν
639 2278 686 2306 οὖν
704 2279 841 2306 δικαιοσύ-

48 2333 106 2359 νην,
135 2324 205 2351 ἀλλὰ
233 2324 291 2355 πῶς
311 2321 404 2360 εὖρεν;
421 2324 467 2357 Ἐξ
490 2325 591 2360 ἔργων,
615 2325 632 2360 ἢ
652 2326 684 2352 ὲκ
703 2325 838 2359 πίστεως;

48 2372 103 2399 Καὶ
120 2371 260 2398 δείκνυσιν
271 2370 311 2397 ὅτι
331 2372 362 2397 ὲκ
376 2371 504 2402 πίστεως,
523 2371 650 2406 μάρτυρα
666 2371 715 2406 τὴν
730 2372 841 2407 Γραφὴν

49 2417 199 2452 παριστὰς.
222 2415 383 2442 Ἐπίστευσε
422 2416 487 2450 γὰρ,
519 2416 613 2450 φησὶν,
646 2415 775 2452 Ἀϐραὰμ
802 2418 841 2454 τῷ

48 2463 117 2500 Θεῷ,
143 2462 192 2489 καὶ
214 2462 341 2497 ἐλογίσθη
366 2461 441 2497 αὑτῷ
471 2463 512 2493 εις
535 2462 720 2499 δικαιοσύνην.
736 2465 768 2490 Τί
782 2462 840 2497 οὗν,

50 2511 143 2544 φησὶν,
171 2510 223 2536 οὐκ
249 2507 321 2544 εἶχεν
343 2509 442 2544 ἔργαὸ
461 2510 606 2546 ’Λὸραάμ;
636 2511 693 2538 Οὐκ
721 2511 841 2538 ἐδικαίου

49 2557 135 2584 ταῦτα
158 2557 262 2589 αὑτόν;
289 2557 335 2592 Μὴ
361 2557 483 2590 γένοιτοί
503 2557 592 2591 Ἔργα
621 2557 670 2592 μὲν
687 2557 741 2592 γὰρ
758 2555 841 2593 εἶχεν,

49 2603 118 2629 ὥστε
133 2603 203 2638 προς
215 2604 277 2634 τοὺς
295 2602 580 2637 συμπολιτευομένους
593 2602 667 2637 αὑτῷ
681 2603 842 2638 ἀνθρώπους

50 2651 223 2685 κρινόμενον,
241 2649 421 2684 δικαιωθῆναι
445 2649 493 2675 καὶ
511 2649 695 2685 προκριθῆναι
717 2650 839 2678 ἐκείνων.

49 2696 86 2722 τὸ
113 2697 142 2723 δὲ
171 2695 240 2730 πρὸς
265 2696 311 2721 τὸν
325 2694 392 2721 Θεὸν
419 2694 596 2730 δικαιωθῆναι
613 2696 645 2722 ὲκ
669 2695 723 2722 τῶν
753 2695 841 2731 ἔργων

50 2743 145 2775 αὑτοῦ,
160 2742 232 2769 ὥστε
257 2742 332 2774 ἄξιον
355 2741 404 2768 καὶ
420 2741 574 2768 ἰσοστάσιον
585 2742 681 2768 ἑαυτὸν
697 2743 841 2777 παραστῆ-

52 2800 96 2817 σαι
113 2791 164 2824 τῆς
189 2790 297 2816 ἐκεῖθεν
325 2788 521 2824 παρεχομένης
548 2789 710 2824 εὐεργεσίας
730 2790 777 2816 καὶ
791 2790 842 2816 δω-

54 2839 127 2871 ρεᾶς,
155 2837 298 2868 παντελῶς
330 2835 507 2863 ἀπελείπετο.
537 2834 642 2862 Οὐκοῦν
669 2834 746 2861 οὐδὲν
774 2835 842 2867 ὅλως

55 2885 108 2919 εχει
124 2884 267 2919 καύχημα,
280 2883 339 2918 ἦτοι
353 2881 514 2917 προτέρημα
531 2881 577 2908 καὶ
589 2881 756 2916 κατόρθωμα
773 2882 841 2918 πρὶς

899 249 938 276 cit
953 257 1022 283 ergo
1048 249 1120 284 quod
1137 257 1191 276 non
1206 248 1296 276 solum
1323 249 1428 275 irritam
1447 257 1502 275 non
1524 249 1589 277 facit
1603 250 1690 286 legem

898 294 989 322 fides:
1008 295 1161 330 quinetiam
1189 295 1394 329 quodammodo
1413 295 1540 322 stabilit:
1561 296 1625 331 quia
1646 297 1690 325 lex

900 348 962 367 cum
976 341 1083 367 salvare
1099 341 1192 375 cupiat
1203 349 1258 367 non
1272 345 1372 375 potest,
1391 341 1459 368 lides
1469 346 1560 369 autem
1581 343 1668 370 salvat
1682 352 1688 370 :

901 394 963 413 eum
975 394 1041 421 ergo
1051 386 1119 421 legis
1136 394 1249 421 scopum
1265 386 1333 413 fides
1350 387 1472 421 impleat,
1485 388 1585 415 merito
1602 389 1690 415 stabi-

896 432 948 459 lire
965 432 1039 459 illam
1048 432 1267 459 dieitur.Dieens
1283 436 1390 463 autent.
1404 434 1577 467 Stabilimus,
1595 440 1690 462 osten-

896 478 937 505 dit
952 479 1024 505 illam
1043 479 1229 505 vacillantcm.
1239 479 1300 506 Alio
1316 481 1403 506 modo.
1415 480 1495 514 Legis
1509 488 1579 515 opus
1590 485 1650 507 erat
1662 485 1691 508 ιιι

892 525 996 559 justum
1007 525 1253 552 facerethominetu
1266 534 1271 551 :
1283 534 1376 553 verum
1390 526 1441 553 hoc
1452 534 1505 554 non
1517 527 1618 561 potuit,
1627 535 1689 554 nam

896 571 1013 603 Omnes.
1032 571 1132 606 inquit,
1149 576 1334 606 peccaverunt
1351 582 1356 599 :
1374 580 1435 598 eum
1448 578 1540 599 autem
1571 573 1691 600 venisset

895 616 972 645 ﬁdes.
988 617 1015 643 id
1030 617 1168 644 correxit:
1181 617 1262 644 simul
1280 625 1312 644 ac
1328 617 1400 643 enim
1412 618 1548 652 quispiam
1559 618 1689 650 credidit,

894 663 976 690 etiam
989 663 1156 698 justificatus
1165 667 1216 690 est.
1229 662 1368 690 Stabilivit
1382 663 1474 698 itaque
1487 663 1554 698 legis
1569 664 1692 691 volunta-

895 713 960 736 tem.
983 709 1180 744 Superioribus
1198 709 1368 744 temporibus
1391 710 1433 736 lex
1458 717 1490 736 ac
1504 710 1643 745 propheta.-
1655 709 1690 737 de

894 754 947 782 fide
958 755 1100 782 vaticinati
1117 759 1191 783 sunt.
1203 770 1239 775 —
1249 755 1344 783 Fidem
1357 763 1422 790 ergo
1433 756 1615 791 suscipientes
1623 763 1690 783 con-

893 801 1037 829 firmamus
1049 802 1149 837 legem.

858 883 880 910 Β

928 906 972 939 ιν,
987 907 1012 934 1.
1027 906 1097 939 Quid
1110 915 1172 941 ergo
1182 907 1294 934 dicimus
1306 906 1440 934 Abraham
1453 911 1556 942 patrem
1568 911 1687 934 nostrum

892 953 1024 980 invenisse
1041 953 1184 979 secundant
1200 953 1330 979 carnem?

927 996 1010 1032 246
1034 996 1257 1024 lutumescebant
1276 997 1363 1025 Judaei
1396 997 1514 1024 Abrahae
1550 997 1662 1025 nomine
1677 1018 1685 1030 ,

892 1050 1057 1078 semperque
1082 1043 1264 1078 proferebant
1293 1043 1368 1078 quod
1399 1044 1582 1071 circumcisus
1612 1049 1686 1071 e5set

893 1089 1041 1116 Abraham.
1059 1089 1109 1116 Hic
1122 1097 1188 1124 ergo
1208 1097 1310 1124 Scopus
1323 1095 1365 1116 est
1377 1084 1509 1124 Apostolo
1526 1090 1683 1122 ostendere.

893 1135 982 1169 ipsum
1006 1143 1117 1170 quoque
1144 1135 1282 1162 Abraham
1299 1143 1353 1162 non
1365 1143 1398 1162 ex
1421 1135 1562 1170 operibus,
1580 1135 1628 1162 sed
1651 1144 1684 1162 ex

893 1180 947 1208 fide
966 1180 1150 1215 justiﬁcatum
1168 1182 1340 1211 esse,ctait;
1360 1189 1370 1206 ι
1388 1180 1459 1213 Quid
1481 1188 1547 1215 ergo
1568 1181 1685 1208 dicimus

893 1226 1030 1253 Abraham
1043 1231 1148 1260 patrem
1169 1230 1294 1253 nostrum
1311 1226 1464 1253 secundum
1479 1234 1591 1254 carnem
1605 1227 1683 1254 inve-

893 1272 967 1299 nisse
977 1272 1004 1298 ?»
1013 1279 1130 1307 quamve
1142 1277 1333 1299 assecutusest
1350 1273 1485 1307 justitiam
1495 1273 1506 1299 ἱ)
1515 1280 1612 1300 eamne
1624 1281 1686 1308 quze

893 1322 934 1345 est
951 1325 1000 1351 per
1018 1325 1113 1352 opera,
1127 1325 1162 1344 an
1174 1325 1236 1351 quae
1253 1325 1302 1352 per
1318 1317 1400 1345 fidem
1415 1319 1467 1345 let
1479 1319 1599 1346 ostendit
1611 1319 1684 1354 quod

892 1371 953 1391 eam
973 1371 1034 1398 quae
1050 1368 1091 1390 est
1109 1371 1158 1398 per
1178 1363 1259 1390 fidem
1276 1372 1282 1390 :
1303 1363 1374 1391 unde
1390 1368 1418 1391 et
1437 1364 1511 1391 illam
1530 1369 1610 1391 vocat
1627 1373 1684 1392 rem

894 1409 1045 1441 inveniann,
1075 1409 1139 1444 quia
1165 1417 1220 1435 non
1245 1417 1278 1436 ex
1296 1409 1427 1443 operibus
1449 1417 1509 1436 eam
1523 1414 1621 1437 nactus
1631 1415 1685 1444 est,

894 1454 942 1482 sed
957 1462 990 1481 ex
1003 1454 1055 1481 (ide
1070 1462 1130 1489 quae
1145 1455 1192 1481 Dei
1210 1455 1297 1489 gratia
1310 1455 1462 1482 confertur.
1474 1471 1509 1476 —
1525 1456 1576 1484 Per
1587 1457 1687 1492 hyper-

894 1500 977 1528 baton
993 1506 1036 1528 est
1051 1501 1164 1533 locutio,
1186 1505 1215 1528 ut
1231 1501 1267 1528 ita
1281 1507 1400 1535 ponatur
1416 1510 1423 1528 :
1437 1501 1509 1534 Quid
1522 1510 1588 1537 ergo
1608 1503 1685 1530 dice~

894 1555 956 1574 mus
966 1547 1115 1579 Abraham,
1129 1547 1176 1581 qui
1191 1547 1342 1574 secundum
1355 1554 1465 1574 carnem
1475 1553 1516 1575 est
1533 1553 1610 1583 pater
1633 1557 1685 1576 no-

893 1598 966 1625 ster,
984 1593 1144 1621 invenisse?
1162 1593 1360 1626 Aseemfamus,
1383 1593 1483 1628 inquit,
1503 1593 1536 1620 ad
1550 1594 1684 1629 originem

892 1639 1002 1674 generis
1017 1639 1104 1666 nostri
1118 1639 1271 1666 secundum
1288 1647 1412 1671 carnem.
1423 1644 1451 1666 et
1470 1647 1533 1667 eum
1552 1648 1634 1675 quem
1650 1649 1684 1668 ex

892 1685 1023 1712 omnibus
1049 1685 1181 1720 gentibus
1207 1685 1326 1712 electum
1347 1684 1573 1712 benedixitDeus
1590 1690 1636 1712 :et
1656 1686 1684 1714 in

892 1739 941 1759 eos
966 1731 1015 1766 qui
1039 1731 1123 1758 abeo
1151 1731 1363 1762 descenderent.
1390 1739 1452 1765 qua:
1483 1731 1686 1763 benedictionis

892 1783 972 1806 erant
1000 1785 1050 1812 per
1066 1785 1129 1806 eum
1143 1785 1172 1805 se
1189 1778 1338 1805 missurum
1366 1785 1427 1805 esse
1441 1778 1579 1813 promisit.
1599 1778 1686 1807 Mani-

893 1823 992 1851 festum
1014 1827 1058 1850 est
1082 1823 1156 1850 enim
1172 1822 1262 1857 quod,
1281 1823 1364 1850 sicuti
1382 1831 1444 1850 cum
1457 1823 1505 1850 illo
1520 1829 1611 1850 actum
1631 1829 1683 1857 est,

893 1869 929 1896 ita
944 1873 971 1896 et
985 1869 1129 1896 uobiscqu
1142 1874 1250 1903 agetur.
1271 1885 1304 1889 —
1320 1869 1458 1896 Particula
1473 1869 1528 1900 illa,
1549 1878 1557 1894 (
1577 1869 1683 1897 Secun-

893 1915 958 1942 dum
984 1923 1107 1948 carnem,
1129 1924 1138 1940 ι
1153 1922 1202 1949 per
1218 1914 1388 1950 hyperbaton
1410 1915 1530 1949 ponitur.
1551 1914 1684 1943 Ordinate

893 1969 960 1988 vero
983 1967 1009 1989 ct
1027 1969 1083 1988 non
1104 1961 1182 1996 juxta
1209 1961 1321 1988 schema
1338 1961 1391 1987 erit
1412 1961 1468 1988 hzec
1493 1961 1685 1996 interpretatio

893 2008 1030 2036 sermonis
1045 2016 1052 2034 :
1070 2007 1141 2041 Quid
1161 2015 1227 2042 ergo
1239 2007 1364 2034 dicemus
1379 2007 1516 2034 Abraham
1535 2008 1683 2040 invenisse,

893 2055 940 2089 qui
956 2054 1109 2081 secundum
1132 2062 1244 2081 carnem
1259 2058 1338 2088 pater
1351 2058 1445 2080 noster
1457 2053 1518 2080 est?
1545 2054 1629 2080 Porro
1650 2053 1683 2082 ad

893 2100 1004 2128 Judzeos
1014 2107 1107 2127 sermo
1127 2104 1180 2132 est,
1198 2107 1231 2126 ac
1244 2099 1267 2126 si
1282 2099 1356 2126 dicat
1376 2099 1464 2126 :Cum
1481 2099 1569 2126 nostri
1585 2107 1685 2134 super-

893 2146 949 2173 cilii
966 2154 997 2172 ae
1010 2146 1147 2181 iactantia:
1160 2153 1267 2172 summa
1281 2146 1316 2172 sit
1328 2145 1356 2172 in
1368 2144 1516 2176 Abraham,
1531 2145 1596 2179 quia
1607 2149 1685 2179 pater

894 2197 988 2219 noster
1007 2196 1050 2218 est
1065 2191 1217 2218 secundum
1233 2198 1359 2223 carnem,
1374 2189 1585 2217 consideremus
1600 2189 1683 2224 quid-

859 2230 880 2258 Ῑ)
895 2246 957 2264 nam
978 2236 1070 2264 dicere
1099 2236 1237 2271 possimus
1253 2236 1331 2262 illum
1353 2234 1502 2262 invenisse.
1519 2234 1552 2261 Et
1570 2234 1607 2261 ait
1626 2234 1683 2268 ipse

894 2283 921 2309 in
949 2281 1130 2316 sequentibus
1153 2281 1226 2316 quod
1257 2281 1342 2308 etiam
1371 2279 1507 2316 justitiam
1535 2279 1682 2307 invenerit.

895 2329 952 2355 lloe
971 2327 1045 2355 enim
1060 2333 1102 2355 est
1118 2327 1192 2363 quod
1211 2327 1249 2354 ait
1266 2335 1272 2354 :
1293 2336 1302 2353 ι
1321 2326 1527 2360 Etimputatum
1543 2329 1584 2352 est
1609 2325 1634 2352 ei
1649 2325 1682 2352 ad

890 2374 1038 2409 justitiam,
1057 2383 1066 2400 ι
1077 2373 1130 2401 hoc
1141 2379 1193 2406 est,
1204 2373 1277 2408 quod
1289 2372 1456 2408 justillcatus
1472 2377 1522 2400 est.
1540 2371 1683 2407 Siquidem

894 2420 1032 2448 invenisse
1048 2420 1106 2447 sive
1120 2424 1231 2447 nactqu
1248 2427 1310 2446 esse
1323 2419 1473 2454 justitiam,
1490 2423 1533 2446 est
1547 2417 1682 2453 justiflea-

894 2471 952 2493 tum
973 2473 1045 2493 esse.
1060 2465 1168 2493 luvenit
1183 2472 1250 2501 ergo
1263 2469 1290 2492 et
1305 2469 1404 2492 nactus
1415 2468 1456 2491 est
1476 2463 1623 2498 justitiam.
1648 2464 1683 2490 At

892 2512 1032 2547 quomodo
1048 2515 1146 2539 nactus
1157 2511 1224 2538 'est?
1249 2519 1284 2538 cx
1301 2511 1443 2545 operibus,
1464 2519 1498 2538 an
1512 2519 1546 2537 ex
1562 2510 1633 2537 ﬁde?
1649 2510 1682 2538 Et

893 2558 1015 2586 ostendit
1025 2558 1098 2593 quod
1111 2566 1144 2586 ex
1162 2558 1226 2589 ﬁde,
1247 2565 1311 2585 cum
1326 2557 1496 2592 Scripturam
1510 2557 1638 2592 producit
1654 2557 1681 2583 in

894 2609 1002 2632 testem.
1015 2604 1083 2631 Nam
1096 2605 1135 2631 ait
1150 2613 1156 2631 :
1175 2614 1183 2629 ι
1201 2603 1328 2632 Credidit
1342 2603 1480 2631 Abraham
1497 2603 1562 2634 Deo,
1575 2608 1603 2629 et
1627 2602 1680 2628 im-

894 2655 1020 2686 putatum
1036 2655 1080 2678 est
1092 2650 1118 2678 ei
1133 2650 1167 2677 ad
1183 2650 1331 2685 justitiam.
1355 2659 1364 2676 ι
1392 2649 1464 2683 Quid
1480 2657 1558 2684 ergo.
1580 2648 1680 2682 inquit,

893 2705 948 2724 non
965 2697 1062 2724 habuit
1073 2696 1209 2724 Abraham
1222 2703 1304 2731 opera
1314 2696 1326 2722 ?
1336 2704 1391 2722 non
1409 2695 1467 2723 haec
1482 2695 1559 2722 illum
1578 2693 1682 2729 justifi-

894 2748 991 2770 earunt
1002 2743 1014 2769 ’ί
1027 2742 1107 2770 Absit
1120 2743 1127 2769 l
1141 2741 1231 2777 Opera
1246 2741 1383 2777 siquidem
1397 2740 1504 2770 habuit.
1521 2743 1551 2766 ut
1573 2738 1595 2765 si
1618 2746 1680 2765 cum

894 2789 1053 2817 hominibus
1064 2790 1111 2824 qui
1124 2789 1205 2817 simul
1220 2796 1282 2816 curn
1296 2796 1329 2815 eo
1342 2787 1523 2814 versabantur
1538 2784 1635 2812 fuisset
1653 2784 1680 2812 in

891 2835 997 2870 judicio
1009 2835 1188 2867 constitutus,
1211 2834 1290 2861 facile
1300 2832 1470 2868 justilicatus
1483 2831 1589 2863 fuisset,
1613 2829 1681 2858 illis-

894 2889 948 2916 que
978 2880 1159 2915 autepositus,
1175 2887 1270 2907 verum
1283 2883 1313 2906 ut
1325 2885 1417 2906 coram
1435 2877 1491 2905 Deo
1501 2885 1534 2905 ex
1548 2876 1604 2904 suis
1613 2883 1680 2911 ope-
