1878 3054
92 202 141 235 397

620 193 813 226 COMMENT.
829 192 868 223 ΙΝ
890 192 1009 224 EPIST.
1027 195 1076 225 AD
1089 195 1180 225 ROM.

1659 197 1712 228 3‘38

97 268 104 282 ι
122 255 265 292 Segni-(iac.
277 254 327 288 τῆς
345 251 519 285 δικαιοσύνης
534 251 584 285 τῆς
601 251 733 282 πίστεως,
751 259 760 275 ι
778 250 830 292 τῆς
845 250 877 275 ὲκ

966 257 1040 284 :mpc
1061 250 1160 277 semini
1175 250 1246 285 ejus)
1273 249 1343 277 duttc
1358 255 1423 277 sunt
1449 250 1647 284 promissioues
1680 261 1713 280 ac

97 289 214 333 πίστεως
237 300 409 335 ὑπαρξᾶσης,
427 308 437 325 ι
454 299 494 330 εἰς
510 298 540 324 τὺ
552 295 623 324 εἶναι
642 296 722 324 αὑτὸν
737 289 873 330 πατέρα.»

126 394 176 421 Διὰ
192 394 219 421 τί
235 393 265 420 δὲ
278 393 346 424 ὅλως
359 390 457 426 ὲδέηθη
472 389 569 425 αὐτῆς,
590 389 614 415 εἰ
630 388 713 424 μηδὲν
742 387 877 414 συνετέλει

94 442 121 467 ὲν
140 441 175 475 τῇ
207 438 384 473 δικαιοσύνῃς
407 437 519 472 Πρῶτον
537 435 587 469 μὲν
604 432 695 464 καθὼς
722 432 777 459 ἄνω
787 432 876 466 λέγει,

93 487 132 518 εἰς
155 486 188 512 τδ
204 483 275 511 εἶναι
292 483 378 518 αὐτὴν
400 482 513 517 σημεῖον
527 488 536 496 ⁶
550 480 646 506 ἔπειτα
662 479 703 505 ἵνα
723 478 813 509 κοινὸς
832 478 878 512 γέ-

91 540 172 559 νηται
199 531 291 564 πατὴρ
304 528 358 555 τῶν
371 536 401 553 τε
416 529 444 553 ἐν
463 526 610 561 περιτομῇ,
631 524 686 551 τῶν
700 532 730 550 τε
745 524 773 550 ὲν
796 523 878 558 ἀκρο-

91 578 200 612 ϐυστίᾳ.
226 585 236 602 ‹
255 576 368 603 Πάντων
387 573 442 600 τῶν
462 572 654 599 πιστευόντων.
669 579 680 596 ι
709 570 765 606 οὐχ
785 569 878 601 ἁπλῶς

91 624 144 650 τῶν
171 623 336 658 οἱωνδήποτε
357 621 472 656 πατέρα,
486 619 555 646 ἀλλὰ
570 617 623 645 τῶν
639 617 818 644 πιστευόντων
836 617 877 647 εἰς

90 671 136 696 τὸν
149 669 279 705 Χριστόν.
304 677 313 694 ι
333 667 371 694 Δι’
385 665 579 701 ἁκροῦυττίας.
599 673 608 690 ι
627 663 688 690 Τῶν
709 663 738 688 ἐν
759 661 878 698 ἀκροὸυ⁴

93 718 153 752 στίᾳ
169 714 258 743 ὄντων’
271 716 317 742 καὶ
333 713 525 741 πιστευόντων.
544 711 588 743 Εἰς
605 711 646 742 τὸ,
673 719 682 736 ι
710 709 877 744 Λογισθῆναι

92 763 139 789 καὶ
151 763 243 793 αὐτοῖς
256 761 305 796 τὴν
320 758 501 793 δικαιοσύνην.
520 766 529 783 ι
547 757 596 784 Διὰ
608 757 727 787 πίστεως
754 755 876 790 δηλονότι

93 809 176 843 χωρὶς
196 807 298 842 ἔργων,
319 815 327 831 ι
358 805 411 831 Καὶ
447 804 555 838 πατέρα
588 801 748 837 περιτομῆς.
778 810 787 827 ι
820 800 877 835 Οὐχ

93 853 197 884 ἁπλῶς,
214 852 296 886 φησι,
313 850 403 886 πατὴρ
415 849 469 876 τῶν
481 848 706 884 ἐμπεριτμήτων,
717 846 807 882 (τοῦτο
822 845 877 880 γὰρ

92 899 166 934 δηλοῖ
179 898 211 924 τὸ
228 897 388 932 περιτομῆς,
405 894 414 931 )
431 895 498 922 ἀλλὰ
519 894 611 929 πατὴρ
627 892 740 920 ἐκείνων
753 892 808 920 τῶν
823 892 876 926 ἐμ.

93 927 280 979 περιτμήτων,
432 941 512 975 μόνον
531 927 784 975 περιτετμημένων,
808 937 875 964 ἀλλὰ
892 927 913 954 Β

91 990 140 1016 καὶ
160 989 231 1016 κατὰ
254 988 288 1014 τὰ
302 987 362 1023 ῐχνη
379 986 474 1018 αὑτοῦ,
488 986 536 1021 τὴν
550 985 642 1012 πίστιν
655 984 775 1020 Χριστοῦ
791 984 876 1011 cicat-

92 1035 252 1069 κιζομένων.
266 1033 416 1061 Ἐκεῖνοιδὲ
431 1034 500 1060 κατὰ
511 1032 546 1059 τὰ
564 1033 624 1067 ῐχνη
640 1032 687 1058 καὶ
702 1030 772 1058 κατὰ
789 1031 876 1065 μίμη-

92 1090 135 1109 σιν
145 1081 191 1108 τοῦ
208 1080 332 1116 ’Δὸραὰμ
347 1079 518 1106 πιστεύουσιν
534 1080 573 1110 εις
587 1079 714 1114 Χριστὸν,
731 1079 756 1105 οι
768 1078 877 1106 ἀδιστά-

92 1135 166 1158 ne;
183 1126 230 1152 καὶ
255 1126 338 1161 χωρὶς
358 1125 523 1159 φιλονεικίας
539 1124 585 1150 καὶ
603 1123 762 1158 ἐνδοιασμοῦ
788 1131 876 1159 προσ-

94 1173 238 1209 ερχόμενοι
266 1171 304 1206 τῷ
331 1170 450 1206 Χριστῷ.
472 1180 482 1197 ι
500 1171 563 1202 Τοῖς
587 1170 638 1197 οὐκ
662 1169 694 1197 ἐκ
723 1170 874 1205 περιτομῆς

95 1215 185 1255 μόνον.
201 1229 212 1246 ι
230 1219 338 1254 Ὠσπερ
349 1218 403 1253 γὰρ
417 1218 441 1244 οἰ
457 1218 486 1244 ἐν
501 1217 678 1253 ἁκροόυστίᾳ,
694 1218 724 1244 οὐ
742 1217 785 1244 διὰ
797 1217 876 1244 τοῦτο

93 1266 174 1295 μόνον
189 1266 276 1300 σχοῖεν
288 1264 320 1291 ἂν
344 1264 390 1291 τὸν
413 1263 543 1298 Ἀϐραὰμ
571 1263 688 1298 πατέρα,
711 1263 754 1290 διὰ
780 1263 811 1290 τὸ
845 1264 874 1289 ὲν

92 1311 263 1346 ἀκροϐυστίᾳ
276 1310 356 1336 αὐτὸν
369 1309 594 1340 πεπιστευκέναι,
608 1309 632 1334 εἰ
653 1309 690 1344 μὴ
705 1309 752 1335 καὶ
766 1309 816 1343 τὴν
832 1308 877 1334 πί-

93 1365 153 1383 στιν
180 1356 356 1391 μιμήσαιντο·
371 1354 458 1386 οὕτως
470 1354 532 1381 οὐδὲ
555 1355 580 1380 ol.
594 1354 623 1380 ἐν
640 1355 783 1389 ¹περιτομῇ
809 1354 876 1390 σχή‹

92 1410 181 1435 σουσι,
199 1401 229 1428 οὑ
253 1401 296 1427 διὰ
307 1401 337 1427 τὺ
354 1401 432 1435 μόνον
452 1400 654 1436 περιτμηθῆναι
669 1400 715 1427 τὸν
737 1400 875 1436 Ἁϐραάμ,

93 1447 141 1474 ἐὰν
155 1447 193 1481 μὴ
208 1447 256 1472 καὶ
267 1446 315 1481 τὴν
329 1446 418 1472 πίστιν
428 1445 510 1472 αὑτοῦ
527 1446 708 1481 μιμήσωνται.
725 1445 809 1481 Δῆλον
830 1443 877 1473 οὖν

91 1494 189 1526 ὡς’καὶ
205 1493 382 1520 ἐκπεσοῦνται
397 1493 445 1527 τῆς
460 1492 529 1528 πρὸς
555 1491 683 1527 ’Δὸραὰμ
718 1492 878 1526 συγγενείας

91 1542 116 1567 οἱ
133 1540 263 1572 Ἰουδαῖοι,
279 1539 326 1565 ἐὰν
342 1538 379 1574 μὴ
396 1538 574 1565 πιστεύσωσι.
595 1546 605 1564 ι
639 1537 721 1564 Ἀλλὰ
748 1538 795 1564 καὶ
820 1539 877 1569 τοῖς

92 1584 239 1620 στοιχοῦσι.
255 1594 265 1610 ι
283 1584 344 1614 Τοῖς
358 1582 539 1617 πειθομένοις,
551 1583 606 1614 τοῖς
613 1582 784 1617 ἐμμένουσιν.
795 1591 805 1608 ι
815 1582 877 1614 Τοῖς
890 1608 911 1620 μ

92 1632 180 1667 [χνεσι
196 1631 245 1665 τῆς
259 1630 382 1661 πίστεως.
399 1638 408 1655 ι
441 1629 480 1664 Τῇ
509 1628 636 1664 μιμήσει,
662 1629 696 1663 τῇ
739 1627 877 1663 ὁμοιώσει.

93 1679 170 1713 Ἴχνη
189 1677 309 1710 λέγεται,
326 1675 360 1702 τὰ
374 1674 429 1701 τῶν
447 1673 667 1709 προοδευσάντων
681 1672 803 1708 σύμϐολα
830 1673 878 1700 καὶ

93 1724 196 1759 σημεῖα
211 1723 265 1750 τῶν
281 1721 379 1749 ποδῶν.
392 1721 469 1748 Ἐπεὶ
486 1718 532 1748 οὖν
546 1716 619 1747 οὗτοι
639 1719 876 1756 μεταγενέστεροι,

93 1769 202 1800 οἰκείως
232 1769 280 1795 καὶ
303 1767 442 1804 ἁρμοδίως
468 1767 546 1802 φησὶ,
566 1767 623 1798 τοῖς
655 1765 803 1802 ἐμμένουσι
832 1766 879 1793 καὶ

94 1813 308 1841 ἐπακολουθοῦσι
323 1814 377 1845 τοῖς
393 1813 504 1848 ῐχνεσιν,
526 1812 586 1848 ἦτοι
600 1811 798 1847 πορευομένοις
809 1811 879 1838 κατὰ

95 1863 128 1887 τὰ
142 1859 248 1887 ἐκείνου
267 1859 338 1894 ἴχνη,
350 1859 398 1885 καὶ
420 1858 469 1893 τὴν
482 1858 590 1884 ἐκείνου
616 1857 686 1890 ὁδὸν,
708 1857 770 1893 ητις
796 1857 879 1892 χωρὶς

93 1906 246 1942 περιτομῆς
269 1906 401 1941 ὑπῆρχεν.
420 1913 429 1930 ι
447 1904 502 1939 Τῆς
516 1905 546 1931 ὲν
562 1903 741 1940 ἀκροϐυστίᾳ.
771 1912 781 1929 ι
795 1903 879 1930 Πάλιν

94 1953 268 1987 ὑπομνήσκει
285 1951 325 1977 ὅτι
340 1951 369 1977 ὲν
388 1949 556 1986 ἁκροὸυστίᾳ
569 1948 725 1984 ἐπίστευσε,
739 1949 787 1976 καὶ
800 1948 880 1976 ὕστε-

94 2005 141 2033 ρον
155 1996 336 2033 περιετμήθη.

129 2090 173 2117 οὐ
185 2088 242 2124 γὰρ
254 2087 303 2115 διὰ
315 2087 409 2122 νόμον
421 2087 442 2122 ἠ
457 2087 619 2122 ἐπαγγελία
631 2087 671 2120 τῷ
698 2088 835 2122 Ἀϐραὰμ,
859 2088 879 2123 ἢ

92 2135 133 2169 τῷ
148 2135 299 2169 σπέρματι
311 2135 416 2167 αὐτοῦ,
434 2133 467 2160 τὸ
483 2134 674 2168 κληρονόμον
693 2135 788 2161 αὑτὸν
804 2132 880 2162 εἶναι

93 2181 148 2209 σοῦ
169 2181 300 2215 κόσμου,
315 2180 397 2207 ἀλλὰ
411 2179 459 2206 διὰ
475 2179 671 2213 δικαιοσύνης
684 2180 823 2212 πίστεως.
847 2181 881 2207 ει

93 2228 151 2263 γὰρ
180 2228 208 2254 οὶ
225 2227 260 2254 ἐκ
276 2228 381 2261 νόμου,
396 2227 587 2260 κληρονόμοι,
610 2225 770 2252 κεκένωται
797 2227 816 2260 ἠ
834 2227 882 2253 πι-

930 297 1146 324 benedictiones.
1165 306 1174 322 ι
1203 297 1379 332 Signaculum
1396 297 1509 331 iustitiae
1523 298 1597 330 ﬁdei,
1622 309 1630 324 ι
1650 308 1713 335 (ιιιςνθ

928 351 962 370 ex
977 343 1029 371 ﬁde
1046 344 1211 379 contigerat,
1228 353 1236 370 ι
1262 348 1293 371 ut
1307 349 1381 371 esset
1395 344 1454 379 ipse
1477 350 1565 379 pater.
1594 355 1603 370 ι

964 389 1003 417 Ad
1018 390 1084 425 qttid
1102 391 1214 418 omnino
1234 390 1389 417 necessaria
1403 390 1454 417 fuit
1467 391 1506 418 illi
1528 391 1712 422 circumcisio,

929 435 951 462 si
967 435 1035 462 nihil
1044 435 1202 463 conferebat
1219 435 1251 463 ad
1266 435 1421 471 justitiam?
1442 436 1562 463 Primqu
1589 437 1712 471 quidem,

928 480 1012 508 veluti
1025 481 1052 508 in
1064 481 1255 516 superioribus
1266 481 1346 514 dixit,
1365 485 1394 508 ut
1414 481 1459 508 illa
1476 482 1583 517 signum
1606 488 1679 510 esset
1705 491 1711 509 :

928 527 1028 554 deinde
1051 532 1082 554 ut
1098 527 1250 555 communis
1271 531 1349 562 pater
1363 528 1449 561 ﬁeret,
1473 534 1527 555 tam
1548 529 1591 556 his
1614 529 1661 564 qui
1686 529 1713 556 iu

928 572 1139 600 circumcisione
1154 576 1258 605 essent,
1271 580 1354 608 quam
1377 573 1432 600 illis
1455 574 1502 609 qui
1516 575 1543 601 in
1566 575 1711 609 praeputio.

931 626 941 641 ι
955 617 1083 645 Omnium
1097 617 1279 645 credentium.
1305 626 1316 645 ι
1332 618 1393 646 Νοη
1410 619 1532 646 omnium
1546 626 1623 655 pater
1646 620 1714 648 sim-

928 664 1046 699 pliciter,
1062 663 1110 691 sed
1134 664 1306 691 credentium
1327 663 1522 693 in'Christum.
1545 675 1554 692 ι
1575 666 1626 694 Ροι·
1642 674 1713 701 prae-

928 709 1062 744 putium.)
1084 709 1187 736 Eorum
1200 709 1322 743 quicum
1337 709 1394 737 sint
1407 710 1434 736 in
1452 712 1596 745 prmputio,
1610 713 1713 739 nihilo-

927 754 1018 781 minus
1047 754 1173 782 credunt.
1193 763 1202 780 ι
1219 755 1254 783 Ut
1279 755 1430 790 imputetur
1454 761 1481 783 et
1494 757 1548 784 illis
1566 758 1682 790 justitia.
1701 767 1711 784 ι

927 800 979 828 Per
992 800 1072 827 ﬁdem
1085 800 1214 828 videlicet
1237 801 1296 828 sine
1320 803 1461 836 operibus.
1478 812 1487 828 ι
1509 803 1542 830 Et
1556 808 1634 838 pater
1657 805 1714 831 cir-

927 847 1114 875 cumcisionis.
1135 857 1144 873 i
1161 847 1220 874 Non
1243 853 1319 882 pater
1337 849 1584 885 quomodocumque
1596 851 1715 878 circum-

927 893 1058 925 cisorum,
1069 894 1143 928 (nam
1153 893 1205 921 hoc
1215 894 1351 929 signiﬁcat
1363 895 1448 923 dictio
1455 895 1683 924 Circuuicisionis
1694 899 1713 932 :)

929 938 1071 974 sedpater
1080 939 1189 967 illorum
1211 941 1448 974 circumeisorum,
1471 943 1517 977 qui
1533 951 1587 970 non
1608 947 1714 971 tantum

929 984 1084 1013 circumcisi
1104 990 1180 1020 sunt,
1206 986 1309 1014 verum'
1321 988 1404 1015 etiam
1427 988 1588 1024 juxtaillius
1602 991 1716 1026 vestigia

929 1031 957 1058 in
971 1031 1023 1059 ﬁde
1042 1031 1144 1060 Christi
1162 1037 1275 1060 manent
1292 1042 1298 1059 :
1317 1033 1356 1060 illi
1374 1039 1465 1062 autem
1488 1035 1565 1070 juxta
1599 1036 1714 1071 vestigia

928 1085 961 1104 ac
979 1077 1159 1106 imitationem
1172 1079 1288 1108 Abrahm
1307 1080 1423 1108 credunt
1437 1081 1463 1108 in
1490 1081 1643 1114 Christum,
1666 1083 1713 1118 qui

929 1123 1032 1159 abstine
1056 1125 1111 1153 ulla
1134 1126 1309 1154 vacillatione
1332 1132 1360 1154 et
1383 1128 1561 1155 contentione
1586 1129 1613 1156 in
1639 1130 1715 1157 nullo

930 1169 1086 1198 hmsitautes
1099 1171 1278 1199 acceduutad
1299 1171 1451 1200 Christum.
1469 1182 1479 1199 ι
1506 1173 1553 1200 llis
1578 1175 1625 1208 qui
1659 1182 1714 1202 non

929 1216 1017 1243 solum
1049 1224 1082 1243 ex
1098 1217 1308 1245 circumcisione
1325 1223 1400 1246 sunt.
1419 1228 1428 1245 ι
1443 1218 1521 1246 Sicut
1537 1221 1610 1247 enim
1625 1220 1671 1255 qui
1686 1222 1713 1247 in

929 1263 1064 1297 [πωροιῐο
1083 1268 1159 1296 sunt,
1175 1271 1230 1291 non
1245 1272 1279 1291 ex
1312 1264 1364 1292 hoc
1379 1265 1465 1292 solum
1489 1271 1604 1301 possunt
1629 1267 1716 1294 Abra—

931 1311 992 1338 ham
1004 1310 1106 1338 habere
1122 1316 1238 1345 patrem,
1253 1311 1327 1346 quod
1347 1311 1393 1338 ille
1412 1312 1440 1339 in
1457 1313 1592 1347 przeputio
1626 1313 1716 1340 credi-

930 1357 1025 1390 disset,
1041 1357 1095 1385 nisi
1105 1358 1186 1385 etiam
1199 1357 1278 1385 ﬁdem
1289 1358 1450 1391 imitentur;
1465 1359 1502 1386 ita
1514 1367 1604 1394 neque
1621 1360 1650 1387 hi
1668 1349 1732 1395 qui?

932 1402 959 1429 in
969 1401 1180 1430 circumcisione
1191 1401 1306 1435 iuerint,
1318 1407 1423 1437 patrem
1438 1402 1514 1430 illum
1527 1402 1669 1432 habebunt
1680 1406 1715 1432 ob

932 1451 983 1477 hoc
996 1449 1084 1477 solum
1099 1448 1170 1484 quod
1187 1448 1368 1476 circumcisus
1384 1449 1420 1476 sit
1438 1449 1587 1484 Abraham,
1604 1450 1656 1478 nisi
1686 1451 1718 1477 ﬁ-

931 1496 994 1524 dem
1009 1504 1119 1531 quoque
1130 1496 1205 1523 illius
1218 1496 1371 1523 imitentur.
1385 1496 1557 1524 Manifestum
1572 1503 1637 1532 ergo
1661 1503 1715 1530 est,

931 1542 1004 1577 quod
1016 1542 1098 1569 etiam
1111 1549 1126 1569 a
1141 1541 1302 1577 cognatione
1313 1541 1429 1569 Abrahte
1440 1542 1661 1571 excidentJudzci
1676 1545 1718 1572 ni-

931 1588 953 1616 si
965 1587 1144 1616 crediderint.
1158 1595 1167 1612 ι
1183 1586 1326 1614 Sedetiam
1340 1586 1376 1613 iis
1396 1587 1442 1622 qui
1465 1587 1607 1615 incedunt.
1631 1598 1640 1614 ›
1658 1588 1716 1617 Hoc

928 1638 972 1661 est
987 1633 1192 1666 obedientibus,
1205 1631 1458 1668 perseverantibus.
1472 1643 1480 1659 ι
1493 1633 1545 1660 Per
1552 1633 1666 1669 vestigia
1682 1634 1717 1661 ﬁ-

929 1679 984 1708 dei.
997 1689 1006 1706 ι
1027 1678 1056 1706 ld
1072 1683 1124 1711 est,
1137 1678 1329 1710 imitationem,
1345 1678 1565 1706 similitudinem.
1596 1679 1717 1716 Vcstigia

929 1725 1163 1752 dicuntureorum
1177 1723 1224 1758 qui
1237 1723 1314 1758 prius
1329 1723 1382 1750 iter
1398 1723 1523 1750 fecerunt
1559 1723 1661 1751 indicia
1684 1733 1717 1753 ac

929 1772 1006 1807 signa
1028 1771 1140 1806 pedum.
1154 1769 1223 1803 Quia
1248 1777 1314 1805 ergo
1333 1768 1363 1796 hi
1391 1769 1494 1804 posteri
1506 1774 1581 1802 sunt,
1606 1771 1718 1805 proprie

929 1824 961 1844 ac
972 1820 1044 1852 apte,
1057 1815 1110 1849 his,
1128 1815 1227 1850 inquit,
1246 1814 1294 1849 qui
1307 1814 1459 1841 immanent
1487 1813 1609 1848 vestigiis
1629 1821 1717 1849 eaque

930 1863 1124 1897 insequuntur,
1144 1861 1201 1888 sire
1217 1859 1444 1894 ambulantjuxta
1460 1858 1535 1886 illius
1549 1859 1672 1894 vestigia,
1686 1867 1718 1886 ac

930 1909 1001 1936 viam
1026 1908 1112 1943 ipsius
1127 1914 1189 1942 quae
1201 1906 1260 1933 sine
1285 1904 1500 1932 circumcisione
1526 1908 1597 1932 erat.
1613 1914 1622 1930 ι
1651 1905 1718 1938 Quze

931 1955 983 1982 fuit
996 1955 1024 1981 in
1037 1953 1182 1989 praeputio.
1198 1962 1207 1978 ι
1220 1952 1340 1979 Rursum
1353 1951 1492 1978 memoria:
1500 1950 1632 1986 suggerit,
1644 1951 1718 1986 quod

931 2002 957 2028 in
971 1999 1104 2036 prmputio
1120 1998 1279 2031 crediderit,
1292 2001 1321 2025 et
1333 1996 1507 2032 postmodum
1537 1997 1718 2025 circumcisus

933 2047 980 2074 sit.

966 2090 1009 2123 IV,
1025 2090 1071 2124 23,
1085 2090 1130 2118 24.
1148 2089 1208 2118 Νοη
1224 2089 1292 2117 enim
1303 2096 1350 2124 per
1369 2087 1452 2122 legem
1469 2087 1540 2121 facta
1549 2090 1588 2113 est
1606 2086 1720 2122 promi:-

930 2139 968 2166 εἱο
982 2138 1104 2168 Abrahte,
1114 2141 1161 2169 aut
1175 2136 1269 2164 semini
1287 2136 1353 2170 ejus.
1366 2136 1454 2169 ipsum
1473 2134 1604 2162 hwrcdem
1627 2133 1720 2160 mundi

931 2183 997 2218 fore,
1009 2183 1054 2210 sed
1066 2190 1112 2217 per
1122 2182 1256 2216 justitiam
1270 2181 1343 2215 ﬁdei.
1359 2179 1388 2207 Si
1414 2180 1482 2206 enim
1504 2180 1523 2206 ii
1547 2180 1632 2214 quicx
1664 2178 1720 2212 lege

930 2231 1003 2258 sunt,
1015 2226 1129 2253 hieredes
1141 2229 1214 2258 sunt,
1230 2225 1318 2251 inanis
1332 2224 1403 2258 facta
1412 2228 1449 2250 est
1463 2222 1538 2256 ﬁdes,
1551 2223 1629 2249 irrita
1647 2222 1719 2256 facta

93 2282 172 2306 στις.
192 2273 242 2300 καὶ
259 2272 441 2307 κατήργηται
467 2272 487 2306 ἡ
510 2272 683 2306 ἐπαγγελία.
711 2271 737 2298 Ὀ
757 2271 813 2306 γὰρ
827 2271 878 2298 νό-

966 2276 968 2295 ῐ
981 2271 1129 2307 promissio.
1142 2270 1211 2298 Nam
1227 2270 1268 2296 lea:
1278 2270 1348 2296 iram
1364 2272 1499 2302 operatur.
1513 2267 1594 2302 252
1613 2267 1641 2294 Si
1658 2268 1719 2302 qui-

91 2327 149 2354 μος
162 2318 258 2353 ὀργὴν
269 2317 474 2353 κατεργάζεται
484 2327 492 2334 ·
505 2315 541 2346 οὗ
558 2318 613 2353 γὰρ
629 2318 685 2345 οὐκ
698 2317 764 2344 ἐστι
777 2319 880 2352 νόμος,

95 2364 168 2392 οὐδὲ
182 2364 363 2398 παράϐασις.

123 2410 304 2446 Θαυμάσιονό
314 2410 398 2443 λέγει.
411 2408 514 2440 Οὕτως,
528 2408 620 2443 φησὶν,
631 2409 647 2442 ἠ
658 2408 791 2444 περιτομὴ
800 2409 883 2443 χωρὶς

98 2457 218 2488 πίστεως
231 2456 281 2482 οὐκ
297 2455 380 2491 ίσχύει
392 2455 545 2487 δικαιῶσαι,
569 2455 630 2481 οὐδὲ
654 2455 814 2490 προπάτορά
842 2463 883 2481 σοι

96 2505 176 2536 ποιεῖ,
191 2501 214 2530 ὦ
247 2503 368 2534 Ίουδαῖε,
379 2502 428 2528 -τὸν
451 2501 586 2536 Ἀϐραὰμ,
601 2501 670 2526 ὥστε
686 2501 746 2527 οὐδὲ
763 2501 777 2526 ὁ
801 2501 883 2535 νόμος

96 2550 138 2583 ἐφ’
154 2547 176 2583 ᾧ
193 2548 266 2584 μέγα
280 2549 398 2582 φρονεῖς,
417 2547 571 2574 συνετέλεσέ
586 2555 611 2572 τι
628 2547 667 2577 είς
690 2547 739 2578 τὰς
764 2547 884 2580 ἐπαγγε-

96 2595 205 2630 λίαςτῷ
226 2594 363 2630 ’Δῦραὲμη
379 2594 446 2620 ἀλλὰ
463 2594 530 2629 μόνη
561 2594 577 2628 ἡ
607 2593 708 2633 πίστις,

96 2642 217 2677 στῳγὰρ
230 2641 269 2667 ἔτι
288 2641 355 2674 ὄντι,
378 2641 425 2666 καὶ
439 2640 490 2675 πρὸ
513 2639 559 2665 τοῦ
590 2639 671 2673 νόμου
702 2639 828 2673 ἐδόθησαν
855 2641 883 2665 at

102 2686 268 2720 ἐπαγγελίαι
284 2685 469 2711 πιστεύσαντι.
484 2684 514 2710 Εἰ
537 2683 583 2710 οὖν
602 2683 683 2714 αὐτὸς
707 2685 720 2710 ὁ
747 2685 827 2718 νόμος
845 2685 884 2714 el;

95 2733 145 2764 τὰς
167 2731 335 2766 ἐπαγγελίας
357 2731 434 2757 οὐδὲν
460 2731 642 2762 συνετέλεσεν,
669 2728 748 2764 σχολῇ
772 2729 837 2763 γοῦν
868 2731 884 2763 ἡ

97 2778 233 2814 περιτομὴ
243 2777 310 2812 πρὸς
323 2775 495 2811 δικαιοσύνην
513 2775 664 2810 ἐξαρκέσει.
683 2789 718 2794 —-
737 2775 883 2801 ΓΕΝΝΛΔ.

100 2834 108 2850 ι
132 2812 170 2850 Τὸ
182 2812 350 2858 κίήρονόμον
364 2821 444 2848 αὑτὸν
456 2819 526 2848 εἶναι
538 2821 584 2847 τοῦ
604 2821 718 2855 κόσμου.
739 2829 747 2845 ι
780 2820 885 2855 Κληρο-

97 2871 196 2905 νόμους
214 2868 261 2897 τοῦ
279 2869 382 2903 κόσμου
397 2867 459 2898 τοὺς
472 2866 596 2897 δικαίους
611 2866 720 2892 ἔσεσθαί
733 2875 824 2901 φησιν,
844 2868 885 2892 ὅτι

101 2917 156 2944 τῶν
167 2915 275 2943 ἀσεϐῶν
287 2915 318 2941 ἐκ
333 2914 416 2950 μέσου
429 2912 592 2948 γενομένων,
606 2912 652 2938 καὶ
681 2912 886 2947 παραδοθέντων

751 2594 882 2628 ’Λκροϋύ-

933 2321 992 2346 dem
1005 2319 1048 2346 ubi
1062 2327 1114 2345 non
1128 2322 1166 2345 est
1182 2317 1277 2351 lez,ibi
1290 2324 1336 2344 nec
1353 2315 1530 2351 transgressio
1546 2319 1594 2342 est.

969 2397 1166 2439 Atlmirandunt
1180 2414 1221 2437 est
1235 2409 1308 2444 quod
1329 2409 1408 2436 dicit.
1436 2407 1522 2440 Adeo,
1539 2407 1640 2442 inquit,
1667 2408 1721 2434 cir-

935 2456 1067 2484 cumcisio
1077 2456 1137 2483 sine
1152 2455 1204 2482 ﬁde
1215 2450 1367 2490 iustiﬁcare
1388 2454 1494 2488 nequit,
1511 2461 1601 2488 neque
1623 2461 1722 2488 proge-

935 2502 1052 2529 nitorem
1067 2501 1117 2527 tibi
1129 2500 1194 2527 facit
1208 2499 1357 2531 Abraham,
1373 2506 1389 2525 ο
1403 2498 1509 2530 Iudaee,
1522 2503 1615 2525 utnec
1629 2499 1671 2526 lex
1692 2498 1720 2525 iu

936 2557 990 2583 qua
1008 2547 1150 2574 cxtollcris
1166 2546 1316 2581 quidquam
1337 2545 1454 2572 Abrahae
1470 2545 1503 2572 ad
1525 2545 1722 2579 promissiones

936 2594 1094 2625 contulerit,
1108 2593 1157 2620 sed
1172 2593 1228 2620 sola
1241 2592 1320 2618 ﬁdes.
1334 2592 1401 2618 Nam
1426 2599 1488 2618 cum
1502 2591 1592 2617 adhuc
1612 2598 1722 2625 przepu-

938 2640 1147 2669 tiatusesset,et
1159 2642 1222 2665 ante
1233 2638 1321 2672 legem
1342 2637 1464 2664 credenti
1478 2637 1548 2663 datm
1571 2641 1635 2663 sunt
1658 2643 1722 2669 pro-

938 2685 1092 2711 uiissioncs.
1108 2683 1137 2710 Si
1148 2690 1214 2718 ergo
1230 2683 1274 2709 lex
1303 2683 1360 2717 ipsa
1381 2682 1450 2708 nihil
1472 2681 1504 2708 ad
1526 2680 1723 2714 prouiissiones

936 2730 1064 2761 contulit,
1081 2730 1161 2765 longe
1183 2737 1249 2764 ergo
1279 2728 1372 2756 minus
1392 2727 1566 2755 circumcisio
1586 2726 1619 2752 ad
1637 2726 1720 2759 justi-

938 2778 1003 2804 tiam
1017 2777 1148 2804 sufﬁeiet.
1163 2786 1171 2802 ι
1191 2775 1334 2804 llzeredem
1350 2775 1445 2802 mundi
1470 2773 1539 2800 fore.
1560 2782 1570 2799 ι
1587 2771 1718 2799 Ιίτετοιιος

939 2823 1033 2849 mundi
1051 2823 1108 2849 fore
1122 2821 1160 2848 ait
1174 2822 1263 2856 justos
1276 2830 1282 2847 :
1295 2821 1358 2855 quia
1371 2820 1463 2855 impiis
1475 2819 1508 2846 de
1522 2818 1611 2846 medio
1629 2818 1724 2844 subla-

939 2869 984 2899 tis,
1000 2875 1031 2894 ac
1052 2868 1080 2894 iu
1101 2867 1145 2894 die
1160 2867 1254 2902 judieii
1271 2866 1407 2900 supplicio
1426 2865 1544 2897 traditis,
1562 2864 1721 2891 universum

940 2913 1070 2947 deinceps
1094 2912 1226 2939 mundum
1248 2911 1388 2938 habebttnt
1405 2911 1471 2946 justi
1491 2910 1651 2938 innovatum
1675 2915 1724 2935 co‘
