1878 3054
209 137 261 168 35.7

766 133 970 164 (ECUMENII
991 131 1137 162 ΤΙΠΕΟίΕ
1156 131 1327 162 EPISCOPI

1817 131 1862 162 38%

209 201 261 221 nes
281 201 287 219 :
307 196 374 227 puta
390 191 458 219 illud
474 200 480 219 :
500 201 508 217 ι
527 191 561 219 Et
576 190 604 218 in
624 189 729 218 semine
742 189 967 226 tuobcnedicent

1064 187 1223 222 (nOﬁoovsat
1248 188 1277 213 ἐν
1296 186 1335 221 τῷ
1361 185 1501 221 σπέρματι
1524 195 1573 213 σου
1596 186 1698 215 πάντα
1717 184 1754 211 τὰ
1767 184 1859 219 ἔθνη.»

210 246 308 266 omnes
321 242 416 273 gentes
429 238 461 264 η.
485 246 493 262 ι
509 237 538 264 ld
551 244 617 271 ergo
633 236 739 271 justitia
751 240 802 267 est,
815 235 848 262 de
863 234 1000 263 salvandis

210 285 294 312 etiam
317 283 438 319 indignis
463 283 609 310 veritatem
630 286 768 317 praestare.
789 290 798 306 ι
817 281 845 308 ln
872 280 999 315 prtesenti

212 336 346 366 tempore.
372 339 381 355 ι
398 329 467 356 Cum
485 328 621 356 dixisset:
643 337 652 353 ι
677 327 718 354 Ad
739 327 936 354 ostendendam
960 326 1000 362 ju-

212 377 314 404 stitiam
331 383 408 402 suam
424 384 433 400 ι
457 374 612 408 subiunxit,
629 383 638 399 ‹
651 373 681 401 In
697 373 824 408 prmsenti
840 377 973 407 tempore.
990 381 999 397 ι

212 421 353 456 Siquidem
378 420 425 448 Dei
451 419 559 454 justitia
588 426 648 453 qua-
663 418 690 445 in
711 417 838 452 praesenti
855 422 915 444 erat
934 421 1002 443 tem-

211 475 289 502 pore,
311 473 367 501 quo
382 466 514 492 videlicet
529 469 651 492 nostram
672 463 889 499 redemptionem
905 471 1002 498 opera-

211 519 256 542 tus
266 518 318 545 est,
336 513 416 548 plena
429 512 610 547 benignitate,
630 512 710 546 plena
735 511 818 543 dono,
843 511 923 545 plena
942 515 1003 537 erat

211 565 238 588 ct
253 560 340 595 gratia
358 567 365 590 ;
382 559 500 593 ideoque
515 558 642 584 dicebat:
660 567 668 581 ι
684 558 743 584 Non
755 557 816 583 veni
834 561 863 583 ut
874 555 1003 582 condem-

211 611 276 632 nem
294 605 439 636 mundum,
455 603 503 631 sed
514 608 545 630 ut
560 603 664 629 salvum
679 603 775 629 faciam
797 602 931 628 mundum
943 601 974 627 ³³.
990 610 998 626 ι

213 650 320 678 Futura
335 658 401 677 vero
417 649 522 685 justitia
539 649 601 676 talis
618 649 735 684 amplius
748 656 802 675 non
813 648 876 678 erit,
896 647 943 674 sed
958 655 1003 674 re-

212 697 328 724 tributio
344 697 478 731 cujusque
492 695 546 723 erit
559 695 592 722 de
605 695 649 722 his
666 702 726 729 qua:
737 695 804 730 egit,
816 694 900 721 veluti
919 694 1001 721 etiam

213 744 259 771 hic
276 750 386 770 rursum
399 743 487 769 dicit:
507 751 515 766 ι
535 741 684 768 Revelalur
697 741 770 768 enim
786 742 826 767 ira
842 741 899 771 Dei,
919 749 927 766 ι
946 745 1000 767 etc.

212 789 265 816 Aut
293 789 330 815 ita
359 787 551 822 accipiendum
580 791 632 820 est,
659 787 786 814 Ostensio
819 787 847 813 in
874 786 1001 821 ιιι-πεδηιί

215 840 337 870 tempore
365 835 436 862 facta
463 839 515 866 est,
542 834 629 870 ipsius
644 833 775 860 videlicet
796 832 934 864 toleratio,
952 831 1002 858 do-

213 869 279 908 num
293 880 436 915 gratiaque
449 880 549 907 futura:
560 879 683 915 justitiaa.
700 879 823 912 Quonam
837 883 928 906 autem
944 885 1003 904 mo-
1020 869 1039 896 Β

213 926 268 953 do?
283 926 349 953 Nam
362 926 395 957 si,
413 933 475 952 cum
487 925 556 952 adeo
569 925 733 960 longanimis
745 925 838 956 fuerit,
853 932 885 951 ac
899 928 1002 951 tantam

214 971 365 999 contulerit
382 971 658 1006 gratiam,.tantoque
679 977 795 997 munere
815 969 945 1004 dignatus
956 969 1002 1002 sit,

213 1025 269 1044 non
286 1021 430 1045 convertat
447 1025 506 1049 eos,
517 1024 608 1052 neque
623 1016 752 1044 meliores
764 1016 878 1043 eﬂ'cctos
891 1015 1002 1047 habeat,

214 1064 243 1091 in
259 1064 352 1091 lutum
371 1071 434 1091 cum
452 1064 538 1090 multa
556 1063 664 1099 justitia
693 1062 801 1089 inducit
825 1062 1002 1097 supplicium.

218 1119 227 1134 ι
245 1109 280 1136 Ει
300 1109 454 1145 justiﬁcans
473 1116 536 1136 eum
556 1109 603 1144 qui
627 1112 718 1136 estex
739 1107 791 1135 ﬁde
805 1108 880 1136 Jesu.
905 1116 914 1132 I
933 1105 1004 1135 Ec'ce

214 1157 401 1184 ostensionem
427 1157 552 1192 justitiaa,
574 1160 640 1191 puta
651 1157 725 1191 quod
741 1164 797 1183 non
809 1157 897 1183 solum
913 1157 1004 1191 justus

215 1205 251 1231 sit
267 1204 349 1235 Deus,
381 1204 429 1231 sed
445 1208 473 1231 et
496 1203 652 1239 justiﬁcans
666 1211 740 1235 eum,
768 1203 815 1238 qui
842 1208 884 1230 est
903 1211 936 1230 ex
950 1202 1004 1231 ﬁde

214 1250 292 1282 Jcsn,
307 1258 406 1284 nempe
421 1250 563 1284 proprium
583 1250 630 1277 Dei
642 1250 773 1284 populum
786 1249 925 1277 eﬁ‘ectum.

251 1296 298 1328 ΙΙΙ,
312 1296 408 1322 *Ξῖ-51.
430 1296 477 1323 Ubi
501 1300 540 1322 est
561 1296 643 1330 igitur
658 1295 782 1330 gloriatio
795 1296 806 1322 ξ’
817 1295 931 1322 Εποιιιεα
955 1300 1002 1323 est.

215 1342 268 1368 Per
282 1350 360 1376 quam
373 1341 476 1376 legem?
489 1350 598 1376 operum
611 1342 623 1368 ?
635 1340 706 1372 Non,
720 1341 766 1368 sed
774 1349 821 1376 per
837 1341 918 1377 legem
931 1341 1004 1376 ﬁdei.

215 1388 386 1415 Arbitrantur
409 1387 490 1422 igitur
513 1387 659 1422 justiﬁcari
691 1388 821 1414 hominem
848 1395 895 1422 per
925 1388 1005 1422 ﬁdem

215 1434 314 1468 absque
339 1433 459 1469 operibus
484 1433 558 1468 legis.
573 1434 613 1460 An
627 1433 781 1460 Judworum
794 1433 861 1460 Deus
877 1438 980 1461 tantum
994 1434 1007 1461 ?

216 1488 252 1506 an
269 1487 320 1506 non
338 1483 363 1505 et
389 1479 527 1514 gentium?
542 1478 617 1506 Certe
635 1483 660 1505 et
682 1480 801 1514 gentium
819 1480 1006 1515 :quandoqui-

215 1527 275 1553 dem
289 1534 356 1552 unus
369 1530 406 1552 est
423 1525 502 1559 Deus,
516 1526 560 1560 qui
570 1525 726 1560 justiﬁeabit
740 1526 964 1553 circumcisionem
974 1534 1005 1553 ea:

215 1572 281 1606 ﬁde,
301 1576 325 1598 et
338 1572 499 1607 praeputium
517 1580 564 1607 per
584 1571 674 1606 ﬁdem.
690 1572 785 1607 Legem
803 1573 884 1607 igitur
900 1573 1007 1600 irritam

216 1619 328 1654 facimus
339 1625 386 1653 per
396 1617 477 1651 ﬁdem
490 1617 503 1644 :7
513 1618 589 1644 Absit
605 1617 614 1644 !
624 1618 670 1644 sed
681 1618 764 1653 legem
777 1617 936 1645 stabilimus.

1021 1545 1042 1574 C

252 1708 333 1745 245
354 1709 403 1736 His
426 1708 510 1743 igitur
525 1708 564 1735 ita
586 1708 677 1740 factis,
701 1708 841 1743 Patreque
864 1708 1006 1743 proprium

216 1755 340 1783 salvante
361 1754 504 1789 populum,
524 1754 572 1789 qui
589 1762 623 1782 ex
639 1754 692 1781 ﬁde
713 1753 779 1782 Jesu
796 1759 839 1781 est
855 1763 861 1781 :
877 1754 924 1781 ubi
939 1763 1006 1790 ergo

215 1807 259 1830 est
273 1802 431 1830 Judeorum
443 1801 589 1837 gloriatio?
602 1801 729 1829 Ostendit
743 1809 791 1829 eos
802 1809 871 1829 vane
883 1802 1006 1837 gloriari.

215 1851 333 1880 Exclusa
349 1855 405 1883 est,
416 1858 471 1878 non
486 1850 723 1885 dixit,Disparuit,
736 1851 795 1884 sed,
809 1851 927 1879 Exclusa
942 1855 984 1879 est
999 1861 1006 1878 :

215 1895 366 1924 ostendens
391 1895 465 1931 quod
480 1896 564 1923 etiam
584 1901 687 1924 sortem
712 1904 788 1924 suam
801 1897 941 1932 quondam
958 1898 1007 1925 ha-

216 1942 288 1975 buit,
307 1950 382 1969 nunc
400 1950 467 1970 vero
483 1942 552 1969 ﬁdes
573 1943 648 1970 illam
667 1943 795 1970 exclusit.
813 1943 900 1970 Porro
919 1944 1007 1980 legem

218 1996 346 2023 operum,
373 1996 423 2023 per
435 1988 619 2023 periphrasim
645 1988 872 2023 loquendo,dicit
898 1997 1006 2024 opera:

217 2034 370 2068 eodemque
390 2034 472 2061 modo
484 2035 571 2069 legem
586 2034 661 2067 ﬁdei,
673 2034 700 2061 id
713 2039 756 2061 est
768 2034 914 2063 ﬁdem.Ait
924 2043 1006 2071 ergo:

216 2079 276 2108 Non
290 2088 338 2114 per
349 2087 432 2115 opera
447 2087 508 2115 quae
523 2079 638 2108 fecimus
652 2080 810 2109 Iudaeorum
820 2082 947 2116 gloriatio
961 2089 1008 2109 ex-

216 2127 296 2154 clusa
311 2131 365 2159 est,
381 2127 429 2154 sed
441 2135 490 2162 per
505 2127 600 2160 ﬁdem,
617 2131 747 2161 tanquam
764 2127 869 2155 diceret
888 2137 894 2154 :
912 2128 1007 2156 Omnis

217 2174 264 2201 illa
291 2174 419 2208 gloriatio
447 2181 563 2208 qumque
591 2173 722 2201 videntur
748 2174 935 2209 praerogativae
951 2175 1008 2209 [per

218 2218 300 2247 ﬁdem
316 2220 433 2247 exclusae
450 2225 516 2247 sunt
541 2220 646 2255 absque
663 2224 821 2247 nostrorum
846 2221 1009 2248 necessitate

217 2272 346 2300 operum.
380 2274 389 2291 ι
405 2265 580 2292 Arbitramur
595 2266 679 2301 igitur
692 2274 741 2300 per
768 2266 848 2293 ﬁdem
864 2266 1008 2302 justiﬁcari

219 2312 372 2344 hominem,
393 2322 402 2338 ι
421 2317 476 2340 etc.
505 2313 600 2347 Itaque
628 2312 757 2344 dicimus,
780 2313 879 2348 inquit,
902 2320 934 2340 ex
956 2312 1009 2340 ﬁde

217 2358 364 2392 iustiﬁcari
382 2358 524 2385 hominem
547 2358 606 2385 sine
628 2358 698 2394 legis
716 2358 917 2386 observatione.
941 2368 950 2384 ι
968 2358 1009 2386 An

217 2403 377 2431 Judaeorum
393 2404 466 2431 Deus
486 2404 615 2431 tantum?
634 2413 644 2429 ι
664 2404 732 2431 Nam
745 2405 766 2432 si
782 2405 856 2432 solos
870 2404 1010 2440 eosjusti-

218 2447 328 2474 ﬁcasset
351 2448 398 2482 qui
423 2457 457 2475 ex
471 2449 531 2484 lege
554 2449 734 2482 accedebant,
752 2454 800 2477 aut
813 2450 861 2484 qui
880 2457 941 2477 sese
955 2449 1008 2484 legi

217 2492 397 2526 adaptabant.
413 2498 442 2520 et
453 2501 508 2520 non
519 2501 628 2522 omnem
644 2495 691 2529 qui
711 2495 837 2522 crederet
853 2495 1004 2526 hominem,

218 2539 335 2566 alterius
357 2539 492 2567 duntaxat
515 2541 602 2575 partis
624 2541 697 2568 Deus
713 2546 787 2568 esset
808 2551 814 2568 :
829 2540 876 2568 sed
892 2547 965 2567 nunc
978 2543 1007 2567 et

215 2585 376 2613 Iudaeorum
394 2586 467 2613 Deus
480 2591 522 2614 est
533 2591 562 2614 et
578 2588 712 2622 gentium,
735 2587 959 2622 quandoquidem
973 2594 1006 2613 ex

216 2631 343 2665 utrisque
364 2631 510 2659 credentes
529 2632 620 2659 salvos
641 2632 718 2659 facit.
749 2641 758 2658 ι
775 2632 825 2664 Qui
845 2631 1008 2667 justiﬁcabit

216 2677 456 2705 circumcisionem
474 2686 508 2706 ex
524 2679 588 2711 ﬁde,
610 2688 619 2704 ι
638 2683 692 2706 etc.
715 2678 749 2705 Et
768 2678 811 2705 his
823 2678 868 2712 qui
892 2686 925 2705 ex
948 2678 1006 2713 lege

217 2727 291 2755 sunt,
311 2727 339 2750 et
353 2723 395 2751 his
412 2724 460 2759 qui
476 2729 551 2752 extra
561 2725 659 2760 legem,
677 2724 730 2751 ﬁde
741 2731 811 2758 opus
827 2729 877 2757 est,
894 2729 924 2752 ut
938 2724 1005 2752 salvi

217 2768 294 2795 haut.
318 2778 328 2795 ‹
356 2769 456 2806 Legem
482 2770 683 2806 igiturirritam
712 2770 847 2798 facimus?
872 2771 1005 2798 iTurlea-

254 2856 276 2872 ¹²
292 2856 359 2884 Gen.
377 2865 443 2891 xx",
470 2859 510 2885 18.
547 2859 566 2874 "‘
579 2859 656 2886 Jnun.
680 2868 727 2890 xu.
745 2861 788 2887 εἳ.

1053 233 1138 259 Τοῦτο
1159 231 1206 260 οὖν
1228 233 1397 268 δικαιοσύνη.
1413 233 1444 259 τὺ
1468 232 1629 267 ἀληῦεὓσαι
1663 233 1717 258 καὶ
1741 232 1789 257 ἐπὶ
1812 234 1863 263 τοῖς

1052 280 1171 313 ἀναξίοις
1186 279 1233 307 τοῦ
1251 279 1395 311 σώζεσθαι.
1412 290 1420 305 ι
1432 280 1478 306 Ἐν
1500 279 1537 315 τῷ
1549 279 1601 306 νῦν
1621 279 1734 314 καιρῷ.
1747 288 1756 303 ι
1768 278 1860 316 [ΦΩΤᾼ

1052 340 1086 345 -—
1100 334 1109 349 ι
1123 324 1194 360 Πρὸς
1219 325 1330 356 ἔνδειξιν
1347 325 1396 360 τῆς
1419 325 1599 360 δικαιοσύνης
1627 325 1754 356 αὐτοῦ,»
1773 324 1861 355 εἰπὼν,

1053 371 1204 405 ἐπήγαγεν,
1223 381 1232 397 ι
1248 371 1293 398 Ἐν
1309 371 1346 407 τῷ
1362 371 1409 398 νῦν
1426 371 1524 406 καιρῷ.
1538 381 1547 397 ι
1572 371 1612 397 Ἠ
1630 372 1692 406 γὰρ
1715 372 1747 397 ὲν
1761 371 1801 406 τῷ
1822 371 1862 398 νῦν

1053 417 1142 452 καιρῷ
1168 418 1326 453 δικαιοσύνη
1355 418 1402 444 τοῦ
1429 417 1516 450 Θεοῦ,
1535 418 1694 444 τουτέστιν
1721 418 1752 444 ὲν
1777 414 1800 451 ᾧ
1820 418 1863 452 τὴν

1055 463 1243 499 ἀπολύτρωσιν
1256 465 1335 499 ἡμῶν
1345 464 1504 500 εἰργάσατο,
1520 465 1638 500 πλήρης
1652 462 1690 499 ἦν
1710 463 1851 499 φιλανθρω

1054 510 1129 542 πίας,
1145 511 1252 546 πλήρης
1268 511 1382 547 δωρεᾶς,
1401 511 1507 546 πλήρης
1530 512 1663 546 χάριτος.
1683 511 1732 536 Διὸ
1750 511 1863 536 31:151.:-

1054 564 1102 590 γεν
1120 564 1127 570 ·
1146 565 1154 581 ι
1170 557 1226 583 Ούκ
1239 555 1321 592 ἦλθον
1346 558 1439 592 κρῖναι
1452 557 1498 584 τὸν
1510 558 1633 592 κόσμον,
1653 556 1717 583 ἀλλ’
1734 556 1779 582 ῖνσ
1794 556 1860 591 σωθῇ

1053 604 1067 629 ὀ
1094 602 1229 637 κόσμος.)
1265 603 1299 631 Ἠ
1327 603 1355 630 δὲ
1383 603 1517 638 μέλλουσα
1539 603 1727 638 δικαιοσύνη,
1754 603 1804 629 οὐκ
1827 603 1862 629 ἔτι

1054 648 1164 683 ὁμοίως,
1182 648 1240 675 ἀλλ’
1259 649 1439 681 ἁνταπόόοσίς
1455 651 1529 676 ἐστιν
1542 649 1660 684 ἑκάστῳ
1687 649 1746 675 τῶν
1768 649 1861 684 $56M-

1056 694 1156 729 μένων,
1173 694 1210 726 ὡς
1234 696 1281 721 καὶ
1306 692 1385 726 οὗτος
1405 696 1486 723 πάλιν
1503 695 1599 730 φησὶν,
1623 705 1632 721 ι
1649 695 1860 722 Ἀποκαλύπτε-

1053 749 1098 768 ται
1121 740 1175 776 γὰρ
1200 741 1269 776 ὀργὴ
1292 741 1393 773 Θεοῦ,)
1417 742 1462 768 καὶ
1492 743 1566 778 ἑξῆς.
1600 742 1640 768 Ἣ
1670 741 1764 772 οὕτως
1785 742 1861 772 Exin:-

1054 787 1135 814 πτέον
1146 795 1153 804 ⁸
1173 787 1306 820 Ἔνδειξις
1321 787 1435 822 γέγονεν
1454 789 1484 814 ἐν
1498 788 1536 823 τῷ
1555 788 1607 815 νῦν
1625 787 1736 823 καιρῷ,
1753 789 1770 823 ἡ
1782 788 1859 822 ἀποχὴ

1054 833 1136 860 αὐτοῦ
1153 834 1201 861 καὶ
1221 835 1236 869 ἡ
1252 834 1352 869 δωρεὰ,
1368 836 1415 861 καὶ
1435 835 1451 870 ἠ
1470 835 1549 870 χάρις
1566 835 1623 868 τῆς
1651 834 1811 870 μελλούσης
1827 834 1859 860 6-.-

1053 881 1211 917 καιοσύνης.
1231 881 1293 913 Πῶς
1313 882 1360 908 καὶ
1387 882 1448 908 τίνα
1473 882 1594 917 τρόπον;
1614 882 1648 908 Et
1665 882 1723 916 γὰρ
1735 881 1858 907 τοσοῦτον

1055 927 1274 962 μακροθυμήσας
1289 948 1296 959 ,
1329 927 1456 954 τοσοῦτον
1482 928 1677 964 χαρισάμενος
1694 947 1702 959 ,

1053 972 1158 1008 δωρεᾶς
1173 973 1292 1005 ἀξιώσας
1314 974 1364 1000 οὐκ
1384 973 1551 1009 ἐπέστρεψεν
1580 974 1642 1000 οὐδ’
1657 973 1725 1008 ἔσχε
1750 972 1857 1008 βελτίω-

1054 1019 1158 1051 θέντας.
1182 1020 1250 1055 μετὰ
1281 1020 1380 1054 πολλῆς
1400 1020 1454 1055 ἄρα
1481 1020 1664 1055 δικαιοσύνης
1685 1020 1795 1046 ἐκεῖθεν
1813 1021 1857 1046 ἐπ’

1055 1065 1115 1099 άγει
1130 1066 1178 1097 τὰς
1192 1066 1339 1102 τιμωρίας.
1358 1076 1366 1092 ι
1378 1067 1431 1093 Καὶ
1454 1066 1614 1093 δικαιοῦντα
1631 1067 1681 1092 τὸν
1696 1067 1730 1092 ἐκ
1746 1067 1856 1097 πίστεως

1061 1111 1197 1145 Ἰησοῦν.)
1220 1113 1288 1139 Ἰδοὺ
1311 1113 1327 1148 ὴ
1351 1112 1465 1145 ἔνδειξις
1480 1113 1529 1146 τῆς
1556 1112 1758 1146 δικαιοσύνης,
1776 1111 1806 1137 τὺ
1824 1111 1854 1146 μὴ

1056 1158 1135 1192 μόνον
1151 1155 1223 1184 εἶναι
1243 1158 1348 1185 δίκαιον
1362 1159 1408 1185 τὸν
1423 1158 1500 1190 Θεὸν,
1518 1159 1586 1185 ἀλλὰ
1603 1160 1657 1184 καὶ
1678 1160 1721 1191 τδ,
1740 1158 1852 1184 δικαιοῦν

1054 1202 1100 1229 τὸν
1112 1202 1156 1229 διὰ
1172 1203 1291 1235 πίστεως
1308 1202 1355 1229 τοῦ
1380 1203 1467 1238 Ἰησοῦ
1496 1204 1598 1230 οἰκεῖον
1617 1203 1692 1230 Θεοῦ
1707 1203 1773 1229 λαὸν
1790 1203 1854 1237 γινό-

1056 1256 1147 1283 μενον.

1090 1295 1153 1322 Ποῦ
1167 1293 1223 1323 οὖν
1242 1295 1261 1329 ἡ
1274 1295 1441 1329 καύχησις;
1464 1295 1682 1330 Ἐξεκλεὶσθη,
1697 1296 1750 1323 Διὰ
1772 1296 1852 1323 ποίου

1055 1343 1167 1376 νόμου;
1187 1341 1248 1368 τῶν
1267 1341 1380 1376 ἐργων;
1400 1342 1484 1376 Οὐχὶ,
1507 1343 1589 1369 ἀλλὰ
1616 1342 1671 1370 διὰ
1698 1344 1794 1378 νόμον
1809 1344 1851 1369 πί-

1056 1395 1161 1420 στεως.
1179 1388 1357 1422 Λοτιζόμεθα
1371 1385 1438 1419 οὖν,
1458 1388 1559 1415 πίστει
1583 1386 1784 1417 δικαιοῦσθαι
1808 1389 1850 1417 ἂν·

1056 1436 1185 1468 θρωπον,
1196 1434 1287 1468 χωρὶς
1302 1435 1398 1469 ἔργων
1408 1436 1514 1468 νόμου.
1530 1435 1564 1461 Ἡ
1577 1435 1739 1462 Ἰουδαίων
1759 1437 1776 1461 o'
1789 1435 1849 1467 θεές

1053 1481 1169 1515 μόνον;
1186 1480 1254 1514 οὐχὶ
1271 1479 1304 1506 δὲ
1318 1479 1487 1513 καὶὲθνῶν;
1501 1481 1555 1507 Ναὶ
1572 1482 1626 1507 καὶ
1641 1481 1754 1508 ἐθνῶν.
1765 1481 1849 1507 Ἐπείη

1058 1533 1113 1559 περ
1127 1524 1171 1558 εἷς
1186 1527 1202 1552 ό
1219 1525 1300 1558 Θεὸς,
1319 1526 1352 1558 ὃς
1376 1525 1527 1554 δικαιώσει
1555 1527 1731 1562 περιτομὴν
1753 1527 1786 1553 ἐκ
1811 1526 1849 1553 :.l-

1058 1580 1162 1604 στεως,
1178 1572 1227 1599 καὶ
1248 1572 1452 1606 ἀκροϐυστίαν
1465 1572 1514 1599 διὰ
1531 1573 1586 1607 τῆς
1603 1574 1848 1608 πίστεως-,Νόμαν

1058 1616 1116 1645 οὖν
1132 1619 1339 1653 καταργοῦμεν
1357 1619 1405 1646 διὰ
1421 1619 1476 1653 τῆς
1488 1619 1638 1653 πίστεως;
1654 1620 1706 1654 Μὴ
1726 1616 1848 1656 γένοιτο]

1057 1663 1138 1691 ἀλλὰ
1152 1665 1247 1699 νόμον
1262 1664 1401 1699 ἱστῶμεν.

1094 1710 1203 1737 Τούτων
1226 1711 1315 1737 τοίνυν
1337 1711 1408 1738 οὕτω
1427 1712 1633 1747 γεγενημένων,
1652 1714 1702 1740 καὶ
1725 1712 1773 1739 τοῦ
1797 1712 1846 1738 Πα-

1057 1756 1122 1791 τρδς
1140 1756 1272 1788 σώζοντος
1294 1757 1340 1784 τὸν
1360 1758 1392 1784 ἐκ
1417 1758 1536 1790 πίστεως
1558 1759 1650 1794 Ἰησοῦ
1680 1759 1846 1786 οἰκειωθὲντα

1058 1802 1131 1835 λαὺν,
1149 1802 1200 1829 ποῦ
1229 1803 1322 1830 λοιπὸν
1350 1804 1404 1830 τῶν
1416 1804 1551 1832 Ἰουδαίων
1576 1806 1593 1841 ἡ
1622 1805 1778 1841 καύχησις;
1795 1805 1844 1849 ρεῖ-

1058 1856 1152 1875 κνυσιν
1175 1848 1274 1879 αὐτοὺς
1289 1849 1352 1884 εικῆ
1368 1851 1574 1885 καυχωμένους.
1586 1851 1766 1886 Ἐξεκλεῐσθη
1781 1858 1788 1865 ·
1801 1851 1843 1877 οὐκ

1058 1892 1146 1926 εἶπεν,
1167 1894 1331 1929 Ἥφανίσθη,
1359 1895 1427 1928 ἀλλ’,
1458 1896 1654 1933 Ἐξεκλείσθη·
1679 1897 1785 1927 δεικνὺς
1809 1895 1843 1921 ὅτι

1058 1941 1106 1966 καὶ
1133 1940 1227 1976 χώραν
1251 1938 1309 1976 εἶχε
1339 1950 1415 1968 ποτε.
1435 1941 1492 1968 Νῦν
1522 1942 1616 1977 μέντοι
1642 1944 1660 1978 ὴ
1689 1943 1778 1973 πίστις
1796 1942 1842 1967 ἁπ-

1059 1986 1181 2012 έκλεισεν
1205 1987 1302 2022 αὑτήν.
1315 1987 1410 2022 Νόμου
1427 1987 1526 2022 ἔργων,
1539 1988 1594 2015 τῶν
1611 1989 1704 2025 ἔργων
1719 1995 1843 2023 περιᾳρα-

1060 2034 1171 2065 στικῶς.
1189 2034 1243 2060 Καὶ
1261 2034 1344 2069 νόμου
1360 2035 1490 2067 πίστεως,
1507 2034 1556 2069 τῆς
1569 2036 1693 2067 πίστεως
1717 2041 1842 2070 περιφρα-

1060 2079 1172 2111 στικῶς.
1187 2079 1274 2114 Φησὶν
1297 2077 1360 2106 οὖν·
1382 2081 1420 2106 Οὐ
1436 2081 1470 2107 δι’
1485 2080 1574 2116 ἔργων
1592 2079 1630 2108 ὧν
1648 2080 1805 2116 ἐπράξαμεν
1826 2079 1838 2112 ἡ

1058 2125 1195 2151 Ἰουδαίων
1209 2124 1344 2160 καύχησις
1360 2124 1531 2160 ἐξεκλείσθη,
1556 2125 1626 2152 ἀλλὰ
1652 2126 1698 2153 διὰ
1723 2126 1837 2154 πίστεως.

1057 2170 1095 2202 ὡς
1111 2168 1188 2197 εἶπεν
1198 2178 1205 2185 ·
1224 2171 1302 2197 Πᾶσα
1318 2171 1410 2206 ἐκείνη
1426 2171 1442 2206 ἠ
1455 2171 1599 2206 καύχησις,
1618 2172 1666 2198 καὶ
1681 2172 1715 2198 τὰ
1724 2170 1839 2197 δοκοῦντα

1731 926 1859 962 τοσαύτης

1023 2214 1049 2243 Ι)
1064 2217 1269 2253 προτερήματα,
1287 2217 1330 2243 διὰ
1348 2217 1398 2252 τῆς
1418 2217 1537 2248 πίστεως
1552 2217 1733 2252 ἀπεκλείσθη,
1745 2217 1772 2244 οὺ
1786 2215 1838 2248 δεη-

1061 2263 1163 2290 θέντων
1178 2263 1256 2298 ἡμῶν
1286 2263 1384 2298 ἔργων.
1407 2273 1415 2289 ι
1429 2264 1602 2299 Λογιζόμεοα
1628 2265 1676 2291 οὖν
1700 2265 1784 2290 πίστει
1804 2261 1838 2287 δι-

1060 2310 1204 2337 καιοῦσθαι
1218 2310 1372 2346 ἄνθρωπον,
1386 2319 1395 2336 ι
1414 2310 1462 2337 καὶ
1485 2311 1520 2337 τὰ
1550 2311 1624 2346 ἑξῆς.
1640 2310 1786 2346 Τοιγαροῦν
1798 2308 1835 2334 λέ-

1061 2364 1156 2390 γομεν,
1172 2356 1265 2390 φησὶν,
1292 2357 1324 2382 ὲκ
1352 2358 1472 2388 πίστεως
1499 2357 1672 2384 δικαιοῦσθαι
1694 2357 1834 2391 ἄνθρωπον.

1060 2403 1145 2437 χωρὶς
1160 2402 1209 2436 τῆς
1228 2403 1262 2428 ἐκ
1291 2402 1374 2438 νόμου
1392 2405 1622 2439 παρατηρήσεως.
1640 2414 1650 2430 ε
1662 2405 1697 2431 Ἢ
1714 2401 1833 2430 Ἰουδαίων

1061 2450 1075 2475 ὸ
1093 2449 1158 2481 Θεὸς
1180 2449 1291 2484 μόνονςι
1312 2450 1343 2476 Εἰ
1360 2451 1414 2484 γὰρ
1430 2451 1527 2486 μόνους
1545 2451 1607 2482 τοὺς
1634 2452 1666 2478 ὲκ
1691 2449 1736 2477 τοῦ
1762 2448 1833 2482 νόμου

1060 2494 1250 2529 ὁρμωμένους,
1267 2494 1283 2530 ἢ
1302 2494 1340 2529 τῷ
1356 2495 1432 2530 νόμῳ
1456 2495 1629 2530 ποιχοῦντας
1655 2494 1778 2523 ἐδικαίου.
1794 2490 1832 2518 καὶ

1059 2541 1120 2576 οὐχὶ
1136 2540 1225 2567 πάντα
1240 2541 1383 2576 ἄνθρωπον
1396 2541 1442 2568 τὸν
1457 2541 1630 2575 πιστεύοντα,
1646 2539 1791 2577 μονομερὴς
1805 2535 1832 2562 ἀν

1059 2585 1093 2624 ἦν
1107 2589 1121 2614 ὁ
1137 2588 1214 2619 Θεός.
1232 2587 1309 2614 Ἀλλ’·
1318 2588 1372 2615 ἰδοὺ
1383 2589 1430 2615 καὶ
1443 2588 1581 2616 Ἰουδαίων
1589 2589 1634 2615 καὶ
1647 2587 1729 2614 ἐθνῶν
1742 2583 1828 2612 6856:-

1061 2633 1154 2669 ἐπειδὴ
1174 2633 1255 2666 σώζει
1280 2634 1453 2669 ἀμφοτέρους
1483 2627 1691 2665 πιστεύσαντας.
1710 2632 1776 2661 ιὋς
1799 2628 1827 2653 δι’

1061 2679 1175 2706 καιώσει
1189 2680 1341 2715 περιτομὴν
1356 2681 1389 2706 ἐκ
1405 2681 1533 2713 πίστεως,
1548 2681 1595 2707 καὶ
1608 2676 1782 2714 ἀκροϐυστίαν
1793 2673 1828 2700 διὶ

1060 2726 1110 2760 τῆς
1129 2725 1258 2758 πίστεως,
1273 2735 1282 2752 ι
1298 2726 1345 2753 καὶ
1359 2727 1395 2753 τὰ
1408 2727 1482 2762 ἑξῆς.
1498 2728 1553 2754 Καὶ
1568 2729 1592 2754 οἱ
1605 2727 1659 2755 ἀπὸ
1679 2724 1725 2752 τοῦ
1748 2723 1827 2756 νόμον»

1062 2773 1110 2799 καὶ
1128 2773 1152 2798 οἱ
1167 2772 1246 2804 ἐκτὸς
1271 2773 1318 2800 τοῦ
1346 2773 1440 2810 νόμου,
1457 2775 1576 2809 πίστεως
1601 2775 1702 2802 δέονται
1722 2771 1781 2806 πρδς
1802 2766 1825 2793 τδ
