1878 3054
51 157 102 187 3ςπ

589 154 788 185 COMMENT.
809 155 849 185 IN
865 155 988 186 EPIST.
1007 155 1058 185 AD
1070 154 1163 186 ROM.

1637 156 1690 188 390

52 213 184 246 εωϋῆναι.
206 210 319 245 ιΝὸμον
346 208 392 237 οὖν
425 210 620 246 καταργοῦμεν
647 211 698 238 διὰ·
721 212 771 246 τῆς
800 212 844 238 πί-

928 215 998 239 ιιιῑυτ
1011 211 1117 242 Judazi,
1134 210 1211 245 quasi
1230 210 1272 238 lex
1289 217 1338 246 per
1354 209 1434 237 ﬁdem
1449 210 1626 246 abjiceretur.
1642 215 1690 242 Di-

52 267 137 289 οτεως
149 266 157 288 ς
171 267 180 283 ι
198 258 364 292 Ἐοορύεουν
376 257 511 290 Ἰουδαῖοι,
530 257 567 289 ὡς
584 258 784 293 ὲκϐαλλομένου
798 258 846 285 τοῦ

52 306 136 340 νόμου
164 304 210 331 διὰ
236 305 287 338 τῆς
313 303 443 335 πίστεως.
460 304 541 337 Λέγει
556 303 602 330 οὖν
617 305 658 331 ὅτι
674 305 704 331 ου
722 305 802 339 μόνον
816 305 846 331 οὗ

52 352 188 386 καταργεῖ
204 351 221 385 ἡ
237 350 330 381 πίστις
348 349 394 376 τὸν
413 350 506 384 νόμον,
525 350 594 376 ἀλλὰ
607 351 654 376 καὶ
669 351 762 385 ἵστησί
778 359 846 383 πως,

51 399 91 424 ὃτι
107 398 122 422 ὁ
139 397 223 432 νόμος
241 396 328 422 σῶσαι
347 395 518 431 βουλόμενος,
532 397 583 423 οὑκ
602 397 727 432 ίσχύει,ή
753 397 781 423 δὲ
802 398 847 424 πί-

51 451 109 474 στις
122 443 218 474 σώζει.
235 443 287 468 Τὸν
305 441 352 468 οὖν
366 442 466 468 σκοπὸν
489 442 537 468 τοῦ
562 443 645 476 νόμον
671 443 814 478 πληροῦσα
828 445 844 478 ὴ

51 493 156 520 πίστις,
173 489 282 522 ἵστησιν
298 489 390 515 αὐτόν.
415 489 518 521 Εἰπὼν,
534 489 675 524 Ίστῶμεν,
699 490 782 522 ἔδειξε
800 498 846 515 σα-

50 535 211 569 λευὸμενον.
224 549 259 555 —
276 536 400 568 Ἄλλως.
415 535 517 570 Ἔργον
533 533 567 570 ἦν
591 535 639 561 τοῦ
653 535 748 569 νόμου,
774 535 844 562 ὥστε

51 582 158 608 δίκαιον
184 581 300 616 ποιῆσαι
326 581 371 608 τὸν
397 581 551 617 ἄνθρωπον,
579 581 638 608 ἀλλ’
665 581 716 608 οὐκ
739 582 843 617 ἴσχυσε.

52 630 160 661 Πάντες
175 629 349 664 γὰρ,φησὶν,
369 629 503 664 ἥμαρτον,
515 629 532 663 ἡ
558 629 648 660 πίστις
666 628 693 654 δὲ
717 628 843 661 ἐλθοῦσι,

50 675 129 702 τοῦτο
145 676 329 710 κατώρθωσεν
340 683 347 690 ·
364 677 431 710 ὁμοῦ
447 677 502 710 γάρ
514 684 556 706 τις
571 675 714 701 ἐπίστευσε
731 675 778 701 καὶ
792 675 845 701 ἐδι-

50 721 170 757 καιώθη.
184 721 289 748 Οὐκοῦν
301 721 398 755 ἔστησε
413 722 460 748 τοῦ
476 722 559 756 νόμου
575 721 605 747 τὸ
621 721 736 756 Θὲλημα.
756 722 844 747 Ἀνω-

50 766 96 792 θεν
123 767 138 792 ὁ
158 767 242 801 νόμος
268 766 316 793 καὶ
339 767 364 792 οἱ
386 766 526 801 προφῆται
551 767 615 802 περὶ
644 767 696 801 τῆς
725 767 844 800 πίστεως

51 813 266 847 προεθέσπισαν.
279 828 312 834 —-
325 812 573 848 [8EOAQPITUY.]
588 814 732 849 Δεχόμενοι
754 815 843 842 τοίνυν

49 860 100 894 τὴν
114 860 220 892 πίστιν,
239 859 402 894 βεόαιοῡμεν
416 859 462 885 τὸν
477 859 570 893 νόμον.

90 906 122 932 Τί
138 905 197 932 οὖν
226 905 354 940 ἐροῦμεν
375 905 501 939 Ἀϐραὰμ
531 905 586 932 τὸν
617 905 731 939 πατέρα
759 905 844 940 ἡμῶν

49 951 212 986 εὑρηκέναι
228 952 303 978 κατὰ
317 951 433 984 (Niptra;

87 996 169 1030 Μέγα
186 996 320 1031 ἐφρόνουν
337 996 383 1022 ἐπὶ
399 996 438 1031 τῷ
449 995 577 1031 ’Δὸραὰμ
601 997 626 1022 oi
647 996 780 1030 Ἰουδαῖοι,
797 997 844 1024 καὶ

51 1044 96 1071 ἀεὶ
108 1044 263 1079 προέφερον
278 1044 319 1070 ὅτι
333 1043 460 1078 Ἀϐραὰμ
477 1043 662 1079 περιετμήοη.
681 1044 785 1076 Σκοπὸς
797 1042 844 1072 οὖν

51 1088 128 1123 αὐτῷ
142 1088 241 1121 δεῖξαι,
252 1088 294 1114 ὅτι
309 1088 357 1115 καὶ
372 1088 453 1118 αὐτὸς
469 1088 597 1123 Ἀϐραὰμ
617 1089 668 1115 οὐκ
688 1089 718 1121 ἐξ
743 1090 843 1124 ἔργων,

51 1134 110 1161 ἀλλ’
129 1135 161 1160 ὲκ
177 1135 296 1166 πίστεως
319 1133 477 1169 ἐδικαιώθη.
499 1134 546 1161 καί
565 1143 647 1168 φησι·
669 1135 721 1161 «Τί
734 1135 781 1162 οὖν
794 1136 838 1161 λέ-

50 1188 138 1215 γομεν
156 1180 284 1216 Ἀϐρααμ.
303 1180 348 1207 τὸν
368 1181 439 1207 κατὰ
462 1180 551 1216 σάρκα
574 1181 680 1216 πατέρα
701 1181 780 1216 ήμῶν
797 1181 841 1207 εὑ-

51 1229 187 1262 ρηκένιι;
202 1237 210 1252 ι
229 1226 364 1258 καὶτίνας
388 1227 470 1253 αὐτὸν
493 1228 720 1262 ἐπιτετυχηκέναι
744 1228 844 1255 δικαιο-

52 1264 156 1308 σύνηςς
173 1274 223 1308 τῆς
240 1273 273 1299 δι’
287 1273 388 1308 ἔργων,
403 1273 419 1308 ἢ
437 1272 486 1307 τῆς
509 1273 553 1299 διὰ
572 1273 707 1307 πίστεω;;
724 1274 777 1301 Καὶ
792 1275 846 1301 δεῖ·

52 1328 159 1352 κνυοιν,
187 1319 229 1345 δτι
243 1318 293 1353 τῆς
320 1319 366 1345 διὰ
400 1319 530 1350 πίατεως.
547 1319 630 1346 Ὅθεν
655 1320 702 1346 καὶ
735 1319 844 1355 εὕρημα

51 1365 138 1400 αὐτὴν
154 1364 242 1390 καλεῖ.
261 1363 336 1390 Ἐπεὶ
359 1363 396 1399 μὴ
422 1364 450 1396 ἐξ
476 1364 566 1398 ἔργων
588 1363 672 1398 αὐτὴν
697 1364 842 1399 ἐκτήσατο,

50 1410 109 1437 ἀλλ’
137 1411 169 1436 ὲκ
197 1410 328 1442 πίστεως,
345 1410 406 1444 ἣτις
430 1409 522 1444 χάριτι
546 1409 615 1435 Θεοῦ
636 1410 846 1445 παρέχεται.-

51 1455 284 1493 [ΓΕΝΝΑΔΙΟΥ.]
297 1456 364 1482 Καθ’
374 1455 423 1481 {me
429 1455 525 1489 ρὸατόν
533 1456 606 1482 ἐστιν
615 1456 632 1490 ἡ
645 1456 732 1490 ῥῆσις,
745 1457 844 1484 οὕτωσί

50 1512 111 1534 πως
129 1502 244 1537 κειμένη
259 1510 266 1518 ο
285 1502 317 1527 Τί
340 1501 386 1528 οὖν
411 1501 529 1536 ἐροῦμεν
547 1501 674 1537 ’Δϐραὰμ
700 1502 746 1529 τὸν
773 1503 844 1529 κατὰ

24 1540 31 1547 1
51 1551 144 1585 σάρκα
161 1550 267 1584 πατέρα
276 1549 356 1584 ἡμῶν
371 1548 532 1584 εὐρηκέναι;
554 1549 732 1584 ’Δνέλϐωμεν,
749 1551 840 1586 φησὶν,
856 1568 879 1599 c

50 1597 98 1623 ἐπὶ
122 1597 169 1624 τὸν
195 1596 317 1632 ἀρχηγὸν
340 1595 387 1622 τοῦ
409 1595 480 1622 κατὰ
497 1595 586 1630 σάρκα
600 1596 696 1630 γένους
710 1597 798 1631 ήμῶν,
813 1597 842 1624 ὃν

51 1644 84 1670 ὲκ
97 1644 208 1670 πάντων
223 1642 309 1669 ἐθνῶν
321 1641 504 1676 ἐκλεξάμενος
526 1642 541 1668 ὁ
565 1641 643 1674 Θεὸς,
660 1642 790 1677 εὐλόγησέ
813 1651 842 1669 τε

52 1690 100 1716 καὶ
119 1690 158 1720 είς
175 1689 238 1721 τους
253 1688 283 1721 ἐξ
294 1688 377 1715 αὐτοῦ
391 1688 425 1714 δι’
435 1687 517 1714 αὑτοῦ
532 1688 567 1714 τὰ
585 1688 635 1722 τῆς
649 1688 773 1722 εὐλογίας
791 1689 843 1715 ὑπ-

52 1736 148 1770 έσχετο
166 1734 371 1770 παραπέμψειν.
384 1734 468 1769 Δῆλον
486 1734 540 1769 γὰρ
554 1735 596 1761 ὃτι
611 1735 686 1766 ὅπως
697 1735 730 1761 ἄν
738 1735 794 1769 ἔχοι
809 1735 844 1762 τὰ

53 1782 113 1808 κατ’
130 1781 224 1812 αὑτὸν,
234 1779 322 1812 οὕτως
340 1781 437 1816 σχήσει
451 1780 496 1806 καὶ
507 1781 541 1807 τὰ
551 1780 722 1816 ἡμέτερα.-
740 1779 842 1817 [ΦΩΤ.]

53 1828 99 1859 Τὸ,
121 1837 129 1852 ι
147 1827 226 1854 Κατὰ
252 1827 376 1862 σάρκα,ι
393 1827 422 1852 ὲν
446 1826 594 1862 ὑπερϐατῷ
622 1828 722 1853 κεῖται.
752 1827 788 1853 Ἥ
815 1827 843 1854 δὲ

54 1873 124 1899 κατὰ
153 1872 248 1906 φύσιν,
272 1872 341 1898 ἀλλὰ
370 1871 408 1907 μὴ
431 1872 503 1898 κατὰ
531 1874 624 1907 σχῆμα
649 1872 783 1908 ἑρμηνεία
796 1872 843 1899 τοῦ

54 1918 133 1952 λόγου
145 1926 153 1933 ο
174 1918 207 1944 Τί
221 1917 267 1945 οὖν
284 1917 401 1953 ἐροῦμεν
411 1918 538 1953 ’Δῢραὰμ
557 1918 704 1953 εὑρηκέναι
717 1919 762 1944 τὸν
775 1919 843 1945 κατὰ

53 1965 143 2000 σάρκα
158 1965 239 2000 ἡμῶν
259 1965 382 2000 πατέρας
399 1964 466 2000 πρὶς
484 1964 628 1996 Ἰουδαίους
655 1964 683 1992 δὲ
709 1965 723 1990 ό
754 1965 842 2000 λόγος.

53 2009 125 2043 Οίον,
142 2012 206 2037 ἐπεί
222 2020 301 2046 φησι,
318 2011 355 2038 Τὸ
371 2012 426 2038 πᾶν
441 2011 505 2046 ὑμῖν
527 2011 576 2046 τῆς
599 2011 778 2046 σεμνολογίας
797 2013 844 2038 καὶ

55 2058 245 2092 μεγαλαυχίας
257 2058 284 2083 ἐν
296 2057 333 2092 τῷ
345 2058 415 2084 κατὰ
423 2058 513 2093 σάρκα
528 2058 615 2093 πατρὶ
630 2058 708 2093 ἡμῶν
717 2059 844 2093 Ἀϐραάμ

52 2105 120 2135 ἐστι,
139 2105 326 2139 σκοπήσωμεν
339 2104 364 2129 τί
379 2104 412 2130 ἄν
426 2105 551 2140 εἴποιμεν
566 2105 670 2130 ἐκεῖνον
684 2104 842 2139 εὑρηκέναι.

52 2149 105 2176 Καί
121 2157 208 2184 φησιν
234 2149 315 2180 αὐτὸς
332 2149 447 2184 προῖὼν,
466 2149 506 2175 ὅτι
523 2149 569 2175 καὶ
582 2149 754 2183 δικαιοσύνην
769 2147 842 2185 εὗρε.

51 2195 138 2222 τοῦτο
155 2195 210 2230 γάρ
223 2196 282 2222 ἐστι
303 2195 343 2226 τὸ,
363 2204 372 2220 ι
388 2195 442 2221 Καὶ
463 2195 590 2229 ἐλογίσθη
606 2195 680 2230 αὐτῷ
691 2197 729 2227 είς
742 2196 845 2223 δικαιο-

899 259 938 286 cit
953 266 1022 293 ergo
1047 258 1120 293 quod
1137 266 1191 285 non
1206 258 1296 285 solum
1323 258 1428 285 irritam
1447 266 1501 285 non
1523 259 1589 286 facit
1602 259 1690 295 legem

898 304 989 332 ﬁdes:
1008 305 1161 339 quinetiam
1189 304 1394 339 quodammodo
1413 305 1540 332 stabilit:
1561 305 1625 340 quia
1646 307 1690 334 lex

900 357 962 377 cum
976 350 1082 377 salvare
1099 351 1192 385 cupiat
1204 358 1258 377 non
1272 355 1372 384 potest,
1391 351 1458 377 fides
1469 356 1559 378 autem
1581 352 1667 379 salvat
1681 361 1688 380 :

900 403 963 422 cum
975 404 1040 431 ergo
1051 396 1119 431 legis
1136 404 1250 431 scopum
1266 395 1333 423 ﬁdes
1350 397 1471 431 impleat,
1485 398 1584 425 merito
1601 398 1689 425 stabi-

896 441 948 468 lire
965 442 1039 468 illam
1048 442 1267 469 dicitur.Dieens
1283 447 1390 473 autem,
1404 443 1577 476 Stabilimus,
1594 449 1689 471 osten-

896 488 936 515 dit
952 488 1024 515 illam
1043 489 1229 516 vacillantem.
1239 489 1300 516 Αίὶο
1316 490 1403 516 modo.
1415 489 1495 524 Legis
1509 497 1578 524 opus
1590 495 1650 517 erat
1661 495 1691 517 ut

892 534 996 569 justum
1007 534 1253 562 facerethominem
1266 544 1272 561 :
1283 544 1376 562 verum
1390 536 1441 563 hoc
1452 543 1505 563 non
1517 537 1618 571 potuit,
1627 545 1689 563 nam

896 581 1013 612 Omnes,
1032 580 1132 616 inquit,
1149 586 1334 616 peccaverunt
1351 592 1356 608 :
1374 590 1435 608 eum
1448 587 1540 608 autem
1571 582 1691 610 venisset

895 626 973 655 ﬁdes.
989 626 1015 652 id
1030 627 1168 653 correxit:
1181 626 1262 653 sirint]
1281 634 1312 653 ac
1328 627 1400 653 cnim
1412 627 1548 661 quispiam
1559 627 1689 660 credidit,

895 672 976 699 etiam
989 671 1156 707 justiﬁcatus
1165 677 1217 699 est.
1230 671 1369 699 Stabilivit
1383 673 1474 707 itaque
1487 673 1554 708 legis
1570 673 1692 700 volunta-

895 723 961 745 tem.
983 718 1180 753 Superioribus
1199 718 1369 753 temporibus
1392 719 1433 745 lex
1459 727 1490 746 ac
1505 719 1644 754 propheta:
1655 719 1690 746 de

894 764 948 791 ﬁde
959 764 1101 791 vaticinati
1117 768 1192 792 sunt.
1204 779 1239 784 —
1249 764 1345 792 Fidem
1357 772 1423 798 ergo
1434 765 1616 800 suscipientes
1624 772 1690 792 eon-

894 810 1037 838 ﬁrmalnus
1049 811 1150 846 legem.

928 916 973 948 IV,
987 916 1012 943 L
1028 915 1098 949 Quid
1111 924 1173 951 ergo
1182 916 1294 942 dicimus
1307 915 1441 943 Abraham
1454 920 1557 950 patrem
1569 919 1688 942 nostrum

893 963 1025 990 invenisse
1041 962 1185 989 secundum
1201 962 1331 988 carnem?

928 1006 1011 1042 21‘s
1035 1005 1258 1033 lntumeseebant
1277 1006 1364 1034 ,ἰυᾱωί
1397 1005 1515 1033 Abrahae
1551 1005 1663 1033 nomine
1678 1026 1686 1039 .

893 1060 1058 1087 semperque
1083 1052 1264 1087 proferebant
1294 1052 1368 1087 quod
1400 1053 1583 1080 circumcisus
1613 1057 1686 1080 esset

894 1099 1041 1125 Abraham.
1060 1098 1110 1125 Hic
1123 1106 1189 1134 ergo
1209 1106 1310 1133 scopus
1324 1104 1365 1125 est
1378 1093 1509 1133 Apostolo
1527 1099 1684 1130 ostendere,

894 1144 983 1178 ipsum
1007 1152 1118 1179 quoque
1145 1144 1283 1171 Abraham
1299 1153 1354 1171 non
1366 1153 1399 1171 ex
1421 1144 1564 1178 operibus,
1582 1144 1629 1171 sed
1651 1152 1685 1171 ex

895 1189 948 1217 fide
967 1190 1151 1224 justiﬁcatum
1169 1190 1340 1220 csse.etaitz
1361 1199 1370 1214 ι
1389 1189 1459 1222 Quid
1482 1197 1548 1224 ergo
1569 1189 1686 1217 dicimus

894 1235 1030 1263 Abraham
1044 1240 1149 1270 patrem
1170 1239 1295 1262 nostrum
1312 1235 1465 1262 secundum
1480 1243 1592 1262 carnem
1606 1235 1684 1262 inve-

893 1281 968 1308 nisse
978 1282 1004 1307 ?)
1013 1289 1131 1316 quamve
1143 1286 1333 1308 assecutusest
1351 1281 1506 1316 justitiam?
1516 1289 1613 1309 eamne
1625 1290 1686 1317 quas

894 1332 935 1354 est
951 1334 1001 1361 per
1018 1334 1114 1361 opera,
1129 1334 1163 1353 an
1175 1334 1237 1361 quae
1254 1334 1302 1361 per
1319 1326 1401 1354 ﬁdem
1416 1327 1468 1354 ?et
1479 1327 1600 1355 ostendit
1611 1328 1685 1362 quod

893 1380 954 1400 eam
974 1380 1035 1407 qua:
1051 1377 1093 1400 est
1110 1380 1158 1407 per
1179 1372 1260 1399 ﬁdem
1277 1381 1283 1399 :
1304 1373 1376 1400 unde
1391 1377 1418 1400 et
1437 1373 1512 1400 illam
1531 1378 1611 1400 vocat
1628 1381 1685 1400 rem

895 1418 1046 1451 inventam,
1075 1419 1140 1453 quia
1166 1426 1221 1445 non
1246 1426 1279 1445 ex
1297 1418 1428 1452 operibus
1450 1426 1510 1445 eam
1524 1423 1622 1446 nactus
1632 1423 1686 1453 est,

895 1463 943 1492 sed
959 1472 991 1491 ex
1003 1463 1056 1491 ﬁde
1071 1472 1132 1498 quae
1146 1464 1193 1491 Dei
1211 1464 1298 1498 gratia
1311 1464 1464 1491 confertur.
1475 1479 1510 1485 -—
1526 1465 1577 1492 Per
1588 1465 1688 1500 hyper-

895 1510 978 1538 baton
995 1515 1037 1538 est
1053 1510 1165 1542 locutio,
1187 1514 1216 1537 ut
1231 1510 1268 1537 ita
1281 1516 1401 1544 ponatur
1418 1519 1424 1537 :
1438 1510 1510 1543 Quid
1523 1519 1589 1546 ergo
1609 1511 1686 1539 dice-

895 1564 957 1584 mus
968 1556 1116 1588 Abraham,
1130 1556 1177 1590 qui
1193 1555 1344 1583 secundum
1356 1563 1466 1583 carnem
1476 1563 1518 1583 est
1534 1562 1612 1591 pater
1635 1566 1686 1584 no-

895 1607 967 1634 ster,
985 1602 1145 1630 invenisse?
1164 1602 1362 1635 Ascendamus,
1384 1602 1484 1636 inquit,
1504 1603 1538 1629 ad
1551 1603 1686 1638 originem

894 1648 1004 1684 generis
1019 1648 1106 1676 nostri
1119 1648 1272 1675 secundum
1289 1655 1413 1679 carnem,
1424 1653 1453 1675 et
1471 1656 1534 1675 eum
1554 1657 1635 1684 quem
1651 1657 1686 1677 ex

893 1694 1024 1721 omnibus
1050 1694 1182 1729 gentibus
1208 1694 1327 1720 electum
1347 1693 1574 1721 benedixitDeus
1591 1699 1637 1721 :et
1658 1695 1686 1722 in

893 1748 942 1769 eos
967 1740 1016 1775 qui
1041 1740 1076 1767 ab
1090 1747 1124 1767 eo
1152 1739 1364 1771 descenderent,
1392 1748 1453 1774 quae
1484 1740 1687 1771 benedictionis

893 1792 974 1815 erant
1001 1795 1052 1822 per
1067 1795 1131 1814 eum
1145 1795 1174 1814 se
1190 1787 1340 1814 missurum
1367 1794 1428 1814 esse
1443 1787 1580 1822 promisit.
1600 1787 1687 1815 Mani-

894 1832 994 1860 festum
1016 1835 1060 1859 est
1083 1832 1158 1860 enim
1173 1831 1264 1866 quod,
1282 1831 1365 1858 sicuti
1384 1839 1445 1859 cum
1458 1832 1506 1858 illo
1522 1837 1612 1859 aetum
1633 1838 1684 1865 est,

895 1879 930 1906 ita
945 1882 973 1905 et
987 1878 1130 1905 nobiseum
1144 1883 1252 1911 agetur.
1273 1893 1305 1898 -—
1321 1877 1459 1904 Particula
1474 1877 1529 1909 illa,
1550 1887 1558 1903 ι
1579 1878 1685 1906 Secun-

895 1925 959 1951 dum
986 1932 1108 1957 carnem,
1131 1933 1139 1949 ι
1155 1932 1203 1958 per
1220 1923 1390 1959 hyperbaton
1411 1923 1532 1958 ponitur.
1553 1923 1686 1952 Ordinate

894 1979 961 1998 vero
985 1976 1084 1998 etnon
1106 1971 1183 2005 juxta
1211 1970 1323 1997 schema
1339 1970 1393 1996 erit
1413 1970 1470 1996 haec
1495 1969 1686 2004 interpretatio

895 2017 1032 2044 sermonis
1047 2025 1054 2043 :
1072 2016 1142 2050 Quid
1163 2025 1228 2051 ergo
1241 2016 1365 2043 dicemus
1381 2016 1518 2043 Abraham
1536 2017 1684 2049 invenisse,

895 2064 942 2099 qui
958 2063 1111 2090 secundum
1134 2071 1246 2090 carnem
1261 2068 1340 2098 pater
1353 2067 1446 2089 noster
1458 2063 1520 2089 est?
1546 2063 1631 2089 Porro
1651 2062 1685 2090 ad

895 2109 1006 2137 Iudaeos
1017 2116 1109 2135 sermo
1129 2113 1182 2140 est,
1201 2116 1233 2136 ac
1246 2108 1269 2135 si
1283 2108 1358 2135 dicat
1377 2116 1383 2133 :
1397 2108 1465 2135 Cum
1482 2108 1570 2134 nostri
1587 2115 1686 2142 super-

895 2155 951 2182 cilii
968 2163 999 2181 ac
1011 2154 1149 2190 iactantia:
1162 2162 1269 2181 summa
1283 2155 1318 2181 sit
1331 2153 1358 2181 in
1369 2153 1518 2185 Abraham,
1533 2153 1597 2188 quia
1609 2158 1687 2188 pater

896 2206 991 2228 noster
1009 2205 1052 2227 est
1067 2199 1219 2227 secundum
1235 2207 1361 2232 carnem,
1376 2198 1586 2226 consideremus
1601 2198 1685 2232 quid-

52 2241 147 2278 σύνην,
161 2251 170 2266 ι
188 2242 340 2272 τουτέστιν,
353 2241 393 2267 ὅτι
405 2240 563 2275 ἐδικαιώθη.
584 2241 620 2268 Τὸ
634 2242 688 2277 γὰρ
706 2243 796 2275 εὑρεῖν
806 2243 844 2269 δι-

928 2255 959 2274 tm
980 2246 1072 2274 dicere
1101 2245 1239 2280 possimus
1255 2245 1333 2271 illum
1355 2243 1504 2271 invenisse.
1520 2243 1554 2270 Et
1572 2243 1609 2270 ait
1627 2243 1685 2278 ipse

52 2288 215 2322 καιοσύνην,
231 2287 412 2322 δικαιωθῆναι
434 2289 519 2314 ἐστιν.
537 2284 624 2323 Εὗρεν
641 2287 688 2315 οὖν
707 2289 843 2316 δικαιοσύ-

50 2343 109 2370 νην,
137 2335 207 2361 ἀλλὰ
235 2334 294 2365 πῶς
313 2331 407 2369 εὖρενς
424 2333 470 2367 Ἐξ
492 2334 593 2370 ἔργων,
617 2334 634 2370 ἢ
654 2335 686 2361 ὲκ
705 2335 840 2369 πίστεωςς

51 2383 105 2409 Καὶ
122 2381 262 2408 δείκνυσιν
273 2380 313 2406 ὅτι
334 2381 365 2406 ὲκ
378 2381 507 2411 πίστεως,
525 2381 652 2416 μάρτυρα
667 2381 717 2416 τὴν
732 2382 843 2417 Γραφὴν

50 2427 201 2462 παριστὰς.
224 2425 386 2451 Ἑπίςτευσε
424 2425 490 2460 γὰρ,
521 2425 615 2460 φησὶν,
649 2425 777 2461 Ἀδραὰμ
804 2427 843 2464 τῷ

49 2474 118 2510 Θεῷ,
145 2473 194 2499 καὶ
216 2471 343 2507 ἐλογίσθη
368 2471 444 2506 αὑτῷ
474 2472 514 2503 εἰς
537 2472 722 2509 δικαιοσύνην.
739 2474 771 2500 Τί
785 2472 842 2506 οὖν,

49 2521 145 2555 φησῖν,
173 2520 225 2546 οὐκ
251 2517 324 2554 εἶχεν
346 2519 444 2554 ἔργαὸ
463 2519 608 2555 Ἀϐραὰμ;
638 2521 695 2547 Οὐκ
723 2521 842 2547 ἐδικαίου

47 2567 136 2595 ταῦτα
159 2567 264 2598 αὑτόν;
291 2566 337 2602 Μὴ
364 2566 486 2599 γένοιτοί
505 2567 594 2601 Ἔργα
624 2566 672 2601 μὲν
689 2567 744 2602 γὰρ
760 2565 843 2602 εἶχεν,

48 2614 119 2640 (Tn-.5
133 2613 204 2649 πρὸς
216 2614 280 2644 τοὺς
297 2611 582 2647 συμπολιτευομένους
595 2611 670 2647 αὑτῷ
683 2613 845 2648 ἀνθρώπους
857 2614 859 2617 ’

49 2661 225 2696 κρινόμενον,
242 2659 423 2693 δικαιωθῆναι
448 2658 496 2685 καὶ
513 2659 697 2694 προκριθῆναι
720 2659 842 2686 ἐκείνων.

49 2707 85 2733 Τὸ
113 2707 142 2733 δὲ
171 2705 242 2741 πρὸς
267 2706 314 2731 τὸν
328 2704 394 2731 Θεὸν
421 2704 599 2740 δικαιωθῆναι
616 2706 647 2732 ὲκ
671 2705 726 2732 τῶν
755 2705 844 2740 ἔργων

49 2754 145 2786 αὑτοῦ,
160 2753 234 2780 ὥστε
259 2752 334 2784 ἄξιον
357 2752 405 2778 καὶ
423 2751 576 2778 ἰσοστάσιον
587 2751 684 2779 ἑαυτὸν
700 2752 844 2786 παραστῆ-

51 2811 94 2828 σαι
111 2802 164 2835 τῆς
190 2800 299 2826 ἐκεῖθεν
328 2798 523 2834 παρεχομένης
550 2798 712 2834 εὐεργεσίας
733 2799 780 2825 καὶ
793 2799 845 2825 δω-

52 2851 124 2883 ρεᾶς,
154 2847 300 2878 παντελῶς
332 2846 509 2873 ἀπελείπετο.
539 2844 644 2871 Οὐκοῦν
672 2844 748 2870 οὐδὲν
776 2844 844 2876 ὅλως

52 2897 104 2931 ἔχει
121 2895 269 2930 καύχημα,
282 2893 341 2928 ἦτοι
355 2891 516 2927 προτέρημα
533 2891 580 2918 καὶ
592 2890 758 2926 κατόρθωμα
775 2891 843 2926 πρὸς

895 2293 923 2319 in
951 2291 1132 2326 sequentibus
1156 2290 1228 2325 quod
1259 2290 1344 2317 etiam
1374 2289 1508 2324 justitiam
1537 2288 1684 2316 invenerit.

896 2338 954 2365 Hoc
973 2337 1047 2364 enim
1062 2342 1104 2364 est
1120 2336 1194 2372 quod
1213 2336 1252 2363 ait
1269 2344 1275 2362 :
1296 2345 1304 2361 (
1323 2335 1357 2362 Et
1367 2334 1529 2369 imputatum
1545 2338 1586 2361 est
1611 2333 1684 2361 eiad

892 2384 1041 2419 justitiam.
1059 2392 1068 2409 ι
1079 2383 1132 2410 Ιιοι·
1143 2388 1195 2415 est,
1207 2382 1279 2417 quod
1291 2381 1458 2417 justiﬁeatus
1473 2386 1524 2409 est.
1543 2380 1685 2416 Siquidem

895 2429 1034 2457 invertisse
1050 2429 1108 2456 sive
1122 2433 1233 2456 nactqu
1251 2436 1312 2456 esse
1325 2428 1475 2464 justitiam,
1492 2432 1535 2454 est
1549 2426 1685 2462 justiﬁva-

896 2481 954 2503 tum
975 2483 1047 2502 esse.
1062 2474 1170 2502 Invenit
1186 2481 1253 2510 ergo
1265 2478 1293 2501 et
1308 2478 1406 2500 nactus
1417 2477 1459 2501 est
1478 2473 1625 2507 justitiam.
1650 2472 1686 2499 At

894 2521 1034 2556 quomodo
1050 2525 1148 2548 nactus
1160 2520 1226 2547 ’est?
1252 2528 1286 2547 ex
1303 2520 1445 2554 operibus,
1467 2528 1500 2546 an
1515 2528 1548 2546 ex
1563 2519 1635 2546 ﬁde?
1651 2519 1685 2547 Et

895 2568 1017 2596 ostendit
1027 2567 1100 2602 quod
1113 2575 1146 2595 ex
1164 2567 1229 2599 ﬁde,
1250 2574 1313 2594 eum
1328 2567 1498 2601 Scripturam
1512 2566 1641 2601 producit
1656 2566 1683 2592 in

897 2618 1005 2641 testem.
1017 2613 1085 2641 Nam
1098 2614 1137 2640 ait
1152 2622 1158 2640 :
1177 2623 1186 2638 ι
1204 2612 1330 2641 Credidit
1345 2612 1482 2640 Abraham
1500 2612 1564 2642 Deo,
1578 2617 1605 2638 ct
1630 2611 1683 2637 im-

896 2664 1023 2697 putatum
1039 2664 1082 2687 est
1094 2659 1119 2687 ei
1136 2659 1170 2686 ad
1186 2659 1334 2694 justitiam.
1357 2668 1367 2685 ›
1395 2657 1466 2692 Quid
1483 2665 1560 2693 ergo.
1583 2657 1683 2691 inquit,

895 2715 950 2734 non
967 2706 1064 2733 habuit
1075 2705 1212 2733 Abraham
1224 2705 1328 2740 opera?
1339 2713 1394 2732 non
1411 2705 1470 2732 haec
1485 2704 1561 2731 illum
1581 2702 1684 2738 justiﬁ-

896 2757 994 2780 carunt
1005 2752 1016 2778 ?
1029 2751 1129 2779 Absit!
1144 2751 1234 2786 Opera
1249 2750 1386 2786 siquidem
1399 2750 1508 2780 habuit,
1523 2753 1554 2776 ut
1576 2748 1598 2775 si
1620 2756 1683 2775 cum

896 2798 1055 2826 hominibus
1067 2799 1114 2834 qui
1126 2798 1208 2826 simul
1223 2805 1284 2825 cum
1297 2805 1331 2824 eo
1344 2796 1526 2823 versabantur
1541 2795 1638 2822 fuisset
1656 2794 1683 2821 in

893 2844 999 2879 judicio
1011 2844 1191 2876 constitutus,
1214 2843 1293 2870 facile
1303 2841 1473 2878 justiﬁcatus
1486 2841 1592 2871 fuisset,
1616 2839 1683 2867 illis-

897 2898 950 2925 que
980 2889 1162 2924 autepositus,
1177 2896 1273 2917 verum
1286 2893 1316 2915 ut
1328 2895 1420 2915 coram
1438 2887 1494 2914 Deo
1504 2893 1537 2914 ex
1551 2885 1607 2913 suis
1615 2892 1682 2919 ope-
