1878 3054
151 186 204 216 399
391 176 414 215 δ

680 186 876 216 (ΕΟΠΜΕΧΙΙ
898 187 1041 218 TRICC:E
1062 189 1230 218 EPlSCOPI

1729 195 1782 227 400

151 247 269 275 rumque
289 243 370 266 erunt
386 238 507 266 coelestia
530 238 726 274 terrestriaque
752 239 834 275 bona.
859 239 937 274 «,Scd

1024 240 1104 268 ιλάαει
1126 242 1155 268 ἐν
1167 243 1200 278 τῇ
1218 242 1268 277 τῆς
1291 243 1408 279 κρίσεως
1434 236 1543 280 ἡμέρᾳ,
1567 247 1612 274 τὸν
1635 247 1783 283 σύμπαντα

151 295 200 324 per
212 287 350 323 justitiam
365 286 438 314 ﬁdei.
449 286 477 314 Si
488 287 563 314 enim
580 287 599 314 ii
611 286 659 321 qui
674 294 707 313 ex
715 287 773 321 lege
783 291 858 320 sunt,
868 293 940 316 nete.

151 336 218 364 Nam
228 336 274 371 qui
285 335 337 370 legi
348 335 431 362 lueret
443 339 571 369 tanquam
578 334 684 361 salvum
694 334 814 366 facienti,
825 336 942 364 salutem

151 390 213 417 quae
231 390 279 417 per
295 381 376 408 ﬁdem
390 385 431 408 est
443 381 566 416 negligit.
580 390 587 405 ι
603 380 734 408 Πωτεάθε
749 386 943 416 pautem,puta

152 429 228 464 regni
238 428 380 455 cmlorum.
394 427 453 454 Alio
468 427 554 454 modo.
569 427 637 454 Cum
647 427 724 462 prius
740 427 854 455 dixisset.
868 421 941 463 quod

151 473 291 501 Abraham
304 473 369 500 dum
385 472 565 508 przeputiatus
573 476 647 499 esset
661 473 789 506 credidit,
803 473 944 509 acjustiﬁ—

152 525 229 547 catus
236 524 288 552 est,
299 524 328 546 ut
338 518 459 546 ﬁdeliutn
471 523 547 554 paler
557 518 705 546 haberetur
714 519 761 554 qui
771 520 799 546 in
808 520 943 554 praeputio

150 569 243 593 essent
260 575 266 592 :
280 570 308 593 et
322 565 357 592 ob
373 565 399 592 id
421 569 517 600 postea
531 565 712 592 circumcisus
734 569 785 598 est,
805 570 835 593 ut
846 573 944 593 eorum

150 611 233 638 etiam
245 615 323 646 pater
332 615 517 646 reputarctur,
527 610 574 645 qui
588 610 614 637 in
627 610 838 638 circumcisione
847 611 944 638 crede-

152 662 213 685 rent
230 665 363 693 :cumque
376 657 458 684 etiam
471 656 632 684 adduxisset
643 664 675 684 ac
685 657 852 685 ostendisset
869 657 943 692 quod

150 703 237 738 magis
264 706 409 737 reputetur
433 705 512 736 pater
537 709 654 734 eorum,
681 702 728 737 qui
754 702 782 729 in
807 702 943 737 praeputio

140 749 346 786 crediderunt,
367 756 401 775 eo
430 747 504 783 quod
537 753 565 775 et
594 752 658 775 ante
690 748 941 782 circumcisienem,

149 800 177 829 et
200 800 264 822 ante
287 795 375 830 legem
392 794 478 829 ipsam
493 802 554 829 qua!
577 795 815 822 circumcisionem
833 803 942 830 quoque

151 840 354 876 complectitur,
369 840 427 878 ipse
446 845 475 868 et
489 840 607 868 credidit
622 845 651 868 et
665 840 734 868 ﬁdes
749 842 809 877 ejus
826 850 942 878 compu-

151 892 206 915 tata
228 891 268 914 est
284 886 318 914 ad
329 886 483 922 justitiam;
512 887 580 919 haec,
596 887 718 921 inquam,
734 895 796 914 cum
814 888 938 922 dixisset,

150 937 178 960 ct
203 933 238 960 ob
262 932 358 960 oeulos
383 937 529 968 posutsset,
548 940 622 960 nunc
644 933 698 960 alio
726 941 837 968 quoque
859 935 941 962 modo
959 923 977 950 Β

151 979 272 1015 idipsum
289 979 411 1007 ostendit
425 987 457 1007 ac
473 979 541 1006 dicit
557 987 563 1006 :
581 979 758 1014 Supponatur
780 988 834 1007 non
857 981 894 1008 ita
911 989 942 1009 se

150 1026 262 1059 habere,
276 1030 307 1054 ut
321 1026 454 1059 diximus,
467 1025 514 1053 sed
527 1025 601 1061 solos
617 1033 666 1053 eos
683 1026 729 1061 qui
744 1033 777 1054 ex
791 1026 851 1062 lege
865 1031 940 1059 sunt,

150 1072 274 1099 hmredes
305 1079 366 1099 esse
398 1071 631 1106 promissionum,
654 1078 715 1106 qua:
740 1071 775 1098 ad
802 1072 940 1099 Abraham

148 1118 226 1145 facta:
239 1122 317 1145 sunt:
339 1117 431 1152 itaque
445 1124 515 1144 vana
530 1116 582 1144 fuit
596 1116 664 1144 ﬁdes
678 1117 730 1152 ipsi
743 1117 868 1149 Abrahae,
882 1118 940 1153 ipse

147 1162 224 1190 enim
241 1167 269 1189 et
292 1167 354 1189 ante
371 1162 470 1196 legem,
491 1167 519 1188 ct
542 1161 602 1188 sine
623 1162 683 1197 lege
699 1162 825 1190 credidit.
849 1163 941 1191 lnanis

148 1209 241 1243 itaque
263 1207 333 1235 facta
360 1213 402 1235 cst
428 1207 507 1246 fides,
521 1207 574 1234 hoc
596 1213 649 1241 est,
669 1208 738 1236 nihil
757 1213 808 1243 est,
824 1217 856 1236 ac
883 1213 939 1236 tota

150 1255 209 1290 ejus
229 1254 271 1281 vis
292 1254 440 1281 obscurata
456 1258 499 1281 est
515 1262 521 1280 :
535 1253 584 1281 sed
599 1257 628 1281 et
642 1254 840 1288 promissiones
854 1255 940 1283 irrita:

149 1300 226 1328 facta:
249 1305 323 1332 sunt,
349 1304 478 1335 tanquam
502 1300 614 1327 inutiles
629 1307 660 1327 ac
679 1300 856 1335 intperfectat.
869 1302 938 1328 Nam

149 1346 172 1374 si
196 1346 263 1374 ﬁdes
281 1350 393 1381 propter
414 1354 495 1381 quam
511 1350 570 1374 erat
590 1347 747 1381 promissio,
764 1348 852 1375 inanis
868 1348 938 1376 facta

149 1396 202 1425 cst,
227 1392 310 1420 etiam
341 1392 548 1427 promissiones,
571 1401 631 1428 qua:
662 1393 792 1421 videlicet
823 1399 938 1429 propter

150 1439 232 1467 ﬁdem
251 1439 330 1467 facta:
348 1443 437 1472 erant,
455 1447 508 1466 una
529 1439 703 1467 deﬂuxerunt
725 1444 754 1467 et
768 1448 844 1467 vana:
860 1440 938 1469 facta:

149 1489 224 1512 sunt.
239 1484 309 1518 Quid
324 1492 390 1520 ergo
405 1484 581 1512 haereditario
593 1485 656 1520 jure
669 1485 811 1512 habebunt
824 1485 872 1520 qui
888 1494 938 1521 per

149 1531 236 1566 legem
261 1530 406 1563 accedunt,
425 1529 448 1558 si
471 1530 525 1557 ﬁde
546 1530 621 1557 inani
640 1530 758 1563 reddita,
772 1530 855 1558 simul
874 1539 936 1558 cum

995 286 1093 314 λοιπὸν
1110 288 1213 323 κόσμον
1227 288 1332 320 ἕξουσιν
1344 290 1369 316 οἱ
1381 290 1478 317 δίκαιοι
1492 291 1719 320 ἀνακαινισοέντα
1734 297 1783 322 καὶ

994 333 1083 359 αὐτῶν
1095 333 1171 360 ἔσται
1184 334 1217 360 τὰ
1232 335 1344 368 οὐράνια
1364 335 1453 369 ἀγαθὰ
1466 337 1512 363 καὶ
1521 338 1555 364 τὰ
1570 338 1705 372 ὲπίγεια.ι
1725 341 1783 375 Τῆς

994 379 1124 411 πίστεως,
1140 380 1234 415 φησίν.
1251 381 1283 407 Εἰ
1297 381 1352 416 γὰρ
1368 382 1392 408 oi
1407 382 1440 409 ἐκ
1452 383 1548 418 νόμου,
1568 393 1577 410 ι
1596 385 1643 411 καὶ
1657 386 1691 413 τὰ
1706 387 1783 421 ἑξῆς.

1002 424 1030 451 '0
1046 425 1100 460 γὰρ
1111 425 1237 460 ἐχόμενος
1249 426 1295 453 τοῦ
1315 428 1396 462 νόμου
1421 428 1459 460 ὡς
1484 429 1626 462 σώζοντος,
1642 432 1783 466 -ἀτιμάςει

992 470 1041 506 τὴν
1055 471 1098 498 διὰ
1109 472 1225 504 πίστεως
1236 474 1590 511 σωτηρίαν.ιΚληρονόμοιι
1604 478 1644 510 δὲ,
1660 476 1717 505 οἷον
1731 479 1783 514 τῆς

992 516 1046 543 τῶν
1059 517 1181 552 οὐρανῶν
1197 517 1346 552 βασιλείας.
1358 534 1393 538 --
1408 520 1532 554 Ἄλλως.
1557 521 1567 557 Ῐ
1578 523 1652 549 ΦΩΤ.
1665 522 1675 558 ]
1689 524 1783 550 Εἰπὼν

993 561 1124 597 πρότερον
1140 563 1180 589 ὃτι
1192 562 1236 590 διὰ
1244 563 1324 590 τοῦτο
1342 565 1510 599 ἀκρόὸυστος
1522 565 1561 594 ὢν
1580 568 1706 604 Ἀϐραὰμ
1720 570 1784 596 ἐπί-

993 616 1089 634 στευσε
1105 608 1152 635 καὶ
1175 609 1332 645 ἐδικαιώθη,
1349 611 1393 637 ἶνα
1418 612 1510 647 πατὴρ
1528 611 1639 648 λογισοῇ
1666 615 1721 641 τῶν
1745 616 1778 641 ἐκ

992 654 1158 690 ἀκροϐυστίᾳ
1184 656 1296 688 πιστῶν,
1319 656 1366 683 καὶ
1392 657 1436 683 διὰ
1469 658 1548 685 τοῦτο
1592 660 1672 686 πάλιν
1708 669 1784 695 περι-

992 700 1109 735 ετμήοη,
1124 701 1168 728 ἴνα
1185 702 1231 728 καὶ
1249 702 1304 728 τῶν
1318 703 1347 729 ἐν
1360 706 1494 740 περιτομῇ
1520 706 1622 732 πιστῶν
1641 707 1731 742 πατὴρ
1743 716 1784 734 νο-

994 746 1088 782 μισθῇ,
1106 748 1153 774 καὶ
1170 748 1319 783 ἐπαγαγὼν
1337 750 1384 776 καὶ
1397 751 1552 782 ἀποδείξας,
1571 752 1612 778 ὅτι
1632 753 1679 779 καὶ
1714 754 1783 787 μᾶλ-

992 793 1036 820 λον
1056 793 1192 828 λογίζεται
1206 796 1298 831 πατὴρ
1313 796 1365 823 τῶν
1385 798 1414 823 ἐν
1425 797 1594 835 ἀκροϐυστίᾳ
1602 800 1782 836 mammam)

992 839 1038 865 καὶ
1052 840 1106 875 πρὸ
1120 841 1168 876 τῆς
1177 843 1326 877 περιτομῆς
1343 843 1392 869 καὶ
1399 843 1453 879 πρὸ
1467 844 1550 870 αὑτοῦ
1567 845 1614 871 τοῦ
1627 847 1711 880 νόμον
1730 847 1780 873 τοῦ

992 887 1039 913 καὶ
1049 887 1098 922 τὴν
1109 889 1259 924 περιτομὴν
1274 890 1457 925 περιέχοντος,
1470 891 1551 923 αὐτὸς
1570 893 1617 919 καὶ
1635 893 1781 919 ἐπίστευσε

993 934 1040 960 καὶ
1058 935 1074 969 ή
1089 935 1179 966 πίστις
1195 935 1275 962 αὐτοῦ
1292 936 1418 972 ἐλογίσθη
1438 937 1478 968 εἰς
1491 937 1676 973 δικαιοσύνην·
1689 939 1782 966 ταῦτα

992 980 1076 1007 εἰπὼν
1091 981 1137 1007 καὶ
1153 983 1342 1018 παραστήσας,
1358 983 1406 1009 νῦν
1420 984 1466 1010 καὶ
1477 985 1564 1019 ἑτέρῳ
1573 985 1665 1020 τρόπῳ
1677 987 1706 1011 τὶ
1714 986 1782 1012 αὐτὸ

991 1025 1110 1071 δείκνυῖι
1126 1026 1172 1052 καί
1194 1035 1292 1062 φησιν·
1312 1027 1481 1055 ’Υποκείσϐω
1497 1028 1534 1064 μὴ
1544 1029 1629 1060 οὕτως
1647 1030 1730 1064 ἔχειν,
1742 1030 1781 1061 ὡς

991 1071 1106 1107 ἔφημεν,
1130 1073 1196 1099 ἀλλὰ
1215 1074 1277 1105 τοὺς
1290 1074 1323 1101 ἐκ
1334 1075 1416 1109 νόμου
1446 1075 1544 1110 μόνους
1563 1074 1632 1102 εἶναι
1647 1075 1779 1110 κληρονό-

993 1127 1059 1152 μους
1078 1119 1132 1145 τιῐν
1163 1119 1231 1154 πρὸς
1251 1120 1377 1156 Ἀϐραὰμ
1399 1121 1581 1154 ἐπαγγελιῶν·
1608 1121 1708 1148 οὐκοῦν
1737 1123 1778 1153 εὶς

993 1163 1080 1199 μάτην
1094 1164 1233 1200 γέγονενὴ
1255 1165 1344 1197 πίστις
1360 1166 1400 1201 τῷ
1429 1156 1565 1201 Ἀϐραάμ..
1591 1167 1677 1198 Αὐτὸς
1705 1167 1772 1203 γὰρ,

991 1210 1043 1244 πρὸ
1057 1210 1103 1236 τοῦ
1121 1211 1203 1246 νόμου
1220 1211 1267 1238 καὶ
1278 1212 1362 1247 χωρὶς
1373 1212 1419 1238 τοῦ
1445 1213 1528 1247 νόμου
1544 1213 1700 1240 ἐπίστευσε.
1725 1214 1779 1239 Κε-

990 1255 1105 1281 κένωται
1133 1255 1188 1289 ἀρὰ
1214 1256 1230 1290 ἡ
1261 1257 1363 1289 πίστις,
1378 1257 1527 1287 τουτέστιν,
1548 1257 1623 1283 οὐδέν
1639 1259 1708 1290 ἐστι,
1730 1258 1779 1285 καὶ

990 1301 1074 1335 αὐτῆς
1090 1301 1118 1327 τὸ
1133 1301 1193 1327 ὅλον
1208 1302 1356 1336 ἠφάνισται
1371 1309 1377 1316 ·
1396 1302 1463 1328 ἀλλὰ
1482 1302 1529 1328 καὶ
1558 1303 1585 1329 αἱ
1615 1305 1778 1338 ἐπαγγελίαι

990 1347 1211 1382 κατηργήθησαν,
1226 1345 1281 1374 οἷον
1301 1348 1431 1383 ἄχρηστοι
1444 1349 1491 1374 καὶ
1502 1349 1640 1376 ἀτέλεστοι
1649 1351 1780 1385 γεγένην-

989 1399 1043 1418 ται.
1054 1390 1085 1418 Εἰ
1096 1392 1172 1427 γὰρή
1183 1393 1284 1425 πίστις,
1296 1393 1330 1420 δι’
1343 1395 1375 1428 ἣν
1386 1393 1572 1429 ἡέπαγγελία,
1582 1397 1777 1431 καταργεῖται,

988 1435 1109 1470 δηλονότι
1118 1437 1145 1462 αἱ
1155 1437 1201 1462 ἐπὶ
1209 1439 1241 1472 τῇ
1253 1437 1341 1464 πίστει
1352 1438 1534 1473 ἐργαζόμεναι
1548 1441 1778 1476 συναπερῤύησαν

990 1479 1178 1513 καὶ¹γεγόνασι
1197 1481 1306 1515 φροῦδοι
1337 1482 1369 1508 Τί
1381 1480 1427 1508 οὖν
1450 1483 1474 1508 οἱ
1488 1482 1531 1509 διὰ
1545 1484 1627 1518 νόμον
1642 1485 1778 1519 κληρονο-

992 1524 1117 1559 μήσουσι,
1132 1525 1180 1560 τῆς
1190 1526 1239 1559 μὲν
1253 1525 1371 1557 πίστεως
1389 1527 1563 1561 κενωθείσης,
1581 1529 1780 1564 συνεκρυεὶσης

149 1565 202 1605 ﬁde
221 1577 307 1604 cliluit
326 1576 490 1612 promissio?
505 1576 587 1604 Vides
610 1575 684 1612 quod
704 1583 737 1603 eo
757 1576 816 1611 ipso
833 1584 889 1612 quo
908 1585 937 1605 se

1030 1571 1063 1605 τῇ
1082 1570 1171 1597 πίστει
1185 1571 1234 1606 τῆς
1262 1572 1444 1606 ἐπαγγελίαςς
1467 1572 1550 1608 Ὀρᾷς
1564 1574 1602 1604 ὼς
1618 1575 1652 1600 δι’
1673 1572 1711 1601 ὦν
1732 1576 1779 1602 λέ-

149 1624 245 1652 dicunt
265 1631 315 1660 per
336 1625 424 1660 legem
446 1623 570 1651 hancch
584 1623 665 1656 cﬁici,
681 1631 730 1658 per
750 1623 803 1650 hoc
817 1624 939 1652 ostendi-

148 1676 194 1698 tur
208 1669 282 1704 quod
295 1669 369 1696 nullo
384 1669 466 1696 modo
482 1669 606 1696 lucrcdes
623 1668 708 1696 ﬁant?

183 1716 262 1751 253
271 1716 310 1743 Ita
320 1723 384 1750 ergo
397 1714 499 1750 duplici
511 1714 593 1741 modo
602 1714 728 1750 probavit
740 1716 937 1746 beatitudinem

148 1761 180 1789 ad
197 1761 360 1796 prmputium
374 1761 459 1795 magis
473 1762 560 1794 aplari
574 1769 623 1795 per
639 1760 731 1794 ﬁdem,
741 1769 822 1797 quam
834 1763 867 1790 ad
882 1763 938 1791 cir-

148 1807 345 1838 cumcisionem
358 1815 365 1832 :
379 1805 468 1841 primo
480 1805 562 1832 modo
574 1812 649 1835 recte
662 1807 847 1842 procedendo,
859 1813 888 1836 et
903 1817 939 1837 ex

148 1853 191 1880 his
209 1861 271 1888 qua:
289 1853 362 1889 circa
376 1852 515 1879 Abraham
530 1857 590 1880 acta
610 1858 684 1880 sunt.
704 1853 831 1882 Secundo
844 1859 936 1882 autem

148 1907 211 1927 cum
221 1899 275 1927 illis
284 1898 557 1933 consentiens,idquc
566 1898 640 1933 quod
650 1899 684 1926 ab
693 1899 857 1927 adversariis
866 1900 937 1928 dice-

148 1946 230 1973 batur
251 1951 484 1980 praesupponens,
505 1952 538 1972 ac
565 1945 713 1973 ostendens
737 1945 803 1980 quid
824 1946 937 1974 absurdi

148 1996 280 2027 sequatur
298 1991 332 2018 ad
354 1991 572 2026 suppositionem
598 1992 719 2019 illorum.
743 1991 825 2019 Ponit
846 1996 937 2020 autem

147 2039 176 2063 et
195 2036 303 2062 tertiam
328 2034 518 2070 probationem
542 2044 576 2062 ex
593 2037 652 2071 ipsa
669 2036 729 2071 lege
747 2042 895 2072 sumptam,
910 2043 938 2066 et

148 2081 186 2108 ait
198 2089 204 2107 :
218 2080 273 2108 Lex
290 2089 344 2115 qua
359 2080 495 2108 fulcimini
521 2089 576 2108 non
591 2081 737 2109 observata
753 2082 822 2109 iram
839 2091 937 2118 opera-

147 2133 193 2155 tur
211 2131 261 2155 :et
283 2127 336 2154 hoc
355 2127 429 2154 dicto
449 2127 476 2155 id
500 2127 574 2163 quod
597 2132 657 2155 erat
678 2135 851 2163 consequens
873 2134 935 2157 tan-

146 2182 229 2209 quam
251 2174 426 2202 manifestum
452 2175 583 2210 reliquit:
599 2174 629 2202 Si
649 2174 692 2202 lex
709 2183 765 2202 non
789 2175 932 2204 observata

146 2223 213 2248 iram
229 2227 368 2256 operatur,
386 2228 436 2249 vos
455 2225 547 2249 autem
561 2222 730 2255 prmvaricati
746 2222 824 2255 estis,
852 2227 881 2250 et
895 2222 933 2250 ita

147 2275 200 2294 non
218 2269 306 2295 solum
323 2267 538 2302 promissionum
557 2267 685 2302 indignos
696 2275 745 2295 vos
760 2267 930 2300 reddidistis,
946 2280 972 2310 υ

145 2314 193 2341 sed
211 2318 238 2340 et
251 2313 420 2348 punicmini;
436 2313 463 2340 id
477 2313 551 2340 enim
565 2321 674 2348 semper
690 2313 875 2341 comminatur
888 2314 933 2342 lex

145 2357 411 2393 transgressoribus;
426 2357 566 2392 quomodo
581 2365 646 2392 ergo
662 2357 853 2385 salvahimini?
864 2367 934 2394 quo-

146 2404 228 2432 modo
241 2404 453 2438 complebunlur
470 2403 547 2430 vobis
562 2404 776 2437 promissiones?
789 2399 856 2432 cum
870 2413 934 2440 ergo

144 2455 172 2478 ct
184 2451 240 2478 haec
255 2456 283 2477 et
297 2450 350 2477 alia
361 2450 435 2476 dicta
450 2449 517 2482 sint,
535 2458 567 2478 ac
580 2450 798 2478 demonstratum
812 2451 847 2478 sit
859 2451 932 2486 quod

143 2505 177 2523 ex
193 2497 252 2532 lege
267 2503 441 2531 nequaquam
458 2495 545 2530 possit
563 2495 660 2524 haberi
675 2496 750 2524 salus
769 2505 775 2523 :
794 2497 932 2531 reliquum

143 2548 186 2570 cst
197 2543 230 2570 ad
244 2543 360 2578 gratiam
373 2541 531 2577 confugere,
545 2550 606 2577 qua:
619 2550 669 2578 per
681 2542 763 2570 ﬁdem
777 2547 933 2577 prtestatur.

143 2587 281 2623 siquidem
307 2595 356 2622 per
383 2587 454 2614 hanc
475 2587 674 2622 promissiones
696 2587 888 2622 perficiuntur,
906 2591 934 2613 ct

141 2633 279 2662 Abraham
294 2634 418 2660 omnium
434 2637 511 2668 pater
527 2632 654 2660 efﬁcitur.
668 2633 762 2668 Itaque
778 2633 865 2667 ipsius
882 2633 933 2658 Da—

141 2681 187 2708 vid
208 2680 374 2708 beatiﬁcatio
397 2688 459 2708 cum
483 2680 519 2707 sit
539 2680 694 2707 communis
715 2679 748 2706 ad
768 2687 864 2706 omnes
885 2679 932 2713 qui

141 2733 190 2759 per
205 2726 286 2753 ﬁdem
299 2727 451 2757 salvantur,
464 2733 519 2752 non
534 2724 638 2756 minus,
655 2724 721 2758 quin
738 2724 824 2759 magis
841 2725 932 2758 potius

143 2771 175 2797 ad
203 2772 298 2798 ﬁdeles
323 2777 442 2806 aptatur,
467 2771 514 2805 qui
544 2771 571 2797 in
599 2769 734 2804 praeputio
763 2775 899 2796 venerunt
923 2778 929 2796 :

145 2822 245 2851 quanto
269 2818 352 2844 ctiam
370 2818 445 2852 prius
461 2817 487 2843 in
506 2815 644 2843 Abraham
661 2816 806 2843 veritatem
820 2815 929 2847 habuit,

143 2869 203 2890 cum
223 2868 296 2890 esset
319 2863 346 2889 in
364 2863 508 2898 praeputio.
534 2871 542 2888 ι
561 2862 641 2890 Irrita
666 2861 736 2890 facta
757 2867 799 2890 est
824 2863 929 2897 promi-

142 2907 192 2934 sio.
213 2917 222 2933 ›
242 2907 383 2942 Tanquam
408 2914 500 2935 essent
518 2908 639 2942 inutiles,
658 2908 743 2936 irritae
764 2908 841 2936 factae
866 2914 929 2936 sunt

991 1624 1071 1650 γουσι
1083 1616 1128 1643 διὰ
1147 1618 1230 1652 νόμου
1246 1617 1435 1653 κληρονομεῖν,
1447 1617 1492 1646 διὰ
1510 1619 1611 1646 τούτων
1637 1620 1778 1649 δείκνυται

1000 1664 1122 1699 μηδόλως
1132 1664 1324 1699 κληρονομεῖν;

1024 1709 1117 1741 Οὕτως
1130 1709 1220 1736 τοίνυν
1240 1710 1321 1745 διχῶς
1335 1711 1384 1742 τὰς
1399 1711 1550 1744 ἀποδείξεις
1564 1713 1777 1749 ἐποιήσατο,ὃτι

989 1754 1003 1780 ὁ
1026 1754 1200 1790 μακαρισμὸς
1222 1756 1267 1781 ἐπὶ
1287 1755 1337 1790 τὴν
1366 1755 1409 1782 διὰ
1440 1757 1558 1788 πίστεως
1591 1759 1777 1794 ἀκροϐυστίαν

991 1799 1091 1834 μᾶλλον
1107 1800 1234 1835 ἁρμόζει,
1249 1798 1325 1836 ἣῚεπὶ
1339 1801 1388 1836 τὴν
1416 1806 1566 1838 περιτομήν
1576 1813 1583 1820 ·
1597 1805 1646 1840 τὴν
1661 1805 1778 1842 πρώτην

990 1846 1040 1881 μὲν
1057 1845 1100 1872 ἐπ’
1115 1847 1221 1878 εὐθείας
1231 1848 1406 1882 προαγαγὼν,
1422 1850 1469 1875 καὶ
1483 1850 1514 1882 ἐξ
1533 1851 1623 1877 αὐτῶν
1633 1851 1687 1879 τῶν
1702 1854 1777 1880 κατὰ

989 1891 1034 1917 τὸν
1052 1891 1176 1927 ’Δϐραὰμ
1187 1893 1384 1928 πραχθέντωνπ
1415 1895 1466 1930 τὴν
1501 1896 1671 1931 δευτέρα-ιδὲ
1708 1907 1776 1924 συν-

988 1938 1099 1974 δραμὼν
1115 1939 1230 1971 ἐκείνοις
1250 1940 1298 1967 καὶ
1321 1941 1431 1973 ὑποθεὶς
1466 1942 1497 1968 τὸ
1523 1944 1598 1977 παρὰ
1608 1943 1663 1970 τῶν
1695 1944 1777 1971 ἐναν-

987 1985 1052 2012 τίων
1067 1985 1221 2020 λεγόμενον,
1239 1987 1286 2013 καὶ
1301 1987 1389 2019 δείξας
1401 1985 1457 2014 οἷον
1483 1989 1584 2015 ἄτοπον
1608 1989 1704 2016 ἕπεται
1736 1993 1773 2026 τῇ

989 2030 1116 2057 ὑποθέσει
1129 2032 1229 2059 αὐτῶν.
1239 2033 1336 2068 Τεθησι
1349 2033 1377 2059 δὲ
1390 2034 1436 2060 καὶ
1447 2034 1542 2069 τρίτην
1556 2035 1691 2068 ἀπόδειξιν
1704 2036 1776 2072 λαμ-

987 2076 1139 2112 ϐανομένην
1154 2077 1184 2110 ἐξ
1195 2078 1276 2104 αὐτοῦ
1289 2078 1335 2105 τοῦ
1350 2079 1445 2114 νόμου,
1460 2080 1506 2106 καί
1517 2089 1612 2115 φησιν·
1635 2082 1663 2108 '0
1677 2082 1772 2117 νόμος,

987 2122 1029 2156 ἐφ’
1044 2120 1066 2157 ᾧ
1076 2124 1257 2158 ἐπερειδεσοε,
1271 2125 1448 2159 παραϐαθεὶς,
1465 2126 1551 2162 ὀργὴν
1561 2128 1773 2164 κατεργάζεται.

987 2170 1072 2196 Τοῦτο
1085 2170 1182 2204 εἰπὼν,
1194 2171 1224 2198 τὸ
1237 2172 1382 2199 ἀκόλουθον
1399 2173 1436 2205 ὡς
1465 2173 1544 2206 δῆλον
1564 2175 1720 2201 κατέλιπεν·
1741 2177 1774 2202 Et

986 2215 1032 2244 οὖν
1043 2217 1058 2243 ὁ
1075 2219 1156 2253 νόμος
1171 2219 1256 2254 ὀργὴν
1273 2219 1472 2255 κατεργάζεται
1483 2220 1674 2256 παραδαθεὶς,
1692 2223 1774 2255 ὑμεῖς

985 2263 1013 2290 δὲ
1026 2265 1246 2300 παραϐεϐήκατε,
1272 2266 1302 2292 οὐ
1323 2267 1402 2299 μόνον
1426 2266 1596 2300 ἐπαγγελιῶν
1620 2267 1669 2292 οὐκ
1708 2267 1774 2293 ἐστὲ

985 2310 1065 2343 ἄξιοι,
1082 2310 1150 2337 ἀλλὰ
1162 2311 1209 2337 καὶ
1221 2312 1458 2346 τιμωρηθήσεσοε·
1468 2312 1547 2339 τοῦτο
1563 2313 1616 2348 γὰρ
1631 2314 1698 2347 ἡμῖν
1713 2312 1774 2339 δια-

986 2357 1085 2387 παντὸς
1100 2358 1113 2382 ὁ
1133 2357 1214 2390 νόμος
1228 2357 1448 2393 παραϐεόηκόσιν
1462 2359 1678 2385 ὲπανατεὶνεται·
1689 2359 1774 2385 πόθεν

984 2399 1030 2427 οὖν
1045 2401 1213 2436 σιυοήσεσθε;
1242 2401 1323 2428 πόθεν
1351 2403 1414 2437 ὑμῖν
1438 2404 1465 2429 αἱ
1484 2403 1645 2437 ἐπαγγελίαι
1667 2413 1676 2436 ,-
1709 2404 1773 2430 ἑτι-ἱ

985 2445 1031 2472 οὖν
1051 2446 1086 2473 τά
1107 2454 1138 2472 τε
1154 2446 1221 2473 ἄλλα
1247 2447 1364 2482 εἴρηται,
1381 2448 1428 2474 καὶ
1451 2449 1583 2475 δέδεικται
1611 2450 1652 2475 ὅτι
1678 2449 1726 2475 rat!
1739 2451 1773 2476 ἐκ

984 2490 1031 2516 τοῦ
1062 2491 1144 2525 νόμου
1169 2492 1220 2518 οὐκ
1250 2492 1323 2519 ἔστιν
1338 2493 1405 2524 ὅλως
1420 2493 1609 2528 δικαιωθῆναι,
1645 2495 1772 2521 λείπετ;ι

985 2539 1154 2571 καταφυγεῖν
1169 2539 1215 2564 ἐπὶ
1241 2539 1291 2574 τὴν
1301 2539 1345 2565 διὰ
1369 2540 1488 2571 πίστεως
1519 2541 1608 2575 χάριν.
1629 2541 1678 2566 Διὰ
1704 2541 1772 2568 ταὺ-

983 2590 1033 2616 της
1062 2582 1115 2617 γὰρ
1131 2583 1159 2608 αἱ
1185 2583 1346 2617 ἐπαγγελίαι
1363 2585 1554 2620 meatum-cat,
1577 2586 1624 2611 καὶ
1638 2587 1653 2612 ὁ
1668 2585 1771 2620 Ἀδρα-

983 2629 1024 2663 ὰμ
1035 2629 1143 2656 πάντων
1163 2630 1267 2664 γίνεται
1281 2633 1381 2665 πατήρ.
1405 2632 1484 2657 Ὥστε
1504 2633 1517 2658 ὁ
1543 2631 1590 2658 τοῦ
1604 2631 1685 2657 Δαυῖὶ
1717 2641 1771 2666 μα-

984 2674 1118 2710 καρισμὸς
1144 2676 1233 2707 κοινὸς
1260 2677 1390 2710 ὑπάρχων
1415 2677 1462 2702 ἐπὶ
1489 2678 1542 2702 τῶν
1574 2677 1618 2703 διὰ
1649 2677 1770 2709 πίστεως

984 2714 1145 2756 σωζομένων
1173 2723 1293 2755 πάντων,
1316 2724 1364 2758 οὐχ
1392 2722 1565 2760 ἦττον,ἁλλὰ
1587 2726 1634 2751 καὶ
1664 2726 1769 2760 μᾶλλόν

982 2768 1056 2794 ἐστιν
1067 2769 1113 2794 ἐπὶ
1133 2768 1188 2795 τῶν
1212 2770 1240 2795 ἐν
1271 2770 1439 2806 ἀκροόυστίᾳ
1466 2771 1570 2797 πιστῶν
1591 2773 1768 2807 ὲφαρμόζων,

982 2814 1036 2849 ὅσῳ
1051 2815 1098 2841 καὶ
1119 2815 1228 2850 πρῶτον
1255 2816 1302 2842 ἐπὶ
1323 2816 1370 2843 τοῦ
1395 2818 1424 2842 ἐν
1442 2818 1611 2853 ἀκροϐυστίᾳ
1637 2819 1768 2854 Ἀδραὰμ.

983 2861 1067 2895 ἐφάνη
1083 2861 1233 2896 ἀληθεύων.
1253 2872 1262 2888 ι
1277 2863 1483 2899 Κατήργηταιὴ
1504 2864 1665 2898 ἐπαγγελία.
1685 2873 1695 2890 ι
1721 2865 1767 2897 Ὧς

982 2908 1011 2934 οὔ
1028 2907 1166 2942 χρτιώδεις
1198 2908 1286 2943 οὖσαι,
1315 2910 1502 2946 κατήργηνται
1532 2912 1560 2938 αἱ
1591 2911 1767 2946 ἐπαγγελίαι,
