1878 3054
79 168 128 201 401

603 173 796 204 COMMENT.
820 174 859 204 ΙΝ
879 174 998 207 EPIST.
1022 177 1070 207 AD
1083 177 1173 208 ROM.

1658 179 1712 210 402

80 231 222 257 τουτέστιν
239 231 374 267 ἄπρακτοι
386 231 525 266 γεγόνασι.
543 232 619 265 “dig;
637 233 661 259 εἰ
674 233 726 267 γὰρ
742 233 758 268 ἡ
775 233 866 264 πίστις

963 235 1118 264 ηιιίεέῖοηοε
1133 245 1140 264 :
1156 237 1208 264 hoc
1222 242 1265 264 est
1284 237 1439 265 ineﬂieaccs
1454 237 1575 264 fuerunt.
1590 236 1714 270 Quonam

82 278 262 312 καταργεῖται
274 277 308 304 δι’
322 277 355 312 ἢν
367 277 394 304 αἱ
413 277 588 312 ἐπαγγελίαι,
617 278 741 314 δηλονότι
765 286 869 312 συγκα-

81 321 246 356 ταργοῦνται
263 322 292 349 αι
304 322 476 356 ἐπαγγελίαι.
491 322 520 350 Εἰ
535 323 564 349 δὲ
585 319 666 350 αὗται
691 321 871 358 καταργηοῶ-

83 375 135 399 σιν,
150 367 212 394 οὐδὲ
237 368 252 394 ὁ
265 367 392 403 Ἀϐραὰμ
409 368 503 404 πατὴρ
517 370 602 400 τινός.

117 461 170 488 Διὰ
182 461 271 488 τοῦτο
285 462 320 488 ἐκ
338 462 479 495 πίστεως,
498 464 548 490 ἵνα
562 465 637 491 κατὰ
656 465 755 498 χάριν.
777 466 820 498 εἰς
842 472 875 491 το

83 504 160 532 εἶναι
183 506 315 537 βεϐαίαν
338 507 395 541 τὴν
411 507 597 541 ἐπαγγελίαν
621 509 711 536 παντὶ
726 509 768 542 τῷ
780 510 873 544 σπέρ-

83 560 152 585 ματι
167 560 174 567 ·
196 552 233 579 οὐ
255 552 295 584 τῷ
312 553 348 579 ἐκ
370 553 425 581 τοῦ
437 555 532 588 νόμου
548 555 657 589 μόνον,
670 555 750 582 duo
766 555 814 582 καὶ
834 554 875 588 τῷ

85 599 118 625 ἐκ
137 599 270 631 πίστεως
292 599 434 635 Ἀϐραὰμ,
463 601 497 634 ὅς
528 601 595 628 ἐστι
626 602 724 636 πατὴρ
757 602 878 629 ,πάντων

87 643 182 677 ἡμῶν,
208 645 308 677 καθὼς
336 646 508 681 γέγραπται,
527 647 573 675 ὅτι
613 649 727 682 Πατέρα
753 648 877 675 πολλῶν

86 690 184 717 ἐθνῶν
222 690 338 718 τέθεικά
365 699 422 719 σε’
449 693 608 721 κατέναντι
638 691 673 722 οὗ
700 694 874 728 ἐπίστευσε,

90 737 175 770 Θεοῦ,
203 738 258 765 τοῦ
280 737 493 773 ζωοποιοῦντος
519 739 589 774 τοὺς
599 740 735 774 νεκροὺς,
750 741 799 767 καί
823 749 876 767 κα-

90 783 219 816 λοῦντος
229 784 264 810 τὰ
271 784 314 819 μὴ
329 785 401 812 ὄντα
414 786 454 819 ὡς
467 787 549 814 ὄντα,

125 830 181 856 Καὶ
194 830 292 863 οὕτως,
306 833 400 867 φησιν,
418 832 449 859 οὗ
466 832 511 859 διὰ
538 833 584 860 τοῦ
597 833 680 869 νόμου
702 835 876 870 βεϐαιοῦνται

89 876 117 902 αἱ
132 877 308 911 ἐπαγγελίαι,
324 879 365 905 ὃτι
379 879 479 913 τρόπον
504 880 565 907 τινὰ
598 880 645 908 καὶ
671 881 876 917 ἐμποδίζονται.

89 921 150 954 Πῶς
162 931 170 954 ;
184 922 225 949 ὅτι
235 924 250 950 ὁ
262 923 343 958 νόμος
371 924 456 960 ὀργὴν
479 927 688 962 κατεργάζεται,
706 929 878 964 παραϐαθεὶς

88 968 222 1002 δηλονότι.
239 970 332 1001 Οὐδεὶς
345 971 400 1006 γὰρ
415 971 496 998 αὐτὸν
509 972 601 1007 ἴσχυσε
621 973 773 1009 πληρῶσαι.
790 976 876 1003 Ἔνθα

88 1013 115 1039 δὲ
128 1014 210 1049 ὀργὴ,
226 1015 285 1046 πῶς
301 1015 468 1052 κληρονομία
481 1026 488 1050 ;
503 1018 562 1050 πῶς
576 1019 776 1054 κληρονομήσει
789 1021 803 1046 ὀ
818 1022 876 1058 ὼρ-

88 1060 237 1093 γισμένος;
253 1061 312 1092 πῶς
323 1061 432 1096 ἥξουσιν
442 1064 469 1090 αἱ
483 1064 662 1098 ὲπαγγελίαι;
685 1066 716 1092 'll
730 1067 758 1093 δὲ
776 1067 879 1103 πίστις,

90 1107 168 1140 φησι,
184 1105 234 1142 τὴν
248 1107 327 1142 χάριν
338 1109 442 1142 εἰσάγει
457 1109 504 1136 τοῦ
517 1110 595 1138 Θεοῦ.
612 1111 730 1146 Χάριτος
742 1113 769 1140 δὲ
781 1113 876 1150 οὔσης,

90 1151 218 1186 ἔρχονται
251 1155 298 1180 καὶ
318 1154 484 1190 πληροῦνται
500 1157 528 1182 αι
552 1156 725 1191 ἐπαγγελίαι.
743 1168 753 1185 1
772 1159 820 1191 El;
847 1161 878 1187 τὸ

89 1196 160 1224 εἶναι
179 1198 290 1233 βεϐαίαν
303 1200 352 1236 τὴν
364 1201 541 1235 ἐπαγγελίαν.
563 1213 572 1228 ι
604 1204 689 1231 Ἔνθα
721 1205 774 1240 γὰρ
798 1207 878 1243 χάρις

89 1244 170 1277 Θεοῦ,
185 1245 286 1273 οὐκέτι
301 1247 447 1282 ἀμφίϐολοι
459 1249 486 1275 αἱ
497 1249 668 1284 ἐπαγγελίαι,
685 1251 753 1278 ἀλλὰ
762 1252 876 1288 βέϐαιοι,

89 1290 156 1321 Θεδς
180 1292 235 1327 γὰρ
246 1312 254 1324 ,
272 1294 368 1328 φησιν,
391 1295 405 1321 ὁ
421 1295 536 1322 δικαιῶν
549 1297 651 1332 χάριτι,
664 1298 704 1329 τις
720 1299 734 1325 ὁ
747 1300 879 1335 κατακρί-

90 1346 162 1370 vui»;
186 1348 194 1364 1
216 1339 299 1366 Πάντι
311 1340 350 1375 τῷ
364 1341 512 1377 σπέρματι.
528 1353 537 1369 ι
561 1344 597 1370 Τὸ
613 1344 776 1380 ὑπερϐατὸν,
794 1346 879 1374 Παντὶ

90 1383 128 1418 τῷ
157 1385 297 1420 σπέρματι
319 1386 455 1423 Ἁϐραάμ.
475 1398 484 1414 1
505 1389 542 1416 Οὺ
558 1389 596 1425 τῷ
610 1391 642 1417 ὲκ
654 1390 702 1417 τοῦ
713 1391 795 1426 νόμου
829 1393 879 1427 μό-

91 1437 147 1456 νον.
169 1439 178 1455 ι
211 1430 259 1457 Ἐκ
274 1431 320 1458 τοῦ
349 1433 432 1468 νόμου
454 1433 540 1467 λέγει,
551 1435 615 1467 τοὺς
632 1435 660 1468 ἐξ
677 1436 813 1464 Ἰουδαίων
839 1439 879 1470 εἰς

92 1475 141 1509 τὴν
170 1475 262 1502 πίστιν
288 1477 425 1510 ἐλθόντας.
457 1489 466 1505 1
496 1479 605 1515 Πατέρα
630 1481 735 1508 πολλῶν
752 1482 847 1510 ὲονῶν.
867 1493 876 1509 ι

92 1521 162 1552 Τοὺς
174 1523 259 1557 χωρὶς
274 1523 356 1558 νόμου
374 1525 486 1557 πιστοὺς
501 1527 674 1561 γενομένους.
693 1529 765 1563 Ὅρα
779 1529 806 1556 δὲ
821 1529 878 1561 πῶς

921 282 1020 309 modo?
1033 283 1101 310 Nam
1127 284 1150 311 si
1175 283 1244 311 ﬁdes
1261 289 1373 319 propter
1395 292 1477 319 quam
1498 286 1578 311 erant.
1597 284 1714 318 promis-

920 327 1024 359 siones,
1049 328 1127 356 irrita
1152 329 1288 362 redditur,
1330 337 1502 365 consequens
1529 333 1582 362 est,
1607 333 1637 356 ut
1659 337 1712 356 una

925 374 1124 407 promissiones
1138 383 1249 412 quoque
1266 376 1351 404 irrita:
1365 376 1517 404 reddantur
1531 383 1537 402 :
1552 375 1626 411 quod
1638 375 1660 402 si
1672 375 1714 402 lue

925 420 991 447 ﬁniit
1009 421 1102 453 irritae,
1121 430 1211 458 neque
1230 423 1369 450 Abraham
1389 423 1550 458 cujusquam
1568 426 1646 457 paler
1661 426 1714 448 est.

961 468 1005 500 IV,
1023 468 1065 501 16,
1086 469 1129 496 17.
1144 469 1246 496 Idcirco
1261 477 1293 496 ea:
1309 468 1362 502 fide
1380 473 1428 500 est,
1446 472 1473 494 ut
1490 468 1632 495 necundum
1650 476 1714 502 gra-

926 515 1002 546 tiam,
1022 520 1049 542 ut
1069 514 1149 549 ﬁrma
1172 516 1206 542 sit
1229 516 1367 551 promissio
1388 516 1460 542 omni
1479 515 1573 542 semini
1590 522 1600 541 :
1620 522 1672 540 non
1692 514 1715 540 ei

926 564 1029 587 tantum
1044 561 1113 596 quod
1128 570 1160 588 ex
1171 561 1226 597 lege
1239 566 1287 594 est,
1301 570 1391 589 verum
1405 563 1485 588 etiam
1504 561 1527 587 ei
1540 560 1608 595 quod
1620 568 1652 586 ea:
1664 559 1717 593 fide

927 606 1080 640 Abraham,
1103 607 1149 642 qui
1179 611 1217 635 est
1250 612 1327 642 pater
1350 609 1468 635 omnium
1498 611 1628 638 nostrum,
1649 605 1715 633 sicut

926 654 1054 686 scriptum
1074 657 1111 680 eat
1131 661 1139 680 :
1156 652 1263 680 Patrem
1283 653 1427 680 multarunt
1443 653 1558 688 gentium
1578 652 1652 686 positi
1672 655 1713 681 te;

925 705 1015 724 coram
1037 697 1089 724 Deo
1109 699 1150 724 cui
1169 698 1296 730 credidit,
1320 699 1364 734 qui
1389 698 1502 732 vivi/icat
1526 702 1652 730 mortuos,
1685 705 1715 723 ac

928 747 1002 770 vacat
1019 751 1050 770 ea
1064 751 1123 779 quia
1135 752 1186 771 mm
1200 748 1262 771 sunt
1275 745 1342 771 sicut
1354 753 1385 772 ea
1398 753 1457 780 qua:
1468 743 1538 771 sunt.

966 836 999 863 Et
1015 835 1063 868 ita.
1077 835 1177 871 inquit,
1193 844 1247 864 non
1266 836 1409 864 ﬁrmantur
1427 843 1476 872 per
1491 836 1578 870 legem
1598 835 1719 870 promis-

894 901 914 928 Β
929 882 1032 913 siones,
1052 883 1100 910 sed
1116 882 1321 918 quodammodo
1337 883 1418 911 etiam
1440 882 1640 917 impediuntur.
1659 881 1719 915 Quo

928 929 1027 964 pacto?
1043 929 1111 956 Nam
1127 929 1170 956 lex
1185 929 1253 956 iram
1270 934 1410 964 operatur,
1427 937 1481 956 non
1498 933 1605 956 serrata
1620 927 1719 954 videli—

928 979 973 1002 cet
988 983 995 1001 :
1011 975 1105 1002 nullus
1120 975 1194 1002 enim
1213 975 1303 1010 potuit
1319 975 1392 1002 illam
1409 974 1491 1010 254
1507 974 1655 1009 complere.
1668 974 1719 1001 Ubi
1764 970 1773 982 ¹

929 1026 1020 1048 autem
1034 1025 1077 1048 est
1090 1021 1140 1053 ira.
1155 1021 1296 1056 quomodo
1308 1022 1362 1049 erit
1376 1021 1549 1049 hmredilaria
1567 1020 1721 1056 possessio?

927 1074 983 1102 quo
1003 1072 1081 1102 pacto
1105 1067 1293 1095 hrereditatem
1314 1068 1431 1102 accipiet
1445 1068 1492 1103 qui
1508 1068 1559 1094 sub
1576 1068 1615 1094 ira
1632 1067 1721 1094 conli-

928 1113 1026 1140 netur?
1037 1113 1175 1148 quomodo
1186 1114 1298 1140 venient
1310 1113 1525 1148 promissiones?
1534 1113 1614 1140 Fides
1628 1117 1721 1140 autem

929 1157 978 1185 Dei
992 1159 1106 1194 gratiam
1123 1158 1246 1191 inducit;
1264 1166 1346 1193 porro
1357 1159 1443 1194 gratia
1455 1163 1590 1193 pra-sonte
1605 1158 1721 1184 veniunt.

929 1209 958 1232 et
979 1205 1153 1240 complentur
1178 1204 1385 1240 promissiones.
1409 1214 1418 1230 1
1440 1205 1474 1232 Ut
1497 1204 1573 1231 ﬁrma
1598 1204 1633 1231 sit
1660 1212 1721 1238 pm-

930 1250 1035 1278 missio.
1057 1259 1066 1276 ι
1085 1249 1137 1278 Ubi
1160 1250 1234 1278 enim
1259 1251 1345 1286 gratia
1370 1251 1418 1278 Dei
1440 1255 1494 1284 est,
1506 1253 1561 1286 jam
1585 1258 1639 1277 non
1656 1255 1720 1278 sunt

929 1296 1021 1324 duhire
1044 1297 1254 1332 promissiones,
1270 1297 1317 1324 sed
1344 1297 1439 1324 ﬁrmae.
1454 1298 1526 1324 Deus
1547 1302 1599 1329 est.
1619 1297 1719 1332 inquit,

930 1342 977 1377 qui
994 1350 1042 1376 per
1054 1342 1168 1378 gratiam
1183 1343 1325 1378 justiﬁcat,
1339 1343 1401 1377 quis
1413 1347 1456 1370 est
1470 1343 1515 1370 ille
1528 1345 1574 1378 qui
1591 1343 1720 1370 condem-

931 1387 996 1414 nat?
1012 1397 1020 1412 1
1039 1387 1120 1414 Omni
1140 1387 1249 1414 semini.
1271 1396 1280 1413 ›
1300 1387 1474 1423 llyperbaton
1488 1391 1539 1419 est,
1555 1391 1583 1414 et
1596 1387 1722 1423 jungitur

930 1439 993 1459 cum
1015 1431 1137 1459 dictione
1158 1431 1296 1458 Abraham
1317 1440 1323 1457 :
1348 1430 1428 1458 Omni
1449 1430 1547 1458 semini
1571 1430 1721 1457 Abraham.

934 1486 943 1503 1
965 1477 1024 1504 Non
1038 1477 1063 1504 ei
1081 1481 1186 1504 tantum
1202 1476 1275 1512 quod
1292 1485 1325 1504 ex
1342 1477 1401 1512 lege
1419 1481 1471 1504 est.
1492 1486 1501 1502 ι
1520 1476 1560 1503 Ex
1579 1476 1638 1511 lege
1654 1476 1723 1503 dicit

930 1530 978 1550 eos
1000 1523 1047 1558 qui
1072 1530 1105 1550 ex
1129 1523 1232 1550 Judaeis
1254 1523 1287 1550 ad
1314 1522 1396 1550 ﬁdem
1418 1526 1563 1549 venerunt.
1585 1532 1594 1548 1
1612 1523 1722 1550 Patrem

93 1567 188 1593 λοιπὸν
205 1569 410 1602 συνάπτειτοὺς
423 1570 469 1597 δύο
483 1571 575 1604 λαοὺς,
601 1572 648 1598 καὶ
673 1573 782 1599 πάντων
807 1575 875 1600 ποιεῖ

963 1568 1080 1595 ullarum
1106 1569 1240 1604 gentium.
1267 1578 1276 1594 ι
1303 1568 1368 1602 Quae
1396 1568 1455 1595 sine
1477 1569 1536 1603 lege
1558 1568 1635 1596 facta:
1658 1572 1724 1596 sunt

94 1613 203 1648 πατέρα
218 1614 264 1640 τὸν
289 1615 425 1651 Ἀϐραάμ.
450 1626 458 1642 ι
480 1617 631 1644 Κατέναντι
664 1615 695 1644 οὗ
723 1618 879 1652 ἐπίστευσε,

94 1659 174 1686 Θεοῦ.
188 1669 198 1685 ι
220 1661 376 1694 Τουτέστιν,
390 1662 484 1698 ὥσπερ
507 1664 521 1690 ὀ
537 1663 602 1694 Θεὸς
619 1663 668 1690 οὐκ
685 1663 743 1690 ἔστι
759 1665 880 1700 μερικδς,

95 1705 164 1732 ἀλλὰ
180 1707 290 1733 πάντων
304 1707 381 1740 Θεὸς,
399 1708 486 1740 οὕτως
514 1708 585 1735 καὶὸ
616 1708 744 1744 Ἀδραὰμ.
774 1711 883 1737 πάντων

93 1752 197 1787 πατήρ.
206 1767 241 1772 -
253 1751 352 1789 [ΦΩΤ.]
362 1754 534 1782 Κατέναντι.
552 1755 701 1786 Ἑναντίον.
710 1756 835 1787 ἐνώπιον,
844 1757 883 1788 εἰς

95 1798 242 1832 πρόσωπον
265 1799 344 1827 Θεοῦ.
360 1799 406 1832 Εἰς
419 1801 566 1836 πρόσωπον
590 1801 644 1837 γὰρ
667 1801 734 1829 Ε)εοῦ
765 1802 882 1838 εἴρηται,

94 1841 149 1870 οἷον
160 1844 197 1876 ὡς
210 1845 241 1871 ὲκ
251 1845 397 1881 προσώπου
412 1847 490 1880 Θεοῦ,
505 1848 545 1879 τὸ,
566 1857 574 1873 1
593 1849 702 1883 Πατέρα
715 1849 818 1876 πολ)ὦν
839 1849 884 1875 ἑο-

95 1890 149 1917 νῶν
161 1891 272 1918 τέθεικά
287 1900 327 1919 σε.
338 1902 348 1918 ι
361 1892 471 1929 Ἐπειδὴ
484 1894 538 1929 γὰρ
554 1892 625 1926 εἷπε,
643 1904 651 1919 1
664 1894 761 1926 Καθὼς
784 1895 884 1930 γέγρα-

97 1946 174 1968 πται,
191 1946 200 1963 ι
211 1938 249 1973 μὴ
263 1938 403 1974 προσθεὶς,
424 1939 476 1965 ποῦ
492 1940 682 1976 γέγραπται,ῆ
693 1941 761 1972 πῶς,
776 1941 884 1976 ἐπήγα-

97 1990 145 2016 γεν
158 1983 194 2016 (εί
211 1983 259 2009 καὶ
272 1983 404 2018 ὑπερϐὰς)
417 1984 458 2016 τὸ,
480 1984 640 2013 κατέναντι
656 1985 742 2018 Θεοῦ,
757 1986 788 2012 τὸ
813 1986 886 2019 ἀξιό-

96 2037 195 2055 πιστον
210 2030 258 2056 καὶ
272 2029 380 2064 βέῦαιον
388 2029 446 2063 τοῦ,
463 2031 629 2066 γέγραπται,
645 2032 816 2067 παριςτῶν.‹
831 2033 886 2060 Κα-

97 2075 151 2108 θὼς
175 2076 342 2112 γέγραπται,
377 2077 454 2113 φησὶ,
483 2077 653 2104 κατενώπιον
681 2078 761 2110 Θεοῦ,
781 2089 789 2105 ι
807 2087 885 2105 τουτ-

98 2123 182 2156 έστιν,
207 2125 248 2155 είς
262 2124 405 2158 πρόσωπον
421 2123 500 2156 Θεοῦ,
527 2123 574 2150 καὶ
587 2125 619 2150 ὲκ
645 2124 790 2159 προσώπου
805 2124 884 2151 Θεοῦ.

104 2169 274 2203 ’Δξιόπιστός
300 2171 370 2202 ἐστι,
397 2169 525 2205 φησὶν,ή
552 2170 660 2204 Γραφὴ,
674 2169 885 2204 ἀμετάπτωτος,

935 1614 1040 1642 ﬁdeles.
1054 1614 1122 1641 Vide
1146 1619 1236 1641 autem
1255 1621 1309 1648 quo
1332 1618 1411 1648 pacto
1425 1613 1556 1648 deinceps
1570 1614 1640 1641 duos
1655 1622 1723 1641 con—

931 1659 1021 1694 jungit
1035 1660 1161 1694 populos,
1175 1660 1354 1695 omniumque
1370 1664 1476 1695 patrem
1494 1659 1558 1687 facit
1571 1661 1721 1688 Abraham.

937 1713 946 1730 1
967 1704 1064 1732 Coram
1083 1704 1137 1732 Deo
1153 1705 1198 1732 cui
1213 1705 1342 1733 credidit.
1364 1715 1372 1731 ι
1390 1705 1446 1733 lloc
1462 1710 1504 1733 est
1519 1715 1525 1732 :
1541 1703 1724 1738 Quemadmo-

935 1750 1000 1778 dum
1015 1751 1087 1778 Deus
1105 1759 1158 1778 non
1173 1755 1216 1779 est
1233 1752 1416 1786 particularis,
1432 1753 1478 1779 sed
1497 1751 1620 1779 omnium
1639 1752 1722 1784 Deus,

935 1797 972 1824 ita
998 1800 1026 1824 ct
1051 1797 1189 1824 Abraham
1211 1798 1334 1833 omnium
1354 1802 1442 1832 pater.
1464 1797 1616 1824 Κατέναντι
1645 1801 1721 1829 ante.

935 1850 1047 1875 coram,
1083 1843 1110 1870 in
1146 1848 1294 1878 conspectu
1331 1843 1389 1870 Dei.
1418 1843 1484 1870 Nam
1516 1843 1544 1870 iu
1573 1847 1724 1878 conspectu

935 1891 994 1922 Dei,
1020 1890 1077 1917 sive
1096 1898 1129 1917 ex
1157 1898 1273 1925 persona
1297 1889 1347 1916 Dei
1369 1889 1478 1916 dictum
1495 1893 1537 1916 est
1558 1897 1564 1914 :
1583 1898 1591 1914 1
1614 1889 1724 1916 Patrem

936 1936 1085 1963 multarum
1122 1936 1244 1971 gentium
1279 1934 1357 1970 posui
1393 1938 1428 1962 te.
1453 1944 1462 1960 ι
1491 1933 1632 1968 Siquidem
1661 1941 1725 1961 cum

935 1983 1036 2011 dixerit
1059 1993 1064 2010 :
1083 1993 1092 2009 1
1113 1983 1192 2011 Sicut
1213 1983 1345 2018 scriptum
1360 1986 1412 2015 est,
1433 1989 1510 2009 Hion
1536 1980 1651 2012 addens.
1676 1981 1725 2008 ubi

937 2030 1068 2064 seriptum
1086 2032 1138 2061 est,
1155 2033 1204 2056 aut
1219 2036 1274 2064 quo
1291 2027 1384 2061 modo,
1399 2026 1542 2063 subjungit
1556 2026 1724 2062 (quanquam

937 2083 986 2111 per
1009 2074 1196 2111 hyperbaton)
1222 2074 1365 2102 κατέναντι
1388 2073 1471 2106 Θεοῦ,
1497 2073 1522 2101 id
1551 2078 1607 2106 est,
1633 2080 1725 2100 coram

938 2122 1013 2154 Deo,
1037 2121 1228 2157 probationem
1255 2125 1281 2148 et
1304 2119 1542 2148 conﬁrmationem
1567 2119 1628 2154 ejus
1652 2118 1726 2153 quod

939 2168 1043 2195 dictum
1067 2173 1110 2196 est
1135 2167 1188 2195 ﬁde
1212 2166 1321 2202 dignam
1348 2165 1499 2192 adducens.
1524 2174 1533 2190 1
1554 2163 1632 2192 Sicut
1657 2163 1726 2190 scri-

101 2215 210 2250 βεϐαία,
225 2216 292 2248 Θεός
310 2217 383 2242 ἔστιν
403 2217 433 2242 ὲν
447 2217 514 2251 αὐτῇ
539 2215 634 2249 εἰπὼν,
665 2225 674 2241 1
695 2216 805 2251 Πατέρα
823 2216 873 2242 πολ

963 2219 1016 2240 tum
1041 2218 1094 2244 est.
1116 2222 1124 2238 ι
1145 2212 1254 2247 inquit,
1282 2221 1291 2237 1
1309 2211 1407 2239 Coram
1430 2211 1497 2242 Deo,
1520 2220 1528 2236 ι
1556 2210 1609 2236 hoc
1630 2215 1672 2237 est
1698 2209 1726 2236 in

99 2262 153 2289 λῶν
166 2262 254 2288 ἐθνῶν
268 2261 378 2289 τέθεικά
395 2271 435 2289 σε.
463 2271 472 2288 ›
491 2262 529 2288 Τδ
553 2261 619 2296 γοῦν
639 2261 736 2296 ἑφεξῆς
759 2262 807 2296 τῆς
837 2262 885 2289 τοῦ

99 2308 179 2342 λόγου
197 2308 392 2344 συμφράσεωςτ
411 2308 508 2340 Καθὼς
531 2308 685 2344 γέγραπται
698 2308 841 2335 κατέναντι
858 2305 887 2336 οὗ

101 2355 246 2381 ἐπίστευσε
276 2354 355 2386 Θεοῦ,
381 2354 422 2381 ὅτι
439 2354 548 2389 πατέρα
561 2354 665 2380 πολλῶν
680 2353 776 2386 ὲονῶν,
791 2354 838 2380 καὶ
855 2354 888 2381 τὰ

101 2401 176 2437 ἑῆς,
200 2401 306 2436 Ὠσπερ
329 2402 394 2436 γὰρ,
416 2400 494 2436 φησὶ,
524 2401 634 2427 πάντων
664 2400 722 2426 ἐστὶ
747 2399 860 2435 ποιητὴς
875 2400 889 2426 ὸ

102 2449 178 2481 Θεὸς,
196 2449 244 2476 καὶ
258 2449 368 2475 πάντων
387 2449 453 2480 θεός
473 2457 503 2475 τε
519 2449 566 2475 καὶ
587 2447 724 2484 κηδεμὼν,
741 2448 827 2480 οὓτως
843 2449 890 2475 καὶ

102 2495 148 2523 τὸν
166 2495 297 2531 Ἀϐραὰμ
309 2495 419 2521 πάντων
439 2495 548 2530 πατέρα
579 2495 813 2530 κεχειροτόνηκεν,
839 2495 889 2521 οὐκ

107 2542 246 2569 Ἰουδαίων
282 2542 373 2576 μόνον,
401 2541 469 2567 ἀλλὰ
485 2541 533 2567 καὶ
549 2541 659 2567 πάντων
676 2540 730 2567 τῶν
748 2541 890 2567 πιστευόν-

101 2597 166 2616 των.
183 2604 219 2609 ——
233 2589 357 2621 Ἄλλως.
379 2588 452 2614 ’Λντὶ
464 2587 524 2619 τοῦ,
546 2587 662 2614 ἐνώπιον
678 2588 724 2614 καὶ
736 2588 788 2621 πρὸ
805 2596 890 2622 προσ-

103 2636 179 2662 ώπου
209 2632 239 2662 οἶι
256 2635 400 2661 ἐπίστευσε
414 2633 492 2660 Θεοῦ.
506 2643 515 2659 1
536 2633 588 2659 Τοῦ
617 2633 813 2664 ζωοποιοῦντος
827 2634 890 2664 τοὺς

104 2681 229 2717 νεκρούς.
247 2691 255 2706 ι
275 2681 327 2707 Τὸν
342 2682 391 2715 μὲν
417 2681 468 2715 τῆς
493 2680 669 2710 ἀναστάσεως
692 2679 892 2705 καταϐάλλεται

104 2727 193 2762 λόγον,
228 2728 297 2762 πλὴν
323 2728 486 2762 προσφόροις
509 2728 554 2753 καὶ
581 2727 620 2758 εἰς
635 2726 665 2752 τὸ
697 2725 890 2762 προκείμενον.

110 2775 283 2805 Ἔπίστευσε,
298 2774 393 2808 φησιν,
412 2773 539 2808 ’Λϐραάμ
552 2772 592 2807 τῷ
602 2772 672 2807 Θεῷ,
683 2772 724 2799 ὅτι
753 2772 799 2798 καὶ
830 2772 892 2802 τοὺς

106 2821 221 2854 νεκροὺς
249 2819 378 2852 ζωοποεῖ,
408 2818 453 2844 διὰ
473 2818 552 2843 τοῦτο
580 2817 627 2843 καὶ
653 2817 682 2842 τὸ
706 2815 797 2842 δοῦναι
812 2814 893 2840 αὑτὸν

107 2867 220 2902 σπέρμα
235 2866 414 2900 γεγηρακότι.
434 2865 462 2890 '0
473 2864 525 2898 γὰρ
536 2863 599 2894 τοὺς
615 2862 727 2897 νεκροὺς
740 2861 890 2893 ζιιιοποιὼν,

110 2914 156 2941 καὶ
173 2913 206 2940 τὰ
225 2912 262 2949 μὴ
280 2913 344 2940 ὅντα
359 2910 468 2944 οὐσιῶν,
484 2909 573 2945 πολλῷ
589 2909 687 2945 μᾶλλον
700 2908 842 2943 δυνήσεται
854 2907 892 2941 τιῖι

939 2263 1089 2294 conspectu
1117 2258 1180 2291 Dei,
1206 2261 1234 2285 et
1260 2266 1294 2284 ex
1316 2265 1433 2292 persona
1456 2255 1602 2284 Dei:Fide
1629 2255 1726 2290 digna.

939 2305 1040 2340 inquit,
1059 2309 1102 2332 est
1120 2304 1274 2339 Scriptura,
1296 2302 1455 2335 immobilis,
1476 2301 1568 2335 ﬁrma;
1593 2302 1665 2329 Deus
1686 2306 1728 2328 est

939 2351 986 2387 qui
1005 2352 1031 2378 in
1045 2359 1076 2379 ea
1092 2351 1202 2379 locutus
1215 2355 1267 2378 est.
1286 2359 1295 2376 1
1314 2350 1424 2377 Patrem
1439 2348 1588 2376 multarum
1604 2348 1726 2384 gentium

940 2397 1017 2432 posui
1033 2402 1069 2424 te.
1091 2407 1100 2422 ι
1116 2396 1189 2424 Ordo
1205 2396 1298 2430 itaque
1316 2395 1502 2422 conclusionis
1517 2393 1652 2421 sermonis
1667 2398 1724 2420 est:

940 2444 1018 2471 Sicut
1037 2442 1171 2478 scriptum
1193 2447 1235 2469 est
1253 2449 1345 2469 curam
1363 2441 1428 2472 Deo,
1450 2440 1494 2467 cui
1509 2440 1637 2471 credidit,
1652 2439 1726 2473 quod

941 2495 1047 2525 patrem
1072 2489 1221 2516 multarum
1243 2488 1365 2524 gentium
1380 2507 1387 2519 ,
1412 2491 1465 2515 etc.
1489 2485 1727 2519 Quemadmodum

940 2537 1025 2569 enim,
1035 2536 1136 2571 inquit,
1148 2535 1220 2562 Deus
1231 2534 1352 2562 omnium
1363 2533 1508 2565 factorcst,
1523 2532 1646 2559 onmitun
1655 2531 1729 2557 Deus

941 2583 1119 2617 obuiumqu
1128 2581 1296 2616 gubernator
1309 2589 1315 2606 :
1328 2580 1364 2606 ita
1374 2579 1462 2614 ipsum
1472 2585 1581 2613 quoque
1591 2577 1729 2604 Abraham

942 2635 1048 2664 pzllrt‘m
1057 2628 1180 2655 omnium
1189 2627 1348 2658 constituit;
1367 2633 1422 2652 non
1434 2624 1590 2652 Judaeorum
1607 2627 1724 2654 tantum,

941 2683 1036 2702 verum
1046 2674 1129 2702 etiam
1143 2674 1265 2701 omnium
1275 2669 1556 2702 credentium—Atio
1574 2668 1658 2695 modo.
1671 2667 1729 2694 lloe

941 2727 980 2749 εει
989 2741 995 2752 .
1006 2710 1098 2748 coram
1111 2721 1178 2754 Deo,
1190 2724 1217 2748 et
1229 2725 1292 2747 ante
1300 2723 1476 2753 conspectum
1485 2716 1533 2743 Dei
1544 2715 1588 2742 cui
1599 2713 1728 2741 credidit.

945 2777 953 2792 α
973 2767 1023 2800 Qui
1045 2767 1167 2794 viviﬁcat
1187 2770 1322 2793 mortuos.
1344 2774 1352 2790 ι
1382 2761 1523 2791 Sermonis
1546 2761 1580 2787 de
1602 2767 1728 2786 resurre-

943 2814 1035 2841 ctione
1049 2813 1226 2840 fundamenta
1243 2811 1308 2846 jaeil
1326 2820 1331 2837 ι
1349 2813 1410 2843 apte
1425 2814 1515 2835 tamen
1531 2811 1559 2834 et
1578 2805 1611 2833 ad
1628 2812 1728 2840 propo-

944 2861 1037 2887 situm.
1051 2859 1185 2891 Credidit,
1201 2858 1299 2892 inquit,
1318 2855 1454 2882 Abraham
1479 2854 1533 2881 Deo
1557 2852 1627 2888 quod
1646 2851 1728 2878 etiam

947 2910 1072 2933 mortuos
1088 2904 1150 2932 vita:
1167 2903 1272 2936 reddat,
1291 2902 1405 2936 ideoque
1421 2900 1535 2928 daturus
1550 2903 1622 2927 esset
1635 2901 1661 2926 ct
1677 2895 1729 2930 ipsi
