  <div class='ocr_page' id='page_1' title='image "/cluster/home/n/w/nwhite01/storage/ocr_20150623/118/njp.32101077772992/319.png"; bbox 0 0 1878 3054; ppageno 0'>
   <div class='ocr_carea' id='block_1_1' title="bbox 122 132 177 167">
    <p class='ocr_par' dir='ltr' id='par_1_1' title="bbox 122 132 177 167">
     <span class='ocr_line' id='line_1_1' title="bbox 122 132 177 167; baseline 0 -1"><span class='ocrx_word' id='word_1_1' title='bbox 122 132 177 167; x_wconf 68' lang='grc'><strong>403</strong></span> 
     </span>
    </p>
   </div>
   <div class='ocr_carea' id='block_1_2' title="bbox 636 132 1181 179">
    <p class='ocr_par' dir='ltr' id='par_1_2' title="bbox 636 132 1181 179">
     <span class='ocr_line' id='line_1_2' title="bbox 636 132 1181 179; baseline -0.004 -14"><span class='ocrx_word' id='word_1_2' title='bbox 636 133 836 179; x_wconf 20' lang='lat' dir='ltr'><strong>(EVCUMENII</strong></span> <span class='ocrx_word' id='word_1_3' title='bbox 848 133 993 163; x_wconf 72' lang='lat' dir='ltr'><strong>TRICC/E</strong></span> <span class='ocrx_word' id='word_1_4' title='bbox 1011 132 1181 163; x_wconf 84' lang='lat' dir='ltr'><strong>EPISCOPI</strong></span> 
     </span>
    </p>
   </div>
   <div class='ocr_carea' id='block_1_3' title="bbox 1693 131 1750 163">
    <p class='ocr_par' dir='ltr' id='par_1_3' title="bbox 1693 131 1750 163">
     <span class='ocr_line' id='line_1_3' title="bbox 1693 131 1750 163; baseline 0 -1"><span class='ocrx_word' id='word_1_5' title='bbox 1693 131 1750 163; x_wconf 70' lang='lat' dir='ltr'><strong>4M</strong></span> 
     </span>
    </p>
   </div>
   <div class='ocr_carea' id='block_1_4' title="bbox 123 189 914 227">
    <p class='ocr_par' dir='ltr' id='par_1_4' title="bbox 123 189 909 227">
     <span class='ocr_line' id='line_1_4' title="bbox 123 189 909 227; baseline -0.004 -8"><span class='ocrx_word' id='word_1_6' title='bbox 123 198 217 220; x_wconf 87' lang='lat' dir='ltr'><strong>semen</strong></span> <span class='ocrx_word' id='word_1_7' title='bbox 224 198 288 219; x_wconf 87' lang='lat' dir='ltr'><strong>cum</strong></span> <span class='ocrx_word' id='word_1_8' title='bbox 297 191 353 227; x_wconf 81' lang='lat' dir='ltr'><strong>jam</strong></span> <span class='ocrx_word' id='word_1_9' title='bbox 365 189 510 220; x_wconf 84' lang='lat' dir='ltr'><strong>senuisset.</strong></span> <span class='ocrx_word' id='word_1_10' title='bbox 521 190 587 218; x_wconf 85' lang='lat' dir='ltr'><strong>Nam</strong></span> <span class='ocrx_word' id='word_1_11' title='bbox 596 190 643 226; x_wconf 86' lang='lat' dir='ltr'><strong>qui</strong></span> <span class='ocrx_word' id='word_1_12' title='bbox 653 191 746 218; x_wconf 84' lang='lat' dir='ltr'><strong>vivere</strong></span> <span class='ocrx_word' id='word_1_13' title='bbox 756 190 822 218; x_wconf 85' lang='lat' dir='ltr'><strong>facit</strong></span> <span class='ocrx_word' id='word_1_14' title='bbox 834 197 909 217; x_wconf 90' lang='lat' dir='ltr'><strong>mor-</strong></span> 
     </span>
    </p>
   </div>
   <div class='ocr_carea' id='block_1_5' title="bbox 989 189 1749 227">
    <p class='ocr_par' dir='ltr' id='par_1_5' title="bbox 989 189 1749 224">
     <span class='ocr_line' id='line_1_5' title="bbox 989 189 1749 224; baseline 0.003 -10"><span class='ocrx_word' id='word_1_15' title='bbox 989 189 1160 224; x_wconf 72' lang='grc' dir='ltr'>ενεκρωμένῳ</span> <span class='ocrx_word' id='word_1_16' title='bbox 1175 189 1218 216; x_wconf 80' lang='grc' dir='ltr'><strong>διὰ</strong></span> <span class='ocrx_word' id='word_1_17' title='bbox 1236 189 1265 216; x_wconf 81' lang='grc' dir='ltr'><strong>τὺ</strong></span> <span class='ocrx_word' id='word_1_18' title='bbox 1280 197 1367 224; x_wconf 78' lang='grc' dir='ltr'>γηρας</span> <span class='ocrx_word' id='word_1_19' title='bbox 1381 189 1487 224; x_wconf 78' lang='grc' dir='ltr'>σώματι</span> <span class='ocrx_word' id='word_1_20' title='bbox 1511 189 1602 216; x_wconf 77' lang='grc' dir='ltr'>δοῦναι</span> <span class='ocrx_word' id='word_1_21' title='bbox 1636 190 1749 224; x_wconf 73' lang='grc' dir='ltr'>σπέρμα</span> 
     </span>
    </p>
   </div>
   <div class='ocr_carea' id='block_1_6' title="bbox 125 236 910 271">
    <p class='ocr_par' dir='ltr' id='par_1_6' title="bbox 125 236 910 271">
     <span class='ocr_line' id='line_1_6' title="bbox 125 236 910 271; baseline -0.003 -7"><span class='ocrx_word' id='word_1_22' title='bbox 125 242 188 265; x_wconf 87' lang='lat' dir='ltr'><strong>tuos</strong></span> <span class='ocrx_word' id='word_1_23' title='bbox 199 245 231 264; x_wconf 80' lang='lat' dir='ltr'><strong>ac</strong></span> <span class='ocrx_word' id='word_1_24' title='bbox 241 245 273 264; x_wconf 88' lang='lat' dir='ltr'><strong>ea</strong></span> <span class='ocrx_word' id='word_1_25' title='bbox 284 245 345 271; x_wconf 65' lang='lat' dir='ltr'><strong>qum</strong></span> <span class='ocrx_word' id='word_1_26' title='bbox 356 245 410 264; x_wconf 90' lang='lat' dir='ltr'><strong>non</strong></span> <span class='ocrx_word' id='word_1_27' title='bbox 422 237 525 264; x_wconf 83' lang='lat' dir='ltr'><strong>habent</strong></span> <span class='ocrx_word' id='word_1_28' title='bbox 536 240 566 264; x_wconf 91' lang='lat' dir='ltr'><strong>ut</strong></span> <span class='ocrx_word' id='word_1_29' title='bbox 575 236 640 269; x_wconf 80' lang='lat' dir='ltr'><strong>sint,</strong></span> <span class='ocrx_word' id='word_1_30' title='bbox 650 236 736 263; x_wconf 90' lang='lat' dir='ltr'><strong>multo</strong></span> <span class='ocrx_word' id='word_1_31' title='bbox 757 236 843 271; x_wconf 80' lang='lat' dir='ltr'><strong>magis</strong></span> <span class='ocrx_word' id='word_1_32' title='bbox 861 243 910 270; x_wconf 89' lang='lat' dir='ltr'><strong>po-</strong></span> 
     </span>
    </p>
   </div>
   <div class='ocr_carea' id='block_1_7' title="bbox 125 281 911 318">
    <p class='ocr_par' dir='ltr' id='par_1_7' title="bbox 125 281 911 318">
     <span class='ocr_line' id='line_1_7' title="bbox 125 281 911 318; baseline -0.003 -8"><span class='ocrx_word' id='word_1_33' title='bbox 125 283 191 311; x_wconf 87' lang='lat' dir='ltr'><strong>tcrit</strong></span> <span class='ocrx_word' id='word_1_34' title='bbox 212 283 321 318; x_wconf 85' lang='lat' dir='ltr'><strong>corpori</strong></span> <span class='ocrx_word' id='word_1_35' title='bbox 339 288 482 310; x_wconf 86' lang='lat' dir='ltr'><strong>senectute</strong></span> <span class='ocrx_word' id='word_1_36' title='bbox 499 287 625 309; x_wconf 83' lang='lat' dir='ltr'><strong>emortuo</strong></span> <span class='ocrx_word' id='word_1_37' title='bbox 642 281 829 317; x_wconf 79' lang='lat' dir='ltr'><strong>generativum</strong></span> <span class='ocrx_word' id='word_1_38' title='bbox 845 282 911 309; x_wconf 82' lang='lat' dir='ltr'><strong>dare</strong></span> 
     </span>
    </p>
   </div>
   <div class='ocr_carea' id='block_1_8' title="bbox 126 326 912 364">
    <p class='ocr_par' dir='ltr' id='par_1_8' title="bbox 126 326 912 364">
     <span class='ocr_line' id='line_1_8' title="bbox 126 326 912 364; baseline -0.003 -9"><span class='ocrx_word' id='word_1_39' title='bbox 126 337 229 356; x_wconf 82' lang='lat' dir='ltr'><strong>semen.</strong></span> <span class='ocrx_word' id='word_1_40' title='bbox 249 328 328 364; x_wconf 79' lang='lat'><strong>255</strong></span> <span class='ocrx_word' id='word_1_41' title='bbox 342 338 351 354; x_wconf 86' lang='grc'><em>‹</em></span> <span class='ocrx_word' id='word_1_42' title='bbox 368 329 407 356; x_wconf 79' lang='lat' dir='ltr'><strong>Ac</strong></span> <span class='ocrx_word' id='word_1_43' title='bbox 424 332 502 355; x_wconf 77' lang='lat' dir='ltr'><strong>vocat</strong></span> <span class='ocrx_word' id='word_1_44' title='bbox 514 335 545 355; x_wconf 90' lang='lat' dir='ltr'><strong>ea</strong></span> <span class='ocrx_word' id='word_1_45' title='bbox 569 336 630 362; x_wconf 60' lang='lat' dir='ltr'><strong>quae</strong></span> <span class='ocrx_word' id='word_1_46' title='bbox 645 336 700 355; x_wconf 92' lang='lat' dir='ltr'><strong>non</strong></span> <span class='ocrx_word' id='word_1_47' title='bbox 714 331 787 355; x_wconf 90' lang='lat' dir='ltr'><strong>sunt.</strong></span> <span class='ocrx_word' id='word_1_48' title='bbox 811 336 820 353; x_wconf 86' lang='lat' dir='ltr'><strong>I</strong></span> <span class='ocrx_word' id='word_1_49' title='bbox 839 326 912 354; x_wconf 85' lang='lat' dir='ltr'><strong>Bene</strong></span> 
     </span>
    </p>
   </div>
   <div class='ocr_carea' id='block_1_9' title="bbox 125 373 908 408">
    <p class='ocr_par' dir='ltr' id='par_1_9' title="bbox 125 373 908 408">
     <span class='ocr_line' id='line_1_9' title="bbox 125 373 908 408; baseline -0.004 -8"><span class='ocrx_word' id='word_1_50' title='bbox 125 374 164 400; x_wconf 88' lang='lat' dir='ltr'><strong>ait</strong></span> <span class='ocrx_word' id='word_1_51' title='bbox 182 382 189 400; x_wconf 88' lang='lat'>:</span> <span class='ocrx_word' id='word_1_52' title='bbox 211 384 219 399; x_wconf 76' lang='grc' dir='ltr'><strong>ε</strong></span> <span class='ocrx_word' id='word_1_53' title='bbox 232 374 316 401; x_wconf 84' lang='lat' dir='ltr'><strong>Vocat</strong></span> <span class='ocrx_word' id='word_1_54' title='bbox 327 382 360 401; x_wconf 86' lang='lat' dir='ltr'><strong>ea</strong></span> <span class='ocrx_word' id='word_1_55' title='bbox 372 382 432 408; x_wconf 77' lang='lat' dir='ltr'><strong>quae</strong></span> <span class='ocrx_word' id='word_1_56' title='bbox 443 381 496 400; x_wconf 91' lang='lat' dir='ltr'><strong>non</strong></span> <span class='ocrx_word' id='word_1_57' title='bbox 514 377 588 406; x_wconf 85' lang='lat' dir='ltr'><strong>sunt,</strong></span> <span class='ocrx_word' id='word_1_58' title='bbox 601 373 673 401; x_wconf 88' lang='lat' dir='ltr'><strong>sicut</strong></span> <span class='ocrx_word' id='word_1_59' title='bbox 685 381 717 400; x_wconf 88' lang='lat' dir='ltr'><strong>ea</strong></span> <span class='ocrx_word' id='word_1_60' title='bbox 732 380 793 408; x_wconf 67' lang='lat' dir='ltr'><strong>quae</strong></span> <span class='ocrx_word' id='word_1_61' title='bbox 804 375 878 399; x_wconf 89' lang='lat' dir='ltr'><strong>sunt.</strong></span> <span class='ocrx_word' id='word_1_62' title='bbox 899 381 908 397; x_wconf 80' lang='grc' dir='ltr'><strong>ι</strong></span> 
     </span>
    </p>
   </div>
   <div class='ocr_carea' id='block_1_10' title="bbox 125 419 912 456">
    <p class='ocr_par' dir='ltr' id='par_1_10' title="bbox 125 419 912 456">
     <span class='ocr_line' id='line_1_10' title="bbox 125 419 912 456; baseline 0 -10"><span class='ocrx_word' id='word_1_63' title='bbox 125 420 215 447; x_wconf 80' lang='lat' dir='ltr'><strong>Verbo</strong></span> <span class='ocrx_word' id='word_1_64' title='bbox 232 420 305 447; x_wconf 89' lang='lat' dir='ltr'><strong>enim</strong></span> <span class='ocrx_word' id='word_1_65' title='bbox 316 428 348 448; x_wconf 85' lang='lat' dir='ltr'><strong>ea</strong></span> <span class='ocrx_word' id='word_1_66' title='bbox 363 429 423 456; x_wconf 62' lang='lat' dir='ltr'><strong>qua:</strong></span> <span class='ocrx_word' id='word_1_67' title='bbox 438 428 492 447; x_wconf 91' lang='lat' dir='ltr'><strong>non</strong></span> <span class='ocrx_word' id='word_1_68' title='bbox 508 425 582 452; x_wconf 87' lang='lat' dir='ltr'><strong>sunt,</strong></span> <span class='ocrx_word' id='word_1_69' title='bbox 593 419 674 447; x_wconf 88' lang='lat' dir='ltr'><strong>simul</strong></span> <span class='ocrx_word' id='word_1_70' title='bbox 691 427 752 446; x_wconf 88' lang='lat' dir='ltr'><strong>cum</strong></span> <span class='ocrx_word' id='word_1_71' title='bbox 770 419 912 447; x_wconf 89' lang='lat' dir='ltr'><strong>vocatione</strong></span> 
     </span>
    </p>
   </div>
   <div class='ocr_carea' id='block_1_11' title="bbox 125 464 912 500">
    <p class='ocr_par' dir='ltr' id='par_1_11' title="bbox 125 464 912 500">
     <span class='ocr_line' id='line_1_11' title="bbox 125 464 912 500; baseline -0.001 -9"><span class='ocrx_word' id='word_1_72' title='bbox 125 465 237 493; x_wconf 87' lang='lat' dir='ltr'><strong>adducit.</strong></span> <span class='ocrx_word' id='word_1_73' title='bbox 255 470 285 493; x_wconf 92' lang='lat' dir='ltr'><strong>ut</strong></span> <span class='ocrx_word' id='word_1_74' title='bbox 302 466 356 493; x_wconf 90' lang='lat' dir='ltr'><strong>sint</strong></span> <span class='ocrx_word' id='word_1_75' title='bbox 372 475 380 492; x_wconf 90' lang='lat'><strong>:</strong></span> <span class='ocrx_word' id='word_1_76' title='bbox 396 466 434 493; x_wconf 87' lang='lat' dir='ltr'><strong>ita</strong></span> <span class='ocrx_word' id='word_1_77' title='bbox 452 470 481 493; x_wconf 88' lang='lat' dir='ltr'><strong>ut</strong></span> <span class='ocrx_word' id='word_1_78' title='bbox 498 465 628 500; x_wconf 78' lang='lat' dir='ltr'><strong>possibile</strong></span> <span class='ocrx_word' id='word_1_79' title='bbox 655 465 692 492; x_wconf 89' lang='lat' dir='ltr'><strong>sit</strong></span> <span class='ocrx_word' id='word_1_80' title='bbox 714 464 785 499; x_wconf 86' lang='lat' dir='ltr'><strong>apud</strong></span> <span class='ocrx_word' id='word_1_81' title='bbox 812 464 912 498; x_wconf 89' lang='lat' dir='ltr'><strong>ipsum,</strong></span> 
     </span>
    </p>
   </div>
   <div class='ocr_carea' id='block_1_12' title="bbox 966 235 1754 271">
    <p class='ocr_par' dir='ltr' id='par_1_12' title="bbox 966 235 1754 271">
     <span class='ocr_line' id='line_1_12' title="bbox 966 235 1754 271; baseline 0 -9"><span class='ocrx_word' id='word_1_82' title='bbox 966 235 1108 270; x_wconf 81' lang='grc' dir='ltr'>ζωογόνον.</span> <span class='ocrx_word' id='word_1_83' title='bbox 1135 246 1144 262; x_wconf 76' lang='grc' dir='ltr'>ι</span> <span class='ocrx_word' id='word_1_84' title='bbox 1169 237 1224 263; x_wconf 82' lang='grc' dir='ltr'><strong>Καὶ</strong></span> <span class='ocrx_word' id='word_1_85' title='bbox 1249 236 1394 267; x_wconf 73' lang='grc' dir='ltr'><strong>καλοῦντος</strong></span> <span class='ocrx_word' id='word_1_86' title='bbox 1419 236 1454 263; x_wconf 77' lang='grc' dir='ltr'>τὰ</span> <span class='ocrx_word' id='word_1_87' title='bbox 1473 236 1510 271; x_wconf 84' lang='grc' dir='ltr'>μὴ</span> <span class='ocrx_word' id='word_1_88' title='bbox 1534 237 1609 263; x_wconf 75' lang='grc' dir='ltr'>ὂντα.</span> <span class='ocrx_word' id='word_1_89' title='bbox 1629 246 1638 262; x_wconf 76' lang='grc' dir='ltr'><strong><em>ι</em></strong></span> <span class='ocrx_word' id='word_1_90' title='bbox 1654 237 1754 268; x_wconf 80' lang='grc' dir='ltr'>Καλῶς</span> 
     </span>
    </p>
   </div>
   <div class='ocr_carea' id='block_1_13' title="bbox 966 281 1755 317">
    <p class='ocr_par' dir='ltr' id='par_1_13' title="bbox 966 281 1755 317">
     <span class='ocr_line' id='line_1_13' title="bbox 966 281 1755 317; baseline 0.003 -11"><span class='ocrx_word' id='word_1_91' title='bbox 966 288 1043 316; x_wconf 71' lang='grc' dir='ltr'>φησι,</span> <span class='ocrx_word' id='word_1_92' title='bbox 1063 290 1073 307; x_wconf 85' lang='grc'><strong><em>‹</em></strong></span> <span class='ocrx_word' id='word_1_93' title='bbox 1090 281 1145 308; x_wconf 76' lang='grc' dir='ltr'><strong>Καὶ</strong></span> <span class='ocrx_word' id='word_1_94' title='bbox 1162 282 1307 312; x_wconf 81' lang='grc' dir='ltr'>καλοῦντος</span> <span class='ocrx_word' id='word_1_95' title='bbox 1319 281 1354 308; x_wconf 78' lang='grc' dir='ltr'><strong>τὰ</strong></span> <span class='ocrx_word' id='word_1_96' title='bbox 1367 281 1405 317; x_wconf 84' lang='grc' dir='ltr'><strong>μὴ</strong></span> <span class='ocrx_word' id='word_1_97' title='bbox 1415 282 1479 308; x_wconf 75' lang='grc' dir='ltr'>ὄντα</span> <span class='ocrx_word' id='word_1_98' title='bbox 1492 282 1529 313; x_wconf 77' lang='grc' dir='ltr'><strong>ὡς</strong></span> <span class='ocrx_word' id='word_1_99' title='bbox 1540 282 1616 308; x_wconf 75' lang='grc' dir='ltr'>ὄντα.</span> <span class='ocrx_word' id='word_1_100' title='bbox 1638 291 1648 308; x_wconf 72' lang='grc' dir='ltr'><strong>ι</strong></span> <span class='ocrx_word' id='word_1_101' title='bbox 1671 283 1755 317; x_wconf 70' lang='grc' dir='ltr'>Λόγῳ</span> 
     </span>
    </p>
   </div>
   <div class='ocr_carea' id='block_1_14' title="bbox 965 324 1753 362">
    <p class='ocr_par' dir='ltr' id='par_1_14' title="bbox 965 324 1753 362">
     <span class='ocr_line' id='line_1_14' title="bbox 965 324 1753 362; baseline 0.001 -10"><span class='ocrx_word' id='word_1_102' title='bbox 965 326 1019 361; x_wconf 79' lang='grc' dir='ltr'>γὰρ</span> <span class='ocrx_word' id='word_1_103' title='bbox 1033 326 1066 352; x_wconf 75' lang='grc' dir='ltr'><strong>τὰ</strong></span> <span class='ocrx_word' id='word_1_104' title='bbox 1079 326 1115 361; x_wconf 87' lang='grc' dir='ltr'><strong>μὴ</strong></span> <span class='ocrx_word' id='word_1_105' title='bbox 1124 327 1187 353; x_wconf 68' lang='grc' dir='ltr'>ὂντα</span> <span class='ocrx_word' id='word_1_106' title='bbox 1195 328 1236 359; x_wconf 83' lang='grc' dir='ltr'>είς</span> <span class='ocrx_word' id='word_1_107' title='bbox 1248 327 1277 353; x_wconf 84' lang='grc' dir='ltr'>τὸ</span> <span class='ocrx_word' id='word_1_108' title='bbox 1285 324 1354 354; x_wconf 71' lang='grc' dir='ltr'>εἶναι</span> <span class='ocrx_word' id='word_1_109' title='bbox 1368 328 1415 354; x_wconf 77' lang='grc' dir='ltr'>καὶ</span> <span class='ocrx_word' id='word_1_110' title='bbox 1426 327 1484 362; x_wconf 66' lang='grc' dir='ltr'><strong>ἅμα</strong></span> <span class='ocrx_word' id='word_1_111' title='bbox 1496 327 1535 362; x_wconf 84' lang='grc' dir='ltr'>τῷ</span> <span class='ocrx_word' id='word_1_112' title='bbox 1550 327 1664 353; x_wconf 67' lang='grc' dir='ltr'>καλέσαι</span> <span class='ocrx_word' id='word_1_113' title='bbox 1677 336 1753 362; x_wconf 77' lang='grc' dir='ltr'>παρ-</span> 
     </span>
    </p>
   </div>
   <div class='ocr_carea' id='block_1_15' title="bbox 966 372 1756 410">
    <p class='ocr_par' dir='ltr' id='par_1_15' title="bbox 966 372 1756 410">
     <span class='ocr_line' id='line_1_15' title="bbox 966 372 1756 410; baseline -0.001 -11"><span class='ocrx_word' id='word_1_114' title='bbox 966 373 1037 406; x_wconf 79' lang='grc' dir='ltr'>άγει,</span> <span class='ocrx_word' id='word_1_115' title='bbox 1054 373 1125 400; x_wconf 80' lang='grc' dir='ltr'>ὥστε</span> <span class='ocrx_word' id='word_1_116' title='bbox 1143 372 1214 400; x_wconf 78' lang='grc' dir='ltr'>εἶναι</span> <span class='ocrx_word' id='word_1_117' title='bbox 1231 375 1297 410; x_wconf 81' lang='grc' dir='ltr'>παρ’</span> <span class='ocrx_word' id='word_1_118' title='bbox 1319 373 1391 408; x_wconf 76' lang='grc' dir='ltr'><strong>αὐτῷ</strong></span> <span class='ocrx_word' id='word_1_119' title='bbox 1407 374 1520 400; x_wconf 68' lang='grc' dir='ltr'>δυνατὸν</span> <span class='ocrx_word' id='word_1_120' title='bbox 1552 373 1599 400; x_wconf 70' lang='grc' dir='ltr'>καὶ</span> <span class='ocrx_word' id='word_1_121' title='bbox 1615 375 1689 408; x_wconf 73' lang='grc' dir='ltr'>ῥᾷον,</span> <span class='ocrx_word' id='word_1_122' title='bbox 1707 373 1756 399; x_wconf 79' lang='grc' dir='ltr'>καὶ</span> 
     </span>
    </p>
   </div>
   <div class='ocr_carea' id='block_1_16' title="bbox 967 419 1756 454">
    <p class='ocr_par' dir='ltr' id='par_1_16' title="bbox 967 419 1756 454">
     <span class='ocr_line' id='line_1_16' title="bbox 967 419 1756 454; baseline -0.001 -9"><span class='ocrx_word' id='word_1_123' title='bbox 967 420 1000 445; x_wconf 71' lang='grc' dir='ltr'><strong>τὰ</strong></span> <span class='ocrx_word' id='word_1_124' title='bbox 1013 419 1050 454; x_wconf 88' lang='grc' dir='ltr'><strong>μὴ</strong></span> <span class='ocrx_word' id='word_1_125' title='bbox 1063 419 1127 446; x_wconf 70' lang='grc' dir='ltr'>ὄντα</span> <span class='ocrx_word' id='word_1_126' title='bbox 1142 419 1178 452; x_wconf 81' lang='grc' dir='ltr'>ὡς</span> <span class='ocrx_word' id='word_1_127' title='bbox 1191 420 1264 451; x_wconf 79' lang='grc' dir='ltr'>ὄντα,</span> <span class='ocrx_word' id='word_1_128' title='bbox 1283 420 1330 447; x_wconf 81' lang='grc' dir='ltr'>καὶ</span> <span class='ocrx_word' id='word_1_129' title='bbox 1345 419 1466 454; x_wconf 78' lang='grc' dir='ltr'>ἔμπαλιν</span> <span class='ocrx_word' id='word_1_130' title='bbox 1493 420 1516 445; x_wconf 87' lang='grc' dir='ltr'><strong>εί</strong></span> <span class='ocrx_word' id='word_1_131' title='bbox 1532 419 1686 454; x_wconf 74' lang='grc' dir='ltr'><strong>βουληθείη,</strong></span> <span class='ocrx_word' id='word_1_132' title='bbox 1705 419 1756 445; x_wconf 76' lang='grc' dir='ltr'><strong>καὶ</strong></span> 
     </span>
    </p>
   </div>
   <div class='ocr_carea' id='block_1_17' title="bbox 966 464 1372 501">
    <p class='ocr_par' dir='ltr' id='par_1_17' title="bbox 966 464 1372 501">
     <span class='ocr_line' id='line_1_17' title="bbox 966 464 1372 501; baseline 0.005 -11"><span class='ocrx_word' id='word_1_133' title='bbox 966 465 1001 491; x_wconf 70' lang='grc' dir='ltr'><strong>τὰ</strong></span> <span class='ocrx_word' id='word_1_134' title='bbox 1017 464 1081 491; x_wconf 76' lang='grc' dir='ltr'>δντα</span> <span class='ocrx_word' id='word_1_135' title='bbox 1094 465 1132 497; x_wconf 85' lang='grc' dir='ltr'><strong>ὡς</strong></span> <span class='ocrx_word' id='word_1_136' title='bbox 1152 466 1189 501; x_wconf 83' lang='grc' dir='ltr'><strong>μὴ</strong></span> <span class='ocrx_word' id='word_1_137' title='bbox 1205 465 1270 492; x_wconf 71' lang='grc' dir='ltr'>ὄντα</span> <span class='ocrx_word' id='word_1_138' title='bbox 1281 465 1372 492; x_wconf 80' lang='grc' dir='ltr'><strong>καλεῖν</strong></span> 
     </span>
    </p>
   </div>
   <div class='ocr_carea' id='block_1_18' title="bbox 125 510 1756 546">
    <p class='ocr_par' dir='ltr' id='par_1_18' title="bbox 125 510 1756 546">
     <span class='ocr_line' id='line_1_18' title="bbox 125 510 1756 546; baseline 0.001 -9"><span class='ocrx_word' id='word_1_139' title='bbox 125 515 153 537; x_wconf 70' lang='grc' dir='ltr'>ει</span> <span class='ocrx_word' id='word_1_140' title='bbox 176 519 208 538; x_wconf 65' lang='lat'><strong>(311</strong></span> <span class='ocrx_word' id='word_1_141' title='bbox 241 518 302 546; x_wconf 74' lang='lat' dir='ltr'><strong>quae</strong></span> <span class='ocrx_word' id='word_1_142' title='bbox 332 519 387 538; x_wconf 91' lang='lat' dir='ltr'><strong>non</strong></span> <span class='ocrx_word' id='word_1_143' title='bbox 411 515 475 538; x_wconf 92' lang='lat' dir='ltr'><strong>sunt</strong></span> <span class='ocrx_word' id='word_1_144' title='bbox 491 515 521 538; x_wconf 91' lang='lat' dir='ltr'><strong>ut</strong></span> <span class='ocrx_word' id='word_1_145' title='bbox 545 518 578 538; x_wconf 85' lang='lat' dir='ltr'><strong>ea</strong></span> <span class='ocrx_word' id='word_1_146' title='bbox 613 518 674 545; x_wconf 74' lang='grc' dir='ltr'><strong>(ιυω</strong></span> <span class='ocrx_word' id='word_1_147' title='bbox 709 514 784 542; x_wconf 86' lang='lat' dir='ltr'><strong>sunt,</strong></span> <span class='ocrx_word' id='word_1_148' title='bbox 812 515 978 544; x_wconf 86' lang='lat' dir='ltr'><strong>rursumque</strong></span> <span class='ocrx_word' id='word_1_149' title='bbox 993 510 1016 537; x_wconf 75' lang='lat' dir='ltr'><strong>Si</strong></span> <span class='ocrx_word' id='word_1_150' title='bbox 1044 510 1162 538; x_wconf 80' lang='lat' dir='ltr'><strong>voluerit</strong></span> <span class='ocrx_word' id='word_1_151' title='bbox 1184 518 1216 538; x_wconf 89' lang='lat' dir='ltr'><strong>ca</strong></span> <span class='ocrx_word' id='word_1_152' title='bbox 1235 519 1296 546; x_wconf 64' lang='lat' dir='ltr'><strong>qlliE</strong></span> <span class='ocrx_word' id='word_1_153' title='bbox 1314 515 1389 542; x_wconf 88' lang='lat' dir='ltr'><strong>sunt,</strong></span> <span class='ocrx_word' id='word_1_154' title='bbox 1406 515 1437 538; x_wconf 88' lang='lat' dir='ltr'><strong>ut</strong></span> <span class='ocrx_word' id='word_1_155' title='bbox 1464 518 1495 538; x_wconf 87' lang='lat' dir='ltr'><strong>ea</strong></span> <span class='ocrx_word' id='word_1_156' title='bbox 1523 518 1584 546; x_wconf 66' lang='lat' dir='ltr'><strong>qua:</strong></span> <span class='ocrx_word' id='word_1_157' title='bbox 1603 519 1658 538; x_wconf 90' lang='lat' dir='ltr'><strong>non</strong></span> <span class='ocrx_word' id='word_1_158' title='bbox 1688 517 1756 539; x_wconf 86' lang='lat' dir='ltr'><strong>sunt</strong></span> 
     </span>
    </p>
   </div>
   <div class='ocr_carea' id='block_1_19' title="bbox 125 564 233 584">
    <p class='ocr_par' dir='ltr' id='par_1_19' title="bbox 125 564 233 584">
     <span class='ocr_line' id='line_1_19' title="bbox 125 564 233 584; baseline 0 0"><span class='ocrx_word' id='word_1_159' title='bbox 125 564 233 584; x_wconf 76' lang='lat' dir='ltr'><strong>vocare.</strong></span> 
     </span>
    </p>
   </div>
   <div class='ocr_carea' id='block_1_20' title="bbox 161 601 913 638">
    <p class='ocr_par' dir='ltr' id='par_1_20' title="bbox 161 601 913 638">
     <span class='ocr_line' id='line_1_20' title="bbox 161 601 913 638; baseline -0.003 -9"><span class='ocrx_word' id='word_1_160' title='bbox 161 603 206 635; x_wconf 86' lang='lat' dir='ltr'><strong>1V,</strong></span> <span class='ocrx_word' id='word_1_161' title='bbox 223 602 316 630; x_wconf 72' lang='lat'><strong>18-25.</strong></span> <span class='ocrx_word' id='word_1_162' title='bbox 334 602 385 635; x_wconf 82' lang='lat' dir='ltr'><strong>Qui</strong></span> <span class='ocrx_word' id='word_1_163' title='bbox 401 606 497 638; x_wconf 71' lang='lat' dir='ltr'><strong>prwter</strong></span> <span class='ocrx_word' id='word_1_164' title='bbox 518 611 591 638; x_wconf 73' lang='lat' dir='ltr'><strong>spem</strong></span> <span class='ocrx_word' id='word_1_165' title='bbox 609 602 655 630; x_wconf 85' lang='lat' dir='ltr'><strong>sub</strong></span> <span class='ocrx_word' id='word_1_166' title='bbox 677 610 722 638; x_wconf 75' lang='lat' dir='ltr'><strong>spe</strong></span> <span class='ocrx_word' id='word_1_167' title='bbox 745 601 865 632; x_wconf 81' lang='lat' dir='ltr'><strong>credidit.</strong></span> <span class='ocrx_word' id='word_1_168' title='bbox 883 604 913 627; x_wconf 88' lang='lat' dir='ltr'><strong>ut</strong></span> 
     </span>
    </p>
   </div>
   <div class='ocr_carea' id='block_1_21' title="bbox 123 646 912 683">
    <p class='ocr_par' dir='ltr' id='par_1_21' title="bbox 123 646 912 683">
     <span class='ocr_line' id='line_1_21' title="bbox 123 646 912 683; baseline -0.004 -8"><span class='ocrx_word' id='word_1_169' title='bbox 123 649 178 683; x_wconf 75' lang='lat' dir='ltr'><strong>ipse</strong></span> <span class='ocrx_word' id='word_1_170' title='bbox 199 652 275 683; x_wconf 77' lang='lat' dir='ltr'><strong>pater</strong></span> <span class='ocrx_word' id='word_1_171' title='bbox 297 648 371 682; x_wconf 80' lang='lat' dir='ltr'><strong>ﬁeret</strong></span> <span class='ocrx_word' id='word_1_172' title='bbox 389 648 534 675; x_wconf 74' lang='lat' dir='ltr'><strong>multarum</strong></span> <span class='ocrx_word' id='word_1_173' title='bbox 549 648 677 683; x_wconf 79' lang='lat' dir='ltr'><strong>gentium,</strong></span> <span class='ocrx_word' id='word_1_174' title='bbox 705 648 782 681; x_wconf 75' lang='lat' dir='ltr'><strong>iuxta</strong></span> <span class='ocrx_word' id='word_1_175' title='bbox 796 648 822 673; x_wconf 85' lang='lat' dir='ltr'><strong>id</strong></span> <span class='ocrx_word' id='word_1_176' title='bbox 843 646 912 681; x_wconf 84' lang='lat' dir='ltr'><strong>quod</strong></span> 
     </span>
    </p>
   </div>
   <div class='ocr_carea' id='block_1_22' title="bbox 124 691 912 726">
    <p class='ocr_par' dir='ltr' id='par_1_22' title="bbox 124 691 912 726">
     <span class='ocr_line' id='line_1_22' title="bbox 124 691 912 726; baseline -0.003 -6"><span class='ocrx_word' id='word_1_177' title='bbox 124 694 222 720; x_wconf 76' lang='lat' dir='ltr'><strong>dictum</strong></span> <span class='ocrx_word' id='word_1_178' title='bbox 243 698 280 720; x_wconf 80' lang='lat' dir='ltr'><strong>est</strong></span> <span class='ocrx_word' id='word_1_179' title='bbox 296 693 358 721; x_wconf 86' lang='lat' dir='ltr'><strong>:Sic</strong></span> <span class='ocrx_word' id='word_1_180' title='bbox 368 695 418 720; x_wconf 76' lang='lat' dir='ltr'><strong>erit</strong></span> <span class='ocrx_word' id='word_1_181' title='bbox 434 701 523 720; x_wconf 78' lang='lat' dir='ltr'><strong>semen</strong></span> <span class='ocrx_word' id='word_1_182' title='bbox 535 697 619 720; x_wconf 84' lang='lat' dir='ltr'><strong>tuum.</strong></span> <span class='ocrx_word' id='word_1_183' title='bbox 631 693 669 720; x_wconf 78' lang='lat' dir='ltr'><strong>Ac</strong></span> <span class='ocrx_word' id='word_1_184' title='bbox 681 701 734 720; x_wconf 86' lang='lat' dir='ltr'><strong><em>non</em></strong></span> <span class='ocrx_word' id='word_1_185' title='bbox 760 691 912 726; x_wconf 74' lang='lat' dir='ltr'><strong>inﬁrmatus</strong></span> 
     </span>
    </p>
   </div>
   <div class='ocr_carea' id='block_1_23' title="bbox 125 738 912 774">
    <p class='ocr_par' dir='ltr' id='par_1_23' title="bbox 125 738 912 774">
     <span class='ocr_line' id='line_1_23' title="bbox 125 738 912 774; baseline -0.003 -9"><span class='ocrx_word' id='word_1_186' title='bbox 125 739 188 772; x_wconf 84' lang='lat' dir='ltr'><strong>ﬁde,</strong></span> <span class='ocrx_word' id='word_1_187' title='bbox 203 739 274 766; x_wconf 77' lang='lat' dir='ltr'><strong>haud</strong></span> <span class='ocrx_word' id='word_1_188' title='bbox 289 739 463 767; x_wconf 77' lang='lat' dir='ltr'><strong>consideravit</strong></span> <span class='ocrx_word' id='word_1_189' title='bbox 478 747 571 774; x_wconf 76' lang='lat' dir='ltr'><strong>corpus</strong></span> <span class='ocrx_word' id='word_1_190' title='bbox 583 747 661 766; x_wconf 78' lang='lat' dir='ltr'><strong>suum</strong></span> <span class='ocrx_word' id='word_1_191' title='bbox 677 738 738 774; x_wconf 86' lang='lat' dir='ltr'><strong>jam</strong></span> <span class='ocrx_word' id='word_1_192' title='bbox 754 742 912 770; x_wconf 83' lang='lat' dir='ltr'><strong>emortuum,</strong></span> 
     </span>
    </p>
   </div>
   <div class='ocr_carea' id='block_1_24' title="bbox 124 785 914 820">
    <p class='ocr_par' dir='ltr' id='par_1_24' title="bbox 124 785 914 820">
     <span class='ocr_line' id='line_1_24' title="bbox 124 785 914 820; baseline -0.003 -9"><span class='ocrx_word' id='word_1_193' title='bbox 124 793 183 811; x_wconf 86' lang='lat' dir='ltr'><strong>cum</strong></span> <span class='ocrx_word' id='word_1_194' title='bbox 203 790 306 812; x_wconf 80' lang='lat' dir='ltr'><strong>centum</strong></span> <span class='ocrx_word' id='word_1_195' title='bbox 325 785 378 820; x_wconf 78' lang='lat' dir='ltr'><strong>fere</strong></span> <span class='ocrx_word' id='word_1_196' title='bbox 401 789 479 812; x_wconf 78' lang='lat' dir='ltr'><strong>natus</strong></span> <span class='ocrx_word' id='word_1_197' title='bbox 496 789 563 812; x_wconf 79' lang='lat' dir='ltr'><strong>esset</strong></span> <span class='ocrx_word' id='word_1_198' title='bbox 584 793 678 817; x_wconf 76' lang='lat' dir='ltr'><strong>annos,</strong></span> <span class='ocrx_word' id='word_1_199' title='bbox 709 788 734 811; x_wconf 80' lang='lat' dir='ltr'><strong>et</strong></span> <span class='ocrx_word' id='word_1_200' title='bbox 766 787 914 810; x_wconf 75' lang='lat' dir='ltr'><strong>emortuam</strong></span> 
     </span>
    </p>
   </div>
   <div class='ocr_carea' id='block_1_25' title="bbox 127 830 913 867">
    <p class='ocr_par' dir='ltr' id='par_1_25' title="bbox 127 830 913 867">
     <span class='ocr_line' id='line_1_25' title="bbox 127 830 913 867; baseline -0.003 -9"><span class='ocrx_word' id='word_1_201' title='bbox 127 832 265 859; x_wconf 78' lang='lat' dir='ltr'><strong>matricem</strong></span> <span class='ocrx_word' id='word_1_202' title='bbox 288 831 385 864; x_wconf 77' lang='lat' dir='ltr'><strong>Sane;</strong></span> <span class='ocrx_word' id='word_1_203' title='bbox 399 831 445 858; x_wconf 76' lang='lat' dir='ltr'><strong>sed</strong></span> <span class='ocrx_word' id='word_1_204' title='bbox 456 831 492 858; x_wconf 86' lang='lat' dir='ltr'><strong>ad</strong></span> <span class='ocrx_word' id='word_1_205' title='bbox 510 832 711 867; x_wconf 73' lang='lat' dir='ltr'><strong>promissionem</strong></span> <span class='ocrx_word' id='word_1_206' title='bbox 725 830 775 858; x_wconf 87' lang='lat' dir='ltr'><strong>Dei</strong></span> <span class='ocrx_word' id='word_1_207' title='bbox 789 838 841 857; x_wconf 85' lang='lat' dir='ltr'><strong><em>non</em></strong></span> <span class='ocrx_word' id='word_1_208' title='bbox 859 831 913 857; x_wconf 83' lang='lat' dir='ltr'><strong>ha:-</strong></span> 
     </span>
    </p>
   </div>
   <div class='ocr_carea' id='block_1_26' title="bbox 126 877 913 911">
    <p class='ocr_par' dir='ltr' id='par_1_26' title="bbox 126 877 913 911">
     <span class='ocr_line' id='line_1_26' title="bbox 126 877 913 911; baseline 0 -7"><span class='ocrx_word' id='word_1_209' title='bbox 126 878 216 905; x_wconf 76' lang='lat' dir='ltr'><strong>sitavil</strong></span> <span class='ocrx_word' id='word_1_210' title='bbox 237 877 445 905; x_wconf 76' lang='lat' dir='ltr'><strong>incredulitate:</strong></span> <span class='ocrx_word' id='word_1_211' title='bbox 466 878 512 904; x_wconf 75' lang='lat' dir='ltr'><strong>sed</strong></span> <span class='ocrx_word' id='word_1_212' title='bbox 531 878 670 904; x_wconf 77' lang='lat' dir='ltr'><strong>roboratus</strong></span> <span class='ocrx_word' id='word_1_213' title='bbox 695 882 732 904; x_wconf 80' lang='lat' dir='ltr'><strong>cst</strong></span> <span class='ocrx_word' id='word_1_214' title='bbox 747 877 810 911; x_wconf 80' lang='lat' dir='ltr'><strong>ﬁde,</strong></span> <span class='ocrx_word' id='word_1_215' title='bbox 846 877 913 904; x_wconf 76' lang='lat' dir='ltr'><strong>dans</strong></span> 
     </span>
    </p>
   </div>
   <div class='ocr_carea' id='block_1_27' title="bbox 127 921 913 959">
    <p class='ocr_par' dir='ltr' id='par_1_27' title="bbox 127 921 913 959">
     <span class='ocr_line' id='line_1_27' title="bbox 127 921 913 959; baseline 0 -9"><span class='ocrx_word' id='word_1_216' title='bbox 127 922 242 958; x_wconf 78' lang='lat' dir='ltr'><strong>gloriam</strong></span> <span class='ocrx_word' id='word_1_217' title='bbox 261 921 327 955; x_wconf 85' lang='lat' dir='ltr'><strong>Deo;</strong></span> <span class='ocrx_word' id='word_1_218' title='bbox 341 928 366 950; x_wconf 82' lang='lat' dir='ltr'><strong>et</strong></span> <span class='ocrx_word' id='word_1_219' title='bbox 389 924 484 950; x_wconf 82' lang='lat' dir='ltr'><strong>certior</strong></span> <span class='ocrx_word' id='word_1_220' title='bbox 496 923 581 958; x_wconf 77' lang='lat' dir='ltr'><strong><em>factus</em></strong></span> <span class='ocrx_word' id='word_1_221' title='bbox 591 927 639 959; x_wconf 73' lang='lat' dir='ltr'><strong>est,</strong></span> <span class='ocrx_word' id='word_1_222' title='bbox 657 922 791 958; x_wconf 72' lang='lat' dir='ltr'><strong>quodque:</strong></span> <span class='ocrx_word' id='word_1_223' title='bbox 814 923 913 957; x_wconf 79' lang='lat' dir='ltr'><strong>promi-</strong></span> 
     </span>
    </p>
   </div>
   <div class='ocr_carea' id='block_1_28' title="bbox 127 967 914 1004">
    <p class='ocr_par' dir='ltr' id='par_1_28' title="bbox 127 967 914 1004">
     <span class='ocr_line' id='line_1_28' title="bbox 127 967 914 1004; baseline -0.001 -9"><span class='ocrx_word' id='word_1_224' title='bbox 127 973 199 996; x_wconf 74' lang='lat' dir='ltr'><strong>serat</strong></span> <span class='ocrx_word' id='word_1_225' title='bbox 218 972 310 1004; x_wconf 73' lang='lat' dir='ltr'><strong>potens</strong></span> <span class='ocrx_word' id='word_1_226' title='bbox 327 969 361 996; x_wconf 74' lang='lat' dir='ltr'><strong><em>sit</em></strong></span> <span class='ocrx_word' id='word_1_227' title='bbox 376 973 400 996; x_wconf 89' lang='lat' dir='ltr'><strong>et</strong></span> <span class='ocrx_word' id='word_1_228' title='bbox 413 971 551 1004; x_wconf 64' lang='lat' dir='ltr'><strong>prastare.</strong></span> <span class='ocrx_word' id='word_1_229' title='bbox 569 967 632 995; x_wconf 80' lang='lat' dir='ltr'><strong>Ideo</strong></span> <span class='ocrx_word' id='word_1_230' title='bbox 649 968 729 995; x_wconf 81' lang='lat' dir='ltr'><strong>etiam</strong></span> <span class='ocrx_word' id='word_1_231' title='bbox 753 968 914 1003; x_wconf 81' lang='lat' dir='ltr'><strong><em>imputatum</em></strong></span> 
     </span>
    </p>
   </div>
   <div class='ocr_carea' id='block_1_29' title="bbox 127 1014 417 1051">
    <p class='ocr_par' dir='ltr' id='par_1_29' title="bbox 127 1014 417 1051">
     <span class='ocr_line' id='line_1_29' title="bbox 127 1014 417 1051; baseline 0 -9"><span class='ocrx_word' id='word_1_232' title='bbox 127 1018 165 1042; x_wconf 80' lang='lat' dir='ltr'><strong>est</strong></span> <span class='ocrx_word' id='word_1_233' title='bbox 178 1014 220 1042; x_wconf 84' lang='lat' dir='ltr'><strong><em>illi</em></strong></span> <span class='ocrx_word' id='word_1_234' title='bbox 231 1015 266 1043; x_wconf 84' lang='lat' dir='ltr'><strong>ad</strong></span> <span class='ocrx_word' id='word_1_235' title='bbox 272 1015 417 1051; x_wconf 68' lang='lat' dir='ltr'><strong>justitiam.</strong></span> 
     </span>
    </p>
   </div>
   <div class='ocr_carea' id='block_1_30' title="bbox 167 1104 916 1143">
    <p class='ocr_par' dir='ltr' id='par_1_30' title="bbox 167 1104 916 1143">
     <span class='ocr_line' id='line_1_30' title="bbox 167 1104 916 1143; baseline -0.001 -10"><span class='ocrx_word' id='word_1_236' title='bbox 167 1116 176 1133; x_wconf 75' lang='grc' dir='ltr'><strong>ι</strong></span> <span class='ocrx_word' id='word_1_237' title='bbox 193 1106 244 1140; x_wconf 83' lang='lat' dir='ltr'><strong>Qui</strong></span> <span class='ocrx_word' id='word_1_238' title='bbox 270 1111 370 1143; x_wconf 65' lang='lat' dir='ltr'><strong>praeter</strong></span> <span class='ocrx_word' id='word_1_239' title='bbox 397 1114 484 1142; x_wconf 89' lang='lat' dir='ltr'><strong>spem.</strong></span> <span class='ocrx_word' id='word_1_240' title='bbox 501 1116 510 1132; x_wconf 75' lang='grc' dir='ltr'><strong><em>ι</em></strong></span> <span class='ocrx_word' id='word_1_241' title='bbox 541 1105 594 1134; x_wconf 85' lang='lat' dir='ltr'><strong>Hoc</strong></span> <span class='ocrx_word' id='word_1_242' title='bbox 619 1109 660 1134; x_wconf 91' lang='lat' dir='ltr'><strong>est</strong></span> <span class='ocrx_word' id='word_1_243' title='bbox 686 1104 916 1141; x_wconf 80' lang='lat' dir='ltr'><strong>promissionibus</strong></span> 
     </span>
    </p>
   </div>
   <div class='ocr_carea' id='block_1_31' title="bbox 128 1152 916 1188">
    <p class='ocr_par' dir='ltr' id='par_1_31' title="bbox 128 1152 916 1188">
     <span class='ocr_line' id='line_1_31' title="bbox 128 1152 916 1188; baseline -0.003 -7"><span class='ocrx_word' id='word_1_244' title='bbox 128 1153 255 1185; x_wconf 77' lang='lat' dir='ltr'><strong>credidit,</strong></span> <span class='ocrx_word' id='word_1_245' title='bbox 281 1161 342 1188; x_wconf 72' lang='lat' dir='ltr'><strong>qua:</strong></span> <span class='ocrx_word' id='word_1_246' title='bbox 362 1153 615 1188; x_wconf 84' lang='lat' dir='ltr'><strong>complcctebantur</strong></span> <span class='ocrx_word' id='word_1_247' title='bbox 631 1159 676 1179; x_wconf 90' lang='lat' dir='ltr'><strong>res</strong></span> <span class='ocrx_word' id='word_1_248' title='bbox 695 1152 843 1180; x_wconf 88' lang='lat' dir='ltr'><strong>admodum</strong></span> <span class='ocrx_word' id='word_1_249' title='bbox 854 1159 916 1179; x_wconf 90' lang='lat' dir='ltr'><strong>cre-</strong></span> 
     </span>
    </p>
   </div>
   <div class='ocr_carea' id='block_1_32' title="bbox 128 1197 915 1232">
    <p class='ocr_par' dir='ltr' id='par_1_32' title="bbox 128 1197 915 1232">
     <span class='ocr_line' id='line_1_32' title="bbox 128 1197 915 1232; baseline -0.001 -8"><span class='ocrx_word' id='word_1_250' title='bbox 128 1198 188 1227; x_wconf 90' lang='lat' dir='ltr'><strong>ditu</strong></span> <span class='ocrx_word' id='word_1_251' title='bbox 202 1197 336 1230; x_wconf 73' lang='lat' dir='ltr'><strong>difﬁciles,</strong></span> <span class='ocrx_word' id='word_1_252' title='bbox 352 1197 376 1224; x_wconf 85' lang='lat' dir='ltr'><strong>si</strong></span> <span class='ocrx_word' id='word_1_253' title='bbox 401 1197 548 1224; x_wconf 79' lang='lat' dir='ltr'><strong>humanam</strong></span> <span class='ocrx_word' id='word_1_254' title='bbox 576 1201 682 1232; x_wconf 81' lang='lat' dir='ltr'><strong>spectes</strong></span> <span class='ocrx_word' id='word_1_255' title='bbox 710 1197 915 1232; x_wconf 81' lang='lat' dir='ltr'><strong><em>cogitationem.</em></strong></span> 
     </span>
    </p>
   </div>
   <div class='ocr_carea' id='block_1_33' title="bbox 128 1241 915 1278">
    <p class='ocr_par' dir='ltr' id='par_1_33' title="bbox 128 1241 915 1278">
     <span class='ocr_line' id='line_1_33' title="bbox 128 1241 915 1278; baseline -0.001 -8"><span class='ocrx_word' id='word_1_256' title='bbox 128 1241 229 1271; x_wconf 87' lang='lat' dir='ltr'><strong>Contra</strong></span> <span class='ocrx_word' id='word_1_257' title='bbox 245 1251 332 1278; x_wconf 89' lang='lat' dir='ltr'><strong>spem,</strong></span> <span class='ocrx_word' id='word_1_258' title='bbox 349 1243 450 1278; x_wconf 86' lang='lat' dir='ltr'><strong>inquit,</strong></span> <span class='ocrx_word' id='word_1_259' title='bbox 466 1243 625 1275; x_wconf 77' lang='lat' dir='ltr'><strong>humanam,</strong></span> <span class='ocrx_word' id='word_1_260' title='bbox 650 1243 707 1270; x_wconf 89' lang='lat' dir='ltr'><strong>sola</strong></span> <span class='ocrx_word' id='word_1_261' title='bbox 720 1250 768 1277; x_wconf 88' lang='lat' dir='ltr'><strong>spe</strong></span> <span class='ocrx_word' id='word_1_262' title='bbox 784 1243 811 1269; x_wconf 90' lang='lat' dir='ltr'><strong>in</strong></span> <span class='ocrx_word' id='word_1_263' title='bbox 829 1243 915 1269; x_wconf 85' lang='lat' dir='ltr'><strong>Deum</strong></span> 
     </span>
    </p>
   </div>
   <div class='ocr_carea' id='block_1_34' title="bbox 129 1289 915 1324">
    <p class='ocr_par' dir='ltr' id='par_1_34' title="bbox 129 1289 915 1324">
     <span class='ocr_line' id='line_1_34' title="bbox 129 1289 915 1324; baseline -0.005 -7"><span class='ocrx_word' id='word_1_264' title='bbox 129 1289 285 1317; x_wconf 84' lang='lat' dir='ltr'><strong>roboratus.</strong></span> <span class='ocrx_word' id='word_1_265' title='bbox 299 1304 334 1309; x_wconf 93' lang='lat'><strong>—</strong></span> <span class='ocrx_word' id='word_1_266' title='bbox 353 1289 410 1317; x_wconf 84' lang='lat' dir='ltr'><strong>Sub</strong></span> <span class='ocrx_word' id='word_1_267' title='bbox 425 1297 484 1324; x_wconf 85' lang='lat' dir='ltr'><strong>spe.</strong></span> <span class='ocrx_word' id='word_1_268' title='bbox 503 1289 551 1321; x_wconf 85' lang='lat' dir='ltr'><strong><em>ait,</em></strong></span> <span class='ocrx_word' id='word_1_269' title='bbox 561 1289 590 1316; x_wconf 93' lang='lat' dir='ltr'><strong>in</strong></span> <span class='ocrx_word' id='word_1_270' title='bbox 615 1289 713 1321; x_wconf 88' lang='lat' dir='ltr'><strong>Deum,</strong></span> <span class='ocrx_word' id='word_1_271' title='bbox 726 1292 826 1323; x_wconf 62' lang='lat' dir='ltr'><strong>praeter</strong></span> <span class='ocrx_word' id='word_1_272' title='bbox 838 1294 915 1322; x_wconf 87' lang='lat' dir='ltr'><strong>spem</strong></span> 
     </span>
    </p>
   </div>
   <div class='ocr_carea' id='block_1_35' title="bbox 128 1333 916 1370">
    <p class='ocr_par' dir='ltr' id='par_1_35' title="bbox 128 1333 916 1370">
     <span class='ocr_line' id='line_1_35' title="bbox 128 1333 916 1370; baseline -0.004 -8"><span class='ocrx_word' id='word_1_273' title='bbox 128 1335 246 1370; x_wconf 69' lang='lat' dir='ltr'><strong>propria:</strong></span> <span class='ocrx_word' id='word_1_274' title='bbox 261 1338 367 1362; x_wconf 73' lang='lat' dir='ltr'><strong>natura:</strong></span> <span class='ocrx_word' id='word_1_275' title='bbox 384 1335 436 1362; x_wconf 87' lang='lat' dir='ltr'><strong>sub</strong></span> <span class='ocrx_word' id='word_1_276' title='bbox 448 1342 496 1369; x_wconf 89' lang='lat' dir='ltr'><strong>spe</strong></span> <span class='ocrx_word' id='word_1_277' title='bbox 507 1333 638 1370; x_wconf 64' lang='lat' dir='ltr'><strong>potentia:</strong></span> <span class='ocrx_word' id='word_1_278' title='bbox 651 1333 711 1368; x_wconf 79' lang='lat' dir='ltr'><strong>ejus</strong></span> <span class='ocrx_word' id='word_1_279' title='bbox 723 1333 770 1368; x_wconf 86' lang='lat' dir='ltr'><strong>qui</strong></span> <span class='ocrx_word' id='word_1_280' title='bbox 780 1333 916 1367; x_wconf 89' lang='lat' dir='ltr'><strong>promisc-</strong></span> 
     </span>
    </p>
   </div>
   <div class='ocr_carea' id='block_1_36' title="bbox 130 1379 914 1416">
    <p class='ocr_par' dir='ltr' id='par_1_36' title="bbox 130 1379 914 1416">
     <span class='ocr_line' id='line_1_36' title="bbox 130 1379 914 1416; baseline -0.004 -8"><span class='ocrx_word' id='word_1_281' title='bbox 130 1386 180 1409; x_wconf 85' lang='lat' dir='ltr'><strong>rat.</strong></span> <span class='ocrx_word' id='word_1_282' title='bbox 196 1390 205 1407; x_wconf 79' lang='grc' dir='ltr'><strong>ί</strong></span> <span class='ocrx_word' id='word_1_283' title='bbox 218 1381 504 1416; x_wconf 81' lang='lat' dir='ltr'><strong>Multarumgentium.</strong></span> <span class='ocrx_word' id='word_1_284' title='bbox 519 1390 528 1406; x_wconf 77' lang='grc' dir='ltr'><strong>ι</strong></span> <span class='ocrx_word' id='word_1_285' title='bbox 548 1379 752 1414; x_wconf 46' lang='grc' dir='ltr'><strong>ρυκνὶᾱοίίοει</strong></span> <span class='ocrx_word' id='word_1_286' title='bbox 763 1379 914 1406; x_wconf 84' lang='lat' dir='ltr'><strong>secundum</strong></span> 
     </span>
    </p>
   </div>
   <div class='ocr_carea' id='block_1_37' title="bbox 131 1425 916 1462">
    <p class='ocr_par' dir='ltr' id='par_1_37' title="bbox 131 1425 916 1462">
     <span class='ocr_line' id='line_1_37' title="bbox 131 1425 916 1462; baseline -0.003 -7"><span class='ocrx_word' id='word_1_287' title='bbox 131 1427 210 1455; x_wconf 85' lang='lat' dir='ltr'><strong>ﬁdem</strong></span> <span class='ocrx_word' id='word_1_288' title='bbox 226 1431 317 1456; x_wconf 84' lang='lat' dir='ltr'><strong>essent</strong></span> <span class='ocrx_word' id='word_1_289' title='bbox 329 1435 361 1455; x_wconf 88' lang='lat' dir='ltr'><strong>ac</strong></span> <span class='ocrx_word' id='word_1_290' title='bbox 371 1426 593 1462; x_wconf 85' lang='lat' dir='ltr'><strong>promissionem.</strong></span> <span class='ocrx_word' id='word_1_291' title='bbox 608 1425 675 1459; x_wconf 85' lang='lat' dir='ltr'><strong>Quis</strong></span> <span class='ocrx_word' id='word_1_292' title='bbox 686 1429 728 1453; x_wconf 89' lang='lat' dir='ltr'><strong>est</strong></span> <span class='ocrx_word' id='word_1_293' title='bbox 742 1430 833 1452; x_wconf 88' lang='lat' dir='ltr'><strong>autem</strong></span> <span class='ocrx_word' id='word_1_294' title='bbox 844 1425 916 1453; x_wconf 86' lang='lat' dir='ltr'><strong>ﬁlius</strong></span> 
     </span>
    </p>
   </div>
   <div class='ocr_carea' id='block_1_38' title="bbox 129 1470 916 1508">
    <p class='ocr_par' dir='ltr' id='par_1_38' title="bbox 129 1470 916 1508">
     <span class='ocr_line' id='line_1_38' title="bbox 129 1470 916 1508; baseline -0.005 -7"><span class='ocrx_word' id='word_1_295' title='bbox 129 1474 190 1508; x_wconf 86' lang='lat' dir='ltr'><strong>ejus</strong></span> <span class='ocrx_word' id='word_1_296' title='bbox 218 1481 269 1508; x_wconf 88' lang='lat' dir='ltr'><strong>per</strong></span> <span class='ocrx_word' id='word_1_297' title='bbox 307 1472 389 1500; x_wconf 86' lang='lat' dir='ltr'><strong>ﬁdem</strong></span> <span class='ocrx_word' id='word_1_298' title='bbox 418 1479 449 1499; x_wconf 88' lang='lat' dir='ltr'><strong>ac</strong></span> <span class='ocrx_word' id='word_1_299' title='bbox 481 1471 690 1507; x_wconf 85' lang='lat' dir='ltr'><strong>promissionem</strong></span> <span class='ocrx_word' id='word_1_300' title='bbox 721 1470 823 1498; x_wconf 80' lang='lat' dir='ltr'><strong>datus?</strong></span> <span class='ocrx_word' id='word_1_301' title='bbox 842 1471 916 1498; x_wconf 87' lang='lat' dir='ltr'><strong>Isaac</strong></span> 
     </span>
    </p>
   </div>
   <div class='ocr_carea' id='block_1_39' title="bbox 130 1516 916 1557">
    <p class='ocr_par' dir='ltr' id='par_1_39' title="bbox 130 1516 916 1557">
     <span class='ocr_line' id='line_1_39' title="bbox 130 1516 916 1557; baseline -0.004 -11"><span class='ocrx_word' id='word_1_302' title='bbox 130 1523 205 1547; x_wconf 84' lang='lat' dir='ltr'><strong>certe</strong></span> <span class='ocrx_word' id='word_1_303' title='bbox 232 1519 266 1545; x_wconf 78' lang='lat'><strong>“.</strong></span> <span class='ocrx_word' id='word_1_304' title='bbox 290 1518 357 1557; x_wconf 75' lang='lat' dir='ltr'><strong>Nam</strong></span> <span class='ocrx_word' id='word_1_305' title='bbox 387 1517 485 1545; x_wconf 83' lang='lat' dir='ltr'><strong>lsmael</strong></span> <span class='ocrx_word' id='word_1_306' title='bbox 523 1516 675 1544; x_wconf 84' lang='lat' dir='ltr'><strong>secundam</strong></span> <span class='ocrx_word' id='word_1_307' title='bbox 711 1524 821 1544; x_wconf 85' lang='lat' dir='ltr'><strong>carnem</strong></span> <span class='ocrx_word' id='word_1_308' title='bbox 841 1516 916 1555; x_wconf 78' lang='lat' dir='ltr'><strong>ﬁlius</strong></span> 
     </span>
    </p>
   </div>
   <div class='ocr_carea' id='block_1_40' title="bbox 130 1562 915 1600">
    <p class='ocr_par' dir='ltr' id='par_1_40' title="bbox 130 1562 915 1600">
     <span class='ocr_line' id='line_1_40' title="bbox 130 1562 915 1600; baseline -0.004 -8"><span class='ocrx_word' id='word_1_309' title='bbox 130 1564 190 1600; x_wconf 85' lang='lat' dir='ltr'><strong>ejus</strong></span> <span class='ocrx_word' id='word_1_310' title='bbox 202 1568 271 1592; x_wconf 87' lang='lat' dir='ltr'><strong>erat.</strong></span> <span class='ocrx_word' id='word_1_311' title='bbox 302 1574 312 1590; x_wconf 75' lang='grc' dir='ltr'><strong>ι</strong></span> <span class='ocrx_word' id='word_1_312' title='bbox 331 1564 370 1592; x_wconf 83' lang='lat' dir='ltr'><strong>Ac</strong></span> <span class='ocrx_word' id='word_1_313' title='bbox 392 1571 448 1591; x_wconf 90' lang='lat' dir='ltr'><strong>non</strong></span> <span class='ocrx_word' id='word_1_314' title='bbox 467 1563 622 1590; x_wconf 78' lang='lat' dir='ltr'><strong>inﬁrmatus</strong></span> <span class='ocrx_word' id='word_1_315' title='bbox 647 1562 710 1591; x_wconf 86' lang='lat' dir='ltr'><strong>ﬁde.</strong></span> <span class='ocrx_word' id='word_1_316' title='bbox 732 1562 837 1590; x_wconf 63' lang='lat' dir='ltr'><strong>illulta</strong></span> <span class='ocrx_word' id='word_1_317' title='bbox 854 1562 915 1597; x_wconf 90' lang='lat' dir='ltr'><strong>qui-</strong></span> 
     </span>
    </p>
   </div>
   <div class='ocr_carea' id='block_1_41' title="bbox 131 1608 914 1644">
    <p class='ocr_par' dir='ltr' id='par_1_41' title="bbox 131 1608 914 1644">
     <span class='ocr_line' id='line_1_41' title="bbox 131 1608 914 1644; baseline -0.004 -6"><span class='ocrx_word' id='word_1_318' title='bbox 131 1609 194 1638; x_wconf 77' lang='lat' dir='ltr'><strong>dem</strong></span> <span class='ocrx_word' id='word_1_319' title='bbox 216 1610 324 1639; x_wconf 83' lang='lat' dir='ltr'><strong>inﬁrma</strong></span> <span class='ocrx_word' id='word_1_320' title='bbox 339 1613 429 1641; x_wconf 87' lang='lat' dir='ltr'><strong>erant,</strong></span> <span class='ocrx_word' id='word_1_321' title='bbox 445 1613 472 1637; x_wconf 88' lang='lat' dir='ltr'><strong>et</strong></span> <span class='ocrx_word' id='word_1_322' title='bbox 483 1617 544 1644; x_wconf 75' lang='lat' dir='ltr'><strong>qua:</strong></span> <span class='ocrx_word' id='word_1_323' title='bbox 558 1609 639 1636; x_wconf 83' lang='lat' dir='ltr'><strong>ﬁdem</strong></span> <span class='ocrx_word' id='word_1_324' title='bbox 653 1608 727 1636; x_wconf 83' lang='lat' dir='ltr'><strong>illius</strong></span> <span class='ocrx_word' id='word_1_325' title='bbox 749 1608 914 1636; x_wconf 86' lang='lat' dir='ltr'><strong>imbecillcm</strong></span> 
     </span>
    </p>
   </div>
   <div class='ocr_carea' id='block_1_42' title="bbox 130 1653 917 1684">
    <p class='ocr_par' dir='ltr' id='par_1_42' title="bbox 130 1653 917 1684">
     <span class='ocr_line' id='line_1_42' title="bbox 130 1653 917 1684; baseline -0.005 0"><span class='ocrx_word' id='word_1_326' title='bbox 130 1657 270 1684; x_wconf 75' lang='lat' dir='ltr'><strong>edicerent</strong></span> <span class='ocrx_word' id='word_1_327' title='bbox 289 1662 407 1683; x_wconf 82' lang='lat' dir='ltr'><strong>:vcrum</strong></span> <span class='ocrx_word' id='word_1_328' title='bbox 421 1654 455 1682; x_wconf 88' lang='lat' dir='ltr'><strong>ad</strong></span> <span class='ocrx_word' id='word_1_329' title='bbox 473 1654 542 1682; x_wconf 90' lang='lat' dir='ltr'><strong>nihil</strong></span> <span class='ocrx_word' id='word_1_330' title='bbox 574 1654 672 1682; x_wconf 91' lang='lat' dir='ltr'><strong>horum</strong></span> <span class='ocrx_word' id='word_1_331' title='bbox 697 1653 852 1682; x_wconf 90' lang='lat' dir='ltr'><strong>iuﬁrmatus</strong></span> <span class='ocrx_word' id='word_1_332' title='bbox 874 1658 917 1681; x_wconf 85' lang='lat' dir='ltr'><strong>est</strong></span> 
     </span>
    </p>
   </div>
   <div class='ocr_carea' id='block_1_43' title="bbox 130 1700 918 1738">
    <p class='ocr_par' dir='ltr' id='par_1_43' title="bbox 130 1700 918 1738">
     <span class='ocr_line' id='line_1_43' title="bbox 130 1700 918 1738; baseline -0.005 -8"><span class='ocrx_word' id='word_1_333' title='bbox 130 1709 282 1738; x_wconf 81' lang='lat' dir='ltr'><strong>generosus</strong></span> <span class='ocrx_word' id='word_1_334' title='bbox 296 1701 415 1729; x_wconf 86' lang='lat' dir='ltr'><strong>animus.</strong></span> <span class='ocrx_word' id='word_1_335' title='bbox 432 1700 553 1728; x_wconf 86' lang='lat' dir='ltr'><strong>Primum</strong></span> <span class='ocrx_word' id='word_1_336' title='bbox 566 1700 639 1735; x_wconf 87' lang='lat' dir='ltr'><strong>quod</strong></span> <span class='ocrx_word' id='word_1_337' title='bbox 651 1700 685 1728; x_wconf 86' lang='lat' dir='ltr'><strong>ad</strong></span> <span class='ocrx_word' id='word_1_338' title='bbox 698 1700 803 1727; x_wconf 89' lang='lat' dir='ltr'><strong>nullum</strong></span> <span class='ocrx_word' id='word_1_339' title='bbox 820 1700 918 1734; x_wconf 83' lang='lat' dir='ltr'><strong>hujus-</strong></span> 
     </span>
    </p>
   </div>
   <div class='ocr_carea' id='block_1_44' title="bbox 132 1745 917 1782">
    <p class='ocr_par' dir='ltr' id='par_1_44' title="bbox 132 1745 917 1782">
     <span class='ocr_line' id='line_1_44' title="bbox 132 1745 917 1782; baseline -0.004 -7"><span class='ocrx_word' id='word_1_340' title='bbox 132 1747 372 1782; x_wconf 78' lang='lat' dir='ltr'><strong>modi_exemplum</strong></span> <span class='ocrx_word' id='word_1_341' title='bbox 398 1750 507 1782; x_wconf 85' lang='lat' dir='ltr'><strong>poterat</strong></span> <span class='ocrx_word' id='word_1_342' title='bbox 520 1746 669 1781; x_wconf 85' lang='lat' dir='ltr'><strong>respicere.</strong></span> <span class='ocrx_word' id='word_1_343' title='bbox 685 1746 732 1773; x_wconf 89' lang='lat' dir='ltr'><strong>sed</strong></span> <span class='ocrx_word' id='word_1_344' title='bbox 753 1745 804 1780; x_wconf 82' lang='lat' dir='ltr'><strong>ipsi</strong></span> <span class='ocrx_word' id='word_1_345' title='bbox 828 1746 917 1781; x_wconf 83' lang='lat' dir='ltr'><strong>primo</strong></span> 
     </span>
    </p>
   </div>
   <div class='ocr_carea' id='block_1_45' title="bbox 131 1789 918 1829">
    <p class='ocr_par' dir='ltr' id='par_1_45' title="bbox 131 1789 918 1829">
     <span class='ocr_line' id='line_1_45' title="bbox 131 1789 918 1829; baseline -0.005 -8"><span class='ocrx_word' id='word_1_346' title='bbox 131 1793 260 1829; x_wconf 79' lang='lat' dir='ltr'><strong>gignendi</strong></span> <span class='ocrx_word' id='word_1_347' title='bbox 275 1800 338 1828; x_wconf 85' lang='lat' dir='ltr'><strong>spes</strong></span> <span class='ocrx_word' id='word_1_348' title='bbox 353 1797 452 1829; x_wconf 72' lang='lat' dir='ltr'><strong>prteter</strong></span> <span class='ocrx_word' id='word_1_349' title='bbox 465 1800 542 1828; x_wconf 86' lang='lat' dir='ltr'><strong>spem</strong></span> <span class='ocrx_word' id='word_1_350' title='bbox 553 1792 615 1819; x_wconf 85' lang='lat' dir='ltr'><strong>data</strong></span> <span class='ocrx_word' id='word_1_351' title='bbox 624 1795 675 1819; x_wconf 88' lang='lat' dir='ltr'><strong>est.</strong></span> <span class='ocrx_word' id='word_1_352' title='bbox 697 1790 821 1818; x_wconf 85' lang='lat' dir='ltr'><strong>Alterum</strong></span> <span class='ocrx_word' id='word_1_353' title='bbox 844 1789 918 1825; x_wconf 91' lang='lat' dir='ltr'><strong>quod</strong></span> 
     </span>
    </p>
   </div>
   <div class='ocr_carea' id='block_1_46' title="bbox 130 1834 917 1875">
    <p class='ocr_par' dir='ltr' id='par_1_46' title="bbox 130 1834 917 1875">
     <span class='ocr_line' id='line_1_46' title="bbox 130 1834 917 1875; baseline -0.008 -8"><span class='ocrx_word' id='word_1_354' title='bbox 130 1847 232 1875; x_wconf 87' lang='lat' dir='ltr'><strong>corpus</strong></span> <span class='ocrx_word' id='word_1_355' title='bbox 247 1846 327 1867; x_wconf 89' lang='lat' dir='ltr'><strong>suum</strong></span> <span class='ocrx_word' id='word_1_356' title='bbox 350 1842 492 1866; x_wconf 86' lang='lat' dir='ltr'><strong>senectute</strong></span> <span class='ocrx_word' id='word_1_357' title='bbox 508 1841 567 1865; x_wconf 83' lang='lat' dir='ltr'><strong>erat</strong></span> <span class='ocrx_word' id='word_1_358' title='bbox 593 1841 760 1864; x_wconf 86' lang='lat' dir='ltr'><strong>emortuum.</strong></span> <span class='ocrx_word' id='word_1_359' title='bbox 782 1834 917 1867; x_wconf 85' lang='lat' dir='ltr'><strong>Tertium,</strong></span> 
     </span>
    </p>
   </div>
   <div class='ocr_carea' id='block_1_47' title="bbox 132 1883 918 1921">
    <p class='ocr_par' dir='ltr' id='par_1_47' title="bbox 132 1883 918 1921">
     <span class='ocr_line' id='line_1_47' title="bbox 132 1883 918 1921; baseline -0.005 -8"><span class='ocrx_word' id='word_1_360' title='bbox 132 1886 205 1921; x_wconf 90' lang='lat' dir='ltr'><strong>quod</strong></span> <span class='ocrx_word' id='word_1_361' title='bbox 217 1885 298 1913; x_wconf 90' lang='lat' dir='ltr'><strong>simul</strong></span> <span class='ocrx_word' id='word_1_362' title='bbox 309 1885 391 1913; x_wconf 85' lang='lat' dir='ltr'><strong>etiam</strong></span> <span class='ocrx_word' id='word_1_363' title='bbox 418 1884 492 1911; x_wconf 66' lang='lat' dir='ltr'><strong>Sara:</strong></span> <span class='ocrx_word' id='word_1_364' title='bbox 513 1883 613 1911; x_wconf 84' lang='lat' dir='ltr'><strong>matrix</strong></span> <span class='ocrx_word' id='word_1_365' title='bbox 628 1887 701 1911; x_wconf 85' lang='lat' dir='ltr'><strong>esset</strong></span> <span class='ocrx_word' id='word_1_366' title='bbox 715 1886 851 1914; x_wconf 80' lang='lat' dir='ltr'><strong>emortua,</strong></span> <span class='ocrx_word' id='word_1_367' title='bbox 865 1888 918 1909; x_wconf 89' lang='lat' dir='ltr'><strong>nec</strong></span> 
     </span>
    </p>
   </div>
   <div class='ocr_carea' id='block_1_48' title="bbox 133 1927 915 1966">
    <p class='ocr_par' dir='ltr' id='par_1_48' title="bbox 133 1927 915 1966">
     <span class='ocr_line' id='line_1_48' title="bbox 133 1927 915 1966; baseline -0.005 -7"><span class='ocrx_word' id='word_1_368' title='bbox 133 1931 188 1959; x_wconf 89' lang='lat' dir='ltr'><strong>ullo</strong></span> <span class='ocrx_word' id='word_1_369' title='bbox 205 1931 287 1959; x_wconf 89' lang='lat' dir='ltr'><strong>modo</strong></span> <span class='ocrx_word' id='word_1_370' title='bbox 297 1930 401 1966; x_wconf 87' lang='lat' dir='ltr'><strong>prolem</strong></span> <span class='ocrx_word' id='word_1_371' title='bbox 409 1930 482 1961; x_wconf 74' lang='lat' dir='ltr'><strong>ferre</strong></span> <span class='ocrx_word' id='word_1_372' title='bbox 492 1934 595 1965; x_wconf 83' lang='lat' dir='ltr'><strong>posset.</strong></span> <span class='ocrx_word' id='word_1_373' title='bbox 609 1939 618 1956; x_wconf 85' lang='grc'><strong>‹</strong></span> <span class='ocrx_word' id='word_1_374' title='bbox 632 1928 699 1957; x_wconf 91' lang='lat' dir='ltr'><strong>Cum</strong></span> <span class='ocrx_word' id='word_1_375' title='bbox 713 1934 822 1957; x_wconf 83' lang='lat' dir='ltr'><strong>centum</strong></span> <span class='ocrx_word' id='word_1_376' title='bbox 831 1927 915 1956; x_wconf 68' lang='lat' dir='ltr'><strong>fere.)</strong></span> 
     </span>
    </p>
   </div>
   <div class='ocr_carea' id='block_1_49' title="bbox 134 1975 918 2008">
    <p class='ocr_par' dir='ltr' id='par_1_49' title="bbox 134 1975 918 2008">
     <span class='ocr_line' id='line_1_49' title="bbox 134 1975 918 2008; baseline -0.005 -4"><span class='ocrx_word' id='word_1_377' title='bbox 134 1976 207 2004; x_wconf 87' lang='lat' dir='ltr'><strong>Bene</strong></span> <span class='ocrx_word' id='word_1_378' title='bbox 231 1976 269 2004; x_wconf 85' lang='lat' dir='ltr'><strong>ait</strong></span> <span class='ocrx_word' id='word_1_379' title='bbox 292 1985 300 2004; x_wconf 88' lang='lat'>:</span> <span class='ocrx_word' id='word_1_380' title='bbox 322 1985 332 2002; x_wconf 85' lang='grc'><strong>‹</strong></span> <span class='ocrx_word' id='word_1_381' title='bbox 350 1975 437 2004; x_wconf 86' lang='lat' dir='ltr'><strong>Natus</strong></span> <span class='ocrx_word' id='word_1_382' title='bbox 459 1983 547 2003; x_wconf 88' lang='lat' dir='ltr'><strong>annos</strong></span> <span class='ocrx_word' id='word_1_383' title='bbox 569 1975 627 2002; x_wconf 79' lang='lat' dir='ltr'><strong>fere</strong></span> <span class='ocrx_word' id='word_1_384' title='bbox 646 1978 781 2007; x_wconf 89' lang='lat' dir='ltr'><strong>centum;</strong></span> <span class='ocrx_word' id='word_1_385' title='bbox 799 1982 809 2000; x_wconf 72' lang='grc' dir='ltr'><strong><em>ι</em></strong></span> <span class='ocrx_word' id='word_1_386' title='bbox 827 1980 918 2008; x_wconf 85' lang='lat' dir='ltr'><strong>neque</strong></span> 
     </span>
    </p>
   </div>
   <div class='ocr_carea' id='block_1_50' title="bbox 132 2019 917 2055">
    <p class='ocr_par' dir='ltr' id='par_1_50' title="bbox 132 2019 917 2055">
     <span class='ocr_line' id='line_1_50' title="bbox 132 2019 917 2055; baseline -0.004 -6"><span class='ocrx_word' id='word_1_387' title='bbox 132 2021 207 2049; x_wconf 87' lang='lat' dir='ltr'><strong>enim</strong></span> <span class='ocrx_word' id='word_1_388' title='bbox 219 2026 330 2050; x_wconf 89' lang='lat' dir='ltr'><strong>centum</strong></span> <span class='ocrx_word' id='word_1_389' title='bbox 345 2025 403 2048; x_wconf 88' lang='lat' dir='ltr'><strong>erat</strong></span> <span class='ocrx_word' id='word_1_390' title='bbox 420 2027 566 2053; x_wconf 90' lang='lat' dir='ltr'><strong>annorum,</strong></span> <span class='ocrx_word' id='word_1_391' title='bbox 579 2020 628 2048; x_wconf 87' lang='lat' dir='ltr'><strong>sed</strong></span> <span class='ocrx_word' id='word_1_392' title='bbox 643 2019 791 2055; x_wconf 82' lang='lat' dir='ltr'><strong>nonaginta</strong></span> <span class='ocrx_word' id='word_1_393' title='bbox 806 2026 917 2047; x_wconf 88' lang='lat' dir='ltr'><strong>novem.</strong></span> 
     </span>
    </p>
   </div>
   <div class='ocr_carea' id='block_1_51' title="bbox 137 2064 920 2101">
    <p class='ocr_par' dir='ltr' id='par_1_51' title="bbox 137 2064 920 2101">
     <span class='ocr_line' id='line_1_51' title="bbox 137 2064 920 2101; baseline -0.004 -7"><span class='ocrx_word' id='word_1_394' title='bbox 137 2075 147 2094; x_wconf 72' lang='grc' dir='ltr'><em>ι</em></span> <span class='ocrx_word' id='word_1_395' title='bbox 166 2067 219 2094; x_wconf 87' lang='lat' dir='ltr'><strong>Sed</strong></span> <span class='ocrx_word' id='word_1_396' title='bbox 234 2065 269 2093; x_wconf 91' lang='lat' dir='ltr'><strong>ad</strong></span> <span class='ocrx_word' id='word_1_397' title='bbox 287 2065 498 2101; x_wconf 87' lang='lat' dir='ltr'><strong>promissionem</strong></span> <span class='ocrx_word' id='word_1_398' title='bbox 521 2065 582 2093; x_wconf 88' lang='lat' dir='ltr'><strong>Dei.</strong></span> <span class='ocrx_word' id='word_1_399' title='bbox 603 2074 613 2091; x_wconf 75' lang='grc' dir='ltr'><strong><em>ι</em></strong></span> <span class='ocrx_word' id='word_1_400' title='bbox 647 2064 716 2092; x_wconf 70' lang='lat' dir='ltr'><strong>Nam</strong></span> <span class='ocrx_word' id='word_1_401' title='bbox 740 2071 854 2099; x_wconf 91' lang='lat' dir='ltr'><strong>operum</strong></span> <span class='ocrx_word' id='word_1_402' title='bbox 869 2064 920 2091; x_wconf 84' lang='lat' dir='ltr'><strong>de-</strong></span> 
     </span>
    </p>
   </div>
   <div class='ocr_carea' id='block_1_52' title="bbox 134 2109 916 2144">
    <p class='ocr_par' dir='ltr' id='par_1_52' title="bbox 134 2109 916 2144">
     <span class='ocr_line' id='line_1_52' title="bbox 134 2109 916 2144; baseline -0.004 -4"><span class='ocrx_word' id='word_1_403' title='bbox 134 2111 298 2140; x_wconf 89' lang='lat' dir='ltr'><strong>monstratio</strong></span> <span class='ocrx_word' id='word_1_404' title='bbox 314 2118 369 2139; x_wconf 92' lang='lat' dir='ltr'><strong>non</strong></span> <span class='ocrx_word' id='word_1_405' title='bbox 384 2115 454 2144; x_wconf 88' lang='lat' dir='ltr'><strong>erat,</strong></span> <span class='ocrx_word' id='word_1_406' title='bbox 484 2110 531 2138; x_wconf 89' lang='lat' dir='ltr'><strong>sed</strong></span> <span class='ocrx_word' id='word_1_407' title='bbox 554 2110 626 2137; x_wconf 85' lang='lat' dir='ltr'><strong>nuda</strong></span> <span class='ocrx_word' id='word_1_408' title='bbox 639 2109 733 2138; x_wconf 80' lang='lat' dir='ltr'><strong>verba.</strong></span> <span class='ocrx_word' id='word_1_409' title='bbox 750 2119 760 2136; x_wconf 84' lang='grc'><strong>‹</strong></span> <span class='ocrx_word' id='word_1_410' title='bbox 785 2109 845 2137; x_wconf 85' lang='lat' dir='ltr'><strong>Non</strong></span> <span class='ocrx_word' id='word_1_411' title='bbox 861 2109 916 2137; x_wconf 65' lang='lat' dir='ltr'><strong>haz-</strong></span> 
     </span>
    </p>
   </div>
   <div class='ocr_carea' id='block_1_53' title="bbox 135 2155 919 2188">
    <p class='ocr_par' dir='ltr' id='par_1_53' title="bbox 135 2155 919 2188">
     <span class='ocr_line' id='line_1_53' title="bbox 135 2155 919 2188; baseline -0.005 -1"><span class='ocrx_word' id='word_1_412' title='bbox 135 2158 230 2188; x_wconf 86' lang='lat' dir='ltr'><strong>sitavit</strong></span> <span class='ocrx_word' id='word_1_413' title='bbox 254 2157 462 2186; x_wconf 83' lang='lat' dir='ltr'><strong>incredulitate.</strong></span> <span class='ocrx_word' id='word_1_414' title='bbox 487 2166 496 2184; x_wconf 73' lang='lat' dir='ltr'><strong><em>D</em></strong></span> <span class='ocrx_word' id='word_1_415' title='bbox 512 2156 572 2185; x_wconf 87' lang='lat' dir='ltr'><strong>Non</strong></span> <span class='ocrx_word' id='word_1_416' title='bbox 600 2156 661 2184; x_wconf 85' lang='lat' dir='ltr'><strong>ait:</strong></span> <span class='ocrx_word' id='word_1_417' title='bbox 687 2155 747 2183; x_wconf 86' lang='lat' dir='ltr'><strong>Non</strong></span> <span class='ocrx_word' id='word_1_418' title='bbox 761 2155 814 2183; x_wconf 80' lang='lat' dir='ltr'><strong>fuit</strong></span> <span class='ocrx_word' id='word_1_419' title='bbox 827 2155 919 2184; x_wconf 87' lang='lat' dir='ltr'><strong>incre-</strong></span> 
     </span>
    </p>
   </div>
   <div class='ocr_carea' id='block_1_54' title="bbox 1004 602 1754 636">
    <p class='ocr_par' dir='ltr' id='par_1_54' title="bbox 1004 602 1754 636">
     <span class='ocr_line' id='line_1_54' title="bbox 1004 602 1754 636; baseline 0 -7"><span class='ocrx_word' id='word_1_420' title='bbox 1004 602 1057 635; x_wconf 87' lang='grc' dir='ltr'><strong>¹ος</strong></span> <span class='ocrx_word' id='word_1_421' title='bbox 1067 603 1134 636; x_wconf 75' lang='grc' dir='ltr'>παρ’</span> <span class='ocrx_word' id='word_1_422' title='bbox 1149 603 1256 630; x_wconf 74' lang='grc' dir='ltr'>ἐλπίδα</span> <span class='ocrx_word' id='word_1_423' title='bbox 1270 603 1316 630; x_wconf 79' lang='grc' dir='ltr'><strong>ἐπ’</strong></span> <span class='ocrx_word' id='word_1_424' title='bbox 1334 603 1433 631; x_wconf 74' lang='grc' dir='ltr'>ἐλπίδι</span> <span class='ocrx_word' id='word_1_425' title='bbox 1451 603 1643 635; x_wconf 75' lang='grc' dir='ltr'><strong>ἐπίστευσεν,</strong></span> <span class='ocrx_word' id='word_1_426' title='bbox 1659 604 1704 634; x_wconf 76' lang='grc' dir='ltr'><strong>εἰς</strong></span> <span class='ocrx_word' id='word_1_427' title='bbox 1718 604 1754 629; x_wconf 83' lang='grc' dir='ltr'>τό</span> 
     </span>
    </p>
   </div>
   <div class='ocr_carea' id='block_1_55' title="bbox 965 647 1754 683">
    <p class='ocr_par' dir='ltr' id='par_1_55' title="bbox 965 647 1754 683">
     <span class='ocr_line' id='line_1_55' title="bbox 965 647 1754 683; baseline 0 -8"><span class='ocrx_word' id='word_1_428' title='bbox 965 648 1104 683; x_wconf 80' lang='grc' dir='ltr'>γενέσθαι</span> <span class='ocrx_word' id='word_1_429' title='bbox 1118 648 1211 676; x_wconf 79' lang='grc' dir='ltr'>αὐτὸν</span> <span class='ocrx_word' id='word_1_430' title='bbox 1231 649 1345 683; x_wconf 79' lang='grc' dir='ltr'><em>πατέρα</em></span> <span class='ocrx_word' id='word_1_431' title='bbox 1374 647 1498 676; x_wconf 73' lang='grc' dir='ltr'>πολλῶν</span> <span class='ocrx_word' id='word_1_432' title='bbox 1509 648 1613 681; x_wconf 81' lang='grc' dir='ltr'>ἐθνῶν,</span> <span class='ocrx_word' id='word_1_433' title='bbox 1626 649 1702 675; x_wconf 81' lang='grc' dir='ltr'>κατὰ</span> <span class='ocrx_word' id='word_1_434' title='bbox 1719 649 1754 675; x_wconf 71' lang='lat'><strong>2:5</strong></span> 
     </span>
    </p>
   </div>
   <div class='ocr_carea' id='block_1_56' title="bbox 963 694 1756 729">
    <p class='ocr_par' dir='ltr' id='par_1_56' title="bbox 963 694 1756 729">
     <span class='ocr_line' id='line_1_56' title="bbox 963 694 1756 729; baseline 0 -8"><span class='ocrx_word' id='word_1_435' title='bbox 963 694 1120 729; x_wconf 71' lang='grc' dir='ltr'>είρημένον</span> <span class='ocrx_word' id='word_1_436' title='bbox 1133 702 1140 709; x_wconf 90' lang='grc'><strong>·</strong></span> <span class='ocrx_word' id='word_1_437' title='bbox 1157 695 1350 728; x_wconf 72' lang='grc' dir='ltr'>Οὕτως-ἔσται</span> <span class='ocrx_word' id='word_1_438' title='bbox 1363 695 1397 722; x_wconf 80' lang='grc' dir='ltr'>τὸ</span> <span class='ocrx_word' id='word_1_439' title='bbox 1416 694 1534 728; x_wconf 69' lang='grc' dir='ltr'>σπέρμα</span> <span class='ocrx_word' id='word_1_440' title='bbox 1556 702 1625 722; x_wconf 84' lang='grc' dir='ltr'><strong>σου.</strong></span> <span class='ocrx_word' id='word_1_441' title='bbox 1643 695 1696 722; x_wconf 76' lang='grc' dir='ltr'><strong>Καὶ</strong></span> <span class='ocrx_word' id='word_1_442' title='bbox 1711 695 1756 727; x_wconf 77' lang='grc' dir='ltr'><em>μὴ</em></span> 
     </span>
    </p>
   </div>
   <div class='ocr_carea' id='block_1_57' title="bbox 964 741 1756 776">
    <p class='ocr_par' dir='ltr' id='par_1_57' title="bbox 964 741 1756 776">
     <span class='ocr_line' id='line_1_57' title="bbox 964 741 1756 776; baseline -0.001 -8"><span class='ocrx_word' id='word_1_443' title='bbox 964 741 1139 775; x_wconf 71' lang='grc' dir='ltr'>ἀσθενήσας</span> <span class='ocrx_word' id='word_1_444' title='bbox 1160 741 1198 776; x_wconf 75' lang='grc' dir='ltr'>τῇ</span> <span class='ocrx_word' id='word_1_445' title='bbox 1223 744 1332 775; x_wconf 79' lang='grc' dir='ltr'><strong>πίστει,</strong></span> <span class='ocrx_word' id='word_1_446' title='bbox 1358 742 1395 769; x_wconf 84' lang='grc' dir='ltr'><strong>οὐ</strong></span> <span class='ocrx_word' id='word_1_447' title='bbox 1411 741 1580 774; x_wconf 78' lang='grc' dir='ltr'>κατενόησε</span> <span class='ocrx_word' id='word_1_448' title='bbox 1590 741 1622 767; x_wconf 85' lang='grc' dir='ltr'>τὸ</span> <span class='ocrx_word' id='word_1_449' title='bbox 1641 741 1756 767; x_wconf 79' lang='grc' dir='ltr'><strong>ἑαυτοῦ</strong></span> 
     </span>
    </p>
   </div>
   <div class='ocr_carea' id='block_1_58' title="bbox 965 785 1755 822">
    <p class='ocr_par' dir='ltr' id='par_1_58' title="bbox 965 785 1755 822">
     <span class='ocr_line' id='line_1_58' title="bbox 965 785 1755 822; baseline -0.003 -9"><span class='ocrx_word' id='word_1_450' title='bbox 965 786 1050 821; x_wconf 81' lang='grc' dir='ltr'><em>σῶμα</em></span> <span class='ocrx_word' id='word_1_451' title='bbox 1078 786 1136 821; x_wconf 76' lang='grc' dir='ltr'><strong>ἤδη</strong></span> <span class='ocrx_word' id='word_1_452' title='bbox 1172 788 1394 822; x_wconf 51' lang='grc' dir='ltr'>νθεκρωμέγσν</span> <span class='ocrx_word' id='word_1_453' title='bbox 1409 806 1416 818; x_wconf 86' lang='grc'><strong>,</strong></span> <span class='ocrx_word' id='word_1_454' title='bbox 1444 785 1660 818; x_wconf 81' lang='grc' dir='ltr'>ἐκατογταέτης</span> <span class='ocrx_word' id='word_1_455' title='bbox 1692 794 1755 812; x_wconf 81' lang='grc' dir='ltr'><strong>που</strong></span> 
     </span>
    </p>
   </div>
   <div class='ocr_carea' id='block_1_59' title="bbox 963 830 1752 867">
    <p class='ocr_par' dir='ltr' id='par_1_59' title="bbox 963 830 1752 867">
     <span class='ocr_line' id='line_1_59' title="bbox 963 830 1752 867; baseline -0.005 -7"><span class='ocrx_word' id='word_1_456' title='bbox 963 832 1117 867; x_wconf 80' lang='grc' dir='ltr'><strong>ὑπάρχων,</strong></span> <span class='ocrx_word' id='word_1_457' title='bbox 1134 833 1184 860; x_wconf 75' lang='grc' dir='ltr'>καὶ</span> <span class='ocrx_word' id='word_1_458' title='bbox 1200 833 1257 867; x_wconf 82' lang='grc' dir='ltr'><strong>τὴν</strong></span> <span class='ocrx_word' id='word_1_459' title='bbox 1266 833 1412 867; x_wconf 70' lang='grc' dir='ltr'>νέκρωσιν</span> <span class='ocrx_word' id='word_1_460' title='bbox 1421 831 1476 866; x_wconf 80' lang='grc' dir='ltr'><strong>τῆς</strong></span> <span class='ocrx_word' id='word_1_461' title='bbox 1487 831 1601 866; x_wconf 76' lang='grc' dir='ltr'>μήτρας</span> <span class='ocrx_word' id='word_1_462' title='bbox 1617 830 1734 865; x_wconf 77' lang='grc' dir='ltr'><strong>Σάρῤας</strong></span> <span class='ocrx_word' id='word_1_463' title='bbox 1743 838 1752 845; x_wconf 73' lang='grc' dir='ltr'>ο</span> 
     </span>
    </p>
   </div>
   <div class='ocr_carea' id='block_1_60' title="bbox 964 877 1756 914">
    <p class='ocr_par' dir='ltr' id='par_1_60' title="bbox 964 877 1756 914">
     <span class='ocr_line' id='line_1_60' title="bbox 964 877 1756 914; baseline -0.001 -9"><span class='ocrx_word' id='word_1_464' title='bbox 964 880 1008 912; x_wconf 77' lang='grc' dir='ltr'><strong>εἰς</strong></span> <span class='ocrx_word' id='word_1_465' title='bbox 1021 879 1056 905; x_wconf 79' lang='grc' dir='ltr'>δὲ</span> <span class='ocrx_word' id='word_1_466' title='bbox 1068 879 1126 912; x_wconf 79' lang='grc' dir='ltr'>τὴν</span> <span class='ocrx_word' id='word_1_467' title='bbox 1139 879 1320 914; x_wconf 70' lang='grc' dir='ltr'>ἐπαγγελίαν</span> <span class='ocrx_word' id='word_1_468' title='bbox 1336 880 1388 907; x_wconf 84' lang='grc' dir='ltr'><strong>τοῦ</strong></span> <span class='ocrx_word' id='word_1_469' title='bbox 1404 879 1490 911; x_wconf 87' lang='grc' dir='ltr'><strong>Θεοῦ,</strong></span> <span class='ocrx_word' id='word_1_470' title='bbox 1505 880 1541 906; x_wconf 87' lang='grc' dir='ltr'><strong>οὐ</strong></span> <span class='ocrx_word' id='word_1_471' title='bbox 1562 878 1694 912; x_wconf 80' lang='grc' dir='ltr'><strong>διεκρίθη</strong></span> <span class='ocrx_word' id='word_1_472' title='bbox 1715 877 1756 912; x_wconf 71' lang='grc' dir='ltr'>τῇ</span> 
     </span>
    </p>
   </div>
   <div class='ocr_carea' id='block_1_61' title="bbox 963 922 1757 959">
    <p class='ocr_par' dir='ltr' id='par_1_61' title="bbox 963 922 1757 959">
     <span class='ocr_line' id='line_1_61' title="bbox 963 922 1757 959; baseline -0.004 -8"><span class='ocrx_word' id='word_1_473' title='bbox 963 924 1100 957; x_wconf 78' lang='grc' dir='ltr'>ἀπιστίᾳ,</span> <span class='ocrx_word' id='word_1_474' title='bbox 1109 923 1176 951; x_wconf 78' lang='grc' dir='ltr'><strong>ἀλλ’</strong></span> <span class='ocrx_word' id='word_1_475' title='bbox 1189 924 1397 959; x_wconf 74' lang='grc' dir='ltr'><strong>ἐνεδυναμώθη</strong></span> <span class='ocrx_word' id='word_1_476' title='bbox 1409 923 1445 958; x_wconf 78' lang='grc' dir='ltr'>τῇ</span> <span class='ocrx_word' id='word_1_477' title='bbox 1456 924 1566 955; x_wconf 77' lang='grc' dir='ltr'><strong>πίστει,</strong></span> <span class='ocrx_word' id='word_1_478' title='bbox 1574 922 1647 956; x_wconf 75' lang='grc' dir='ltr'><strong>δοὺς</strong></span> <span class='ocrx_word' id='word_1_479' title='bbox 1657 922 1757 954; x_wconf 67' lang='grc' dir='ltr'>δόξαν</span> 
     </span>
    </p>
   </div>
   <div class='ocr_carea' id='block_1_62' title="bbox 964 967 1754 1004">
    <p class='ocr_par' dir='ltr' id='par_1_62' title="bbox 964 967 1754 1004">
     <span class='ocr_line' id='line_1_62' title="bbox 964 967 1754 1004; baseline 0 -8"><span class='ocrx_word' id='word_1_480' title='bbox 964 969 1004 1003; x_wconf 84' lang='grc' dir='ltr'>τῷ</span> <span class='ocrx_word' id='word_1_481' title='bbox 1020 968 1096 1001; x_wconf 81' lang='grc' dir='ltr'>Θεῷ’</span> <span class='ocrx_word' id='word_1_482' title='bbox 1122 969 1171 996; x_wconf 80' lang='grc' dir='ltr'><strong>καί</strong></span> <span class='ocrx_word' id='word_1_483' title='bbox 1195 969 1432 1004; x_wconf 68' lang='grc' dir='ltr'><strong>πληροφορηθεὶς</strong></span> <span class='ocrx_word' id='word_1_484' title='bbox 1450 969 1494 996; x_wconf 84' lang='grc' dir='ltr'>ὅτι</span> <span class='ocrx_word' id='word_1_485' title='bbox 1517 967 1532 994; x_wconf 84' lang='grc' dir='ltr'><strong>ὂ</strong></span> <span class='ocrx_word' id='word_1_486' title='bbox 1557 967 1754 1002; x_wconf 73' lang='grc' dir='ltr'><strong>ἐπήγγελται.</strong></span> 
     </span>
    </p>
   </div>
   <div class='ocr_carea' id='block_1_63' title="bbox 963 1012 1757 1050">
    <p class='ocr_par' dir='ltr' id='par_1_63' title="bbox 963 1012 1757 1050">
     <span class='ocr_line' id='line_1_63' title="bbox 963 1012 1757 1050; baseline -0.005 -7"><span class='ocrx_word' id='word_1_487' title='bbox 963 1015 1094 1048; x_wconf 80' lang='grc' dir='ltr'>δυνατός</span> <span class='ocrx_word' id='word_1_488' title='bbox 1103 1016 1169 1043; x_wconf 80' lang='grc' dir='ltr'>ἐστι</span> <span class='ocrx_word' id='word_1_489' title='bbox 1181 1016 1229 1044; x_wconf 80' lang='grc' dir='ltr'><strong>καί</strong></span> <span class='ocrx_word' id='word_1_490' title='bbox 1239 1015 1374 1050; x_wconf 76' lang='grc' dir='ltr'>ποιῆσαι.</span> <span class='ocrx_word' id='word_1_491' title='bbox 1387 1015 1435 1043; x_wconf 91' lang='grc' dir='ltr'><strong>Διὸ</strong></span> <span class='ocrx_word' id='word_1_492' title='bbox 1449 1015 1499 1042; x_wconf 77' lang='grc' dir='ltr'>καὶ</span> <span class='ocrx_word' id='word_1_493' title='bbox 1513 1013 1658 1049; x_wconf 72' lang='grc' dir='ltr'><strong>ἐλογίσθη</strong></span> <span class='ocrx_word' id='word_1_494' title='bbox 1671 1012 1757 1046; x_wconf 80' lang='grc' dir='ltr'>αὐτῷ</span> 
     </span>
    </p>
   </div>
   <div class='ocr_carea' id='block_1_64' title="bbox 964 1061 1711 1095">
    <p class='ocr_par' dir='ltr' id='par_1_64' title="bbox 964 1061 1711 1095">
     <span class='ocr_line' id='line_1_64' title="bbox 964 1061 1711 1095; baseline -0.001 -6"><span class='ocrx_word' id='word_1_495' title='bbox 964 1062 1008 1094; x_wconf 79' lang='grc' dir='ltr'><strong>εὶς</strong></span> <span class='ocrx_word' id='word_1_496' title='bbox 1025 1061 1232 1095; x_wconf 78' lang='grc' dir='ltr'>δικαιοσύνην.</span> <span class='ocrx_word' id='word_1_497' title='bbox 1706 1065 1711 1069; x_wconf 90' lang='grc'><em>’</em></span> 
     </span>
    </p>
   </div>
   <div class='ocr_carea' id='block_1_65' title="bbox 1001 1104 1753 1145">
    <p class='ocr_par' dir='ltr' id='par_1_65' title="bbox 1001 1104 1753 1145">
     <span class='ocr_line' id='line_1_65' title="bbox 1001 1104 1753 1145; baseline -0.007 -10"><span class='ocrx_word' id='word_1_498' title='bbox 1001 1108 1081 1145; x_wconf 84' lang='grc' dir='ltr'><strong>[ΤΟΥ</strong></span> <span class='ocrx_word' id='word_1_499' title='bbox 1093 1107 1233 1144; x_wconf 80' lang='grc' dir='ltr'><strong>ΑΥΤΟΥ.]</strong></span> <span class='ocrx_word' id='word_1_500' title='bbox 1253 1117 1262 1135; x_wconf 75' lang='grc' dir='ltr'><strong>ι</strong></span> <span class='ocrx_word' id='word_1_501' title='bbox 1289 1109 1337 1140; x_wconf 87' lang='grc' dir='ltr'><strong>¹ος</strong></span> <span class='ocrx_word' id='word_1_502' title='bbox 1355 1109 1420 1143; x_wconf 79' lang='grc' dir='ltr'>παρ’</span> <span class='ocrx_word' id='word_1_503' title='bbox 1443 1108 1548 1136; x_wconf 78' lang='grc' dir='ltr'>ἐλπίδα.</span> <span class='ocrx_word' id='word_1_504' title='bbox 1570 1117 1579 1134; x_wconf 76' lang='grc' dir='ltr'><strong>ι</strong></span> <span class='ocrx_word' id='word_1_505' title='bbox 1599 1106 1673 1135; x_wconf 69' lang='grc' dir='ltr'>Ἀντὶ</span> <span class='ocrx_word' id='word_1_506' title='bbox 1689 1104 1753 1137; x_wconf 81' lang='grc' dir='ltr'>τοῦ,</span> 
     </span>
    </p>
   </div>
   <div class='ocr_carea' id='block_1_66' title="bbox 966 1151 1752 1188">
    <p class='ocr_par' dir='ltr' id='par_1_66' title="bbox 966 1151 1752 1188">
     <span class='ocr_line' id='line_1_66' title="bbox 966 1151 1752 1188; baseline -0.006 -7"><span class='ocrx_word' id='word_1_507' title='bbox 966 1155 1143 1188; x_wconf 71' lang='grc' dir='ltr'><strong>ἐπαγγελίαις</strong></span> <span class='ocrx_word' id='word_1_508' title='bbox 1155 1154 1311 1187; x_wconf 78' lang='grc' dir='ltr'>ἐπίστευσε,</span> <span class='ocrx_word' id='word_1_509' title='bbox 1325 1154 1392 1181; x_wconf 79' lang='grc' dir='ltr'>πολὺ</span> <span class='ocrx_word' id='word_1_510' title='bbox 1403 1154 1433 1180; x_wconf 71' lang='grc' dir='ltr'>τὸ</span> <span class='ocrx_word' id='word_1_511' title='bbox 1444 1155 1603 1181; x_wconf 82' lang='grc' dir='ltr'><strong>ἀνέλπιστον</strong></span> <span class='ocrx_word' id='word_1_512' title='bbox 1614 1151 1752 1188; x_wconf 77' lang='grc' dir='ltr'>ἐχούσαις,</span> 
     </span>
    </p>
   </div>
   <div class='ocr_carea' id='block_1_67' title="bbox 965 1196 1753 1234">
    <p class='ocr_par' dir='ltr' id='par_1_67' title="bbox 965 1196 1753 1234">
     <span class='ocr_line' id='line_1_67' title="bbox 965 1196 1753 1234; baseline -0.006 -7"><span class='ocrx_word' id='word_1_513' title='bbox 965 1200 1037 1228; x_wconf 72' lang='grc' dir='ltr'>κατὰ</span> <span class='ocrx_word' id='word_1_514' title='bbox 1053 1199 1221 1234; x_wconf 79' lang='grc' dir='ltr'>ἀνθρώπινον</span> <span class='ocrx_word' id='word_1_515' title='bbox 1236 1199 1375 1234; x_wconf 81' lang='grc' dir='ltr'>λογισμόν.</span> <span class='ocrx_word' id='word_1_516' title='bbox 1394 1200 1463 1234; x_wconf 87' lang='grc' dir='ltr'>Παρ’</span> <span class='ocrx_word' id='word_1_517' title='bbox 1483 1199 1580 1226; x_wconf 72' lang='grc' dir='ltr'>ἐλπίδα</span> <span class='ocrx_word' id='word_1_518' title='bbox 1597 1199 1661 1232; x_wconf 80' lang='grc' dir='ltr'>γὰρ,</span> <span class='ocrx_word' id='word_1_519' title='bbox 1673 1196 1753 1232; x_wconf 74' lang='grc' dir='ltr'>φησὶ,</span> 
     </span>
    </p>
   </div>
   <div class='ocr_carea' id='block_1_68' title="bbox 964 1241 1754 1280">
    <p class='ocr_par' dir='ltr' id='par_1_68' title="bbox 964 1241 1754 1280">
     <span class='ocr_line' id='line_1_68' title="bbox 964 1241 1754 1280; baseline -0.005 -9"><span class='ocrx_word' id='word_1_520' title='bbox 964 1245 1015 1280; x_wconf 75' lang='grc' dir='ltr'>τὴν</span> <span class='ocrx_word' id='word_1_521' title='bbox 1042 1245 1225 1280; x_wconf 75' lang='grc' dir='ltr'><strong>ἀνθρωπίνην,</strong></span> <span class='ocrx_word' id='word_1_522' title='bbox 1257 1244 1324 1279; x_wconf 79' lang='grc' dir='ltr'>μόνῃ</span> <span class='ocrx_word' id='word_1_523' title='bbox 1353 1244 1493 1279; x_wconf 76' lang='grc' dir='ltr'>ὲδρασθεὶς</span> <span class='ocrx_word' id='word_1_524' title='bbox 1515 1245 1548 1278; x_wconf 83' lang='grc' dir='ltr'>τῇ</span> <span class='ocrx_word' id='word_1_525' title='bbox 1569 1243 1615 1269; x_wconf 73' lang='grc' dir='ltr'><strong>ἐπὶ</strong></span> <span class='ocrx_word' id='word_1_526' title='bbox 1635 1241 1754 1268; x_wconf 59' lang='lat' dir='ltr'><strong>estus).-</strong></span> 
     </span>
    </p>
   </div>
   <div class='ocr_carea' id='block_1_69' title="bbox 965 1288 1752 1326">
    <p class='ocr_par' dir='ltr' id='par_1_69' title="bbox 965 1288 1752 1326">
     <span class='ocr_line' id='line_1_69' title="bbox 965 1288 1752 1326; baseline -0.005 -8"><span class='ocrx_word' id='word_1_527' title='bbox 965 1290 1033 1318; x_wconf 81' lang='grc' dir='ltr'>πίδι.</span> <span class='ocrx_word' id='word_1_528' title='bbox 1048 1305 1083 1310; x_wconf 91' lang='lat'><strong>-—</strong></span> <span class='ocrx_word' id='word_1_529' title='bbox 1099 1288 1356 1326; x_wconf 63' lang='lat' dir='ltr'><strong>[ZETHPIANO‘L]</strong></span> <span class='ocrx_word' id='word_1_530' title='bbox 1385 1290 1444 1316; x_wconf 85' lang='grc' dir='ltr'><strong>Ἐπ’</strong></span> <span class='ocrx_word' id='word_1_531' title='bbox 1471 1289 1559 1316; x_wconf 83' lang='grc' dir='ltr'>ἑλπίδι</span> <span class='ocrx_word' id='word_1_532' title='bbox 1584 1288 1649 1324; x_wconf 80' lang='grc' dir='ltr'>γὰρ,</span> <span class='ocrx_word' id='word_1_533' title='bbox 1673 1288 1752 1322; x_wconf 69' lang='grc' dir='ltr'>φησὶ,</span> 
     </span>
    </p>
   </div>
   <div class='ocr_carea' id='block_1_70' title="bbox 965 1333 1753 1372">
    <p class='ocr_par' dir='ltr' id='par_1_70' title="bbox 965 1333 1753 1372">
     <span class='ocr_line' id='line_1_70' title="bbox 965 1333 1753 1372; baseline -0.004 -9"><span class='ocrx_word' id='word_1_534' title='bbox 965 1338 999 1372; x_wconf 82' lang='grc' dir='ltr'>τῇ</span> <span class='ocrx_word' id='word_1_535' title='bbox 1015 1335 1063 1363; x_wconf 80' lang='grc' dir='ltr'><strong>τοῦ</strong></span> <span class='ocrx_word' id='word_1_536' title='bbox 1079 1336 1160 1368; x_wconf 80' lang='grc' dir='ltr'>Θεοῦ,</span> <span class='ocrx_word' id='word_1_537' title='bbox 1178 1335 1242 1371; x_wconf 80' lang='grc' dir='ltr'>παρ’</span> <span class='ocrx_word' id='word_1_538' title='bbox 1257 1335 1352 1363; x_wconf 81' lang='grc' dir='ltr'>ἐλπίδα</span> <span class='ocrx_word' id='word_1_539' title='bbox 1379 1336 1429 1370; x_wconf 75' lang='grc' dir='ltr'><strong>τῆς</strong></span> <span class='ocrx_word' id='word_1_540' title='bbox 1455 1335 1558 1367; x_wconf 72' lang='grc' dir='ltr'>οἰκείας</span> <span class='ocrx_word' id='word_1_541' title='bbox 1575 1334 1693 1369; x_wconf 77' lang='grc' dir='ltr'>φύσεως,</span> <span class='ocrx_word' id='word_1_542' title='bbox 1708 1333 1753 1359; x_wconf 79' lang='grc' dir='ltr'><strong>ἐπ’</strong></span> 
     </span>
    </p>
   </div>
   <div class='ocr_carea' id='block_1_71' title="bbox 965 1378 1753 1416">
    <p class='ocr_par' dir='ltr' id='par_1_71' title="bbox 965 1378 1753 1416">
     <span class='ocr_line' id='line_1_71' title="bbox 965 1378 1753 1416; baseline -0.006 -7"><span class='ocrx_word' id='word_1_543' title='bbox 965 1381 1053 1409; x_wconf 69' lang='grc' dir='ltr'>ἑλπίδι</span> <span class='ocrx_word' id='word_1_544' title='bbox 1067 1381 1115 1416; x_wconf 86' lang='grc' dir='ltr'>τῆς</span> <span class='ocrx_word' id='word_1_545' title='bbox 1139 1380 1185 1408; x_wconf 80' lang='grc' dir='ltr'><strong>τοῦ</strong></span> <span class='ocrx_word' id='word_1_546' title='bbox 1203 1380 1437 1416; x_wconf 71' lang='grc' dir='ltr'>ἐπαγγειλαμένου</span> <span class='ocrx_word' id='word_1_547' title='bbox 1455 1380 1605 1415; x_wconf 76' lang='grc' dir='ltr'>δυνάμεως,</span> <span class='ocrx_word' id='word_1_548' title='bbox 1618 1389 1628 1404; x_wconf 72' lang='grc' dir='ltr'><strong>ι</strong></span> <span class='ocrx_word' id='word_1_549' title='bbox 1642 1378 1753 1405; x_wconf 83' lang='grc' dir='ltr'>Πολλῶν</span> 
     </span>
    </p>
   </div>
   <div class='ocr_carea' id='block_1_72' title="bbox 965 1424 1752 1460">
    <p class='ocr_par' dir='ltr' id='par_1_72' title="bbox 965 1424 1752 1460">
     <span class='ocr_line' id='line_1_72' title="bbox 965 1424 1752 1460; baseline -0.008 -5"><span class='ocrx_word' id='word_1_550' title='bbox 965 1427 1060 1455; x_wconf 85' lang='grc' dir='ltr'><strong>ὲθνῶν.</strong></span> <span class='ocrx_word' id='word_1_551' title='bbox 1075 1437 1085 1454; x_wconf 76' lang='grc' dir='ltr'><strong><em>ι</em></strong></span> <span class='ocrx_word' id='word_1_552' title='bbox 1101 1426 1161 1454; x_wconf 89' lang='grc' dir='ltr'>Τῶν</span> <span class='ocrx_word' id='word_1_553' title='bbox 1173 1427 1243 1454; x_wconf 74' lang='grc' dir='ltr'>κατὰ</span> <span class='ocrx_word' id='word_1_554' title='bbox 1253 1427 1342 1454; x_wconf 85' lang='grc' dir='ltr'>πίστιν</span> <span class='ocrx_word' id='word_1_555' title='bbox 1353 1426 1399 1454; x_wconf 71' lang='grc' dir='ltr'><strong>καὶ</strong></span> <span class='ocrx_word' id='word_1_556' title='bbox 1409 1425 1584 1460; x_wconf 78' lang='grc' dir='ltr'>ἐπαγγελίαν.</span> <span class='ocrx_word' id='word_1_557' title='bbox 1600 1424 1647 1456; x_wconf 77' lang='grc' dir='ltr'><strong>Τίς</strong></span> <span class='ocrx_word' id='word_1_558' title='bbox 1661 1424 1690 1450; x_wconf 78' lang='grc' dir='ltr'>δὲ</span> <span class='ocrx_word' id='word_1_559' title='bbox 1701 1424 1752 1450; x_wconf 80' lang='grc' dir='ltr'><strong>αὑ-</strong></span> 
     </span>
    </p>
   </div>
   <div class='ocr_carea' id='block_1_73' title="bbox 965 1469 1755 1506">
    <p class='ocr_par' dir='ltr' id='par_1_73' title="bbox 965 1469 1755 1506">
     <span class='ocr_line' id='line_1_73' title="bbox 965 1469 1755 1506; baseline -0.008 -5"><span class='ocrx_word' id='word_1_560' title='bbox 965 1472 1014 1501; x_wconf 76' lang='grc' dir='ltr'>τοῦ</span> <span class='ocrx_word' id='word_1_561' title='bbox 1028 1473 1085 1504; x_wconf 82' lang='grc' dir='ltr'><strong>υἱὸς</strong></span> <span class='ocrx_word' id='word_1_562' title='bbox 1104 1472 1148 1500; x_wconf 82' lang='grc' dir='ltr'><strong>διὰ</strong></span> <span class='ocrx_word' id='word_1_563' title='bbox 1163 1472 1282 1504; x_wconf 83' lang='grc' dir='ltr'>πίστεως</span> <span class='ocrx_word' id='word_1_564' title='bbox 1299 1472 1347 1499; x_wconf 76' lang='grc' dir='ltr'>καὶ</span> <span class='ocrx_word' id='word_1_565' title='bbox 1359 1471 1524 1506; x_wconf 75' lang='grc' dir='ltr'>ἐπαγγελίας</span> <span class='ocrx_word' id='word_1_566' title='bbox 1540 1470 1626 1501; x_wconf 67' lang='lat' dir='ltr'><strong>Satist;</strong></span> <span class='ocrx_word' id='word_1_567' title='bbox 1640 1478 1647 1502; x_wconf 91' lang='lat'><strong>;</strong></span> <span class='ocrx_word' id='word_1_568' title='bbox 1660 1469 1755 1505; x_wconf 79' lang='grc' dir='ltr'>δηλον-</span> 
     </span>
    </p>
   </div>
   <div class='ocr_carea' id='block_1_74' title="bbox 965 1511 1754 1552">
    <p class='ocr_par' dir='ltr' id='par_1_74' title="bbox 965 1511 1754 1552">
     <span class='ocr_line' id='line_1_74' title="bbox 965 1511 1754 1552; baseline -0.01 -6"><span class='ocrx_word' id='word_1_569' title='bbox 965 1518 1008 1546; x_wconf 77' lang='grc' dir='ltr'><strong>ότι</strong></span> <span class='ocrx_word' id='word_1_570' title='bbox 1037 1518 1141 1546; x_wconf 71' lang='grc' dir='ltr'>Ἰσαάκ.</span> <span class='ocrx_word' id='word_1_571' title='bbox 1164 1517 1193 1544; x_wconf 91' lang='lat'>&#39;0</span> <span class='ocrx_word' id='word_1_572' title='bbox 1217 1517 1272 1552; x_wconf 74' lang='grc' dir='ltr'><strong>γὰρ</strong></span> <span class='ocrx_word' id='word_1_573' title='bbox 1294 1516 1416 1552; x_wconf 75' lang='grc' dir='ltr'>Ὶσμαὴλ,</span> <span class='ocrx_word' id='word_1_574' title='bbox 1444 1515 1516 1542; x_wconf 77' lang='grc' dir='ltr'>κατὰ</span> <span class='ocrx_word' id='word_1_575' title='bbox 1539 1515 1628 1549; x_wconf 76' lang='grc' dir='ltr'>σάρκα</span> <span class='ocrx_word' id='word_1_576' title='bbox 1647 1511 1682 1549; x_wconf 81' lang='grc' dir='ltr'>ἦν</span> <span class='ocrx_word' id='word_1_577' title='bbox 1703 1513 1754 1539; x_wconf 74' lang='grc' dir='ltr'><strong>αὐ-</strong></span> 
     </span>
    </p>
   </div>
   <div class='ocr_carea' id='block_1_75' title="bbox 967 1556 1753 1599">
    <p class='ocr_par' dir='ltr' id='par_1_75' title="bbox 967 1556 1753 1599">
     <span class='ocr_line' id='line_1_75' title="bbox 967 1556 1753 1599; baseline -0.011 -7"><span class='ocrx_word' id='word_1_578' title='bbox 967 1564 1026 1593; x_wconf 78' lang='grc' dir='ltr'>τοῦ.</span> <span class='ocrx_word' id='word_1_579' title='bbox 1047 1573 1057 1590; x_wconf 71' lang='grc' dir='ltr'>ι</span> <span class='ocrx_word' id='word_1_580' title='bbox 1071 1565 1127 1591; x_wconf 78' lang='grc' dir='ltr'>Καὶ</span> <span class='ocrx_word' id='word_1_581' title='bbox 1142 1563 1179 1599; x_wconf 87' lang='grc' dir='ltr'><strong>μὴ</strong></span> <span class='ocrx_word' id='word_1_582' title='bbox 1194 1563 1346 1598; x_wconf 76' lang='grc' dir='ltr'><strong>ἀσθενήσας</strong></span> <span class='ocrx_word' id='word_1_583' title='bbox 1359 1563 1393 1598; x_wconf 82' lang='grc' dir='ltr'>τῇ</span> <span class='ocrx_word' id='word_1_584' title='bbox 1414 1561 1514 1588; x_wconf 83' lang='grc' dir='ltr'>πίστει.</span> <span class='ocrx_word' id='word_1_585' title='bbox 1529 1570 1538 1586; x_wconf 79' lang='grc' dir='ltr'><strong>ι</strong></span> <span class='ocrx_word' id='word_1_586' title='bbox 1556 1559 1645 1587; x_wconf 83' lang='grc' dir='ltr'>Πολλὰ</span> <span class='ocrx_word' id='word_1_587' title='bbox 1659 1559 1708 1594; x_wconf 82' lang='grc' dir='ltr'><strong>μὲν</strong></span> <span class='ocrx_word' id='word_1_588' title='bbox 1718 1556 1753 1593; x_wconf 81' lang='grc' dir='ltr'>ἦν</span> 
     </span>
    </p>
   </div>
   <div class='ocr_carea' id='block_1_76' title="bbox 968 1605 1755 1643">
    <p class='ocr_par' dir='ltr' id='par_1_76' title="bbox 968 1605 1755 1643">
     <span class='ocr_line' id='line_1_76' title="bbox 968 1605 1755 1643; baseline -0.009 -6"><span class='ocrx_word' id='word_1_589' title='bbox 968 1608 1002 1637; x_wconf 79' lang='grc' dir='ltr'><strong>τὰ</strong></span> <span class='ocrx_word' id='word_1_590' title='bbox 1016 1609 1129 1643; x_wconf 77' lang='grc' dir='ltr'>ἀσθενῆ,</span> <span class='ocrx_word' id='word_1_591' title='bbox 1155 1608 1204 1636; x_wconf 76' lang='grc' dir='ltr'>καὶ</span> <span class='ocrx_word' id='word_1_592' title='bbox 1227 1607 1364 1642; x_wconf 84' lang='grc' dir='ltr'>ἀδύναμον</span> <span class='ocrx_word' id='word_1_593' title='bbox 1391 1607 1474 1634; x_wconf 80' lang='grc' dir='ltr'>αὐτοῦ</span> <span class='ocrx_word' id='word_1_594' title='bbox 1488 1606 1537 1642; x_wconf 81' lang='grc' dir='ltr'>τὴν</span> <span class='ocrx_word' id='word_1_595' title='bbox 1554 1605 1647 1632; x_wconf 84' lang='grc' dir='ltr'>πίστιν</span> <span class='ocrx_word' id='word_1_596' title='bbox 1661 1613 1755 1639; x_wconf 85' lang='grc' dir='ltr'>παρα-</span> 
     </span>
    </p>
   </div>
   <div class='ocr_carea' id='block_1_77' title="bbox 970 1651 1754 1689">
    <p class='ocr_par' dir='ltr' id='par_1_77' title="bbox 970 1651 1754 1689">
     <span class='ocr_line' id='line_1_77' title="bbox 970 1651 1754 1689; baseline -0.009 -6"><span class='ocrx_word' id='word_1_597' title='bbox 970 1656 1136 1688; x_wconf 81' lang='grc' dir='ltr'><strong>σκευάζοντα</strong></span> <span class='ocrx_word' id='word_1_598' title='bbox 1152 1655 1287 1689; x_wconf 79' lang='grc' dir='ltr'>γενέσθαι,</span> <span class='ocrx_word' id='word_1_599' title='bbox 1301 1654 1357 1682; x_wconf 81' lang='grc' dir='ltr'>ἀλλ’</span> <span class='ocrx_word' id='word_1_600' title='bbox 1371 1653 1432 1681; x_wconf 73' lang='grc' dir='ltr'>οὐδὲ</span> <span class='ocrx_word' id='word_1_601' title='bbox 1448 1653 1515 1688; x_wconf 76' lang='grc' dir='ltr'>πρὸς</span> <span class='ocrx_word' id='word_1_602' title='bbox 1534 1652 1563 1678; x_wconf 83' lang='grc' dir='ltr'>ἒν</span> <span class='ocrx_word' id='word_1_603' title='bbox 1577 1651 1727 1686; x_wconf 79' lang='grc' dir='ltr'>ἡσῦένησεν</span> <span class='ocrx_word' id='word_1_604' title='bbox 1737 1651 1754 1685; x_wconf 80' lang='grc' dir='ltr'><strong>ἡ</strong></span> 
     </span>
    </p>
   </div>
   <div class='ocr_carea' id='block_1_78' title="bbox 968 1696 1755 1736">
    <p class='ocr_par' dir='ltr' id='par_1_78' title="bbox 968 1696 1755 1736">
     <span class='ocr_line' id='line_1_78' title="bbox 968 1696 1755 1736; baseline -0.008 -8"><span class='ocrx_word' id='word_1_605' title='bbox 968 1702 1081 1736; x_wconf 75' lang='grc' dir='ltr'>γενναία</span> <span class='ocrx_word' id='word_1_606' title='bbox 1094 1701 1177 1736; x_wconf 63' lang='grc' dir='ltr'>ψυχή.</span> <span class='ocrx_word' id='word_1_607' title='bbox 1207 1700 1318 1736; x_wconf 84' lang='grc' dir='ltr'>Πρῶτον</span> <span class='ocrx_word' id='word_1_608' title='bbox 1346 1700 1386 1727; x_wconf 78' lang='grc' dir='ltr'>ὅτι</span> <span class='ocrx_word' id='word_1_609' title='bbox 1410 1699 1478 1734; x_wconf 71' lang='grc' dir='ltr'>πρὸς</span> <span class='ocrx_word' id='word_1_610' title='bbox 1505 1698 1566 1726; x_wconf 77' lang='grc' dir='ltr'>οὐδὲ</span> <span class='ocrx_word' id='word_1_611' title='bbox 1590 1697 1618 1724; x_wconf 82' lang='grc' dir='ltr'>ἓν</span> <span class='ocrx_word' id='word_1_612' title='bbox 1633 1696 1755 1723; x_wconf 78' lang='grc' dir='ltr'>τοιοῦτον</span> 
     </span>
    </p>
   </div>
   <div class='ocr_carea' id='block_1_79' title="bbox 969 1743 1754 1782">
    <p class='ocr_par' dir='ltr' id='par_1_79' title="bbox 969 1743 1754 1782">
     <span class='ocr_line' id='line_1_79' title="bbox 969 1743 1754 1782; baseline -0.009 -8"><span class='ocrx_word' id='word_1_613' title='bbox 969 1747 1145 1782; x_wconf 79' lang='grc' dir='ltr'>παράδειγμα</span> <span class='ocrx_word' id='word_1_614' title='bbox 1160 1747 1224 1773; x_wconf 83' lang='grc' dir='ltr'>ἰδεῖν</span> <span class='ocrx_word' id='word_1_615' title='bbox 1243 1746 1368 1781; x_wconf 78' lang='grc' dir='ltr'>ἠδύνατο,</span> <span class='ocrx_word' id='word_1_616' title='bbox 1386 1745 1452 1772; x_wconf 73' lang='grc' dir='ltr'>ἀλλὰ</span> <span class='ocrx_word' id='word_1_617' title='bbox 1467 1744 1567 1780; x_wconf 86' lang='grc' dir='ltr'><strong>πρώτῳ</strong></span> <span class='ocrx_word' id='word_1_618' title='bbox 1587 1743 1661 1778; x_wconf 74' lang='grc' dir='ltr'>αὐτῷ</span> <span class='ocrx_word' id='word_1_619' title='bbox 1677 1743 1754 1777; x_wconf 82' lang='grc' dir='ltr'><strong>ἡτῆς</strong></span> 
     </span>
    </p>
   </div>
   <div class='ocr_carea' id='block_1_80' title="bbox 970 1789 1754 1828">
    <p class='ocr_par' dir='ltr' id='par_1_80' title="bbox 970 1789 1754 1828">
     <span class='ocr_line' id='line_1_80' title="bbox 970 1789 1754 1828; baseline -0.005 -9"><span class='ocrx_word' id='word_1_620' title='bbox 970 1794 1035 1828; x_wconf 85' lang='grc' dir='ltr'>παρ’</span> <span class='ocrx_word' id='word_1_621' title='bbox 1047 1793 1142 1819; x_wconf 79' lang='grc' dir='ltr'>ἐλπίδα</span> <span class='ocrx_word' id='word_1_622' title='bbox 1155 1792 1325 1823; x_wconf 78' lang='grc' dir='ltr'>παιδοποιίας</span> <span class='ocrx_word' id='word_1_623' title='bbox 1339 1792 1444 1818; x_wconf 76' lang='grc' dir='ltr'>δέδοται</span> <span class='ocrx_word' id='word_1_624' title='bbox 1470 1790 1631 1824; x_wconf 78' lang='grc' dir='ltr'>ἐπαγγελία.</span> <span class='ocrx_word' id='word_1_625' title='bbox 1657 1789 1754 1815; x_wconf 78' lang='grc' dir='ltr'>Δεύτε-</span> 
     </span>
    </p>
   </div>
   <div class='ocr_carea' id='block_1_81' title="bbox 971 1834 1756 1877">
    <p class='ocr_par' dir='ltr' id='par_1_81' title="bbox 971 1834 1756 1877">
     <span class='ocr_line' id='line_1_81' title="bbox 971 1834 1756 1877; baseline -0.01 -10"><span class='ocrx_word' id='word_1_626' title='bbox 971 1849 1029 1877; x_wconf 85' lang='grc' dir='ltr'>ρον,</span> <span class='ocrx_word' id='word_1_627' title='bbox 1042 1840 1072 1866; x_wconf 83' lang='grc' dir='ltr'><strong>τὺ</strong></span> <span class='ocrx_word' id='word_1_628' title='bbox 1083 1838 1264 1874; x_wconf 76' lang='grc' dir='ltr'>νενεκρῶσοαι</span> <span class='ocrx_word' id='word_1_629' title='bbox 1295 1837 1377 1864; x_wconf 73' lang='grc' dir='ltr'>αὑτοῦ</span> <span class='ocrx_word' id='word_1_630' title='bbox 1397 1837 1436 1872; x_wconf 84' lang='grc' dir='ltr'>τῷ</span> <span class='ocrx_word' id='word_1_631' title='bbox 1451 1837 1526 1871; x_wconf 71' lang='grc' dir='ltr'>γήρᾳ.</span> <span class='ocrx_word' id='word_1_632' title='bbox 1544 1836 1574 1862; x_wconf 83' lang='grc' dir='ltr'>τὸ</span> <span class='ocrx_word' id='word_1_633' title='bbox 1587 1835 1676 1869; x_wconf 80' lang='grc' dir='ltr'>σῶμα.</span> <span class='ocrx_word' id='word_1_634' title='bbox 1689 1834 1756 1868; x_wconf 77' lang='grc' dir='ltr'><strong>Τρῖ-</strong></span> 
     </span>
    </p>
   </div>
   <div class='ocr_carea' id='block_1_82' title="bbox 970 1880 1756 1920">
    <p class='ocr_par' dir='ltr' id='par_1_82' title="bbox 970 1880 1756 1920">
     <span class='ocr_line' id='line_1_82' title="bbox 970 1880 1756 1920; baseline -0.009 -7"><span class='ocrx_word' id='word_1_635' title='bbox 970 1895 1027 1918; x_wconf 85' lang='grc' dir='ltr'>τον,</span> <span class='ocrx_word' id='word_1_636' title='bbox 1048 1886 1078 1912; x_wconf 77' lang='grc' dir='ltr'>τὸ</span> <span class='ocrx_word' id='word_1_637' title='bbox 1105 1884 1337 1920; x_wconf 74' lang='grc' dir='ltr'>συννενεκρῶσθαι</span> <span class='ocrx_word' id='word_1_638' title='bbox 1361 1883 1411 1918; x_wconf 85' lang='grc' dir='ltr'>τὴν</span> <span class='ocrx_word' id='word_1_639' title='bbox 1432 1883 1539 1918; x_wconf 85' lang='grc' dir='ltr'>μήτραν</span> <span class='ocrx_word' id='word_1_640' title='bbox 1565 1882 1684 1917; x_wconf 72' lang='grc' dir='ltr'>Σάρῤας,</span> <span class='ocrx_word' id='word_1_641' title='bbox 1705 1880 1756 1906; x_wconf 70' lang='grc' dir='ltr'>καὶ</span> 
     </span>
    </p>
   </div>
   <div class='ocr_carea' id='block_1_83' title="bbox 970 1925 1755 1966">
    <p class='ocr_par' dir='ltr' id='par_1_83' title="bbox 970 1925 1755 1966">
     <span class='ocr_line' id='line_1_83' title="bbox 970 1925 1755 1966; baseline -0.011 -7"><span class='ocrx_word' id='word_1_642' title='bbox 970 1931 1107 1962; x_wconf 76' lang='grc' dir='ltr'><strong>ἀδυνάτως</strong></span> <span class='ocrx_word' id='word_1_643' title='bbox 1130 1930 1203 1966; x_wconf 78' lang='grc' dir='ltr'>ἔχειν</span> <span class='ocrx_word' id='word_1_644' title='bbox 1230 1929 1297 1964; x_wconf 65' lang='grc' dir='ltr'>πρὸς</span> <span class='ocrx_word' id='word_1_645' title='bbox 1312 1928 1493 1956; x_wconf 80' lang='grc' dir='ltr'>παιδοποιίαν.</span> <span class='ocrx_word' id='word_1_646' title='bbox 1510 1936 1519 1953; x_wconf 73' lang='grc' dir='ltr'>ι</span> <span class='ocrx_word' id='word_1_647' title='bbox 1542 1925 1755 1959; x_wconf 78' lang='grc' dir='ltr'>Ἐκατονταέτης</span> 
     </span>
    </p>
   </div>
   <div class='ocr_carea' id='block_1_84' title="bbox 971 1971 1756 2009">
    <p class='ocr_par' dir='ltr' id='par_1_84' title="bbox 971 1971 1756 2009">
     <span class='ocr_line' id='line_1_84' title="bbox 971 1971 1756 2009; baseline -0.011 -4"><span class='ocrx_word' id='word_1_648' title='bbox 971 1987 1034 2006; x_wconf 87' lang='grc' dir='ltr'>που.</span> <span class='ocrx_word' id='word_1_649' title='bbox 1054 1987 1063 2005; x_wconf 68' lang='grc' dir='ltr'><strong>ι</strong></span> <span class='ocrx_word' id='word_1_650' title='bbox 1076 1976 1184 2009; x_wconf 82' lang='grc' dir='ltr'>Καλῶς,</span> <span class='ocrx_word' id='word_1_651' title='bbox 1210 1975 1250 2009; x_wconf 83' lang='grc' dir='ltr'><strong>τὺ,</strong></span> <span class='ocrx_word' id='word_1_652' title='bbox 1270 1985 1279 2002; x_wconf 86' lang='grc'><strong>‹</strong></span> <span class='ocrx_word' id='word_1_653' title='bbox 1305 1973 1517 2009; x_wconf 82' lang='grc' dir='ltr'>Ἐκατονταέτης</span> <span class='ocrx_word' id='word_1_654' title='bbox 1532 1981 1598 1999; x_wconf 83' lang='grc' dir='ltr'>που·</span> <span class='ocrx_word' id='word_1_655' title='bbox 1615 1981 1624 1998; x_wconf 74' lang='grc' dir='ltr'><strong>ι</strong></span> <span class='ocrx_word' id='word_1_656' title='bbox 1646 1972 1674 1998; x_wconf 78' lang='grc' dir='ltr'>οὺ</span> <span class='ocrx_word' id='word_1_657' title='bbox 1700 1971 1756 2004; x_wconf 75' lang='grc' dir='ltr'><strong>γὰρ</strong></span> 
     </span>
    </p>
   </div>
   <div class='ocr_carea' id='block_1_85' title="bbox 970 2017 1757 2061">
    <p class='ocr_par' dir='ltr' id='par_1_85' title="bbox 970 2017 1757 2061">
     <span class='ocr_line' id='line_1_85' title="bbox 970 2017 1757 2061; baseline -0.013 -9"><span class='ocrx_word' id='word_1_658' title='bbox 970 2022 1004 2061; x_wconf 79' lang='grc' dir='ltr'>ἦν</span> <span class='ocrx_word' id='word_1_659' title='bbox 1020 2023 1225 2057; x_wconf 69' lang='grc' dir='ltr'>ὲκατονταέτης.</span> <span class='ocrx_word' id='word_1_660' title='bbox 1259 2022 1315 2049; x_wconf 79' lang='grc' dir='ltr'>ἀλλ’</span> <span class='ocrx_word' id='word_1_661' title='bbox 1343 2019 1608 2056; x_wconf 81' lang='grc' dir='ltr'>ὲννενηκονταεννέα.</span> <span class='ocrx_word' id='word_1_662' title='bbox 1630 2027 1640 2044; x_wconf 77' lang='grc' dir='ltr'>ι</span> <span class='ocrx_word' id='word_1_663' title='bbox 1657 2018 1705 2048; x_wconf 67' lang='grc' dir='ltr'><strong>Εἷς</strong></span> <span class='ocrx_word' id='word_1_664' title='bbox 1726 2017 1757 2043; x_wconf 72' lang='grc' dir='ltr'>δὲ</span> 
     </span>
    </p>
   </div>
   <div class='ocr_carea' id='block_1_86' title="bbox 971 2063 1757 2108">
    <p class='ocr_par' dir='ltr' id='par_1_86' title="bbox 971 2063 1757 2108">
     <span class='ocr_line' id='line_1_86' title="bbox 971 2063 1757 2108; baseline -0.013 -9"><span class='ocrx_word' id='word_1_665' title='bbox 971 2072 1021 2108; x_wconf 85' lang='grc' dir='ltr'>τὴν</span> <span class='ocrx_word' id='word_1_666' title='bbox 1031 2069 1197 2105; x_wconf 78' lang='grc' dir='ltr'>ἐπαγγελίαν</span> <span class='ocrx_word' id='word_1_667' title='bbox 1209 2069 1255 2095; x_wconf 81' lang='grc' dir='ltr'>τοῦ</span> <span class='ocrx_word' id='word_1_668' title='bbox 1265 2066 1344 2095; x_wconf 78' lang='grc' dir='ltr'>Θεοῦ.</span> <span class='ocrx_word' id='word_1_669' title='bbox 1360 2076 1368 2093; x_wconf 76' lang='grc' dir='ltr'><strong>ι</strong></span> <span class='ocrx_word' id='word_1_670' title='bbox 1385 2067 1422 2093; x_wconf 83' lang='grc' dir='ltr'><strong>Οὺ</strong></span> <span class='ocrx_word' id='word_1_671' title='bbox 1433 2066 1487 2101; x_wconf 84' lang='grc' dir='ltr'><strong>γὰρ</strong></span> <span class='ocrx_word' id='word_1_672' title='bbox 1498 2064 1531 2101; x_wconf 79' lang='grc' dir='ltr'>ἦν</span> <span class='ocrx_word' id='word_1_673' title='bbox 1544 2065 1631 2101; x_wconf 72' lang='grc' dir='ltr'>ἔργων</span> <span class='ocrx_word' id='word_1_674' title='bbox 1647 2063 1757 2091; x_wconf 77' lang='grc' dir='ltr'>ἀπόδει-</span> 
     </span>
    </p>
   </div>
   <div class='ocr_carea' id='block_1_87' title="bbox 972 2109 1752 2151">
    <p class='ocr_par' dir='ltr' id='par_1_87' title="bbox 972 2109 1752 2151">
     <span class='ocr_line' id='line_1_87' title="bbox 972 2109 1752 2151; baseline -0.013 -7"><span class='ocrx_word' id='word_1_675' title='bbox 972 2117 1024 2151; x_wconf 81' lang='grc' dir='ltr'>ξις,</span> <span class='ocrx_word' id='word_1_676' title='bbox 1042 2116 1109 2144; x_wconf 79' lang='grc' dir='ltr'>ἀλλὰ</span> <span class='ocrx_word' id='word_1_677' title='bbox 1122 2115 1188 2151; x_wconf 73' lang='grc' dir='ltr'>ψιλὰ</span> <span class='ocrx_word' id='word_1_678' title='bbox 1207 2115 1327 2150; x_wconf 72' lang='grc' dir='ltr'>ῥήματα.</span> <span class='ocrx_word' id='word_1_679' title='bbox 1343 2122 1352 2139; x_wconf 76' lang='grc' dir='ltr'><strong><em>ι</em></strong></span> <span class='ocrx_word' id='word_1_680' title='bbox 1369 2113 1405 2139; x_wconf 81' lang='grc' dir='ltr'><strong>Οὐ</strong></span> <span class='ocrx_word' id='word_1_681' title='bbox 1415 2111 1538 2147; x_wconf 79' lang='grc' dir='ltr'><strong>διεκρίθη</strong></span> <span class='ocrx_word' id='word_1_682' title='bbox 1546 2112 1578 2146; x_wconf 79' lang='grc' dir='ltr'>τῇ</span> <span class='ocrx_word' id='word_1_683' title='bbox 1599 2109 1724 2145; x_wconf 71' lang='grc' dir='ltr'>ἀπιστίᾳ.</span> <span class='ocrx_word' id='word_1_684' title='bbox 1743 2118 1752 2134; x_wconf 75' lang='grc' dir='ltr'><strong><em>ι</em></strong></span> 
     </span>
    </p>
   </div>
   <div class='ocr_carea' id='block_1_88' title="bbox 972 2154 1756 2195">
    <p class='ocr_par' dir='ltr' id='par_1_88' title="bbox 972 2154 1756 2195">
     <span class='ocr_line' id='line_1_88' title="bbox 972 2154 1756 2195; baseline -0.013 -5"><span class='ocrx_word' id='word_1_685' title='bbox 972 2164 1030 2190; x_wconf 72' lang='grc' dir='ltr'>Οὐκ</span> <span class='ocrx_word' id='word_1_686' title='bbox 1061 2160 1137 2188; x_wconf 79' lang='grc' dir='ltr'>εἶπεν</span> <span class='ocrx_word' id='word_1_687' title='bbox 1152 2170 1159 2177; x_wconf 87' lang='grc'>·</span> <span class='ocrx_word' id='word_1_688' title='bbox 1187 2161 1244 2187; x_wconf 69' lang='grc' dir='ltr'>Οὔκ</span> <span class='ocrx_word' id='word_1_689' title='bbox 1263 2160 1424 2195; x_wconf 69' lang='grc' dir='ltr'>ἠπίστησεν,</span> <span class='ocrx_word' id='word_1_690' title='bbox 1452 2157 1522 2190; x_wconf 79' lang='grc' dir='ltr'>ἀλλ’,</span> <span class='ocrx_word' id='word_1_691' title='bbox 1547 2165 1556 2182; x_wconf 78' lang='grc' dir='ltr'>ι</span> <span class='ocrx_word' id='word_1_692' title='bbox 1578 2156 1615 2182; x_wconf 76' lang='grc' dir='ltr'><strong>Οὐ</strong></span> <span class='ocrx_word' id='word_1_693' title='bbox 1633 2154 1756 2190; x_wconf 77' lang='grc' dir='ltr'>διεκρίθη</span> 
     </span>
    </p>
   </div>
   <div class='ocr_carea' id='block_1_89' title="bbox 133 2196 914 2244">
    <p class='ocr_par' dir='ltr' id='par_1_89' title="bbox 133 2202 914 2240">
     <span class='ocr_line' id='line_1_89' title="bbox 133 2202 914 2240; baseline -0.004 -7"><span class='ocrx_word' id='word_1_694' title='bbox 133 2206 224 2238; x_wconf 82' lang='lat' dir='ltr'><strong>dolus,</strong></span> <span class='ocrx_word' id='word_1_695' title='bbox 238 2204 320 2240; x_wconf 73' lang='lat'><strong>256</strong></span> <span class='ocrx_word' id='word_1_696' title='bbox 340 2204 388 2232; x_wconf 87' lang='lat' dir='ltr'><strong>sed</strong></span> <span class='ocrx_word' id='word_1_697' title='bbox 403 2213 414 2230; x_wconf 84' lang='grc'><strong><em>‹</em></strong></span> <span class='ocrx_word' id='word_1_698' title='bbox 429 2203 490 2231; x_wconf 88' lang='lat' dir='ltr'><strong>Non</strong></span> <span class='ocrx_word' id='word_1_699' title='bbox 502 2202 663 2236; x_wconf 65' lang='lat' dir='ltr'><strong>haesitavit,»</strong></span> <span class='ocrx_word' id='word_1_700' title='bbox 679 2202 732 2230; x_wconf 83' lang='lat' dir='ltr'><strong>hoc</strong></span> <span class='ocrx_word' id='word_1_701' title='bbox 739 2207 792 2236; x_wconf 81' lang='lat' dir='ltr'><strong>est,</strong></span> <span class='ocrx_word' id='word_1_702' title='bbox 802 2210 859 2230; x_wconf 90' lang='lat' dir='ltr'><strong>non</strong></span> <span class='ocrx_word' id='word_1_703' title='bbox 868 2210 914 2230; x_wconf 88' lang='lat' dir='ltr'><strong>va-</strong></span> 
     </span>
    </p>
   </div>
   <div class='ocr_carea' id='block_1_90' title="bbox 989 2196 1757 2244">
    <p class='ocr_par' dir='ltr' id='par_1_90' title="bbox 990 2201 1757 2244">
     <span class='ocr_line' id='line_1_90' title="bbox 990 2201 1757 2244; baseline -0.013 -8"><span class='ocrx_word' id='word_1_704' title='bbox 990 2210 1006 2244; x_wconf 82' lang='grc' dir='ltr'><strong>ᾖ</strong></span> <span class='ocrx_word' id='word_1_705' title='bbox 1021 2207 1144 2243; x_wconf 75' lang='grc' dir='ltr'>ἀπιστίᾳ,</span> <span class='ocrx_word' id='word_1_706' title='bbox 1162 2217 1171 2233; x_wconf 72' lang='grc' dir='ltr'><strong><em>ι</em></strong></span> <span class='ocrx_word' id='word_1_707' title='bbox 1190 2206 1339 2238; x_wconf 77' lang='grc' dir='ltr'>τουτέστιν,</span> <span class='ocrx_word' id='word_1_708' title='bbox 1354 2204 1414 2231; x_wconf 67' lang='grc' dir='ltr'>οὐδὲ</span> <span class='ocrx_word' id='word_1_709' title='bbox 1432 2203 1580 2229; x_wconf 80' lang='grc' dir='ltr'>ἐνεδοίασεν</span> <span class='ocrx_word' id='word_1_710' title='bbox 1607 2201 1667 2228; x_wconf 70' lang='grc' dir='ltr'>οὐδὲ</span> <span class='ocrx_word' id='word_1_711' title='bbox 1681 2201 1757 2236; x_wconf 79' lang='grc' dir='ltr'><strong>ἀμφ-</strong></span> 
     </span>
    </p>
   </div>
   <div class='ocr_carea' id='block_1_91' title="bbox 134 2247 914 2282">
    <p class='ocr_par' dir='ltr' id='par_1_91' title="bbox 134 2247 914 2282">
     <span class='ocr_line' id='line_1_91' title="bbox 134 2247 914 2282; baseline -0.005 -3"><span class='ocrx_word' id='word_1_712' title='bbox 134 2251 247 2282; x_wconf 83' lang='lat' dir='ltr'><strong>cillavit,</strong></span> <span class='ocrx_word' id='word_1_713' title='bbox 261 2258 317 2278; x_wconf 93' lang='lat' dir='ltr'><strong>non</strong></span> <span class='ocrx_word' id='word_1_714' title='bbox 337 2249 485 2278; x_wconf 84' lang='lat' dir='ltr'><strong>dubitavit.</strong></span> <span class='ocrx_word' id='word_1_715' title='bbox 516 2258 525 2275; x_wconf 78' lang='grc' dir='ltr'><strong>ι</strong></span> <span class='ocrx_word' id='word_1_716' title='bbox 545 2248 599 2276; x_wconf 89' lang='lat' dir='ltr'><strong>Sed</strong></span> <span class='ocrx_word' id='word_1_717' title='bbox 613 2248 759 2276; x_wconf 86' lang='lat' dir='ltr'><strong>roboratus</strong></span> <span class='ocrx_word' id='word_1_718' title='bbox 772 2252 815 2276; x_wconf 91' lang='lat' dir='ltr'><strong>est</strong></span> <span class='ocrx_word' id='word_1_719' title='bbox 825 2247 889 2276; x_wconf 82' lang='lat' dir='ltr'><strong>ﬁdo.</strong></span> <span class='ocrx_word' id='word_1_720' title='bbox 904 2257 914 2275; x_wconf 71' lang='grc' dir='ltr'><strong><em>ι</em></strong></span> 
     </span>
    </p>
   </div>
   <div class='ocr_carea' id='block_1_92' title="bbox 135 2293 918 2328">
    <p class='ocr_par' dir='ltr' id='par_1_92' title="bbox 135 2293 918 2328">
     <span class='ocr_line' id='line_1_92' title="bbox 135 2293 918 2328; baseline -0.005 -4"><span class='ocrx_word' id='word_1_721' title='bbox 135 2297 244 2328; x_wconf 86' lang='lat' dir='ltr'><strong>Dicens,</strong></span> <span class='ocrx_word' id='word_1_722' title='bbox 260 2295 417 2323; x_wconf 78' lang='lat' dir='ltr'><strong>Roboratus</strong></span> <span class='ocrx_word' id='word_1_723' title='bbox 430 2298 483 2326; x_wconf 85' lang='lat' dir='ltr'><strong>est,</strong></span> <span class='ocrx_word' id='word_1_724' title='bbox 511 2293 634 2322; x_wconf 84' lang='lat' dir='ltr'><strong>ostendit</strong></span> <span class='ocrx_word' id='word_1_725' title='bbox 646 2294 733 2321; x_wconf 92' lang='lat' dir='ltr'><strong>multo</strong></span> <span class='ocrx_word' id='word_1_726' title='bbox 757 2293 851 2321; x_wconf 87' lang='lat' dir='ltr'><strong>labore</strong></span> <span class='ocrx_word' id='word_1_727' title='bbox 885 2301 918 2321; x_wconf 88' lang='lat' dir='ltr'><strong>ac</strong></span> 
     </span>
    </p>
   </div>
   <div class='ocr_carea' id='block_1_93' title="bbox 133 2338 914 2374">
    <p class='ocr_par' dir='ltr' id='par_1_93' title="bbox 133 2338 914 2374">
     <span class='ocr_line' id='line_1_93' title="bbox 133 2338 914 2374; baseline -0.005 -5"><span class='ocrx_word' id='word_1_728' title='bbox 133 2342 236 2369; x_wconf 75' lang='lat' dir='ltr'><strong>virtute</strong></span> <span class='ocrx_word' id='word_1_729' title='bbox 262 2340 346 2368; x_wconf 89' lang='lat' dir='ltr'><strong>animi</strong></span> <span class='ocrx_word' id='word_1_730' title='bbox 360 2339 440 2367; x_wconf 88' lang='lat' dir='ltr'><strong>ﬁdem</strong></span> <span class='ocrx_word' id='word_1_731' title='bbox 455 2339 548 2374; x_wconf 77' lang='lat' dir='ltr'><strong>dirigi.</strong></span> <span class='ocrx_word' id='word_1_732' title='bbox 576 2347 586 2364; x_wconf 75' lang='grc' dir='ltr'><strong>ι</strong></span> <span class='ocrx_word' id='word_1_733' title='bbox 602 2338 673 2366; x_wconf 87' lang='lat' dir='ltr'><strong>Dans</strong></span> <span class='ocrx_word' id='word_1_734' title='bbox 689 2338 803 2373; x_wconf 83' lang='lat' dir='ltr'><strong>gloriam</strong></span> <span class='ocrx_word' id='word_1_735' title='bbox 832 2339 914 2366; x_wconf 65' lang='lat' dir='ltr'><strong>Deo.»</strong></span> 
     </span>
    </p>
   </div>
   <div class='ocr_carea' id='block_1_94' title="bbox 134 2383 918 2422">
    <p class='ocr_par' dir='ltr' id='par_1_94' title="bbox 134 2383 918 2422">
     <span class='ocr_line' id='line_1_94' title="bbox 134 2383 918 2422; baseline -0.008 -6"><span class='ocrx_word' id='word_1_736' title='bbox 134 2389 259 2422; x_wconf 81' lang='lat' dir='ltr'><strong>Quonam</strong></span> <span class='ocrx_word' id='word_1_737' title='bbox 274 2389 354 2422; x_wconf 89' lang='lat' dir='ltr'><strong>pacto</strong></span> <span class='ocrx_word' id='word_1_738' title='bbox 368 2385 514 2413; x_wconf 87' lang='lat' dir='ltr'><strong>roboratus</strong></span> <span class='ocrx_word' id='word_1_739' title='bbox 526 2384 589 2412; x_wconf 85' lang='lat' dir='ltr'><strong>cst?</strong></span> <span class='ocrx_word' id='word_1_740' title='bbox 604 2384 684 2416; x_wconf 85' lang='lat' dir='ltr'><strong>Dans,</strong></span> <span class='ocrx_word' id='word_1_741' title='bbox 692 2384 790 2419; x_wconf 90' lang='lat' dir='ltr'><strong>inquit,</strong></span> <span class='ocrx_word' id='word_1_742' title='bbox 804 2383 918 2419; x_wconf 83' lang='lat' dir='ltr'><strong>gloriam</strong></span> 
     </span>
    </p>
   </div>
   <div class='ocr_carea' id='block_1_95' title="bbox 135 2429 920 2465">
    <p class='ocr_par' dir='ltr' id='par_1_95' title="bbox 135 2429 920 2465">
     <span class='ocr_line' id='line_1_95' title="bbox 135 2429 920 2465; baseline -0.006 -3"><span class='ocrx_word' id='word_1_743' title='bbox 135 2435 202 2465; x_wconf 80' lang='lat' dir='ltr'><strong>Deo,</strong></span> <span class='ocrx_word' id='word_1_744' title='bbox 218 2433 272 2461; x_wconf 90' lang='lat' dir='ltr'><strong>hoc</strong></span> <span class='ocrx_word' id='word_1_745' title='bbox 282 2436 334 2465; x_wconf 85' lang='lat' dir='ltr'><strong>est,</strong></span> <span class='ocrx_word' id='word_1_746' title='bbox 349 2439 404 2459; x_wconf 94' lang='lat' dir='ltr'><strong>non</strong></span> <span class='ocrx_word' id='word_1_747' title='bbox 417 2430 525 2459; x_wconf 83' lang='lat' dir='ltr'><strong>curiose</strong></span> <span class='ocrx_word' id='word_1_748' title='bbox 534 2434 673 2458; x_wconf 84' lang='lat' dir='ltr'><strong>scrutatus</strong></span> <span class='ocrx_word' id='word_1_749' title='bbox 681 2430 819 2465; x_wconf 90' lang='lat' dir='ltr'><strong>quomodo</strong></span> <span class='ocrx_word' id='word_1_750' title='bbox 832 2429 920 2465; x_wconf 85' lang='lat' dir='ltr'><strong>possi-</strong></span> 
     </span>
    </p>
   </div>
   <div class='ocr_carea' id='block_1_96' title="bbox 134 2475 921 2512">
    <p class='ocr_par' dir='ltr' id='par_1_96' title="bbox 134 2475 921 2512">
     <span class='ocr_line' id='line_1_96' title="bbox 134 2475 921 2512; baseline -0.009 -3"><span class='ocrx_word' id='word_1_751' title='bbox 134 2481 191 2509; x_wconf 88' lang='lat' dir='ltr'><strong>bile</strong></span> <span class='ocrx_word' id='word_1_752' title='bbox 205 2483 280 2508; x_wconf 68' lang='lat' dir='ltr'><strong>csnt</strong></span> <span class='ocrx_word' id='word_1_753' title='bbox 295 2479 349 2507; x_wconf 91' lang='lat' dir='ltr'><strong>hoc</strong></span> <span class='ocrx_word' id='word_1_754' title='bbox 365 2477 435 2512; x_wconf 85' lang='lat' dir='ltr'><strong>ﬁeri,</strong></span> <span class='ocrx_word' id='word_1_755' title='bbox 451 2484 571 2512; x_wconf 86' lang='lat' dir='ltr'><strong>quonam</strong></span> <span class='ocrx_word' id='word_1_756' title='bbox 585 2480 664 2512; x_wconf 81' lang='lat' dir='ltr'><strong>pacto</strong></span> <span class='ocrx_word' id='word_1_757' title='bbox 685 2476 712 2503; x_wconf 92' lang='lat' dir='ltr'><strong>id</strong></span> <span class='ocrx_word' id='word_1_758' title='bbox 740 2475 799 2504; x_wconf 86' lang='lat' dir='ltr'><strong>ﬁeri</strong></span> <span class='ocrx_word' id='word_1_759' title='bbox 811 2475 921 2503; x_wconf 79' lang='lat' dir='ltr'><strong>contin-</strong></span> 
     </span>
    </p>
   </div>
   <div class='ocr_carea' id='block_1_97' title="bbox 136 2521 921 2563">
    <p class='ocr_par' dir='ltr' id='par_1_97' title="bbox 136 2521 921 2563">
     <span class='ocr_line' id='line_1_97' title="bbox 136 2521 921 2563; baseline -0.01 -8"><span class='ocrx_word' id='word_1_760' title='bbox 136 2530 223 2563; x_wconf 71' lang='lat' dir='ltr'><strong>geret,</strong></span> <span class='ocrx_word' id='word_1_761' title='bbox 237 2524 375 2560; x_wconf 90' lang='lat' dir='ltr'><strong>quomodo</strong></span> <span class='ocrx_word' id='word_1_762' title='bbox 397 2523 425 2551; x_wconf 88' lang='lat' dir='ltr'><strong>id</strong></span> <span class='ocrx_word' id='word_1_763' title='bbox 450 2523 552 2558; x_wconf 85' lang='lat' dir='ltr'><strong>suscipi</strong></span> <span class='ocrx_word' id='word_1_764' title='bbox 568 2527 662 2558; x_wconf 89' lang='lat' dir='ltr'><strong>posset</strong></span> <span class='ocrx_word' id='word_1_765' title='bbox 679 2529 687 2549; x_wconf 91' lang='lat'>:</span> <span class='ocrx_word' id='word_1_766' title='bbox 702 2522 749 2550; x_wconf 88' lang='lat' dir='ltr'><strong>sed</strong></span> <span class='ocrx_word' id='word_1_767' title='bbox 760 2521 921 2549; x_wconf 88' lang='lat' dir='ltr'><strong>statimcrc-</strong></span> 
     </span>
    </p>
   </div>
   <div class='ocr_carea' id='block_1_98' title="bbox 136 2565 920 2605">
    <p class='ocr_par' dir='ltr' id='par_1_98' title="bbox 136 2565 920 2605">
     <span class='ocr_line' id='line_1_98' title="bbox 136 2565 920 2605; baseline -0.009 -5"><span class='ocrx_word' id='word_1_768' title='bbox 136 2572 217 2604; x_wconf 82' lang='lat' dir='ltr'><strong>didit,</strong></span> <span class='ocrx_word' id='word_1_769' title='bbox 254 2571 396 2605; x_wconf 84' lang='lat' dir='ltr'><strong>Deumque</strong></span> <span class='ocrx_word' id='word_1_770' title='bbox 439 2568 606 2597; x_wconf 86' lang='lat' dir='ltr'><strong>collaudavit</strong></span> <span class='ocrx_word' id='word_1_771' title='bbox 635 2573 763 2603; x_wconf 89' lang='lat' dir='ltr'><strong>tanquam</strong></span> <span class='ocrx_word' id='word_1_772' title='bbox 793 2565 920 2594; x_wconf 87' lang='lat' dir='ltr'><strong>beneﬁcii</strong></span> 
     </span>
    </p>
   </div>
   <div class='ocr_carea' id='block_1_99' title="bbox 136 2611 920 2652">
    <p class='ocr_par' dir='ltr' id='par_1_99' title="bbox 136 2611 920 2652">
     <span class='ocr_line' id='line_1_99' title="bbox 136 2611 920 2652; baseline -0.009 -6"><span class='ocrx_word' id='word_1_773' title='bbox 136 2624 289 2650; x_wconf 86' lang='lat' dir='ltr'><strong>auctorem,</strong></span> <span class='ocrx_word' id='word_1_774' title='bbox 304 2625 336 2644; x_wconf 89' lang='lat' dir='ltr'><strong>ac</strong></span> <span class='ocrx_word' id='word_1_775' title='bbox 348 2616 371 2644; x_wconf 85' lang='lat' dir='ltr'><strong>si</strong></span> <span class='ocrx_word' id='word_1_776' title='bbox 389 2616 445 2652; x_wconf 83' lang='lat' dir='ltr'><strong>jam</strong></span> <span class='ocrx_word' id='word_1_777' title='bbox 465 2615 587 2644; x_wconf 85' lang='lat' dir='ltr'><strong>dedisset</strong></span> <span class='ocrx_word' id='word_1_778' title='bbox 597 2613 670 2649; x_wconf 88' lang='lat' dir='ltr'><strong>quod</strong></span> <span class='ocrx_word' id='word_1_779' title='bbox 687 2617 747 2641; x_wconf 87' lang='lat' dir='ltr'><strong>erat</strong></span> <span class='ocrx_word' id='word_1_780' title='bbox 770 2611 920 2648; x_wconf 82' lang='lat' dir='ltr'><strong>pollicitus.</strong></span> 
     </span>
    </p>
   </div>
   <div class='ocr_carea' id='block_1_100' title="bbox 138 2658 921 2692">
    <p class='ocr_par' dir='ltr' id='par_1_100' title="bbox 138 2658 921 2692">
     <span class='ocr_line' id='line_1_100' title="bbox 138 2658 921 2692; baseline -0.009 0"><span class='ocrx_word' id='word_1_781' title='bbox 138 2675 148 2691; x_wconf 72' lang='grc' dir='ltr'>ι</span> <span class='ocrx_word' id='word_1_782' title='bbox 171 2665 205 2692; x_wconf 84' lang='grc' dir='ltr'><strong>Ει</strong></span> <span class='ocrx_word' id='word_1_783' title='bbox 235 2664 336 2692; x_wconf 83' lang='lat' dir='ltr'><strong>certior</strong></span> <span class='ocrx_word' id='word_1_784' title='bbox 366 2662 454 2690; x_wconf 74' lang='lat' dir='ltr'><strong>factus</strong></span> <span class='ocrx_word' id='word_1_785' title='bbox 480 2666 534 2690; x_wconf 86' lang='lat' dir='ltr'><strong>est.</strong></span> <span class='ocrx_word' id='word_1_786' title='bbox 565 2669 573 2686; x_wconf 72' lang='grc' dir='ltr'><strong>ι</strong></span> <span class='ocrx_word' id='word_1_787' title='bbox 601 2660 660 2687; x_wconf 80' lang='lat' dir='ltr'><strong>Non</strong></span> <span class='ocrx_word' id='word_1_788' title='bbox 689 2659 767 2692; x_wconf 80' lang='lat' dir='ltr'><strong>dixit,</strong></span> <span class='ocrx_word' id='word_1_789' title='bbox 788 2658 921 2691; x_wconf 86' lang='lat' dir='ltr'><strong>Credidit,</strong></span> 
     </span>
    </p>
   </div>
   <div class='ocr_carea' id='block_1_101' title="bbox 138 2702 921 2743">
    <p class='ocr_par' dir='ltr' id='par_1_101' title="bbox 138 2702 921 2743">
     <span class='ocr_line' id='line_1_101' title="bbox 138 2702 921 2743; baseline -0.01 -7"><span class='ocrx_word' id='word_1_790' title='bbox 138 2709 187 2736; x_wconf 85' lang='lat' dir='ltr'><strong>sed</strong></span> <span class='ocrx_word' id='word_1_791' title='bbox 210 2708 307 2743; x_wconf 88' lang='lat' dir='ltr'><strong>majori</strong></span> <span class='ocrx_word' id='word_1_792' title='bbox 326 2706 461 2742; x_wconf 85' lang='lat' dir='ltr'><strong>emphasi,</strong></span> <span class='ocrx_word' id='word_1_793' title='bbox 491 2705 599 2732; x_wconf 81' lang='lat' dir='ltr'><strong>Certior</strong></span> <span class='ocrx_word' id='word_1_794' title='bbox 632 2703 722 2730; x_wconf 78' lang='lat' dir='ltr'><strong>factus</strong></span> <span class='ocrx_word' id='word_1_795' title='bbox 745 2706 797 2730; x_wconf 87' lang='lat' dir='ltr'><strong>cst.</strong></span> <span class='ocrx_word' id='word_1_796' title='bbox 820 2711 830 2728; x_wconf 85' lang='grc'><strong><em>‹</em></strong></span> <span class='ocrx_word' id='word_1_797' title='bbox 857 2702 921 2729; x_wconf 91' lang='lat' dir='ltr'><strong>ldeo</strong></span> 
     </span>
    </p>
   </div>
   <div class='ocr_carea' id='block_1_102' title="bbox 137 2747 920 2788">
    <p class='ocr_par' dir='ltr' id='par_1_102' title="bbox 137 2747 920 2788">
     <span class='ocr_line' id='line_1_102' title="bbox 137 2747 920 2788; baseline -0.008 -7"><span class='ocrx_word' id='word_1_798' title='bbox 137 2754 219 2781; x_wconf 83' lang='lat' dir='ltr'><strong>etiam</strong></span> <span class='ocrx_word' id='word_1_799' title='bbox 236 2753 398 2788; x_wconf 87' lang='lat' dir='ltr'><strong>imputatum</strong></span> <span class='ocrx_word' id='word_1_800' title='bbox 410 2755 452 2779; x_wconf 87' lang='lat' dir='ltr'><strong>est</strong></span> <span class='ocrx_word' id='word_1_801' title='bbox 466 2750 504 2777; x_wconf 91' lang='lat' dir='ltr'><strong>illi</strong></span> <span class='ocrx_word' id='word_1_802' title='bbox 522 2748 704 2784; x_wconf 84' lang='lat' dir='ltr'><strong>adjustitiam.</strong></span> <span class='ocrx_word' id='word_1_803' title='bbox 725 2757 734 2775; x_wconf 74' lang='grc' dir='ltr'>ι</span> <span class='ocrx_word' id='word_1_804' title='bbox 753 2747 837 2776; x_wconf 83' lang='lat' dir='ltr'><strong>Vides</strong></span> <span class='ocrx_word' id='word_1_805' title='bbox 847 2747 920 2783; x_wconf 88' lang='lat' dir='ltr'><strong>quod</strong></span> 
     </span>
    </p>
   </div>
   <div class='ocr_carea' id='block_1_103' title="bbox 138 2797 470 2833">
    <p class='ocr_par' dir='ltr' id='par_1_103' title="bbox 138 2797 470 2833">
     <span class='ocr_line' id='line_1_103' title="bbox 138 2797 470 2833; baseline -0.015 -6"><span class='ocrx_word' id='word_1_806' title='bbox 138 2808 152 2827; x_wconf 84' lang='lat' dir='ltr'><strong>a</strong></span> <span class='ocrx_word' id='word_1_807' title='bbox 165 2799 217 2826; x_wconf 87' lang='lat' dir='ltr'><strong>ﬁde</strong></span> <span class='ocrx_word' id='word_1_808' title='bbox 230 2799 395 2833; x_wconf 79' lang='lat' dir='ltr'><strong>justiticatus</strong></span> <span class='ocrx_word' id='word_1_809' title='bbox 407 2797 470 2824; x_wconf 83' lang='lat' dir='ltr'><strong>est?</strong></span> 
     </span>
    </p>
   </div>
   <div class='ocr_carea' id='block_1_104' title="bbox 180 2855 507 2889">
    <p class='ocr_par' dir='ltr' id='par_1_104' title="bbox 180 2855 507 2889">
     <span class='ocr_line' id='line_1_104' title="bbox 180 2855 507 2889; baseline -0.012 -6"><span class='ocrx_word' id='word_1_810' title='bbox 180 2857 201 2871; x_wconf 91' lang='grc'><strong>¹’·</strong></span> <span class='ocrx_word' id='word_1_811' title='bbox 217 2855 303 2882; x_wconf 79' lang='lat' dir='ltr'><strong>Galat.</strong></span> <span class='ocrx_word' id='word_1_812' title='bbox 320 2863 356 2889; x_wconf 77' lang='grc' dir='ltr'>ιγ,</span> <span class='ocrx_word' id='word_1_813' title='bbox 380 2855 414 2881; x_wconf 71' lang='lat'><strong>‘22</strong></span> <span class='ocrx_word' id='word_1_814' title='bbox 431 2862 507 2889; x_wconf 72' lang='lat' dir='ltr'><strong>seqq.</strong></span> 
     </span>
    </p>
   </div>
   <div class='ocr_carea' id='block_1_105' title="bbox 972 2245 1757 2285">
    <p class='ocr_par' dir='ltr' id='par_1_105' title="bbox 972 2245 1757 2285">
     <span class='ocr_line' id='line_1_105' title="bbox 972 2245 1757 2285; baseline -0.013 -3"><span class='ocrx_word' id='word_1_815' title='bbox 972 2255 1080 2282; x_wconf 78' lang='grc' dir='ltr'>έΰαλεν.</span> <span class='ocrx_word' id='word_1_816' title='bbox 1108 2263 1117 2280; x_wconf 73' lang='grc' dir='ltr'>ι</span> <span class='ocrx_word' id='word_1_817' title='bbox 1140 2252 1210 2279; x_wconf 53' lang='lat' dir='ltr'><strong>mox</strong></span> <span class='ocrx_word' id='word_1_818' title='bbox 1222 2249 1411 2285; x_wconf 77' lang='grc' dir='ltr'>ἐνεδυναμώθη</span> <span class='ocrx_word' id='word_1_819' title='bbox 1430 2250 1463 2284; x_wconf 85' lang='grc' dir='ltr'><strong>τῇ</strong></span> <span class='ocrx_word' id='word_1_820' title='bbox 1493 2248 1593 2275; x_wconf 81' lang='grc' dir='ltr'>πίστει.</span> <span class='ocrx_word' id='word_1_821' title='bbox 1626 2256 1636 2273; x_wconf 74' lang='grc' dir='ltr'><strong>ι</strong></span> <span class='ocrx_word' id='word_1_822' title='bbox 1664 2245 1757 2273; x_wconf 82' lang='grc' dir='ltr'>Εἰπὼν</span> 
     </span>
    </p>
   </div>
   <div class='ocr_carea' id='block_1_106' title="bbox 978 2293 1758 2335">
    <p class='ocr_par' dir='ltr' id='par_1_106' title="bbox 978 2293 1758 2335">
     <span class='ocr_line' id='line_1_106' title="bbox 978 2293 1758 2335; baseline -0.013 -6"><span class='ocrx_word' id='word_1_823' title='bbox 978 2299 1195 2335; x_wconf 83' lang='grc' dir='ltr'>Ἐνεδυναμώοη,</span> <span class='ocrx_word' id='word_1_824' title='bbox 1208 2297 1325 2324; x_wconf 74' lang='grc' dir='ltr'>δείκνυσι</span> <span class='ocrx_word' id='word_1_825' title='bbox 1350 2295 1439 2329; x_wconf 79' lang='grc' dir='ltr'>πολλῷ</span> <span class='ocrx_word' id='word_1_826' title='bbox 1456 2295 1569 2329; x_wconf 83' lang='grc' dir='ltr'>καμάτῳ</span> <span class='ocrx_word' id='word_1_827' title='bbox 1582 2294 1629 2320; x_wconf 64' lang='grc' dir='ltr'>καὶ</span> <span class='ocrx_word' id='word_1_828' title='bbox 1642 2293 1758 2327; x_wconf 73' lang='grc' dir='ltr'>δυνάμει</span> 
     </span>
    </p>
   </div>
   <div class='ocr_carea' id='block_1_107' title="bbox 972 2339 1757 2383">
    <p class='ocr_par' dir='ltr' id='par_1_107' title="bbox 972 2339 1757 2383">
     <span class='ocr_line' id='line_1_107' title="bbox 972 2339 1757 2383; baseline -0.011 -9"><span class='ocrx_word' id='word_1_829' title='bbox 972 2347 1061 2383; x_wconf 71' lang='grc' dir='ltr'><strong>ψυχῆς</strong></span> <span class='ocrx_word' id='word_1_830' title='bbox 1080 2343 1302 2379; x_wconf 57' lang='grc' dir='ltr'>κατορθουμένῳ]</span> <span class='ocrx_word' id='word_1_831' title='bbox 1322 2341 1371 2377; x_wconf 83' lang='grc' dir='ltr'>τὴν</span> <span class='ocrx_word' id='word_1_832' title='bbox 1395 2341 1498 2368; x_wconf 77' lang='grc' dir='ltr'>πίστιν.</span> <span class='ocrx_word' id='word_1_833' title='bbox 1515 2350 1525 2366; x_wconf 72' lang='grc' dir='ltr'><strong><em>ι</em></strong></span> <span class='ocrx_word' id='word_1_834' title='bbox 1541 2341 1608 2372; x_wconf 71' lang='lat' dir='ltr'><strong>Aab;</strong></span> <span class='ocrx_word' id='word_1_835' title='bbox 1624 2339 1703 2371; x_wconf 81' lang='grc' dir='ltr'>δόξαν</span> <span class='ocrx_word' id='word_1_836' title='bbox 1717 2339 1757 2374; x_wconf 86' lang='grc' dir='ltr'>τῷ</span> 
     </span>
    </p>
   </div>
   <div class='ocr_carea' id='block_1_108' title="bbox 973 2384 1757 2428">
    <p class='ocr_par' dir='ltr' id='par_1_108' title="bbox 973 2384 1757 2428">
     <span class='ocr_line' id='line_1_108' title="bbox 973 2384 1757 2428; baseline -0.013 -8"><span class='ocrx_word' id='word_1_837' title='bbox 973 2392 1042 2428; x_wconf 84' lang='grc' dir='ltr'>Θεῷ.</span> <span class='ocrx_word' id='word_1_838' title='bbox 1063 2391 1145 2421; x_wconf 62' lang='lat' dir='ltr'><strong>illd);</strong></span> <span class='ocrx_word' id='word_1_839' title='bbox 1175 2387 1383 2422; x_wconf 74' lang='grc' dir='ltr'>ὲνεδυναμώῡης</span> <span class='ocrx_word' id='word_1_840' title='bbox 1416 2387 1482 2418; x_wconf 72' lang='lat' dir='ltr'><strong>Aab;</strong></span> <span class='ocrx_word' id='word_1_841' title='bbox 1503 2386 1592 2419; x_wconf 79' lang='grc' dir='ltr'>δόξαν,</span> <span class='ocrx_word' id='word_1_842' title='bbox 1607 2385 1683 2421; x_wconf 80' lang='grc' dir='ltr'>φησὶ,</span> <span class='ocrx_word' id='word_1_843' title='bbox 1717 2384 1757 2419; x_wconf 82' lang='grc' dir='ltr'>τῷ</span> 
     </span>
    </p>
   </div>
   <div class='ocr_carea' id='block_1_109' title="bbox 973 2431 1758 2473">
    <p class='ocr_par' dir='ltr' id='par_1_109' title="bbox 973 2431 1758 2473">
     <span class='ocr_line' id='line_1_109' title="bbox 973 2431 1758 2473; baseline -0.01 -9"><span class='ocrx_word' id='word_1_844' title='bbox 973 2437 1044 2473; x_wconf 82' lang='grc' dir='ltr'>Θεῷ,</span> <span class='ocrx_word' id='word_1_845' title='bbox 1072 2436 1219 2466; x_wconf 74' lang='grc' dir='ltr'>τουτέστιν,</span> <span class='ocrx_word' id='word_1_846' title='bbox 1242 2434 1272 2460; x_wconf 73' lang='grc' dir='ltr'>οὐ</span> <span class='ocrx_word' id='word_1_847' title='bbox 1298 2433 1548 2469; x_wconf 74' lang='grc' dir='ltr'>περιεργασάμενος</span> <span class='ocrx_word' id='word_1_848' title='bbox 1565 2431 1624 2463; x_wconf 83' lang='grc' dir='ltr'><strong>πῶς</strong></span> <span class='ocrx_word' id='word_1_849' title='bbox 1641 2432 1758 2466; x_wconf 66' lang='grc' dir='ltr'>ἐγχωρεί</span> 
     </span>
    </p>
   </div>
   <div class='ocr_carea' id='block_1_110' title="bbox 974 2476 1756 2516">
    <p class='ocr_par' dir='ltr' id='par_1_110' title="bbox 974 2476 1756 2516">
     <span class='ocr_line' id='line_1_110' title="bbox 974 2476 1756 2516; baseline -0.01 -7"><span class='ocrx_word' id='word_1_850' title='bbox 974 2483 1054 2510; x_wconf 71' lang='grc' dir='ltr'>τοῦτο</span> <span class='ocrx_word' id='word_1_851' title='bbox 1072 2480 1208 2516; x_wconf 81' lang='grc' dir='ltr'>γενέσθαι,</span> <span class='ocrx_word' id='word_1_852' title='bbox 1236 2479 1294 2510; x_wconf 84' lang='grc' dir='ltr'><strong>πῶς</strong></span> <span class='ocrx_word' id='word_1_853' title='bbox 1316 2479 1356 2505; x_wconf 74' lang='grc' dir='ltr'>ἔνι</span> <span class='ocrx_word' id='word_1_854' title='bbox 1384 2478 1506 2509; x_wconf 80' lang='grc' dir='ltr'>δυνατὸν,</span> <span class='ocrx_word' id='word_1_855' title='bbox 1528 2476 1587 2508; x_wconf 84' lang='grc' dir='ltr'><strong>πῶς</strong></span> <span class='ocrx_word' id='word_1_856' title='bbox 1609 2476 1756 2510; x_wconf 79' lang='grc' dir='ltr'>ἐνδέχεται,</span> 
     </span>
    </p>
   </div>
   <div class='ocr_carea' id='block_1_111' title="bbox 975 2520 1759 2559">
    <p class='ocr_par' dir='ltr' id='par_1_111' title="bbox 975 2520 1759 2559">
     <span class='ocr_line' id='line_1_111' title="bbox 975 2520 1759 2559; baseline -0.011 -3"><span class='ocrx_word' id='word_1_857' title='bbox 975 2527 1034 2557; x_wconf 76' lang='grc' dir='ltr'>ἀλλ’</span> <span class='ocrx_word' id='word_1_858' title='bbox 1055 2527 1137 2559; x_wconf 80' lang='grc' dir='ltr'><strong>εὐθὺς</strong></span> <span class='ocrx_word' id='word_1_859' title='bbox 1160 2526 1307 2556; x_wconf 68' lang='grc' dir='ltr'>πιστεύεας</span> <span class='ocrx_word' id='word_1_860' title='bbox 1323 2525 1369 2552; x_wconf 76' lang='grc' dir='ltr'><strong>καὶ</strong></span> <span class='ocrx_word' id='word_1_861' title='bbox 1386 2524 1534 2558; x_wconf 82' lang='grc' dir='ltr'>εὐλογήσας</span> <span class='ocrx_word' id='word_1_862' title='bbox 1556 2521 1594 2554; x_wconf 83' lang='grc' dir='ltr'><strong>ὡς</strong></span> <span class='ocrx_word' id='word_1_863' title='bbox 1608 2520 1759 2558; x_wconf 80' lang='grc' dir='ltr'>εὐεργέτην</span> 
     </span>
    </p>
   </div>
   <div class='ocr_carea' id='block_1_112' title="bbox 974 2568 1759 2608">
    <p class='ocr_par' dir='ltr' id='par_1_112' title="bbox 974 2568 1759 2608">
     <span class='ocr_line' id='line_1_112' title="bbox 974 2568 1759 2608; baseline -0.01 -6"><span class='ocrx_word' id='word_1_864' title='bbox 974 2576 1020 2602; x_wconf 79' lang='grc' dir='ltr'>τὸν</span> <span class='ocrx_word' id='word_1_865' title='bbox 1036 2573 1113 2607; x_wconf 81' lang='grc' dir='ltr'>Θεὸν,</span> <span class='ocrx_word' id='word_1_866' title='bbox 1126 2574 1163 2605; x_wconf 80' lang='grc' dir='ltr'><strong>ὡς</strong></span> <span class='ocrx_word' id='word_1_867' title='bbox 1178 2573 1229 2608; x_wconf 75' lang='grc' dir='ltr'>ἢδη</span> <span class='ocrx_word' id='word_1_868' title='bbox 1258 2571 1392 2598; x_wconf 81' lang='grc' dir='ltr'>δεδωκότα</span> <span class='ocrx_word' id='word_1_869' title='bbox 1420 2571 1450 2597; x_wconf 82' lang='grc' dir='ltr'><strong>τδ</strong></span> <span class='ocrx_word' id='word_1_870' title='bbox 1475 2569 1654 2604; x_wconf 73' lang='grc' dir='ltr'>ἐπαγγελοέν.</span> <span class='ocrx_word' id='word_1_871' title='bbox 1674 2577 1683 2594; x_wconf 75' lang='grc' dir='ltr'><strong>ε</strong></span> <span class='ocrx_word' id='word_1_872' title='bbox 1702 2568 1759 2594; x_wconf 81' lang='grc' dir='ltr'><strong>Καὶ</strong></span> 
     </span>
    </p>
   </div>
   <div class='ocr_carea' id='block_1_113' title="bbox 976 2613 1758 2656">
    <p class='ocr_par' dir='ltr' id='par_1_113' title="bbox 976 2613 1758 2656">
     <span class='ocr_line' id='line_1_113' title="bbox 976 2613 1758 2656; baseline -0.012 -8"><span class='ocrx_word' id='word_1_873' title='bbox 976 2619 1206 2656; x_wconf 75' lang='grc' dir='ltr'>πληροφορηθείς.</span> <span class='ocrx_word' id='word_1_874' title='bbox 1227 2627 1236 2644; x_wconf 77' lang='grc' dir='ltr'><strong><em>ι</em></strong></span> <span class='ocrx_word' id='word_1_875' title='bbox 1264 2617 1321 2645; x_wconf 86' lang='grc' dir='ltr'>Οὐκ</span> <span class='ocrx_word' id='word_1_876' title='bbox 1348 2614 1408 2643; x_wconf 80' lang='grc' dir='ltr'>εἷπε</span> <span class='ocrx_word' id='word_1_877' title='bbox 1439 2615 1601 2647; x_wconf 83' lang='grc' dir='ltr'>Πιστεύσας,</span> <span class='ocrx_word' id='word_1_878' title='bbox 1631 2613 1690 2640; x_wconf 80' lang='grc' dir='ltr'>ἀλλ’</span> <span class='ocrx_word' id='word_1_879' title='bbox 1710 2614 1758 2648; x_wconf 80' lang='grc' dir='ltr'><strong>ἐμ-</strong></span> 
     </span>
    </p>
   </div>
   <div class='ocr_carea' id='block_1_114' title="bbox 976 2658 1757 2702">
    <p class='ocr_par' dir='ltr' id='par_1_114' title="bbox 976 2658 1757 2702">
     <span class='ocr_line' id='line_1_114' title="bbox 976 2658 1757 2702; baseline -0.012 -9"><span class='ocrx_word' id='word_1_880' title='bbox 976 2665 1171 2702; x_wconf 74' lang='grc' dir='ltr'>φατικώτερον,</span> <span class='ocrx_word' id='word_1_881' title='bbox 1189 2673 1199 2690; x_wconf 70' lang='grc' dir='ltr'>ι</span> <span class='ocrx_word' id='word_1_882' title='bbox 1217 2661 1444 2699; x_wconf 74' lang='grc' dir='ltr'>πληροφορηοείς.</span> <span class='ocrx_word' id='word_1_883' title='bbox 1459 2670 1468 2687; x_wconf 76' lang='grc' dir='ltr'><strong><em>ι</em></strong></span> <span class='ocrx_word' id='word_1_884' title='bbox 1490 2670 1500 2688; x_wconf 88' lang='grc'><strong><em>‹</em></strong></span> <span class='ocrx_word' id='word_1_885' title='bbox 1515 2660 1561 2687; x_wconf 85' lang='grc' dir='ltr'><strong>Διὸ</strong></span> <span class='ocrx_word' id='word_1_886' title='bbox 1571 2660 1618 2686; x_wconf 73' lang='grc' dir='ltr'>καὶ</span> <span class='ocrx_word' id='word_1_887' title='bbox 1631 2658 1757 2692; x_wconf 75' lang='grc' dir='ltr'>ἐλογίσθη</span> 
     </span>
    </p>
   </div>
   <div class='ocr_carea' id='block_1_115' title="bbox 976 2704 1759 2747">
    <p class='ocr_par' dir='ltr' id='par_1_115' title="bbox 976 2704 1759 2747">
     <span class='ocr_line' id='line_1_115' title="bbox 976 2704 1759 2747; baseline -0.01 -9"><span class='ocrx_word' id='word_1_888' title='bbox 976 2712 1051 2747; x_wconf 78' lang='grc' dir='ltr'>αὐτῷ</span> <span class='ocrx_word' id='word_1_889' title='bbox 1084 2711 1124 2743; x_wconf 84' lang='grc' dir='ltr'><strong>εἰς</strong></span> <span class='ocrx_word' id='word_1_890' title='bbox 1153 2708 1335 2745; x_wconf 76' lang='grc' dir='ltr'>δικαιοσύνην.</span> <span class='ocrx_word' id='word_1_891' title='bbox 1354 2717 1364 2735; x_wconf 73' lang='grc' dir='ltr'><strong><em>ι</em></strong></span> <span class='ocrx_word' id='word_1_892' title='bbox 1390 2708 1471 2745; x_wconf 75' lang='grc' dir='ltr'>Ὁρᾷς</span> <span class='ocrx_word' id='word_1_893' title='bbox 1497 2707 1538 2734; x_wconf 78' lang='grc' dir='ltr'>ὅτι</span> <span class='ocrx_word' id='word_1_894' title='bbox 1563 2705 1618 2734; x_wconf 80' lang='grc' dir='ltr'><strong>ἀπὸ</strong></span> <span class='ocrx_word' id='word_1_895' title='bbox 1640 2704 1759 2737; x_wconf 82' lang='grc' dir='ltr'>πίστεως</span> 
     </span>
    </p>
   </div>
   <div class='ocr_carea' id='block_1_116' title="bbox 975 2757 1136 2792">
    <p class='ocr_par' dir='ltr' id='par_1_116' title="bbox 975 2757 1136 2792">
     <span class='ocr_line' id='line_1_116' title="bbox 975 2757 1136 2792; baseline -0.019 -6"><span class='ocrx_word' id='word_1_896' title='bbox 975 2757 1116 2792; x_wconf 76' lang='grc' dir='ltr'>ἐδικαιώθη</span> <span class='ocrx_word' id='word_1_897' title='bbox 1128 2764 1136 2788; x_wconf 85' lang='grc'>;</span> 
     </span>
    </p>
   </div>
  </div>
