1878 3054
102 112 155 144 407

625 109 825 140 (ECUMENII
844 108 990 139 TRICC/E
1010 109 1182 141 EPISCOPi

1722 111 1782 144 408

102 173 184 206 longe
201 169 320 205 amplius
333 169 389 205 jam
405 167 468 197 facti
485 169 643 205 propinqui,
658 177 754 205 pacem
765 169 800 198 ad
829 177 892 198 eum

958 169 992 196 ὀὖ
1008 170 1140 206 Χριστοῦ,
1165 170 1212 198 καὶ
1235 170 1268 198 τὰ
1298 171 1375 206 ἡμῶν
1397 171 1496 207 τίθησι.
1536 170 1626 206 Πρὸς
1643 170 1708 206 γὰρ
1725 171 1779 203 τὰς

103 216 269 244 habebimus
285 215 371 251 gratia
384 215 469 250 ipsius
483 215 514 243 "’.
532 225 541 242 ι
556 216 608 243 Per
619 215 713 243 ﬁdem.
726 224 736 242 ι
754 215 808 244 Ubi
840 223 890 252 po-

104 262 206 289 suitea
237 269 298 297 quae
322 260 425 289 Christi
450 266 524 294 sunt,
558 261 636 297 ponit
661 262 744 290 etiam
769 270 801 291 ea
833 270 894 298 quae

103 313 199 336 nostra
212 312 286 335 sunt.
316 307 457 342 Siquidem
473 308 505 335 ad
518 308 669 336 ineﬁ‘abilia
694 308 796 337 Christi
821 309 893 337 dona

104 362 156 381 nos
171 358 270 389 praeter
284 353 365 381 ﬁdem
385 353 452 380 nihil
467 354 646 382 contulimus.
668 364 676 380 ι
693 354 723 382 In
739 355 810 382 hanc
833 363 895 390 gra-

105 400 184 427 tiam.
203 409 213 426 ι
240 400 308 427 Puta
338 400 411 434 quod
436 400 485 427 Dei
511 400 695 436 cognitionem
725 401 893 436 accepimus,

106 445 180 480 quod
193 445 227 472 ad
243 445 332 480 ipsum
346 446 469 478 adducti,
484 446 558 481 quod
571 447 693 482 peccatis
717 447 839 479 liberati,
866 453 894 475 et

105 499 277 527 qumcunque
296 492 410 528 largitur
424 492 569 528 baptisma.
592 493 675 529 258
703 494 780 527 Quod
800 500 893 522 autem

109 537 246 572 sequitur,
266 547 276 563 ι
300 537 444 570 Stetimus,
467 548 475 564 ι
492 538 731 567 conﬁrmationem
746 540 893 576 signiﬁcat.

111 592 121 608 ‹
137 583 166 610 In
176 583 246 610 hanc
261 583 388 618 gratiam.
401 593 410 610 ι
423 584 643 612 Demonstrative
664 585 773 613 locutus
786 591 894 626 esteo-

109 637 170 655 rum
197 629 415 665 magnitudinem
442 638 474 658 ac
499 631 705 659 multitudinem
737 631 894 668 signiﬁcans

105 675 204 709 quaein
218 675 304 711 gratia
318 676 506 705 continentur.
520 677 580 712 ipse
597 678 732 713 siquidem
766 686 894 707 accessus

104 728 149 747 res
163 725 191 748 et
208 729 305 757 magna
320 729 353 750 ac
364 722 535 755 admiranda,
552 727 580 751 et
592 728 655 752 ante
668 725 738 752 hanc
766 730 894 760 peccato—

104 775 165 793 rum
173 767 308 800 remissio,
318 775 349 795 ac
360 773 422 803 post
431 769 489 803 ipsa
504 769 580 804 regni
589 770 722 797 ctelorum
735 771 891 805 promissio.

105 810 145 836 οι)
160 819 243 845 quam
259 812 407 844 actionem,
426 812 462 840 ob
475 813 547 847 quod
576 817 682 840 rectum
714 821 783 848 opus
805 814 892 849 gratia

105 856 164 884 Inee
181 856 245 884 data
270 858 332 885 est?
355 858 390 886 ob
426 859 511 886 solam
549 859 654 887 ﬁdem:
683 864 788 888 tantum
816 861 892 888 enim

104 903 254 937 credimus,
280 908 308 932 et
319 905 411 933 omnia
427 905 506 933 nobis
533 914 583 941 per
611 906 779 941 baptismum
807 906 893 941 gratis

104 949 206 976 donata
217 955 292 978 sunt.
326 951 374 979 Vel
393 951 446 979 hoc
476 952 559 980 modo
574 961 581 979 :
596 952 831 985 Quemadmodum
864 953 891 981 in

105 995 191 1029 gratia
211 995 263 1024 hac
277 996 306 1023 in
317 1005 371 1032 qua
387 997 514 1025 stetimus
530 998 681 1034 gloriamur
694 998 730 1026 ob
746 1007 821 1034 spem
831 999 891 1034 glo-

908 847 928 874 Β

105 1041 153 1068 ria:
179 1042 238 1074 Dei,
270 1043 309 1071 ita
324 1051 434 1072 rursum
451 1045 602 1080 gloriemur
617 1045 645 1072 in
655 1045 890 1079 tribulationibus,

103 1088 223 1116 scientes
243 1090 316 1125 quod
331 1098 382 1126 per
397 1091 458 1119 illas
475 1096 502 1120 et
527 1099 576 1127 per
605 1092 764 1127 patientiam
780 1100 812 1120 ac
830 1100 893 1128 pro-

103 1134 243 1163 bationem
258 1136 292 1163 ad
307 1137 393 1172 ipsam
411 1146 485 1173 spem
499 1138 673 1167 ascendimus
687 1147 746 1174 qua:
763 1147 818 1167 non
842 1147 893 1174 pu-

103 1180 216 1208 defacit.
237 1191 246 1208 ι
269 1183 310 1210 0b
326 1191 401 1218 spem
415 1185 508 1219 gloria?
522 1185 580 1213 Dei.
601 1195 610 1212 ι
627 1186 675 1213 Vel
687 1194 741 1222 qua
753 1186 825 1214 Deus
835 1187 893 1221 glo-

103 1227 238 1261 riﬁcatur,
259 1230 302 1257 vel
317 1238 371 1266 qua
387 1239 437 1259 nos
453 1232 528 1259 Deus
547 1232 682 1268 gloriﬁcat
700 1242 706 1266 ;
724 1241 776 1260 nos
798 1237 890 1260 autem

104 1273 241 1308 gloriﬁcat
257 1275 438 1305 inenarrabili
467 1278 643 1306 acimmensa
658 1278 755 1313 gloria,
787 1278 893 1305 donans

104 1327 166 1353 qua
176 1320 316 1355 pollicitus
344 1327 406 1350 est:
430 1323 578 1358 adoptione
603 1330 634 1350 ac
658 1330 743 1358 regno
760 1322 893 1350 caelorum

104 1367 202 1403 dignos
221 1368 343 1403 ducens;
373 1374 401 1398 et
428 1371 597 1406 gloriﬁcatur
617 1371 698 1398 etiam
719 1371 787 1406 ipse,
808 1378 894 1406 quatt-

103 1420 185 1448 quam
201 1421 255 1441 non
265 1414 343 1450 juxta
359 1414 436 1443 suam
451 1416 623 1451 dignitatem,
650 1421 678 1443 at
693 1422 825 1451 quantum
845 1425 893 1444 an-

103 1460 172 1493 gelis
187 1461 386 1490 ethominibus
398 1463 530 1497 possibile
547 1467 608 1491 est:
627 1464 674 1498 qui
696 1468 798 1490 tantam
820 1464 893 1492 circa

944 217 1065 251 ἀφάτονς
1076 217 1181 253 δωρεὰς
1196 217 1244 244 τοῦ
1269 217 1398 252 Χριστοῦ,
1413 219 1493 254 ἡμεῖς
1505 218 1602 245 οὐδὲν
1625 217 1711 252 πλὴν
1727 217 1777 244 πί-

946 272 1030 295 στεως
1044 264 1211 298 ἠνέγκαμεν.
1234 273 1243 290 ι
1259 265 1307 296 Εἰς
1331 265 1381 299 τὴν
1395 265 1474 300 χάριν
1490 264 1630 299 ταύτην.
1648 273 1660 289 ›
1683 264 1776 290 Ton:-

945 310 1003 336 ἐστι
1028 310 1058 336 τὸ
1083 310 1283 346 καταξιωθῆναι
1309 311 1358 346 τῆς
1382 311 1429 338 τοῦ
1450 310 1520 338 Θεοῦ
1542 309 1710 345 γνώσεως·
1728 310 1773 342 τὺ,

944 356 1132 392 προσαχθῆναι
1144 356 1228 392 αὐτῷ·
1243 356 1283 389 τὸ,
1307 356 1450 392 ἁμαρτιῶν
1464 355 1702 389 ἀπαλλαγῆναι,
1723 354 1774 381 καὶ

944 403 994 430 ὅσα
1010 403 1040 430 τὸ
1057 403 1199 438 βάπτισμα
1210 403 1362 439 χαρίζεται.
1381 404 1417 430 Τὸ
1428 403 1467 436 δὲ,
1491 412 1500 429 ι
1512 402 1737 437 Ἐστήκαμεν,
1758 411 1768 427 ι

946 449 1109 484 βεϐαιότητα
1132 450 1217 484 δηλοῖ.
1230 466 1265 470 -
1278 449 1378 486 [ΦΩΤ.]
1400 459 1409 476 ι
1426 450 1473 481 Εἰς
1497 449 1555 484 τὴν
1583 448 1682 483 χάριν
1699 447 1772 473 ταύ-

944 503 1004 531 την.
1024 505 1034 522 ι
1051 496 1200 527 Δεικτικῶς
1218 493 1290 528 εἷπε,
1314 496 1345 522 τδ
1369 496 1484 531 μέγεθος
1503 495 1567 522 τῶν
1584 496 1770 530 ἐμπεριεχο-

946 542 1034 578 μένων
1041 543 1075 577 τῇ
1088 542 1179 577 χάριτι
1193 542 1240 569 καὶ
1258 542 1288 569 τὸ
1303 542 1404 577 πλῆθος
1415 542 1514 577 δηλῶν.
1531 542 1599 568 Καὶ
1613 541 1678 576 γὰρ
1692 541 1769 576 αὑτὴ

946 587 962 622 ἡ
982 590 1148 623 προσαγωγὴ
1174 587 1245 621 μέγα
1263 588 1310 614 καὶ
1324 586 1486 621 θαυμάσιον,
1502 586 1556 613 καὶ
1577 585 1641 621 πρὸ
1658 585 1769 612 τούτου

944 633 1026 668 ὴτῶν
1035 633 1179 667 αμαρτιῶν
1196 633 1303 667 ἄφεσις,
1326 633 1373 659 καὶ
1399 633 1467 668 μετὰ
1481 632 1578 659 ταῦτα
1598 632 1618 666 ή
1637 630 1700 657 τῶν
1716 631 1767 657 οὐ·

947 678 1036 713 ρανῶν
1051 678 1242 714 ἐπηγγελμένη
1259 678 1392 713 βασιλεία.
1409 677 1470 704 Ἐπὶ
1484 676 1554 712 ποίᾳ
1573 675 1700 711 πράξει,
1714 674 1766 701 ἐπὶ

945 724 1014 759 ποίῳ
1031 723 1224 759 κατορθώματι
1241 723 1311 758 αὕτη
1328 724 1345 758 ἡ
1364 723 1443 757 χάρις
1459 722 1539 757 ἐδόθη
1555 730 1563 754 ;
1590 721 1645 747 ἐπὶ
1665 720 1765 747 πίστει

947 771 1014 807 μόνῃ
1025 778 1032 785 ⁸
1049 769 1129 805 μόνον
1145 770 1197 805 γὰρ
1210 769 1423 804 ἐπιστεύσαμεν,
1440 768 1488 795 καὶ
1506 767 1556 794 διὰ
1574 765 1631 793 τοῦ
1653 765 1760 801 βαπτι-

947 825 1049 851 σματος
1075 816 1164 843 πάντα
1186 817 1253 851 ἡμῖν
1277 816 1293 851 ὴ
1315 816 1394 851 χάρις
1409 814 1573 850 ἐχαρίσατο.
1593 813 1635 839 Ἦ
1650 811 1760 843 οὕτως·

947 863 1053 898 Ὠσπερ
1068 863 1108 894 εἰς
1119 862 1168 897 τὴν
1178 862 1257 898 χάριν
1265 861 1365 896 ταύτην
1376 862 1404 888 ἐν
1446 860 1550 894 ἐστήκα
1556 867 1624 894 μεν,
1641 856 1760 906 www-

949 909 1019 944 μεθα
1042 909 1086 936 ἐπ’
1105 908 1194 935 ἐλπίδι
1215 908 1263 943 τῆς
1284 907 1362 942 δίξης
1379 906 1425 934 τοῦ
1449 905 1529 939 Θεοῦ,
1541 905 1642 936 οὕτως
1670 903 1763 930 πάΠν

947 955 1114 991 καυχώμεθα
1128 957 1175 982 καὶ
1199 956 1228 982 ἑν
1251 956 1311 986 ταῖς
1329 954 1462 989 θλίψεσιν,
1475 953 1583 983 εἰδότες
1597 952 1644 978 ὅτι
1657 950 1695 977 δι’
1708 949 1758 977 αῦ-

946 1002 1001 1029 τῶν
1015 1002 1062 1029 καὶ
1076 1001 1119 1028 διὰ
1130 1001 1179 1036 τῆς
1194 1001 1331 1036 ὑπομονῆς
1343 1000 1391 1027 καὶ
1400 999 1524 1034 δοκιμῆς,
1535 998 1582 1030 εἰς
1597 997 1653 1029 τὴν
1664 996 1757 1030 αὐτὴν

947 1048 1161 1082 ἀκαταίσχυντον
1174 1046 1395 1082 ὲπανατρέχομεν
1416 1045 1521 1072 ἐλπίδα.
1541 1053 1552 1070 ι
1580 1043 1648 1070 Ἐπ’
1661 1041 1754 1068 ἑλπίδι

946 1095 996 1130 τῆς
1005 1095 1084 1129 δόξης
1099 1094 1146 1120 τοῦ
1164 1093 1243 1120 Θεοῦ.
1261 1094 1313 1120 »Ἢ
1325 1093 1366 1120 ὅτι
1384 1091 1548 1124 δοξάζεταιὸ
1563 1089 1651 1122 Θεδς,
1669 1088 1687 1124 ἢ
1711 1087 1753 1114 δτι

946 1142 1052 1175 δοξάζει
1067 1141 1139 1176 ἡμᾶς
1151 1141 1164 1167 ὁ
1182 1140 1258 1173 Θεὸς,
1278 1140 1324 1167 καὶ
1339 1138 1444 1172 δοξάζει
1460 1138 1533 1173 ἡμᾶς
1562 1136 1689 1172 ἀρρήτῳ
1703 1133 1752 1160 καὶ

938 1188 1082 1223 ὑπερφυεῖ
1095 1187 1169 1223 δόξῃ,
1194 1186 1366 1222 δωρούμενος
1387 1185 1406 1212 ἃ
1425 1183 1628 1219 ἐπηγγείλατο,
1658 1180 1750 1208 υἱοθε-

948 1234 1008 1266 σίας
1021 1235 1068 1261 καὶ
1081 1233 1219 1268 βασιλείας
1228 1232 1352 1267 οὐρανῶν
1362 1231 1454 1264 ἀξιῶν.
1469 1231 1524 1257 Καὶ
1534 1229 1690 1261 δοξάζεται
1702 1226 1749 1253 καὶ

944 1279 1035 1311 αὐτὸς,
1051 1280 1075 1305 εἰ
1090 1278 1136 1306 καὶ
1155 1279 1192 1312 μὴ
1207 1279 1266 1304 κατ’
1296 1277 1385 1310 ἀξίαν,
1410 1275 1468 1302 ἀλλ’
1487 1276 1548 1302 ὅσον
1565 1274 1649 1301 ἐστὶν
1659 1271 1746 1306 ἀγγέ-

944 1326 1001 1357 λοις
1027 1325 1074 1352 καὶ
1095 1324 1248 1359 ἀνθρώποις
1272 1323 1394 1356 δυνατὸν,
1419 1321 1553 1358 τοσαύτην
1575 1318 1744 1355 φιλοτιμίαν

945 1372 1012 1407 περὶ
1020 1372 1050 1398 τὸ
1064 1370 1236 1406 ἀνθρώπινον
1251 1369 1473 1405 ἐπιδεικνύμενος
1482 1368 1574 1402 γένος,
1589 1367 1642 1394 καὶ
1655 1364 1745 1392 ταῦτα

946 1417 1083 1453 περαίνων
1097 1417 1145 1444 καὶ
1153 1417 1193 1448 εἰς
1213 1416 1292 1452 ἔργον
1310 1416 1394 1449 ἄγων,
1406 1415 1424 1442 ἃ
1441 1415 1524 1449 μόνης
1544 1413 1607 1440 ἐστὶ
1622 1412 1677 1448 τῆς
1693 1410 1744 1438 αὑ-

945 1464 992 1491 τοῦ
1006 1463 1141 1499 θειότητος
1155 1464 1202 1490 καὶ
1215 1462 1311 1498 φιλανθ
1317 1461 1421 1498 ρωπίας
1437 1461 1603 1488 ὲνδεικτικά.

104 1507 256 1536 humanum
280 1517 368 1545 genus
384 1510 543 1538 exhibuerit
555 1511 760 1544 liberalitatem;
778 1517 806 1540 et
832 1513 891 1541 haec
909 1513 1058 1549 perﬁciens
1072 1520 1105 1541 ac
1131 1512 1159 1540 in
1174 1520 1244 1547 opus
1259 1511 1408 1543 deducam,
1424 1518 1485 1546 quae
1512 1509 1603 1538 solius
1635 1506 1742 1536 divini-

104 1555 250 1583 tatisillius
261 1560 290 1584 et
323 1556 500 1593 benignitatis
524 1565 587 1593 erga
612 1558 737 1586 homines
770 1564 835 1586 sunt
858 1559 1075 1588 demonstrativa

139 1601 172 1632 V,
188 1602 247 1629 5-5.
274 1601 334 1629 Non
345 1602 431 1630 solum
448 1606 535 1629 autem
551 1603 614 1630 :xed
629 1603 777 1638 gloriamur
808 1605 835 1631 in
852 1605 893 1640 af—
907 1607 927 1635 C

103 1647 261 1681 [fictionibus
273 1656 282 1675 .'
294 1648 404 1675 scientes
418 1648 487 1683 quod
496 1649 599 1684 aﬂlictio
623 1650 780 1684 patientiam
798 1659 891 1685 opera-

105 1697 158 1725 tur,
167 1693 299 1727 patientia
309 1698 397 1720 autem
406 1694 596 1729 probationem,
607 1695 725 1730 probatio
739 1704 799 1723 vero
808 1705 890 1731 spem,

101 1746 161 1773 spes
175 1743 263 1766 autem
282 1748 334 1766 non
344 1740 498 1776 pudefatit:
525 1741 587 1776 quia
601 1742 718 1769 clmritas
749 1742 794 1770 Dei
811 1743 892 1778 eﬂ'usa

104 1790 141 1811 ίιδι
153 1785 180 1811 in
192 1785 312 1813 cordibus
325 1787 421 1814 nostris
434 1795 480 1822 per
487 1787 616 1822 Spiritum
628 1791 749 1815 sanctum
759 1789 802 1824 qui
814 1789 891 1816 datus

103 1835 142 1874 est
154 1831 238 1859 nobis.
794 1836 797 1838 ’

139 1877 198 1905 Non
216 1878 315 1911 solum.
330 1879 431 1915 inquit,
457 1879 492 1907 ob
512 1879 573 1908 data
589 1881 738 1916 futuraque
750 1880 822 1908 bona
836 1880 893 1915 glo-

103 1926 224 1953 riamur:
243 1933 338 1953 verum
352 1926 433 1954 etiam
455 1927 536 1954 initis
552 1935 613 1962 qum
640 1927 778 1954 contraria
794 1927 892 1954 viden-

105 1979 160 2005 lur,
176 1978 240 2008 puta
260 1972 466 2001 afﬂictionibus.
480 1973 568 2007 Quam
587 1973 698 2001 demum
706 1973 742 2001 ob
754 1981 865 2001 causam
881 1973 893 2000 ’ἓ

103 2019 173 2052 Quia
195 2019 228 2046 ad
243 2019 404 2054 patientiam
416 2027 467 2046 nos
478 2024 618 2047 exercent.
635 2019 711 2052 Quod
728 2024 770 2046 est
798 2023 891 2047 autem

103 2074 137 2092 ex
151 2065 283 2100 patientia
298 2065 427 2092 lucrum?
446 2064 589 2096 Probatos,
606 2064 707 2099 inquit,
722 2072 771 2091 nos
790 2064 890 2092 reddit.

103 2112 138 2138 Et
151 2118 211 2145 quze
225 2109 306 2138 nobis
322 2110 384 2137 inde
400 2110 505 2137 utilitas
518 2114 546 2138 ut
563 2110 651 2137 simus
663 2109 794 2145 probati?
809 2109 892 2144 Spem

103 2157 185 2184 nobis
201 2157 360 2184 futurorum
389 2156 527 2183 bonorum
544 2155 686 2183 conciliat.
718 2155 769 2188 Qui
798 2158 891 2182 autem

104 2204 162 2231 Inec
182 2207 275 2238 sperat
298 2209 472 2236 nequaquam
487 2201 620 2236 pndeﬁeri
643 2201 754 2236 poterit.
765 2201 832 2228 Nam
845 2200 892 2235 qui

105 2251 131 2276 in
143 2250 282 2276 hominem
310 2253 413 2283 sperat,
431 2248 556 2275 fortassis
570 2255 618 2282 spe
634 2247 762 2274 frustrari
777 2246 889 2282 poterit:

103 2295 150 2328 qui
168 2299 260 2321 autem
286 2294 314 2320 in
340 2293 438 2325 Deum,
471 2301 653 2328 nequaquam.
675 2293 888 2324 .Vcrumtamcn,

105 2340 205 2375 inquit.
221 2347 277 2366 non
295 2340 322 2367 in
343 2339 377 2366 iis
388 2339 455 2367 solis
468 2339 548 2367 bonis
559 2339 661 2374 quibus
678 2339 816 2370 stetimus.
842 2339 890 2366 sed

908 2278 929 2305 Ι)

105 2387 132 2414 in
149 2386 191 2413 his
214 2385 299 2413 etiam
316 2392 377 2420 qme
387 2390 595 2420 exspectantur,
618 2389 746 2419 tanquam
767 2385 794 2412 in
820 2393 891 2420 prm-

103 2432 230 2459 scntibus
245 2431 417 2467 gloriamur;
436 2431 488 2458 hoc
515 2431 589 2458 enim
612 2437 714 2458 exactm
744 2431 805 2459 ﬁdei
839 2436 890 2459 est.

104 2478 222 2506 Pulchre
236 2481 328 2505 autem
344 2476 451 2504 dixerat
473 2477 580 2512 glori;e.-
595 2477 663 2505 Cum
681 2477 754 2504 enim
764 2477 893 2508 accidunt

103 2531 136 2550 ea
152 2530 212 2558 qua:
224 2521 435 2557 promittuntur,
445 2526 530 2557 agunt
553 2526 582 2548 ut
601 2521 624 2548 is
649 2521 816 2556 gloriiicetur
842 2521 888 2556 qui

103 2578 135 2596 ea
154 2568 291 2603 promisit.

139 2617 221 2652 259
230 2626 238 2642 ι
250 2615 303 2644 Sed
313 2616 462 2651 gloriamur
470 2615 497 2642 in
507 2615 711 2643 amictionibns.
719 2626 727 2641 ›
740 2615 817 2642 Unde
827 2615 855 2641 ﬁt
865 2619 894 2642 ut

106 2663 134 2689 in
148 2662 345 2690 afﬂictionibus
356 2661 524 2697 gloriemur?
536 2661 604 2694 Quia
616 2661 794 2688 vehementer
808 2661 894 2687 Deum

106 2715 241 2736 amamus.
259 2708 381 2743 Quisque
395 2708 469 2735 enim
493 2712 598 2734 amator
619 2707 729 2741 gaudet.
749 2714 780 2733 ac
791 2706 892 2741 gloria-

107 2759 163 2786 tur,
182 2762 245 2781 cum
259 2762 309 2789 pro
326 2762 360 2782 eo
375 2761 457 2789 quem
478 2757 560 2783 amat.
574 2753 686 2787 patitur.
703 2753 803 2780 Verum
820 2752 892 2780 unde

143 2843 162 2858 "'
190 2842 260 2872 Ibid.
285 2843 326 2870 15.

982 1605 1024 1632 Οὐ
1035 1605 1130 1639 μόνον
1140 1604 1174 1631 δέ
1182 1612 1188 1619 ·
1213 1603 1293 1631 ἀλλὰ
1318 1603 1495 1637 καυχώμεθα
1507 1601 1542 1628 ἐν
1551 1601 1621 1634 ταῖς
1633 1601 1740 1634 θλίψε-

942 1658 996 1678 σιν
1005 1659 1012 1665 ·
1028 1651 1140 1683 ειδότες
1148 1651 1192 1677 ὅτι
1207 1651 1226 1684 ἠ
1236 1650 1340 1684 θλίψις
1352 1646 1739 1684 ὑπομονιὶινκατεργάζετοι,

944 1697 963 1730 ή
980 1695 1014 1723 δὲ
1040 1696 1190 1731 ὑπομονὴ,
1217 1696 1355 1730 δοκιμήν·
1376 1696 1396 1729 ὴ
1413 1694 1447 1721 δὲ
1470 1693 1592 1729 δοκιμὴ,
1610 1691 1736 1720 ἐλπίδα·

943 1741 962 1774 ὴ
973 1740 1006 1767 δὲ
1018 1740 1160 1774 ἐλπὶς-,οὐ
1173 1740 1378 1775 καταισχύνει,
1389 1739 1434 1766 ὅτι
1444 1739 1463 1772 ἡ
1478 1739 1582 1773 ἀγάπη
1594 1739 1647 1765 τοῦ
1663 1737 1738 1765 Θεοῦ

942 1787 1100 1822 ἐκκέχυται
1115 1787 1150 1814 ὲν
1162 1786 1227 1820 ταῖς
1239 1786 1373 1820 καρδίαις
1386 1785 1479 1820 ἡμῶν,
1492 1785 1540 1812 διὰ
1561 1784 1733 1818 [Ir-stipato;

944 1833 1030 1868 ἁγίου
1049 1832 1104 1860 τοῦ
1115 1832 1257 1865 δοθέντος
1269 1831 1351 1866 ἡμῖν.

980 1878 1017 1905 Οὐ
1039 1878 1119 1914 μόνον
1132 1878 1171 1910 δὲ,
1187 1878 1282 1913 φησὶν,
1299 1878 1346 1904 ἐπὶ
1363 1879 1419 1909 τοῖς
1427 1876 1526 1904 δοθεῖσι
1538 1876 1588 1902 καὶ
1601 1877 1659 1908 τοῖς
1673 1874 1734 1910 μέλ-

943 1925 1037 1952 λουσιν
1060 1924 1174 1959 ἀγαθοῖς
1199 1923 1376 1960 καυχώμεθα,
1392 1923 1460 1950 ἀλλὰ
1480 1924 1525 1950 καὶ
1540 1924 1569 1950 ἐν
1584 1924 1641 1954 τοῖς
1656 1923 1728 1949 ἐναν-

943 1971 1011 2002 τίοις
1023 1970 1094 1997 εἶναι
1109 1970 1233 1997 δοκοῦσιν
1245 1990 1252 2003 ,
1272 1967 1328 1996 οἷον
1345 1971 1405 2001 ταῖς
1422 1969 1538 2004 θλίψεσι.
1560 1969 1594 1995 Τί
1608 1969 1639 2003 δή
1654 1974 1732 1999 note;

943 2017 984 2043 ὅτι
1000 2016 1067 2052 πρὸς
1081 2016 1220 2051 ὑπομονὴν
1232 2016 1305 2051 ἡμᾶς
1319 2015 1468 2050 ἀλείφουσι.
1480 2015 1513 2041 Τί
1524 2014 1551 2041 δὲ
1567 2014 1618 2050 τῆς
1633 2014 1730 2047 ὑπομο-

938 2062 993 2097 ηνῆς
1005 2063 1036 2089 τὺ
1047 2062 1141 2097 κέρδος
1152 2071 1160 2096 ;
1170 2062 1398 2097 Δοκίμους,φησὶ,
1413 2062 1494 2090 ποιεῖ.
1509 2061 1541 2087 Τί
1555 2061 1584 2088 δὲ
1596 2060 1642 2087 τοῦ
1654 2058 1730 2094 γενέ-

945 2109 1006 2136 σθαι
1028 2108 1168 2143 δοκίμους,
1193 2108 1225 2135 τὸ
1250 2108 1365 2143 δφελος;
1393 2107 1505 2134 Ἐλπίδα
1528 2108 1594 2142 ἡμῖν
1610 2104 1729 2142 προξενεῖ

943 2154 997 2181 τῶν
1016 2154 1166 2189 μελλόντων
1181 2154 1300 2188 ἀγαθῶν.
1321 2154 1351 2181 '0
1376 2154 1404 2180 δέ
1436 2162 1468 2188 γε
1497 2153 1584 2180 ταῦτα
1603 2151 1726 2183 ἐλπίζων,

943 2201 994 2228 οὐκ
1010 2200 1043 2228 ἂν
1058 2201 1280 2236 καταισχυνθείη.
1305 2201 1334 2228 ⁸0
1346 2201 1395 2236 μὲν
1410 2200 1464 2235 γὰρ
1478 2200 1521 2227 ἐπ’
1537 2199 1678 2234 ἄνθρωπον
1687 2197 1725 2223 ὲλ-

944 2247 1042 2280 πιζων,
1062 2247 1126 2279 ἴσως
1146 2248 1193 2274 καὶ
1206 2247 1338 2282 ψευσθείη
1362 2247 1413 2281 τῆς
1439 2247 1559 2279 ἐλπίδος,
1591 2247 1606 2273 ὁ
1635 2245 1662 2271 δὲ
1683 2242 1725 2270 ἐπὶ

944 2294 1022 2325 Θεὸν,
1050 2294 1099 2320 οὐκ
1112 2293 1162 2320 ἔτι.
1179 2293 1262 2328 Πλὴν,
1279 2293 1309 2319 οὐ
1333 2293 1422 2327 μόνον,
1447 2293 1540 2329 φησιν,
1557 2290 1635 2324 ὲνζοῖς
1648 2290 1723 2326 ἑστή-

944 2348 1033 2375 καμεν
1046 2339 1169 2373 ἀγαθοῖς,
1187 2338 1254 2365 ἀλλὰ
1271 2339 1318 2365 καὶ
1346 2340 1376 2366 ὲν
1396 2341 1452 2371 τοῖς
1485 2339 1721 2375 προσδοκωμένοις,

945 2385 983 2416 ὡς
1003 2385 1053 2420 ἤδη
1085 2384 1204 2419 παροῦσι
1225 2383 1403 2418 καυχώμεθα.
1420 2383 1505 2410 Τοῦτο
1526 2384 1582 2418 γὰρ
1613 2383 1722 2412 πίστεως

945 2430 1086 2466 ἀκριϐοῦς.
1107 2430 1203 2462 Καλῶς
1213 2430 1242 2456 δὲ
1257 2430 1336 2465 δόξης
1360 2429 1445 2459 εἶπεν.
1476 2430 1650 2457 Ἐκὸαενοντα
1673 2427 1722 2462 γὰρ

945 2476 979 2502 τὰ
993 2475 1216 2510 ἐπαγγελλόμενα
1229 2497 1235 2508 ,
1254 2476 1413 2510 δοξάζεσθαι
1435 2477 1481 2504 τὸν
1500 2475 1722 2511 ἐπαγγειλάμενον
1765 2494 1770 2497 ρ

943 2523 1024 2548 ποιεῖ.

983 2614 1081 2651 [ΦΩΤ.]
1098 2625 1107 2641 ι
1126 2616 1205 2642 Ἀλλὰ
1234 2618 1401 2653 καυχώμεθα
1429 2620 1457 2645 ἐν
1481 2621 1540 2651 ταῖς
1570 2620 1718 2655 (ιλίψεςινιι

947 2661 1032 2688 Πόθεν
1052 2661 1219 2697 καυχώμεθα
1249 2663 1279 2690 ὲν
1303 2665 1361 2696 ταῖς
1388 2664 1525 2700 elidat-15w;
1543 2667 1605 2693 Ὀτι
1622 2665 1719 2701 ἐρῶμεν

949 2707 1052 2742 σφόδρα
1077 2707 1124 2733 τοῦ
1140 2707 1219 2734 Θεοῦ.
1246 2708 1380 2744 Ἐραστὴς
1401 2711 1455 2746 γὰρ
1477 2711 1548 2743 ἄπας
1569 2712 1656 2747 χαίρει
1678 2708 1719 2735 καὶ

948 2753 1118 2789 σεμνύνεται,
1137 2753 1218 2788 ἡνίκα
1231 2756 1328 2790 πάσχει
1344 2757 1414 2792 ὑπὲρ
1427 2755 1456 2783 οἷ
1473 2759 1533 2793 ἐρᾷ.
1551 2758 1630 2785 Ἀλλὰ
1647 2755 1719 2799 ab?”
