1878 3054
38 156 94 187 409

569 160 762 192 COMMENT.
783 161 824 192 IN
842 160 964 191 EPIST.
985 160 1036 190 AD
1054 159 1147 190 ROM.

1625 161 1684 194 410

40 218 55 244 ὁ
70 217 148 249 Seio;
166 217 236 253 ἔρως
253 219 357 250 ἐκεῖνος
372 219 529 254 ἐκκέχυται,
549 220 595 247 καὶ
616 220 681 255 ὃλην
697 221 781 256 ἑμπει

942 219 1004 246 inus
1017 218 1063 246 hic
1081 223 1159 245 amor
1173 217 1279 245 etl‘usus
1306 223 1359 251 est,
1387 222 1531 254 totumque
1544 218 1571 247 in
1587 226 1618 247 se
1633 227 1681 248 cor

40 261 116 296 ληφε
132 262 182 296 τὴν
196 262 275 297 ἡμῶν
290 263 424 298 καρδίαν;
441 264 490 291 Ἐκ
505 264 551 291 τοῦ
568 266 701 298 παναγίου
716 266 842 300 Πνεύμα-

41 317 90 340 τος
109 308 159 334 τοῦ
178 308 300 341 δοθέντος
316 310 384 345 ἡμῖν
399 318 406 324 ·
425 309 497 336 ὥστε
516 311 576 337 ὃλον
592 311 642 346 τῆς
663 311 768 339 ἄνωθεν
791 311 837 346 χάη

46 362 133 388 ριτος.
143 354 224 381 Ἀλλά
240 356 287 381 καὶ
296 355 489 390 χρεωστοῦμεν
505 357 641 392 ὑπερερᾷν
650 357 802 389 αὖτοῦ,κᾶν
815 366 841 384 τι

43 399 102 425 δέοι
123 400 235 432 παθεῖν,
256 400 293 436 μὴ
309 401 476 436 ἀφίστασθαι
492 402 538 428 τοῦ
552 402 620 437 πρὸς
636 403 717 429 αὐτὸν
729 402 840 438 ἔρωτος.

45 445 141 479 Aturi;
164 445 227 471 Ὀτι
253 446 334 478 αὐτὸς
358 447 437 482 ήμῶν
453 447 559 484 ὴράσθη
576 448 693 484 πρῶτος·
721 448 768 475 καὶ
781 448 842 475 τότε

49 491 134 525 ἡμῶν
165 492 272 527 ἐχθρῶν
300 493 347 520 καὶ
376 493 516 529 πολεμίων
546 495 734 530 ὑπαρχόντων.
768 493 842 528 Εἶδες

47 537 228 573 ὑπερϐολήνς
248 536 318 571 εἶδες
346 540 429 567 πόσον
459 541 491 568 ab
521 541 620 576 χρέος;
650 542 772 577 Πρόσθες
794 543 842 569 καὶ

45 583 76 610 τὸ
88 583 129 610 ἑτι
148 585 252 618 μεῖζον,
266 585 316 612 οὐκ
331 585 438 620 ἠράσθη
458 586 547 622 μόνον,
561 586 628 613 ἀλλὰ
644 587 691 614 καὶ
702 587 842 623 ὴτιμάσοη

47 628 121 663 ὑπὲρ
136 628 228 663 ἡμῶν,
248 629 296 656 καὶ
312 630 477 666 tegumen,
496 632 544 658 καὶ
563 632 734 668 ἐσταυρώθη,
750 633 797 660 καὶ
813 634 842 660 ἐν

48 676 162 708 νεκροῖς
174 675 312 710 ἐλογίσθη,
332 676 378 702 καὶ
393 676 436 703 διὰ
450 678 554 704 τούτων
565 678 703 711 ἁπάντων,
719 679 765 706 τὸν
779 679 843 715 περὶ

49 719 125 754 ἡμᾶς
142 720 227 747 αὐτοῦ
244 721 417 756 παρέστησεν
431 722 529 757 ἱρωτα.
547 724 579 750 Ὢ
596 723 696 759 ἔρωτος
709 724 844 759 ἀγγέλους

50 767 291 802 καταπλήξαντος,
304 768 464 804 ἀνθρώπους
478 770 518 801 εἰς
539 771 667 805 οὐρανοὺς
683 771 845 806 ἀνυψώσαν·

49 821 106 844 τος,
125 813 174 839 καὶ
201 813 336 848 δαιμόνων
363 816 508 850 τυραννίδα
536 818 779 851 καταργήσαντοςι
795 818 844 850 Τίς

50 859 174 894 ἐραστὴν
197 859 318 886 τοιοῦτον
330 861 359 887 οὗ
380 861 467 895 quisi;
486 861 586 896 μᾶλλον
597 862 624 889 δὲ
635 863 676 894 τίς
695 871 721 889 τι
738 862 845 897 πράξας

50 906 126 938 ἄξιον
143 906 200 936 Ωοῦ
240 906 401 941 τηλικούτου
426 908 525 943 Epdice;
554 909 723 943 ἐπι-τελέσει,
749 909 765 944 ἢ
792 909 843 937 κᾶν
863 905 884 932 Β

52 951 142 986 βραχὺ
158 951 224 986 γοῦν
242 952 289 979 τοῦ
305 953 402 988 χρέους
417 955 556 987 ἀποτίσεις
571 956 631 982 Κᾶν
641 955 695 991 γὰρ
713 955 846 991 μυριάκις

50 996 196 1029 ἀποθάνοι,
212 998 242 1024 οὐ
257 998 330 1033 μέγα
345 999 514 1033 εἰσήνεγκεν.
524 1000 610 1036 Ὑπὲρ
621 1001 674 1037 γὰρ
687 1001 844 1036 εὐεργέτου,

52 1043 123 1078 ὑπὲρ
136 1043 265 1079 ἐραστοῦ,
290 1045 349 1072 ἀλλ’
362 1046 412 1082 οὐχ
428 1047 498 1082 ὑπὲρ
514 1047 619 1083 ἐχθρῶν
643 1049 691 1074 καὶ
707 1047 845 1083 πολεμίων

51 1089 89 1120 ὡς
105 1090 213 1122 ἐκεῖνος
237 1091 349 1124 ἔπαθεν,
364 1093 411 1119 καὶ
430 1093 508 1127 ἡμῶν
536 1094 652 1126 ἕκαστος
675 1095 785 1130 πάσχει.
801 1094 846 1121 Διὸ

53 1136 135 1168 ἡνίκα
150 1137 304 1172 πάσχομεν,
321 1139 426 1174 χαίρειν
437 1140 582 1175 ὀφείλομεν
593 1141 640 1167 καὶ
653 1140 845 1175 σεμνύνεσθαι,
859 1141 861 1143 ’

53 1184 91 1209 ὅτι
108 1184 164 1210 κᾶν
179 1184 268 1219 βραχὺ
291 1184 366 1218 γοῦν,
392 1185 461 1221 ὑπὲρ
477 1187 637 1221 τηλικούτου
664 1187 781 1223 ἐραστοῦ
799 1188 846 1215 καὶ

54 1232 134 1264 ἡμεῖς
150 1230 250 1257 παθεῖν
264 1239 289 1258 τι
302 1231 522 1268 κατηξιώθημεν.
542 1243 551 1259 ι
569 1234 677 1265 sum;
696 1235 736 1262 ὃτι
751 1235 767 1267 ἡ
791 1234 848 1261 θλί-

53 1276 98 1311 dt;
126 1276 269 1312 ὑπομονὴν
284 1278 495 1312 κατεργάζεται.
513 1288 522 1304 ι
555 1279 616 1311 Πῶς
635 1280 801 1315 καυχώμεθα
818 1281 848 1307 ὲν

53 1323 113 1354 ταῖς
127 1321 255 1357 θλίψεσι;
273 1322 381 1355 Καλῶς,
397 1323 489 1358 φησίν.
504 1324 538 1350 Δί
552 1325 607 1359 γὰρ
620 1324 724 1360 θλίψεις
743 1325 849 1360 γυμνά-

55 1367 131 1400 {eum
147 1368 221 1403 πρὸς
246 1369 395 1404 ὑπομονήν.
422 1369 502 1396 Ἀλλὰ
517 1370 543 1397 τι
565 1371 595 1398 τὸ
611 1371 707 1406 κέρδος
719 1371 769 1405 τῆς
784 1372 849 1399 ὑπο-

56 1415 162 1449 μονῆς;
179 1414 274 1449 Μέγα,
286 1415 363 1450 φησί.
378 1416 584 1452 Δοκιμωτέρους
609 1417 664 1453 γὰρ
689 1417 848 1453 ἐργάζεται,

54 1461 151 1496 ὥσπερ
168 1462 217 1488 καὶ
232 1462 277 1489 τὸν
287 1461 387 1498 χρυσὸν
403 1463 418 1498 ή
430 1462 540 1497 χωνεία.
559 1462 591 1489 Τί
603 1463 631 1490 δὲ
643 1463 748 1498 γίνεται
761 1464 793 1492 ὲκ
802 1464 850 1492 τοῦ

54 1506 260 1542 ὢκιμωτέρους
287 1507 417 1542 ὁφθῆναι;
438 1508 508 1535 Πολὺ
530 1508 644 1542 ὕφελος·
658 1511 675 1545 ή
703 1510 756 1546 γὰρ
773 1510 850 1542 ἐλπὶς

893 269 1019 291 nostrum
1045 263 1323 298 circumassumpsit?
1338 263 1376 291 Ex
1392 263 1497 299 Spiritu
1525 269 1619 293 sancto
1635 265 1688 301 quit

893 311 975 338 datus
989 315 1032 338 est
1050 311 1148 343 nobis;
1163 315 1250 338 totum
1266 311 1358 346 itaque
1373 319 1502 347 superna).
1513 312 1608 347 gratiae
1631 317 1683 340 est.

893 357 947 385 Sed
962 361 990 384 et
1007 356 1147 384 debitores
1162 364 1259 384 sumus
1271 360 1301 383 ut
1315 363 1379 384 eum
1396 363 1478 391 supra
1495 360 1595 384 cmtera
1608 364 1684 383 ame-

893 410 966 434 mus,
993 407 1020 430 ct
1035 403 1057 429 si
1069 402 1220 438 quidquam
1234 401 1289 437 pati
1307 406 1444 437 oporteat,
1460 401 1495 429 ab
1513 409 1608 429 amore
1621 396 1685 436 ejus

893 457 1067 484 nequaquam
1097 448 1283 476 discedamus.
1303 447 1512 481 Quamobrem?
1528 447 1598 481 Quia
1625 447 1686 483 ipse

894 495 971 529 prior
986 503 1036 522 nos
1050 503 1144 522 amore
1169 500 1334 530 prosccutus
1353 499 1407 528 est,
1432 495 1515 529 idque
1539 499 1608 522 tunc
1621 501 1684 522 cum

894 541 998 568 inimici
1016 549 1049 569 ac
1068 542 1162 569 hostes
1174 549 1308 570 essemus.
1325 541 1423 569 Videu’
1445 542 1549 569 amoris
1577 541 1685 577 magni-

895 587 1043 614 tudinem?
1074 587 1171 615 Viden‘
1198 593 1333 623 quantum
1360 587 1584 616 contraxerimus
1607 586 1686 615 debio

895 632 977 659 tum?
994 633 1071 660 Adde
1097 633 1172 668 quod
1191 634 1274 661 etiam
1302 635 1391 670 majus
1420 639 1473 662 est.
1501 633 1562 661 Non
1596 633 1686 661 solum

895 686 988 705 amore
1005 679 1092 706 nostri
1107 684 1204 714 captus
1229 684 1281 712 est,
1298 688 1395 708 verum
1423 680 1507 708 etiam
1532 687 1583 715 pro
1605 679 1691 706 nobis

895 725 1074 760 ignominiam
1093 733 1202 760 passus.
1219 726 1308 761 alapis
1323 734 1411 754 caesus
1427 734 1458 755 ac
1473 726 1691 758 crucitiiusest,

896 770 1022 806 interque
1037 776 1163 799 mortuos
1174 777 1319 807 reputatus
1333 781 1340 799 :
1356 777 1384 799 et
1400 772 1444 799 his
1461 772 1594 800 omnibus
1610 778 1687 798 amo-

896 825 966 849 rem,
997 826 1080 853 quem
1108 826 1174 854 erga
1197 826 1249 846 nos
1271 819 1402 850 habebat,
1432 818 1642 847 demonstravit.
1666 816 1690 844 0

896 871 1030 894 amorem.
1056 864 1103 899 qui
1122 869 1150 892 et
1167 865 1281 898 angelos
1299 865 1328 892 in
1357 869 1500 899 stuporem
1528 864 1684 898 adduxerit,

897 915 925 938 et
940 911 1080 938 hominem
1097 911 1124 938 in
1145 911 1230 939 caelos
1246 911 1447 943 sublevaverit.
1469 911 1626 939 dmmonum
1645 915 1689 946 ty-

896 957 1041 984 rannidem
1058 957 1165 984 irritam
1184 957 1299 985 fecerit!
1316 957 1384 991 Quis
1398 957 1556 992 ltujusmodi
1586 961 1689 984 amato-

896 1011 953 1030 rem
972 1011 1026 1030 non
1040 1003 1166 1031 amabit?
1180 1003 1236 1031 imo
1251 1004 1345 1040 potius
1359 1003 1433 1039 quod
1446 1003 1501 1031 erit
1518 1011 1599 1038 opus,
1615 1001 1691 1038 quod

896 1049 1035 1084 quispiam
1060 1049 1108 1076 tali
1132 1049 1247 1085 dignum
1280 1057 1374 1077 amore
1401 1049 1538 1085 perﬁciet,
1571 1052 1619 1076 aut
1646 1048 1692 1075 vel

897 1094 1042 1128 paululum
1056 1094 1140 1122 etiam
1154 1094 1241 1122 debiti
1254 1095 1388 1130 rependet
1401 1095 1413 1121 ?
1436 1094 1504 1122 Nam
1518 1094 1572 1122 etsi
1587 1093 1693 1121 millies

897 1141 1044 1173 moriatur,
1058 1148 1112 1167 non
1127 1149 1256 1176 magnum
1270 1141 1374 1176 aliquid
1387 1141 1525 1169 attulerit.
1545 1141 1690 1176 Siquidem

897 1193 948 1220 pro
964 1185 1153 1218 benefactore,
1178 1194 1228 1221 pro
1240 1186 1340 1219 amico,
1359 1187 1443 1215 etiam
1466 1192 1593 1215 nostrum
1614 1186 1691 1222 quis-

897 1238 950 1264 que
970 1230 1109 1257 interdum
1123 1231 1227 1265 patitur
1241 1240 1247 1257 :
1263 1236 1292 1259 at
1307 1239 1362 1258 non
1377 1239 1428 1266 pro
1447 1231 1572 1259 inimicis
1596 1239 1628 1260 ac
1641 1231 1692 1258 bo-

898 1275 999 1307 stibus,
1013 1275 1086 1302 sicut
1103 1275 1149 1302 ille
1174 1283 1272 1311 passus
1300 1282 1352 1304 est.
1370 1276 1438 1304 Cum
1466 1284 1533 1312 ergo
1558 1276 1692 1312 patimur.

898 1322 1017 1358 gaudere
1031 1322 1167 1349 debemus
1191 1330 1224 1349 ac
1242 1322 1353 1357 gloriari
1373 1331 1380 1350 :
1396 1322 1470 1357 quod
1485 1322 1528 1349 vel
1547 1322 1693 1349 minimum

899 1368 1030 1403 quiddam
1046 1376 1097 1403 pro
1117 1368 1164 1395 tali
1181 1373 1304 1396 amatore
1325 1373 1353 1396 et
1365 1376 1416 1396 nos
1439 1368 1495 1403 pati
1525 1375 1694 1395 mereamur.

904 1424 914 1441 ι
933 1414 1058 1443 Scientes
1085 1414 1159 1450 quod
1194 1414 1309 1442 atllietio
1340 1414 1502 1449 patientiam
1518 1417 1661 1449 operatur.
1683 1422 1693 1439 ι

900 1461 1024 1496 Quonam
1040 1461 1123 1489 modo
1140 1461 1328 1497 gloriamurin
1336 1460 1552 1488 afﬂictionibus?
1571 1459 1696 1495 Optime,

903 1509 1006 1543 inquit;
1025 1507 1190 1535 aﬂlictiones
1214 1507 1289 1535 enim
1313 1507 1347 1534 ad
1367 1507 1529 1542 patientiam
1553 1509 1695 1534 exercent.

55 1553 135 1588 ἡμῶν
164 1553 288 1580 ἐντεῦθεν
307 1554 473 1590 ,ϐεϐαιοτέρα
495 1555 541 1581 καὶ
562 1542 754 1590 ἀσφαλεστέρα
782 1565 796 1582 κ

954 1562 1006 1581 'um
1018 1553 1116 1588 ecquid
1128 1552 1199 1580 lucri
1211 1560 1243 1580 ex
1256 1552 1389 1587 patientia
1401 1552 1412 1578 ?
1426 1552 1565 1587 Magnum,
1584 1551 1622 1578 ait
1635 1561 1642 1578 :
1656 1550 1695 1578 si-

57 1598 178 1625 ίστιται.
199 1599 247 1626 Ἐκ
264 1598 293 1625 δὲ
307 1599 420 1634 ταύτης,
436 1599 480 1632 τί,
497 1599 533 1626 Τὸ
554 1600 608 1626 πᾶν
628 1599 754 1633 ἀνύεται,
771 1600 847 1635 φησι.

57 1643 155 1677 Ποῖον;
175 1644 353 1679 Τυγχάνομεν
365 1642 402 1670 ὦν
417 1644 576 1680 ἐλπίζομεν.
610 1645 643 1671 Ἡ
667 1645 722 1679 γὰρ
739 1645 816 1678 ἐλπὶς
832 1646 849 1681 ἡ

58 1689 156 1725 βεϐαία
175 1689 222 1716 καὶ
243 1689 287 1716 διὰ
307 1690 422 1726 δοκιμῆς
444 1690 558 1726 ἀχθεῖσα
575 1691 623 1718 καὶ
640 1692 781 1726 ὑπομονῆς
803 1692 850 1718 καὶ

58 1736 187 1770 θλίψεως,
205 1736 331 1763 οὐδέποτε
350 1738 535 1772 καταισχύνει.
550 1739 604 1765 Καὶ
621 1738 672 1774 ὅρα
688 1739 747 1769 πῶς
764 1739 850 1765 εἰπὼν

58 1783 188 1817 ἀνωτέρω
212 1783 252 1809 ὅτι
268 1782 435 1818 καυχώμεθα
458 1784 502 1810 ἐπ’
517 1784 604 1811 ἐλπίδι
616 1805 624 1815 ,
647 1785 729 1812 πάλιν
743 1785 791 1812 καὶ
805 1786 850 1812 ὲν-

59 1828 146 1855 ταῦοα
161 1830 202 1860 εἰς
225 1829 322 1856 ἐλπίδα
343 1829 486 1864 κατέληξι.
512 1830 568 1857 Καὶ
588 1831 642 1866 γὰρ
664 1831 718 1857 ἀπὸ
743 1831 850 1862 ἐλπίδος

60 1875 98 1901 δεῖ
112 1875 257 1910 ἄρχεσθαι,
282 1875 329 1902 καὶ
356 1876 457 1910 ὁμοίως
487 1876 526 1908 εἰς
550 1876 645 1903 ἐλπίδα
672 1877 848 1912 καταλήγειν.

67 1922 132 1948 Ἀλλ’
146 1923 163 1957 ἡ
183 1922 233 1956 μὲν
244 1922 404 1957 ἀρχομένων
418 1923 506 1954 ἐλπὶς,
517 1923 594 1950 οὔπω
604 1923 684 1957 δῆλον
698 1924 771 1955 ὅπως
781 1923 849 1959 ἔχει.

64 1969 142 2004 μήπω
162 1968 280 2003 ολὶιζιεων
298 1969 344 1995 καὶ
354 1969 520 2004 πειρασμῶν
536 1969 757 2005 προσΰαλόντων.
781 1969 850 1996 ἰίδι

62 2014 101 2040 διὰ
114 2015 220 2041 τούτων
231 2013 374 2047 ὁδεύσασα,
389 2015 435 2041 καὶ
449 2014 657 2049 ὁοκιμασθεῖσα,
675 2015 722 2042 καὶ
734 2017 849 2050 φανεῖσα

62 2060 229 2093 ἁδίστακτος,
243 2061 289 2087 καὶ
306 2060 343 2095 μὴ
359 2060 540 2096 σαλευομένη,
557 2060 627 2095 αὕτη
643 2062 731 2088 καὶτὸ
748 2062 850 2088 τέλειον

61 2107 123 2142 ἔχει,
136 2107 184 2133 καὶ
198 2107 254 2132 τῶν
269 2106 451 2133 ἐλπισθέντων
467 2107 496 2134 ὲν
510 2107 660 2134 ἀπολαύσει
671 2107 849 2142 παρασκευά-

61 2153 109 2185 ζει.
128 2152 265 2178 Ἦλπισεν
284 2152 298 2178 ό
327 2152 452 2187 ’Λῦραὰμ
468 2152 538 2187 μετὰ
561 2152 650 2187 γῆρας
665 2152 712 2179 καὶ
739 2152 851 2187 στείρω-

900 1600 1013 1635 quidem
1025 1599 1200 1635 probatiores
1213 1591 1317 1631 Ieddit,
1327 1597 1413 1626 veluti
1426 1598 1523 1625 [οι-ηπ
1539 1597 1629 1632 ipsum
1646 1604 1696 1624 au-

900 1654 972 1673 rum.
985 1645 1056 1679 Quid
1067 1651 1160 1673 autem
1174 1645 1372 1681 consequimur
1386 1653 1420 1672 ex
1439 1652 1473 1672 eo
1495 1643 1568 1679 quod
1593 1643 1696 1679 proba-

900 1692 985 1720 tiores
996 1692 1163 1719 videamur?
1180 1692 1307 1727 Magnum
1320 1691 1401 1726 plane
1415 1690 1590 1718 commodum
1603 1698 1611 1723 ;
1633 1696 1697 1724 spes

900 1738 1005 1766 etenim
1017 1742 1111 1765 nostra
1135 1737 1242 1764 ﬁrmior
1257 1745 1289 1765 ac
1310 1737 1438 1765 stabilior
1460 1736 1598 1764 redditur.
1624 1735 1696 1769 Quid

901 1789 992 1812 autem
1011 1792 1044 1811 ex
1058 1784 1131 1811 hac?
1150 1783 1240 1811 Omne
1261 1783 1404 1819 negotium
1429 1782 1585 1818 perﬁcitur.
1611 1781 1698 1815 Quale

901 1830 1014 1857 tandem
1029 1830 1041 1857 ?
1065 1829 1132 1863 Quae
1143 1837 1288 1864 speramus
1300 1829 1486 1864 assequimur.
1501 1829 1592 1856 Firma
1618 1836 1698 1855 nam-

900 1885 954 1912 que
966 1884 1039 1911 spes,
1053 1884 1085 1903 ae
1100 1884 1148 1911 per
1158 1875 1345 1908 aﬂlictionem,
1363 1875 1527 1910 patientiam
1544 1879 1572 1902 et
1594 1874 1698 1909 proba-

901 1923 1005 1951 tionem
1022 1923 1152 1955 adducta,
1168 1931 1310 1958 nunquam
1328 1922 1479 1957 pudefacit.
1498 1921 1531 1948 Et
1543 1921 1617 1954 vide,
1634 1929 1697 1948 cum

901 1971 1032 2004 superius
1047 1968 1176 2002 dixisset,
1199 1968 1272 2003 quod
1297 1968 1332 1996 ob
1358 1975 1435 2004 spem
1455 1967 1618 2003 gloriamur,
1641 1974 1699 2002 quo

901 2015 984 2042 modo
1001 2019 1029 2042 et
1053 2014 1099 2042 hic
1117 2021 1226 2042 rursum
1251 2013 1279 2041 in
1297 2021 1374 2048 spem
1394 2012 1599 2040 terminaverit.
1627 2012 1697 2039 Nam

903 2066 1022 2096 etaspe
1045 2061 1178 2088 inchoare
1211 2065 1332 2096 oportet,
1357 2064 1386 2087 et
1411 2059 1539 2087 similiter
1566 2058 1593 2085 in
1618 2058 1702 2093 260

901 2115 980 2142 spem
996 2107 1136 2135 desinere.
1153 2107 1256 2135 Verum
1282 2113 1346 2141 spes
1363 2105 1476 2140 quidem
1503 2103 1698 2139 incipientium

901 2154 1024 2181 nondum
1049 2153 1226 2180 manifestum
1239 2157 1282 2180 cst
1297 2151 1439 2187 quomodo
1454 2158 1484 2178 se
1501 2150 1612 2181 habeat,
1633 2157 1698 2178 cum

61 2208 101 2228 σιν
117 2201 238 2235 μήτρας,
255 2199 297 2227 ὅτι
312 2199 388 2225 ἔσται
404 2200 476 2226 κατὰ
490 2199 539 2234 τὴν
567 2199 734 2233 ἐπαγγελίαν
747 2208 800 2226 πατ

955 2199 1029 2227 idum
1061 2203 1213 2226 occurrunt
1240 2197 1403 2224 aﬂlictiones
1427 2200 1475 2223 aut
1501 2194 1667 2221 tentationcs
1690 2202 1696 2221 :

61 2247 135 2280 Μέγα
155 2246 220 2281 μὲν,
235 2245 294 2272 ἀλλ’
310 2246 360 2280 οὐχ
372 2243 428 2272 οἷον
449 2246 520 2280 μετά
533 2245 583 2281 τὴν
608 2245 735 2281 δοκιμήν.
758 2246 850 2274 Ἐπεί-

63 2301 143 2328 ρασεν
160 2292 244 2318 αὑτὸν
262 2293 276 2318 ὁ
291 2291 357 2323 Θεὸς
371 2291 420 2318 καὶ
446 2291 598 2327 ὲχώνευσεν
618 2291 656 2322 ὡς
675 2290 783 2326 ἀληθῶς
796 2300 851 2326 χω.

62 2339 134 2366 νείαν
161 2337 285 2373 φρικτὴν
299 2337 347 2365 καὶ
362 2337 495 2373 φοϐερὰν,
512 2337 568 2372 πῦρ
583 2338 639 2369 τοῖς
654 2337 781 2371 ὲγκάτοις
803 2336 853 2371 ὐφ-

62 2388 141 2421 6;“,
152 2387 197 2413 ὅτε
209 2385 310 2421 σφάξαι
321 2385 471 2421 προσέταξε
485 2385 531 2412 τὸν
546 2385 614 2412 υίόν·
630 2385 731 2417 ἔδειξεν
748 2385 852 2416 ἐκεῖνος

63 2436 105 2460 καὶ
116 2434 161 2460 διὰ
174 2433 290 2464 τούτων,
306 2433 456 2460 ἀσάλευτον
469 2432 515 2459 καὶ
527 2432 668 2467 σταθηράν
677 2432 727 2467 τὴν
743 2431 852 2458 ἐλπίδα.

66 2479 183 2514 Ἐὂραμε
197 2478 251 2512 γὰρ
268 2477 367 2512 σφάξαι
380 2477 427 2504 τὸν
440 2477 510 2509 υἱὸν,
522 2477 569 2503 καὶ
581 2477 630 2503 οὐκ
645 2476 767 2510 ἑδίσταξε
781 2476 853 2511 λογι-

66 2525 190 2558 σάμενος,
207 2523 269 2554 Πῶς
290 2521 338 2549 οὖν
361 2522 459 2557 ἔσομαι
474 2523 567 2558 πατήρ
579 2531 587 2556 ;
601 2522 686 2550 Τοῦτο
697 2522 853 2557 ὑπερμεγέ-

67 2570 112 2605 θης
128 2569 166 2601 ὡς
185 2568 295 2604 ἀληθῶς
309 2568 398 2600 ἐλπὶς,
414 2568 456 2595 διὸ
473 2568 521 2595 καὶ
533 2568 663 2603 τυγχάνει
679 2563 716 2594 ὧν
728 2568 853 2603 ἡλπισεν.

69 2625 77 2641 ι
98 2617 129 2643 Ἦ
142 2616 172 2643 δὲ
188 2615 287 2650 δοκιμὴ
302 2615 408 2642 ἐλπίδα.
424 2623 433 2640 ι
454 2614 525 2650 Ἀρα
541 2623 572 2648 γε
589 2614 614 2640 oi
630 2612 708 2648 κακῷ
721 2613 854 2640 συνειδότι

67 2663 254 2697 πληττόμενοι.
275 2661 334 2688 οὐδὲ
349 2660 506 2692 ἐλπίζουσιν
527 2659 663 2687 ἀντίδοσιν
688 2651 791 2693 ἀγαθοῦ
807 2660 853 2686 καὶ

68 2709 160 2736 κακοῦ.
176 2709 210 2735 ’0
221 2707 276 2742 γὰρ
290 2707 415 2742 βούλεται
437 2707 562 2738 ἕκαστος,
576 2706 656 2734 τοῦτο
675 2705 722 2732 κᾱὶ
736 2706 851 2741 νομίζει.

71 2765 79 2782 ι
91 2756 149 2783 Ὀτι
163 2756 180 2790 ἡ
197 2755 293 2789 ἀγάπη
306 2753 354 2780 τοῦ
366 2753 445 2781 Θεοῦ.
466 2762 475 2779 ι
491 2754 545 2780 Καὶ
563 2753 645 2780 πόθεν
657 2752 748 2788 δῆλον,
761 2753 854 2789 φησὶν,

69 2803 105 2828 ὅτι
117 2804 174 2828 ἐκεῖ
185 2801 267 2828 δώσει
283 2801 348 2835 ἡμῖν
362 2800 454 2834 ἀγαθὰ
467 2801 481 2826 ὸ
491 2796 573 2831 ’Θεόκ
589 2800 693 2832 Πόθενς
718 2799 748 2832 ἐξ
761 2796 799 2826 ὧν
812 2800 858 2826 ὲν-

70 2849 151 2875 τσῦοα
165 2849 277 2874 δέδωκε.
291 2847 324 2874 Τί
336 2847 365 2874 δὲ
377 2846 461 2873 ἔδωκε
473 2854 480 2877 ;
496 2846 532 2872 Τὸ
545 2845 666 2881 Πνεῦμα,
679 2847 771 2881 φησιν,
786 2846 854 2881 ὅπερ

75 2896 103 2925 ix
117 2896 200 2932 μόνης
212 2894 322 2928 ἀγάπης
338 2893 405 2920 Θεοῦ
460 2893 602 2928 ἠγάπησεν
623 2894 695 2928 ἡμᾶς
709 2893 853 2928 ἐκφοίτη-

903 2253 965 2281 quae
1000 2253 1068 2272 vero
1093 2252 1144 2279 per
1166 2244 1216 2271 has
1239 2243 1377 2273 transivit,
1403 2241 1574 2276 probataque
1598 2245 1650 2272 est,
1666 2247 1700 2267 ao

904 2291 1080 2319 manifestata
1094 2289 1168 2324 quod
1184 2289 1287 2316 nullam
1301 2288 1401 2316 habeat
1414 2286 1634 2322 ambiguitatem,
1646 2293 1700 2313 nec

904 2338 1042 2374 ﬂuctuat:
1060 2337 1119 2364 ltaac
1141 2341 1170 2363 et
1197 2334 1395 2370 perfectionem
1419 2333 1513 2364 habet.
1535 2337 1563 2360 et
1580 2340 1641 2360 eam
1670 2332 1698 2360 in

903 2383 1036 2410 fruitione
1050 2390 1147 2410 eorum
1175 2388 1236 2416 quas
1250 2378 1397 2415 sperantur
1424 2378 1544 2413 reponit.
1572 2377 1700 2412 Speravit

904 2429 1042 2457 Abraham
1055 2432 1118 2464 post
1131 2430 1316 2458 senectutem,
1330 2433 1362 2452 ac
1374 2424 1499 2452 matricis
1509 2424 1698 2454 sterilitatem.

904 2475 1065 2511 quodjuata
1079 2473 1290 2510 promissionem
1310 2471 1422 2499 futurus
1447 2475 1521 2499 esset
1538 2475 1626 2506 pater.
1643 2470 1699 2497 Ma-

905 2530 988 2558 gnum
1005 2522 1115 2557 quidem
1128 2521 1192 2553 hoc,
1206 2524 1234 2548 at
1246 2525 1301 2547 non
1315 2518 1397 2552 quale
1408 2522 1471 2552 post
1490 2516 1694 2552 probationem.

905 2568 1035 2596 Tentavit
1046 2568 1124 2595 illum
1141 2566 1214 2594 Deus
1226 2569 1254 2593 et
1267 2563 1470 2600 quodammodo
1481 2561 1620 2593 conﬂavit,
1633 2567 1701 2588 vero

906 2614 1043 2642 horrenda
1057 2612 1176 2648 quadam
1187 2619 1219 2639 ac
1228 2609 1360 2639 .terribilll
1377 2609 1490 2637 fornace
1516 2617 1523 2635 :
1548 2608 1610 2643 igne
1627 2607 1700 2634 inte-

906 2661 964 2688 rius
979 2667 1108 2692 accenso,
1125 2658 1238 2694 quando
1258 2657 1345 2684 tilium
1365 2656 1462 2691 jussus
1492 2658 1535 2682 est
1560 2652 1696 2688 jugulare.

906 2706 1032 2735 Ostendit
1045 2706 1091 2733 illc
1103 2713 1152 2740 per
1165 2705 1224 2732 htec
1241 2704 1436 2731 inconcussam
1460 2700 1644 2733 stabilemque
1658 2697 1693 2725 ﬁn

907 2753 982 2782 dem.
1002 2752 1135 2780 Cucurrit
1149 2752 1224 2779 enim
1237 2754 1267 2777 ut
1280 2749 1367 2777 (ilium
1395 2747 1535 2783 jugularet
1558 2753 1565 2772 :
1583 2752 1635 2772 nec
1652 2752 1700 2771 va-

907 2800 1020 2828 cillabat
1045 2799 1117 2826 intra
1144 2805 1173 2825 se
1199 2792 1505 2831 cogitans:Quomodo
1536 2798 1602 2825 ergo
1623 2796 1702 2825 pater

909 2846 978 2872 ero?
1003 2845 1031 2872 ld
1051 2852 1117 2872 sane
1134 2842 1262 2871 maxima:
1287 2845 1330 2869 est
1352 2837 1513 2866 ﬁdei:ideo
1535 2837 1617 2865 etiam
1639 2844 1700 2872 qua:

909 2892 1035 2928 sperabat
1058 2895 1099 2918 est
1126 2893 1305 2917 assecutusu.
1329 2885 1458 2915 Probatio
1487 2892 1552 2913 vero
1580 2891 1666 2917 spem.
1685 2892 1693 2908 ι
