1878 3054
154 114 204 149 411

683 117 881 149 (ECUMENII
901 118 963 148 Tl’tl
970 118 1045 148 CC.E
1062 119 1230 150 EPISCOI’I

1738 119 1791 152 412

153 176 235 204 Certe
247 175 294 211 qui
312 183 397 211 prava
423 176 602 204 stimulantur
620 177 800 209 conscientia,
818 185 852 204 ne
872 185 936 212 spc—

1001 185 1034 202 rsv
1062 178 1138 212 ἡμῖν.
1167 177 1205 205 Οὐ
1235 178 1288 214 γὰρ
1317 179 1396 213 ἡμεῖς
1422 177 1538 209 οἰκείους
1569 176 1786 212 κατορθώμασιν

155 226 218 250 rant
242 222 355 257 quidem
379 223 446 250 boni
471 230 502 250 ac
531 220 596 249 mali
625 222 846 250 retributionetn.
873 222 940 250 Nam

155 268 274 303 quisque
302 268 376 303 quod
402 268 490 303 cupit,
521 269 574 296 hoc
596 268 679 296 etiam
707 268 761 296 sibi
781 269 939 303 persuadet.

159 323 168 338 ‹
187 313 256 346 Quia
268 313 388 341 charitas
402 313 461 341 Dei.
479 323 487 339 ι
505 313 539 340 Ει
553 314 635 345 unde,
647 313 748 348 inquit,
767 314 941 341 manifestum

157 366 201 387 est
216 361 288 394 quod
302 361 374 387 Deus
395 361 433 387 ibi
458 360 573 388 daturus
590 360 626 387 sit
639 360 720 387 nobis
733 360 825 387 bona?
845 360 944 387 Unde?

156 405 195 432 Ex
210 405 252 432 his
268 412 328 439 qua:
339 405 383 432 hic
401 404 486 432 dedit.
500 404 570 438 Quid
582 409 672 432 autem
688 404 786 432 dedit?
801 404 945 439 Spiritum,

162 449 211 480 ait,
231 449 280 484 qui
296 457 329 477 ex
349 450 408 477 sola
421 449 470 477 Dei
486 449 634 477 dilectione
647 457 701 484 qua
723 457 774 476 nos
790 449 894 481 dilexit,
917 449 945 476 in

156 504 207 523 nos
217 496 395 530 supervenit;
411 503 501 530 neque
510 496 584 523 enim
598 503 648 523 nos
661 495 781 530 propriis
791 495 872 522 bonis
879 502 946 530 ope-

993 223 1209 258 ὲπεσπασᾱμεθα
1231 225 1279 258 τὴν
1296 225 1375 259 χάριν
1395 223 1442 250 τοῦ
1465 223 1640 258 Πνεύματος.
1660 232 1670 248 ι
1693 223 1786 249 Ἐκκὲ-

993 278 1081 304 χυται.
1102 279 1111 294 ι
1133 270 1227 302 Καλῶς
1244 270 1272 296 δὲ
1296 271 1344 306 τὴν
1358 271 1468 305 ἀγάπην
1496 270 1541 296 τοῦ
1556 269 1642 301 Θεοῦ,
1657 269 1673 304 ἣ
1688 270 1787 304 ἐστινή

993 315 1066 346 δόσις
1100 315 1146 341 τοῦ
1183 316 1361 351 Ιῐνεύματος,
1395 314 1473 342 εἶπεν
1504 315 1703 350 ὲκκεχύσθαιῗ,
1735 313 1787 342 οἷον

994 361 1111 395 δαψιλῶς
1140 361 1272 389 δεδόσθαι.
1303 371 1312 388 ‹
1348 361 1392 388 Ἑν
1416 363 1477 394 ταῖς
1503 362 1632 396 καρδίαις
1663 361 1754 396 ἡμῶν.
1776 371 1786 386 ι

995 407 1085 442 Νοητὴ
1116 407 1170 442 γὰρ
1210 408 1226 442 ή
1257 408 1393 441 ὲνοῖκησις
1425 408 1471 434 τοῦ
1511 407 1708 444 προσκυνητοῦ
1743 409 1788 434 καὶ

997 453 1139 486 τρισαγίου
1163 452 1339 488 Πνεύματος,
1365 455 1410 480 καὶ
1436 454 1473 489 νῷ
1507 455 1581 490 μόνῳ
1613 454 1664 480 καὶ
1693 454 1788 489 καρδία

998 495 1099 532 ληπτή.

156 542 235 569 ribus
248 541 367 576 Spiritus
383 541 498 576 gratiam
525 541 697 568 attraximus.
719 549 728 566 ι
746 539 840 567 Eﬁusa
863 544 915 567 est.
932 549 940 564 ι
965 541 1081 568 Pulchre
1097 545 1188 568 autem
1209 542 1246 570 ait
1277 542 1325 569 Dei
1352 542 1538 576 dilectionem,
1583 551 1647 578 quae
1672 544 1790 578 Spiritus

156 587 259 614 donum
271 586 450 619 est,eﬁ‘usam
467 594 538 618 esse,
551 586 604 613 hoc
635 590 677 613 est
696 585 809 620 largiter
843 584 982 612 donatatn.
1007 595 1015 611 ι
1034 587 1062 612 In
1091 586 1221 613 cordibus
1247 587 1359 615 nostris.
1379 597 1387 612 ι
1417 587 1619 615 Intellectualis
1649 590 1724 616 enitn
1751 594 1789 616 (‘sl

155 633 290 661 adorandi
333 633 556 668 sanctissimique
597 633 718 668 Spiritus
755 633 940 667 inhabitatio,
979 634 1192 669 quaeque-sola
1233 638 1324 662 mente

157 685 210 708 tur.

192 727 224 758 V,
245 727 271 759 6,
288 727 315 754 7.
333 727 455 754 Christus
481 728 562 760 enim,
581 735 640 754 cum
657 727 741 754 adhuc
766 734 878 754 essemus
903 726 946 753 in-

155 773 228 806 ﬁrmi
242 773 384 799 secundum
398 777 510 807 tempus,
526 780 572 807 pro
583 772 670 807 impiis
683 776 801 799 mortuus
816 776 863 799 est.
876 771 946 799 Nam

157 818 201 844 vis:
216 826 263 852 pro
276 818 349 852 justo
361 819 419 853 quis
444 819 556 845 moritur
573 826 645 853 ,jpro
666 817 732 845 bono
746 817 874 853 siquidem
891 818 945 853 for-

157 864 228 890 sitan
241 863 338 898 aliquis
356 864 435 890 audet
450 865 529 890 etiam
541 865 619 890 mori.

191 909 258 936 Cum
275 909 441 937 sanctissimi
463 910 583 944 Spiritus
599 909 702 936 donum
714 909 828 937 dixisset
853 913 943 937 trans-

158 954 232 981 ferre
251 962 302 981 nos
315 955 344 981 in
369 955 466 986 Deum,
495 955 547 981 tria
575 955 653 989 ponit
674 963 734 990 quae
752 955 943 983 excellentiam

157 1000 306 1027 ostendant
320 1001 422 1028 amoris
433 1000 481 1028 Dei
495 1008 559 1035 erga
579 1008 640 1033 nos,
662 1000 800 1036 simulque
827 1001 946 1036 probent

157 1046 217 1080 ejus
242 1045 268 1072 in
293 1050 436 1081 posterum
468 1045 670 1081 providentiam
696 1054 727 1073 ac
747 1047 944 1082 benignitatem

155 1100 220 1127 erga
233 1092 368 1119 homines.
387 1093 449 1120 llazc
459 1098 550 1120 autem
567 1093 616 1120 tria
632 1101 665 1120 ex
678 1100 711 1120 eo
720 1093 778 1121 solo
790 1094 863 1128 quod
877 1094 945 1121 sub-

153 1139 280 1173 jungitur
299 1139 424 1171 assumit,
439 1139 570 1167 videlicet
581 1140 614 1167 ab
628 1140 683 1168 illis
701 1140 775 1167 circa
792 1148 853 1175 qua:
873 1139 944 1167 facta

156 1189 197 1211 est
212 1184 313 1211 amoris
328 1184 538 1212 demonstratio.
555 1186 622 1212 Nam
635 1190 700 1212 sunt
713 1193 823 1213 rursum
849 1191 876 1212 ct
892 1186 944 1212 alia

156 1237 189 1256 ex
203 1237 235 1256 eo
248 1233 355 1264 sumpta
369 1229 415 1263 qui
426 1230 533 1262 dilexit,
555 1231 657 1265 quibus
680 1230 762 1258 etiam
788 1231 945 1258 dilectionis

157 1275 321 1302 excellentia
344 1275 422 1310 261
437 1277 578 1310 profertur
605 1284 638 1303 ac
662 1276 842 1303 constituitur
858 1284 864 1302 :
879 1281 944 1310 puta

157 1319 319 1354 virginalem
345 1319 514 1347 inhabitasse
533 1325 655 1352 uterum,
682 1324 711 1347 et
731 1327 840 1347 carnem
859 1328 892 1346 ex
912 1328 944 1346 ea

157 1366 316 1400 sumpsisse,
331 1365 521 1400 legistatorem
533 1365 618 1393 etiam
631 1365 794 1395 obsecutum
807 1365 893 1393 fuisse
905 1366 944 1393 le-

157 1411 199 1446 gis
215 1411 370 1446 praeceptis.

193 1457 297 1485 Deinde
316 1459 500 1487 contumelias
527 1465 649 1493 quoque,
667 1458 792 1493 injurias,
808 1462 836 1485 et
852 1458 944 1494 alapas

156 1503 332 1531 sustinuisse:
342 1505 470 1539 quodque
480 1504 603 1532 omnium
612 1508 694 1539 caput
707 1508 758 1537 est,
771 1511 854 1532 cruce
870 1513 944 1531 mor-

156 1552 212 1576 tem
229 1551 387 1585 oppetiisse.
412 1550 472 1585 Ipse
490 1558 558 1578 vero
568 1550 716 1585 Apostolus
730 1550 773 1578 his
793 1558 853 1586 qua:
864 1559 897 1579 ex
909 1559 942 1579 eo

156 1597 227 1622 sumi
246 1601 373 1630 poterant
388 1597 435 1631 qui
449 1597 593 1629 dilexerat,
606 1597 633 1624 in
658 1605 792 1625 summam
811 1597 941 1630 redactis,

156 1641 269 1676 solaque
285 1642 396 1669 interim
413 1646 500 1669 morte
518 1642 615 1674 relata,
631 1642 890 1678 distinxitilla,quze
907 1642 941 1669 ab

157 1686 200 1712 his
215 1692 322 1721 sumpta
339 1691 416 1714 erant
434 1687 480 1721 qui
493 1688 574 1714 amati
590 1692 664 1715 sunt.
676 1687 726 1715 Hic
739 1692 831 1715 autem
844 1688 941 1723 hujus-

157 1731 230 1758 modi
241 1732 365 1759 tractatio
377 1733 402 1759 in
410 1733 608 1761 hoccommoda
614 1739 656 1762 est
664 1733 805 1768 Apostolo,
815 1739 844 1760 ut
852 1739 943 1762 osten-

156 1777 203 1804 dat
220 1778 293 1812 quod
308 1778 390 1806 etiam
403 1780 517 1814 posthac
536 1780 624 1815 magis
638 1787 671 1807 ac
681 1780 767 1815 magis
780 1779 861 1807 nobis
876 1787 941 1814 pro-

156 1823 272 1856 videbit,
288 1833 394 1859 nosque
417 1826 550 1858 tuebitur,
562 1830 591 1853 et
601 1825 635 1852 ab
647 1825 723 1853 omni
738 1826 777 1852 ira
789 1825 919 1853 liberabit
934 1834 941 1852 :

157 1875 214 1896 tum
228 1869 261 1896 ab
272 1878 303 1897 ea
324 1879 384 1905 quae
393 1879 514 1906 praesens
523 1878 575 1904 est,
587 1872 635 1899 ubi
648 1871 675 1899 id
686 1872 815 1906 expedire
831 1871 942 1904 viderit,

158 1921 214 1942 tum
229 1925 244 1942 a
259 1916 360 1949 futura,
379 1925 440 1952 quae
454 1926 518 1945 vere
532 1923 656 1946 extrema
673 1917 713 1945 ira
733 1923 785 1946 est.
801 1917 864 1945 Tria
878 1925 943 1945 vero

155 1969 216 1996 qure
227 1963 376 1996 ponitsunt
385 1964 457 1998 haec;
470 1964 588 1999 Inﬁrmi,
601 1964 700 1999 inquit,
708 1971 828 1998 eramus,
842 1963 943 1991 inﬁrtni

156 2014 224 2032 vero
239 2015 293 2034 non
304 2013 412 2041 natura,
430 2009 477 2036 sed
495 2002 607 2044 propria
622 2013 714 2036 mente
726 2017 757 2036 ac
772 2009 943 2044 operatione.

158 2051 253 2086 Itaque
271 2053 373 2080 inﬁrmi
400 2062 522 2086 eramus,
544 2055 686 2089 multoque
704 2055 784 2082 nobis
800 2063 869 2090 opus
886 2059 945 2082 erat

156 2096 272 2124 auxilio.
289 2097 341 2124 Sed
358 2103 386 2125 et
412 2098 490 2133 impii
509 2107 621 2126 eramus
640 2108 646 2127 :
667 2100 744 2127 illum
764 2100 812 2134 qui
839 2101 946 2128 laturus

156 2145 216 2168 erat
229 2143 361 2170 auxilium
378 2145 589 2179 repellebamus,
604 2145 666 2173 aliis
681 2145 793 2180 quidem
809 2146 946 2174 adoratio-

158 2194 220 2213 nctn
240 2189 433 2221 attribuentes,
451 2190 541 2225 ipsum
554 2198 620 2218 vero
644 2190 754 2226 injuriis
784 2191 944 2223 allicientes,

156 2233 258 2267 quibus
272 2231 376 2263 inimici
391 2244 423 2262 ac
438 2236 531 2264 hostes
544 2237 636 2272 appeti
652 2238 751 2265 solent.
777 2237 876 2265 Omnia
893 2237 944 2272 igi-

158 2284 202 2306 tur
215 2286 308 2308 nostra
321 2282 401 2316 plena
416 2287 495 2310 erant
512 2283 615 2318 inopia.
631 2283 699 2310 Nam
715 2284 748 2314 si.
767 2291 829 2311 cum
843 2284 944 2311 inﬁrmi

156 2333 281 2354 essemus
294 2333 321 2353 et
332 2328 508 2362 impotentes,
531 2333 562 2356 ut
578 2329 612 2356 ab
635 2329 798 2364 aegritudine
817 2338 945 2366 surgere-

159 2380 231 2404 mus,
250 2372 337 2400 multo
349 2373 500 2408 egebamus
524 2374 627 2402 auxilio
649 2383 656 2401 :
672 2375 863 2402 auxiliatorem
879 2382 946 2402 \‘ero

156 2416 240 2444 illatis
268 2417 376 2452 injuriis
401 2419 601 2453 repuleramus,
631 2426 703 2446 anne
726 2419 761 2446 ad
793 2424 944 2447 extremam

156 2461 339 2497 indigentiam
360 2468 454 2491 nostra
470 2465 580 2492 redacta
599 2466 702 2493 erant?
721 2466 856 2494 Praeterea
880 2474 942 2500 pec-

156 2511 270 2540 ratores,
285 2507 385 2543 inquit,
402 2517 526 2544 eramus,
544 2516 573 2539 et
587 2511 643 2538 vita
669 2512 756 2547 magis
772 2511 807 2538 ad
835 2512 942 2546 lapsum

157 2552 294 2585 trahebat,
305 2561 355 2581 nec
363 2554 532 2583 revalescere
546 2556 733 2591 permittebat.
742 2556 791 2583 His
806 2556 842 2583 ita
850 2563 881 2584 se
896 2557 944 2583 ha-

156 2597 298 2631 bentibus,
316 2607 435 2635 cumquo
457 2602 549 2629 omnis
560 2602 718 2637 desperatio
729 2602 850 2635 adesset,
878 2606 944 2630 tunc

156 2644 246 2673 bonus
260 2645 305 2673 ille
322 2645 466 2674 hominum
481 2651 588 2674 amator
603 2647 652 2674 Dei
668 2647 767 2680 Filius,
785 2651 814 2674 et
838 2655 890 2675 nos
905 2648 944 2675 di-

155 2689 224 2718 lexit
237 2696 265 2718 ct
280 2691 400 2719 animam
414 2699 464 2726 pro
482 2692 563 2720 nobis
573 2692 774 2727 posuit.—Quod
786 2693 809 2720 si
826 2697 892 2721 tunc
904 2694 946 2721 in-

156 2737 281 2764 numeris
296 2737 376 2764 malis
389 2737 536 2769 obnoxios,
551 2738 657 2772 quique
680 2737 708 2765 in
727 2746 836 2766 omnem
855 2740 944 2774 turpi-

157 2782 284 2810 tudinem
305 2792 337 2811 ac
350 2784 503 2813 foeditatem
521 2784 718 2818 incideramus,
749 2785 832 2813 etiam
851 2786 946 2815 dilexit

157 2835 219 2861 nos,
235 2833 263 2855 et
275 2829 309 2856 ab
326 2830 484 2859 inﬁrmitate
499 2832 587 2860 erexit
598 2839 630 2860 at:
645 2832 797 2867 roboravit,
812 2841 861 2861 suo
877 2842 942 2862 san-

1374 642 1406 662 ac
1443 636 1526 663 corde
1564 637 1773 671 comprehendi
1780 653 1788 657 -

1035 725 1101 751 Ἔτι
1121 724 1174 759 γὰρ
1191 724 1327 758 Χριστὸς,
1340 724 1434 751 ὄντων
1454 724 1538 759 ἡμῶν
1556 725 1702 752 ἀσθενῶν
1718 727 1790 752 κατὰ
1819 732 1823 736 ·

996 771 1114 804 καιρὸν,
1129 770 1206 804 ὑπὲρ
1221 770 1338 797 ἀσεϐῶν
1360 771 1490 797 ἀπέθανε
1503 779 1510 786 ·
1528 772 1621 804 μόλις
1639 771 1696 806 γὰρ
1718 772 1789 805 ὑπὲρ

994 817 1111 843 δικαίου
1125 825 1168 849 τις
1183 816 1384 844 ἀποθανεῖται.
1407 817 1496 850 ’Υπὲρ
1515 817 1570 850 γὰρ
1592 817 1648 843 τοῦ
1663 817 1786 851 ἀγαθοῖν,

994 862 1069 896 τάχα
1085 870 1130 894 τις
1140 862 1187 888 καὶ
1204 861 1299 896 τολμᾷ
1313 862 1485 889 ἀποθανεῖν’.

1031 907 1131 944 [ΦΩἸ’.]
1150 907 1242 934 Εἰπὼν
1257 908 1304 934 τοῦ
1323 909 1457 942 παναγίου
1476 909 1640 944 Πνεῦματος
1657 909 1706 943 τὴν
1720 909 1790 935 δόσιν

996 953 1170 987 μεταὸαζνειν
1185 954 1224 985 είς
1234 954 1278 980 τὸν
1293 953 1369 986 Θεὸν,
1382 954 1445 989 τρία
1457 955 1547 989 τὶῦηςι
1563 956 1616 989 τὴν
1638 954 1791 990 ὑπερϐολὴν

994 998 1136 1026 δεικνύντα
1145 999 1193 1034 τῆς
1207 1000 1318 1035 ἀγάπης
1329 1000 1375 1026 τοῦ
1389 999 1467 1032 Θεοῦ,
1484 1001 1531 1026 καὶ
1544 1001 1604 1035 ἅμα
1621 1001 1790 1027 συνιστῶντα

995 1045 1043 1072 καὶ
1057 1045 1106 1080 τὴν
1121 1046 1163 1076 εἰς
1176 1045 1204 1072 τὸ
1220 1045 1315 1072 ἔπειτα
1327 1046 1410 1072 αὐτοῦ
1427 1046 1556 1081 πρόνοιαν
1573 1047 1623 1072 καὶ
1639 1046 1790 1081 φιλανθρω-

997 1091 1070 1118 πίαν.
1088 1091 1179 1118 Ταῦτα
1192 1092 1221 1118 δὲ
1233 1091 1266 1118 τὰ
1278 1091 1353 1127 τρία,
1365 1092 1420 1118 ἀπὸ
1442 1092 1523 1127 μόνον
1545 1092 1720 1126 λαμὸανεται
1745 1092 1789 1118 τοῦ

995 1137 1187 1172 ὑποκειμένου,
1209 1138 1268 1173 ἤτοι
1297 1137 1326 1170 ἐξ
1348 1138 1471 1171 ἐκείνων,
1498 1139 1563 1173 περὶ
1577 1138 1595 1164 ἂ
1612 1138 1664 1171 τῆς
1681 1139 1788 1172 ἀγάπης

995 1184 1144 1216 ἀπόδειξις.
1164 1184 1242 1210 Ἐπεὶ
1254 1184 1313 1210 ἐστὶ
1335 1184 1383 1210 καὶ
1395 1184 1462 1210 ἄλλα
1488 1184 1570 1210 πάλιν
1588 1184 1620 1216 ἐξ
1645 1184 1727 1210 αὐτοῦ
1743 1184 1786 1210 τιιῦ

996 1227 1200 1263 ἀγαπήσαντος,
1224 1227 1257 1253 δι’
1269 1225 1308 1254 ὧν
1328 1227 1409 1254 πάλιν
1426 1228 1442 1262 ἠ
1461 1228 1600 1263 ὑπερσολὴ
1615 1229 1668 1264 τῆς
1684 1229 1788 1263 ἀγαπή-

996 1281 1065 1305 σεως
1082 1273 1238 1299 συνίσταται
1250 1273 1297 1300 καὶ
1313 1274 1499 1310 παρίσταται·
1515 1272 1571 1300 οἷον
1587 1275 1657 1301 αὐτὸ
1675 1275 1706 1301 τὺ
1720 1283 1788 1309 παρ-

996 1317 1104 1353 θενικὴν
1121 1319 1261 1353 ἐνοικῆσαι
1277 1319 1395 1354 μήτραν,
1419 1320 1467 1346 καὶ
1484 1321 1666 1356 σαρκωθῆναι
1697 1321 1727 1353 ἐξ
1743 1321 1788 1346 αὑ-

994 1365 1063 1399 τῆς·
1081 1364 1305 1400 ὑπηρετήσασθαὶ
1332 1374 1361 1392 τε
1377 1367 1436 1397 ταῖς
1459 1367 1530 1393 κατὰ
1554 1368 1648 1403 νόμων
1673 1366 1787 1396 ἐντολαῖς

995 1410 1041 1437 τδν
1057 1410 1216 1445 νομοθέτην.

1031 1454 1097 1483 Εἶτα
1110 1457 1306 1492 ἀτιμασθῆναι,
1333 1458 1505 1493 ὑϐρισθῆναι,
1534 1459 1704 1495 ραπισθῆναι
1717 1479 1725 1492 ,
1743 1459 1787 1486 καὶ

997 1502 1039 1537 (τὸ
1050 1502 1209 1537 κεφάλαιον)
1228 1503 1270 1529 διὰ
1293 1503 1412 1539 σταυροῦ
1438 1503 1641 1540 Θανατωθῇναι.
1664 1505 1748 1536 Αὐτὸς
1762 1505 1787 1530 δὲ

958 1542 979 1572 C
995 1548 1030 1575 τὰ
1049 1548 1103 1583 μὲν
1121 1550 1153 1576 ὲκ
1177 1549 1223 1576 τοῦ
1248 1550 1441 1585 ἀγαπήσαντος
1460 1551 1787 1586 συγκεφαλαιωσάμενος.

996 1595 1043 1621 καὶ
1056 1595 1103 1622 τὸν
1117 1595 1230 1624 θάνατον
1240 1596 1321 1631 μόνον
1331 1596 1400 1628 τέως
1414 1596 1509 1630 εἰπὼν,
1523 1597 1557 1623 τὰ
1578 1597 1634 1624 ἀπὸ
1651 1597 1705 1624 τῶν
1721 1598 1787 1631 ἀγα-

996 1641 1136 1676 πηθέντων
1160 1642 1252 1676 διεῖλε,
1274 1642 1455 1678 συντελούσης
1491 1643 1567 1678 αὐτῷ
1591 1643 1712 1670 ἐνταῦθα
1738 1643 1786 1678 τῆς

986 1688 1122 1723 ιτοιαύτης
1148 1689 1371 1724 μεταχειρίσεως,
1390 1690 1430 1720 εἰς
1446 1689 1476 1715 τὸ
1489 1690 1528 1715 ὅτι
1542 1689 1582 1715 ἔτι
1599 1689 1648 1716 καὶ
1663 1689 1703 1716 ἔτι
1721 1697 1784 1724 προ-

996 1732 1132 1767 νοήσεται,
1150 1733 1196 1759 καὶ
1223 1733 1399 1769 ὑπερασπιεῖ,
1418 1734 1466 1760 καὶ
1496 1734 1609 1769 ῥύσεται
1637 1735 1670 1760 ἐκ
1699 1736 1785 1769 πάσης

995 1778 1092 1813 ὀργῆς.
1106 1778 1155 1814 τῆς
1175 1787 1205 1805 τε
1221 1780 1362 1814 παρούσης
1376 1780 1422 1806 ὅτε
1447 1779 1526 1806 τοῦτο
1553 1781 1697 1817 συμφέρον
1722 1778 1784 1815 οἶδε,

996 1825 1045 1851 καὶ
1071 1824 1122 1857 τῆς
1150 1824 1300 1860 μελλούσης
1319 1826 1382 1861 ἥτις
1407 1825 1482 1852 ἐστὶν
1498 1826 1536 1857 ὼς
1554 1826 1665 1860 ἀληθῶς
1686 1827 1782 1861 ἐσχάτη

997 1870 1116 1906 ὀργή.“Α
1125 1870 1153 1896 δὲ
1166 1871 1256 1905 τίθησι
1266 1871 1329 1906 τρία
1343 1871 1431 1898 ταῦτα
1445 1873 1529 1899 ἐστιν·
1545 1873 1695 1906 ’Λσθενεῗς
1705 1871 1782 1907 ἦμεν,

997 1916 1089 1952 φησὶν,
1107 1916 1228 1948 ἀσθενεῖς
1240 1917 1278 1950 δὲ,
1303 1917 1352 1944 οὐκ
1367 1919 1399 1944 ὲκ
1427 1916 1545 1952 φύσεως,
1559 1918 1618 1944 ἀλλ’
1640 1918 1669 1952 ἐξ
1683 1918 1782 1949 οἰκείας

997 1963 1109 1998 γνώμης
1128 1963 1175 1990 καὶ
1191 1963 1326 1998 πράξεως.
1349 1964 1482 1995 ’Δσθενεῖς
1496 1961 1542 1990 οὖν
1558 1962 1641 1999 ἦμεν,
1661 1965 1706 1990 καὶ
1722 1963 1783 1990 πο).-

997 2009 1046 2044 λῆς
1070 2009 1196 2044 βοηθεὶας
1222 2009 1384 2044 ἐχρῄζομεν.
1409 2009 1488 2035 Ἀλλὰ
1504 2010 1551 2036 καὶ
1564 2010 1685 2042 ἀσεϐεῖς
1704 2007 1782 2044 ἦμεν,

999 2055 1079 2081 αὐτὴν
1091 2055 1135 2081 τὸν
1147 2055 1277 2089 μέλλοντα
1292 2055 1398 2090 βοηθεῖν
1409 2055 1605 2089 ἀπωθούμεθα,
1618 2056 1721 2091 ἑτέροις
1734 2055 1781 2089 μὲν

999 2101 1029 2127 τὸ
1047 2101 1129 2132 σέϐας
1144 2101 1360 2136 προσάπτοντες,
1387 2100 1461 2135 αὐτῷ
1480 2101 1518 2132 δὲ,
1537 2101 1647 2137 ἐχθροῖς
1676 2102 1719 2127 ἶσα
1737 2099 1781 2125 καὶ

1000 2146 1150 2181 πολεμιοις,
1165 2147 1362 2182 ἔνυϐρίζοντες.
1379 2146 1484 2173 Οὐκοῦν
1496 2147 1587 2182 ἄπορα
1609 2147 1696 2173 πάντα
1713 2145 1782 2180 εἶχο-

1003 2201 1051 2226 μεν
1066 2193 1101 2219 τὰ
1117 2193 1249 2227 ἡμέτερα.
1279 2193 1310 2218 Εἰ
1328 2192 1381 2227 γὰρ
1404 2192 1481 2218 αὐτοὶ
1500 2193 1550 2226 μὲν
1583 2193 1716 2224 ἀσθενεῖς,
1736 2189 1779 2216 καὶ

999 2237 1125 2264 ἀδύνατοι
1138 2237 1287 2273 ἀναστῆναι
1299 2237 1346 2263 τοῦ
1368 2238 1531 2272 νοσήματος,
1555 2238 1654 2272 πολλῆς
1669 2237 1696 2263 δὲ
1719 2238 1778 2270 βοη-

1000 2283 1075 2315 θείας
1089 2283 1222 2318 δεόμενοι,
1235 2283 1280 2309 τὸν
1295 2282 1391 2318 βοηθὸν
1402 2283 1592 2318 ἐνυϐρίσαντες
1604 2281 1777 2317 ἀπωσαμεθα,

1000 2329 1058 2361 πῶς
1071 2330 1121 2356 οὐκ
1137 2329 1177 2360 εἰς
1192 2329 1306 2363 ἔσχατον
1333 2328 1449 2363 ἀπορίας
1476 2330 1510 2355 τα
1540 2330 1681 2364 ἡμετερας
1706 2325 1776 2358 Εἶτα,

999 2373 1067 2399 ἀλλὰ
1079 2373 1260 2407 ἁμαρτωλοί,
1288 2373 1365 2408 φησὶ,
1393 2374 1442 2400 καὶ
1467 2374 1481 2399 ὁ
1500 2374 1565 2408 βίος.
1585 2374 1661 2409 φησὶ,
1683 2371 1776 2408 μᾶλλον

1000 2417 1143 2444 καθεῖλκεν
1156 2417 1203 2443 ἐπὶ
1216 2417 1247 2443 τὸ
1259 2417 1370 2452 πτῶμα,
1386 2418 1433 2444 καὶ
1449 2419 1607 2452 ἀνενεγκεῖν
1623 2418 1653 2444 οὐ
1666 2415 1776 2450 συνεχώ-

998 2471 1050 2498 ρει.
1064 2462 1156 2494 Οὕτως
1170 2463 1198 2489 δὲ
1208 2463 1335 2498 ἑχόντων,
1350 2464 1397 2489 καὶ
1417 2464 1507 2499 πάσης
1521 2463 1696 2499 ὑπαρχούσης
1716 2462 1776 2489 ἀπο-

997 2508 1135 2540 γνώσεως,
1151 2508 1212 2535 τότε
1232 2509 1313 2541 αὐτὸς
1338 2510 1352 2536 ὁ
1368 2509 1481 2543 ἀγαθὸς,
1506 2511 1520 2536 ὀ
1540 2510 1738 2545 φιλάνθρωπος.
1760 2505 1773 2531 6

996 2555 1043 2581 τοῦ
1059 2554 1127 2581 Θεοῦ
1145 2556 1223 2587 Παῖς,
1241 2556 1288 2582 καὶ
1301 2556 1440 2590 ἠγάπησε,
1464 2556 1512 2582 καὶ
1534 2556 1583 2591 τὴν
1597 2555 1684 2591 ψυχὴν
1697 2552 1773 2580 αὐτοῦ

998 2601 1068 2636 ὑπὲρ
1087 2601 1164 2636 ἡμῶν
1175 2602 1307 2628 τέθεικεν.
1318 2603 1348 2628 Εἰ
1364 2602 1393 2628 δὲ
1407 2602 1467 2628 τότε
1486 2602 1594 2637 μυρίοις
1607 2600 1772 2636 ἐνεχομένους

997 2648 1102 2680 κακοῖς,
1118 2647 1165 2674 καὶ
1178 2648 1220 2679 είς
1244 2648 1364 2682 παντελῆ
1380 2648 1574 2684 ἀσχημοσύνην
1594 2649 1640 2674 καὶ
1668 2643 1772 2679 αἰσχράσ

993 2703 1063 2729 τητα
1075 2694 1290 2729 κατηντηκότος,
1307 2694 1354 2721 καὶ
1368 2695 1507 2730 ἠγάπησε,
1520 2695 1569 2721 καὶ
1578 2694 1628 2729 τῆς
1637 2690 1770 2720 ἀσθενείας

994 2740 1136 2775 ἀνέστησε.
1165 2739 1213 2766 καὶ
1241 2739 1413 2775 ἐδυνάμωσε·
1442 2740 1473 2766 τὸ
1490 2741 1572 2767 αὑτοῦ
1590 2741 1684 2776 λύτρον
1706 2737 1770 2771 ὑπὲρ

995 2787 1071 2820 ἡμῶν
1082 2786 1206 2817 δεδωκὼς
1223 2783 1293 2820 αἷμα
1305 2807 1312 2820 ,
1340 2786 1429 2821 πολλῷ
1447 2787 1548 2822 μᾶλλον
1567 2786 1768 2819 οἰκειωσάμενος

996 2833 1043 2861 καὶ
1055 2833 1212 2868 δικαιώσας,
1230 2833 1276 2860 καὶ
1291 2834 1474 2869 προστήπται
1489 2834 1533 2861 καὶ
1545 2833 1714 2867 ἀντιλήψεται
1727 2826 1769 2855 καὶ
