1878 3054
161 136 213 170 415

457 193 569 222 CAPUT
594 193 648 220 νυ.

669 135 867 165 (ECUMENII
883 134 1028 164 TRICC.’E
1048 133 1216 163 EPISCOPI

960 199 982 225 Α

1741 128 1789 162 416

1303 188 1427 215 ΚΕΦΑΛ.
1445 187 1483 215 Ζ’.

160 248 296 286 Quomodo
310 257 357 276 nos
369 248 545 286 introduxerit
560 248 595 274 ad
607 247 721 286 aetatem
735 246 944 286 _Jes_us_C_hristu:

1008 247 1068 280 Ἶερὶ
1083 245 1249 286 aguratng
1265 245 1318 273 τοῦ
1331 246 1406 286 τέρος
1417 244 1573 286 ιζωτηρίαν
1585 244 1672 286 ἡμῶν
1686 243 1792 286 (ix-0de-

196 284 281 319 factus
293 285 368 312 homo
385 291 432 318 pro
449 284 580 318 terrigena
596 282 681 309 Adam
696 283 741 317 qui
762 282 793 309 ab
813 283 888 309 initio
902 289 944 309 ce-

196 320 309 346 ciderat.

195 377 228 409 ν,
246 376 289 409 12,
306 377 349 404 15.
362 375 506 410 Propterea
516 375 583 402 sicut
593 383 639 410 per
649 383 730 402 unum
743 375 874 402 hominem
885 382 944 410 pec-

161 426 249 450 catum
260 422 288 448 in
300 420 426 447 mundum
441 419 569 453 introivit,
580 429 610 446 ac
624 428 669 455 per
681 425 816 455 peccatum
829 427 910 451 more,
920 423 944 446 et

159 469 197 495 sic
211 468 239 495 in
248 475 337 494 omnes
350 467 467 493 [nomines
479 475 549 493 mors
567 467 738 498 pertransiit:
754 467 781 493 in
794 474 845 502 quo
855 474 945 493 omnes

160 517 342 549 peccaverunt.
360 512 430 540 Nam
441 521 521 548 usque
533 513 568 540 ad
592 512 674 548 legem
687 518 824 548 peccatum
837 518 894 540 erat
917 514 945 540 in

161 559 269 586 mundo.

195 605 263 633 Cum
277 605 304 632 in
315 605 506 640 superioribus
518 605 708 640 multipliciter
734 605 902 640 probaverit,
918 610 946 633 et

160 650 280 685 Spiritus
296 649 442 684 praesentia
455 654 483 677 et
504 649 566 676 Filii
582 653 670 676 morte
701 657 752 676 nos
768 657 829 676 esse
843 649 945 683 justiti-

161 700 247 728 catos,
265 695 338 723 idem
365 695 447 723 etiam
462 703 536 722 nunc
553 703 585 722 ex
611 702 645 723 eo
661 694 734 730 quod
756 695 856 721 rationi
882 702 946 721 con-

160 746 322 769 sentaneum
338 749 370 769 ac
387 749 561 776 consequens
569 745 622 773 est,
645 741 801 768 continuat.
819 740 887 768 Nam
901 749 945 767 ra-

112 805 120 813 .
161 787 304 820 tionabile,
322 788 422 822 inquit,
435 792 505 820 erat,
521 795 568 815 eos
582 787 629 822 qui
644 794 693 822 per
707 794 791 814 unum
806 787 945 814 hominem

161 836 321 867 peccatores
335 840 367 859 ac
383 833 511 860 mortales
528 832 592 860 facti
607 835 695 865 erant,
724 831 945 867 quandoquidem

1033 279 1093 309 ἐισυ
1112 279 1210 314 Ἰηὰοῦ
1222 280 1363 314 Χριστοῦ,
1378 280 1445 308 ἀντὶ
1460 280 1513 307 τοῦ
1527 279 1684 312 πεσόντος
1699 279 1733 311 ἐξ
1745 279 1792 311 ἀρ-

1032 317 1093 351 χῆς
1112 316 1261 351 γηγενοῦς
1277 315 1380 350 Ἀδάμ.

1032 373 1084 400 Διὰ
1098 372 1187 399 τοῦτο
1202 372 1304 407 ὥσπερ
1326 372 1364 399 δι’
1376 371 1443 405 ἐνὸς
1456 371 1620 407 ἀνθρώπου
1636 370 1655 404 ἡ
1670 370 1792 405 ἁμαρτία

997 420 1041 452 εἷς
1054 419 1107 446 τὸν
1122 419 1238 453 κόσμον
1251 418 1388 452 εισῆλθε,
1407 419 1456 446 καί
1471 417 1521 445 διὰ
1534 417 1593 451 τῆς
1618 417 1763 451 ἁμαρτίας
1777 417 1792 443 ὁ

998 465 1138 498 θάνατος,
1160 465 1209 491 καί
1222 465 1316 498 οὔτως
1326 466 1369 497 εὶς
1380 464 1496 496 πάντας
1510 463 1694 497 ἀνθρώπους
1709 464 1725 490 ὁ
1744 462 1792 489 θά-

998 520 1087 544 νατος
1104 510 1244 545 διῆλθεν·
1258 511 1304 545 ἐφ’
1320 507 1344 544 ᾧ
1365 510 1632 545 πάντεςῆμαρτον.
1648 510 1729 543 Ἄχρι
1742 510 1792 544 γὰρ

998 557 1093 591 νόμου
1105 555 1232 591 ἁμαρτία
1241 554 1280 591 ἦν
1296 556 1330 582 ἐν
1341 557 1453 589 κόσμῳ.

1034 602 1247 634 Κατασκευάσας
1259 602 1314 629 ἄνω
1326 602 1467 637 πολλαχῶς
1477 602 1506 629 τὺ
1514 600 1711 628 δεδικαιῶσοαι
1722 601 1792 636 ἡμᾶς

997 650 1031 685 τῇ
1049 658 1079 676 τε
1096 649 1225 684 μετουσίᾳ
1239 648 1285 675 τοῦ
1303 648 1473 684 Πνεὺματος,
1489 648 1538 675 καὶ
1553 648 1593 683 τῷ
1615 647 1726 682 Θανάτῳ
1747 646 1791 672 τοῦ

1000 695 1078 728 me,
1096 695 1142 722 νῦν
1157 695 1202 722 καὶ
1231 696 1263 721 ὲκ
1277 695 1324 721 τοῦ
1342 695 1454 729 εὐλόγου
1481 694 1548 721 αὐτὸ
1578 692 1790 724 κατασκευάζει.

1000 742 1080 774 Ὅτι,
1098 741 1175 776 φησὶ,
1194 741 1242 768 καὶ
1254 740 1364 776 εὔλογον
1379 739 1422 776 ἦν,
1443 741 1506 772 τοὺς
1520 740 1555 767 δι’
1576 740 1627 766 ἕνα
1651 739 1792 775 ἄνθρωπον

999 788 1178 823 ἁμαρτωλοὺς
1191 788 1237 814 καὶ
1250 787 1364 822 θνητοὺς
1379 787 1549 822 γινομένους,
1573 786 1638 813 ἐπεὶ
1654 784 1790 821 ἐξηλώσα-

1001 841 1050 867 μεν
1065 832 1147 859 αὐτοῦ
1163 832 1211 867 τὴν
1227 832 1380 868 παρακοὴν,
1406 832 1448 858 διὰ
1459 832 1504 858 τὸν
1517 832 1567 858 ἕνα
1578 831 1736 867 ἄνθρωπον,
1747 830 1790 857 τδν

162 878 240 905 illius
282 878 403 905 aemulati
447 878 589 905 fueramus
632 877 868 910 inobedientiam,
897 885 944 912 per

1008 877 1100 913 Κύριον
1113 878 1226 912 δηλαδὴ,
1242 878 1360 912 σωθῆναι
1375 877 1572 909 δικαιωθέντας
1588 878 1638 903 καὶ
1649 876 1789 903 ἀπαθανα-

162 931 249 951 unum
264 923 414 955 hominem,
430 924 575 951 Dominum
596 923 734 957 videlicet,
758 924 849 951 salvos
874 923 943 957 ﬁeri,

159 968 324 1004 justiﬁcatos
338 976 371 996 ac
387 968 556 996 immortales
567 968 691 996 etIectos.
710 983 744 989 —
761 968 891 1000 Omnino,
902 969 944 995 in-

162 1013 232 1048 quit,
253 1021 267 1040 a
285 1014 340 1040 Deo
355 1013 534 1045 salvabimur,
554 1012 704 1040 dummodo
713 1013 810 1040 saltem
834 1013 886 1047 ipsi
899 1020 944 1040 ve-

161 1059 245 1087 limus
263 1068 269 1085 :
285 1059 363 1094 cujus
373 1058 456 1093 paulo
475 1063 553 1085 antea
571 1059 640 1085 data:
651 1063 715 1085 sunt
729 1058 872 1085 evidentes
883 1065 946 1093 pro—

163 1105 300 1132 bationes.
327 1104 380 1131 Sed
407 1107 435 1131 et
459 1108 616 1138 propterea,
642 1104 742 1138 inquit,
767 1104 945 1137 salvabimur;

162 1155 275 1185 propter
287 1150 376 1185 quid?
399 1149 468 1182 Quia
479 1150 531 1176 hoc
544 1149 711 1184 etpossibile
728 1153 781 1182 est,
800 1153 827 1176 et
846 1148 946 1176 rationi

163 1194 377 1223 consentaneum
394 1199 437 1222 est
450 1203 481 1222 ac
504 1203 688 1230 consequens.
710 1194 764 1222 Sed
788 1195 861 1222 unde
888 1194 947 1222 hinc

163 1241 305 1269 manifesta
317 1241 402 1268 ﬁent?
417 1241 439 1268 A
455 1241 605 1274 contrario,
618 1241 719 1276 inquit.
734 1239 876 1274 Siquidem
896 1247 947 1274 per

164 1296 247 1315 unum
264 1288 403 1315 hominem
420 1293 448 1314 et
457 1291 599 1322 peccatum
619 1287 646 1314 in
658 1287 789 1314 mundum
809 1286 945 1318 introivit,

162 1339 190 1361 et
205 1342 277 1361 mors
292 1334 350 1369 ipsa
369 1342 376 1360 :
394 1334 416 1361 si
433 1341 500 1369 ergo
511 1333 615 1361 atrocia
638 1333 696 1360 hac
711 1332 780 1359 facta
795 1336 868 1364 sunt,
886 1338 946 1366 pos

164 1379 245 1406 sibila
260 1380 342 1406 etiam
356 1383 399 1407 est
409 1387 441 1406 ac
463 1385 648 1414 consequens,
671 1382 702 1405 ut
719 1385 769 1412 per
786 1385 872 1404 unum
896 1376 947 1403 ho-

165 1425 266 1452 minem
279 1425 425 1452 Dominum
441 1429 566 1452 nostrum
577 1424 670 1451 Jesum
686 1423 824 1451 Christum
834 1425 947 1457 pereant

164 1471 246 1499 etiam
259 1480 319 1507 quae
337 1471 493 1498 introducta
505 1475 585 1498 erant
602 1478 674 1497 saeva
694 1469 774 1501 mala,
797 1476 829 1496 ac
846 1468 947 1496 dentur

164 1519 244 1547 nobis
272 1519 396 1546 meliora.
424 1517 572 1552 Apostolus
594 1521 685 1543 autem
709 1516 839 1550 operibus
861 1515 946 1542 Adam

163 1564 312 1598 propositis
322 1563 435 1598 reliquit
449 1550 482 1589 ea
498 1569 558 1596 quae
572 1561 637 1588 fecit
652 1560 788 1593 Christus,
812 1560 902 1587 dando
918 1560 945 1587 id
962 1550 983 1580 ο

163 1617 198 1636 ex
218 1609 359 1637 contrario
387 1607 597 1642 intelligendum
614 1616 621 1634 :
643 1607 723 1634 simul
738 1611 766 1634 et
782 1607 832 1634 ista
848 1606 947 1641 praedi-

163 1655 260 1687 cendo,
270 1659 298 1682 et
307 1655 353 1682 illa
361 1653 475 1688 intelligi
484 1653 529 1680 hic
535 1660 595 1680 esse
603 1652 742 1688 possibilia
752 1651 929 1687 relinquendo
940 1660 948 1678 :

165 1699 246 1735 264
260 1700 365 1727 Idcirco
386 1698 582 1734 pratordinavit
601 1699 689 1726 solum
707 1698 864 1733 parabolam
888 1706 949 1733 quae

164 1743 334 1770 intellectum
349 1743 426 1770 illum
440 1743 624 1778 pertraheret.
641 1742 759 1771 Omnino
773 1743 844 1770 enim
863 1743 889 1770 id
905 1751 949 1770 re-

163 1789 260 1823 quirit,
280 1793 311 1816 ut
326 1789 434 1816 dicatur
447 1797 455 1815 :
470 1789 704 1822 Quemadmodum
715 1788 777 1821 hoc,
791 1789 827 1816 ita
842 1793 870 1816 et
883 1796 950 1816 con-

164 1842 293 1869 sequens,
310 1834 337 1862 id
354 1839 406 1867 est,
422 1835 462 1863 sic
481 1840 509 1863 et
532 1835 600 1862 illud
619 1844 625 1862 :
642 1835 691 1862 sed
711 1835 796 1862 veluti
816 1834 946 1866 diximus,

163 1888 197 1908 eo
213 1881 285 1916 quod
297 1881 476 1916 consequitur
491 1889 541 1916 per
553 1881 710 1916 parabolam
722 1885 842 1912 ostenso,
858 1881 948 1907 mani-

164 1925 233 1953 feste
253 1925 319 1953 illud
331 1933 385 1953 non
405 1926 506 1961 posuit,
520 1926 568 1953 sed
582 1926 709 1961 nosipsos
737 1926 770 1953 ad
792 1926 948 1961 intelligen-

164 1971 229 1998 dum
240 1972 350 2000 direxit.
375 1982 385 1997 ι
400 1972 431 1999 In
443 1980 498 2007 quo
511 1980 607 2000 omnes
617 1977 810 2007 peccaverunt.
825 1981 834 1998 ›
855 1973 881 1999 In
894 1980 948 2007 quo

163 2017 261 2049 Adam,
287 2018 331 2044 vel
357 2025 407 2052 per
425 2025 507 2052 quem
535 2018 620 2044 Adam
637 2022 713 2049 :aut,
743 2018 808 2052 quia
836 2021 949 2052 propter

164 2063 254 2097 ipsum
267 2063 349 2090 etiam
369 2067 398 2090 ct
414 2063 471 2091 alii.
488 2078 523 2083 ——
541 2073 550 2088 ‹
567 2063 598 2090 1η
611 2071 676 2098 quo.
695 2073 703 2088 ι
723 2063 755 2090 In
771 2063 840 2098 ipso,
859 2063 950 2098 inquit

164 2108 250 2139 Adam
265 2108 348 2136 simul
364 2109 507 2142 morimur,
520 2109 584 2144 quia
598 2108 626 2135 in
641 2109 701 2144 ipso
714 2109 796 2136 simul
823 2109 948 2144 peccavi-

165 2164 236 2186 mus.
252 2157 286 2185 Et
302 2157 415 2191 quidem
436 2157 482 2184 ille
506 2157 638 2192 originem
664 2157 742 2184 dedit
757 2166 763 2183 :
780 2164 830 2184 nos
858 2162 948 2185 autem

163 2207 273 2237 sumpta
291 2203 355 2230 inde
381 2203 526 2230 occasione
549 2203 652 2230 malum
673 2210 727 2230 non
746 2203 948 2238 prohibuimus,

163 2248 213 2278 sed
227 2249 317 2282 potius
327 2249 468 2284 cooperati
483 2257 588 2281 sumus,
609 2253 694 2283 utque
721 2248 756 2276 ad
781 2249 870 2284 majus
885 2257 950 2284 pro-

165 2295 495 2329 eederctnpparavimus.
516 2310 552 2315 —
573 2295 613 2322 Ne
640 2295 703 2329 quis
713 2295 786 2321 enim
811 2294 951 2330 injustitize

165 2340 252 2367 Deum
263 2346 383 2372 accuset,
404 2341 489 2375 quod,
501 2348 564 2368 cum
575 2340 660 2367 Adam
683 2340 840 2375 deliquerit,
855 2349 951 2368 omnes

166 2386 329 2418 moriamur,
344 2386 486 2421 subiungit
505 2394 512 2412 :
534 2395 543 2412 ι
570 2385 600 2412 In
626 2393 681 2420 quo
702 2393 799 2413 omnes
820 2393 952 2420 peccave-

165 2435 249 2464 runt;
265 2441 275 2458 ι
289 2439 321 2459 ac
332 2431 357 2459 si
369 2432 484 2464 diceret,
496 2431 556 2466 Ipse
571 2432 682 2466 quidem
696 2431 861 2467 principium
875 2431 952 2458 dedit

166 2482 195 2505 et
210 2485 332 2510 causam,
356 2479 430 2513 quod
450 2486 545 2506 omnes
570 2479 603 2506 ad
630 2479 718 2514 ipsius
742 2479 950 2506 similitudinem

166 2523 385 2558 peccaverimus.
403 2531 414 2549 ι
438 2523 506 2551 Nam
528 2532 615 2560 usque
643 2525 676 2552 ad
699 2525 786 2559 legem
808 2529 950 2559 peccatum

165 2573 226 2596 erat
238 2569 264 2596 in
283 2570 396 2597 mundo.
414 2580 423 2596 ι
437 2570 588 2598 Ostendere
609 2572 669 2598 vult
679 2570 753 2606 quod
775 2577 830 2597 non
847 2574 952 2596 tantum

165 2620 280 2650 propter
294 2621 435 2650 peccatum
453 2621 579 2644 nostrum
595 2617 738 2648 morimur,
750 2621 883 2650 quantum
904 2623 953 2650 per

169 2661 268 2694 Adam,
289 2662 337 2697 qui
352 2670 387 2690 ex
409 2662 598 2690 inobedientia
613 2662 695 2688 morti
717 2661 807 2688 locum
824 2661 910 2693 dedit,
925 2665 953 2689 et

166 2705 205 2734 ait
221 2716 227 2733 ε
245 2707 310 2734 Erat
323 2707 434 2742 quidem
449 2712 478 2734 et
492 2711 555 2734 ante
566 2706 653 2741 legem
670 2706 698 2733 in
718 2706 878 2733 hominibus
891 2714 954 2741 pce-

168 2757 260 2780 catum
279 2762 285 2779 :
299 2761 394 2781 verum
410 2761 464 2780 non
475 2752 662 2786 imputabatur
675 2752 715 2780 eis
734 2759 797 2779 cum
813 2760 867 2779 non
881 2758 954 2781 esset

167 2797 212 2826 lex
234 2806 296 2833 quae
325 2803 468 2833 peccatum
484 2797 664 2833 prohiberet:
684 2805 738 2825 non
759 2797 892 2832 imputate
905 2806 953 2826 au-

171 2847 226 2871 tem
243 2848 358 2879 peccato
369 2844 560 2873 moriebantur
572 2844 708 2873 homines.
720 2845 790 2879 Quid
811 2846 895 2881 ergo?
918 2853 951 2872 an

969 2219 986 2244 Ι)

996 922 1145 954 τιαοέντας.
1160 938 1195 942 -
1210 922 1308 958 [,ΦΩΤ.]
1325 922 1520 958 Σωθησόμεθα,
1546 923 1644 958 φησὶν,
1667 921 1719 948 ὑπὸ
1746 920 1788 948 τοῦ

996 969 1062 996 Θεοῦ
1078 970 1194 1001 πάντως,
1214 969 1261 996 ἐάν
1277 978 1330 1004 περ
1358 969 1436 996 αὐτοὶ
1465 969 1546 1004 μόνον
1577 969 1722 1003 θέλωμεν·
1744 967 1788 994 καὶ

996 1016 1118 1051 εἴρηνται
1132 1016 1180 1051 μὲν
1195 1016 1285 1052 μικρῷ
1297 1015 1415 1050 πρόσθεν
1429 1016 1457 1043 αἱ
1473 1015 1642 1047 ἀποδείξεις.
1654 1015 1735 1042 Ἀλλὰ
1745 1013 1789 1041 καὶ

996 1061 1039 1087 διὰ
1055 1061 1143 1094 τοῦτο,
1169 1062 1246 1097 (mal,
1262 1061 1451 1097 σωθησόμεθα.
1474 1062 1525 1089 Διὰ
1547 1063 1643 1094 ποῖον;
1666 1061 1726 1088 Ὀτι
1746 1061 1788 1087 καὶ

996 1107 1109 1134 δυνατὸν
1133 1107 1211 1134 τοῦτο
1232 1108 1280 1135 καὶ
1308 1107 1419 1142 εὔλογον
1446 1108 1493 1134 καὶ
1510 1108 1672 1135 ἀκόλουθον.
1707 1106 1787 1133 Πόοεν

996 1154 1082 1180 ταῦτα
1097 1153 1175 1189 δῆλον
1189 1162 1196 1186 ;
1223 1155 1255 1181 ὲκ
1278 1154 1325 1181 τοῦ
1340 1154 1474 1187 ἐναντίου,
1488 1155 1567 1189 φησί.
1601 1154 1660 1181 Καὶ
1688 1153 1741 1188 γὰρ
1755 1152 1787 1179 δι’

999 1199 1058 1231 ἑνὸς
1074 1199 1218 1234 ἀνθρώπου
1232 1200 1278 1226 καὶ
1292 1201 1308 1235 ὴ
1328 1200 1448 1236 ἁμαρτία
1464 1201 1592 1236 εἰσῆλθεν
1609 1201 1651 1231 εἰς
1674 1199 1720 1226 τὸν
1743 1199 1785 1224 κά·

998 1253 1076 1280 σμον,
1089 1245 1135 1271 καὶ
1146 1245 1226 1276 αὐτὸς
1244 1246 1258 1272 ὁ
1277 1245 1402 1277 θάνατος.
1414 1246 1444 1272 Εἰ
1459 1244 1506 1273 οὗν
1520 1247 1554 1273 δι’
1578 1247 1640 1277 ἑνὸς
1649 1245 1786 1280 ἀνθρώπου

997 1290 1083 1317 ταῦτα
1099 1292 1210 1325 γέγονεν
1222 1291 1288 1325 ἡμῖν
1301 1291 1336 1318 τὰ
1357 1292 1473 1327 χαλεπὰ,
1489 1292 1605 1319 δυνατὸν
1619 1293 1668 1319 καὶ
1679 1291 1786 1318 ἀκόλου-

998 1336 1043 1363 οον
1060 1336 1093 1363 δι’
1104 1337 1162 1368 ἐνὸς
1175 1337 1319 1372 ἀνθρώπου
1334 1337 1380 1364 τοῦ
1395 1338 1497 1374 Κυρίου
1513 1339 1595 1373 ἡμῶν
1617 1338 1706 1373 Ἰησοῦ
1721 1337 1772 1372 Χρι

998 1380 1072 1413 στοῦ,
1098 1382 1145 1407 καὶ
1161 1381 1195 1408 τὰ
1221 1382 1439 1417 παρεισαχοέντα
1463 1383 1644 1418 ἀναιρεθῆναι
1673 1381 1785 1418 χαλεπὰ,

998 1427 1046 1453 καὶ
1062 1427 1096 1454 τὰ
1115 1426 1217 1462 ἀμείνω
1237 1427 1393 1463 δωρηοῆναι
1421 1429 1496 1462 ἡμῖν.
1516 1429 1603 1460 Αὐτὸς
1631 1428 1660 1454 δὲ
1683 1427 1718 1454 τὰ
1742 1425 1786 1453 τοῦ

1005 1472 1090 1507 ’Δδὰμ
1106 1472 1251 1507 παραθεὶς,
1265 1473 1411 1499 κατέλιπεν
1424 1473 1495 1507 ἅπερ
1507 1473 1627 1508 ἔπραξεν
1638 1474 1652 1499 ὁ
1663 1472 1786 1507 Χριστὸς,

997 1517 1084 1550 διδοὺς
1097 1518 1176 1545 τοῦτο
1187 1519 1219 1545 ὲκ
1235 1518 1281 1546 τοῦ
1293 1518 1415 1545 ἐναντίου
1432 1519 1543 1550 ἐννοεῖν,
1559 1519 1608 1546 καὶ
1622 1520 1680 1553 ἅμα
1697 1525 1786 1553 προεικ

1000 1563 1092 1599 ρηκὼς
1108 1565 1188 1597 αὐτὰ,
1206 1564 1254 1590 καὶ
1267 1564 1380 1590 δυνατὸν
1405 1564 1544 1591 κάνταῦθα
1568 1565 1662 1591 ἐκεῖνα
1679 1572 1784 1590 συνεπι-

999 1612 1079 1638 νοεῐν·
1097 1611 1137 1638 διὸ
1152 1611 1233 1646 μόνον
1249 1610 1298 1645 τὴν
1311 1611 1467 1646 παραϐολὴν
1479 1610 1618 1646 προτάξας
1625 1612 1662 1642 ὡς
1675 1609 1786 1643 ἐφελκυ-

1000 1656 1091 1684 στικδν
1108 1657 1213 1683 ἐκείνου
1227 1656 1274 1684 τοῦ
1291 1657 1435 1692 νοήματος.
1462 1657 1587 1683 Ἀπαιτεῖ
1602 1656 1657 1691 γὰρ
1682 1655 1786 1686 πάντως

998 1703 1028 1729 τὺ
1043 1703 1140 1740 είπείν,
1161 1703 1266 1738 Ὥσπερ
1278 1703 1348 1734 τόδε,
1367 1703 1413 1729 καὶ
1426 1703 1456 1729 τὸ
1471 1702 1628 1735 ἀκόλουθον,
1642 1699 1708 1733 οἷον,
1720 1701 1787 1726 οὓτω

1001 1749 1048 1775 καὶ
1070 1749 1139 1775 τάδε.
1163 1748 1231 1774 Ἀλλ’
1255 1748 1292 1779 ὡς
1318 1748 1423 1783 ἔφημεν
1441 1747 1485 1774 διὰ
1508 1747 1560 1782 τῆς
1586 1746 1744 1782 παραϐολῆς
1759 1744 1785 1770 τὸ

999 1793 1144 1820 ἀκόλουθον
1170 1794 1368 1828 ἐνδειξάμενος.
1395 1794 1485 1829 ῥητῶς
1501 1794 1531 1820 οὐ
1559 1794 1706 1829 παρέθετο,
1732 1790 1785 1818 ἀλλ’

1000 1840 1098 1871 αὐτοὺς
1124 1841 1198 1875 ἡμᾶς
1228 1841 1395 1866 ουνεπινοεῖν
1422 1840 1620 1875 προετρέψατο.
1656 1849 1666 1864 ‹
1685 1837 1741 1872 Ἐφ’
1765 1832 1785 1870 ᾧ

1001 1886 1102 1917 πάντες
1115 1886 1250 1921 ἥμαρτον.
1270 1895 1279 1912 ι
1306 1886 1364 1920 Ἐφ’
1381 1884 1403 1920 ᾧ
1423 1886 1519 1921 ’Δδὰμ,
1551 1886 1568 1921 ἢ
1584 1886 1618 1913 δι’
1635 1885 1665 1912 ὃν
1683 1885 1783 1918 ’Δδάμ¹

1001 1932 1069 1966 ἧὶίτι
1091 1932 1134 1958 ἐπ’
1146 1931 1219 1966 αὐτῷ
1233 1932 1279 1958 καὶ
1293 1933 1317 1958 oi
1329 1932 1414 1959 ἄλλοι.
1433 1945 1467 1951 -
1486 1931 1588 1968 [ΦΩΤ.]
1611 1942 1620 1958 ‹
1639 1931 1698 1966 Ἐφ’
1772 1937 1780 1954 Ι

1007 1977 1069 2004 Ἐπὶ
1101 1977 1207 2013 τούτῳ,
1237 1978 1314 2012 φησὶ,
1332 1976 1593 2012 συναποθνήσκομεν
1625 1976 1664 2012 τῷ
1695 1975 1783 2009 ’Δδὰμι

1001 2023 1044 2058 ἐφ’
1057 2020 1079 2057 ᾧ
1091 2023 1137 2050 καὶ
1155 2023 1407 2058 συναμαρτάνομεν.
1420 2024 1475 2050 Καὶ
1486 2023 1537 2058 τὴν
1554 2023 1605 2058 μὲν
1622 2021 1708 2057 ἀρχὴν
1720 2021 1784 2046 ἐκεῖ·

1000 2077 1045 2100 νος
1058 2068 1193 2104 παρέσχεν
1207 2092 1215 2102 ,
1231 2070 1311 2104 ἡμεῖς
1328 2069 1350 2095 δ’
1365 2068 1470 2095 ἐκεῖθεν
1484 2069 1534 2103 τὴν
1552 2069 1681 2103 ἀφορμὴν
1694 2065 1783 2093 λαϐόν-

1000 2122 1045 2146 τες
1055 2134 1062 2146 ,
1078 2115 1127 2141 οὐκ
1146 2114 1324 2149 ἐκωλύσαμεν
1339 2114 1369 2141 τὸ
1390 2114 1485 2146 κακὸν,
1501 2113 1570 2140 ἀλλὰ
1584 2114 1631 2140 καὶ
1659 2110 1783 2146 συνεργή-

1003 2169 1098 2195 σαμεν,
1124 2161 1170 2187 καὶ
1185 2161 1231 2187 ἐπὶ
1254 2161 1325 2196 μέγα
1341 2162 1468 2197 χωρῆσαι
1485 2161 1740 2196 παρεσκευάσιμεν.
1752 2170 1782 2176 —-

1005 2205 1175 2243 [ΟΙΚΟΥΜ.]
1201 2207 1260 2235 Ἵνα
1289 2207 1343 2242 γὰρ
1364 2207 1402 2242 μὴ
1415 2216 1456 2239 τις
1481 2207 1588 2233 ἀδικίαν
1604 2205 1735 2240 ἐγκαλέσῃ
1748 2201 1781 2236 τῷ

1003 2252 1071 2286 Θεῷ,
1084 2252 1124 2278 ὃτι
1137 2252 1183 2278 τοῦ
1192 2252 1277 2286 Ἀδὰμ
1291 2251 1465 2283 πταίσαντος,
1479 2253 1559 2287 ἡμεῖς
1571 2251 1779 2285 ἀποθνήσκομεν,

1003 2298 1099 2331 ἐπάγει
1113 2305 1119 2311 ·
1141 2307 1150 2323 ε
1167 2298 1224 2331 Ἐφ’
1238 2295 1260 2330 ᾧ
1276 2298 1376 2329 πάντες
1397 2298 1520 2333 ἥμαρτον
1531 2305 1537 2312 ·
1559 2307 1568 2323 ι
1588 2297 1652 2323 ὡσεὶ
1676 2295 1762 2327 ἔλεγεν
1773 2300 1780 2306 ”

1004 2344 1087 2374 Αὐτὸς
1104 2343 1153 2377 μὲν
1178 2335 1227 2377 τὴν
1241 2342 1328 2378 ἀρχὴν
1355 2344 1476 2379 παρέςχε
1490 2344 1537 2370 καὶ
1555 2344 1604 2379 τὴν
1624 2342 1720 2374 αίτίαν,
1743 2340 1780 2365 ὅτι

1002 2389 1102 2419 πάντες
1117 2389 1275 2423 ἡμάρτομεν
1289 2388 1358 2414 κατὰ
1373 2388 1421 2423 τὴν
1429 2389 1559 2423 ὁμοίωσιν
1572 2388 1666 2415 αὑτοῦ.
1684 2396 1693 2412 ι
1706 2387 1780 2419 Ἄχρι

1003 2433 1056 2468 γὰρ
1068 2433 1151 2468 νόμου
1168 2434 1289 2468 ἁμαρτία
1304 2432 1337 2469 ἦν
1349 2434 1376 2459 ὲν
1398 2434 1503 2469 κόσμῳ.
1524 2444 1533 2460 ι
1559 2434 1636 2461 Θέλει
1650 2432 1732 2464 δεῖξαι
1745 2431 1781 2457 ὅτι

1003 2479 1033 2505 οὗ
1049 2478 1175 2505 τοσοῦτον
1200 2479 1243 2505 διὰ
1256 2479 1305 2511 τὰς
1319 2478 1459 2515 ἁμαρτίας
1475 2479 1553 2514 ἡμῶν
1570 2479 1778 2512 ἀπρονὴσιίομενν

1003 2523 1064 2549 ὅσον
1081 2523 1125 2550 διὰ
1141 2526 1186 2550 τδν
1206 2524 1300 2558 Ἀδὰμ,
1316 2525 1406 2559 χώραν
1419 2525 1554 2551 δεδωκότα
1574 2524 1613 2560 τῷ
1628 2523 1730 2556 θανάτῳ
1751 2520 1780 2545 ἐκ

1003 2567 1053 2602 τῆς
1067 2570 1219 2604 παρακοῆς,
1231 2570 1276 2596 καί
1300 2578 1380 2604 φησιν
1394 2577 1400 2583 ·
1423 2568 1478 2596 Ἦν
1493 2570 1542 2604 μὲν
1558 2572 1614 2601 τοῖς
1637 2568 1780 2602 ἀνθρώποις

1004 2614 1052 2640 καὶ
1063 2614 1116 2649 πρὸ
1130 2614 1176 2641 τοῦ
1192 2616 1275 2650 νόμον
1290 2617 1305 2649 ἡ
1332 2615 1463 2650 ἁμαρτία,
1492 2616 1562 2651 πλὴν
1586 2617 1635 2642 οὐκ
1655 2612 1779 2647 ἐλογίζετο

1005 2661 1095 2692 αὐτοῖς
1107 2662 1150 2688 διὰ
1163 2662 1192 2688 τὸ
1211 2662 1248 2697 μὴ
1268 2660 1335 2688 εἶναι
1349 2662 1430 2696 νόμον
1451 2661 1495 2688 τὸν
1509 2661 1712 2697 ἀπαγορεύοντα
1736 2658 1780 2690 τὴν

1006 2707 1158 2742 ἁμαρτίαν
1180 2707 1217 2742 μὴ
1237 2707 1414 2741 λογιζομένης
1435 2706 1481 2734 οὖν
1495 2709 1546 2744 τῆς
1570 2707 1718 2742 ἁμαρτίας,
1734 2703 1780 2729 ἀπ-

1007 2753 1137 2787 έθνησκον
1145 2754 1168 2778 οἱ
1183 2753 1330 2787 ἄνθρωποι.
1344 2754 1375 2779 Τί
1391 2754 1421 2788 δὴ
1437 2763 1501 2780 ποτε
1514 2764 1521 2787 ;
1536 2755 1606 2788 ’Λρα
1617 2753 1645 2779 οὑ
1660 2749 1780 2786 πρόδηλον

1006 2799 1046 2824 ὅτι
1061 2799 1103 2824 διὰ
1119 2798 1166 2832 τὴν
1190 2798 1235 2824 τοῦ
1254 2799 1338 2833 Ἀδὰμ
1365 2799 1543 2833 xuto’ixpmv;
1563 2814 1594 2818 -κ
1611 2797 1660 2824 Καὶ
1677 2795 1780 2824 ἄλλως·

1007 2843 1106 2881 [σίιΩΤ.1
1120 2845 1209 2871 Εἰπὼν
1234 2855 1243 2870 ‹
1266 2845 1323 2879 Ἐξ
1339 2841 1360 2877 ᾧ
1375 2845 1474 2876 πάντες
1496 2845 1630 2881 ἥμαρτον,
1658 2852 1666 2868 ι
1688 2841 1726 2867 ἵνα
1747 2837 1778 2872 μή
