1878 3054
72 201 125 232 417

593 198 783 228 CUMMENT.
807 198 845 227 ΙΝ
864 198 867 227 1

955 198 980 226 Γ.
996 197 1046 227 AD
1066 197 1156 228 ΗΘΜ.
1492 200 1507 210 ‘

1650 195 1704 229 418

71 267 112 290 τις
126 257 206 294 εἴπῃ·
220 256 275 284 Καὶ
292 256 350 288 πῶς
364 253 398 291 ἦν
411 256 544 291 ἁμαρτεῖν
560 255 643 290 νόμου
659 255 696 290 μὴ
706 255 796 287 hung;
813 255 864 281 Αὖ-

957 263 973 280 n
988 253 1164 280 manifestum
1182 257 1223 280 est
1239 253 1311 288 quod
1326 253 1352 281 id
1371 253 1417 280 flat
1431 258 1542 289 propter
1556 251 1620 280 Adae
1635 261 1705 282 con-

72 304 116 335 τὸς
130 303 187 338 γὰρ
205 303 238 330 σὺ
261 302 388 338 ἀνωτέρω
403 301 481 337 ἔφης,
500 301 561 327 ’Ὁτι
577 298 607 328 οὗ
630 301 679 327 οὐχ
704 301 760 326 ἐστι
774 301 865 335 νόμος,

72 349 134 376 οῦδὲ
165 347 334 383 παράϐασις.
366 347 553 382 Παρασάσεως
573 347 600 372 δὲ
629 346 666 381 μὴ
689 345 782 380 οὔσης,
805 346 866 371 οὖεέ

73 394 198 430 ἁμαρτία
222 394 354 428 δηλονότι.
376 393 438 425 Πῶς
463 390 510 420 οὖν
531 392 638 428 διῆλθεν
664 393 678 418 ό
698 392 811 422 θάνατος
827 392 866 422 εἰς

74 441 190 471 πάντας,
209 439 255 474 ἐφ’
275 437 300 473 ᾧ
314 440 412 470 πάντες
428 439 553 475 ἥμαρτον
567 447 574 471 ;
592 439 650 464 Ἵνα
674 435 721 464 οὖν
736 437 775 472 μὴ
824 446 865 468 τι;

72 486 159 520 λέγων
171 485 262 517 τοῦτο,
277 485 420 519 προλαῦὼν
434 484 493 511 λύει
505 483 556 518 τὴν
572 483 700 518 ἀπορίαν,
711 483 758 509 καὶ
772 483 864 518 φησιν,

72 530 112 556 ὅτι
126 527 160 565 ἦν
183 529 233 556 καὶ
251 530 305 564 πρὸ
320 529 367 556 τοῦ
389 529 481 564 νόμου.
503 528 671 564 Ἐπράττετο
682 528 747 562 γὰρ,
766 527 812 554 καὶ
834 527 866 553 τὸ

75 577 286 613 πραττόμενον,
315 577 365 602 οὐκ
394 575 454 602 ἐστι
483 575 521 610 μὴ
548 574 683 609 γενέσθαι.
710 572 764 600 Ἦν
778 570 825 600 οὖν
847 574 864 608 η

74 622 210 657 ἁμαρτία,
242 622 300 649 ἀλλ’
319 622 368 656 οὐχ
383 622 468 652 οὕτως
483 621 566 647 ¹πᾶσιν
591 619 735 654 ἐλογίζετο,
751 619 805 645 οὐδ’
824 619 865 650 εἰς

73 668 136 694 ὅσον
153 669 240 704 χωρεί
261 668 397 703 τιμωρίας
421 667 477 693 τῶν
498 665 728 702 ἁμαρτανομένων
750 664 864 691 ἕκαστον

73 714 249 750 ἐγνωριζετο.
277 714 331 740 Τοῦ
352 713 380 739 δὲ
407 713 489 748 νόμου
506 712 636 744 τάξαντος
660 712 707 738 καὶ
720 711 864 746 ὁρίσαντος

73 760 122 792 τὰς
137 760 284 796 τιμωρίας,
306 760 353 786 καὶ
371 759 414 786 διὰ
427 760 475 794 τῆς
489 757 668 793 ποινηλασίας
687 756 864 792 ἐκδηλότερον

75 806 159 838 αὑτάς
170 805 404 841 καταστήσαντος,
420 805 467 831 καὶ
482 804 517 831 τά
529 803 632 839 μεγέθη
662 802 715 829 τῶν
736 802 862 837 ἁμαρτη-

76 852 169 887 μάτων
186 852 401 887 ἐμφανίσαντος,
431 850 531 886 μᾶλλον
553 849 601 876 καὶ
629 849 712 875 πᾶσιν
740 847 864 881 ἐγένοντο

74 897 218 933 γνώριμοι,
235 898 281 924 καὶ
298 896 401 932 συνετῷ
412 898 459 923 καὶ
473 897 604 931 ἀσυνέτῳ,
615 896 662 923 καὶ
670 896 723 930 νέῳ
736 895 783 922 καὶ
797 903 862 930 πρε-

75 943 170 980 σϐύτῃ,
188 944 235 970 καὶ
248 945 357 978 γυναικὶ
371 943 416 970 καὶ
428 943 516 978 άνδρί.

918 299 1147 326 dcmnationem?
1172 299 1236 326 Item
1251 305 1274 326 τι
1299 299 1352 326 alio
1371 300 1457 327 modo.
1483 299 1551 327 Cum
1578 298 1703 332 dixisset,

922 355 929 369 ι
947 344 974 371 lu
991 352 1045 379 quo
1056 352 1151 371 omnes
1164 349 1359 379 peccaverunt,
1383 354 1391 369 ι
1405 353 1438 371 ne
1452 345 1514 380 quis
1527 344 1632 371 diceret
1648 354 1653 370 :
1672 345 1705 370 Et

917 399 972 425 quo
983 390 1064 417 ntodo
1075 390 1206 425 possibile
1218 396 1277 417 erat
1286 399 1401 425 peccare
1415 399 1477 418 cum
1490 399 1543 417 non
1555 396 1627 418 esset
1640 390 1705 417 lex?

916 436 983 463 Nam
995 441 1022 463 tu
1033 436 1090 471 ipse
1100 436 1127 463 in
1138 436 1429 470 superioribusdixisti
1443 446 1448 463 :
1465 436 1516 464 Ubi
1530 444 1584 462 non
1593 441 1635 462 est
1649 436 1703 468 lex,

917 482 952 509 ibi
961 490 1010 509 nec
1018 483 1208 518 transgressio.
1215 483 1291 516 Quod
1301 483 1322 510 si
1332 491 1385 510 non
1395 484 1584 517 transgressio,
1592 482 1704 518 planum

914 532 957 555 est
967 529 1039 563 quod
1063 537 1112 557 nec
1128 535 1269 564 peccatum
1280 530 1343 557 erit.
1365 530 1507 562 Quomodo
1516 537 1581 564 ergo
1595 537 1668 556 mors
1676 531 1705 556 in

915 581 1010 602 omnes
1019 574 1187 609 pertransiit,
1198 571 1277 608 ὲφ“ᾧ,
1288 575 1351 609 (hoc
1360 582 1411 606 est,
1422 575 1449 602 in
1455 583 1488 602 eo
1495 575 1567 610 quod
1577 575 1618 602 vel
1629 576 1705 610 quia)

914 627 1010 647 omnes
1026 621 1230 654 peccaverunt?
1243 621 1281 648 Ne
1292 621 1354 656 quis
1364 629 1430 656 ergo
1440 621 1493 648 hoc
1507 621 1590 653 dicat,
1601 629 1705 656 praeve-

914 666 993 693 niens
1005 666 1087 694 solvit
1096 666 1348 702 ambiguitatem,et
1359 667 1397 695 ait
1410 667 1483 702 quod
1496 668 1578 694 etiam
1588 672 1650 694 ante
1664 667 1704 695 Ie-

914 719 975 747 gem
990 718 1050 740 erat
1063 718 1205 748 peccatum
1214 722 1286 740 :nam
1299 714 1520 749 perpetrabalur,
1529 715 1602 749 quod
1612 718 1703 742 autem

915 757 1126 792 perpetrabatur
1157 766 1212 786 non
1234 764 1324 793 potest
1351 767 1408 786 non
1432 759 1527 786 fuisse.
1556 760 1620 786 Erat
1638 767 1704 794 ergo

915 808 1070 837 peccaturo,
1103 804 1151 831 sed
1178 812 1233 832 non
1258 805 1327 832 adeo
1351 805 1481 832 omnibus
1507 805 1703 840 impntabatur.

915 848 1014 876 Nullus
1026 855 1140 877 noverat
1155 855 1288 885 quantum
1300 850 1429 885 supplicii
1442 850 1499 878 luat
1511 851 1627 885 quisque
1641 858 1705 885 pec-

917 901 1005 924 cator.
1023 896 1108 923 Porro
1121 896 1180 932 lege
1193 897 1348 929 ordinante,
1369 905 1518 938 poenasque
1541 897 1704 928 dcfiniente,

880 927 902 957 B
916 948 948 969 ac
961 949 1011 976 per
1026 949 1170 976 pinnarum
1183 941 1368 976 frequentiam
1381 934 1441 970 illas
1454 942 1627 970 manifestius
1638 950 1704 969 con-

73 991 216 1022 stituente,
230 995 259 1018 et
270 991 474 1026 magnitudines
491 995 667 1026 peceatortnn
689 989 858 1021 declarantc,
881 989 1011 1017 omnibus
1034 990 1119 1025 magis
1144 995 1207 1018 nota
1223 989 1334 1024 fiebant,
1366 994 1421 1018 tam
1456 990 1586 1025 prudenti
1620 998 1703 1024 quam

74 1037 257 1070 imprudenti,
269 1037 365 1073 juveni
378 1045 409 1064 ac
423 1036 494 1069 seni,
512 1037 621 1064 mulieri
634 1044 666 1064 ac
684 1037 754 1064 viro.

107 1083 158 1109 Διὰ
174 1083 255 1109 τοῦτο
265 1081 312 1110 οὖν
329 1083 382 1118 πρὸ
398 1082 445 1109 τοῦ
456 1083 539 1116 νόμον
556 1083 604 1118 οὐχ
615 1083 715 1117 ὁμοίως
729 1081 867 1116 ἐλογίζετο

73 1130 90 1164 ἡ
105 1128 241 1164 ἁμαρτία,
263 1129 305 1155 ὅτι
319 1137 348 1155 τε
369 1130 417 1164 οὺχ
444 1128 545 1164 ὥριστο
570 1130 586 1163 η
608 1128 738 1164 τιμωρία,
763 1128 809 1154 καὶ
825 1128 865 1154 ὅτι

73 1175 132 1201 οὐδὲ
143 1174 176 1201 τὸ
195 1174 310 1209 μέγεθος
324 1175 413 1202 αὐτῶν
429 1174 552 1210 ἀκριϐῶς
569 1175 745 1208 ἐγινώσκετο,
765 1173 810 1200 καὶ
822 1173 863 1199 ὅτι

73 1219 133 1246 οὐδὲ
149 1219 221 1245 κατὰ
235 1219 319 1250 πόδας
331 1219 471 1254 ἠκολούθει
484 1221 540 1251 τοῖς
556 1218 765 1255 πλημμελοῦσιν
788 1219 804 1253 ἡ
819 1227 862 1244 τι-

74 1263 176 1299 μωρία.
203 1264 343 1296 Ἐπεὶ,ὅτι
361 1261 395 1298 ἦν
422 1265 439 1299 ὴ
466 1264 599 1300 ἁμαρτία,
626 1264 672 1290 καὶ
700 1263 751 1295 δτι,
769 1264 793 1289 εἰ
815 1263 862 1290 καὶ

73 1310 143 1344 μιτά
157 1309 261 1344 πολλῆς
274 1309 373 1344 ἀνοχῆς
389 1310 436 1336 καὶ
462 1309 664 1345 μακροθυμίας,
677 1310 751 1344 ὅμως
765 1310 863 1344 ἐπιμε-

73 1356 172 1382 νόντων
188 1355 278 1382 αὐτῶν
293 1357 339 1382 καὶ
349 1355 466 1387 ἀνιάτως
481 1356 606 1390 ἐχόντων,
622 1356 649 1382 αἱ
664 1355 719 1382 τῶν
732 1355 813 1381 δικῶν
824 1355 865 1386 εἰς

74 1401 190 1437 πράξεις
204 1401 336 1435 ἐγίνοντο,
354 1403 489 1437 μαρτυρεῖ
504 1402 597 1436 σαφῶς
610 1401 645 1429 τά
662 1410 690 1428 τε
709 1400 863 1436 Σοδομιτῶν

72 1448 160 1485 πάθη,
181 1449 228 1475 καὶ
247 1449 344 1483 πρόζγε
363 1447 457 1475 τούτου
467 1448 497 1474 τὸ
508 1448 595 1475 κοινὸν
613 1448 740 1481 ναυάγιον
752 1449 766 1474 6
783 1455 866 1474 κατα-

73 1494 208 1529 κλυσμὸς,
223 1496 271 1521 καὶ
289 1494 393 1521 τοιαῦθ’
410 1494 504 1530 ἕτερα.
521 1492 576 1521 Ἦν
590 1494 636 1520 οὖν
647 1496 664 1530 ὴ
680 1494 802 1529 ἁμαρτία
811 1493 863 1528 πρὸ

72 1541 121 1568 τοῦ
144 1541 239 1576 νόμου,
254 1542 302 1568 καὶ
321 1541 464 1575 ἐλογίζετο,
492 1540 550 1567 ἀλλ’
564 1541 614 1576 οὐχ
630 1541 716 1571 οὕτως
739 1540 776 1572 ὡς
793 1540 861 1575 μετὰ

72 1587 120 1614 τὸν
133 1588 228 1622 νόμον.
245 1587 326 1614 Ὥστε
342 1587 424 1622 ἄμφω
438 1587 527 1618 καλῶς
544 1588 627 1622 ἔχειν,
643 1587 689 1613 καὶ
705 1587 736 1612 τὸ
749 1586 860 1620 male”

72 1635 113 1665 εἰς
127 1634 232 1665 πάντας
245 1633 405 1668 ἀνθρώπους
415 1633 429 1659 ὁ
437 1633 562 1665 Θάνατος,
573 1634 619 1668 ἐφ’
627 1630 651 1666 ᾧ
663 1634 761 1665 πάντες
772 1633 862 1668 ἥμαρ-

73 1688 130 1712 τον,
142 1680 191 1706 καὶ
204 1679 244 1709 τὸ.
259 1676 297 1707 Οὖ
309 1680 362 1716 γάρ
376 1680 427 1706 οὐκ
443 1680 500 1706 ἐστι
512 1680 605 1714 νόμος,
621 1679 681 1706 οὺδέ
697 1679 862 1715 παράϐασις.

73 1726 191 1752 Λέλυται
207 1726 262 1762 γὰρ
279 1727 309 1752 τὸ
330 1725 425 1753 δοκοῦν
439 1725 622 1758 ἀντιπίπτειν,
646 1725 690 1752 διᾶ
714 1725 761 1752 τοῦ
777 1726 862 1751 ειπεῖν

72 1771 119 1797 τὸν
133 1770 278 1798 θεσπέσιον
295 1772 417 1804 Παῦλον,
443 1780 452 1798 ι
464 1772 546 1807 ’Λχρι
558 1771 612 1807 γὰρ
628 1771 711 1806 νόμου
741 1770 863 1806 ἁμαρτία

72 1814 107 1851 ἦν
123 1817 151 1843 ἐν
165 1817 271 1851 κόσμῳ,
285 1826 294 1842 ι
311 1818 359 1843 καὶ
370 1817 442 1852 ἑξῆς.
455 1815 534 1844 Εἶτα·
554 1826 562 1843 ι
577 1817 647 1843 Ἀλλ’
658 1816 839 1843 ’ἐΰασίλευσεν
850 1817 864 1843 ό

74 1862 203 1893 θάνατος,
224 1871 234 1888 ι
251 1862 390 1889 τουτέστιν
407 1863 447 1894 εἰς
471 1862 581 1898 ἔννομον
598 1863 724 1895 ἐξουσίαν
736 1862 862 1897 ἐλογίσθη

77 1907 162 1934 αὑτοῦ
173 1908 190 1943 ἡ
200 1908 338 1942 τυραννὶς,
351 1908 390 1943 τῷ
404 1917 433 1934 τε
447 1908 535 1944 χρόνῳ
546 1907 795 1944 σεμνυνομένη,καὶ
809 1909 864 1939 τοῖς

73 1953 154 1988 ἡμῶν
164 1953 348 1988 ἁμαρτήμασι
361 1953 576 1988 κρατυνομένη,ι
591 1953 645 1980 ἀπὸ
661 1953 772 1988 Ἀδὰμ,›
786 1952 862 1988 φησι,

73 1998 121 2025 τοῦ
137 1998 212 2025 κατὰ
223 1998 379 2033 παράϐασιν
392 1998 502 2033 ἐντολῆς
513 1998 765 2033 νενομοθετημένης
775 1998 865 2032 άμαρ-

73 2045 222 2080 τήσαντος.
241 2044 408 2080 ἈπδἊδὰμ
437 2043 485 2071 οὖν
511 2045 525 2070 6
552 2044 667 2076 θάνατος
695 2043 863 2077 ἐὸασίλευσε,

73 2091 212 2122 τουτέστι,
229 2090 288 2117 κατ’
304 2090 428 2123 ἐξουσίαν
448 2090 549 2126 πολλὴν
571 2091 719 2126 ἐκράτησε,
746 2090 794 2116 καὶ
819 2090 865 2116 ἐπὶ

74 2138 137 2168 τοὺς
164 2137 204 2172 μὴ
222 2138 268 2164 ἐπὶ
282 2137 322 2172 τῷ
340 2137 495 2173 ὁμοιώματι
510 2137 556 2164 τοῦ
572 2138 658 2172 ’Λδὰμ
682 2138 862 2173 ἁμαρτήσαν-

75 2190 132 2214 τας.
146 2183 237 2218 Μέχρι
246 2183 348 2216 τίνοςςι
361 2184 451 2219 Μέχρι
463 2183 508 2210 τοῦ
518 2183 701 2215 Μωσέως.ιοὶ
715 2183 770 2219 γάρ
781 2191 864 2218 μετα-

76 2229 105 2260 ξὺ
119 2228 210 2263 ’Δδᾶμ
222 2229 269 2255 καὶ
291 2229 422 2261 Μωσέως,
446 2230 570 2265 ἥμαρτον
594 2229 653 2264 μὲν,
668 2229 727 2255 ἀλλ’
741 2229 800 2263 οὐχὶ
820 2229 866 2255 ἐπὶ

75 2274 112 2310 τῷ
137 2274 294 2310 ὁμοιώματι
309 2275 358 2309 τῆς
384 2274 431 2301 τοῦ
447 2275 534 2310 Ἀδάμ
553 2275 745 2310 παρασάσεως.
774 2275 802 2301 '0
817 2275 866 2309 μὲν

75 2321 130 2356 γάρ
153 2321 310 2356 ὡρισμένην
334 2321 381 2347 καὶ
405 2320 632 2356 νομοθετηθεῖσαν
661 2321 772 2355 ἐντολὴν
798 2320 866 2347 Θεοῦ

954 1077 1034 1114 265
1064 1071 1214 1112 Propterea
1239 1085 1305 1113 ergo
1329 1082 1393 1106 ante
1416 1078 1502 1114 legem
1525 1085 1580 1104 non
1604 1077 1702 1104 eodem

918 1124 1372 1164 modoimputabaturyeceatum,
1399 1132 1433 1152 eo
1457 1125 1532 1159 quod
1551 1132 1606 1150 non
1629 1129 1704 1151 esset

915 1171 1027 1199 deﬁnita
1039 1179 1130 1206 pinna,
1149 1176 1177 1199 et
1190 1171 1264 1206 quod
1281 1170 1440 1206 magnitudo
1460 1177 1556 1198 eorum
1567 1178 1622 1197 non
1635 1177 1702 1197 exa-

914 1222 957 1245 cte
972 1222 1198 1252 cognosceretur,
1215 1221 1243 1244 et
1261 1217 1326 1252 quia
1338 1220 1485 1251 peccantes
1495 1224 1550 1243 non
1567 1216 1703 1250 sequeba-

913 1269 960 1291 tur
973 1271 989 1291 e
1002 1263 1120 1298 vestigio
1136 1271 1228 1298 pwna.
1250 1262 1351 1290 Verum
1366 1262 1439 1296 quod
1454 1257 1527 1289 esset
1548 1267 1702 1296 peccatum,

913 1314 940 1337 et
957 1309 1042 1345 quod,
1062 1309 1127 1336 licet
1141 1316 1310 1344 cummagna
1325 1308 1469 1336 tolerantia
1489 1313 1516 1335 et
1538 1308 1704 1343 longanimi-

916 1359 982 1388 tate,
1001 1356 1024 1383 si
1042 1360 1134 1383 tamen
1149 1355 1297 1390 manebant
1314 1355 1341 1382 in
1363 1355 1481 1389 peccatis
1501 1359 1636 1388 erantque
1661 1354 1704 1380 in-

916 1402 1167 1436 eurabiles,paznaa
1187 1401 1291 1428 fuerint
1317 1404 1419 1428 secuta:
1442 1407 1540 1435 pravas
1569 1399 1702 1432 actiones,

917 1452 1012 1482 aperte
1030 1451 1148 1474 testatur
1169 1446 1312 1474 calamitas
1333 1445 1538 1473 Sodomitarum
1553 1444 1586 1475 ".
1601 1449 1629 1471 et
1640 1448 1703 1471 ante

915 1493 988 1521 lianc
1005 1493 1162 1521 universale
1176 1491 1348 1527 naufragium
1361 1492 1418 1518 sive
1437 1490 1571 1517 diluvium
1585 1491 1616 1522 "‘.
1634 1490 1703 1517 alia-

914 1547 967 1574 que
981 1538 1152 1574 hujusmodi.
1170 1537 1236 1564 Erat
1260 1537 1352 1571 itaque
1377 1540 1519 1570 peccatum
1537 1541 1600 1562 ante
1615 1536 1702 1569 legem

914 1589 942 1612 et
956 1585 1157 1620 imputabatur,
1171 1583 1220 1611 sed
1233 1591 1287 1610 non
1301 1583 1338 1610 ita
1353 1587 1382 1609 ut
1396 1586 1458 1616 post
1477 1581 1575 1615 legem.
1591 1580 1704 1607 Utrum-

916 1637 971 1665 que
985 1637 1052 1665 ergo
1067 1629 1138 1657 bene
1162 1636 1192 1656 se
1211 1627 1307 1658 habet.
1322 1634 1354 1654 ac
1380 1635 1475 1653 verum
1498 1632 1540 1653 est
1557 1635 1562 1652 :
1577 1630 1605 1652 et
1629 1625 1703 1659 quod

918 1675 1224 1712 pertransiitinomnes
1242 1672 1368 1700 homines
1382 1679 1467 1703 mors,
1481 1667 1555 1705 ὲφ’ᾧ
1573 1671 1637 1704 (hoc
1659 1674 1703 1697 est

915 1723 942 1750 in
957 1731 989 1750 co
1002 1721 1075 1757 quod
1090 1721 1131 1748 vel
1145 1720 1221 1755 quia)
1244 1727 1340 1747 omnes
1355 1723 1548 1754 peccaverunt,
1576 1721 1603 1743 et
1629 1716 1702 1751 quod

915 1769 962 1797 ubi
979 1777 1034 1796 non
1045 1773 1087 1796 est
1102 1769 1155 1799 lex,
1176 1767 1216 1794 ibi
1239 1775 1291 1794 nec
1310 1765 1491 1800 transgressio
1507 1773 1513 1791 :
1529 1769 1557 1791 et
1582 1764 1702 1790 solutum

913 1819 956 1843 est
971 1815 1044 1850 quod
1059 1813 1200 1842 adversari
1215 1812 1370 1843 videbatur,
1387 1819 1435 1846 per
1449 1810 1522 1845 quod
1545 1809 1647 1837 dixerit
1662 1808 1705 1836 di—

913 1861 995 1887 vinus
1005 1859 1117 1887 Paulus.
1131 1867 1141 1884 ι
1160 1858 1227 1885 Nam
1240 1864 1326 1892 usque
1342 1856 1375 1882 ad
1392 1856 1478 1890 legent
1492 1859 1633 1889 peccatum
1643 1857 1704 1881 erat

914 1906 942 1933 in
956 1904 1069 1937 mundo,
1086 1914 1095 1931 p
1115 1908 1170 1932 etc.
1188 1903 1333 1930 Praeterea:
1352 1911 1361 1926 ι
1374 1901 1428 1928 Sed
1444 1900 1568 1935 regnavit
1589 1907 1672 1929 mors,
1689 1908 1698 1924 ι

915 1951 968 1979 hoc
983 1954 1037 1983 est,
1054 1951 1082 1977 in
1109 1956 1215 1984 aequam
1233 1954 1262 1974 et
1275 1948 1377 1982 justam
1395 1949 1558 1980 potestatem
1570 1944 1702 1978 imputata

914 2002 961 2029 est
970 1997 1030 2032 ejus
1045 1996 1178 2032 tyrannis,
1207 1999 1235 2022 et
1256 1993 1438 2020 diuturnitate
1461 1991 1581 2026 glorians
1601 1994 1630 2017 et
1650 1997 1703 2016 no-

915 2044 981 2071 stris
988 2043 1109 2078 peccatis
1120 2041 1205 2068 robur
1214 2039 1402 2074 concipiens!
1417 2037 1451 2064 ab
1468 2037 1582 2066 Adam,n
1599 2035 1702 2070 inquit,

915 2091 963 2126 qui
980 2093 1143 2126 peccaverat
1164 2087 1382 2123 transgressione
1403 2083 1598 2120 pratceptiper
1616 2082 1703 2117 legem

916 2137 970 2164 sibi
980 2135 1113 2171 impositi.
1121 2134 1162 2162 Ab
1174 2133 1260 2161 Adam
1272 2132 1355 2168 igitur
1363 2139 1438 2158 mors
1448 2129 1581 2165 regnavit,
1592 2129 1702 2159 ltocest,

916 2183 1002 2210 multa
1011 2185 1146 2217 potestate
1163 2179 1347 2214 principatum
1364 2176 1544 2210 tenuitetiam
1559 2182 1644 2208 super
1655 2181 1704 2200 eos

916 2228 963 2263 qui
982 2236 1038 2254 non
1055 2227 1087 2254 ad
1098 2226 1310 2254 similitudinem
1323 2224 1411 2252 Adam
1420 2223 1603 2257 deliquerant.
1613 2220 1704 2253 Quan-

917 2275 978 2302 diu?
988 2274 1095 2308 «Usque
1105 2273 1139 2301 ad
1152 2272 1345 2300 Mosen.tNam
1353 2271 1400 2306 qui
1411 2270 1483 2297 inter
1494 2268 1580 2296 Adam
1591 2267 1704 2294 fuerunt

917 2325 945 2347 et
957 2320 1060 2352 Mosen,
1072 2322 1258 2354 peccaverunt
1266 2317 1387 2352 quidem,
1399 2321 1426 2343 at
1435 2323 1490 2342 non
1500 2314 1534 2341 ad
1545 2312 1706 2341 similitudi-

77 2367 186 2402 παρέὸη
199 2368 247 2394 καὶ
255 2367 389 2402 ἥμαρτεν.
400 2367 468 2394 Οἱδέ
489 2367 656 2403 ἡμάρτανον,
669 2368 714 2394 τὸν
728 2367 867 2394 αὐτοδίδα-

955 2373 980 2391 m
996 2364 1221 2400 transgressionis
1236 2363 1333 2390 Adam.
1357 2361 1498 2396 Siquidem
1512 2358 1654 2386 definitum
1672 2365 1704 2384 ac

78 2421 140 2439 κτον
154 2413 205 2447 τῆς
217 2413 324 2446 φύσεως
337 2414 414 2447 λόγον
425 2413 621 2449 ἐνυϐρίζοντες,
633 2415 663 2441 οὐ
677 2414 732 2449 μὴν
748 2415 794 2440 καὶ
806 2414 867 2440 τοῦ-

77 2467 120 2485 τον
137 2459 300 2493 εἰσαχθέντα
329 2460 420 2495 ῥητῶς
445 2460 670 2495 παραϐαίνοκτες.
696 2461 750 2487 Καὶ
766 2461 791 2486 οἱ
816 2461 866 2495 μὲν

80 2506 162 2540 μέχρι
176 2506 310 2538 Μωσέως,
336 2506 494 2542 ἡμάρτανον
511 2507 607 2538 οὕτως.
620 2507 686 2533 Ἀπὸ
702 2507 729 2533 δὲ
744 2507 865 2538 Μωσέως

80 2551 160 2586 μέχρι
176 2551 226 2585 τῆς
242 2551 393 2586 παρουσίας
407 2553 538 2587 Χριστοῦ,
555 2553 625 2579 κατὰ
641 2553 788 2588 ὁμοιότητα
814 2553 864 2587 τῆς

78 2596 122 2622 τοῦ
138 2597 226 2632 ’Δδὰμ
240 2597 422 2632 παραϐάσεως
436 2598 604 2633 ἡμάρτανον.
621 2598 730 2633 Νόμους
744 2598 798 2633 γὰρ
815 2599 864 2633 ρη-

78 2643 150 2675 τοίις,
178 2643 226 2669 καὶ
240 2643 338 2678 νόμους
364 2644 396 2670 ἐκ
418 2643 486 2670 Θεοῦ
511 2643 555 2670 διὰ
578 2643 699 2674 Μωσέως
728 2643 863 2676 δοθέντας,

80 2687 294 2721 παραδαὶνοντες
304 2687 472 2723 ἡμάρτανον.
479 2687 670 2714 (Ἐϐασίλευσε
681 2687 708 2714 δὲ
717 2689 730 2714 ὁ
739 2687 862 2719 θάνατος,

80 2733 171 2766 εἰπὼν,
186 2734 241 2760 ἀπὸ
255 2734 344 2768 ’Δδάμ
363 2734 444 2769 μέχρι
461 2734 584 2766 Μωσέως
610 2733 658 2760 καὶ
684 2735 731 2760 ἐπὶ
746 2734 810 2764 τοὺς
826 2734 863 2768 μὴ

78 2779 115 2813 τῷ
128 2779 281 2815 ὁμοιώματι
301 2781 351 2815 τῆς
378 2781 561 2815 παρασάσεως
579 2780 664 2815 Ἀδὰμ
689 2780 865 2815 ἁμαρτήσαν-

80 2832 152 2858 ταςρ
164 2826 215 2852 οὐκ
229 2826 321 2860 ἐξάγει
334 2827 396 2858 τοὺς
408 2825 438 2858 ἐξ
448 2826 552 2852 ἐκείνου
563 2825 769 2861 μέχριΧριστοῦ
777 2826 868 2860 ἡμαρ-

118 2915 138 2930 ¹⁷
161 2916 228 2943 Gen.
248 2924 302 2947 sax,
323 2916 330 2942 Ι
358 2923 435 2949 seqq.
477 2914 497 2929 ”
511 2915 580 2942 Gen.
596 2922 631 2946 vt,
651 2915 659 2941 l
679 2922 756 2949 seqq.

917 2412 975 2446 lege
992 2413 1109 2446 positum
1124 2411 1172 2438 Dei
1189 2414 1356 2445 praeceptum
1367 2412 1552 2442 transgressus
1564 2410 1604 2432 est
1619 2409 1647 2431 et
1657 2404 1706 2430 de-

917 2459 996 2493 liquit
1013 2467 1019 2484 :
1035 2458 1074 2484 illi
1087 2465 1152 2485 vero
1170 2459 1358 2491 peccaverunt
1377 2453 1453 2488 quod
1469 2456 1576 2479 natura:
1598 2457 1705 2477 sermo-

917 2513 990 2537 nem,
1003 2504 1050 2539 qui
1068 2504 1144 2531 nullo
1162 2506 1362 2538 praceptorum
1375 2508 1426 2528 usu
1443 2498 1640 2527 instillabatur,
1659 2495 1704 2522 itt-

913 2550 986 2585 juria
999 2549 1144 2576 affecerint
1161 2546 1172 2576 :'
1186 2556 1277 2583 neque
1296 2553 1387 2575 tamen
1408 2546 1451 2573 vel
1469 2545 1543 2572 hunc
1561 2542 1706 2570 manifeste

918 2597 1063 2624 inductum
1091 2595 1338 2630 transgredientes.
1365 2593 1400 2620 Et
1424 2591 1536 2626 quidem
1557 2589 1591 2616 ad
1611 2588 1705 2614 Mosen

916 2650 1005 2677 usque
1021 2642 1058 2670 ita
1077 2641 1238 2676 peccabam,
1257 2647 1272 2666 a
1293 2639 1365 2666 Mosc
1379 2645 1444 2665 vero
1458 2643 1544 2671 usque
1554 2634 1588 2661 ad
1602 2632 1704 2660 Christi

917 2689 1077 2721 adventum,
1089 2687 1122 2715 ad
1138 2686 1349 2715 similitudinem
1363 2679 1591 2718 transgreSSionis
1614 2677 1707 2722 Adam‘

918 2733 1081 2768 peccabant.
1089 2733 1157 2760 Nam
1173 2733 1247 2767 leges
1257 2731 1410 2762 ordinatas,
1418 2733 1448 2756 et
1459 2736 1473 2755 a
1485 2728 1540 2755 Deo
1550 2732 1600 2760 per
1610 2722 1705 2749 Mosen

918 2779 1007 2812 datas,
1023 2779 1252 2815 transgrediendo
1259 2775 1469 2812 delinquebant.
1482 2773 1582 2800 Dieens
1593 2774 1703 2797 autem:

924 2835 933 2851 ‹
955 2826 1091 2861 Regnavit
1110 2833 1186 2853 mors
1199 2824 1235 2852 ab
1253 2823 1339 2852 Adam
1359 2827 1448 2855 usque
1460 2821 1494 2846 ad
1506 2818 1600 2845 Mosen
1620 2815 1704 2844 etiam
