1878 3054
147 141 201 174 419

661 134 857 165 (ECUMENII
877 133 1022 163 TRICCFE
1038 132 1207 163 EPISCOI‘I

1718 129 1783 160 420

145 197 172 225 in
191 203 240 223 eos
260 194 307 229 qui
333 201 387 221 nou
411 192 444 219 ad
474 190 684 219 similitudinem
709 188 935 224 transgressionis

1035 188 1111 217 ῖότας.
1126 187 1186 218 Πῶς
1203 186 1257 222 γὰρ
1275 186 1307 212 ἂν
1324 185 1415 220 ἐξῆγε,
1439 184 1500 216 τοὺς
1519 183 1618 218 μᾶλλον
1635 183 1782 214 ἐοικότας.

147 243 233 270 Adam
250 242 446 276 deliquerunt,
463 249 472 264 ›
492 246 546 265 non
573 245 620 264 eos
645 237 751 268 eximit,
775 236 821 271 qui
840 236 874 262 ab
898 242 932 262 eo

149 293 274 322 tempore
298 285 331 312 ad
363 284 502 311 Christum
529 289 616 316 usque
647 285 836 316 peccaverant.
864 281 930 307 Nam

144 333 284 369 quomodo
296 333 356 359 illos
370 331 515 361 eximeret,
526 336 587 355 cum
599 327 657 355 suis
669 326 933 362 trnnsgressionibus

144 380 294 407 similiores
305 377 367 404 [τιςιὶ
382 376 437 403 sint
449 380 562 410 peccato
575 374 661 408 ipsius
674 373 759 400 Adam
769 373 783 399 ?
794 372 852 399 Non
868 378 933 406 ergo

140 425 220 461 ipsos
233 423 328 450 eximit
350 430 364 449 τι
380 429 463 457 regno
476 429 508 448 ac
528 420 650 447 dominio
669 419 778 451 mortis,
796 418 877 453 266
886 417 932 445 sed

149 479 200 506 per
212 471 265 497 hoc
279 468 351 504 quod
367 468 430 499 ait,i
444 467 526 494 etiam
545 466 573 492 in
584 473 633 493 eos
644 465 691 500 qui
707 472 762 491 non
783 464 818 491 ad
835 463 933 491 simili-

147 516 271 543 tudinem
289 513 373 540 Adam
389 511 753 547 deliquerunt.Iadjectionc
765 509 936 544 conjunctio-

145 562 190 588 uis
209 560 265 590 καί,
283 559 309 586 id
321 563 373 590 est,
389 559 480 588 etiam,
495 557 558 584 illos
572 556 745 591 potissimum
759 554 934 590 signiﬁcavit.

147 609 185 632 Ac
198 606 220 632 si
248 605 363 632 dixisset
381 613 387 630 :
405 603 464 630 Non
492 603 519 628 in
540 603 612 629 solos
635 610 683 629 eos
708 600 830 636 regnavit
850 607 934 631 mors,

147 652 193 686 qui
222 650 256 678 ad
280 649 490 677 similitudinem
521 648 607 674 Adam
630 647 814 681 deliquerant,
838 652 934 672 verum

147 698 229 724 etiam
248 697 274 724 in
290 703 347 727 eos.
369 696 416 730 qui
432 703 485 721 non
500 694 532 721 ad
547 694 755 721 similitudinem
767 693 825 728 ejus
841 700 937 727 pecca-

147 746 253 769 verant.
267 741 321 768 Aut
333 741 384 767 hoc
397 741 479 767 modo
497 740 645 766 dicendum
664 744 716 772 est,
735 743 764 766 ut
778 747 826 773 per
838 739 937 774 hyper-

149 788 232 814 baton
254 787 441 814 intelli'amus
463 786 536 821 quod
552 787 654 813 dictum
671 790 722 818 est,
743 795 751 810 ι
768 786 794 811 In
809 785 938 812 similitu-

149 833 261 864 dinem;
281 841 290 857 ι
312 832 428 866 etjuxta
444 831 518 858 hunc
538 836 645 866 tropum
672 831 849 865 explancmus
864 830 936 864 quod

984 234 1044 263 ταῖς
1059 232 1231 267 παραϐάσεσι
1242 233 1274 267 τῇ
1291 231 1336 257 τοῦ
1354 231 1439 265 ’Λδὶμ
1455 230 1592 264 ineptia;
1608 229 1664 255 Οὐκ
1680 229 1782 261 ἐξάγει

986 277 1075 303 τοίνυν
1093 276 1204 307 τούτους
1218 277 1267 311 τῆς
1288 275 1334 302 τοῦ
1349 275 1464 302 Θανάτου
1490 273 1628 309 βασιλείας
1645 274 1694 300 καὶ
1710 274 1783 298 ἐπι-

988 322 1127 356 κρατείας,
1141 321 1208 348 ἀλλὰ
1220 321 1264 348 διὰ
1277 321 1323 347 τοῦ
1334 320 1502 352 εἰπεῖν,‹κα“ι
1518 320 1562 346 ἐπὶ
1572 319 1636 350 τοὺς
1652 319 1688 354 μὴ
1703 318 1785 344 κατὰ

988 366 1134 401 ὁμοιότητα
1144 366 1192 392 τοῦ
1210 366 1296 402 Ἀδὰμ
1314 366 1553 401 ἁμαρτήσαντας,›
1572 366 1606 400 τῇ
1622 365 1786 399 προσρήσει

988 412 1050 443 τοῦ,
1068 413 1125 444 καί,
1152 412 1272 444 ἐκείνους
1289 413 1404 447 μάλιστα
1421 412 1622 448 παρεδήλωσεν.
1638 408 1713 442 Οἷον,
1736 411 1784 437 Οὐ

990 460 1069 494 μένον
1086 460 1130 485 ἐπὶ
1146 459 1199 485 τῶν
1229 459 1299 486 κατὰ
1313 459 1459 494 ὁμοιότητα
1483 457 1530 484 τοῦ
1550 457 1635 492 Ἀδὰμ
1651 459 1789 491 ἁμαρτη-

989 505 1093 531 σάντων
1103 505 1277 531 ὲϐασίλευσεν
1291 506 1305 532 ὁ
1320 504 1444 536 Θάνατος,
1465 503 1533 530 ἀλλὰ
1547 503 1593 529 καὶ
1609 503 1656 529 ἐπὶ
1670 502 1727 528 τῶν
1739 502 1786 535 μὴ

989 550 1035 576 ἐπὶ
1045 550 1083 584 τῷ
1100 549 1253 584 ὁμοιώματι
1280 549 1362 576 αὑτοῦ
1387 548 1619 584 ἁμαρτησάντων.
1638 548 1674 573 *Η
1687 546 1786 577 οὕτως

990 596 1129 632 ῥητέον,ῆ
1151 597 1180 622 ὲν
1211 595 1357 631 ὑπερϐατῷ
1378 597 1539 631 νοήσαντας,
1572 595 1612 626 τὸ,
1633 604 1642 619 ι
1657 594 1722 619 Ὶ-Ιπὶ
1741 592 1788 626 τῷ

988 641 1151 678 ὁμοιώματι,
1168 652 1177 668 ι
1199 643 1245 668 καὶ
1259 643 1473 678 συμφράσαντας
1484 641 1513 668 τὸ
1525 640 1605 677 ῥητὸν
1620 640 1666 667 τὸν
1676 640 1788 674 τρόπον

990 690 1092 716 τοῦτον·
1111 700 1119 715 ε
1139 689 1208 716 Ἀλλ’
1221 689 1394 715 ἐϐασίλευσεν
1407 689 1421 714 ὁ
1434 689 1547 719 θάνατος
1564 687 1617 714 ἀπὸ
1632 686 1720 720 ’Λδὰμ
1733 686 1788 712 ἐπὶ

989 736 1028 770 τῷ
1042 733 1193 769 ὁμοιώματι
1221 736 1269 770 τῆς
1289 734 1472 770 παραϐάσεως
1492 733 1577 768 Ἀδὰμ
1597 733 1679 768 μέχρι
1711 732 1788 758 Mm-

991 782 1068 813 σὲως,
1090 782 1136 807 καὶ
1155 782 1200 807 ἐπὶ
1209 783 1270 812 τοὺς
1289 781 1326 816 μὴ
1343 781 1564 816 ἁμαρτήσαντας.
1580 789 1588 805 ι
1618 779 1715 810 Οὕτως
1733 776 1788 803 οὖν

991 827 1182 859 συντάξαντας,
1198 827 1237 853 δεῖ
1247 827 1292 852 τὸν
1307 826 1369 853 νοῦν
1387 826 1591 858 ἀναπτύξαι.-
1607 822 1788 861 [01ΚοΥΜ.]

151 877 255 904 dictum
271 881 323 908 est,
340 885 349 901 ‹
365 877 499 911 Regnavit
513 884 586 903 mors
600 876 634 903 ab
661 875 745 902 Adam
766 876 793 902 in
809 876 938 902 similitu-

1035 881 1062 899 πα
1082 873 1108 899 δὲ
1123 873 1170 908 τὴν
1183 873 1332 907 ἀσιρὰλειαν
1354 872 1400 899 τοῦ
1417 872 1593 898 ’Δποστὸλουι
1615 872 1658 898 ἵνα
1687 870 1727 905 μὴ
1740 870 1791 896 δό-

151 922 243 948 diuem
257 921 486 956 transgressionis
497 920 581 947 Adam
601 928 687 954 usque
694 919 727 946 ad
738 920 845 951 Mosen,
855 921 937 946 etiam

152 966 181 992 in
195 973 243 992 eos
258 966 304 999 qui
316 972 370 992 non
387 969 583 1000 peccaverunt.
602 975 610 989 ι
633 964 671 990 Ita
693 971 760 998 ergo
774 964 938 997 ordinando,

153 1019 266 1039 sensum
278 1011 388 1046 aperire
411 1013 532 1045 oportet.
549 1024 585 1029 —-
603 1008 671 1036 Vide
696 1013 787 1036 autem
804 1016 885 1043 quam
911 1016 940 1035 se

151 1056 434 1091 muniatApostoius:
452 1063 487 1082 ne
508 1055 535 1082 in
552 1059 692 1089 posterum
704 1054 804 1089 injuria
816 1053 884 1080 aiiiei
902 1054 941 1080 vi-

992 919 1081 952 ξωμεν
1098 917 1189 944 λοιπὸν
1207 918 1376 950 ἀδικεῖσθαι,
1395 917 1428 944 δι’
1442 917 1522 945 ἄλλον
1549 917 1789 951 ἀποθνήσκοντες,

993 962 1071 989 εἶπεν
1084 970 1091 978 '
1113 972 1122 988 ι
1142 964 1168 989 Ἃ
1176 964 1275 998 μαρτέα
1291 961 1324 999 ἦν
1334 963 1363 989 ὲν
1382 964 1487 998 κόσμῳ,
1511 965 1535 988 εἰ
1553 963 1600 988 καὶ
1613 963 1650 997 μὴ
1662 961 1792 995 ἐλογίζε-

992 1017 1033 1035 το.
1049 1018 1057 1034 ι
1076 1008 1227 1042 Τοιγαροῦν
1249 1009 1278 1034 οὖ
1296 1009 1376 1043 μόνον
1403 1009 1446 1035 διὰ
1471 1009 1515 1035 τὸν
1530 1008 1626 1043 ’Ᾱδὰμ,
1648 1007 1718 1034 ἀλλὰ
1736 1008 1790 1034 καὶ

994 1054 1037 1080 διὰ
1052 1054 1100 1089 τὴν
1119 1054 1256 1089 ἁμαρτίαν
1270 1055 1490 1090 ἀποθνήσκομεν.

151 1101 277 1134 deamur,
294 1102 367 1136 quod
383 1106 496 1136 propter
508 1101 592 1128 alium
605 1101 766 1134 moriamur,
778 1100 847 1128 dixit
863 1109 869 1127 :
884 1109 893 1125 ε
917 1100 1060 1128 Peccatum
1072 1105 1130 1129 erat
1147 1101 1173 1127 in
1191 1102 1294 1129 mundo
1316 1102 1368 1129 etsi
1381 1109 1435 1129 non
1467 1101 1662 1136 imputabalur.
1683 1111 1692 1127 ι
1730 1101 1791 1128 Ita-

150 1155 204 1183 que
216 1154 272 1174 non
286 1151 400 1182 propter
415 1147 503 1174 solum
528 1147 627 1179 Adam,
650 1146 698 1174 sed
713 1151 741 1174 et
765 1151 877 1181 propter
890 1151 1013 1173 nostrum
1029 1153 1173 1180 peccatum
1198 1148 1347 1174 morimur.

187 1191 219 1224 V,
235 1192 279 1224 i5,
298 1192 343 1218 14.
358 1191 499 1219 Peccatum
529 1197 618 1220 autem
641 1201 694 1220 non
721 1193 872 1227 imputatur
896 1192 938 1218 ubi

151 1245 204 1265 non
218 1241 256 1264 est
270 1237 324 1264 lex.
339 1236 390 1264 Sed
406 1239 525 1273 regnavit
540 1247 610 1265 mors
629 1238 661 1265 ab
689 1238 776 1265 Adam
801 1245 882 1272 usque
905 1239 938 1263 art

150 1283 240 1312 Mosen
254 1283 335 1310 etiam
347 1291 427 1318 super
442 1291 485 1310 eos
501 1285 546 1319 qui
562 1292 614 1311 non
627 1283 794 1318 deliquerunt
813 1284 847 1310 ad
867 1283 940 1310 simi-

154 1328 295 1355 litudinem
311 1329 530 1363 transgressionis
556 1328 653 1361 Adam,
667 1328 712 1364 qui
736 1332 774 1354 est
786 1327 874 1363 ﬁgura
898 1328 941 1363 [ιι-

154 1373 219 1400 turi.

189 1419 245 1455 Ego
256 1419 376 1447 arbitror
385 1423 528 1454 peccatum
541 1419 588 1446 hic
612 1418 745 1453 appellari
764 1418 838 1453 quod
862 1418 893 1446 ﬁt
909 1426 943 1446 ex

153 1466 372 1501 transgressione
387 1465 456 1501 legis
470 1465 552 1492 Mosis
563 1472 595 1492 ac
610 1467 808 1499 praeceptorum
833 1472 894 1499 qua
913 1464 944 1492 iu

153 1521 186 1539 ea
201 1517 266 1540 sunt
281 1521 287 1539 :
303 1517 370 1548 puta
385 1512 459 1547 quod
471 1515 597 1547 oporteat
607 1511 781 1543 circumcidi,
794 1512 866 1546 quod
882 1511 945 1539 sab-

153 1558 248 1586 batum
264 1566 375 1586 servare
388 1567 395 1586 :
410 1558 483 1594 quod
498 1558 556 1585 hzec
569 1557 662 1589 edere,
676 1558 710 1585 ab
732 1558 787 1585 illis
801 1566 867 1585 vero
877 1558 941 1585 abs-

1034 1193 1168 1226 Ἀλιαρτία
1192 1193 1226 1219 δὲ
1249 1195 1304 1219 οὐκ
1317 1193 1493 1228 uim-sitat,
1512 1193 1554 1227 μὴ
1573 1193 1659 1225 ὄντος
1675 1194 1776 1227 νόμου

999 1239 1080 1266 Ἀλλ’
1094 1239 1294 1266 ἐϐασίλευσεν
1312 1240 1330 1266 ό
1355 1239 1482 1272 θάνατος
1499 1240 1558 1266 ἀπὸ
1585 1239 1672 1274 Ἀδὰμ
1695 1239 1791 1273 μέχρι

993 1283 1151 1316 Μωνῢσέως,
1163 1284 1212 1310 καὶ
1233 1284 1282 1310 ἐπὶ
1295 1284 1365 1318 τοὺς
1378 1285 1420 1320 μὴ
1434 1286 1665 1320 ἁμαρτήσαντας
1677 1286 1730 1312 ἐπὶ
1746 1286 1790 1318 τῷ

994 1328 1149 1363 ὁμοιώματι
1163 1329 1219 1364 τῆς
1234 1330 1428 1364 παραϐάσεως
1437 1332 1534 1367 Ἀδὰμ,
1551 1331 1585 1365 ὅς
1600 1332 1666 1358 ἐστι
1688 1332 1790 1364 τύπος

977 1381 983 1386 ’
994 1372 1047 1400 τοῦ
1060 1373 1235 1407 μέλλοντος.

1030 1417 1110 1454 [ΤΟΥ
1122 1418 1262 1456 ΛΥΤΟΥ.]
1278 1419 1349 1454 Ἐγὼ
1362 1418 1466 1456 νομίζω
1483 1421 1620 1456 ἁμαρτίαν
1631 1420 1720 1454 λέγειν
1737 1420 1785 1446 αὖ-

993 1464 1040 1491 τδν
1056 1465 1173 1492 ἐνταῦθα
1195 1466 1245 1502 τὴν
1266 1467 1298 1493 ἐκ
1314 1467 1363 1502 τῆς
1383 1467 1566 1503 παραϐάσεως
1594 1467 1640 1494 τοῦ
1660 1467 1790 1498 Μωσέως

995 1510 1078 1544 νόμου
1093 1511 1139 1537 καὶ
1158 1511 1212 1538 τῶν
1237 1512 1327 1538 ἐκεῖσε
1348 1513 1545 1547 ἐπιταγμάτων
1572 1512 1790 1548 συνισταμένην.

996 1554 1071 1588 Οἷον,
1087 1556 1133 1583 τοῦ
1149 1557 1204 1584 δεῖν
1221 1558 1444 1593 περιτέμνεσθαι,
1460 1558 1508 1585 τοῦ
1523 1559 1706 1592 σαϐϐατίζειν,
1739 1560 1792 1585 καὶ

155 1604 252 1632 linere.
273 1604 342 1632 Cum
373 1604 447 1631 enim
469 1603 665 1631 universaliter
682 1608 709 1631 et
726 1604 828 1639 ubique
844 1611 941 1639 pecca-

1035 1603 1057 1630 55
1081 1603 1130 1639 μὲν
1153 1604 1263 1636 ἐσθίειν.
1279 1605 1362 1632 τῶνδε
1374 1605 1402 1632 δὲ
1424 1605 1584 1641 ἀπέχεσθαι.
1598 1606 1673 1633 Ἐπεὶ
1716 1607 1790 1633 καο‹

156 1655 212 1678 lum
231 1655 313 1684 esset,
329 1656 356 1678 et
383 1659 416 1677 CX
436 1650 578 1677 hominum
599 1654 697 1676 natura
723 1655 946 1685 cognosceretur,

154 1702 183 1724 et
203 1702 264 1724 erat
285 1702 314 1724 et
333 1696 533 1731 imputabatur,
557 1695 644 1723 veluti
674 1695 867 1728 homicidium,
887 1696 946 1723 i'ur-

157 1748 228 1775 tum,
252 1749 401 1778 puerorum
429 1741 583 1776 corruptio,
594 1745 623 1769 et
645 1741 747 1768 similia
767 1751 774 1768 ι
793 1741 948 1776 iterumque

159 1793 243 1816 testes
259 1792 323 1815 sunt
341 1787 420 1818 Cain,
437 1787 567 1820 Lamech,
596 1787 624 1814 hi
650 1787 697 1822 qui
720 1791 799 1814 erant
826 1791 948 1823 tempore

164 1833 275 1864 diluvii,
318 1833 477 1859 Sodomitm.
505 1831 593 1866 Super
621 1832 664 1860 his
687 1839 805 1867 namque
830 1833 952 1868 peccatis

156 1880 240 1908 etiam
260 1879 393 1906 naturalis
406 1879 449 1906 lex
462 1879 550 1914 posita
561 1884 629 1906 erat.
643 1879 757 1907 Creator
768 1887 887 1915 namque
897 1879 948 1907 ho-

159 1925 263 1952 minem
286 1923 320 1950 ad
336 1931 396 1950 esse
411 1923 578 1958 producens,
601 1929 659 1951 tum
681 1932 777 1951 eorum
804 1932 865 1959 quae
879 1925 950 1952 facta

159 1972 238 2000 sunt,
256 1972 315 1994 tum
341 1968 451 1995 illorum
473 1976 534 2002 quae
565 1973 630 1995 sunt
660 1973 774 2002 aeterna,
797 1969 950 1996 naturalem

158 2012 305 2048 quamdam
319 2012 624 2048 indiditeognitionem.
642 2013 726 2039 Aiunt
737 2018 828 2041 autem
838 2013 949 2040 Patrum

159 2058 272 2094 quidam
287 2058 361 2085 inter
384 2065 455 2092 quos
470 2063 513 2085 est
539 2063 568 2085 et
593 2058 753 2093 Gregorius,
786 2058 814 2085 in
831 2048 952 2086 hominis

159 2105 300 2132 creatione
313 2104 472 2131 mandatum
487 2104 554 2131 illud
576 2104 641 2132 Adae
656 2104 800 2138 traditum,
819 2112 854 2132 ne
873 2105 906 2132 de
918 2105 951 2132 li-

159 2157 214 2184 gno
246 2149 372 2178 scientia:
399 2149 466 2177 boni
488 2154 517 2177 et
538 2150 603 2177 mali
629 2149 735 2182 ederet,
761 2150 843 2178 etiam
863 2150 950 2185 legem

158 2194 257 2227 fuisse,
275 2203 338 2230 quae
349 2194 378 2222 in
394 2195 555 2223 universum
572 2195 631 2222 haec
645 2199 759 2229 peccata
774 2195 950 2230 prohiberet:

161 2239 267 2275 lignum
285 2241 358 2267 enim
371 2240 446 2275 quod
461 2241 606 2268 scientiam
623 2240 690 2268 boui
710 2245 739 2268 et
753 2241 818 2268 mali
831 2240 950 2269 ediceret

159 2290 303 2319 peccatum
316 2293 377 2312 esse
390 2286 599 2313 intellexerunt.

198 2338 207 2354 ι
239 2329 292 2356 Sed
319 2331 448 2365 regnavit
469 2339 545 2358 mors
572 2332 607 2359 ab
633 2332 730 2359 Adam.
762 2342 771 2358 ι
794 2333 874 2369 267
895 2335 950 2362 De-

162 2374 220 2401 bito
230 2374 337 2406 ordine,
365 2380 474 2410 sumpta
498 2378 716 2412 transgressione
738 2379 835 2412 Adam,
855 2381 948 2407 Mosen

163 2421 284 2454 appellat
306 2428 387 2448 omne
419 2426 498 2450 vetus
531 2422 746 2451 instrumentum
768 2433 775 2451 :
799 2425 871 2453 sicut
889 2426 926 2453 ibi
945 2435 951 2453 :

167 2474 175 2490 ι
205 2465 234 2493 Si
270 2465 364 2494 Mosen
385 2474 441 2494 non
475 2461 593 2497 audiunt
615 2470 647 2497 η.
676 2480 686 2497 ι
712 2471 831 2506 Tempus
862 2471 955 2506 itaque

163 2518 252 2546 usque
271 2512 306 2539 ad
323 2512 428 2541 Christi
443 2514 591 2543 adventum
607 2516 675 2544 dicit
693 2517 796 2544 Mosen.
825 2517 871 2544 Ait
889 2525 955 2552 ergo

163 2554 236 2588 quod
258 2563 346 2590 usque
367 2557 401 2584 ad
423 2564 504 2586 vetus
526 2564 721 2588 testamentum
742 2561 861 2588 habebat
881 2569 956 2589 mors

162 2598 314 2628 dominium
329 2610 336 2635 ;
354 2610 428 2630 nunc
441 2604 515 2631 enim
531 2605 558 2632 iu
573 2612 645 2632 novo
661 2613 709 2640 per
721 2606 822 2633 Christi
837 2607 951 2641 gratiam

163 2644 297 2673 dissoluta
319 2653 370 2680 est,
392 2655 424 2676 ac
444 2649 492 2676 Dei
510 2650 597 2678 nostri
616 2651 749 2686 sanguine
767 2659 873 2680 eversa.
891 2653 950 2681 Non

161 2695 309 2723 peccantes
325 2697 416 2719 autem
431 2693 500 2720 dicit
518 2702 567 2722 eos
581 2696 628 2730 qui
645 2695 759 2724 fuerunt
772 2701 835 2725 ante
852 2698 950 2733 legem.

163 2748 194 2754 —
207 2736 267 2764 Non
286 2738 360 2772 quod
380 2739 407 2766 hi
421 2740 469 2774 qui
482 2740 569 2776 legem
582 2747 781 2777 praecesserant
790 2751 844 2772 non
853 2752 950 2780 pecca-

217 2822 239 2838 "
250 2822 317 2851 Luc.
333 2832 388 2858 xvi,
405 2826 434 2852 5|
443 2845 449 2852 .

997 1649 1058 1675 όλου
1075 1650 1198 1685 ἁμαρτία
1212 1647 1246 1686 ἦν
1260 1651 1306 1677 καὶ
1328 1651 1398 1687 αὑτὴ
1414 1653 1448 1687 τῇ
1468 1651 1523 1678 τῶν
1538 1651 1690 1687 ἀνθρώπων
1706 1652 1792 1687 φύσει

997 1696 1198 1732 γινωσκομένη,
1208 1697 1254 1723 καὶ
1268 1694 1302 1732 ἦν
1315 1697 1361 1723 καὶ
1373 1697 1534 1732 ἐνελογεῖτο,
1546 1696 1602 1725 οἷον
1610 1698 1791 1734 ἀνδροφονία,

999 1741 1096 1776 κλοπὴ,
1121 1742 1302 1778 παιδοφθορεα
1326 1744 1372 1770 καὶ
1398 1743 1433 1771 τὰ
1449 1744 1540 1779 ὃμοια.
1563 1745 1618 1770 Καὶ
1646 1745 1791 1780 μάρτυρες

997 1786 1100 1813 τούτων
1118 1787 1197 1820 Κάῖν,
1226 1788 1330 1823 Λάμεχ,
1358 1790 1382 1816 οἱ
1407 1789 1452 1816 ἐπὶ
1467 1789 1513 1816 τοῦ
1530 1790 1736 1825 κατακλυσμοῦ,
1763 1791 1791 1817 oi

999 1833 1151 1867 Σοδομῖται.
1167 1833 1228 1860 Ἐπὶ
1243 1833 1296 1870 γὰρ
1315 1835 1480 1862 τούτωντῶν
1495 1836 1637 1872 ἁμαρτιῶν
1650 1837 1696 1863 καὶ
1707 1838 1720 1862 ὁ
1737 1845 1786 1870 φυσ

1000 1879 1074 1910 and);
1091 1879 1178 1906 ἔκειτο
1189 1880 1280 1915 νόμος.
1302 1881 1331 1907 '0
1345 1881 1400 1917 γὰρ
1417 1882 1587 1917 Δημιουργὸς
1599 1883 1731 1918 παράγων
1747 1883 1790 1914 εἰς

1000 1925 1109 1958 γένεσιν
1121 1925 1167 1952 τὸν
1181 1926 1335 1962 ἄνθρωπον,
1349 1927 1404 1954 τῶν
1418 1937 1447 1954 τε
1466 1928 1623 1964 πρακτέων,
1640 1929 1694 1955 τῶν
1706 1937 1736 1955 τε
1757 1930 1790 1956 οὺ

1001 1972 1156 2007 πρακτέων,
1172 1974 1289 2008 φυσικήν
1304 1983 1365 2001 τινα
1380 1974 1481 2008 γνῶσιν
1510 1975 1641 2002 ὲνέΘεικε.
1662 1975 1732 2001 Φασὶ
1759 1975 1790 2002 δέ

1000 2026 1073 2049 τινες
1087 2018 1141 2044 τῶν
1162 2018 1302 2054 Πατέρων,
1320 2016 1358 2046 ὧν
1379 2020 1437 2046 ἐστι
1453 2021 1500 2048 καὶ
1522 2021 1680 2056 Γρηγόριος,
1699 2022 1727 2046 ἐν
1746 2021 1789 2055 τῷ

1001 2063 1046 2090 τοῦ
1073 2063 1217 2099 ἀνθρώπου
1246 2066 1390 2100 ποιήματι,
1420 2067 1468 2093 καὶ
1493 2066 1543 2102 τὴν
1562 2066 1672 2101 ἐντολὴν
1683 2066 1733 2101 τὴν
1748 2067 1789 2101 τῷ

1007 2110 1094 2145 ’Λδὰμ
1116 2110 1251 2144 δοθεῖσαν,
1268 2111 1305 2146 μὴ
1318 2113 1414 2146 φαγεῖν
1430 2113 1462 2138 ὲκ
1479 2111 1525 2138 τοῦ
1540 2113 1684 2146 γινώσκειν
1707 2113 1789 2139 καλὸν

1002 2155 1048 2181 καὶ
1063 2155 1180 2190 πονηρὸν
1193 2155 1282 2189 ξύλου,
1301 2157 1383 2192 νόμον
1395 2156 1473 2191 εἶναι,
1489 2157 1630 2192 ἁμαρτιῶν
1641 2158 1744 2184 τούτων
1756 2159 1790 2191 δὴ

1002 2201 1056 2227 τῶν
1074 2201 1188 2228 καθόλου
1201 2202 1379 2238 ἀπείργοντα.
1393 2203 1429 2230 Τὸ
1445 2203 1498 2239 γὰρ
1515 2204 1591 2236 ξύλον
1605 2204 1636 2231 τὸ
1649 2205 1791 2238 ποιητικῖν

1002 2247 1051 2280 τῆς
1061 2246 1189 2280 γνώσεως
1202 2247 1249 2273 τοῦ
1264 2247 1349 2274 καλοῦ
1366 2249 1414 2275 καὶ
1425 2249 1555 2284 πονηροῦ,
1569 2250 1706 2286 ἁμαρτίαν
1718 2248 1789 2277 εἷναι

966 2276 987 2302 θ
1002 2276 1043 2317 ὲδε
1048 2276 1136 2323 ξαντο.

1041 2346 1050 2362 ι
1076 2337 1148 2364 Ἀλλ’
1177 2337 1351 2365 ὲῦασίλευσεν
1383 2339 1397 2366 ὁ
1425 2339 1541 2372 θάνατος
1572 2340 1626 2368 ἀπὺ
1652 2340 1750 2375 ἰὶδὰμ.
1780 2350 1789 2366 ι

1007 2381 1118 2416 Εἱρμὸν,
1144 2383 1234 2409 λαϐὼν
1262 2384 1311 2418 τὴν
1336 2384 1383 2410 τοῦ
1399 2384 1486 2421 Ἀδὰμ
1503 2386 1670 2421 παράῦαςιν,
1687 2387 1789 2413 Μωσέςι

1006 2429 1084 2462 φησι,
1105 2429 1196 2455 πᾶσαν
1215 2429 1264 2465 τὴν
1277 2430 1405 2462 παλαιὰν,
1425 2431 1461 2463 ὡς
1473 2432 1541 2463 ἐκεῖ,
1563 2442 1571 2458 ι
1605 2433 1635 2459 Εἰ
1668 2433 1790 2464 Μωσέως

1006 2475 1055 2500 οὐκ
1083 2474 1222 2502 ἀκούουσι.
1259 2485 1268 2502 ›
1298 2476 1351 2502 Τὸν
1366 2474 1412 2503 οὖν
1439 2477 1502 2512 ἄχρι
1516 2478 1564 2513 τῆς
1581 2478 1726 2512 ἐπιδημίας
1742 2478 1791 2504 τοῦ

1005 2519 1125 2554 Χριστοῦ
1140 2521 1246 2555 χρόνον,
1259 2521 1360 2548 Μωσέα
1375 2522 1460 2556 λέγει.
1477 2523 1561 2558 Φησ¹ιν
1587 2523 1646 2554 οὖν,
1666 2524 1708 2549 ὅτι
1727 2523 1791 2559 ἄχρι

1005 2566 1054 2599 τῆς
1071 2565 1190 2597 παλαιᾶς
1209 2566 1339 2602 διαθήκης
1360 2568 1508 2603 ἐπεκράτει
1536 2569 1550 2595 ὁ
1582 2569 1714 2601 θάνατος’
1743 2570 1791 2596 νῦν

1006 2611 1059 2645 γὰρ
1074 2612 1102 2636 ὲν
1114 2613 1147 2647 τῇ
1163 2612 1220 2647 νέᾳ,
1237 2613 1329 2647 χάριτι
1344 2613 1463 2648 Χριστοῦ
1492 2614 1599 2641 λέλυται
1629 2615 1668 2650 τῷ
1694 2615 1792 2650 αἵματι

1006 2657 1053 2682 τοῦ
1073 2656 1140 2683 Θεοῦ
1167 2657 1255 2692 ἡμῶν.
1279 2658 1324 2692 Μὴ
1343 2659 1556 2694 ἁμαρτήσαντας
1572 2660 1600 2687 δέ
1626 2669 1702 2694 φησι,
1728 2661 1792 2693 τοὺς

1005 2703 1058 2737 πρὸ
1072 2703 1118 2730 τοῦ
1130 2703 1224 2738 νόμον.
1235 2703 1449 2741 --[01ΚΟΥΜ.]
1464 2706 1521 2733 Οὐχ
1533 2706 1626 2740 ἐπειδὴ
1638 2707 1662 2732 οἰ
1677 2706 1731 2742 πρὸ
1745 2707 1791 2732 τοῦ

1006 2749 1087 2784 νόμου
1120 2748 1170 2784 οὺχ
1192 2749 1360 2784 ἡμάρτανον,
1388 2751 1499 2786 (μᾶλλον
1531 2751 1584 2788 γὰρ
1614 2753 1714 2779 ἐκεῖνοι
1737 2752 1791 2778 τῶν
