1878 3054
169 123 219 154 427

170 179 318 207 etliciamur
333 180 360 203 et
373 176 475 204 Christi
499 175 666 208 cobaeredes,
693 175 838 210 Patrisque
867 176 955 204 baere-
970 180 992 207 Α

168 225 228 257 des,
238 233 269 251 ac
283 224 406 259 ejusdem
421 231 482 250 cum
505 223 574 250 Filio
593 222 728 257 corporis,
745 223 853 258 aliaque
874 223 941 250 innu

170 278 245 298 mera
269 269 341 296 bona
358 276 568 303 consequamur.
593 268 740 303 Propterea
760 268 827 296 dicit
845 278 852 296 :
869 278 878 294 ι
902 269 954 302 Qui

170 315 375 343 exuberantiam
385 315 479 350 gratia:
492 314 641 349 accipiunt.
649 323 711 340 »-‹
720 315 815 349 itaque
827 315 897 343 sicut
907 322 955 350 per

171 362 252 389 unius
267 362 408 389 delictum.
425 371 433 385 ι
451 361 557 388 Rursus
570 360 666 387 eodem
680 359 804 387 decertat
818 368 954 388 sermone.

171 408 238 440 Quia
261 407 335 434 enim
367 406 558 434 admirandum
581 406 735 439 videbatur,
758 414 856 441 nempe
883 406 956 442 quod

171 454 224 480 vita
250 458 279 480 et.
298 453 370 480 dono
393 460 426 479 ac
449 452 522 480 bono
544 460 628 487 opere
655 452 739 479 unius
760 452 825 480 Jesu
853 452 956 480 Christi

171 506 251 526 omne
267 506 353 534 genus
370 498 510 526 hominum
527 497 692 530 salvaretur,
706 497 808 524 idcirco
825 496 957 532 frequen-

173 549 214 571 ter
229 544 300 571 idem
315 543 425 570 astruit.
441 552 450 569 ι
467 542 544 570 Sicut
556 544 629 570 enim
646 551 695 578 per
707 541 932 570 inobédientiam.
945 551 955 568 ι

172 590 228 617 lloc
244 589 331 624 ipsum
344 589 434 616 denuo
457 588 556 623 repetit
577 593 780 624 argumentum.
799 598 808 613 ι
825 588 959 616 Peccato-

172 642 215 662 res
230 634 374 661 Constituti
393 639 459 661 sunt
483 633 573 660 multi.
592 642 600 659 ι
620 633 677 661 Hoc
699 634 838 661 est‘morti
855 633 960 668 suppli-

171 682 269 715 cioque
281 680 394 707 obnoxii
409 688 416 706 :
432 687 465 707 eo
481 679 553 714 quod
571 680 644 707 serie
660 687 693 707 ac
705 680 802 707 ordine
821 679 849 706 in
863 686 960 706 omnes

171 726 218 760 qui
237 726 297 761 ejus
312 729 406 752 essent
424 724 534 760 generis
559 729 680 752 transeat
699 728 844 759 peceatum
861 731 960 759 proge-

170 771 289 798 nitoris:
306 779 368 798 cum
380 778 478 798 omnes
490 770 643 798 imitatione
658 771 774 806 quadam
799 778 831 798 ac
847 777 958 798 succes-

695 119 894 149 GICUMENII
911 118 1057 148 THICCE
1076 117 1246 147 EPISCOPI

1008 174 1224 210 συγκληρονόμοι
1253 173 1382 209 Χριστοῦ,
1408 173 1454 200 καὶ
1484 173 1648 210 κληρονόμοι
1676 176 1809 210 Πατρὸς,

1007 221 1055 247 καὶ
1086 220 1226 255 σύσσωμοι
1239 219 1288 246 τοῦ
1303 219 1380 253 Υίοῦ,
1393 219 1441 246 καὶ
1455 219 1523 246 ἄλλα
1537 221 1621 255 μυρία
1633 221 1737 254 ἀγαθά.
1755 221 1811 248 Διά

1007 265 1086 292 τοῦτό
1109 273 1193 301 φησιν
1205 285 1212 297 ,
1232 274 1242 292 ι
1257 265 1288 292 Οἱ
1301 265 1351 300 τὴν
1367 265 1524 300 περισσείαν
1539 266 1588 301 τῆς
1604 267 1716 302 χάριτος
1729 267 1812 302 λαμ-

1009 311 1145 343 ϐάνοντες.
1160 320 1169 337 ι
1187 326 1222 331 —--
1238 312 1309 346 Ἀρι
1335 310 1381 337 οὖν
1394 311 1431 342 ὡς
1446 311 1480 337 δι’
1507 311 1567 343 ἐνὸς
1597 313 1811 348 παραπτώμα-

1008 365 1063 388 τος.
1076 366 1086 382 ›
1109 357 1194 383 Πάλιν
1211 356 1249 392 τῷ
1264 355 1339 392 αὑτῷ
1365 357 1565 390 ἐπαγωνίζεται
1584 357 1668 393 λόγῳ.
1687 359 1812 393 Ἐπειδὴ

1009 402 1064 437 γὰρ
1084 403 1236 438 παράδοξον
1258 403 1355 436 ἐδόκει,
1373 405 1406 438 τῇ
1421 402 1468 429 τοῦ
1484 403 1542 435 ἐνὸς
1572 403 1660 439 Ἰησοῦ
1677 405 1811 440 Χριστοῦ

1010 448 1067 484 ζωῇ
1096 449 1144 476 καὶ
1173 449 1262 485 δωρεᾷ
1288 449 1334 476 καὶ
1353 449 1549 484 κατορθώματι
1568 451 1641 477 ἅπαν
1661 451 1811 483 σώζεσθαι

1012 494 1042 521 τὸ
1055 495 1132 528 γένος
1143 495 1198 520 τῶν
1214 494 1374 530 ἀνθρώπων,
1386 495 1528 531 πολλαχῶς
1543 495 1610 522 αὐτὸ
1625 497 1812 523 κατασκευά-

1013 541 1064 573 ζει.
1087 550 1096 567 ι
1111 541 1216 577 Ὥσπερ
1244 541 1299 577 γὰρ
1325 541 1371 568 διὰ
1396 543 1446 578 τῆς
1471 543 1625 577 παρακοῆς.
1640 551 1649 568 ι
1670 543 1708 568 Τὸ
1734 543 1812 569 αὐτὸ

1011 587 1091 614 πάλιν
1103 588 1177 622 λέγει
1203 588 1382 624 ἐπιχείρημα.
1411 597 1420 614 ι
1439 588 1611 624 Ἀμαρτωλολ
1624 588 1809 623 κατεστάθη-

1012 642 1062 661 σαν
1074 634 1099 661 οι
1122 634 1251 661 πολλοί.»
1267 634 1413 661 Τουτέστιν
1437 634 1585 661 ὑπεύθυνοι
1612 633 1722 669 Θανάτῳ
1752 634 1810 660 καὶ

1012 681 1134 713 κολάσει,
1162 681 1248 707 διὰτὸ
1273 681 1348 713 τάξει
1373 681 1420 708 καὶ
1437 681 1524 716 εἱρμῷ
1551 681 1592 712 είς
1608 681 1713 711 πάντας
1735 680 1812 712 τοὺς

1011 726 1059 753 τοῦ
1077 727 1173 761 γένους
1203 726 1327 762 διαϐῆναι
1346 727 1396 762 τὴν
1407 727 1455 754 τοῦ
1472 727 1630 761 πρόπατρος
1649 726 1810 761 ἁμαρτίαν,

1013 773 1124 799 πάντων
1133 773 1203 800 κατά
1211 781 1272 800 τινα
1285 773 1400 809 μίμησιν
1414 773 1461 800 καὶ
1475 772 1586 808 διδαχὴν
1602 773 1811 799 ἐπιτελούντων

169 817 250 844 sione
272 817 345 843 idem
365 820 566 852 perpetrarent.
588 816 650 843 tlta
669 820 696 844 et
708 824 758 851 per
776 815 955 843 obedientiam

1040 819 1111 854 Ξτήν.
1139 818 1252 850 ιοῦτως
1266 819 1312 846 καὶ
1337 819 1450 854 διὰ,τῆς
1478 819 1600 854 ὑπακοῆς
1625 818 1673 844 τοῦ
1695 819 1773 848 ἑνός.
1795 827 1806 842 ι

173 862 288 889 unius.)
314 850 386 890 Patri
416 850 552 897 siquidem
570 861 623 888 fuit
652 850 785 889 obediens
810 869 898 896 usque
928 861 955 888 ac'

1040 850 1156 900 Γπῆκοος
1168 865 1222 899 γὰρ
1233 865 1328 899 γέγονε
1342 864 1381 900 τῷ
1395 850 1482 901 "arpi.
1509 850 1591 900 μέχρι
1604 864 1732 896 θανάτου,
1750 864 1808 890 Θα-

173 911 302 940 mortem,
318 912 437 934 mortem
450 911 542 934 autem
558 906 663 933 crucis.

207 953 240 986 ν,
258 953 301 986 20,
317 953 362 980 21.
376 952 429 980 Lex
440 960 528 980 autem
541 952 622 979 obiter
637 951 746 978 intravit
770 955 798 977 ut
814 950 962 977 abundaret

172 999 305 1027 delictum.
323 999 371 1027 Ubi
386 1004 474 1026 autem
488 999 637 1025 exuberavit
653 1002 800 1032 peccatum,
824 997 859 1023 ibi
880 996 964 1031 magis

172 1047 319 1073 exuberavit
327 1046 426 1081 gratia.
436 1045 467 1072 Ut
476 1043 819 1080 quemadmodumregnavit
827 1046 963 1077 peccatum

172 1099 220 1126 per
234 1095 354 1123 mortem,
368 1091 406 1118 ita
420 1095 444 1117 et
458 1091 545 1126 gratia
565 1093 689 1125 regnaret
706 1097 753 1124 per
776 1088 909 1123 justitiam
928 1086 963 1113 ad

172 1137 253 1163 vitam
262 1135 535 1171 tetemamperlesum
543 1134 673 1163 Christum
683 1134 823 1161 Dominum
832 1138 962 1160 nostrum.

212 1235 221 1252 ι
239 1226 294 1254 Lex
306 1230 398 1254 autem
414 1226 506 1253 obiter
522 1225 646 1253 intravit.
665 1234 675 1249 ι
697 1224 727 1251 Id
739 1223 807 1251 dicit
824 1223 897 1259 quod
920 1223 962 1250 fa-

172 1276 247 1299 ctum
257 1277 299 1299 est
314 1280 321 1298 :
334 1279 385 1299 nec
402 1277 492 1299 tamen
507 1271 594 1306 legem
606 1271 645 1297 ait
662 1277 775 1297 causam
789 1269 874 1296 fuisse
896 1276 961 1304 pec-

172 1317 227 1344 cati
244 1326 250 1344 :
266 1324 300 1344 ae
311 1317 334 1344 si
346 1317 452 1344 diceret
470 1326 477 1343 :
491 1316 548 1343 Lex
562 1321 655 1343 autem
676 1315 767 1342 obiter
787 1315 911 1348 intravit,
933 1318 962 1342 et

173 1362 324 1390 abundavit
336 1362 478 1389 delictum.
496 1361 563 1389 Nam
575 1361 628 1388 hoc
644 1360 672 1387 in
689 1359 821 1395 operibus
834 1360 961 1394 apparuit

173 1412 201 1435 et
210 1407 377 1435 actionibus.
385 1407 470 1434 Simul
481 1407 563 1434 etiam
575 1414 624 1441 per
635 1406 746 1433 modum
756 1405 960 1441 objurgandiad

172 1452 281 1480 Judaeos
296 1453 400 1480 dictum
417 1457 467 1486 est,
483 1452 516 1480 ad
531 1453 593 1480 illos
614 1453 688 1479 enim
703 1460 794 1480 sermo
814 1452 959 1488 dirigitur:

173 1499 253 1527 etilli
269 1499 302 1527 de
329 1500 387 1534 lege
413 1499 560 1526 immodice
584 1498 778 1526 cﬂ'erebantur.
797 1499 878 1533 272
902 1498 960 1526 Ob-
972 1518 994 1549 Ο

172 1547 308 1582 jurgando
325 1553 390 1582 ergo
407 1546 524 1574 obscure
535 1545 638 1573 indicat
657 1545 730 1581 quod
741 1545 841 1573 frustra
853 1545 887 1573 de
901 1545 959 1580 lege

166 1591 242 1619 adeo
264 1591 480 1618 extollerentur:
498 1591 575 1624 Quod
594 1591 669 1618 enim
682 1590 717 1618 ad
737 1595 839 1624 vestra,
859 1591 958 1625 inquit,

170 1643 279 1674 spectat
290 1646 385 1673 opera,
397 1638 441 1665 lex
455 1637 545 1665 obiter
561 1637 675 1664 intravit
691 1641 721 1664 ut
736 1636 890 1664 abundaret
910 1636 959 1664 de-

171 1685 281 1712 lictum.
304 1685 361 1712 Hoc
376 1690 467 1712 autem
491 1692 566 1711 nunc
589 1684 668 1716 dixit,
687 1685 750 1718 quia
774 1674 959 1711 calamitatum

165 1731 347 1763 meminerat,
359 1737 420 1765 qua
435 1737 469 1757 ex
486 1729 572 1756 Adam
591 1734 787 1764 provenerant,
808 1734 836 1757 et
860 1730 960 1757 horum

169 1776 364 1804 liberationem
382 1775 470 1802 solum
490 1775 597 1803 dixerat
620 1782 680 1802 esse
706 1774 874 1802 Salvatorem
895 1775 962 1803 eﬂ'e-

171 1826 260 1850 ctum.
283 1821 323 1849 Ne
344 1828 409 1856 ergo
421 1819 535 1848 dicant:
560 1819 630 1852 Quid
648 1819 751 1854 igitur?
767 1820 837 1848 nihil
857 1820 961 1855 profuit

175 1869 219 1895 lex
232 1867 266 1895 ad
281 1867 379 1894 horum
396 1865 608 1894 liberationem?
621 1866 673 1893 hoc
689 1866 781 1900 itaque
794 1865 872 1900 ponit
886 1865 960 1900 quod

170 1913 231 1940 Non
245 1913 334 1941 solum
346 1912 414 1939 nihil
425 1906 504 1940 vobis
519 1911 647 1944 contulit,
659 1910 707 1938 sed
722 1915 856 1946 quantum
867 1910 900 1937 ad
913 1917 960 1938 vos

172 1960 281 1992 attinet,
308 1958 376 1986 illud
407 1965 517 1993 quoque
558 1957 691 1985 delictum
715 1957 857 1984 abundare
883 1956 958 1984 fecit.

173 2003 260 2031 Porro
281 2004 355 2039 quod
377 2004 417 2031 ait
433 2013 440 2031 ι
456 2013 466 2029 ι
488 2003 585 2031 Obiter
608 2003 731 2035 intravit,
750 2012 760 2028 ι
782 2003 960 2037 temporalem

173 2049 309 2085 signiﬁcat
333 2050 393 2085 ejus
413 2049 598 2076 durationem.
625 2057 635 2074 ι
654 2048 690 2076 Ut
712 2048 864 2076 abundaret
891 2048 960 2076 deli-

173 2101 258 2123 ctum.
290 2105 300 2122 ›
324 2096 406 2131 chis
431 2096 548 2131 gloriam
576 2095 677 2123 evertit
700 2103 708 2122 :
736 2103 800 2122 nam
828 2095 960 2123 adversus

171 2141 280 2169 Iudaeos
294 2141 333 2167 illi
350 2145 490 2168 certamen
502 2145 572 2172 erat,
586 2144 615 2167 et
630 2139 699 2167 dicit
714 2148 720 2167 :
735 2140 796 2168 Non
809 2140 896 2167 solum
912 2148 960 2168 vos

172 2187 240 2214 nihil
261 2187 332 2222 juvit
356 2187 409 2220 lex,
439 2194 535 2214 verum
570 2187 652 2213 etiam
681 2193 716 2213 ex
742 2186 958 2221 transgressione
974 2188 996 2214 ι)

167 2234 248 2260 auxit
257 2238 380 2268 peccata.
397 2232 562 2268 Conjunctio
581 2232 634 2265 ἵνα,
651 2231 678 2259 id
687 2236 741 2264 est,
758 2237 796 2264 ut,
812 2239 869 2259 non
878 2232 959 2267 poni-

174 2284 218 2306 tur
237 2280 395 2312 causaliter,
421 2279 469 2306 sed
497 2287 551 2314 quo
575 2283 654 2314 pacto
676 2278 823 2313 contigerit
841 2278 957 2305 manife-

173 2329 244 2356 stat;
258 2332 348 2358 neque
359 2324 432 2352 enim
444 2329 590 2360 propterea
602 2325 665 2352 data
676 2329 720 2352 est
737 2324 780 2351 lex
793 2327 823 2351 ut
833 2323 958 2351 abunda-

173 2375 216 2397 ret
230 2375 371 2404 peceatum
383 2380 389 2398 :
399 2371 471 2398 absit
482 2372 488 2398 !
501 2372 558 2398 lmo
575 2375 606 2398 ut
620 2371 738 2398 salvaret
747 2376 778 2398 et
791 2371 956 2404 instrueret;

173 2423 264 2444 tamen
278 2425 334 2444 non
347 2417 492 2444 observata
508 2417 585 2444 auxit
597 2421 739 2452 peccatum
756 2426 763 2443 ἒ
779 2424 834 2443 non
844 2424 878 2443 ex
892 2424 959 2451 pl‘O-

174 2462 234 2496 pria
261 2466 370 2494 natura,
400 2461 449 2488 sed
475 2465 588 2495 propter
616 2460 725 2488 illorum
755 2461 899 2495 segnitiem
926 2467 959 2487 ac

173 2507 419 2543 transgressionem
437 2508 483 2543 qui
499 2515 559 2534 eam
575 2515 631 2535 non
645 2507 871 2535 observaverunt.
954 2542 960 2545 _

208 2555 275 2582 Item
293 2555 346 2582 alio
363 2555 450 2582 modo.
486 2554 544 2581 Hoc
570 2554 659 2582 simile
689 2554 728 2581 illi
753 2559 797 2581 est
822 2554 896 2589 quod
929 2554 957 2581 in

168 2601 294 2637 Epistola
316 2601 350 2628 ad
373 2600 481 2628 Galatas
506 2600 632 2628 habetur.
649 2600 727 2628 (Lex
738 2604 851 2635 propter
870 2605 959 2627 trans-

172 2647 328 2683 gressiones
352 2647 445 2674 addita
475 2647 537 2674 fuit.
556 2657 565 2674 ›
582 2647 721 2682 Siquidem
735 2647 958 2683 conjunctionem

173 2697 226 2727 ἵνα,
240 2696 265 2723 id
275 2700 327 2727 est,
341 2700 380 2727 ut,
394 2695 484 2730 posuit
500 2695 581 2722 etiarn
596 2696 672 2730 juxta
688 2694 788 2722 idioma
804 2703 810 2721 :
823 2694 959 2729 signiﬁcat

167 2741 244 2767 enim
260 2741 333 2768 aliud
349 2745 526 2768 consecutura
547 2747 617 2768 esse.
631 2740 699 2768 Nam
716 2741 743 2767 in
764 2740 892 2768 omnibus
911 2739 958 2774 qui

172 2791 234 2820 post
250 2787 335 2814 Adam
346 2787 466 2820 fuerunt,
483 2788 538 2815 imo
549 2787 614 2814 etin
630 2787 689 2822 ipso
702 2787 784 2814 etiam
799 2787 884 2814 Adam
895 2786 957 2813 data

166 2833 230 2867 lege
248 2833 396 2861 abundavit
407 2834 548 2862 delictum.
562 2833 670 2861 Etenim
682 2837 785 2869 quanto
803 2833 881 2869 plura
893 2841 957 2861 sunt

1016 910 1096 937 νάτου
1107 911 1135 937 δὲ
1144 911 1272 946 σταυροῦ.

1049 957 1146 990 Νόμος
1154 956 1188 983 δὲ
1199 955 1401 991 παρεισῆλθεν
1412 956 1462 983 ἵνα
1477 955 1633 990 πλεονάσῃ
1645 955 1680 982 τὸ
1702 954 1807 989 παρά-

1015 1000 1175 1036 πτωμα.οὗ
1191 1001 1224 1028 δὲ
1248 1002 1436 1029 ἐπλεόνασεν
1452 1002 1469 1035 ἡ
1487 1002 1624 1036 ἁμαρτία,
1653 1002 1805 1035 ὑπερεπε-

1010 1048 1180 1082 ρίσσευσεν
1194 1047 1212 1082 ἠ
1235 1047 1330 1082 χάρις.
1355 1048 1404 1074 ἵνα
1421 1046 1524 1081 ὥσπερ
1553 1047 1757 1074 ἐϐασίλευσεν
1784 1046 1805 1079 ὴ

1013 1094 1141 1128 ἁμαρτία
1159 1093 1195 1120 ἐν
1209 1093 1249 1126 τῷ
1260 1093 1388 1126 θανάτῳ,
1400 1093 1494 1126 οὕτως
1505 1093 1552 1120 καὶ
1567 1093 1587 1126 ἠ
1603 1092 1689 1126 χάρις
1703 1092 1804 1124 ,βασι-

1012 1140 1110 1173 λεύσῃ
1121 1139 1184 1166 διὰ
1212 1139 1406 1173 δικαιοσύνης
1435 1141 1478 1172 εὶς
1503 1139 1580 1172 ζωὴν
1609 1138 1733 1166 αίώνιον
1748 1137 1805 1164 διὰ

1019 1185 1121 1219 Ἰησοῦ
1133 1185 1262 1220 Χριστοῦ
1276 1186 1328 1212 τοῦ
1342 1185 1453 1219 Κυρίου
1465 1183 1560 1219 ἡμῶν.

1050 1240 1059 1255 ι
1072 1230 1163 1264 Νόμος
1173 1230 1200 1256 δὲ
1215 1230 1408 1266 παρεισῆλθεν.
1421 1238 1431 1255 ι
1462 1230 1499 1256 Τδ
1510 1230 1623 1264 γεγονὸς
1642 1229 1730 1263 λέγει,
1752 1229 1806 1255 καὶ

1012 1277 1062 1304 οὐκ
1085 1277 1170 1304 αἴτιόν
1200 1285 1283 1311 φησιν
1298 1277 1344 1303 τὸν
1363 1277 1444 1312 νόμον
1475 1275 1525 1310 τῆς
1550 1275 1697 1310 ἁμαρτίας,
1731 1272 1803 1307 οἷον,

1012 1324 1103 1358 Νόμος
1131 1323 1159 1349 δὲ
1190 1322 1377 1358 παρεισῆλθε,
1407 1322 1456 1349 καὶ
1479 1322 1628 1349 ἐπλεόνασε
1655 1322 1685 1348 τὸ
1707 1323 1806 1356 παρά-

1012 1378 1123 1405 πτωμα.
1139 1369 1225 1395 Τοῦτο
1241 1369 1295 1404 γὰρ
1311 1369 1355 1395 ἐπ’
1370 1369 1461 1395 αὐτῶν
1471 1367 1548 1403 ὤφθη
1565 1368 1620 1394 τῶν
1632 1367 1722 1403 ἔργων
1750 1368 1804 1394 καὶ

1011 1415 1147 1451 πράξεων.
1180 1415 1367 1449 Ἀμαδὲ,καὶ
1401 1413 1609 1449 ἐπιπληκτικῶς
1638 1414 1707 1448 πρὸς
1734 1414 1805 1445 τοὺς

1018 1461 1161 1492 Ἰουδαίους
1172 1461 1289 1496 εἴρηται.
1306 1460 1377 1495 Πρὸς
1399 1460 1453 1496 γὰρ
1469 1459 1589 1491 ἐκείνους
1608 1459 1800 1492 ἀποτείνεται,

1011 1508 1058 1534 καὶ
1070 1508 1171 1534 ἐκεῖνοι
1194 1504 1264 1542 ἦσαν
1283 1506 1308 1533 οἱ
1322 1506 1462 1541 ὑπέρογκα
1489 1505 1528 1540 τῷ
1559 1505 1634 1540 νόμῳ
1665 1505 1804 1540 φρονοῦν-

1010 1561 1064 1585 τες.
1092 1553 1283 1588 Ἐπιπλήττων
1308 1550 1355 1580 οὖν
1385 1552 1581 1583 ὑπαινίττεται,
1595 1552 1636 1578 ὅτι
1648 1552 1747 1587 Μάτην
1759 1551 1803 1586 τῷ

1010 1600 1085 1634 νόμῳ
1111 1598 1182 1634 μέγα
1207 1599 1346 1634 φρονεῖτε·
1362 1598 1417 1632 ὅσῳ
1440 1597 1495 1632 γὰρ
1510 1597 1556 1624 ἐπὶ
1572 1598 1631 1628 ταῖς
1647 1597 1802 1632 ὑμετέραις

1010 1645 1162 1681 ἐργασίαις,
1177 1646 1191 1672 ὁ
1214 1644 1294 1678 νόμος
1319 1644 1502 1680 παρεισῆλθεν
1529 1643 1572 1670 ῐνα
1598 1643 1738 1678 πλεονάσῃ
1768 1643 1802 1668 τδ

1010 1693 1198 1728 παράπτωμα.
1231 1691 1317 1718 Τοῦτο
1331 1691 1359 1717 δὲ
1373 1690 1420 1717 νῦν
1447 1689 1510 1726 ἔφη,
1527 1690 1621 1724 ἐπειδὴ
1633 1689 1690 1717 τῶν
1703 1690 1738 1716 ἐκ
1748 1689 1801 1715 τοῦ

1017 1738 1103 1773 Ἀδὰμ
1122 1737 1248 1772 χαλεπῶν
1262 1736 1434 1772 ἐπεμνήσθη,
1448 1737 1496 1763 καὶ⁸
1513 1736 1616 1762 τούτων
1634 1735 1801 1771 ἀπαλλαγὴν

1012 1783 1092 1819 μόνον
1103 1783 1155 1818 ἔφη
1183 1782 1310 1817 γενέσθαι
1335 1783 1380 1809 τὸν
1411 1782 1535 1817 Σωτῆρα.
1555 1782 1614 1808 ’Ίνα
1630 1781 1668 1817 μὴ
1681 1781 1799 1815 λέγωσι·

1011 1828 1043 1855 Τί
1057 1828 1120 1860 of”;
1133 1828 1147 1854 ὁ
1159 1829 1239 1863 νόμος
1265 1827 1342 1855 οὐδὲν
1373 1827 1535 1854 συνεϐάλετο
1563 1828 1602 1858 είς
1617 1827 1666 1862 τὴν
1680 1827 1800 1853 ἐκείνων

1011 1874 1188 1909 ἀπαλλαγήν;
1211 1874 1302 1909 τίθησι
1313 1873 1379 1908 γοῦν
1403 1873 1492 1906 τοῦτο,
1518 1873 1558 1900 ὅτι
1575 1873 1612 1899 οὺ
1627 1873 1707 1907 μόνον
1719 1872 1801 1899 οὐδὲν

1011 1920 1186 1955 συνήνεγκεν,
1212 1920 1268 1946 ἀλλ’
1293 1919 1343 1948 ὅσα
1354 1919 1396 1954 ἐφ’
1407 1919 1481 1954 ὑμῖν,
1499 1918 1548 1946 καὶ
1571 1918 1718 1944 ἐπλεόνασε
1745 1918 1801 1953 τὴν

1011 1967 1149 2002 ἁμαρτίαν
1161 1967 1279 2002 ἐκείνην.
1295 1966 1331 1992 Τὸ
1346 1966 1385 1998 δὲ,
1405 1976 1413 1991 ι
1427 1965 1623 2001 Παρεισῆλθεν,
1635 1974 1644 1990 ι
1662 1965 1693 1991 τὸ
1710 1965 1801 1999 πρόσι

1010 2021 1106 2048 καιρον
1132 2012 1214 2040 αὐτοῦ
1245 2012 1391 2040 δείκνυσιν.
1416 2021 1425 2037 ι
1440 2011 1498 2038 ’Ίνα
1510 2011 1645 2046 πλεονάσῃ
1662 2011 1692 2037 τὸ
1706 2011 1800 2046 παρά-

1011 2067 1142 2094 πτωμα.)
1172 2059 1306 2094 Καθαιρεῖ
1333 2057 1380 2085 τοῦ
1408 2057 1489 2093 νόμου
1512 2057 1560 2093 τὴν
1598 2056 1677 2089 δόξαν
1702 2058 1712 2090 (
1727 2057 1799 2092 πρὸς

1017 2104 1158 2137 Ἰουδαίους
1182 2105 1236 2140 γὰρ
1261 2102 1296 2139 ἦν
1312 2104 1385 2138 αὒτῷ
1397 2104 1412 2130 ὀ
1427 2103 1526 2139 ἁγὼν),
1558 2103 1605 2130 καί
1633 2111 1716 2137 φησιν
1729 2111 1736 2117 ·
1753 2103 1793 2129 Οὐ

1013 2152 1092 2186 μόνον
1112 2152 1188 2179 οὐδὲν
1201 2151 1276 2187 ἡμᾶς
1297 2150 1400 2185 ὤνησεν
1410 2151 1424 2177 ὁ
1436 2150 1528 2184 νόμος,
1547 2149 1614 2176 ἀλλά
1630 2149 1677 2176 καὶ
1691 2148 1798 2185 ηὔξησε

1010 2199 1059 2230 τὰς
1081 2199 1217 2234 ἁμαρτίας
1235 2198 1267 2224 ὲκ
1281 2196 1328 2224 τοῦ
1353 2195 1580 2232 παραδαίνεσθαι.
1612 2195 1649 2222 Τὸ
1664 2194 1702 2226 δὲ,
1732 2195 1795 2227 ἵνα,

1009 2245 1059 2272 οὐκ
1073 2244 1262 2278 αἰτιολογικῶς
1287 2244 1386 2275 κεῖται,
1402 2242 1470 2269 ἀλλὰ
1485 2241 1526 2274 τὺ,
1542 2242 1617 2272 ὅπως
1638 2241 1728 2275 ἐξέϐη,
1745 2241 1796 2276 δη-

1009 2290 1060 2317 λοῖ.
1087 2291 1124 2317 Οὺ
1152 2290 1206 2325 γὰρ
1235 2289 1280 2315 διὰ
1307 2288 1385 2314 τοῦτο
1409 2287 1486 2322 ἐδόθη
1509 2287 1553 2314 ἴνα
1583 2287 1719 2322 πλεονάσῃ
1743 2287 1795 2320 τὴν

1009 2335 1158 2371 ἁμαρτίαν,
1176 2335 1277 2368 ἄπαγε,
1305 2332 1363 2360 ἀλλ’
1378 2333 1421 2359 ἵνα
1431 2332 1507 2368 σώσῃ
1521 2332 1568 2358 καὶ
1582 2331 1726 2366 παιδεύσῃ.
1747 2331 1795 2366 Μὴ

1010 2382 1158 2417 φυλαχθεὶς
1173 2380 1201 2406 δὲ
1214 2379 1317 2414 ηῦξησε
1341 2379 1391 2414 τὴν
1421 2377 1570 2413 ἁμαρτίαν,
1585 2377 1615 2404 οὗ
1644 2377 1720 2412 παρὰ
1745 2376 1796 2411 τὴν

1009 2427 1112 2454 οἰκείαν
1135 2426 1226 2461 φύσιν,
1240 2425 1309 2452 ἀλλὰ
1332 2425 1407 2460 παρὰ
1423 2425 1473 2460 τὴν
1493 2425 1547 2451 τῶν
1561 2424 1599 2459 μὴ
1619 2422 1796 2458 φυλαξάντων

1009 2474 1090 2501 αὐτὸν
1103 2472 1240 2509 ρᾳθυμίαν
1255 2473 1300 2499 καὶ
1315 2471 1479 2507 παράϐασιν.

1044 2559 1099 2587 Kal
1117 2559 1226 2593 ἄλλως.
1258 2559 1429 2595 [ΓΕΝΝΑΔ.]
1460 2559 1551 2585 Ἔοικε
1575 2558 1654 2585 τοῦτο
1677 2558 1710 2593 τῇ
1727 2558 1796 2592 πρὸς

1009 2605 1142 2637 Γαλάτας.
1162 2615 1171 2631 ι
1183 2606 1212 2633 '0
1226 2606 1308 2641 νόμος
1321 2606 1375 2632 τῶν
1405 2605 1588 2640 παραϐάσεων
1613 2604 1693 2639 χάριν
1708 2611 1797 2638 προσ-

1009 2652 1101 2687 ετὲοη.
1117 2661 1127 2678 ι
1150 2651 1187 2678 Τὸ
1205 2653 1270 2687 γὰρ,
1291 2652 1353 2684 ἶνα,
1376 2651 1514 2678 κάνταῦθα
1538 2651 1609 2678 κατὰ
1633 2650 1663 2676 τὸ
1696 2649 1795 2684 ἰδίωμα

1009 2698 1126 2725 τέθεικε·
1143 2698 1269 2733 σημαίνει
1283 2697 1337 2733 γὰρ
1352 2697 1382 2723 τὺ
1392 2697 1547 2724 ἀκόλουθον.
1561 2697 1623 2728 Τοῖς
1648 2699 1703 2730 γαρ
1723 2696 1794 2729 μετὰ

1009 2745 1055 2770 τὸν
1076 2743 1172 2778 mssa,
1203 2743 1296 2778 φησὶν,
1322 2743 1407 2770 ἅπασι
1422 2763 1429 2776 ,
1460 2743 1561 2777 μᾶλλον
1590 2742 1617 2768 δὲ
1648 2741 1695 2768 καὶ
1717 2740 1794 2773 αὐτῷ

1009 2788 1048 2824 τῷ
1061 2789 1146 2823 Ἀδὰμ
1159 2788 1241 2824 νόμου
1258 2787 1389 2820 δοθέντος,
1406 2788 1550 2815 ἐπλεόνασε
1563 2787 1593 2813 τὺ
1604 2786 1793 2821 παράπτωμα.

1011 2835 1086 2869 Ὂσῳ
1105 2834 1159 2869 γὰρ
1173 2834 1207 2861 τὰ
1219 2833 1439 2870 παραγγέλματα
1468 2833 1561 2867 πλείω,
1575 2832 1694 2866 τοσούτῳ
1708 2839 1795 2866 παρα.
