1878 3054
155 110 212 142 ’ίίῧὶ

691 105 889 135 (ΕΟΠΜΕΝΗ
902 105 1046 135 TRICCIE
1060 105 1229 135 EPISCOPI

1395 58 1410 70 κ

1733 106 1796 138 432

157 163 289 198 Δςδνίειῐιιιιιι
306 160 479 195 contingunt.
497 158 563 186 Nam
579 156 709 192 baptizati
731 162 843 192 peccata
864 158 948 193 depo—

1027 159 1125 185 .1161:
1148 159 1192 185 διὰ
1209 157 1256 185 τοῦ
1281 157 1478 194 βαπτίσματος.
1504 159 1703 195 Βαπτιζόμενοι
1720 162 1793 197 γὰρ.

159 210 254 236 nimus
269 217 275 234 :
294 206 368 242 quod
386 205 488 234 Christi
506 212 580 232 mors
599 204 682 239 ccepit
704 203 822 231 efﬁcere.
839 205 947 231 Etenim

157 262 214 290 .pro
226 253 329 280 nostris
346 256 471 278 mortuus
483 254 525 277 est
536 249 666 284 peccatis,
684 249 780 276 volens
794 257 844 276 nos
855 249 890 276 ab
906 249 949 276 his

162 299 278 327 reddere
302 297 414 324 liberos.
439 295 511 322 Mors
533 294 626 327 itaque
653 293 754 321 Christi
772 299 883 329 operata
907 299 950 322 est

161 350 320 373 nostrorum
333 341 533 377 dcpositionem
548 348 580 367 ac
598 340 837 368 mortiﬁcationem
851 348 949 375 pecca-

163 396 265 421 torum,
279 394 307 416 et
322 392 454 423 quantum
473 386 500 413 in
518 386 576 420 ipsa
594 390 653 413 erat
669 386 781 413 omnino
801 386 951 413 diremitet

162 435 292 471 alligavit.
316 434 379 461 Sola
403 440 469 467 ergo
488 440 563 460 nunc
580 432 732 467 requiritur
758 432 825 460 fides
845 436 949 465 nostra,

155 483 271 510 animus
298 487 330 507 ac
353 480 490 506 voluntas.
515 478 578 505 llaec
599 481 691 505 autem
716 485 765 512 per
785 478 950 513 baptismum

162 527 388 555 demonstrantur
407 533 414 552 :
430 532 485 559 quo
506 528 618 559 peracto
640 524 752 559 planum
772 524 802 552 fit
817 529 950 559 quantum

162 573 264 601 Christi
290 580 365 599 mors
386 575 508 598 nostram
539 569 710 604 promoverit
733 569 858 596 salutem.
879 569 951 596 Bene

163 628 230 655 ergo
249 619 287 646 ait
304 627 311 645 :
331 628 340 644 ι
358 618 389 645 In
407 622 524 645 mortem
549 616 654 644 Christi
671 616 800 650 baptizati
819 624 924 648 sumus,
939 626 948 642 ι

163 672 229 702 puta
249 670 279 693 ut
296 665 424 692 similiter
447 663 645 699 propemodum
669 663 772 690 mortui
786 663 818 690 ad
836 668 952 690 mortem

164 713 261 748 ipsius,
290 714 402 746 peccata
427 710 455 737 in
477 709 641 744 baptismate
661 709 835 744 sepeliamus.
863 709 952 744 thue

164 757 339 785 manifestius
356 756 402 783 ﬁat
417 756 524 782 lucrum
540 755 669 782 salutaris
687 755 783 782 mortis
797 755 883 790 ipsius
905 763 953 790 per

166 811 263 831 omnes
275 802 493 830 demonstratum
511 809 580 834 esse,
598 801 747 828 dummodo
760 809 810 828 nos
822 801 855 829 ad
869 801 954 828 hatre-

999 204 1184 239 ἀποτιθέμεθα
1209 204 1259 235 τὰς
1283 204 1431 238 ἁμαρτίας,
1452 205 1520 240 ὅπερ
1537 205 1637 240 ἤρξατο
1650 208 1796 242 κατεργα-

1001 250 1095 281 ζεσθαι
1111 252 1124 276 6
1139 251 1253 282 θάνατος
1278 251 1325 277 τοῦ
1341 250 1471 286 Χριστοῦ.
1502 252 1556 278 Καὶ
1573 252 1627 287 γὰρ
1643 252 1715 287 ὑπὲρ
1730 253 1793 279 τῶν

1001 296 1141 332 ἡμετέρων
1159 297 1293 323 ἀπέθανεν
1305 297 1459 332 ἁμαρτιῶν,
1479 297 1662 333 ἐλευθερῶσαι
1678 298 1789 326 τούτων

1001 344 1073 378 ἡμᾶς
1090 342 1262 377 βουλόμενος.
1302 343 1467 379 Ἐνήργησεν
1488 341 1534 370 οῦν
1559 344 1573 370 6
1599 344 1715 376 θάνατος
1741 345 1796 371 τοῦ

1001 387 1118 422 Χριστοῦ
1139 387 1188 422 τὴν
1201 388 1332 414 ἀπόθεσιν
1349 389 1396 414 καὶ
1411 389 1546 424 νέκρωσιν
1564 389 1619 415 τῶν
1633 389 1795 425 ἁμαρτιῶν,

1002 433 1128 463 καὶ,ὃσον
1151 433 1193 467 ἐφ’
1222 433 1311 469 ἑαυτῷ
1323 433 1354 460 τδ
1378 434 1438 461 ὅλον
1462 435 1617 470 ἀπήρτησε.
1644 436 1742 462 Λείπει
1762 437 1797 463 δὲ

1004 479 1071 514 μόνη
1085 480 1101 514 ἡ
1117 479 1196 514 ⁴ἡμῶν
1223 479 1315 510 πίστις
1348 481 1395 506 καὶ
1428 480 1526 516 γνώμη
1549 481 1596 506 καὶ
1618 481 1795 516 προαίρεσις.

1003 524 1096 551 Ταῦτα
1109 525 1137 551 δὲ
1151 525 1195 551 διὰ
1204 526 1251 551 τοῦ
1269 525 1458 560 βαπτίσματος
1492 526 1690 559 ἐπιδείκνυται,
1703 524 1797 561 οὗπερ

1004 570 1222 605 ἐπιτελουμένου,
1239 572 1253 598 6
1271 571 1384 603 θάνατος
1413 571 1513 607 μᾶλλον
1545 572 1592 598 τοῦ
1614 573 1732 607 Χριστοῦ
1752 575 1798 604 είς

1003 617 1064 644 ὅσον
1090 616 1179 652 ὤνησε
1212 618 1361 652 σωτηρίας,
1398 619 1590 653 ἐμφανίζεται.
1622 620 1720 652 Καλῶς
1745 620 1798 647 οὖν

1004 671 1087 698 φησιν
1107 671 1115 679 ·
1139 664 1205 694 σΕίς
1228 663 1273 690 τὸν
1288 663 1401 691 θάνατον
1431 664 1512 691 αὐτοῦ
1540 664 1755 700 ἐϐαπτίσθημεν,
1782 676 1794 691 ι

1003 707 1058 734 οἷον
1085 709 1125 740 είς
1155 708 1185 735 τὸ
1210 709 1355 736 ἀποθανεῖν
1374 709 1420 736 τὸν
1440 710 1630 745 παραπλήσιον
1645 712 1721 747 αὐτῷ
1741 711 1795 738 θά-

1003 761 1093 785 νατον,
1117 752 1167 785 τὰς
1190 754 1327 789 ἁμαρτίας
1342 754 1381 790 τῷ
1406 754 1573 790 βαπτίσματι
1593 755 1796 789 ἑνθάπτοντας,

1005 799 1052 825 καὶ
1084 799 1123 830 εις
1135 799 1166 825 τὸ
1180 799 1382 835 ἐμφανέστερον
1392 800 1439 826 τοῦ
1457 801 1592 836 σωτηρίου
1608 802 1725 829 θανάτου
1743 805 1798 829 αὺ-

160 849 292 877 -ditariam
306 847 403 875 salutis
424 847 623 882 possessionem
639 847 772 880 animum,
787 847 954 876 voluntatem

1027 844 1053 871 δῦ
1068 844 1098 871 τὺ
1112 832 1206 879 κέρδοξ
1223 832 1279 871 stat
1289 832 1397 872 πάντων
1411 832 1609 881 ὲπιδειχόίῆναι,
1638 847 1686 874 καὶ
1713 848 1798 883 ἡμῶν

166 901 199 921 ac
225 894 305 921 fidem
333 892 517 924 conferamus,
536 892 720 926 increpatorio
745 899 811 919 usus
834 895 877 919 est
899 899 958 919 scr-

166 945 259 970 mone,
271 938 457 972 interpretans
469 937 606 972 quomodo
621 940 734 972 peccato
746 937 848 963 mortui
857 936 954 969 simus,

166 988 195 1012 et
207 985 275 1011 dicit
290 993 296 1011 ε
314 993 324 1010 ι
336 985 375 1010 An
386 983 516 1018 ignoratis
530 983 603 1018 quod
613 983 805 1018 quicunquein
817 982 956 1010 Christum

168 1030 298 1064 baptizati
323 1037 428 1061 salutis,
448 1029 475 1055 in
502 1028 554 1056 hoc
582 1028 713 1062 baptizati
731 1036 825 1055 sumus
850 1033 879 1055 ut
905 1027 957 1062 ipsi

168 1084 277 1111 quoque
294 1076 463 1103 moriamur?
478 1085 487 1101 ι
508 1080 623 1102 mortem
636 1075 709 1102 enim
722 1075 855 1110 baptisma
867 1074 958 1101 imita—

168 1127 252 1149 tatur.
270 1122 337 1149 Nam
361 1122 412 1149 hoc
428 1121 564 1157 significat
585 1121 658 1156 quod
679 1121 737 1148 ait:
759 1129 768 1146 ι
786 1120 815 1147 ln
840 1125 956 1147 mortem

169 1168 255 1204 ipsius
272 1167 401 1203 baptizati
415 1175 518 1194 sumus.
539 1177 547 1193 ι
565 1159 725 1202 Quanquam
735 1167 808 1194 enim
822 1166 957 1200 baptisma

168 1221 243 1240 mors
258 1221 313 1239 non
337 1212 372 1239 sit
392 1212 554 1247 corporalis.
578 1215 752 1246 peccatorum
773 1216 862 1238 tamen
884 1218 958 1238 mors

169 1266 229 1286 esse
257 1258 371 1286 dicitur.
417 1267 425 1284 ι
462 1259 514 1285 Per
541 1258 707 1292 baptismum
733 1258 760 1284 in
791 1262 918 1285 mortem.
944 1267 953 1284 ι

169 1304 397 1339 Quandoquidem
416 1303 463 1331 ubi
483 1303 667 1338 baptizamur,
683 1303 801 1330 fatemur
814 1310 865 1330 nos
882 1310 957 1330 mor—

171 1356 233 1378 tuos
245 1359 305 1378 esse
317 1351 418 1378 mundo
433 1358 465 1377 ac
485 1349 658 1377 renuntiasse
672 1354 786 1384 peccato
797 1354 825 1377 et
838 1349 956 1377 diabolo.

167 1406 183 1422 ι
199 1396 325 1424 Christus
343 1394 464 1423 surrexit
479 1402 528 1429 per
542 1394 658 1429 gloriam
671 1393 770 1421 Patris.
790 1404 799 1420 ›
817 1394 958 1422 Persuasi-

170 1442 252 1470 hilcm
274 1442 339 1469 facit
361 1440 595 1468 resurrectionem
626 1448 676 1475 per
692 1440 805 1476 gloriam
828 1440 889 1476 ejus
911 1441 958 1476 qui

170 1487 310 1514 excitavit.
336 1487 407 1514 Bene
432 1493 497 1521 ergo
522 1485 630 1513 Patrem
658 1485 697 1512 ait
721 1485 866 1514 excitasse.
890 1485 958 1513 Nam
973 1502 994 1530 ο

171 1541 233 1560 eum
260 1533 303 1560 his
318 1533 364 1567 qui
391 1532 482 1559 adhuc
497 1531 604 1566 parvuli
621 1536 701 1559 erant
714 1540 806 1559 sermo
822 1532 873 1567 ipsi
889 1537 959 1560 erat.

171 1594 205 1599 —
217 1579 338 1607 Gloriam
354 1583 445 1606 autem
464 1578 552 1606 l‘atris
563 1582 642 1606 vocat
654 1578 756 1606 Christi
773 1578 959 1612 divinitatem,

162 1626 225 1652 hoc
251 1630 305 1654 est.
330 1632 380 1659 per
402 1624 541 1659 propriam
570 1624 753 1652 divinitatem.
771 1624 838 1651 Nam
861 1628 890 1656 et
907 1624 961 1651 alio

172 1673 233 1699 loco
245 1672 313 1699 dicit
332 1679 339 1698 :
361 1682 370 1698 ι
390 1671 425 1699 Ut
441 1672 514 1699 Deus
535 1671 644 1698 Domini
666 1671 753 1699 nostri
775 1671 840 1699 Jesu
857 1671 960 1699 Christi

170 1719 253 1746 Pater
265 1718 359 1754 gloriae
374 1719 406 1745 ευ.
424 1727 433 1743 ι
447 1717 626 1753 Consequens
646 1721 738 1745 autem
758 1722 818 1745 erat
841 1723 872 1745 ut
884 1717 960 1744 dice-

165 1768 216 1791 ,ret
232 1773 238 1790 :
256 1764 294 1790 ita
307 1768 336 1790 et
347 1771 397 1790 nos
410 1771 586 1799 resurgemus
599 1773 605 1790 :
618 1763 665 1790 sed
679 1763 713 1790 ad
725 1763 961 1790 conversationem

173 1810 238 1838 vita:
259 1810 413 1842 descendit,
437 1810 516 1837 aliam
536 1818 551 1837 a
575 1810 655 1837 nobis
682 1815 813 1844 expetens
837 1816 962 1836 resurre—

172 1857 382 1892 ctionem,vquae
402 1860 444 1884 est
465 1864 514 1892 per
527 1856 626 1884 bonam
644 1864 752 1883 marum
773 1856 961 1884 eonversatio~

166 1911 246 1935 .ncm,
269 1903 296 1929 in
319 1910 373 1938 qua
401 1907 543 1938 peccatum
573 1907 712 1930 mortuum
737 1907 788 1935 est,
809 1902 865 1930 vita
895 1910 961 1929 vero

172 1949 292 1983 resurgit
307 1948 400 1976 virtuti
415 1948 577 1975 conformis.
593 1948 660 1975 Nam
676 1948 741 1974 dum
757 1947 866 1975 adulter
883 1947 962 1975 dein-

173 2002 238 2029 ceps
249 1995 413 2021 adulterium
423 1994 541 2029 amplius
552 1998 768 2028 nonrperpetrat,
782 2001 871 2029 neque
880 1993 961 2028 275

166 2045 268 2074 raptor
282 2040 338 2074 jam
353 2047 407 2066 non
424 2040 504 2074 rapit,
522 2040 574 2066 hoc
589 2040 651 2066 vita:
670 2040 777 2067 novitas
790 2043 842 2068 est.

206 2084 274 2111 IIem
290 2089 314 2111 et
328 2085 416 2111 aliter.
433 2084 534 2111 Novam
550 2089 658 2120 oportet
674 2092 733 2112 esse
743 2085 827 2112 vitam
839 2083 960 2112 fidelium

172 2139 234 2167 qua:
254 2131 360 2158 nullum
377 2131 478 2158 veteris
494 2131 599 2166 peccati
624 2130 770 2158 contrahat
793 2131 959 2165 contagium.

1006 891 1074 926 πρὸς
1089 890 1138 926 τὴν
1155 891 1316 926 ὁλοκληρίαν
1330 892 1379 926 τῆς
1398 892 1535 926 σωτηρίας
1547 893 1596 928 τὴν
1614 893 1729 929 γνώμην
1746 895 1798 921 καὶ

1006 938 1056 973 τὴν
1069 937 1227 973 προαίρεσιν
1247 939 1293 964 καὶ
1322 938 1370 973 τὴν
1395 938 1486 965 πίστιν
1513 940 1730 973 συνεισαγόντων
1749 940 1800 967 διὰ

1007 983 1053 1010 τοῦ
1069 983 1267 1018 βαπτίσματος.
1276 983 1554 1020 Ἑπιπληκτικωτέρῳ
1566 985 1594 1011 δὲ
1607 985 1679 1020 λόγῳ
1691 986 1799 1022 κέχρη-

1006 1037 1063 1061 ται,
1078 1028 1236 1064 ἑρμηνεύων
1245 1028 1303 1060 πῶς
1312 1029 1483 1064 ἀπεθάνομεν
1493 1031 1527 1066 τῇ
1541 1031 1673 1066 ἁμαρτίᾳ,
1683 1031 1731 1058 καί
1746 1040 1799 1067 (ρη-

1009 1083 1051 1101 σιν
1062 1082 1069 1089 ·
1091 1075 1125 1100 Ἠ
1137 1075 1260 1108 ἀγνοεῖτε
1274 1075 1315 1101 ὅτι
1331 1075 1386 1101 ὅσοι
1397 1076 1438 1107 εἰς
1450 1076 1565 1111 Χριστὸν
1577 1077 1787 1112 ἐϐαπτίσθημεν

1008 1120 1049 1152 είς
1059 1119 1138 1146 τοῦτο
1152 1120 1416 1156 ἐδαπτίσθημεν,ζείς
1427 1121 1457 1147 τὺ
1467 1121 1514 1148 καὶ
1536 1122 1612 1149 αὐτοὶ
1627 1123 1776 1150 ἀποθανεῖν
1790 1133 1798 1156 ;

1009 1167 1122 1194 θάνατον
1132 1166 1186 1203 γὰρ
1200 1168 1323 1202 μιμεῖται
1336 1167 1366 1193 τὸ
1380 1167 1523 1203 βάπτισμα
1533 1176 1540 1183 ·
1552 1168 1630 1195 τοῦτο
1640 1169 1694 1204 γὰρ
1708 1168 1798 1202 sum,

1007 1213 1048 1246 τὸ,
1066 1223 1075 1239 ι
1093 1213 1138 1244 Et;
1156 1214 1201 1240 τὸν
1217 1213 1330 1240 θάνατον
1349 1214 1431 1241 αὺτοῦ
1444 1214 1656 1250 ἐϐαπτίσθημεν.
1669 1224 1678 1240 ι
1698 1215 1730 1241 Et
1743 1215 1801 1250 γὰρ

1009 1259 1056 1286 καὶ
1070 1258 1107 1294 μὴ
1120 1258 1275 1294 σωματικάς
1287 1259 1346 1285 ὲστι
1363 1259 1479 1291 θάνατος
1490 1260 1521 1286 τὸ
1533 1259 1686 1296 βάπτισμα,
1703 1261 1802 1296 ἅμαρ-

1008 1304 1074 1331 τιῶν
1106 1304 1208 1339 μέντοι.
1236 1313 1245 1330 ι
1257 1304 1305 1330 Διά
1324 1304 1370 1331 τοῦ
1393 1305 1579 1340 βαπτίσματος
1596 1307 1636 1338 είς
1650 1306 1697 1333 τὸν
1715 1306 1801 1333 θάνα-

1008 1359 1063 1377 τον.
1084 1359 1093 1376 ι
1121 1350 1231 1385 Ἐπειδὴ
1256 1350 1448 1385 βαπτιζόμενοι
1475 1352 1660 1387 ὁμολογοῦμεν
1693 1353 1801 1379 ἀποτε-

1009 1396 1138 1432 θνηκέναι
1152 1396 1190 1432 τῷ
1205 1397 1299 1432 κόσμῳ
1323 1397 1370 1423 καὶ
1404 1397 1605 1424 ἀποτάσσεσθαι
1621 1399 1654 1433 τῇ
1669 1398 1801 1434 ἁμαρτίᾳ

1010 1443 1105 1478 καὶτῷ
1119 1442 1246 1478 διαϐόλῳ.
1275 1451 1284 1468 ι
1299 1442 1416 1478 Χριστὸς
1440 1443 1544 1478 ἠγέρθη
1571 1443 1614 1470 διὰ
1639 1444 1688 1478 τῆς
1717 1443 1802 1478 δόξης

1010 1489 1057 1516 τοῦ
1069 1488 1186 1524 Πατρός.
1199 1498 1209 1514 ›
1229 1487 1347 1523 Πιθανὴν
1376 1490 1492 1516 ποιεῖται
1515 1489 1563 1524 τὴν
1580 1489 1741 1522 ἀνάστασιν,
1753 1489 1803 1516 διὰ

1010 1537 1061 1571 τῆς
1079 1535 1125 1561 τοῦ
1156 1535 1312 1570 ἐγείραντος
1344 1534 1434 1570 δόξης.
1454 1535 1550 1567 Καλῶς
1564 1535 1611 1562 οῦν
1624 1535 1670 1562 τὸν
1686 1536 1802 1570 Πατέρα

1011 1582 1092 1617 φησὶν
1115 1581 1306 1616 έγηγερκέναι.
1323 1581 1439 1617 Νηπίοις
1455 1582 1509 1617 γὰρ
1523 1582 1563 1609 ἔτι
1577 1582 1744 1617 διαλέγεται.
1763 1597 1803 1603 -

1012 1626 1189 1663 [ΘΕΟΔΩΡ.]
1222 1627 1306 1659 Δόξαν
1334 1627 1362 1652 δὲ
1387 1628 1435 1654 τοῦ
1464 1628 1579 1663 Πατρδς,
1606 1627 1655 1664 τὴν
1683 1627 1804 1663 θεότητα

1011 1673 1089 1699 autalt!
1099 1672 1147 1699 τοῦ
1159 1673 1289 1708 Χριστοῦ,
1311 1672 1447 1706 τουτέστι,
1467 1673 1511 1700 διὰ
1527 1674 1575 1708 τῆς
1587 1673 1691 1706 οἰκείας
1701 1673 1803 1708 θεότη-

1010 1728 1067 1751 τος.
1090 1719 1145 1746 Καὶ
1167 1719 1221 1754 γὰρ
1232 1720 1261 1746 tv
1274 1719 1362 1754 ἑτέρῳ
1393 1719 1476 1755 φησίν
1495 1727 1501 1734 ⁸
1522 1720 1601 1747 ι’Ὶνα
1627 1721 1640 1746 6
1655 1720 1722 1751 Θεὸς
1750 1720 1803 1747 τοῦ

1011 1764 1115 1801 Κυρίου
1136 1764 1214 1799 ἡμῶν
1229 1764 1319 1800 Ἰησοῦ
1333 1764 1451 1800 Χριστοῦ
1466 1765 1480 1791 6
1492 1764 1586 1800 Πατὴρ
1611 1765 1660 1800 τῆς
1676 1765 1769 1800 δόξης.
1791 1775 1802 1792 ι

1010 1808 1065 1838 Ἦν
1091 1810 1120 1837 δὲ
1135 1810 1279 1837 ἀκόλουθον
1305 1811 1403 1843 εἰπεῖν,
1433 1810 1528 1841 οὕτως
1550 1811 1597 1837 καὶ
1623 1811 1704 1846 ἡμεῖς
1729 1811 1803 1838 ἀνα-

1012 1856 1183 1891 στησόμεθα”
1198 1856 1256 1883 ἀλλ’
1282 1857 1322 1887 εἰς
1341 1856 1479 1883 πολιτείαν
1499 1854 1591 1892 ἦλθεν,
1607 1856 1705 1891 ἑτέραν
1722 1857 1804 1892 ἡμᾶς

1010 1902 1135 1929 ἀπαιτῶν
1162 1903 1321 1935 ἀνάστασιν,
1350 1903 1400 1938 τὴν
1425 1903 1470 1929 διὰ
1489 1903 1613 1938 χρηστῆς
1641 1903 1801 1936 πολιτείας,

1011 1949 1040 1975 tv
1088 1949 1231 1984 νεκροῦται
1265 1950 1315 1984 μὲν
1329 1950 1346 1984 ἠ
1362 1950 1495 1985 ἁμαρτία,
1522 1949 1664 1976 ἀνίσταται
1682 1949 1710 1976 δὲ
1744 1949 1805 1984 βίος

1011 1994 1147 2030 ἐνάρετος.
1173 1995 1203 2022 '0
1228 1995 1326 2031 πόρνος
1350 1995 1378 2021 tv
1403 1992 1424 2028 ᾧ
1449 1995 1547 2030 μηκέτι
1578 1994 1717 2030 πορνεὺει,
1753 1996 1805 2022 καὶ

1011 2040 1025 2066 6
1040 2040 1132 2076 ἅρπαξ
1145 2041 1184 2076 μὴ
1199 2041 1328 2076 ἁρπάζει,
1346 2040 1425 2067 τοῦτο
1439 2041 1567 2075 καινότης
1586 2041 1669 2075 ζωῆς.

1045 2087 1099 2114 Καὶ
1126 2087 1236 2121 ἄλλως.
1251 2087 1350 2124 [ΦΩΤ.]
1365 2088 1436 2114 Νέαν
1460 2088 1501 2115 δεῖ
1518 2086 1587 2114 εἶναι
1619 2088 1673 2115 τῶν
1695 2089 1803 2116 πιστῶν

1011 2133 1060 2169 τὴν
1076 2134 1163 2170 ζωὴν,
1178 2135 1261 2170 μηδὲν
1278 2135 1327 2170 τῆς
1344 2134 1462 2170 παλαιᾶς
1479 2135 1618 2170 ἁμαρτίας
1634 2136 1803 2171 ἐπισυρομέ-

173 2186 185 2203 ‹
207 2177 274 2204 Nam
302 2177 324 2204 si
353 2177 538 2211 c0mplantati.
559 2186 568 2202 ι
587 2177 800 2204 Similitudinem
819 2177 960 2204 ostendere

1027 2189 1063 2215 "qv
1077 2181 1190 2215 ἐφόδιον.
1205 2190 1215 2206 ι
1229 2181 1260 2207 Εἰ
1276 2181 1330 2216 γὰρ
1344 2180 1490 2215 σύμφυτοι.
1508 2189 1517 2206 ι
1541 2181 1703 2216 Ὀμοιότητα
1715 2181 1801 2214 δεῖξαι

172 2229 289 2252 conatur
306 2224 378 2252 inter
397 2232 448 2251 nos
464 2231 496 2251 ac
515 2223 664 2257 Christum,
684 2229 712 2251 et
728 2223 766 2250 ait
787 2232 794 2250 :
813 2233 822 2248 ι
840 2223 868 2251 Si
883 2231 960 2250 com-

174 2271 287 2304 plantati
310 2271 368 2298 sive
384 2271 534 2305 participes
558 2270 623 2298 facti
644 2278 739 2298 sumus
755 2270 861 2298 mortis.
883 2280 891 2296 ι
919 2269 960 2298 0b

164 2317 226 2343 Jioe
242 2321 333 2344 autem
349 2317 547 2351 complantatos
561 2316 637 2349 dicit,
648 2316 719 2351 quod
731 2317 960 2351 quemadmodum

171 2369 274 2396 corpus
301 2362 471 2389 Dominicum
503 2362 531 2388 iu
569 2366 640 2389 terra
668 2362 815 2397 sepultum,
844 2363 960 2390 salutem

171 2409 275 2434 mundo
296 2407 436 2443 produxit,
460 2408 498 2435 ita
528 2412 557 2434 et
582 2412 718 2441 nostrum,
737 2409 837 2443 inquit,
859 2409 886 2435 in
914 2408 962 2436 ba-

165 2454 300 2488 ptismate
322 2453 460 2489 sepultum
487 2454 635 2488 nobisipsis
658 2453 793 2490 justitiam
818 2453 957 2488 produxit.

170 2499 376 2535 Methaphorica
404 2499 488 2527 dictio
514 2504 566 2533 est,
589 2499 783 2535 Complantati,
803 2499 837 2526 ab
853 2499 959 2526 arbori-

171 2546 224 2573 bus
246 2545 328 2580 juxta
357 2544 566 2574 similitudinem
591 2550 709 2580 sumpta,
736 2552 796 2580 qua:
824 2544 905 2571 simul
925 2544 958 2571 ad

170 2599 200 2618 se
232 2591 349 2618 invicem
380 2590 507 2625 plantataa
541 2594 615 2617 sunt.
646 2590 740 2625 Itaque
769 2589 957 2624 complantati,

167 2636 219 2669 ait,
236 2636 300 2664 facti
342 2643 437 2663 sumus
468 2635 652 2663 similitudine
681 2635 779 2662 mortis
807 2636 878 2670 ejus,
907 2635 960 2662 hoc

169 2687 212 2710 est
236 2684 404 2711 commortui
434 2691 529 2711 sumus
554 2682 616 2717 ipsi.
642 2681 756 2716 Proprie
783 2685 874 2708 autem
895 2688 960 2707 usus

169 2733 260 2763 tropo.
291 2729 358 2756 Nam
385 2729 458 2756 sicut
482 2729 574 2763 planta
598 2727 690 2762 aliquo
719 2732 853 2763 tempore.
875 2727 961 2754 veluti

208 2820 230 2835 "
238 2819 341 2854 Ephes.
358 2828 377 2854 ι,
391 2820 417 2848 1.

1011 2225 1147 2263 ἐπιχειρεῖ
1159 2226 1238 2262 ἡμῶν
1251 2234 1281 2252 τε
1296 2227 1343 2253 καὶ
1359 2226 1405 2252 τοῦ
1418 2226 1547 2261 Χριστοῦ,
1563 2226 1610 2252 καί
1625 2234 1723 2260 φησιν·
1743 2237 1753 2252 ι
1769 2227 1802 2254 Εἰ

1014 2272 1160 2307 σύμφυτοι,
1170 2269 1226 2298 οἷον
1239 2271 1416 2306 συμμέτοχοι,
1429 2272 1582 2306 γεγόναμεν
1591 2271 1638 2297 τοῦ
1649 2271 1777 2298 θανάτου.
1790 2282 1798 2297 ι

1014 2317 1175 2353 Συμφύτους
1194 2317 1222 2342 δὲ
1238 2317 1313 2350 λέγει
1332 2316 1376 2343 διὰ
1400 2316 1603 2352 τοῦτο,ὥσπερ
1625 2317 1656 2344 τὸ
1677 2317 1758 2352 σῶμα
1772 2318 1802 2344 τὸ

1014 2362 1178 2389 Δεσποτικον
1193 2361 1277 2396 ταςρὲν
1291 2362 1320 2388 ἐν
1340 2363 1373 2397 τῇ
1392 2363 1426 2397 γῇ
1449 2361 1532 2396 ἔφυσε
1548 2364 1686 2398 σωτηρίαν
1701 2362 1739 2397 τῷ
1755 2363 1802 2389 κό-

1016 2417 1078 2443 σμῳ
1087 2427 1094 2440 ,
1110 2407 1196 2438 οὕτως
1209 2407 1257 2433 καὶ
1267 2407 1298 2434 τδ
1313 2407 1391 2442 ἡμῶν
1401 2427 1408 2441 ,
1420 2407 1497 2442 φησι,
1510 2408 1595 2442 ταφὲν
1607 2409 1635 2434 ὲν
1651 2407 1689 2442 τῷ
1705 2408 1802 2442 βαπτί-

1013 2461 1114 2488 σματι,
1131 2453 1229 2487 ἔφυσεν
1244 2453 1310 2488 ἡμῖν
1319 2453 1410 2484 αὐτοῖς
1424 2452 1606 2488 δικαιοσύνην.
1621 2453 1700 2480 Κατά
1715 2461 1801 2487 μετα-

1012 2499 1098 2533 φορὰν
1118 2499 1134 2533 ἡ
1150 2497 1232 2531 λέξις,
1257 2497 1312 2525 ἀπὸ
1337 2497 1391 2525 τῶν
1411 2497 1482 2524 κατά
1507 2498 1668 2532 συγγένειαν
1684 2497 1802 2531 δένδρων

1011 2543 1068 2579 ἅμα
1084 2544 1274 2578 φυτευομένων
1295 2542 1342 2569 καὶ
1364 2543 1412 2570 σὺν
1433 2542 1569 2577 ἀλλήλοις.
1585 2543 1726 2577 Σὺμφυτοι
1741 2541 1799 2575 οὖν,

1013 2589 1090 2624 φησὶ,
1105 2590 1257 2624 γεγόναμεν
1278 2588 1317 2623 τῷ
1337 2588 1490 2624 ὁμοιώματι
1500 2588 1548 2615 τοῦ
1565 2589 1680 2615 θανάτου
1697 2589 1782 2615 αὑτοῦ
1793 2609 1800 2621 ,

1013 2635 1147 2666 τουτέστι,
1163 2634 1384 2668 συναπεθάνομεν
1399 2633 1484 2669 αὐτῷ.
1499 2633 1614 2665 Οῐχείως
1624 2633 1652 2659 δὲ
1666 2634 1803 2669 ἐχρήσατο

1013 2682 1046 2716 τῇ
1061 2682 1160 2716 τροπῇ.
1178 2681 1283 2716 Ὥσπερ
1301 2679 1354 2714 γὰρ
1367 2680 1397 2706 τὸ
1410 2680 1492 2714 φυτὸν
1511 2681 1540 2707 tv
1550 2681 1583 2714 τῇ
1602 2681 1637 2715 γῇ
1652 2680 1803 2707 κατατεθὲν

1012 2727 1109 2763 χρόνον
1124 2726 1185 2754 τινὰ
1197 2746 1204 2759 ,
1221 2723 1276 2754 οἷον
1286 2725 1419 2763 νέκρωσίν
1433 2735 1493 2754 τινα
1510 2727 1556 2753 καὶ
1576 2725 1723 2762 ἀκινησίαν
1735 2726 1802 2754 ὐπο-
