1878 3054
82 190 133 222 m

613 186 808 217 COMMENT.
831 186 869 215 ΙΝ
888 185 1005 214 EPIS’I‘.
1027 185 1074 214 AD
1096 184 1186 214 ΗΘΜ.

1658 180 1709 211 ΜΠ

83 251 174 286 μένει,
189 250 288 276 ἔπειτα
300 250 328 275 δὲ
343 247 439 282 ἁθρῦον
457 246 542 282 ἁναζῇ
563 247 610 273 καὶ
623 245 765 272 ἅναῡάλλει
777 265 784 275 ,
796 244 867 271 οὕτω

957 243 1158 270 πιὶῐὶρειιίοιιειη
1173 242 1319 277 quamdam
1342 241 1456 276 patitur,
1473 241 1570 268 deinde
1585 241 1710 276 pretium.-

82 297 170 324 καὶτὸ
184 295 327 330 κυριακὸν
342 294 421 328 σῶμα
433 293 478 318 ἐπὶ
490 292 584 328 χρόνον
598 292 699 327 βραχὺν
707 290 782 317 τεθὲν
795 291 824 316 ἐν
835 290 874 324 τῷ

80 344 169 377 τάφῳ,
187 341 287 376 ἁθρόον
314 341 431 376 ἦνϐησεν
459 339 573 370 ἐκεῖθεν,
598 338 645 365 καὶ
666 338 817 372 ἐϐλάστησε
840 338 872 372 τῇ

81 388 295 423 οίκουμὲνῃ,τὴν
312 386 460 421 σωτηρίαν.
476 385 529 412 Καὶ
544 385 624 420 ἡμεῖς
640 384 668 411 δὲ
681 383 872 419 βαπτιζόμενοι

82 435 128 461 καὶ
144 433 360 467 ὲνθαπτόμενοι,
378 432 425 458 καὶ
444 431 545 466 τρόπον
559 430 619 457 τινὰ
635 430 727 465 ὥσπερ
749 429 783 456 τὰ
801 428 872 463 φυτὰ

81 481 114 513 τῇ
134 480 186 514 γῇ,
207 478 293 509 οὕτως
313 477 359 503 καὶ
385 477 466 512 ἡμεῖς
489 475 695 510 ἐννεκρούμενοι
714 473 753 509 τῷ
782 474 871 507 ὕδατι,

81 524 181 559 ἁῠρόον
190 523 331 554 Θάλὶοντες
343 523 391 549 καὶ
404 521 577 555 ἀκμάζοντες
589 520 638 556 τὴν
648 520 722 555 σφῶν
734 520 871 556 σωτηρίαν

84 570 267 604 ἀνερχόμεθα.
285 567 382 599 Καλῶς
393 568 421 595 δὲ
433 569 482 594 οὐκ
495 565 567 600 εἷπε,
588 576 597 593 ι
615 567 754 602 Σύμφυτοι
769 567 808 602 τῷ
823 567 872 593 θαι

84 615 169 650 νάτῳ,
189 614 256 642 ἀλλὰ
270 614 309 649 τῷ
324 614 496 649 ὁμοιώματι·
520 623 530 639 ι
546 613 671 648 ὁμοίωμα
687 612 740 647 γὰρ
755 612 871 640 θανάτου

83 661 184 696 ἔχομεν
197 661 226 686 ὲν
239 660 277 695 τῷ
292 660 470 695 βαπτίσματι,
487 659 516 686 οὐ
532 658 686 694 σωματικὸν
702 658 825 685 θάνατον.
838 659 871 686 ΑΞ

84 707 139 742 γὰρ
166 708 240 742 τρεῖς
268 706 428 738 καταδύσεις
459 706 504 733 καὶ
525 706 667 737 ἁναδὺσεις
692 704 749 733 τοῦ.
775 705 872 741 βαπτί-

83 761 206 787 σματος,
234 753 347 780 θάνατον
370 753 418 780 καὶ
445 752 592 780 ἀνάστασιν
625 752 812 787 σημαίνουσιν.
837 767 872 772 -

84 797 254 834 [ΚῚῬΙΛΛ.]
271 798 414 833 Ὀμοίωμα
433 798 558 829 Θανάτου,
574 797 588 823 ὁ
610 796 729 831 Χριστοῦ
746 796 870 829 θάνατος,

81 843 128 870 διὰ
144 843 175 870 τδ
205 843 242 879 μὴ
259 844 499 879 ἁπομεμενηκέναι
515 843 596 870 αὑτὸν
613 843 651 878 τῷ
669 841 787 878 θανάτῳ,
813 842 871 869 ἀλλ’

83 888 234 915 ἀναϐιῶναι
253 889 410 924 τριήμερον,
426 889 481 916 Καὶ
495 889 587 916 πάλιν·
596 888 736 923 Ὀμοίωμα
753 888 868 915 θανάτου

926 288 1063 315 rcviviscit
1079 296 1110 316 ac
1130 287 1273 316 revirescit
1291 296 1298 314 :
1319 288 1355 315 ita
1371 293 1398 314 ct
1414 295 1513 320 corpus
1540 286 1710 314 Dominicum

924 331 957 359 ad
972 332 1055 359 breve
1069 335 1177 367 tempus
1189 332 1215 359 in
1231 332 1357 367 sepulcro
1371 333 1503 368 positum,
1517 332 1581 359 inde
1599 335 1711 366 repente

924 377 1052 410 eﬁloruit,
1070 377 1184 413 orbique
1207 378 1322 406 salutem
1336 378 1509 413 germinavit.
1532 377 1588 405 Nos
1601 384 1711 413 quoque

923 422 988 449 dum
1001 423 1183 457 baptizamur,
1196 423 1278 450 etiam
1291 424 1440 458 scpelimur
1453 428 1496 451 :et
1510 421 1712 458 quodammodo

922 469 1007 495 veluti
1025 469 1123 504 plantae
1135 469 1254 502 interra,
1268 469 1304 496 ita
1321 473 1350 496 et
1367 477 1417 496 nos
1430 469 1458 496 in
1470 477 1539 504 aqua
1551 469 1711 501 morientes,

923 518 1036 548 repente
1054 514 1175 541 virentes
1190 519 1366 549 nostramque
1388 515 1504 541 salutem
1534 514 1710 549 pullulantes,

923 559 1105 586 ascendimus.
1119 559 1236 587 Pulchre
1248 564 1341 587 autem
1354 560 1421 586 dixit
1437 568 1443 586 :
1460 569 1469 585 ι
1481 559 1663 594 Compiantati
1675 559 1709 585 si-

923 598 1077 633 militudine
1087 605 1191 637 mortis,
1205 615 1214 630 ι
1226 613 1292 636 ηοη,
1305 610 1410 633 morte:
1423 605 1518 632 mortis
1529 605 1601 632 enim
1616 603 1710 631 simili-

924 653 1045 680 tudinem
1055 653 1221 680 habcnlusin
1232 652 1378 688 baptismo,
1389 660 1443 679 non
1455 652 1579 687 corporis
1586 655 1712 678 mortem.

922 700 988 727 Nam
998 703 1052 727 tres
1060 699 1185 734 baptismi
1194 700 1384 727 immersiones
1390 703 1416 726 et
1423 699 1590 726 emersiones
1598 701 1711 724 mortem

922 752 953 772 ac
968 745 1198 773 resurrectionem
1219 744 1385 780 signiﬁcant.
1401 759 1435 764 --
1447 742 1603 770 Similitudo
1616 741 1712 769 mortis

921 795 963 819 est
976 791 1078 818 Christi
1100 799 1185 823 mors,
1204 799 1238 818 eo
1252 790 1324 826 quod
1347 790 1374 817 in
1388 794 1476 817 morte
1496 796 1551 815 non
1568 787 1710 819 manserit,

921 837 970 864 sed
984 837 1064 864 tertio
1079 836 1123 864 die
1136 836 1274 864 rcvixerit.
1287 836 1321 863 Et
1336 842 1446 862 rursum
1470 843 1476 861 :
1494 833 1589 861 Passio
1607 837 1665 860 erat
1681 833 1708 858 in

921 882 1031 910 Christo
1059 883 1156 910 mortis
1180 882 1342 914 similitudo,
1367 881 1449 916 idque
1472 879 1647 908 eonvenienti
1663 878 1709 905 ati-

82 934 113 960 τὸ
143 934 228 967 πάθος
355 920 399 970 ’τῷ
424 935 544 970 Χριστῷ,
575 920 634 962 καὶ.
651 920 725 970 μάλα
747 934 869 966 εἰκότως.

957 929 1035 956 odum
1046 930 1109 965 jure
1127 939 1133 957 :
1148 929 1245 957 revixit
1258 929 1332 956 enim
1347 936 1398 955 nec
1408 931 1534 954 mortuus
1546 924 1710 961 permansit.

90 979 204 1007 ’Δνεόίω
238 980 292 1016 γὰρ
323 981 369 1008 καὶ
399 981 431 1008 οὐ
458 981 596 1016 μεμένηκε
628 980 733 1016 νεκρός.
764 989 773 1006 ι
793 980 872 1007 Ἀλλὰ

83 1027 132 1053 καὶ
155 1026 206 1061 τῆς
231 1027 406 1059 ἀναστάσεως
426 1027 555 1062 ἐσόμεθα,
578 1037 588 1054 ι
608 1027 704 1060 Ποίας
728 1027 785 1061 Τῆς
807 1027 872 1054 ὅταν

84 1073 257 1108 ἀναστῶμεν.
269 1073 477 1110 -[ΟΙΚοΥΜ.]
493 1074 547 1101 Καὶ
557 1075 607 1110 δρα
624 1073 780 1109 άγαθότητα
791 1073 869 1102 Θεοῦ.

85 1118 137 1145 Τὸν
165 1119 216 1154 μὲν
240 1119 353 1146 Θάνατον
367 1120 414 1146 τοῦ
431 1120 545 1155 Κυρίου,
562 1121 599 1151 ὡς
615 1121 645 1147 ἐν
660 1120 744 1147 εικόνι
766 1119 871 1146 ἀπεϐά-

83 1172 177 1199 νομεν,
198 1165 247 1198 τῆς
269 1165 297 1192 δὲ
324 1165 498 1198 ἀναστάσεως
527 1166 634 1201 ἀληθῶς
660 1166 870 1201 κοινωνήσομεν.

122 1210 215 1237 Τοῦτο
235 1211 451 1245 γινώσκοντες,
473 1212 518 1239 ὅτι
535 1213 552 1239 ὁ
577 1212 706 1244 παλαιὸς
721 1211 804 1246 ἡμῶν
817 1211 871 1238 ἆν-

85 1258 203 1290 θρωπος
217 1257 460 1292 συνεσταυρώθη,
475 1258 525 1285 ἵνα
551 1258 719 1292 καταργηθῄ
738 1257 769 1284 τὸ
784 1257 871 1292 σῶμα

85 1301 140 1336 τῆς
156 1302 312 1336 ἁμαρτίας,
340 1303 395 1331 τοῦ
416 1303 524 1338 μηκέτι
554 1304 713 1331 δουλεύειν
733 1304 811 1339 ἡμᾶς
833 1304 871 1339 τῇ

85 1348 225 1382 ἁμαρτίᾳ.
245 1349 277 1376 '0
296 1350 351 1384 γὰρ
366 1349 528 1377 ἀποθανὼν
541 1349 728 1377 δεδικαίωται
742 1350 802 1377 ἀπὸ
815 1349 870 1384 τῆς

85 1393 241 1428 ἁμαρτίας.
267 1396 302 1422 ει
321 1395 355 1422 δὲ
378 1391 567 1431 ἀπεθάνομεν
598 1397 659 1424 σὼ·
680 1396 804 1431 Χριστῷ,
824 1404 871 1424 κι-

84 1440 236 1475 στεύομεν
252 1440 297 1468 ὅτι
308 1441 357 1469 καὶ
371 1442 543 1478 συζησομεν
554 1441 644 1475 αὐτῷ.

121 1485 192 1514 Εἶτα
202 1487 277 1521 λέγει
291 1487 352 1519 πῶς
366 1488 432 1523 ἡμῖν
445 1488 522 1515 ἔσται
542 1488 664 1522 ἐπίδοξος
681 1489 695 1525 ἠ
712 1489 868 1521 ἀνάστασις.

85 1532 133 1559 καί
149 1541 232 1568 φησι·
255 1543 264 1560 ι
283 1533 369 1561 Τοῦτο
380 1534 557 1569 γινώσκοντες
572 1535 612 1562 ὅτι
632 1536 647 1562 ό
670 1535 870 1571 “tamquam

85 1579 227 1615 ἄνθρωπος
249 1581 409 1616 (τουτέστιν,
424 1582 438 1608 ό
455 1582 676 1617 κατεγνωσμένος
693 1582 772 1617 βίος),
803 1591 866 1609 συν-

85 1626 247 1662 εσταυρώθη
266 1636 276 1652 ι
291 1627 329 1662 τῷ
349 1627 457 1663 Χριστῷ
472 1628 514 1655 διὰ
525 1628 571 1655 τοῦ
583 1628 781 1664 βαπτίσματος,
796 1628 838 1662 ἐφ’
853 1625 874 1663 ᾧ

83 1681 126 1704 τι,
152 1672 236 1706 φησὶ,
255 1673 458 1708 καταργηθῆναι
478 1673 508 1700 τὸ
538 1674 617 1709 σῶμα
640 1674 690 1708 τῆς
717 1673 873 1709 ἁμαρτίας,

85 1719 238 1751 τουτέστιν,
263 1719 308 1746 ῐνα
324 1721 456 1754 νέκρωσιν
474 1721 502 1748 αἱ
530 1721 614 1748 κακαὶ
628 1721 743 1755 πράξεις
759 1721 874 1756 ὑπομεί-

85 1773 179 1796 νωσιν,
195 1764 230 1797 ἃς
257 1766 304 1797 καὶ
319 1765 392 1800 λέγει
421 1766 500 1802 σῶμα
516 1767 663 1802 ἁμαρτίας.
675 1782 713 1788 -
846 1767 875 1794 '0

84 1811 211 1842 ⁴παλαιὸς.
223 1811 360 1838 τουτέστιν
373 1812 388 1838 ὸ
400 1813 427 1839 ὲν
445 1814 503 1844 ταῖς
525 1813 673 1848 ἁμαρτίαις
697 1813 874 1846 παλαιωθείς.

86 1853 172 1889 0516;
186 1855 244 1889 οὖν,
265 1857 468 1894 βαπτιζομένων
481 1860 571 1895 ἡμῶν,
593 1860 792 1895 συσταυροῦται
811 1861 874 1896 Χρι-

85 1903 143 1938 στῷ
155 1905 203 1931 καῖ
215 1904 393 1940 ἀποθνήσκει,
407 1906 456 1932 καὶ
468 1906 637 1942 ἀνερχόμεθα
652 1907 705 1934 ἀπὺ
715 1907 763 1933 τοῦ
777 1907 874 1942 βαπτί·

86 1957 191 1984 σηματος
203 1950 292 1977 καινοὶ
305 1951 352 1978 καὶ
363 1951 526 1986 πρόσφατοι,
539 1954 627 1980 πάντα
636 1953 681 1980 τὸν
688 1954 877 1981 παλαιωθέντα

85 1995 230 2030 ἄνθρωπον
245 1996 418 2032 ἀποθέμενοι,
435 1998 481 2024 καὶ
499 2001 678 2034 καταργεῖται
695 2000 740 2026 καὶ
754 1999 784 2026 τὺ
795 1999 874 2035 σῶμα

85 2041 134 2076 τῆς
149 2041 297 2076 ἁμαρτίας,
313 2039 371 2078 ἑνῇ
389 2043 556 2078 ἐστηρίζετο,
575 2045 622 2071 καὶ
641 2044 685 2079 ὑφ’
700 2043 733 2081 ἧς
756 2045 876 2080 ὲμορφο-

86 2088 180 2113 ποεῖτο
195 2088 209 2113 ὁ
225 2087 338 2117 παλαιὸς
349 2087 428 2123 ἡμῶν
437 2087 589 2124 ἄνθρωπος,
602 2090 750 2121 τουτέστιν,
765 2091 778 2116 ό
793 2099 876 2117 κατα-

86 2133 212 2168 γηράσας
229 2132 284 2168 βίος
297 2133 375 2169 ἡμῶν
388 2135 445 2166 τοῖς
460 2135 692 2170 παραπτώμασιν.
715 2136 876 2171 Ἄνθρωπον

84 2177 112 2204 δὲ
130 2177 210 2204 καλεῖ
223 2177 269 2204 τδν
282 2178 414 2212 τοιοῦτον,
434 2178 484 2214 τὴν
504 2175 727 2215 τῶννὰνορώπων
742 2181 809 2216 πρὸς
826 2182 877 2208 αὐ-

84 2223 128 2248 τὸν
150 2223 241 2258 δηλῶν
265 2223 487 2252 δυσαπόσπαστον
511 2226 565 2252 και
578 2226 752 2262 πολυχρόνιον
773 2229 875 2262 σχέσιν.

927 985 936 1002 ι
955 976 1091 1003 Nimirum
1114 980 1142 1002 et
1165 974 1378 1002 resurrectionis
1398 973 1513 1002 erimus.
1533 981 1542 997 ι
1568 971 1653 1006 Cujus
1667 978 1713 998 re-

922 1021 1121 1050 surrectionis?
1148 1021 1214 1057 Ejus
1234 1020 1364 1048 nimirum
1392 1027 1452 1054 qua;
1473 1018 1555 1046 nobis
1573 1016 1713 1052 continget

924 1067 971 1095 ubi
988 1067 1233 1094 resurrexerimus.
1251 1067 1284 1094 Et
1299 1066 1361 1093 vide
1381 1066 1430 1093 Dei
1451 1064 1613 1092 bonitatem.
1627 1062 1713 1089 Morte

921 1113 1033 1149 quidem
1055 1113 1163 1140 Domini
1188 1113 1265 1147 quasi
1295 1119 1344 1147 per
1377 1109 1588 1138 similitudinem
1610 1107 1712 1135 mortui

922 1166 1029 1192 sumus,
1043 1159 1276 1186 resurrectionem
1295 1162 1385 1185 autem
1397 1164 1460 1183 vere
1475 1153 1711 1194 participabimus.

957 1218 1000 1250 VI,
1013 1217 1070 1246 6-8.
1083 1218 1137 1245 Hoc
1154 1218 1263 1245 scienter
1277 1217 1346 1253 quod
1356 1220 1426 1244 vetus
1442 1218 1529 1242 noster
1545 1214 1620 1241 homo
1633 1210 1713 1239 simul

921 1263 1063 1298 cruciﬁxus
1093 1268 1142 1296 est,
1169 1267 1196 1290 ut
1226 1263 1413 1290 dissolveretur
1431 1269 1526 1296 corpus
1551 1259 1661 1295 peccati,
1684 1262 1713 1284 ut

921 1309 1042 1345 deinceps
1061 1318 1113 1337 non
1140 1310 1296 1336 serviremus
1317 1312 1433 1344 peccato.
1453 1307 1558 1334 Etenim
1575 1306 1618 1341 qui
1640 1313 1712 1331 mor-

919 1361 980 1383 tuus
993 1360 1041 1388 est,
1051 1355 1213 1390 justificatus
1225 1359 1262 1382 est
1278 1364 1293 1382 a
1308 1357 1423 1389 peccato.
1436 1352 1511 1386 Quod
1525 1353 1548 1380 si
1559 1352 1654 1378 mortui
1666 1359 1711 1377 su-

921 1411 979 1429 mus
994 1402 1140 1437 276mm:
1157 1401 1272 1435 Christo,
1288 1400 1416 1427 credimus
1442 1398 1512 1435 quod
1531 1399 1611 1425 ctiam
1633 1396 1717 1424 simul‘

921 1448 1034 1475 vivemus
1048 1456 1106 1474 cum
1118 1455 1158 1474 eo.

957 1493 1031 1520 Dicit
1058 1497 1260 1528 consequenter
1292 1491 1430 1527 quomodo
1463 1490 1544 1518 nobis
1572 1489 1713 1523 continget

921 1540 1040 1575 gloriosa
1050 1540 1261 1572 resurrectio,et
1271 1539 1309 1566 ait
1321 1547 1327 1565 :
1341 1548 1350 1563 ι
1365 1536 1546 1565 llocscientes
1555 1537 1626 1570 quod
1635 1539 1713 1562 vetus

887 1596 908 1625 ο
924 1589 1019 1612 noster
1034 1585 1116 1612 homo
1133 1584 1196 1618 (hoc
1210 1590 1252 1612 est
1267 1585 1447 1611 condemnata
1469 1582 1534 1615 rita)
1552 1580 1632 1608 simul
1649 1587 1713 1606 cum

925 1630 1036 1658 Christo
1057 1629 1207 1657 cruciﬁxus
1235 1633 1277 1656 est
1300 1636 1349 1664 per
1371 1628 1536 1663 baptismum
1560 1635 1567 1653 :
1592 1627 1617 1653 in
1637 1633 1711 1656 eum,

927 1676 1027 1712 inquit.
1044 1676 1126 1704 ﬁnem
1139 1680 1169 1704 ut
1185 1676 1353 1704 dissolvatur
1370 1682 1470 1710 corpus
1487 1673 1601 1709 peccati,
1622 1672 1647 1700 id
1660 1677 1712 1702 est.

926 1726 956 1749 ut
969 1730 1058 1758 prava:
1071 1722 1194 1750 actiones
1212 1721 1452 1749 mortiﬁcationem
1469 1719 1632 1750 sustineant,
1646 1725 1714 1752 quas

926 1769 1009 1796 etiam
1023 1776 1123 1803 corpus
1138 1768 1243 1803 peccati
1255 1768 1384 1803 appellat.
1399 1782 1433 1787 —
1444 1767 1538 1798 Vetus,
1556 1765 1609 1792 hoc
1629 1769 1671 1792 est
1686 1764 1713 1790 in

926 1815 1046 1850 peccatis
1072 1815 1251 1842 inveteratus.
1269 1815 1320 1842 llic
1346 1822 1424 1850 ergo,
1444 1820 1506 1842 cum
1530 1811 1712 1847 baptizamnr,

925 1861 1007 1888 simul
1033 1869 1094 1889 cum
1119 1861 1228 1889 Christo
1249 1861 1417 1896 cruciﬁgitur
1435 1868 1468 1887 ac
1493 1858 1610 1886 moritur
1628 1867 1634 1884 :
1653 1862 1680 1884 et
1699 1864 1714 1883 a

927 1906 1089 1942 baptismate
1101 1908 1217 1934 novi.ac
1234 1912 1358 1934 recc-nter
1372 1906 1427 1933 nati
1441 1904 1626 1936 ascendimus,
1640 1902 1714 1930 omni

926 1953 1077 1980 inveterato
1101 1953 1214 1980 homine
1241 1953 1377 1988 deposito,
1405 1956 1434 1980 et
1472 1959 1573 1986 corpus
1591 1950 1716 1978 aboletur

927 2000 1042 2034 peccati.
1063 1999 1090 2026 in
1108 2007 1163 2034 quo
1177 2000 1301 2026 lli-matus
1317 2003 1388 2031 erat,
1409 2002 1438 2025 et
1456 1997 1506 2025 sub
1524 2004 1578 2032 quo
1601 1996 1714 2023 formam

927 2045 1092 2080 acquisierat
1111 2049 1190 2073 vetus
1204 2050 1297 2073 noster
1314 2045 1407 2078 homo,
1423 2045 1476 2072 hoc
1490 2048 1541 2076 cst,
1555 2043 1610 2070 vita
1623 2047 1716 2070 nostra

927 2093 1048 2127 peccatis
1060 2093 1223 2120 inveterata.
1239 2092 1383 2120 Hominem
1396 2096 1488 2119 autem
1501 2091 1575 2118 hunc
1586 2089 1715 2124 appellat,

927 2137 1083 2173 signiﬁcans
1101 2139 1244 2166 hominum
1266 2139 1389 2166 habitum
1401 2145 1473 2173 εει-ε
1491 2136 1671 2171 separabilem
1685 2142 1716 2160 ac

927 2184 1099 2211 diuturnum.
1121 2184 1191 2212 llnic
1211 2185 1285 2211 enim
1307 2188 1370 2211 ante
1391 2182 1498 2210 Domini
1526 2182 1672 2209 adventum
1685 2188 1716 2206 ac

928 2230 1165 2265 dispensationem
1186 2229 1256 2257 adeo
1273 2228 1454 2264 conglutinati
1470 2231 1549 2255 erant
1578 2226 1715 2257 homines.

85 2270 178 2302 οὕτως
193 2270 248 2306 γὰρ
264 2271 468 2306 ἑνετετήκεισαν
486 2273 560 2308 αὑτῷ
571 2274 638 2309 πρὸς
649 2274 699 2309 τῆς
709 2275 869 2310 Δεσποτικῆς

957 2294 960 2300 .
976 2282 1009 2302 ne
1025 2274 1150 2302 homines
1163 2275 1274 2309 quidem
1289 2281 1350 2301 csse
1371 2274 1482 2306 vellent,
1498 2276 1623 2308 separata
1640 2272 1716 2307 peni-

85 2314 233 2351 ὲπιδημίας
247 2317 293 2343 καὶ
305 2317 459 2353 οἰκονομίας
483 2319 507 2346 οἱ
520 2319 668 2355 ἂνθρωποι,
691 2320 728 2352 ὡς
754 2320 822 2356 μηδ’
841 2321 874 2348 ἂν

85 2362 225 2397 ἄνθρωποι
248 2364 383 2399 αἱρεῖσθαι
405 2363 485 2398 εῐναι,
501 2366 547 2392 καὶ
565 2366 686 2401 μηδόλως
701 2365 771 2394 εἶναι
790 2367 874 2404 χωρὶς

85 2408 228 2443 ᾳιληδόνου
243 2409 379 2441 πολιτείας
391 2411 437 2437 καλ⁸
447 2411 603 2438 ἀκολάστων
623 2413 757 2446 πράξεων.
768 2413 813 2448 Τῷ
828 2412 876 2441 οὖν

87 2451 294 2488 συμπεπλέχθαι
307 2452 381 2488 αὐτῷ
398 2454 461 2484 τοὺς
472 2453 632 2490 ἀνθρώπους
656 2455 703 2481 καὶ
725 2464 876 2482 συνανακε-

86 2497 206 2532 κρᾶσθαι
231 2498 278 2524 καὶ
300 2498 534 2531 δυσαποσπάστως
554 2500 636 2535 ἔχειν,
656 2501 798 2535 ἄνθρωπον
815 2502 876 2528 ἐπι-

87 2545 245 2580 πληκτικῶς
262 2544 308 2571 τὸν
322 2545 441 2572 τοιοῦτον
459 2546 515 2580 βίον
528 2547 667 2578 ἐκάλεσεν,
683 2548 832 2579 τουτέστιν,
847 2548 876 2575 ὃν

86 2591 122 2622 ὡς
141 2591 240 2622 αὐτοὺς
269 2592 352 2626 ἡμᾶς,
372 2591 473 2626 μᾶλλον
498 2591 524 2618 ίὲ
547 2593 592 2618 καὶ
612 2592 691 2627 ἡμῶν
711 2593 801 2626 πλέον,
830 2595 877 2621 καὶ

57 2659 61 2662 .
88 2637 253 2672 ἑστέργομεν
268 2639 314 2664 καὶ
326 2638 530 2674 περιειχόμεθα.
547 2654 581 2659 -
592 2639 646 2665 Καὶ
660 2639 772 2672 ἄλλως.
788 2640 878 2676 [ΘΕΟ-

87 2684 171 2720 ΔΩΡ.]
195 2684 311 2711 Παλαιὸν
338 2684 491 2720 ἄνθρωπον,
516 2684 546 2711 οὗ
567 2686 616 2721 τὴν
632 2685 712 2720 φύσιν
739 2686 876 2719 ἐκάλεσεν,

87 2731 152 2756 ἀλλὰ
174 2731 223 2765 τὴν
240 2732 360 2766 πονηρὰν
390 2730 512 2766 γνώμην.
528 2732 635 2767 Ταύτην
652 2732 681 2758 δὲ
697 2732 748 2767 ἔφη
764 2731 802 2766 τῷ
830 2732 878 2767 βα-

87 2776 216 2811 πτίσματι
236 2777 431 2812 νεκρωθῆναω
447 2778 505 2804 Ἵνα
520 2778 681 2813 καταργηθῇ
695 2777 725 2804 τὸ
741 2779 820 2813 σῶμα
830 2778 878 2811 τῆς

90 2822 235 2856 ἁμαρτίας.
251 2831 260 2848 ι
278 2823 324 2854 Εἰς
351 2823 442 2855 τοῦτο,
468 2824 562 2858 φησιν,
593 2824 635 2850 ἵνα
661 2824 819 2859 καταργηθῇ
832 2824 880 2851 καὶ

88 2866 219 2901 ν;κρωθῇ,
239 2867 278 2899 εἰς
292 2867 322 2894 τὸ
334 2868 431 2902 μηκέτι
440 2869 586 2895 ὑποπεσεῖν
595 2868 726 2904 ἁμαρτία.
738 2869 880 2904 Νέκρωσιν

90 2910 257 2948 δέ,φησι,τὸ
272 2914 334 2941 ὅσον
360 2914 398 2946 εἰς
413 2914 442 2942 τὸ
469 2915 647 2950 ἁμαρτάνειν,
672 2915 715 2942 ῖνα
737 2913 752 2950 ᾖ
772 2915 878 2950 νεκρόν.

927 2325 971 2348 tus
1002 2321 1168 2355 voluptuosa
1226 2319 1436 2347 conversatione
1471 2318 1716 2354 intemperatisque

926 2367 1093 2394 actionibus.
1115 2367 1190 2394 Hanc
1216 2366 1308 2401 itaque
1327 2366 1421 2398 vitam,
1436 2364 1480 2393 cui
1498 2364 1623 2392 homines
1648 2363 1716 2391 adeo

927 2414 1108 2445 cobacserant,
1132 2404 1271 2447 simulque
1295 2411 1420 2447 pcrmisti
1442 2415 1530 2443 erant,
1557 2418 1608 2438 nec
1624 2409 1658 2437 ab
1684 2417 1716 2436 ca

927 2457 1044 2486 distrahi
1059 2463 1198 2493 poterant,
1215 2457 1401 2492 incrcpatorio
1415 2457 1497 2484 modo
1509 2457 1649 2484 hominem
1667 2463 1715 2490 ap—

927 2505 1049 2539 pellavit,
1073 2505 1126 2532 hoc
1142 2508 1185 2532 est
1203 2512 1285 2539 quam
1300 2508 1330 2532 ut
1344 2512 1395 2531 nos
1410 2503 1494 2539 ipsos,
1520 2503 1576 2530 imo
1597 2502 1715 2537 amplius

928 2558 1009 2585 quam
1025 2558 1075 2577 nos
1090 2550 1165 2584 ipsos
1178 2555 1206 2577 et
1219 2550 1380 2577 amabamus
1394 2553 1422 2577 et
1437 2548 1716 2584 amplectebamur.-—-

929 2597 987 2623 Alio
1006 2596 1133 2630 prwtefca
1150 2598 1235 2623 modo.
1255 2596 1380 2623 Veterem
1400 2596 1537 2623 hominem
1559 2602 1615 2621 non
1634 2597 1716 2620 natu—

930 2649 987 2668 ram
999 2641 1117 2673 vocavit,
1131 2641 1179 2668 sed
1197 2649 1308 2676 pravam
1324 2645 1454 2668 mentem.
1470 2641 1544 2668 lianc
1563 2643 1653 2666 autem
1671 2638 1714 2665 di-

930 2687 969 2714 xit
982 2687 1008 2714 in
1022 2687 1184 2722 baptismate
1198 2687 1278 2714 morti
1298 2687 1426 2714 traditam
1445 2695 1451 2713 :
1468 2696 1476 2711 ι
1498 2686 1532 2713 Ut
1550 2685 1714 2712 dissolvere-

931 2737 975 2760 tur
991 2741 1092 2768 oorpus
1104 2733 1218 2768 pecvati.
1238 2742 1246 2758 ι
1268 2733 1309 2760 Ad
1325 2733 1386 2763 hoc,
1405 2731 1504 2767 inquit.
1519 2735 1549 2757 ut
1559 2730 1716 2757 aboleretur

931 2787 963 2806 ac
986 2779 1209 2810 mortiﬁcarelur.
1240 2784 1270 2806 ut
1300 2779 1429 2812 deinceps
1449 2785 1502 2803 non
1528 2775 1661 2803 incideret
1687 2776 1714 2803 in

931 2830 1083 2859 peccatum.
1101 2823 1339 2851 Mortiticationem
1356 2826 1446 2848 autem
1467 2821 1533 2848 dicit
1548 2821 1636 2855 quoad
1652 2828 1715 2855 pec,-

932 2877 1006 2903 care,
1019 2874 1048 2897 ut
1064 2871 1099 2897 sit
1112 2874 1260 2901 mortuum,
1279 2873 1404 2895 mortuus
1419 2867 1554 2901 siquidem
1579 2874 1634 2894 non
1651 2874 1713 2900 pec-

933 2921 986 2945 cat.
1013 2932 1046 2937 -—
1073 2916 1178 2950 Corpus
1201 2913 1305 2950 peccati
1334 2921 1384 2949 per
1404 2913 1586 2949 periphrasim
1614 2912 1713 2940 dicitur
