1878 3054
130 162 184 193 435

133 215 222 252 ipsum
241 221 384 251 peccatum
403 224 410 242 :
429 216 480 243 hoc
500 221 552 246 est,
570 220 655 242 totum
671 223 703 243 ac
724 215 836 250 penitus
850 215 919 242 otio-
935 218 956 245 A

133 269 193 288 sum
207 266 235 288 et
252 260 349 288 inutile
364 260 493 295 deinceps
515 259 632 286 dicatur.
652 259 711 293 Quo
728 265 818 287 autem
838 260 921 287 modo

133 306 280 333 aboletur?
305 306 370 333 dum
397 312 430 333 eo
460 313 516 332 non
544 305 658 332 utimur.
686 305 789 333 Deinde
809 306 921 333 modum

134 359 244 386 quoque
262 352 347 386 ipsius
370 359 436 378 usus
451 359 548 386 aspere
562 351 683 379 ostendit
699 356 726 379 et
746 359 794 386 per
808 352 919 379 modum
943 363 945 366 τ

135 397 294 432 improperii
316 406 323 424 :
347 402 376 424 ut
399 397 530 432 deinceps
549 405 603 425 non
627 398 779 425 serviamus
799 402 921 433 peccato.

134 443 275 478 Siquidem
288 451 353 471 usus
366 443 471 479 peccati
493 444 558 471 facit
580 452 629 471 nos
642 452 737 472 servos
754 444 870 479 peccati.
888 458 924 464 —

135 490 274 517 Abolitum
298 494 340 517 est
365 498 465 525 corpus
485 490 599 525 peccati,
612 490 639 517 id
664 494 717 522 est,
732 490 860 525 .ingenita
884 489 924 517 illi

137 540 259 563 motuum
276 535 404 563 ferocitas
422 544 428 562 :
450 535 531 570 27³1
548 539 668 562 mentem
686 543 795 570 semper
808 535 841 562 ad
863 539 923 561 tur-

137 581 180 615 pia
203 581 373 614 concutiens,
394 589 426 608 ac
449 572 605 616 voluptates
633 581 776 615 plusquam
801 584 924 608 terrenas

136 627 215 662 quasi
228 627 287 654 luto
302 627 466 654 immittens.
478 626 510 653 Et
522 627 575 654 hoc
595 625 710 653 inferius
720 626 806 654 dicit:
827 635 837 652 ‹
856 626 923 654 Nam

136 673 208 708 quod
224 673 394 708 impossibile
410 678 470 700 erat
483 672 535 707 legi
546 673 578 704 ²¹,
596 672 623 699 in
639 680 693 707 quo
710 672 854 700 imbecillis
867 677 926 700 erat

136 726 186 752 per
199 726 320 751 carnem,
338 719 420 745 Pater
436 718 520 745 misso
534 718 602 745 Filio
619 725 669 745 suo
696 718 722 744 in
745 717 925 745 similitudine

136 763 229 791 carnis
244 763 361 798 peccati,
385 763 419 791 (le
435 767 547 798 peccato
570 764 763 791 condemnavit
783 768 925 799 peccatum

137 817 165 835 In
182 817 275 837 carne.
287 819 296 834 )

667 160 865 190 GZCUMENI'I
879 146 1023 188 TRICCE
1043 158 1214 189 EPISCOPI

1708 159 1786 190 436

973 213 1078 250 Νεκρδς
1092 214 1146 249 γὰρ
1161 214 1209 249 οὐχ
1226 222 1390 249 αμαρτανει.
1409 230 1443 234 —
1459 214 1558 251 [4’01]
1570 215 1606 241 Τὸ
1621 214 1700 250 σῶμα.
1715 216 1787 247 τῆς

973 260 1119 295 ἁμαρτίας,
1148 260 1369 296 περιφραστικῶς
1396 261 1464 295 αὑτὴ
1495 260 1669 297 ὴάμαρτία·
1687 269 1788 287 τουτ-

975 306 1058 340 έστιν,
1071 306 1119 341 ὅλη
1134 306 1220 333 διόλου
1233 306 1305 342 ἀργὴ
1322 307 1367 333 καὶ
1379 307 1449 342 ἄχρη
1455 315 1513 339 aro;
1527 307 1558 333 τὺ
1583 307 1677 334 λοιπδν
1698 315 1786 342 χρη-

977 352 1135 387 ματίζουσα.
1151 352 1212 383 Πῶς
1226 353 1254 379 δὲ
1269 353 1447 388 καταργεῖται
1461 361 1468 386 ;
1491 352 1585 387 Ἠμῶν
1605 353 1642 388 μὴ
1655 353 1763 388 χρωμέ
1773 366 1786 373 -

975 406 1027 425 νων
1037 399 1117 434 αὐτῇ.
1127 397 1194 425 Εἶτα
1203 399 1323 426 δείκνυσι
1334 400 1380 425 καὶ
1394 399 1440 425 τον
1450 399 1552 434 τρόπον
1567 399 1618 433 τῆς
1628 401 1782 434 χρήσεως,

976 445 1094 480 δριμέως
1124 445 1171 471 καὶ
1197 445 1391 478 ὀνειδιστικὼς,
1425 445 1472 472 τοῦ
1516 445 1615 481 μηκέτι
1628 445 1785 471 δουλεύειν

977 491 1052 526 ἡμᾶς
1078 491 1111 526 τῇ
1139 491 1273 526 ἁμαρτίᾳ,
1297 491 1328 517 Ἢ
1351 492 1405 526 γὰρ
1429 492 1527 526 χρῆσις
1547 492 1594 524 τῆς
1618 491 1782 525 ἁμαρτίας,

976 537 1086 569 δούλους
1110 538 1184 572 ἡμᾶς
1205 538 1277 564 ποιεῖ
1306 538 1354 572 τῆς
1376 538 1524 573 ἁμαρτίας.
1546 553 1580 558 --
1599 535 1782 573 [ΚΥΡΙΔΔ]

979 583 1156 618 Κατήργηται
1166 583 1194 609 δὲ
1206 584 1236 610 τὸ
1250 583 1327 619 σῶμα
1337 585 1386 619 τῆς
1398 584 1546 618 ἁμαρτίας,
1563 583 1699 615 τουτέστι,
1715 582 1783 609 τῶν

979 630 1007 656 ὲν
1018 630 1086 665 αὐτῇ
1096 630 1250 664 κινημάτων
1264 631 1280 665 ή
1303 630 1424 664 ἔμφυτος
1434 630 1574 664 ἀγριότης,
1585 629 1732 656 κατασείου
1738 637 1783 654 3a.

980 675 1029 710 μὲν
1043 675 1086 702 ἀεὶ
1106 675 1173 710 πρὸς
1194 676 1227 702 τὰ
1249 675 1348 710 αἰσχίω
1362 676 1407 702 τὸν
1423 675 1496 707 νοῦν,
1518 676 1620 702 ὲνιείσα
1634 675 1662 701 δὲ
1674 674 1782 709 ὥσπερ

979 719 1055 756 πηλῷ
1072 721 1121 752 τὰς
1134 721 1315 757 γεωδεστέρας
1325 721 1432 758 ἡδονάς.
1441 723 1494 749 Καὶ
1507 721 1586 749 τοῦτό
1601 730 1669 757 φησι
1682 729 1689 736 ·
1705 730 1715 746 ι
1733 721 1783 747 Τὸ

979 765 1032 800 γὰρ
1041 765 1173 793 ἀδύνατον
1187 767 1232 792 τοῦ
1247 766 1329 801 νόμου
1347 767 1375 792 ἐν
1390 763 1410 799 ᾧ
1421 766 1529 801 ἠσθένει
1539 766 1582 792 διὰ
1592 766 1641 799 τῆς
1655 765 1782 800 σαρκὸς,

978 812 993 837 ὁ
1009 811 1103 846 Πατὴρ
1117 812 1162 838 τδν
1179 812 1273 839 ἑαυτοῦ
1289 813 1352 840 Υἱδν
1367 813 1477 848 πέμψας
1493 813 1520 839 ἐν
1533 812 1687 847 ὁμοιώματι
1704 819 1784 846 σαρ-

138 855 185 887 κὸς
208 855 346 890 ἁμαρτίας
363 875 370 887 ,
393 855 440 882 καὶ
463 854 527 890 περὶ
550 854 685 889 ἁμαρτίας
701 855 843 890 κατέκρινε
858 855 907 890 τὴν
924 856 1063 892 ἁμαρτίαν
1077 858 1105 883 ὲν
1118 858 1151 892 τῇ
1167 856 1257 892 σαρκί.
1279 866 1289 883 ι
1495 874 1499 875 ν

175 913 258 942 Vides
289 913 429 948 quomodo
457 921 558 950 corpus
584 914 687 948 peccati
711 913 748 940 sit
773 913 928 941 abolitum?
943 919 963 945 Β

139 960 339 988 condemnatus
358 964 400 987 est
417 959 490 987 enim
506 959 532 986 in
554 967 636 986 carne
654 959 757 994 peccati
777 960 906 987 stimulus
921 969 928 987 :

139 1013 168 1034 et.
195 1006 314 1041 primum
342 1006 454 1041 quidem
478 1006 506 1033 in
530 1005 641 1034 Christo
666 1006 747 1033 morti
768 1005 850 1034 datus
876 1012 929 1038 est,

141 1059 235 1079 verum
255 1051 289 1079 ab
305 1051 352 1079 illo
376 1056 404 1078 et
421 1060 470 1086 per
485 1051 560 1078 illum
589 1051 672 1079 etiam
690 1051 724 1078 ad
740 1059 790 1079 nos
805 1052 931 1079 transivit

140 1097 236 1132 gratia.
264 1106 273 1123 ι
298 1097 405 1124 Etenim
431 1097 479 1132 qui
503 1102 629 1125 mortuus
650 1102 702 1130 est,
726 1107 735 1123 ι
763 1102 792 1125 et
819 1102 929 1125 caetera.

140 1144 222 1171 Vides
243 1143 317 1178 quod
349 1144 438 1178 quoad
469 1143 600 1179 peccandi
638 1149 728 1171 actum
751 1148 860 1179 oportet
880 1152 932 1171 nos

140 1198 200 1217 esse
217 1195 350 1218 mortuos.
369 1190 477 1218 Etenim
490 1191 536 1225 qui
560 1195 684 1218 mortuus
699 1194 750 1221 est.
765 1191 813 1223 ait,
829 1191 930 1226 justiﬁ-

141 1242 218 1264 eatus
233 1241 286 1269 est,
309 1237 362 1264 hoc
376 1242 427 1268 est,
440 1245 454 1263 a
473 1241 585 1271 peccato
601 1236 734 1263 liberatus
744 1240 796 1268 est,
816 1243 931 1271 seseque

144 1284 171 1310 in
203 1283 360 1310 libertatem
381 1283 508 1310 asseruit.
531 1282 646 1316 Quidam
665 1286 757 1309 autem
776 1282 810 1309 de
841 1283 932 1317 bapti-

148 1333 235 1356 smate
262 1329 315 1356 hoc
346 1332 512 1363 acceperunt
540 1327 566 1355 in
583 1335 638 1362 quo
656 1327 809 1362 consepulti
837 1335 932 1363 sumus

143 1375 263 1407 Christo,
278 1382 311 1402 eo
327 1375 399 1410 quod
418 1382 474 1402 non
488 1374 524 1402 sit
540 1374 612 1401 aliud
630 1374 774 1409 baptisma,
791 1374 862 1401 sicut
881 1382 932 1402 nec

143 1419 270 1447 Christus
290 1419 390 1446 iterum
418 1423 514 1454 postea
537 1423 663 1446 mortuus
688 1424 740 1451 est,
768 1419 812 1446 cui
838 1427 932 1446 conse-

145 1465 213 1500 pulti
226 1473 331 1497 sumus,
358 1466 494 1500 simulque
518 1465 729 1492 resurreximus.
748 1481 782 1485 ——-
797 1475 805 1491 (
819 1466 897 1499 Quod
909 1466 931 1493 si

145 1511 247 1539 mortui
263 1519 358 1539 sumus
372 1520 435 1540 cum
452 1511 571 1540 Christo.
595 1521 604 1537 ι
621 1511 649 1539 Si
661 1516 752 1539 autem
766 1511 794 1538 in
811 1511 932 1539 novitate

144 1558 207 1585 vitae
219 1557 461 1591 ambulaverimus,
481 1566 546 1585 sane
561 1558 644 1585 etiam
661 1565 842 1593 resurgemus,
860 1558 932 1585 sicut

145 1605 272 1632 Christus
288 1612 320 1632 ex
337 1605 454 1632 mortuis
470 1604 602 1632 surrexit.
614 1603 681 1631 Nam
694 1604 749 1631 ‘hoc
762 1610 932 1638 consequens

145 1655 187 1678 est
206 1651 240 1678 ad
266 1650 292 1677 id
309 1651 381 1684 quod
401 1651 504 1678 dictum
530 1654 602 1684 erat;
619 1649 677 1684 ipse
700 1654 790 1677 tamen
810 1657 873 1676 cum
899 1648 933 1676 ad

146 1696 303 1730 praedictam
316 1696 473 1723 adduxisset
485 1696 547 1722 vitae
571 1696 716 1728 rationem,
729 1703 810 1730 quam
826 1700 936 1730 oportet

148 1739 382 1767 resurrectionem
410 1739 565 1774 praecedere
592 1748 598 1766 :
624 1740 651 1767 id
680 1740 753 1775 quod
780 1741 935 1768 necessario

147 1785 368 1821 consequebatur
392 1785 599 1821 intelligendum
629 1786 749 1820 reliquit.
777 1786 881 1815 Deinde.
907 1787 934 1814 in

147 1831 327 1866 sequentibus
341 1831 485 1859 manifeste
505 1832 734 1859 resurrectionem
750 1828 889 1868 priedicat,
906 1837 934 1860 et

148 1879 185 1906 ait
203 1889 209 1905 :
227 1888 235 1903 ι
255 1878 282 1906 Si
299 1878 400 1906 mortui
423 1886 518 1906 sumus
533 1887 595 1906 cum
610 1879 730 1911 Christo,
750 1890 758 1905 ι
775 1880 846 1907 sicut
862 1884 935 1908 certe

148 1925 249 1953 mortui
258 1933 353 1953 sumus
363 1925 594 1961 perbaptismum,
606 1936 615 1952 ‹
630 1926 768 1954 credimus
775 1927 934 1961 quodsimul

147 1971 229 1998 etiam
241 1971 364 1998 vivemus
379 1979 440 1998 cum
451 1972 522 2006 ipso,
537 1981 546 1997 ι
559 1971 688 1999 videlicet
697 1972 776 2000 beata
786 1972 829 1999 illa
839 1980 869 2000 ac
884 1972 934 1999 im-

149 2017 257 2044 mortali
271 2017 325 2044 vita
335 2025 395 2052 quae
404 2021 463 2052 post
472 2017 702 2045 resurrectionem
712 2019 774 2046 erit.
784 2018 933 2050 Debemus.

149 2064 197 2095 ait,
208 2063 322 2091 credere
333 2064 406 2098 quod
417 2064 500 2091 etiam
509 2064 589 2091 simul
602 2064 794 2092 vivemuscum
804 2073 847 2092 eo.
855 2065 934 2098 Quod

148 2119 214 2146 ergo
223 2110 315 2143 dicit,«
325 2110 480 2143 Credimus,
488 2120 497 2136 ι
511 2110 713 2138 adhortationis
724 2116 799 2139 estet
811 2111 930 2139 consilii.

947 1589 969 1618 C

1019 914 1100 950 Ὁρᾷς
1116 915 1174 946 πῶς
1189 914 1220 942 τὸ
1248 914 1326 950 σῶμα
1341 914 1392 950 τῆς
1416 911 1555 950 ἁμαρτίας
1575 923 1752 950 κατηργηταε
1771 923 1781 945 :

983 959 1201 996 κατ[ακ]έκριται
1214 960 1268 996 γὰρ
1282 962 1310 988 ἐν
1318 962 1350 996 τῇ
1364 962 1445 997 σαρκὶ
1458 963 1506 996 τῇς
1519 961 1657 995 ἁμαρτίας
1667 961 1698 987 τὸ
1710 961 1782 987 κέν-

981 1015 1054 1042 τρον.
1069 1007 1122 1034 Καὶ
1136 1007 1300 1043 νενέκρωται
1316 1007 1365 1042 μὲν
1376 1008 1405 1034 ὲν
1415 1007 1515 1043 πρώτῳ
1526 1007 1645 1042 Χριστῷ·
1654 1007 1732 1042 διέϐη
1746 1007 1781 1034 δὲ

983 1052 1048 1084 παρ’
1059 1051 1140 1078 αὑτοῦ
1150 1061 1179 1079 τε
1197 1052 1243 1079 καὶ
1253 1052 1285 1079 δι’
1297 1053 1391 1084 αὐτοῦ,
1404 1053 1452 1079 καὶ
1461 1054 1499 1084 είς
1511 1049 1583 1088 ἡμᾶς
1597 1053 1614 1088 ἡ
1627 1053 1734 1088 χάρις.‹
1745 1053 1783 1078 Ὀ

981 1099 1036 1133 γὰρ
1047 1098 1201 1131 ἀποθανὼν,
1217 1108 1224 1124 ι
1236 1101 1282 1126 καὶ
1295 1099 1368 1134 ἑξῆς.
1377 1099 1457 1134 Ὁρᾷς
1470 1099 1509 1125 ὅτι
1518 1100 1626 1130 ὅσονείς
1638 1099 1669 1125 τὸ
1681 1099 1782 1134 ἁμαρ-

981 1143 1071 1170 τάνειν
1094 1143 1134 1169 δεῖ
1152 1144 1227 1178 ἡμᾶς
1255 1141 1325 1170 εἶναι
1350 1143 1482 1178 νεκρούς.·
1495 1141 1525 1170 Ὀ
1547 1144 1600 1178 γὰρ
1617 1143 1780 1176 ἀποθανὼν,

983 1189 1059 1224 φησι,
1073 1188 1257 1220 δεδικαίωται,
1275 1188 1427 1219 τουτέστιν,
1439 1188 1611 1223 ἀπήλλακται
1628 1189 1675 1215 καὶ
1691 1188 1780 1223 ἠλευ-

983 1235 1100 1268 οέρωται
1117 1235 1170 1261 ἀπὸ
1185 1235 1234 1269 τῆς
1251 1235 1399 1270 ἁμαρτίας.
1417 1236 1495 1267 Τινὲς
1506 1235 1534 1262 δὲ
1548 1235 1627 1261 τοῦτο
1643 1235 1710 1270 περὶ
1722 1235 1776 1261 τοῦ

983 1280 1167 1315 βαπτίσματος
1177 1280 1310 1314 ἐδέξαντο,
1324 1281 1351 1306 ὲν
1362 1277 1383 1313 ᾧ
1397 1281 1588 1315 συνετάφημεν
1599 1280 1639 1316 τῷ
1649 1279 1780 1315 Χριστῷ·

982 1326 1023 1352 ὅτι
1050 1326 1098 1352 οὐκ
1127 1326 1200 1353 ἔστιν
1225 1325 1317 1361 ἕτερον
1349 1326 1501 1360 βάπτισμα,
1530 1326 1657 1361 καθάπερ
1693 1326 1744 1353 καὶ
1765 1327 1782 1352 ὁ

982 1371 1098 1406 Χριστὸς
1118 1371 1167 1398 οὐκ
1183 1371 1223 1397 ἐτι
1237 1371 1362 1407 δεύτερον
1386 1371 1531 1404 ἀπέθανεν,
1553 1372 1593 1402 είς
1613 1371 1643 1398 ὃν
1661 1372 1782 1398 συνετά-

983 1426 1073 1453 φημεν
1090 1418 1136 1444 καὶ
1152 1417 1369 1452 συνηγέροημεν.
1383 1432 1418 1437 -
1431 1416 1532 1453 [ΦΩΤ.]
1551 1426 1560 1443 ι
1578 1418 1609 1443 Et
1624 1417 1652 1443 δὲ
1668 1417 1781 1443 ἀπεϐά-

983 1471 1064 1497 νομεν
1082 1462 1130 1488 σὺν
1153 1463 1274 1498 Χριστῷ.
1297 1472 1306 1488 ι
1325 1462 1356 1489 Εἰ
1373 1462 1401 1489 δὲ
1423 1464 1645 1498 περιπατήσομεν
1669 1463 1698 1488 ἐν
1715 1471 1780 1488 και-

983 1508 1075 1543 νότητι
1099 1508 1182 1542 ζωῆς,
1205 1508 1326 1543 δηλονότι
1345 1509 1392 1535 καὶ
1410 1509 1629 1544 ἀνίοι-τηθώμεθαΔ
1651 1508 1750 1543 ὥςπερ
1764 1510 1780 1535 6

985 1553 1216 1590 Χριστδςηὴγέροη
1229 1554 1260 1580 ὲκ
1274 1553 1388 1590 νεκρῶν.
1400 1554 1485 1581 Τοῦτο
1499 1555 1553 1589 γὰρ
1567 1554 1715 1580 ἀκόλουθον
1727 1554 1779 1580 τοῦ

985 1599 1141 1635 εἰρημένου,
1158 1600 1249 1631 αὐτοῖς
1260 1599 1289 1626 δὲ
1304 1600 1353 1635 τὴν
1364 1600 1572 1636 προηγουμένην
1588 1600 1636 1635 τῆς
1652 1600 1779 1626 ἀναστά-

987 1653 1057 1677 σεως
1081 1645 1217 1672 πολιτείαν
1244 1645 1391 1680 ἐπαγαγὼν
1416 1647 1476 1676 τοῖς
1500 1646 1665 1681 εἰρημένοις,
1694 1645 1726 1672 τὸ
1747 1646 1779 1678 ἐξ

986 1691 1107 1726 ἀνάγκης
1119 1691 1252 1726 ἑπόμενον
1266 1692 1411 1719 κατέλιπεν
1425 1693 1534 1725 ἐννοεῖν,
1548 1690 1608 1719 εἷτα
1619 1692 1714 1719 λοιπὸν
1727 1701 1779 1719 κα-

987 1736 1078 1771 Θαρῶς
1103 1737 1152 1773 τὴν
1176 1737 1324 1764 ἀνάστασιν
1352 1738 1567 1773 εὐαγγελίζεται,
1598 1738 1644 1764 καί
1670 1747 1777 1773 φησιν·

991 1794 1000 1810 ‹
1024 1785 1055 1810 Εί
1072 1784 1244 1819 ἀπεθάνομεν
1265 1785 1312 1811 σὺν
1332 1785 1451 1820 Χριστῷ,
1470 1794 1479 1811 ι
1498 1785 1591 1820 ὥσπερ
1608 1785 1654 1811 καὶ
1670 1784 1780 1811 ἀπεθά-

987 1839 1068 1865 νομεν
1081 1830 1124 1856 διὰ
1137 1829 1183 1856 τοῦ
1201 1829 1397 1866 βαπτίσματος,
1413 1840 1423 1856 ι
1440 1831 1605 1865 πιστεύομεν
1621 1831 1720 1857 eum}.
1732 1838 1780 1856 συ-

987 1879 1106 1914 ζήσομεν
1122 1878 1209 1912 αὐτῷ,
1231 1888 1240 1904 ι
1256 1877 1305 1913 τὴν
1330 1877 1468 1913 μακαρίαν
1483 1876 1589 1910 ἐκείνην
1610 1876 1657 1902 καὶ
1680 1876 1779 1910 ἀγήρω

987 1924 1070 1960 ζωὴν,
1087 1924 1216 1959 δηλονότι,
1229 1924 1277 1959 τὴν
1289 1923 1357 1959 μετὰ
1365 1923 1414 1958 τὴν
1428 1922 1586 1950 ἀνάστασιν.
1605 1921 1777 1955 Ὀφείλομεν,

987 1969 1211 2006 φησὶ,πιστεύειν
1226 1969 1266 1995 ὅτι
1281 1969 1327 1995 καὶ
1341 1968 1493 2004 συζήσομεν
1505 1966 1589 2001 αὐτῷ.
1603 1965 1778 2001 Παρακελεύ-

986 2024 1056 2047 σεως
1071 2015 1115 2042 οὖν
1132 2015 1170 2048 ab,
1185 2025 1194 2041 ‹
1216 2014 1392 2050 Πιστεύομεν,
1411 2023 1420 2039 ι
1435 2013 1481 2040 καὶ
1502 2012 1666 2048 συμϐουλῆς.

186 2167 229 2199 Vl,
247 2166 323 2194 9-H.
356 2166 471 2194 Scientes
487 2167 556 2202 quod
571 2167 689 2194 Christus
704 2169 748 2202 qui
764 2169 906 2195 resurrexit
924 2178 940 2195 a

1029 2165 1150 2197 Εὲδότες
1169 2164 1212 2191 ὅτι
1231 2163 1359 2198 Χριστὸς
1379 2161 1509 2196 ἐγερθεὶς
1527 2161 1561 2188 ἐκ
1580 2159 1704 2195 νεκρῶν,
1721 2161 1777 2186 οὐχ

151 2214 271 2245 mortuis,
291 2222 342 2240 non
365 2213 478 2249 amplius
505 2215 616 2241 moritur
633 2222 642 2241 .'
658 2223 728 2241 mors
749 2214 790 2242 illi
812 2223 864 2242 non
884 2223 939 2242 am—

152 2259 220 2292 plius
244 2259 406 2286 dominatur.
428 2258 503 2291 Quod
527 2261 595 2286 enim
621 2265 738 2286 mortuus
760 2264 797 2286 est
822 2265 938 2294 peccato,

152 2310 272 2331 mortuus
285 2309 322 2331 est
334 2304 416 2332 semel
434 2314 442 2332 :
459 2305 526 2341 quod
545 2310 633 2333 autent
649 2307 720 2337 vivit,
737 2307 798 2333 vivit
815 2306 878 2333 Deo.
896 2306 940 2333 Ita

152 2354 175 2376 cl
197 2358 240 2376 vos
252 2351 399 2377 existimate
418 2359 462 2378 vos
478 2352 546 2386 ipsos
562 2355 678 2378 mortuos
697 2351 800 2385 quidem
816 2359 870 2378 esse
880 2360 940 2386 pec-

154 2398 223 2426 cato,
238 2395 352 2421 virentes
369 2400 457 2422 autem
472 2395 524 2422 Deo
534 2404 580 2430 per
597 2395 728 2423 Christum
745 2395 836 2424 Jcsum
856 2396 940 2423 Domi-

155 2448 218 2466 num
235 2443 366 2467 nostrum.

189 2486 223 2513 Et
236 2486 319 2518 unde,
337 2485 439 2520 inquit,
449 2485 622 2514 manifestum
637 2490 678 2514 est
689 2486 761 2521 quod
773 2486 855 2513 simul
868 2486 942 2513 vive-

154 2540 215 2560 mus
231 2540 294 2560 cum
313 2532 390 2567 ipso?
401 2533 508 2560 Etenim
527 2533 578 2560 hoc
589 2533 727 2565 etiam,an
739 2533 797 2568 ipse
813 2532 942 2560 Christus

154 2579 202 2613 qui
215 2578 345 2611 surrexit,
358 2587 468 2606 rursum
481 2579 613 2607 moriatur
627 2580 762 2607 incertum
774 2580 835 2607 est?
844 2579 939 2607 Absit!

155 2626 203 2653 ait.
231 2625 298 2653 Nam
337 2625 390 2654 hoc
421 2625 606 2654 indubitatum
637 2634 698 2654 esse
721 2630 840 2661 oportet,
866 2626 941 2661 quod

155 2672 281 2700 Christus
300 2680 355 2700 non
378 2672 497 2707 amplius
518 2672 653 2701 morietur
679 2681 687 2700 :
706 2677 851 2708 propterea
867 2673 940 2700 enim

156 2723 281 2746 ntertuus
294 2723 337 2747 est
353 2723 383 2746 ut
402 2723 518 2746 mortem
540 2724 670 2748 cessaret.
694 2720 777 2755 278
796 2719 942 2754 Quomodo

156 2764 228 2791 enim
243 2771 408 2798 moreretur,
422 2770 534 2800 propter
547 2773 628 2800 quem
639 2766 728 2793 czcteri
745 2773 855 2801 quoque
867 2765 941 2800 pari-

153 2816 198 2838 ter
214 2813 354 2840 vivemus?
377 2818 431 2841 tota
447 2814 527 2842 simul
541 2818 629 2842 morte
647 2814 759 2842 remissa
773 2814 800 2841 in
819 2813 938 2847 Christo,

191 2901 210 2914 "
227 2899 308 2931 lufra,
318 2907 378 2927 ’νἰιι.

991 2212 1034 2238 ἔτι
1049 2211 1245 2245 ἀποθνήσκειι
1260 2209 1387 2240 θάνατος
1401 2207 1494 2234 αὑτοῦ
1503 2207 1557 2233 οὐκ
1575 2206 1618 2233 ἔτι
1637 2206 1776 2239 κυριεύει·

991 2257 1007 2284 ὅ
1021 2258 1074 2292 γὰρ
1093 2256 1222 2284 ἀπέθανε
1235 2255 1271 2289 τῇ
1290 2254 1426 2288 ἁμαρτία,
1443 2253 1594 2281 ἀπέθανεν
1608 2251 1728 2286 ἐφάπαξ
1740 2259 1747 2266 ·
1762 2251 1776 2277 ὃ

992 2303 1025 2330 δὲ
1041 2302 1084 2337 ζῇ,
1101 2302 1134 2336 ζῇ
1146 2302 1184 2334 τῷ
1196 2299 1266 2332 Θεῷ.
1284 2300 1382 2332 οὕτως
1393 2299 1440 2326 καὶ
1452 2299 1536 2333 ὑμεῖς
1549 2297 1701 2333 λογίζεσθε
1711 2298 1776 2325 ἐαυ-

992 2349 1062 2382 τοὺς
1088 2348 1213 2382 νεκροὺς
1222 2346 1280 2381 μὲν
1302 2345 1377 2373 εἶναι
1408 2345 1446 2379 τῇ
1472 2345 1608 2380 ἁμαρτίᾳ,
1627 2343 1735 2376 ζῶντας
1746 2343 1776 2370 δὲ

993 2396 1031 2428 τῷ
1047 2395 1107 2427 Θεῷ
1123 2395 1157 2421 ὲν
1167 2393 1280 2428 Χριστῷ
1299 2393 1395 2427 Ἰησοῦ
1409 2392 1448 2425 τῷ
1463 2393 1557 2426 Κῑψὶῳ
1573 2390 1668 2426 ἡμῶν.

1028 2485 1082 2512 Καὶ
1091 2485 1182 2518 πόθεν,
1194 2485 1270 2520 φησὶ,
1281 2484 1370 2520 δῆλον,
1385 2485 1424 2511 ὅτι
1436 2483 1590 2518 συζήσομεν
1597 2482 1635 2518 τῷ
1648 2480 1774 2516 Χριστῷς

993 2534 1048 2561 Καὶ
1076 2534 1128 2569 γὰρ
1153 2532 1219 2560 αὐτὸ
1238 2531 1317 2558 τοῦτο
1336 2532 1442 2566 ἄδηλον,
1468 2531 1566 2566 μήπως
1591 2531 1637 2556 καὶ
1661 2529 1742 2560 αὐτὸς
1763 2529 1775 2554 ὸ

993 2579 1115 2615 ἐγερθεὶς
1138 2579 1255 2614 Χριστὸς
1279 2578 1359 2605 πάλιν
1393 2577 1536 2612 ἀποθάνῃς
1564 2577 1681 2610 Ἄπαγε.
1700 2575 1774 2610 φησι.

993 2625 1077 2652 Τοῦτο
1090 2625 1142 2660 γὰρ
1157 2624 1211 2660 χρὴ
1241 2623 1509 2659 πεπληροφορῆσθαι.
1521 2624 1561 2649 ὅτι
1578 2623 1590 2649 ὁ
1604 2621 1720 2656 Χριστὸς
1730 2621 1775 2646 οὖν

993 2673 1032 2699 ἔτι
1051 2674 1236 2700 ἀποθανεῖται,
1260 2672 1309 2698 Διὰ
1333 2671 1386 2706 γὰρ
1407 2670 1486 2697 τοῦτο
1501 2670 1547 2696 καὶ
1569 2668 1715 2699 ἀπέθανεν,
1736 2667 1775 2694 ἵνα

993 2720 1155 2755 καταργήσῃ
1170 2719 1215 2745 τὸν
1234 2718 1357 2744 θάνατον.
1381 2717 1443 2748 Πῶς
1457 2716 1511 2751 γὰρ
1525 2715 1557 2741 δι’
1575 2714 1604 2740 ὃν
1620 2715 1667 2740 καὶ
1683 2713 1706 2739 οἱ
1722 2713 1774 2739 λοι-

994 2766 1040 2792 ποὶ
1048 2764 1201 2801 ζησόμεθα;
1213 2764 1352 2790 Συναναπε
1358 2762 1496 2797 μπομένου
1506 2761 1552 2788 τοῦ
1559 2761 1619 2787 ὅλου
1629 2761 1660 2794 τῇ
1669 2759 1773 2794 ἁπαρχῇ

994 2812 1081 2848 ἡμῶν.
1096 2821 1106 2838 ί
1127 2812 1159 2838 '0
1171 2811 1225 2847 γὰρ
1237 2810 1355 2838 ἀπέθανε
1365 2810 1397 2845 τῇ
1407 2808 1528 2844 ἁμαρτίᾳ
1542 2818 1550 2834 ι
1565 2803 1773 2842 -[01ΚΟΥΜ.]
