1878 3054
71 167 122 200 £37

603 164 797 195 COMMENT.
820 164 859 194 ΙΝ
879 163 996 194 EPlS'l‘.
1016 163 1066 192 AD
1087 163 1177 192 llOM.

1645 162 1703 195 438»

72 225 127 250 Καὶ
155 222 294 254 τοσοῦτον,
327 220 420 255 φησὶν,
451 219 501 247 οὒκ
537 219 578 247 ἔτι
603 220 792 250 ἀποθανεῖται.
823 219 863 246 δτι

976 223 1017 245 est
1031 217 1162 253 primitite
1175 221 1286 245 nostrae.
1305 227 1314 243 ι
1336 216 1415 250 Quod
1433 216 1507 244 enim
1521 221 1647 245 mortuus
1660 226 1702 247 est

74 271 165 296 ἐκεῖνο
181 268 212 294 τὸ
226 267 300 300 ἅπαξ
315 267 329 293 ὁ
346 266 491 298 ἀπέθανεν,
504 266 553 301 οὑχ
569 265 607 298 ὡς
617 265 767 297 ὑπεύθυνος
782 265 863 291 θανά-

73 324 121 341 του
139 313 212 340 κατὰ
230 314 294 343 τοὺς
313 312 423 344 λοιποὺς
447 310 608 347 ἀνθρώπους
631 309 779 342 ἀπέθανεν,
795 309 863 336 ἀλλὰ

72 362 118 388 διὰ
131 361 181 396 τὴν
198 359 245 386 τοῦ
260 359 364 394 κόσμου
379 357 526 392 ἁμαρτίαν,
545 357 588 384 ἵνα
605 356 708 391 ταύτην
718 356 799 391 ἀνέλῃ
816 355 864 382 καὶ

73 405 229 441 Θανατώσῃ.
256 414 265 430 ι
288 406 325 440 Ζῇ
349 404 388 439 τῷ
411 403 481 438 Θεῷ.
515 412 525 430 ι
552 402 709 434 Τουτέστιν,
729 401 766 433 ὡς
798 401 863 433 Θεὸς

73 452 224 483 ἀπαύστως
235 451 281 477 καὶ
294 449 481 481 ἀκαταλύτως.
498 448 542 480 Ὠς
555 448 609 484 γὰρ
619 449 719 474 νοεῖται
729 448 761 482 τῇ
778 447 865 482 ἀμαρ-

73 498 130 532 τὶα.
144 496 282 526 τουτέστι.
305 495 350 522 διὰ
370 495 420 530 τὴν
440 493 588 529 ἁμαρτίαν,
604 492 690 523 οὕτως
706 492 807 518 νοεῖται
826 490 864 526 τῷ

74 542 145 577 Θεῷ,
161 541 285 568 τουτέστι
297 539 341 567 διὰ
354 539 384 567 τὸ
395 536 464 566 εῐναι
478 539 554 570 Θεός.
570 538 624 565 Καὶ
635 537 721 569 οὕτως
736 537 843 572 νοήσεις
855 544 862 551 ·

73 589 173 624 ὥσπερ
189 588 306 622 λέγομεν
322 586 368 613 ἐπὶ
383 586 430 613 τοῦ
444 585 504 612 καθ’
518 585 591 620 ἡμᾶς
605 583 749 618 ἀνθρώπου
762 591 770 600 ·
796 583 866 609 ’Δπο

73 635 156 662 ἐθανε
177 636 211 670 τῇ
226 635 318 670 σαρκὶ,
329 633 362 668 ζῇ
378 633 406 659 δὲ
419 634 452 668 τῇ
470 633 554 668 ψυχῇ,
572 631 640 658 κατὰ
649 630 756 666 δοτικὴν
773 630 867 657 ἀποδι-

73 681 168 711 δόντες
180 679 227 706 τὸν
241 679 328 713 λόγον,
339 679 409 706 οὕτω
420 687 464 714 μοι
477 678 542 705 νόει·
557 677 602 711 Τῷ
612 676 670 712 Θεῷ
685 676 729 711 ζῇ,
745 676 866 703 τουτέστι

74 725 114 760 τῷ
131 723 202 752 εἶναι
224 724 301 758 Θεὸς,
321 725 371 752 οὐκ
390 724 484 759 ἐπειδὴ
498 723 545 750 καὶ
568 723 606 758 τῷ
632 720 700 749 εἶναι
719 722 792 757 ψυχῇ
815 722 866 748 οὐκ

76 770 138 807 ἔζη,
155 771 224 798 ἀλλὰ
247 771 278 798 τδ
299 769 478 806 ἀμαχώτερον
506 769 622 800 τέθεικε,
640 768 670 794 ea
691 765 761 795 εἶναι
788 768 868 794 αὐτὸν

75 817 155 844 θεόν.
171 826 181 843 ι
201 817 294 848 Οὕτως
310 817 357 844 καὶ
374 816 452 851 ὑμεῖς
474 814 615 849 λογίζεσθε
632 814 783 846 ἐαυτοὺς.ἰ
801 811 868 841 Εἶτα

77 863 121 889 ἶνα
136 863 176 898 μὴ
190 863 299 894 λέγωσιυ
308 862 362 889 Καὶ
373 861 410 894 τί,
424 861 502 897 φησὶ,
517 860 585 896 πρὸς
593 861 676 896 ἡμᾶς,
686 860 789 893 είᾶπαξ
801 861 868 887 ἀπο-

913 269 1035 300 peccato.
1051 274 1060 290 ι
1073 264 1106 291 Ει
1130 264 1158 292 in
1179 268 1298 298 tantum,
1314 264 1414 300 inquit,
1432 272 1488 292 non
1506 264 1624 299 amplius
1642 272 1702 292 mo-

914 311 1003 339 rietur
1026 315 1057 338 ut
1082 311 1150 339 illud
1168 319 1278 346 quoque
1301 311 1375 346 quod
1400 311 1485 339 semel
1506 315 1633 338 mortuus
1649 315 1703 342 est.

913 365 968 384 non
995 361 1123 392 tanquam
1141 357 1225 384 morti
1247 357 1384 385 obnoxius
1400 357 1427 384 id
1450 364 1547 392 passus
1565 361 1618 389 est,
1633 357 1706 384 sicut

913 403 1005 431 caeteri
1028 403 1164 435 homines,
1181 403 1229 431 sed
1243 403 1279 431 ob
1302 403 1399 430 mundi
1414 407 1572 439 peccatum,
1587 407 1618 430 ut
1636 403 1704 431 illud

913 450 948 478 de
961 449 1051 478 medio
1065 449 1196 482 auferret,
1208 450 1345 485 mortique
1357 450 1487 478 traderet.
1503 459 1512 476 ι
1529 450 1603 478 Vivit
1613 449 1679 477 Deo.
1693 460 1702 475 ι

915 495 973 523 Hoc
986 500 1028 523 est
1044 495 1130 523 veluti
1145 496 1217 524 Deus
1239 496 1301 524 sine
1323 496 1491 528 cessatione,
1512 495 1572 524 sine
1586 495 1704 524 dissolu-

914 541 1001 569 tione.
1028 540 1105 569 Sicut
1125 541 1199 569 enim
1219 542 1382 578 intelligitur
1397 547 1519 578 peccato,
1537 542 1564 570 id
1577 546 1628 574 est.
1643 549 1708 577 pro-

915 589 977 620 pter
993 589 1148 620 peccatum,
1162 587 1200 614 ita
1217 594 1328 622 quoque
1340 587 1506 623 intelligitur
1520 588 1588 619 Deo,
1602 587 1656 615 hoc
1664 591 1707 615 est

916 637 1062 668 propterea
1075 633 1149 668 quod
1163 634 1198 661 sit
1215 634 1298 662 Deus.
1314 635 1348 662 Et
1365 635 1402 662 ita
1416 635 1538 670 accipies
1552 643 1559 662 :
1576 634 1708 670 quemad-

917 677 1029 705 modum
1043 678 1162 706 dicimus
1173 679 1208 707 de
1225 679 1338 707 homine
1355 680 1436 708 nobis
1451 680 1562 716 cognito
1579 687 1610 707 ac
1628 679 1707 707 lumi-

917 723 978 750 liari
1011 733 1018 752 :
1046 723 1169 752 Mortuus
1195 730 1237 752 est
1263 733 1357 758 carne,
1389 726 1458 754 vivit
1487 731 1579 753 autem
1608 726 1708 760 spiritu

919 769 1085 804 (sermonem
1106 771 1250 799 auferendi
1264 779 1328 799 casu
1351 772 1510 803 reddentes,
1522 772 1608 799 veluti
1621 772 1708 800 ϐιτεεί

919 815 1001 843 dandi
1013 817 1106 850 casu);
1126 817 1163 844 ita
1178 817 1245 844 mihi
1268 817 1389 853 intellige
1408 827 1415 845 :
1433 818 1506 845 Vivit
1523 818 1589 849 Dco,
1614 818 1639 844 id
1656 822 1709 848 est.

919 869 953 890 eo
968 862 1041 898 quod
1059 863 1096 890 sit
1112 863 1185 891 Deus
1201 873 1208 891 :
1230 872 1284 891 non
1302 864 1376 900 quod
1391 871 1442 899 per
1454 871 1516 891 esse
1532 863 1630 890 anima:
1654 871 1710 890 non

75 908 168 935 θανὼν
175 909 190 935 ὁ
197 907 311 943 Χριστὸς
319 907 595 942 οὒκέτιάποθνήσκει;
607 915 617 932 ι
632 907 724 941 φησὶν,
738 905 816 933 οὕτω
824 907 869 933 καὶ

968 897 1038 941 cret,
1052 909 1100 938 sed
1115 910 1188 944 quod
1201 897 1360 938 ﬁrmius—est
1377 897 1477 945 posuit,
1490 914 1554 945 puta
1565 909 1638 945 quod
1653 910 1711 944 ipse

76 954 156 987 ὑμεῖς
167 953 282 984 ἑαυτοὺς
289 951 438 985 λογίζεσθε.
451 960 459 977 ι
475 951 550 983 Πῶςς
561 951 622 978 Ὀτι
631 950 809 978 ἀποθανεῖσθε
820 951 871 985 μὲν

75 999 119 1026 διὰ
133 999 184 1033 τὴν
203 998 339 1033 ἁμαρτίαν
355 997 440 1031 ἅπαξ,
456 997 552 1032 ζήσετε
566 997 596 1024 δὲ
610 988 649 1032 ’ἶῷ
661 996 730 1032 Θεῷ.
748 997 802 1023 Καὶ
813 996 869 1032 γὰρ

77 1046 106 1071 ὲν
120 1044 196 1079 αὖτῷ
212 1043 304 1078 ζῶμεν
315 1044 362 1070 καὶ
378 1042 527 1078 κινούμεθα
540 1043 587 1070 καὶ
604 1042 698 1075 ιαμὲν,
715 1042 805 1074 καθὼς
817 1043 866 1069 καὶ

77 1089 196 1125 ἀλλαχοῦ
209 1098 300 1124 φησιν.
319 1089 354 1116 Ἦ
365 1089 451 1121 οὕτως
461 1097 468 1104 ·
485 1089 592 1124 ’Ὠσπερ
609 1089 623 1115 ὸ
632 1088 759 1124 Χριστος,
773 1089 867 1123 φησὶν,

78 1136 199 1163 ἀπέθανε
215 1136 262 1163 καὶ
276 1136 310 1172 ζῇ
336 1136 422 1168 οὕτως
435 1135 483 1163 καὶ
497 1135 577 1169 ὑμεῖς
591 1135 732 1169 λογίζεσθε
750 1135 864 1168 ἑαυτοὺς

78 1182 167 1217 χρεὼν
182 1180 264 1214 εἶναι,
279 1182 393 1216 νεκροὺς
409 1181 458 1216 μὲν
484 1182 545 1208 ὅσον
563 1180 632 1216 πρὸς
645 1181 675 1207 τὸ
692 1180 870 1216 ἁμαρτάνειν,

85 1227 193 1259 ζῶντας
209 1226 237 1254 δὲ
256 1228 296 1259 είς
322 1227 357 1254 τὰ
381 1227 451 1254 κατὰ
471 1226 548 1260 Θεὸν,
568 1226 613 1253 διὰ
633 1225 721 1262 Ἰησοῦ
742 1226 871 1262 Χριστοῦ,

78 1273 215 1305 τουτέστι,
232 1272 438 1308 συμμαχοῦντος
453 1271 584 1307 Χριστοῦ.
601 1281 610 1298 ι
632 1272 676 1299 Ἐν
687 1271 798 1307 Χριστῷ
820 1273 873 1307 Ἰη-

81 1318 127 1346 σοῦ
143 1327 150 1334 ·
168 1319 219 1345 Διὰ
243 1318 330 1353 Ἰησοῦ
347 1317 477 1354 Χρισσοῦ.
504 1327 513 1344 ι
536 1317 585 1345 Διὰ
600 1317 654 1354 γὰρ
681 1318 728 1344 τοῦ
756 1318 872 1346 θανάτου

80 1365 165 1391 αἰρτοῦ
182 1365 200 1399 ἡ
215 1364 271 1399 ζωὴ
286 1364 374 1399 ἡμῶν.

921 955 958 983 sit
982 956 1063 983 Deus.
1086 965 1095 982 ι
1116 956 1154 983 Ita
1171 961 1197 984 ct
1221 964 1271 984 vos
1290 957 1456 984 existimate.
1475 966 1484 982 ι
1504 957 1544 984 Ne
1566 956 1712 983 dicerent:

920 1000 954 1028 Ει
963 1000 1028 1036 quid
1044 1001 1077 1028 ad
1091 1009 1142 1029 nos
1154 1002 1176 1029 si
1194 1007 1321 1031 mortuus
1336 1003 1420 1030 semel
1437 1002 1566 1032 Christus
1585 1010 1639 1029 non
1654 1009 1714 1028 am-

918 1046 991 1081 plius
1000 1047 1136 1075 moritur?
1146 1048 1184 1075 ait
1196 1057 1202 1075 :
1216 1058 1225 1074 ι
1241 1048 1280 1076 ita
1291 1053 1319 1076 ct
1327 1056 1375 1076 vos
1384 1049 1538 1076 existimate
1552 1056 1600 1075 vos
1609 1048 1691 1082 ipsos.
1700 1056 1708 1072 I

918 1092 1083 1125 Quomodo?
1099 1094 1178 1127 Quod
1199 1095 1285 1122 semel
1308 1095 1419 1130 quidem
1437 1099 1549 1130 propter
1568 1098 1711 1129 peccatum

921 1139 1089 1172 moriemini,
1105 1141 1204 1169 vivetis
1222 1146 1314 1169 autem
1337 1142 1403 1169 Deo.
1419 1141 1528 1168 Etenim
1551 1148 1600 1175 per
1623 1141 1713 1175 ipsqu

921 1185 1040 1214 vivimus
1069 1192 1097 1214 et
1113 1195 1257 1215 movemur
1288 1195 1320 1215 ac
1350 1195 1456 1219 sumus,
1482 1186 1714 1222 quemadmodum

921 1230 1004 1257 etiam
1020 1231 1085 1258 alibi
1104 1231 1172 1259 dicit
1186 1233 1218 1260 ".
1235 1233 1283 1260 Vel
1302 1233 1354 1261 hoc
1369 1232 1468 1260 modo:
1481 1233 1559 1260 Sicut
1574 1231 1713 1262 Christus,

925 1277 1027 1311 inquit,
1045 1283 1171 1306 mortuus
1186 1282 1228 1306 est
1243 1283 1271 1305 et
1294 1279 1371 1311 vivit,
1390 1279 1426 1305 ita
1440 1282 1468 1306 et
1495 1285 1544 1305 vos
1559 1276 1715 1304 existimate

925 1322 1052 1357 vcsipsos
1085 1328 1213 1359 oportere
1237 1325 1349 1360 quidem
1375 1329 1500 1352 mortuos
1531 1330 1591 1351 esse
1624 1321 1714 1357 quoad

924 1369 1107 1402 peccandum,
1131 1370 1258 1398 viventes
1280 1375 1373 1397 autem
1389 1370 1423 1397 ad
1449 1377 1481 1397 ea
1501 1377 1562 1404 quae
1579 1368 1628 1396 [ὶρὶ
1651 1371 1716 1396 sunt

79 1418 129 1444 per
148 1409 242 1438 Jesum
259 1409 411 1444 Christum,
431 1409 485 1438 hoc
509 1414 552 1438 est
574 1409 723 1438 auxiliante
745 1409 866 1438 Christo.
891 1421 900 1438 ι
920 1413 950 1441 ln
966 1414 1077 1444 Christo
1091 1416 1166 1444 Jcsu.
1184 1426 1193 1442 ι
1208 1417 1260 1444 Per
1275 1417 1368 1445 Jesum
1383 1416 1536 1444 Christum.
1568 1415 1636 1442 Nam
1668 1421 1718 1449 per

81 1461 199 1485 mortem
216 1456 301 1490 ipsius
318 1461 361 1484 est
376 1456 431 1484 vita
443 1460 547 1484 nostra.

117 1504 166 1539 Μῖι
192 1501 249 1532 οὖν
260 1503 450 1536 ,βασιλευέτω
470 1505 489 1539 ἡ
510 1504 638 1539 ἁμαρτία
658 1504 692 1531 ἐν
719 1504 760 1537 τῷ
776 1505 874 1540 θνητῷ

81 1550 168 1586 ὑμῶν
192 1550 317 1584 σώματι,
342 1552 385 1583 εις
405 1551 438 1577 τὸ
465 1550 631 1578 ὑπακούειν
657 1548 734 1585 αὐτῇ
755 1550 790 1577 ἐν
810 1551 875 1584 ταῖς

963 1509 1006 1541 Vl,
1024 1509 1118 1537 12-14.
1131 1509 1169 1537 Ne
1181 1514 1271 1544 regnet
1285 1518 1345 1545 ergo
1360 1512 1494 1545 peccatum
1506 1509 1533 1535 in
1549 1511 1633 1536 vostro
1649 1515 1719 1534 mor-

927 1555 976 1582 tali
997 1563 1115 1590 corpore,
1134 1560 1161 1582 ut
1173 1555 1300 1582 obcdiutis
1324 1554 1365 1582 illi
1377 1555 1404 1581 in
1419 1554 1633 1589 concupiscentiis
1649 1553 1717 1588 ejus.

81 1597 255 1631 ἐπιθυμίαις
281 1596 384 1624 αὐτοῦ.
400 1595 484 1630 Μηδὲ
507 1596 711 1631 παριστάνετε
739 1596 776 1623 τὰ
796 1596 874 1631 μέλη

967 1609 1019 1636 quc
1041 1601 1158 1628 exhibete
1174 1601 1290 1628 membra
1306 1604 1393 1628 vestra
1415 1609 1492 1627 arma
1507 1600 1645 1646 injusti'lite
1657 1607 1717 1634 pec-

82 1642 170 1677 ῠμῶν
179 1641 258 1668 ὅπλα
272 1641 390 1674 ἀδικίας
407 1640 445 1676 τῇ
460 1641 597 1676 ἁμαρτίᾳ,
625 1641 706 1668 ἀλλὰ
722 1640 876 1674 παραστή-

84 1696 160 1716 σατε
174 1687 301 1719 ἑαυτοὺς
317 1687 357 1720 τῷ
372 1686 444 1720 Θεῷ,
463 1687 502 1720 ὡς
513 1687 548 1714 tm
564 1686 680 1721 νεκρῶν
693 1686 815 1720 ζῶντας,
826 1686 876 1714 καὶ

84 1734 123 1760 τὰ
136 1733 214 1767 μέλη
230 1731 314 1767 ὑμῶν
330 1731 410 1759 ὅπλα
422 1731 616 1766 δικαιοσύνης
627 1731 667 1764 τῷ
683 1732 754 1765 Θεῷ.
772 1731 878 1767 Ἀμαρ-

86 1780 136 1806 ria
154 1779 210 1813 τὰρ
232 1777 316 1812 ὑμῶν
337 1778 374 1805 οὐ
401 1778 572 1812 κυριεύσει·
588 1779 624 1806 οὐ
649 1777 704 1813 γάρ
722 1778 793 1806 ἐστε
817 1778 878 1806 ὑπὸ

84 1827 191 1859 νόμον,
205 1824 286 1853 ἀλλὰ
299 1823 358 1852 ὐπὸ
373 1822 474 1858 χάριν.

124 1871 203 1898 Ἐπεὶ
218 1871 264 1898 οὖν
289 1871 402 1904 νεκροὺς
426 1870 498 1905 ὑμᾶς
519 1867 590 1897 εἶναι
613 1869 666 1906 χρὴ
685 1870 746 1897 ὅσον
774 1870 814 1902 εἰς
830 1870 879 1906 τὴν

87 1919 238 1954 ἁμαρτίαν,
268 1917 305 1952 μὴ
327 1916 471 1952 κρατείτω,
495 1916 587 1952 φησὶν,
613 1916 722 1951 ὑμῶνή
745 1916 877 1952 ἁμαρτία.

88 1964 186 1996 Καλῶς
204 1964 232 1990 δὲ
248 1964 276 1989 ἐν
290 1963 329 1998 τῷ
345 1962 434 1998 θνητῷ
454 1961 560 1998 σώματι
579 1962 640 1990 ’διὰ
654 1962 707 1997 γὰρ
721 1963 768 1990 τοῦ
784 1963 880 1998 σώμα-

89 2019 133 2042 τος
148 2011 165 2046 ἡ
184 2008 308 2044 ἁμαρτία
321 2009 360 2040 ὡς
383 2008 430 2035 ἐπὶ
450 2008 481 2035 τὸ
505 2007 583 2035 πολύ.
605 2009 650 2044 Μὴ
668 2009 834 2044 βασιλευέτω
851 2009 880 2036 δι

88 2058 127 2088 είς
141 2057 173 2084 τδ
190 2056 340 2083 ὑπακούειν
364 2057 432 2092 αὐτῇ
450 2064 457 2072 ·
473 2054 552 2083 τοῦτο
562 2055 616 2091 γὰρ
632 2055 831 2090 βασιλεύεσθαι.
845 2071 882 2077 -

89 2103 257 2140 [ΘΕΟΔΩΡ.ι
288 2103 415 2130 Βασιλεία
451 2102 480 2130 δὲ
509 2103 667 2137 τυραννίδος
706 2103 792 2138 ταύτῃ
820 2103 880 2130 δια-

91 2150 182 2185 ςέρει,
217 2149 255 2184 τῷ
285 2149 334 2185 τὴν
360 2149 410 2184 μὲν
432 2140 589 2184 τυραννίδα,
617 2148 737 2176 ἀκόντων
757 2149 881 2183 γίνεσθαι

89 2196 142 2222 τῶν
159 2196 300 2230 ὑπηκόων,
316 2195 364 2230 τὴν
379 2195 407 2221 δὲ
425 2194 564 2230 βασιλείαν
579 2194 748 2229 βουλομένων
761 2195 816 2222 τῶν
830 2195 880 2229 ἁρ-

90 2242 226 2276 χομὲνων.
244 2241 374 2276 Παραινεῖ
396 2240 486 2267 τοίνυν
509 2239 608 2276 μηκέτι
629 2241 661 2275 τῇ
678 2239 822 2275 δυναστείᾳ
832 2239 882 2274 τῆς

927 1652 995 1674 cato.
1013 1646 1065 1675 Sed
1079 1647 1195 1674 exhibete
1209 1647 1376 1681 vosmetipsos
1391 1646 1445 1673 Deo
1457 1649 1584 1681 tanquam
1601 1653 1632 1672 ca:
1645 1653 1718 1671 mor-

927 1694 978 1720 tuis
1002 1694 1123 1722 viventes.
1143 1697 1168 1720 et
1190 1693 1306 1720 membra
1323 1698 1409 1720 vestra
1432 1701 1509 1719 arma
1525 1692 1638 1727 justitia:
1653 1690 1717 1718 Dea.

927 1738 997 1766 Nam
1020 1743 1154 1774 peccatum
1170 1739 1239 1766 vobis
1266 1747 1317 1766 non
1341 1738 1521 1766 dominabitur
1540 1745 1549 1764 :
1574 1745 1625 1764 non
1649 1736 1718 1763 enim

928 1785 989 1811 estis
998 1784 1046 1811 sub
1059 1787 1124 1819 lege,
1144 1783 1190 1811 sed
1202 1783 1249 1811 sub
1263 1784 1362 1820 gratia.

964 1875 1059 1910 Itaque
1077 1876 1099 1903 si
1116 1879 1241 1903 mortuos
1255 1883 1316 1903 esse
1331 1883 1381 1903 vos
1394 1879 1502 1910 oportet
1519 1874 1609 1910 quoad
1623 1882 1720 1909 pecca-

931 1924 1000 1951 tum,
1015 1927 1049 1946 ne
1066 1919 1168 1952 vincat,
1189 1920 1288 1954 inquit,
1311 1927 1360 1946 vos
1374 1923 1527 1954 peccatum.
1543 1919 1615 1946 Bene
1627 1923 1719 1945 autem

931 1965 1043 1992 additur
1056 1965 1083 1993 in
1100 1966 1207 1993 mortali
1219 1973 1345 2001 corpore,
1362 1973 1425 1992 nam
1443 1970 1472 1992 ut
1485 1965 1632 2000 plurimum
1655 1972 1721 1999 pcc-

930 2015 1022 2039 catum
1040 2019 1089 2046 per
1104 2019 1205 2047 corpus
1221 2015 1377 2039 exercetur.
1397 2011 1437 2038 Ne
1457 2016 1563 2046 regnet,
1578 2015 1607 2037 ut
1619 2010 1657 2037 illi
1672 2018 1721 2045 pu<

932 2057 1014 2084 reatis
1031 2066 1037 2083 :
1054 2057 1107 2085 hoc
1123 2057 1196 2085 enim
1212 2061 1255 2085 est
1271 2057 1386 2085 subesse
1409 2057 1534 2091 imperio.
1546 2072 1581 2076 —
1597 2055 1720 2092 Regnum

932 2103 1066 2137 aulcm_in
1093 2103 1146 2130 hoc
1162 2102 1256 2130 diﬂ‘crt
1280 2110 1294 2130 ιι
1318 2102 1463 2138 tyrannide
1481 2112 1486 2129 :
1504 2102 1577 2138 quod
1599 2101 1722 2137 tyrannis

932 2154 1043 2183 geratur
1067 2149 1150 2184 279
1175 2149 1333 2177 nolentibus
1359 2149 1490 2181 subditis,
1519 2155 1634 2183 regnum
1656 2155 1721 2174 vcro

932 2194 1090 2221 volentibus
1105 2194 1148 2222 his
1160 2194 1205 2229 qui
1221 2194 1420 2229 gubernantur.
1431 2193 1568 2221 Admonet
1587 2192 1671 2227 igitur
1687 2200 1723 2220 ne

934 2246 1054 2274 unquam
1072 2245 1133 2265 eum
1149 2239 1253 2274 peccati
1270 2238 1412 2266 dominatu
1432 2238 1615 2273 paciscamur.
1632 2237 1723 2273 Siqui-

92 2289 230 2323 ἁμαρτίας
257 2287 440 2315 συντίθεσθαι.
470 2287 612 2314 Rutilus:
638 2287 692 2322 γὰρ
720 2286 805 2321 αὐτῆς
830 2285 879 2322 τὴν

966 2293 995 2312 ιιι
1015 2285 1097 2320 hujus
1113 2292 1227 2320 regnum
1242 2284 1375 2312 Dominus
1390 2289 1496 2320 sumpta
1521 2292 1603 2312 carne
1624 2283 1725 2313 dissol—

94 2334 233 2369 βασιλείαν
259 2334 274 2361 ό
298 2334 437 2369 Δεσπότης
458 2334 681 2369 ἔνανθρωπήσας.
697 2333 752 2360 Καὶ
777 2332 825 2360 ἅτε
853 2332 883 2359 δι

94 2380 201 2415 θνητοῖς
229 2379 268 2405 in
282 2378 329 2405 καὶ
347 2378 469 2414 παθητὸν
495 2378 586 2413 ἔχουσι
611 2377 691 2412 σῶμα
719 2376 882 2412 νομοθετῶν,

97 2424 242 2459 σύμμετρα
257 2425 289 2459 τῇ
312 2423 439 2459 ἀσθενείᾳ
452 2423 602 2458 νομοθετεῖ.
619 2423 674 2450 Καὶ
689 2423 720 2450 οὐ
736 2423 820 2458 λέγει,
837 2421 883 2458 Μὴ

95 2471 262 2505 τυραννείτω
272 2478 278 2485 ·
295 2469 375 2502 ἀλλὰ,
387 2469 432 2504 Μὴ
448 2468 622 2504 βασιλευέτω.
633 2469 669 2496 Τὸ
686 2469 733 2504 μὲν
747 2469 803 2504 γὰρ
819 2469 886 2496 ιδιον

97 2516 202 2550 ίιείνης
223 2517 256 2542 το
284 2515 436 2550 τυραννεῖν,
451 2515 482 2542 τὺ
503 2515 531 2542 δὲ
548 2515 597 2549 τῆς
612 2515 748 2550 ἡμετέρας
770 2514 884 2550 γνώμης

98 2561 125 2585 τὸ
138 2559 338 2594 βασιλεύεσθαι.
357 2559 388 2586 Ἦ
402 2560 450 2594 μὲν
463 2559 517 2596 γὰρ
534 2559 587 2586 τῶν
598 2558 767 2594 παθημάτων
778 2559 884 2593 κίνησις

99 2605 143 2630 καὶ
159 2605 282 2639 Ellum;
297 2604 368 2630 κατὰ
383 2603 464 2638 φύσιν
486 2604 552 2639 ἡμῖν
565 2604 681 2638 γίνεται,
698 2603 752 2630 τῶν
764 2604 792 2629 δὲ
805 2604 885 2631 ἁπει.

102 2651 222 2685 ρημένων
244 2652 260 2686 ἡ
285 2650 393 2685 πρᾶξις.
406 2651 457 2685 τῆς
475 2649 588 2685 γνώμης
602 2650 760 2685 ἐξήρτηται-

135 2749 235 2786 [ΦΩΤ.]
253 2748 330 2776 Ἐπεὶ
350 2749 709 2785 γὰρ,φησἰν,ὰττεθάνομεν,
726 2749 771 2775 καὶ
790 2749 886 2784 νεκρὸν

103 2797 177 2831 ἡμῶν
194 2797 290 2829 ¹τέγονιε
310 2795 340 2821 τὺ
362 2795 441 2831 σῶμα
459 2797 493 2831 τῇ
518 2796 650 2832 ἁμαρτίᾳ,
671 2795 708 2832 μὴ
729 2796 886 2830 ποιήσωμεν

138 2890 158 2904 “
175 2890 233 2916 Act.
254 2896 318 2921 XVII.
338 2889 380 2916 28.

937 2330 1000 2357 vit:
1017 2334 1045 2357 et
1070 2333 1199 2365 tanquam
1227 2330 1392 2357 mortalibus
1419 2330 1510 2357 adhuc
1538 2335 1566 2357 et
1591 2329 1722 2365 passibllc

935 2384 1037 2411 corpus
1061 2376 1228 2404 habentibus
1251 2377 1338 2412 legem
1361 2376 1464 2408 ferens,
1487 2384 1518 2403 ea
1545 2375 1649 2403 stabilit
1663 2383 1724 2411 qua:

936 2428 1037 2451 nostra:
1063 2423 1247 2450 imbecillitati
1268 2426 1537 2450 commensurantur.
1559 2423 1616 2450 Nec
1633 2423 1723 2450 dicit:

935 2469 994 2497 Non
1009 2474 1135 2497 exerceat
1150 2468 1333 2505 tyrannidem,
1352 2469 1410 2502 scil,
1427 2469 1486 2496 Non
1497 2473 1602 2504 regnet.
1619 2469 1725 2504 Tyran-

937 2516 1031 2544 nidem
1062 2523 1180 2551 namque
1210 2523 1351 2548 exercere,
1381 2515 1456 2543 illius
1486 2515 1629 2551 proprium
1657 2519 1723 2542 est:

940 2570 1053 2597 rcgnum
1064 2567 1155 2589 autem
1172 2562 1239 2596 pati,
1253 2566 1353 2589 nostra:
1373 2561 1474 2588 mentis
1486 2564 1538 2588 est.
1554 2560 1636 2588 Motio
1650 2560 1724 2587 cnim

939 2615 971 2635 ac
988 2607 1108 2635 turbatio
1122 2607 1272 2635 al'lectuum
1286 2607 1360 2641 juxta
1377 2611 1503 2634 naturam
1522 2605 1601 2632 nobis
1614 2604 1724 2634 accidit.

940 2662 1035 2682 eorum
1052 2661 1117 2681 vero
1129 2661 1190 2688 qua:
1210 2653 1348 2688 prohibita
1363 2658 1429 2680 sunt
1450 2652 1583 2687 operatio,
1598 2658 1612 2677 a
1632 2654 1725 2677 nostra

940 2706 1033 2728 mente
1053 2701 1201 2736 dependet.

973 2747 1211 2782 Quandoquidem,
1222 2746 1320 2782 inquit,
1332 2745 1433 2772 mortui
1444 2750 1548 2774 sumus,
1561 2749 1592 2769 ac
1602 2744 1725 2769 nostrum

939 2801 1040 2829 corpus
1061 2799 1173 2829 peccato
1197 2797 1336 2821 mortuum
1357 2795 1410 2824 cst,
1429 2797 1463 2818 nc
1489 2796 1599 2816 rursum
1621 2786 1726 2823 peccati
