1878 3054
144 156 193 187 £39
653 151 848 182 (ECUMENII
869 149 1014 180 TRICC/E
1036 151 1206 182 EPISCOPI
1716 149 1796 180 Διεο

144 214 199 240 vita
217 211 284 239 illud
305 211 398 238 vivere
417 211 549 238 faciamus
566 218 571 235 :
591 217 680 244 neque
692 209 760 236 tales
770 199 932 241 elliciamur,
948 234 949 237 η

1024 208 1066 235 λιν
1079 209 1145 235 αὐτὸ
1159 208 1294 244 ἀναζῆσαι
1308 209 1358 244 τὴν
1373 209 1402 235 ἐν
1414 209 1446 243 τῇ
1461 208 1584 243 ἁμαρτίᾳ
1598 209 1682 244 ζωήν.
1692 208 1797 242 Μηδὲ

144 265 175 288 ut
198 260 226 287 in
240 260 300 293 ipso
315 257 387 293 quod
411 257 526 284 mortale
547 256 605 296 sive
620 259 757 282 mortuum
773 255 876 282 factum
889 259 931 282 est

1024 255 1256 290 ρασκευασώμεθα
1271 254 1372 287 οὕτως,
1387 254 1456 281 ὥστε
1473 255 1553 281 πάλιν
1566 255 1595 280 ὲν
1608 254 1685 289 αὐτῷ
1699 255 1792 288 9-m—

144 313 194 341 per
217 305 394 340 baptismum,
412 306 507 338 regnet
520 306 673 337 peccatum.
691 301 762 335 Quid
783 305 825 328 est
839 306 929 328 autem

1040 300 1181 335 γενομένῳ
1200 301 1243 327 διὰ
1262 301 1313 327 τοῦ
1331 300 1527 335 βαπτίσματος,
1551 299 1703 335 βασιλεύειν
1723 300 1796 335 τὴν

147 359 260 387 regnare
276 351 303 377 in
319 349 398 377 nobis
411 348 570 384 peccatum?
589 348 704 382 Explere
721 347 858 374 desideria
869 354 932 374 cor-

146 397 230 432 poris.
251 396 327 430 Ipsos
349 399 441 422 autem
465 394 493 421 in
513 394 565 421 hoc
583 394 752 426 consolatur,
775 393 850 428 quod
872 393 931 420 ait:

150 452 160 468 1
174 441 280 469 Mortali
296 448 412 476 corpore
426 449 433 474 ;
454 450 462 466 ι
478 439 627 467 ostendens
639 439 712 474 quod
731 439 887 474 temporalis
898 439 934 466 sit

147 488 220 515 lucta
233 487 365 515 adversus
381 491 523 521 peccatum
541 495 547 512 :
566 485 701 520 siquidem
718 493 818 521 corpus
831 489 934 520 tempo-

149 534 205 561 rale
221 538 273 561 est.
287 542 296 559 1
314 533 343 560 In
360 532 593 567 concupiscentiis
607 532 675 567 ejus.
695 541 704 556 ι
719 531 786 558 Puta
799 531 932 566 corporis.

153 589 162 605 ε
181 580 275 614 Neque
289 579 417 606 exhibete
432 578 555 605 membra
571 582 672 605 vestra.
695 586 704 602 ι
722 577 761 604 Ac
774 585 795 604 SI
810 577 914 604 diceret
927 586 932 603 :

148 625 187 652 Ne
209 624 369 659 perﬁciatis.
393 623 501 658 Corpus
528 623 603 651 enim
632 623 744 650 ducitur
770 630 935 657 quocunque

146 671 210 706 quis
228 670 347 698 duxerit.
370 670 464 697 Potest
478 676 596 703 namque
613 668 704 696 faccre
718 668 854 703 quispiam
876 675 932 695 ma-

147 723 214 743 num
240 716 455 743 instrumentum
477 715 511 742 ad
533 714 745 749 eleemosynam,
760 714 887 741 similiter
908 719 936 741 et

148 761 183 789 ad
200 761 323 796 rapinam
339 769 346 787 :
365 760 485 795 linguam
506 759 541 786 ad
563 759 781 786 benedicendum
804 763 833 786 et
852 759 937 786 male-

139 806 309 838 dicendum,
326 810 354 833 et
368 805 405 833 ita
420 805 453 832 de
466 805 595 832 omnibus
610 805 751 832 membris.
769 814 778 830 1
800 805 881 832 Arma
896 805 938 832 in-

148 851 272 887 iustitia.
284 861 293 877 ι
305 851 378 878 Bene
387 855 529 885 peccatum
541 851 648 878 vocavit
658 850 831 886 injustitiam.
845 851 938 886 Siqui-

150 897 213 924 dem
233 904 283 931 per
298 895 366 923 illud
384 895 501 930 quisque
525 895 567 922 vel
585 895 688 930 sibiipsi
706 896 823 931 injurius
838 900 881 924 est
895 896 938 923 vel

150 942 287 977 proximo.
310 951 318 967 1
347 941 401 968 Sed
426 940 556 968 exhibete
574 941 754 976 vosmetipsos
779 941 843 968 Deo.
865 950 874 967 ›
900 940 940 968 Ex

151 988 267 1015 vocibus
280 987 389 1014 interim
403 986 522 1014 sumitur
537 988 679 1014 sementim
699 987 856 1014 discrimen.
871 986 937 1014 Nam

151 1034 223 1061 sicut
239 1032 352 1065 dicitur,
362 1032 402 1060 Ne
417 1033 480 1067 quis
496 1032 616 1068 seipsum
628 1032 755 1060 exhibeat
767 1038 878 1068 peccato
891 1033 938 1060 sed

153 1080 226 1112 Deo;
253 1079 289 1106 ita
314 1079 452 1112 exhibete,
472 1079 572 1114 inquit,
589 1079 714 1114 vosipsos
732 1079 798 1112 Dco,
811 1079 884 1106 sicut
896 1079 938 1106 di-

151 1132 235 1160 gnum
255 1130 297 1151 est
315 1133 322 1151 :
342 1124 407 1159 quia
424 1132 473 1151 vos
495 1125 615 1159 peccatis
639 1125 780 1152 veteribus
803 1129 937 1158 mortuos,

151 1170 209 1198 sive
223 1170 319 1197 mortis
332 1170 473 1197 dominatu
493 1178 601 1205 pressos
614 1170 763 1198 viviﬁcav-it
782 1180 788 1198 ε
801 1171 854 1204 vel,
867 1171 939 1198 sicut

151 1223 259 1250 :equum
274 1220 315 1243 est
331 1215 393 1243 illos
407 1216 539 1243 exhibere
552 1216 668 1251 seipsos,
684 1217 730 1251 qui
747 1221 823 1244 tanto
836 1217 939 1244 beneli~

152 1261 195 1288 cio
210 1260 300 1288 allecti
316 1265 391 1294 sunt,
421 1265 452 1289 ut
464 1270 498 1288 ex
512 1262 627 1289 mortuis
637 1269 668 1290 ac
684 1263 820 1297 corruptis
834 1263 940 1290 aﬂ'ccti—

153 1307 205 1335 bus
225 1307 347 1340 liberati,
362 1307 424 1334 vitae
449 1309 569 1335 restituti
585 1308 650 1336 sint.
673 1318 682 1334 1
699 1308 733 1336 Et
752 1309 875 1336 membra
892 1317 940 1337 ve-

153 1357 209 1381 stra
230 1361 316 1380 arma.
336 1363 346 1380 )
369 1353 422 1387 Qui
442 1355 515 1381 enim
530 1354 563 1381 ad
589 1363 663 1382 arma
684 1355 797 1390 iustitia:
816 1355 939 1383 membra

153 1399 277 1432 exhibet,
306 1401 361 1428 Deo
384 1401 504 1436 seipsum
529 1401 650 1428 exhibet.
675 1410 684 1427 1
705 1401 772 1429 Nam
797 1406 938 1436 peccatum

153 1445 232 1473 vobis
250 1454 303 1472 non
332 1446 529 1474 dominabitur.
552 1456 560 1472 ι
586 1446 727 1481 Siquidem
752 1455 786 1474 ne
803 1447 838 1474 sit
860 1447 940 1474 vobis

154 1492 257 1520 bellum
271 1493 374 1527 peccati
386 1493 415 1519 in
429 1493 645 1525 excusationem,
663 1493 799 1520 imbecille
814 1501 889 1520 nunc
898 1497 940 1520 est

983 346 1130 382 ἁμαρτίαν.
1146 347 1178 373 Τί
1194 346 1221 373 δέ
1240 347 1298 373 ἐστι
1318 346 1470 381 βασιλεύειν
1485 347 1513 372 ὲν
1528 347 1594 381 ἡμῖν
1610 346 1660 380 τὴν
1675 347 1794 381 ἁμαρ-

982 393 1059 424 τίανς
1074 393 1110 419 Τὸ
1126 393 1261 420 ἐπιτελεῖν
1273 393 1321 425 τὰς
1337 393 1486 427 ἐπιθυμίας
1500 392 1547 419 τοῦ
1564 392 1698 428 σώματος.
1715 393 1795 419 Πα-

985 439 1146 474 ραμυίέεῖται
1167 438 1195 465 δὲ
1216 439 1313 470 αὐτοὺς
1336 439 1366 465 ὲν
1387 438 1424 473 τῷ
1446 439 1543 471 εἰπεῖν,
1566 447 1576 464 ‹
1599 438 1695 473 Θνητῷ
1719 438 1796 465 σώ-

986 493 1060 519 ματι,
1092 493 1102 510 ι
1128 483 1233 516 δεικνὺς
1256 484 1299 511 ὅτι
1326 484 1493 519 πρόσκαιρος
1519 485 1536 519 ἠ
1562 484 1633 519 πάλη
1660 485 1677 519 ἠ
1702 484 1795 520 πρὸς

986 530 1120 566 ἁμαρτίας
1131 539 1138 545 ·
1153 531 1321 566 πρόσκαιρον
1334 531 1387 566 γὰρ
1400 530 1430 557 τὸ
1443 531 1534 565 σῶμα.
1552 540 1561 556 1
1579 531 1622 557 'Ev
1634 531 1696 562 ταῖς
1710 531 1794 556 ἐπε-

986 576 1096 611 ουμίαις
1121 576 1212 604 αὑτοῦ.
1235 586 1244 603 ι
1265 576 1412 610 Τουτέστι,
1441 576 1488 602 τοῦ
1511 576 1646 610 σώματος.
1666 585 1676 602 1
1697 576 1794 610 Μηδὲ

986 623 1166 658 παριστάνετε
1182 623 1216 649 τὰ
1234 622 1301 658 μέλη
1319 623 1405 658 ὑμῶν.
1425 632 1434 649 ι
1451 621 1524 654 Οἷον,
1540 623 1584 657 Μὴ
1603 622 1791 649 ἁποτελεῖτε.

987 669 1024 696 Τὸ
1038 670 1091 704 γὰρ
1107 669 1187 704 σῶμα
1201 669 1307 703 ἄγεται,
1323 669 1390 696 καθὸ
1404 670 1436 696 ἂν
1450 669 1505 704 ἄγῃ
1519 677 1571 701 τις.
1585 668 1704 696 Δύναται
1719 670 1793 703 γάρ

987 726 1028 748 τις
1042 716 1091 751 τὴν
1106 717 1195 751 χεῖρα.
1211 716 1258 742 καὶ
1272 716 1353 742 ὅπλον
1369 715 1564 750 ἐλεημοσύνης,
1581 715 1626 741 καὶ
1643 715 1793 750 ἁρπαγῆς

987 761 1117 795 ποιῆσαι·
1136 760 1186 794 τὴν
1205 759 1328 793 γλῶσσαν
1346 759 1392 787 καὶ
1411 759 1535 794 εὔφημον
1552 759 1599 786 καὶ
1618 759 1790 794 δύσφημον,

988 807 1034 834 καὶ
1049 806 1133 838 οὕτως
1147 806 1234 833 πάντα
1246 807 1279 833 τὰ
1294 806 1371 842 μέλη.
1390 816 1399 832 1
1411 806 1501 833 ὀπλα
1514 806 1630 838 ἀδικίας.
1649 815 1658 832 ι
1676 806 1792 836 Καλῶς

989 848 1036 888 τὴν
1051 852 1329 891 ἀμαρτίανκάδικίαν
1345 852 1485 880 ἐκάλεσεν.
1496 852 1530 878 Ἣ
1548 852 1602 887 γὰρ
1619 852 1717 878 ἑαυτόν
1733 860 1791 883 τις

990 900 1078 926 ἀδικεῖ
1090 899 1123 925 δι’
1132 898 1228 933 αὐτῆς,
1240 899 1255 934 ἦ
1270 898 1315 924 τὸν
1328 898 1449 933 πλησίον.
1464 908 1472 924 1
1483 898 1564 925 Ἀλλά
1579 898 1790 933 παραστήσατε

990 945 1103 976 ἐαυτοῦς
1120 944 1158 980 τῷ
1175 944 1245 980 Θεῷ.
1268 954 1276 970 ι
1296 944 1369 975 Τέως
1388 945 1420 971 ὲκ
1439 944 1494 971 τῶν
1509 944 1652 979 ὀνομάτων
1667 944 1699 970 τὸ
1716 943 1790 970 διά-

990 1000 1080 1026 φορον.
1104 987 1167 1017 Οἷον
1188 992 1243 1026 γάρ
1267 991 1335 1023 ἐστι,
1361 990 1397 1026 μὴ
1423 990 1598 1026 παραστῆσαι
1624 989 1720 1016 ἑαυτὸν
1744 990 1787 1024 τῇ

991 1037 1113 1072 ἁμαρτίᾳ
1124 1056 1131 1069 ,
1152 1036 1218 1063 ἀλλὰ
1233 1035 1271 1071 τῷ
1285 1035 1344 1071 Θεῷ
1355 1045 1362 1055 ν
1380 1037 1465 1068 οὕτως
1481 1035 1604 1069 ἑαυτοὺς,
1622 1037 1689 1070 φησι
1701 1057 1708 1069 ,
1723 1044 1790 1063 πα-

991 1084 1142 1118 ραστήσατε
1163 1082 1201 1117 τῷ
1223 1081 1300 1117 Θεῷ,
1323 1082 1361 1114 ὡς
1379 1081 1470 1115 ἄξιον,
1493 1082 1534 1109 ὅτι
1557 1082 1791 1117 νενεκρωμένους

990 1129 1062 1164 ὑμᾶς
1079 1129 1137 1159 ταῖς
1154 1128 1238 1154 πάλαι
1255 1128 1414 1163 ἁμαρτίαις,
1431 1128 1516 1163 ἡγουν
1535 1128 1573 1162 τῷ
1591 1128 1643 1154 ὑπὸ
1661 1127 1789 1154 θανάτου

991 1174 1194 1210 βασιλεύεσθαι,
1212 1173 1393 1209 ὲξωοποίησεν
1405 1182 1412 1189 '
1429 1174 1462 1206 ἧ,
1478 1174 1515 1205 ὡς
1533 1173 1605 1201 ἔστιν
1629 1173 1703 1206 ἄξιον
1716 1173 1790 1205 τοὺς

989 1220 1154 1256 τηλικαύτης
1174 1219 1333 1254 εὐεργεσίας
1353 1218 1530 1252 ἀξιωθέντας,
1546 1219 1594 1246 καὶ
1615 1220 1645 1246 ὲκ
1663 1219 1719 1245 τῶν
1735 1227 1790 1245 νε-

989 1266 1064 1301 κρῶν
1085 1266 1132 1292 καὶ
1154 1265 1327 1301 φθοροποιῶν
1346 1265 1440 1292 παθῶν
1462 1263 1708 1300 ἐλευθερωθέντας,
1732 1263 1790 1290 καὶ

991 1313 1094 1346 ζῶντας
1115 1311 1333 1347 ἀποδειχθέντας,
1354 1311 1467 1343 ἑαυτοὺς
1486 1310 1671 1346 παραστῆσαι.
1693 1319 1703 1336 1
1723 1310 1788 1337 Καὶ

990 1360 1023 1386 τὰ
1040 1358 1107 1394 μέλη
1125 1358 1201 1393 ὑμῶν
1214 1357 1294 1384 ὅπλα.
1315 1367 1324 1383 ι
1345 1357 1374 1384 '0
1392 1357 1444 1393 γὰρ
1463 1357 1504 1388 είς
1519 1356 1589 1383 ὅπλα
1604 1356 1790 1391 δικαιοσύνης

990 1406 1024 1432 τὰ
1046 1405 1113 1439 μέλη
1134 1404 1322 1439 παραστήσας,
1343 1404 1381 1439 τῷ
1404 1403 1463 1439 Θεῷ
1485 1403 1581 1430 ἑαυτὸν
1603 1402 1788 1438 παρίστησιν.

994 1461 1003 1478 1
1016 1451 1149 1486 Ἀμαρτία
1166 1450 1220 1486 γὰρ
1238 1450 1314 1485 ὑμῶν
1330 1450 1361 1477 οὺ
1378 1450 1529 1485 κυριεύσει.
1550 1459 1560 1476 ι
1577 1448 1623 1484 Μὴ
1639 1449 1694 1482 γὰρ
1712 1448 1790 1475 ἔστω

992 1498 1055 1533 ὑμῖν
1065 1498 1078 1523 ὁ
1089 1497 1137 1533 τῆς
1151 1496 1287 1532 ἁμαρτίας
1301 1496 1418 1531 πόλεμος
1432 1495 1578 1532 πρόφασις,
1591 1493 1711 1529 ἀσθενής
1724 1494 1790 1520 ἐστι

154 1543 307 1573 peccatum,
331 1539 385 1566 nisi
407 1538 527 1565 ultronei
548 1538 674 1573 nosipsos
695 1539 733 1566 illi
751 1538 940 1574 subjiciamus,

1025 1553 1040 1571 ν
1055 1545 1071 1579 ἡ
1089 1543 1224 1579 ἁμαρτία,
1240 1543 1271 1569 οὐ
1289 1542 1399 1569 δύναται
1417 1541 1564 1578 κυριεύειν,
1581 1541 1627 1567 ἐὰν
1644 1541 1681 1576 μὴ
1700 1540 1790 1575 ἡμεῖς

154 1583 237 1619 280
251 1583 299 1612 sed
311 1588 447 1620 oppugnat
462 1583 583 1619 quidem,
596 1592 691 1612 verum
707 1592 761 1611 non
774 1584 941 1612 dominatur.

154 1629 297 1662 Quomodo
324 1630 416 1664 itaque
450 1630 584 1657 hactenus
607 1630 777 1657 dominatum
800 1630 861 1658 est?
880 1630 943 1665 quia

154 1675 206 1703 sub
230 1675 289 1710 lege
313 1680 389 1702 erant
411 1675 458 1710 qui
486 1676 572 1711 ipsius
596 1675 748 1703 dominium
770 1676 944 1703 sustinebant

156 1725 278 1755 tempore
301 1721 369 1755 legis
390 1730 398 1748 :
420 1729 482 1756 qua:
506 1721 685 1748 denuntiabat
708 1721 818 1756 quidem
838 1720 944 1757 peccati

156 1766 303 1799 actionem,
316 1774 371 1793 nan
394 1771 485 1794 tamen
503 1766 619 1794 addebat
635 1767 708 1794 vires
725 1771 755 1794 ut
769 1767 836 1794 illud
853 1768 946 1795 vince-

156 1815 218 1838 rent
242 1818 274 1838 ac
302 1815 476 1845 superarent.
492 1812 547 1839 Nos
569 1819 636 1839 vero
655 1811 706 1839 sub
722 1813 809 1847 gratia
824 1819 920 1840 sumus
937 1822 943 1840 :

156 1865 218 1893 qua:
233 1864 286 1884 non
304 1858 393 1884 solum
413 1857 458 1885 illa
474 1857 571 1885 suadet
592 1865 623 1885 ac
637 1858 733 1886 statuit
748 1866 809 1893 qure
824 1863 944 1894 oportet,

156 1903 205 1931 sed
218 1907 247 1930 et
264 1903 337 1931 vires
358 1903 435 1931 addit
458 1909 486 1931 et
502 1903 535 1931 ad
557 1904 665 1931 illorum
689 1904 824 1932 actionem
843 1904 945 1932 auxilio

156 1953 198 1977 est
215 1958 222 1977 :
235 1958 286 1978 nec
300 1950 326 1977 id
344 1954 461 1983 tantum,
476 1950 524 1978 sed
539 1954 568 1977 et
580 1954 735 1985 perpetrata
746 1958 760 1977 a
772 1950 853 1978 nobis
865 1954 946 1978 antea

156 2000 268 2030 peccata
281 1996 365 2023 delet.
388 1996 464 2029 Quod
476 2001 519 2023 est
532 2000 623 2024 autem
639 2000 781 2030 peccatum
802 1996 875 2031 quod
891 2004 945 2024 non

157 2041 363 2069 dominabitur?
387 2042 456 2069 lllud
478 2042 608 2069 videlicet
631 2041 704 2076 quod
737 2043 877 2076 praecessit
899 2035 968 2069 ba-~

157 2087 269 2122 ptisma,
281 2092 309 2114 et
328 2095 343 2114 a
359 2087 460 2114 Christi
475 2087 563 2122 gratia
578 2086 696 2114 deletur.
711 2086 769 2113 Hoc
788 2090 880 2113 autem
904 2086 947 2114 lex

157 2133 249 2160 facere
265 2139 320 2159 non
336 2131 438 2167 potuit.
450 2132 511 2159 Non
524 2139 590 2166 ergo
613 2131 693 2164 estis,
707 2131 806 2166 inquit,
824 2131 875 2158 sub
887 2131 946 2166 lege

156 2184 219 2212 qua:
234 2177 354 2204 liberare
371 2183 427 2204 non
447 2179 565 2211 poterat,
587 2175 635 2203 sed
656 2183 753 2210 poenas
775 2176 861 2211 magis
876 2175 946 2204 infe-

158 2222 245 2250 rebat.

193 2269 238 2302 νι,
257 2270 347 2298 15-17.
368 2269 435 2302 Quid
451 2269 538 2304 ergo?
560 2269 723 2304 peccabimus
747 2268 871 2303 quoniam
894 2276 948 2295 non

158 2325 248 2343 sumus
267 2315 313 2343 sub
330 2315 397 2350 lege,
415 2316 461 2342 sed
474 2315 521 2342 sub
541 2316 629 2349 gratia
643 2315 655 2341 .9
671 2315 742 2342 Absit
753 2315 763 2342 ,ν
779 2314 821 2342 An
844 2315 947 2342 nescitis

159 2363 228 2398 quod
251 2362 292 2389 cui
317 2361 440 2389 exhibelis
460 2362 575 2396 vosipsas
599 2369 685 2388 servos
701 2361 736 2388 ad
761 2361 947 2393 obedientiam,

159 2409 217 2442 eius
233 2408 302 2435 servi
317 2408 377 2434 estis
392 2407 433 2434 cui
449 2407 556 2434 obeditis
574 2415 583 2433 :
601 2407 655 2434 sive
666 2407 764 2442 peccati
777 2407 812 2434 ad
827 2411 947 2438 mortem.

158 2454 212 2482 sive
222 2453 374 2480 obedientia:
384 2453 418 2480 ad
426 2453 560 2488 justitiam
571 2453 584 2480 .7
597 2453 692 2481 Gratia
709 2457 797 2487 a_utem
809 2452 863 2479 Deo
880 2453 949 2487 quod

161 2499 241 2526 eratis
256 2499 361 2534 quidem
381 2500 448 2526 servi
463 2499 573 2533 peccati,
592 2499 637 2526 sed
652 2499 775 2526 obedistis
788 2506 820 2525 ea:
832 2499 909 2525 corde
921 2499 949 2524 in

161 2553 220 2572 eam
232 2545 258 2572 in
273 2553 352 2580 quam
365 2545 479 2571 traducti
496 2545 556 2572 estis
574 2545 689 2580 formam
704 2544 842 2571 doctrinm.

196 2590 235 2618 Ne
252 2590 343 2625 segnis
366 2589 411 2617 ﬁat
425 2590 534 2617 auditor
550 2590 593 2617 cui
612 2597 667 2617 non
683 2589 842 2617 dominatur
855 2597 950 2624 pecca-

163 2641 220 2664 tum
233 2644 266 2664 eo
280 2636 353 2672 quod
368 2636 404 2663 sit
416 2636 467 2664 sub
480 2640 639 2671 protegente
648 2636 744 2670 gratia,
757 2635 848 2662 lirmat
862 2635 949 2663 illum.

162 2682 219 2710 Nisi
238 2683 373 2717 nosipsos,
395 2682 493 2716 inquit,
519 2685 632 2716 poet-ato
652 2680 886 2714 inclinaverimus,
901 2689 952 2709 ne-

165 2734 301 2761 quaquam
326 2726 361 2754 ab
385 2726 431 2754 illo
454 2725 607 2760 capiemur.
629 2725 792 2758 Quomodo?
812 2725 882 2760 Quia
896 2735 952 2754 non

165 2779 261 2799 sumus
287 2772 405 2807 amplius
416 2772 468 2799 sub
492 2771 562 2806 lege,
589 2779 650 2806 qua:
677 2776 819 2806 peccatum
840 2773 951 2808 quidem

164 2818 339 2852 prohibebat,
362 2818 410 2845 sed
422 2818 456 2845 ab
471 2825 505 2845 eo
527 2817 644 2845 liberare
667 2825 723 2844 non
750 2822 859 2853 poterat
877 2827 884 2845 ε
904 2819 951 2846 sed

164 2864 216 2891 sub
230 2863 332 2891 Christi
350 2864 447 2899 gratia,
467 2873 528 2905 quae
542 2864 664 2893 remissis
677 2864 815 2900 prioribus
833 2866 951 2899 delictis,

994 1590 1102 1621 ἑκόντες
1128 1587 1392 1622 ὑποκατακλιθῶμεν
1416 1587 1497 1623 αὐτῇ.
1522 1586 1590 1614 ἀλλὰ
1616 1585 1788 1622 προσϐάλλει

996 1636 1056 1672 μὲν,
1074 1636 1105 1662 οὐ
1123 1635 1244 1670 κυριεύει
1261 1634 1301 1661 δέ.
1319 1633 1380 1666 Πῶς
1398 1633 1425 1660 δὲ
1443 1632 1490 1660 οὖν
1505 1632 1647 1668 ἐκυρίευεν
1663 1632 1716 1663 ἓως
1734 1631 1787 1658 τοῦ

995 1681 1057 1714 νῦν;
1071 1681 1130 1718 ’ρτι
1142 1681 1194 1707 ὑπδ
1208 1680 1289 1715 νόμον
1303 1677 1373 1715 ἦσαν
1381 1679 1406 1706 ot
1417 1679 1462 1705 ὑπ’
1476 1679 1560 1714 αὐτῆς
1573 1677 1767 1714 κυριευόμενοι
1780 1685 1788 1692 ·

995 1726 1047 1752 ὒπδ
1070 1725 1161 1760 νόμον,
1183 1724 1212 1755 ὃς
1237 1723 1404 1755 ἅπεθέσπιζε
1429 1723 1478 1758 μὲν
1500 1722 1549 1758 τὴν
1571 1722 1621 1757 τῆς
1646 1721 1791 1756 ἁμαρτίας

996 1769 1106 1804 πρᾶξιν,
1132 1768 1182 1794 οὐκ
1205 1767 1313 1803 ὲνίσχυε
1336 1767 1364 1794 δὲ
1386 1768 1425 1799 εἰς
1447 1766 1477 1793 τδ
1500 1767 1610 1802 κρατεῖν
1630 1767 1715 1800 αὐτῆς
1737 1774 1755 1792 ³⁸
1777 1766 1791 1792 ἰ

996 1812 1193 1850 περιγίνεσθαι.
1209 1813 1304 1848 Ἦμεῑς
1319 1812 1346 1839 δὲ
1364 1812 1415 1839 ὑπὸ
1432 1812 1513 1847 χάριν
1529 1812 1622 1846 ἐσμὲν,
1638 1811 1698 1847 ἥτις
1715 1811 1791 1846 μετὰ

995 1859 1042 1886 τοῦ
1062 1859 1256 1894 συμϐουλεύειν
1272 1858 1320 1885 καὶ
1337 1857 1528 1884 διατάττεσθαι
1549 1856 1567 1883 ἃ
1586 1857 1657 1892 χρὴ,
1675 1856 1722 1882 καὶ
1741 1856 1790 1881 ὲν-

999 1905 1084 1941 ισχύει
1105 1905 1151 1932 καὶ
1171 1905 1297 1939 συνεργεῖ
1318 1904 1357 1934 είς
1374 1904 1424 1938 τὴν
1444 1902 1543 1938 πρᾶξιν
1562 1902 1662 1929 αὐτῶν.
1681 1901 1736 1928 Καὶ
1754 1901 1789 1928 οὐ

996 1952 1076 1978 τοῦτο
1100 1952 1197 1986 μόνον,
1223 1951 1291 1978 ἀλλὰ
1314 1951 1360 1977 καὶ
1380 1951 1429 1981 τὰς
1454 1949 1696 1985 προγεγενημένας
1718 1948 1791 1982 ἡμῖν

999 1996 1134 2032 ἁμαρτίας
1151 1996 1296 2030 ἐξαλείφει.
1307 1996 1376 2022 Ποία
1394 1995 1517 2030 ἁμαρτία
1533 1995 1562 2021 οὺ
1581 1994 1738 2030 κυριεύσει;
1754 1993 1788 2019 'H

997 2043 1051 2078 πρὸ
1067 2042 1112 2069 τοῦ
1132 2042 1319 2076 βαπτίσματος
1336 2041 1476 2077 δηλονότι,
1495 2042 1528 2076 ἢν
1543 2040 1655 2075 ἀφίησιν
1672 2040 1689 2074 ἠ
1704 2039 1790 2074 χάρις

998 2088 1045 2115 τοῦ
1064 2087 1192 2124 Χριστοῦ.
1210 2087 1297 2114 Τοῦτο
1313 2087 1342 2114 δὲ
1359 2088 1372 2112 ό
1390 2087 1472 2120 νόμος
1489 2086 1576 2111 ποιεῖν
1591 2085 1641 2111 οὐκ
1657 2084 1788 2119 ἠδύνατο.

999 2133 1056 2159 Οὐκ
1075 2132 1136 2159 ἐστὲ
1152 2130 1209 2163 οὖν,
1230 2132 1323 2166 φησιν,
1344 2131 1397 2157 ὑπὸ
1416 2131 1498 2165 νόμον
1515 2130 1560 2156 τὸν
1582 2129 1619 2165 μὴ
1637 2128 1789 2164 δυνάμενον

1001 2172 1145 2214 ῥύσασθαι,
1161 2177 1229 2204 ἀλλὰ
1246 2177 1346 2212 μᾶλλον
1361 2175 1577 2211 τιμωρούμενον.

1035 2272 1066 2299 Τί
1083 2269 1165 2303 οὗν;
1185 2268 1397 2304 ἀμαρτήσομεν
1412 2267 1457 2295 ὅτι
1475 2268 1532 2294 οὐκ
1551 2266 1644 2301 ἐσμὲν
1659 2265 1719 2293 ὑπὸ
1738 2265 1791 2292 νό-

996 2327 1064 2353 μον,
1079 2317 1159 2345 ἀλλὰ
1170 2316 1228 2344 ὑπὸ
1242 2315 1329 2350 χάριν
1335 2323 1345 2347 ;
1357 2314 1405 2349 Μὴ
1420 2315 1545 2348 γένοιτο.
1559 2315 1620 2340 οὐκ
1631 2312 1732 2340 cloaca
1744 2312 1791 2338 ὅτι

998 2361 1023 2397 ᾦ
1044 2362 1242 2397 παριστάνετε
1265 2361 1392 2393 ἑαυτοὺς
1414 2360 1545 2393 δούλους
1567 2360 1611 2392 εις
1631 2357 1790 2391 ὑπακοὴν,

999 2407 1104 2434 δοῦλοι
1119 2407 1189 2433 ἐστε
1203 2403 1228 2440 ᾧ
1242 2405 1419 2436 ὑπακούετε,
1435 2404 1501 2438 ἤτοι
1517 2403 1660 2438 ἁμαρτίας
1675 2403 1720 2434 εις
1736 2400 1791 2429 θά-

999 2462 1102 2485 νατον,
1118 2453 1137 2487 ἣ
1152 2451 1292 2486 ὑπακοῆς
1306 2453 1347 2485 είς
1363 2451 1580 2483 δικαιοσύνην;
1596 2448 1685 2482 Χάρις
1699 2447 1734 2474 δὲ
1750 2446 1791 2479 τῷ

1001 2500 1062 2532 Θεῴ
1076 2499 1120 2526 ὅτι
1132 2496 1185 2534 ἦτε
1197 2497 1301 2525 δοῦλοι
1316 2498 1371 2532 τῆς
1384 2497 1538 2532 ἁμαρτίας,
1551 2495 1745 2529 ὑπηκούσατε
1756 2493 1792 2520 δὲ

1000 2547 1035 2573 ὲκ
1048 2545 1173 2580 καρδίας
1188 2546 1231 2578 είς
1247 2545 1284 2572 ὃν
1297 2544 1482 2579 παρεδόθητε
1495 2543 1592 2569 τύπον
1604 2540 1743 2574 διδαχῆς.

1038 2592 1097 2619 ἰνα
1117 2591 1154 2627 μὴ
1176 2591 1296 2626 ῥᾴθυμος
1313 2592 1327 2617 ὸ
1343 2590 1482 2625 ἀκροατὴς
1499 2590 1611 2623 γένηται
1628 2587 1666 2618 ὡς
1685 2587 1722 2622 μὴ
1739 2595 1791 2613 κυ-

1004 2637 1213 2673 ριευθησόμενος
1229 2636 1282 2663 ὑπὸ
1298 2637 1347 2670 τῆς
1366 2635 1504 2670 ἁμαρτίας
1530 2634 1576 2661 διὰ
1593 2634 1624 2660 τὺ
1641 2631 1710 2660 εἶναι
1739 2632 1792 2658 ὑπὸ

1002 2684 1081 2720 χάριν
1105 2685 1155 2718 τὴν
1181 2681 1362 2718 φρουροῦσαν,
1389 2680 1570 2715 ὰσφαλίζεται
1597 2680 1688 2706 αὐτόν.
1717 2678 1791 2711 Ἐὰν,

1003 2730 1095 2764 φησὶν,
1117 2728 1231 2758 ἑαυτοὺς
1257 2726 1294 2762 μὴ
1318 2725 1507 2760 ὑποκλίνωμεν
1529 2726 1561 2760 τῇ
1587 2723 1720 2759 ἁμαρτίᾳ,
1742 2723 1792 2758 οὐχ

1003 2773 1179 2809 ἀλισκόμεθα.
1203 2771 1281 2804 Πῶς;
1304 2772 1365 2798 ὀτι
1391 2771 1441 2798 οὐκ
1465 2770 1549 2805 ἐσμὲν
1569 2770 1621 2796 ὑπὸ
1642 2769 1689 2796 τὸν
1709 2768 1791 2802 νόμον

1003 2821 1043 2847 ἐτι
1063 2820 1108 2846 τὸν
1132 2818 1338 2854 ἀπαγορεύοντα
1362 2817 1412 2852 μὲν
1425 2817 1474 2852 τὴν
1496 2816 1644 2851 ἁμαρτίαν,
1657 2813 1790 2850 ῥύσασθαι

1004 2866 1031 2893 δὲ
1051 2865 1089 2901 μὴ
1105 2864 1268 2900 δυνάμενον·
1286 2863 1343 2890 ἀλλ’
1358 2863 1410 2890 ὑπὸ
1426 2863 1475 2898 τὴν
1490 2862 1570 2898 χάριν
1586 2860 1705 2897 Χριστοῦ
1716 2881 1723 2895 ,
1741 2860 1788 2896 τὴν
