1878 3054
65 178 118 206 Ml

601 180 850 212 COMMENI'.1N
866 181 986 211 EPIST.
1008 182 1057 211 AD
1076 181 1166 212 ROM.

1645 184 1697 216 ΗΞ

66 237 118 261 καὶ
133 236 184 267 τὰς
199 237 401 272 προγενομένας
420 237 556 274 ἁμαρτίας
573 240 697 274 ἀφεῖσαν,
715 240 760 267 καὶ
776 241 816 272 είς
829 240 860 266 τὸ

964 239 1088 267 futurum
1105 241 1188 268 etiam
1202 242 1332 275 custodit,
1354 242 1406 270 nisi
1424 235 1472 269 n‘os
1485 249 1582 277 segnes
1598 242 1698 271 cilicia-

68 281 170 315 μέλλον
189 282 374 317 φρουροῦἱιαν,
389 283 436 310 ἐὰν
450 284 531 318 ἡμεῖς
549 285 586 320 μὴ
602 286 815 321 ρᾳθυμήσωμεν.
825 300 860 305 -

70 325 179 362 [ΦΩΤ]
191 337 199 352 ι
219 327 276 354 οὐκ
289 328 378 355 οἴδατε
391 329 431 355 δτι
445 325 467 363 ᾧ
482 330 662 366 παριστάνετε
676 330 816 362 ἑαυτούς.»
830 328 865 367 ᾯ

68 373 236 408 πράγματος
252 374 297 400 διὰ
313 376 362 409 τῆς
380 375 501 411 ὑπακοῆς
519 377 628 409 δούλους
660 378 772 409 ἑαυτοὺς
793 387 863 413 παρ-

68 419 209 452 ιστάνετε,
220 421 356 452 τουτέστι,
371 423 483 454 ποιεῖτε,
496 422 679 456 ἀποδείκνυτε,
688 424 862 458 παρασκευά-
873 424 878 429 ”

69 464 149 496 ζετε,
170 465 259 501 τούτῳ
293 467 340 493 καὶ
360 467 401 498 εἰς
430 467 460 493 τδ
480 467 543 503 ἑξῆς
561 467 646 495 δοῦλοι
669 469 864 504 χρηματίσετε,

69 509 124 544 τῆς
139 511 264 537 ἑκουσίου
280 511 357 546 ὑμῶν
371 512 506 548 ὑπακοῆς,
520 513 573 548 τὴν
585 514 707 540 δουλείαν
721 522 864 550 παρασχο-

74 555 174 589 μένης,
191 556 250 590 ἦτοι
268 557 318 591 τῆς
337 558 383 583 ἐπὶ
401 557 516 584 θάνατον
535 558 656 595 ἀγούσης
677 560 827 595 ἁμαρτίας,
848 560 864 595 ἢ

73 599 127 632 τῆς
158 599 196 631 ὡς
225 600 334 636 ἀληθῶς
369 603 506 638 ὑπακοῆς,
538 603 587 638 τῆς
621 605 660 636 είς
692 604 865 640 δικαιοσύνην

74 646 312 682 χειραγωγούσης.
326 648 360 673 Ἦ
381 648 421 680 τὺ,
442 645 477 683 ᾯ
497 649 660 682 ὑπακούετε,
681 651 784 685 μᾶλλον
806 651 866 678 ἀντὶ

73 690 140 721 τοῦ.
157 691 186 717 ἐν
199 688 222 725 ᾧ
234 693 280 718 καὶ
296 693 356 719 καθ’
370 693 400 719 ὃν
415 694 515 728 τρόπον
526 715 534 726 ,
548 692 604 722 οἷον
619 695 660 722 ὅτι
674 696 702 722 ἐν
717 697 804 730 τούτῳ
820 698 867 724 καὶ

78 736 153 763 κατὰ
168 736 264 763 τοῦτον
279 737 325 764 τὸν
338 739 440 774 τρόπον
455 739 543 766 δοῦλοί
557 740 618 767 ἐστε
634 740 649 776 ἢ
664 741 714 776 τῆς
727 741 866 778 ἁμαρτίας

77 781 94 816 ἦ
109 782 162 816 τῆς
178 782 361 818 δικαιοσύνης,
385 785 453 811 καθὸ
469 786 515 812 καὶ
528 786 558 813 ὲν
574 782 704 822 ᾢθατίρα
712 787 802 814 αὐτῶν
817 788 867 814 ὺπ-

77 827 207 854 ακούετε.
217 828 276 855 Ἰνα
289 830 344 864 γὰρ
358 830 395 864 μή
408 839 449 862 τις
463 831 528 867 εἴπῃ
537 840 544 847 ·
556 832 617 864 Πῶς
625 832 683 860 εστι
699 833 792 860 δοῦλον
806 834 868 860 τού-

77 881 133 899 των
144 874 285 908 γενέσθαι;
293 875 337 901 τὸν
345 876 446 910 τρόπον
454 877 571 913 τίθησιν·
586 887 595 904 t
608 875 643 914 Ὦ
651 881 841 914 παριστάνετε.
855 890 864 907 t

115 919 155 946 οὐ
173 920 257 954 λέγω,
274 922 350 956 φησι,
367 922 416 957 τὴν
430 923 553 957 γέενναν,
570 925 630 951 οὐδὲ
647 925 681 952 τὰ
695 926 754 952 ἐκεῖ
763 926 868 961 δεσμω-
884 917 904 944 Β

81 965 177 1000 τήρια.
193 966 268 1001 Αὐτὴ
281 968 297 1002 ἠ
312 968 426 1003 αἰσχύνη
443 970 492 1005 οὐχ
507 971 585 1006 ἱκανὴ
597 971 769 1007 ἀναχαιτίσαι
786 973 868 1008 ὑμᾶς,

78 1011 121 1037 ὁτι
147 1012 346 1039 καταδουλοῦτε
367 1015 482 1046 ἑαυτοὺς
509 1017 540 1051 τῇ
563 1017 695 1052 ἁμαρτίᾳ,
718 1017 775 1048 dub,
801 1019 870 1054 Χρι-

82 1056 147 1083 στοῦ
161 1057 403 1093 ὲ).ευοερωθέντες;
423 1070 432 1085 ι
448 1061 541 1087 Δοῦλοι
561 1062 633 1089 ἐστε.
650 1070 659 1088 ι
675 1062 808 1097 Ἐκεὶνου,
820 1073 872 1100 φη-

83 1103 143 1133 σὶν,
175 1104 236 1130 ἐστὲ
267 1105 316 1130 τοῦ
344 1106 506 1140 πράγματος
531 1107 619 1134 δοῦλοι
644 1104 666 1142 ᾧ
707 1109 870 1136 ὑπακούετε.

86 1156 95 1172 ι
110 1148 190 1174 Ἤτοι
203 1149 339 1185 ἁμαρτίας
351 1151 390 1181 είς
405 1150 529 1179 θάνατον.
548 1162 557 1178 ι
573 1154 650 1180 Ἤτοι
664 1154 714 1188 τῆς
736 1155 776 1185 είς
792 1154 874 1182 θάνα-

82 1201 129 1219 τον
151 1193 274 1229 ἀγούσης
290 1195 436 1230 ἁμαρτίας,
456 1198 549 1232 φησὶν,
565 1198 582 1233 ἦ
609 1199 660 1233 τῆς
684 1199 808 1234 ὑπακοῆς
825 1200 872 1226 τοῦ

83 1239 151 1267 Θεοῦ
164 1241 214 1276 τῆς
226 1243 265 1273 είς
280 1242 450 1277 δικαιοσύνην
460 1243 658 1278 ἀγούσης-’Λπὺ
670 1244 785 1278 “tvm-1,1
801 1245 868 1271 Δοῦ-

86 1287 226 1314 λοίὲοτε.»
238 1298 286 1314 -ι
298 1289 383 1324 Χάρις
398 1289 426 1315 δὲ
434 1289 471 1324 τῷ
487 1289 571 1324 Θεῷ.»
591 1290 713 1326 Φοὸήσας
730 1291 826 1322 αὐτοὺς
840 1292 872 1327 τῇ

84 1332 197 1368 δουλείᾳ
216 1333 265 1368 τῆς
290 1334 428 1369 ἁμαρτίας
445 1335 491 1362 καὶ
512 1335 551 1370 τῷ
575 1337 607 1362 ἐκ
629 1336 732 1371 ταύτης
755 1337 872 1372 θανάτῳ,

85 1378 142 1405 τῶν
158 1379 324 1414 εὐεργεσιῶν
348 1380 554 1416 ὑπομιμνήσκει
576 1381 624 1408 τοῦ
647 1381 724 1416 Θεοῦ,
743 1391 874 1418 παραμυ-

87 1424 277 1460 θοὺμενύς-τε
297 1426 406 1458 αὐτοὺς,
437 1427 485 1454 καὶ
507 1427 613 1458 δεικνὺς
635 1427 817 1464 εὐκολώτερον
845 1429 876 1455 τὸ

91 1470 190 1505 μέλλον
208 1470 276 1505 πρὸς
301 1472 448 1507 σωτηρίαν.
465 1482 475 1498 ‹
492 1472 682 1508 ’Υπηκούσατε
699 1473 728 1500 δὲ
753 1475 785 1500 ὲκ
809 1482 877 1508 καρ-

87 1516 158 1548 δίας.
175 1525 186 1542 ι
212 1516 346 1550 Μηδενὸς,
360 1518 438 1551 φησι,
465 1516 642 1552 βιασαμένου,
665 1518 732 1554 μηδι
755 1519 877 1553 ἀναγκά-

89 1570 196 1593 σαντος,
213 1561 298 1589 Τοῦτο
312 1562 340 1588 δὲ
362 1563 409 1589 καὶ
435 1563 572 1598 ἐγκώμιόν
595 1565 670 1590 ἐστιν
686 1564 786 1591 αὐτῶν.
806 1574 815 1590 ι
828 1564 859 1591 Et

87 1607 118 1635 ὃν
135 1607 313 1644 παρεδόθητε.
331 1617 340 1634 ι
360 1605 427 1635 Εἶτα
442 1609 536 1643 ἐπειδὴ
552 1606 628 1636 εἶπεν
649 1609 812 1644 αὐθαίρετον
826 1609 876 1635 αὐ-

88 1654 144 1681 τῶν
158 1652 230 1681 εἶναι
246 1654 295 1689 τὴν
317 1653 482 1690 προθυμίαν,
498 1654 591 1681 λοιπὸν
611 1654 685 1688 λέγει
703 1655 751 1682 καὶ
765 1654 814 1690 τὴν
829 1653 875 1681 τοῦ

89 1699 158 1726 Θεοῦ
184 1699 319 1736 βοήθειαν.
343 1700 442 1735 Ὑμεῖς
469 1701 517 1735 μὲν
542 1701 614 1734 γὰρ,
641 1700 744 1735 φησιν,
768 1700 878 1731 ἑκόντες

91 1746 277 1781 ὑπηκούσατε,
303 1748 317 1773 ὁ
329 1745 358 1773 δὲ
371 1746 437 1778 Θεὸς
458 1747 529 1781 ὑμᾶς
555 1747 596 1777 είς
614 1746 660 1772 τὸν
674 1745 760 1773 τύπον
783 1746 878 1773 τοῦτον

90 1793 140 1827 τῆς
154 1792 266 1828 διδαχῆς
281 1792 435 1828 παρέδωκε.
454 1793 548 1826 Ποῖονς
562 1792 598 1819 Τὸ
608 1791 696 1828 ὀρθῶς
712 1792 761 1828 ζῇν
776 1792 878 1819 ἐθέλειν

91 1838 139 1865 καὶ
161 1838 294 1872 ὑγιαίνειν
332 1839 397 1874 περὶ
422 1839 458 1865 τὰ
482 1839 615 1874 δόγματα.
638 1839 729 1865 Τύπον
755 1838 783 1865 δέ
812 1847 878 1875 φησι

90 1882 222 1917 διδαχῆς,
238 1880 294 1910 οἷον
310 1883 372 1918 ὅρον
387 1883 434 1911 καὶ
451 1884 560 1911 κανόνα.

127 1929 396 1963 Ἐλευθερωθέντες
410 1930 444 1957 δὲ
465 1930 525 1958 ἀπὸ
548 1929 602 1965 τῆς
620 1931 775 1966 ἁμαρτίας,
794 1931 880 1958 ἐδουδ

91 1974 206 2007 λώθητε
217 1973 254 2009 τῇ
265 1974 443 2009 δικαιοσύνῃ
455 1983 461 1989 ·
473 1975 660 2009 ἀνθρώπινον
671 1975 750 2010 λέγω
761 1975 810 2003 διὰ
824 1976 881 2010 τὴν·

93 2021 258 2048 ἀσθένειαν
273 2021 328 2055 τῆς
350 2021 463 2056 σαρκὸς
482 2020 575 2056 ὑμῶν.
600 2022 712 2056 Ὥσπερ
731 2022 785 2056 γὰρ
805 2028 877 2055 παρ-

93 2067 247 2101 εστήσατε
263 2067 299 2094 τὰ
308 2067 385 2102 μέλη
397 2066 481 2102 ὑμῶν
492 2066 588 2094 δοῦλα
598 2066 635 2102 τῇ
649 2067 818 2102 ἀκαθαρσίᾳ
833 2067 882 2095 καί

94 2113 130 2148 τῆ
148 2113 259 2148 ἀνομίᾳ
281 2114 325 2146 είς
349 2113 406 2146 τὴν
425 2113 563 2147 ἀνομίαν,
585 2112 680 2145 οὕτως
705 2112 764 2139 νῦν
787 2120 882 2147 παρα-

94 2159 230 2192 στήσατε
241 2160 276 2185 τὰ
293 2158 371 2192 μέλη
391 2158 473 2193 ὑμῶν
489 2158 585 2185 δοῦλα
599 2157 636 2192 τῇ
649 2157 824 2192 δικαιοσύνῃ
840 2160 884 2191 είς

94 2203 254 2237 ἁγιασμόν.
277 2204 346 2229 Ὅτε
372 2204 425 2237 γὰρ
446 2202 552 2230 δοῦλοι
572 2200 625 2237 ἦτε
649 2202 704 2236 τῆς
729 2203 882 2237 ἁμαρτίας,

94 2250 247 2283 ἐλεύθεροι
261 2247 314 2284 ἦτε·
335 2248 372 2283 τῇ
387 2249 576 2283 δικαιοσύνῃ.
600 2248 670 2275 Τίνα
689 2246 746 2276 οὖν
767 2249 884 2282 καρπὸν
897 2253 923 2282 1)
935 2237 1004 2284 έηίω

95 2297 192 2330 silete
215 2296 292 2328 τότε,
312 2295 358 2330 ἐφ’
375 2293 420 2328 οἷς
436 2295 494 2322 νῦν
511 2294 751 2332 ἐπαισχύνεσθε;
771 2294 806 2321 Τὸ
829 2294 884 2328 γὰρ

95 2342 183 2374 τέλος
199 2341 324 2367 ἐκείνων
339 2340 478 2372 θάνατος.
495 2341 570 2367 Νυνὶ
590 2339 885 2374 δὲ·ὲλευθερωθέντες

96 2386 156 2414 ἀπὸ
184 2385 241 2420 τῆς
265 2386 419 2421 ἁμαρτίας,
449 2385 651 2417 δουλωθέντες
679 2384 714 2411 δὲ
743 2383 784 2416 τῷ
807 2382 884 2416 Θεῷ,

97 2431 181 2465 ἔχετε
202 2432 256 2458 τὸν
282 2431 398 2465 καρπὸν
426 2430 510 2465 ὑμῶν
527 2432 571 2463 εις
597 2429 760 2464 ἁγιασμόν,
786 2430 820 2456 τὸ
851 2429 886 2455 δὲ

97 2479 184 2511 τέλος
209 2476 286 2511 ζωὴν
301 2477 433 2504 «libr-tor.
457 2477 496 2503 Τὰ
516 2477 571 2512 γὰρ
587 2475 702 2510 ὀψώνια
718 2474 774 2509 τῆς
794 2476 886 2510 ἀμαρ-

99 2525 163 2557 τίας
187 2523 335 2557 θάνατος·
361 2523 394 2550 τὸ
425 2523 464 2554 δὲ,
477 2522 609 2557 χάρισμα
637 2522 690 2548 τοῦ
721 2521 811 2553 Θεοῦ,
830 2520 886 2555 ζωὴ

99 2571 233 2603 αἰώνιος,
256 2571 291 2597 ἐν
313 2569 430 2604 Χριστῷ
456 2568 558 2603 Ἰησοῦ
575 2568 616 2600 τῷ
629 2568 725 2601 Κυρίῳ
739 2566 833 2602 ἡμῶν.

136 2617 173 2642 Οὐ
194 2617 274 2651 μόνον
302 2616 367 2651 γὰρ,
386 2615 480 2650 φησιν,
498 2616 512 2641 ὁ
533 2614 599 2646 Θεὸς
618 2613 804 2649 ἠλευθέρωσεν
817 2613 888 2648 ὑμᾶς

102 2662 150 2697 τῆς
173 2662 323 2697 ἁμαρτίας,
342 2661 411 2688 ἀλλὰ
436 2661 484 2688 καὶ
511 2660 643 2687 ὲδούλωσε
668 2661 702 2694 τῇ
719 2658 887 2694 δικαιοσύνῃ.

101 2706 258 2742 -[ΦΩΤ.]ι
274 2706 456 2742 Ἀνθρὼπινον
467 2706 550 2740 λέγω.
577 2715 586 2731 ι
607 2704 789 2740 Ἀνθρὼπινον
806 2704 888 2738 λέγω,

103 2754 178 2788 φησι,
189 2753 230 2785 τὺ,
246 2753 438 2785 Ἐδουλώθητε,
452 2753 482 2779 οὑ
500 2751 555 2787 γάρ
572 2753 631 2778 ἐστι
647 2750 725 2778 τοῦτο
741 2749 812 2776 κατὰ
822 2750 890 2784 ἁλή-

104 2799 177 2824 θειαν
189 2798 299 2825 δουλεία
311 2798 341 2824 τδ
356 2798 427 2825 κατὰ
437 2797 486 2832 τὴν
497 2795 673 2831 δικαιοσύνην
687 2794 887 2821 πολιτεύεσθαι·

105 2844 171 2870 ἀλλὰ
185 2844 266 2871 τοῦτο
286 2845 302 2879 ή
322 2843 426 2879 ἀληθὴς
451 2842 590 2877 ἐλευθερία
605 2843 652 2869 καὶ
671 2839 838 2875 εὐδαιμονία.
857 2840 890 2866 Τί

105 2890 149 2919 οὖν
160 2891 253 2923 καλεῖς
275 2890 360 2925 αὐτὴν
381 2889 512 2925 δουλείαν,
530 2890 554 2916 εἰ
572 2889 610 2924 μὴ
625 2887 682 2915 ἐστι
699 2886 825 2920 δουλεία;
841 2884 891 2912 Διὰ

915 293 986 312 mur.
1004 295 1013 311 ι
1033 286 1074 313 An
1090 286 1203 313 nescitis
1223 287 1296 321 quod
1312 287 1357 315 cui
1375 287 1511 314 exhibctis
1535 287 1665 322 vosipsos.
1685 297 1695 314 ι

913 331 964 359 Cui
976 331 1014 359 rei
1032 339 1081 366 per
1093 331 1280 359 obedientiam
1299 332 1423 367 vosipsos
1437 339 1531 359 servos
1551 332 1698 364 exbibetis,

914 378 967 405 hoc
980 382 1023 406 est
1039 378 1138 412 facilis,
1158 378 1366 411 demonstratis,
1383 378 1499 406 redditis
1517 387 1523 405 :
1537 379 1602 406 huic
1616 379 1698 406 etiam

915 423 942 450 in
958 429 1099 458 posterum
1113 432 1162 452 vos
1174 432 1268 452 servos
1282 425 1421 457 statuetis,
1436 424 1590 451 voluntaria
1602 431 1700 458 nempe

915 469 1047 497 servitute
1061 470 1096 497 ab
1113 470 1271 498 obedientia
1288 470 1407 504 praestita
1422 470 1497 497 :sivc
1513 469 1547 496 sit
1559 475 1700 504 peccatum

915 516 988 550 quod
1007 516 1083 544 ducit
1098 516 1132 544 ad
1145 523 1271 550 mortem,
1288 517 1345 544 sive
1365 525 1396 543 ea
1411 524 1471 551 quae
1489 523 1552 543 vere
1567 515 1701 542 obedien-

915 562 953 588 tia
978 566 1032 595 est,
1060 567 1088 590 et
1110 563 1142 590 ad
1155 563 1290 598 justitiam
1315 563 1484 590 manuducit.
1508 565 1561 588 Aut
1582 561 1699 596 potius:

915 607 965 634 Cui
985 609 1131 640 exhibetis,
1148 609 1200 636 hoc
1209 614 1261 641 est,
1283 608 1309 635 in
1327 616 1382 643 quo
1401 613 1428 635 et
1452 606 1602 635 secundum
1618 612 1699 640 quem

916 652 1028 679 modum
1047 657 1112 687 puta
1127 653 1200 688 quod
1225 653 1251 680 in
1268 653 1321 679 hoc
1340 657 1367 680 et
1387 651 1537 680 secundum
1557 651 1630 678 hunc
1643 657 1702 676 mo-

916 697 981 725 dum
996 698 1069 725 servi
1084 698 1152 725 estis
1167 697 1209 725 vel
1225 697 1327 732 peccati
1351 697 1391 724 vel
1414 697 1538 732 justitire,
1550 695 1701 723 secundum

916 753 998 780 quem
1023 750 1051 772 et
1075 745 1102 775 in
1123 751 1178 779 quo
1193 743 1272 770 alteri
1300 743 1409 770 illorum
1432 742 1560 769 obcditis.
1582 741 1621 769 Nc
1640 741 1703 775 quis

916 791 989 820 enim
1006 791 1081 819 dicat
1095 799 1103 818 :
1123 790 1266 824 Quomodo
1281 794 1371 825 potest
1382 788 1518 824 quispiam
1530 788 1628 814 horum
1644 786 1702 813 fieri

917 838 1032 865 servus?
1047 837 1158 865 modum
1176 837 1255 872 281
1269 836 1346 872 ponit
1361 835 1456 863 dicens
1471 844 1478 860 τ
1496 843 1507 860 ς
1524 833 1575 861 Cui
1587 832 1703 860 exhibe-

919 884 963 911 tis.
982 893 991 910 ι

956 941 1015 968 Non
1032 940 1104 973 dico,
1129 941 1228 976 inquit,
1245 940 1408 976 gehennam,
1431 945 1520 973 neque
1540 937 1705 964 exsistenles

923 987 959 1015 ibi
976 995 1121 1020 carceres;
1139 995 1172 1014 an
1190 995 1244 1013 non
1262 986 1350 1021 pudor
1375 986 1432 1020 ipse
1452 983 1590 1012 Sufﬁciens
1602 986 1643 1009 est
1658 982 1705 1016 qui

922 1040 972 1059 vos
985 1031 1117 1064 refrenet,
1129 1031 1202 1066 quod
1216 1031 1339 1066 vosipsos
1356 1030 1382 1057 in
1399 1030 1559 1057 servitutem
1574 1027 1624 1054 sub
1640 1033 1705 1061 pec-

923 1083 985 1105 cato
1004 1077 1138 1112 redigitis,
1155 1085 1217 1104 cum
1228 1077 1278 1103 sub
1291 1075 1401 1103 Christo
1413 1074 1532 1102 libertati
1549 1073 1609 1100 sitis
1626 1071 1706 1098 resti-

923 1124 995 1152 tuti?
1017 1133 1025 1149 ι
1045 1123 1111 1158 Ejus
1130 1123 1201 1150 servi
1220 1123 1296 1150 estis.
1318 1131 1326 1147 ι
1342 1122 1427 1153 illius,
1452 1120 1551 1155 inquit,
1577 1119 1615 1146 rei
1633 1118 1705 1145 servi

923 1169 989 1197 estis
1015 1169 1060 1196 cui
1080 1168 1211 1196 obeditis.
1243 1177 1252 1193 ι
1275 1167 1337 1194 Sive
1355 1166 1461 1201 peccati
1484 1165 1518 1192 ad
1541 1168 1668 1191 mortem.
1693 1173 1702 1189 ι

924 1214 987 1242 Sive
999 1214 1103 1249 peccati
1121 1214 1194 1248 quod
1210 1212 1285 1240 ducit
1304 1212 1337 1238 ad
1355 1216 1481 1243 mortem,
1498 1211 1555 1237 sive
1572 1209 1707 1236 obedien-

925 1261 969 1289 tite
987 1268 1050 1296 erga
1063 1261 1149 1289 Deum
1175 1267 1236 1295 qua:
1256 1259 1332 1287 ducit
1351 1259 1384 1287 ad
1403 1259 1547 1293 justitiam.
1568 1266 1576 1282 ι
1592 1257 1706 1291 Repete,

925 1307 1002 1335 Servi
1027 1307 1103 1334 estis.
1138 1316 1147 1332 ι
1168 1305 1261 1333 Gratia
1283 1311 1374 1332 autem
1391 1305 1456 1332 Deo.
1481 1314 1489 1330 ι
1512 1304 1625 1331 lncusso
1645 1301 1709 1328 illis

925 1358 1032 1381 terrore
1049 1360 1098 1387 per
1114 1352 1276 1379 servitutem
1293 1351 1397 1386 peccati
1413 1358 1445 1378 ac
1465 1353 1580 1376 mortem
1597 1355 1656 1383 qua
1674 1355 1709 1374 ex

925 1398 977 1425 hac
989 1397 1123 1433 procedit,
1141 1397 1188 1424 Dei
1201 1397 1330 1432 [suggerit
1351 1395 1483 1423 beneﬁcia
1497 1403 1503 1421 :
1519 1399 1546 1421 et
1563 1394 1624 1420 illos
1642 1400 1709 1420 con-

926 1444 1052 1475 solando,
1074 1447 1102 1472 et
1133 1443 1293 1471 facilitatem
1323 1441 1494 1470 ostendendo
1518 1440 1551 1467 ad
1583 1439 1710 1466 salutem.

931 1500 940 1517 ι
958 1491 1011 1518 Sed
1026 1491 1159 1518 obedistis
1171 1498 1203 1517 ex
1216 1489 1308 1517 corde.
1324 1481 1336 1514 ἰ
1354 1488 1444 1518 Nullo,
1457 1487 1557 1521 inquit,
1570 1487 1626 1513 vim
1643 1484 1711 1511 infe-

928 1540 1007 1563 rente
1023 1539 1070 1562 aut
1087 1539 1211 1570 cogente.
1235 1535 1293 1561 Hoc
1311 1541 1377 1560 vero
1397 1532 1508 1559 illorum
1529 1531 1612 1558 etiam
1629 1537 1712 1557 enco-

862 1574 875 1596 ς
889 1582 911 1611 C
927 1583 1012 1609 mium
1031 1585 1082 1609 cst.
1102 1590 1111 1607 (
1130 1581 1160 1608 In
1173 1588 1254 1615 quam
1278 1580 1397 1607 traducti
1415 1579 1492 1606 estis.
1511 1588 1520 1604 ›
1543 1577 1648 1604 Deinde
1664 1575 1712 1602 ubi

927 1629 1042 1656 dixisset
1053 1624 1229 1663 spontaneam
1240 1627 1323 1654 fuisse
1335 1627 1441 1653 illorum
1454 1623 1712 1660 promptitudinem,

927 1678 1128 1709 consequenter
1137 1673 1184 1700 Dei
1198 1680 1307 1708 quoque
1323 1672 1399 1706 ponit
1409 1671 1553 1698 auxilium.
1570 1667 1712 1703 Siquidem

928 1726 986 1751 vos,
1009 1718 1108 1754 inquit,
1128 1717 1275 1745 voluntarii
1292 1717 1436 1748 obedistis,
1463 1716 1536 1742 Deus
1558 1719 1648 1741 autem
1666 1719 1715 1739 vos

928 1765 956 1792 in
966 1765 1037 1792 hanc
1052 1765 1184 1792 doctrina:
1201 1764 1316 1791 formam
1331 1762 1454 1790 tradidit.
1473 1761 1559 1794 Quam
1572 1760 1583 1787 ‘t
1598 1764 1628 1786 ut
1640 1763 1714 1786 recte

929 1819 960 1838 ac
979 1818 1043 1838 sane
1060 1811 1131 1838 circa
1142 1810 1244 1838 Christi
1263 1810 1390 1845 dogmata
1404 1809 1496 1836 vivere
1513 1806 1639 1842 cupiatis.
1651 1805 1716 1831 For-

929 1865 1001 1884 mam
1018 1861 1108 1885 autem
1125 1857 1255 1884 doctrinae
1272 1857 1338 1884 dicit
1356 1855 1504 1883 terminum
1518 1861 1549 1881 ac
1563 1851 1694 1887 regulam.

966 1959 1011 1992 Vl,
1035 1960 1127 1987 18-25.
1148 1959 1278 1987 σωιετιιηι
1291 1957 1367 1985 liberi
1380 1957 1446 1991 {acti
1469 1964 1486 1982 a
1505 1958 1623 1989 peccato.
1647 1951 1716 1980 servi

931 2007 997 2041 facti
1010 2007 1072 2033 estis
1086 2006 1136 2039 ipsi
1151 2005 1266 2040 justitiae
1285 2005 1424 2031 .‘lmmano
1447 2010 1518 2029 more
1542 2001 1635 2035 loquar
1654 2006 1716 2032 pro-

930 2059 988 2088 pter
1010 2053 1192 2087 inﬁrmitatem
1207 2051 1297 2078 carnis
1312 2055 1412 2077 vestrm.
1432 2048 1505 2076 Sicut
1522 2048 1590 2074 enim
1603 2045 1718 2073 exhibui-

932 2100 980 2126 stis
997 2099 1113 2126 membra
1128 2102 1226 2130 vestra,
1238 2097 1377 2124 servientia
1393 2095 1568 2122 immundititz
1582 2097 1606 2120 et
1619 2092 1719 2127 iniqui-

935 2146 984 2172 tati
997 2145 1031 2171 ad
1044 2145 1209 2179 iniquitatem
1223 2152 1231 2170 :
1245 2144 1365 2178 itanunc
1378 2142 1493 2169 exhibete
1507 2139 1622 2167 membra
1633 2143 1719 2164 vestra

935 2191 1076 2218 servientia
1102 2190 1153 2223 ipsi
1174 2190 1289 2224 justitite
1311 2188 1344 2214 ad
1370 2186 1618 2220 saneti/icatianem.
1652 2182 1719 2210 Cum

1027 2235 1094 2262 servi
1108 2235 1200 2262 essetis
1215 2234 1326 2268 peccati,
1337 2233 1412 2259 liberi
1426 2232 1508 2258 eratis
1522 2230 1573 2264 ipsi
1594 2229 1718 2263 justitire.

939 2282 1021 2314 Quem
1038 2282 1118 2316 igitur
1133 2281 1248 2315 fructum
1262 2279 1397 2306 habebatis
1411 2283 1471 2304 tunc
1491 2277 1518 2303 in
1531 2277 1570 2303 his
1582 2275 1614 2302 de
1627 2275 1720 2310 quibus

939 2335 1008 2354 nunc
1033 2326 1186 2353 erubescitis
1199 2326 1212 2352 ?
1232 2324 1304 2351 Nam
1320 2324 1382 2359 ﬁnis
1406 2323 1513 2350 illorum
1533 2330 1614 2349 mars.
1642 2320 1721 2347 Nune

938 2382 998 2401 vero
1017 2373 1093 2400 liberi
1108 2381 1123 2399 a
1136 2377 1251 2407 peccato,
1265 2372 1331 2398 serti
1353 2375 1439 2397 autem
1460 2369 1525 2404 farti
1537 2368 1602 2399 Deo,
1621 2367 1720 2394 habetis

939 2422 1057 2457 fructum
1069 2425 1181 2447 vestrum
1197 2419 1223 2445 in
1238 2417 1489 2452 sanctiﬁcationem,
1510 2415 1588 2450 finem
1607 2422 1666 2441 vero
1683 2413 1722 2439 ui-

941 2474 996 2496 tam
1012 2472 1149 2495 aeternam.
1167 2464 1305 2498 Stipendia
1322 2463 1389 2490 enim
1406 2462 1506 2497 peccati
1520 2469 1590 2488 mors
1603 2467 1612 2486 :
1624 2460 1726 2485 donum‘

942 2520 1029 2542 autem
1046 2513 1106 2544 Dei,
1124 2515 1178 2540 vita
1191 2517 1302 2544 wternu,
1315 2518 1360 2544 per
1375 2509 1510 2537 Christum
1523 2506 1614 2534 luunt
1633 2506 1722 2532 Domi-

941 2570 1001 2589 num
1021 2566 1151 2588 nostrum.

976 2607 1036 2634 Non
1049 2606 1137 2633 solum
1149 2605 1232 2635 Deus,
1248 2602 1349 2637 inquit,
1363 2600 1490 2628 liberavit
1504 2606 1553 2626 vos
1570 2606 1584 2625 a
1601 2601 1723 2632 peccato,

942 2653 988 2681 sed
1009 2657 1036 2680 et
1049 2651 1162 2687 iustitia:
1182 2649 1314 2677 subdidit.
1331 2657 1340 2673 ι
1355 2647 1480 2675 Humano
1492 2652 1568 2672 more
1587 2643 1695 2676 loquor.
1712 2649 1721 2666 ›

942 2685 1078 2729 Humano,
1097 2697 1196 2731 inquit,
1216 2703 1292 2722 more
1305 2695 1416 2728 loquor,
1434 2687 1634 2719 dicens:Servi
1661 2685 1725 2713 facti

943 2745 1019 2777 estis,
1041 2750 1130 2778 neque
1149 2741 1223 2769 enim
1240 2740 1266 2767 id
1281 2740 1360 2775 juxta
1383 2738 1423 2765 rei
1443 2736 1588 2764 veritatem
1607 2731 1726 2760 servitus

943 2795 997 2822 est,
1015 2789 1168 2816 secundum
1185 2786 1321 2822 justitiam
1337 2783 1466 2811 videlicet
1481 2777 1640 2808 conversari
1657 2786 1664 2804 :
1679 2777 1726 2804 sed

944 2835 999 2862 hoc
1016 2842 1079 2862 vera
1101 2833 1215 2860 libertas
1233 2835 1276 2858 est
1294 2838 1326 2857 ac
1344 2829 1425 2863 282
1442 2825 1569 2854 felicitas.
1591 2823 1647 2852 Cur
1662 2828 1726 2855 ergo

945 2882 1019 2910 illam
1033 2887 1114 2909 vocas
1130 2877 1301 2910 servitutem,
1322 2875 1345 2903 si
1363 2882 1421 2902 non
1447 2877 1490 2901 est
1511 2869 1651 2900 servitus?
1665 2874 1728 2903 pro-
