1878 3054
170 156 224 189 443

683 160 879 191 (ECUMENII
898 160 1043 191 TRICCE.
1064 160 1233 190 EPlSCOPI

1745 161 1802 193 lu

172 221 234 250 pter
255 214 454 247 inﬁrmitatem,
472 215 522 247 ait,
538 215 630 242 carnis
645 219 750 246 vestrae,
769 214 823 242 hoc
833 220 885 248 est,
897 224 925 251 qt

1047 215 1226 248 νάσθένειαν,
1245 215 1322 250 φησι,
1341 213 1391 249 τῆς
1412 214 1512 251 σαρκὸς
1539 215 1627 250 ὑμῶν,
1643 217 1800 251 τουτέστιν,

172 260 314 288 adversari
330 260 437 288 videtur
452 268 549 288 sensus
563 261 663 292 carnis,
679 265 708 287 et
719 261 794 289 circa
807 262 884 289 initia
896 269 959 296 gra-

171 307 232 334 vari
257 314 289 334 ac
306 307 410 334 tristari
434 306 465 333 ad
491 311 626 341 przcepta
647 306 762 342 justitize
783 315 790 333 :
813 312 959 342 propterea

173 352 352 379 considerans
368 351 555 379 infirmitatem
574 359 605 379 ac
620 352 758 380 tristitiam
771 361 831 388 qua:
847 361 862 380 a
877 360 960 381 carne

172 403 265 425 vestra
281 398 417 432 procedit.
444 398 564 425 humano
577 406 653 432 more
671 399 738 426 illud
750 399 883 434 appellavi
900 407 957 427 ser-

172 444 297 470 vitutem.
312 443 452 477 Siquidem
469 451 532 470 cum
544 444 668 471 dolentes
682 452 715 472 ac
729 445 806 472 inviti
818 445 958 480 quidpiam

172 489 298 521 facimus,
308 489 428 520 solemus
444 490 482 516 illi
500 491 652 525 tyrannidis
664 499 696 518 ac
708 491 850 518 servitutis
858 499 959 519 nomen

172 534 291 569 afﬁgere.
320 534 358 561 Ita
374 542 438 569 ergo
462 539 490 561 et
511 535 611 562 Paulus
629 535 695 564 dicit
713 546 719 563 :
742 536 867 564 Humano
883 545 958 565 more

173 580 271 614 loquor
288 580 340 607 hoc
355 589 361 606 :
378 580 455 608 Servi
472 581 536 609 facti
552 582 620 608 estis
641 581 693 616 ipsi
706 582 830 617 justitiae.
854 583 958 611 Deinde

172 625 239 652 illud
258 633 367 661 quoque
387 634 421 654 ex
443 627 582 654 contrario
603 627 757 655 confirmat.
777 628 854 655 Sicut
871 629 956 662 enim,

173 672 274 706 inquit,
294 680 326 699 ea
341 680 401 707 quae
422 673 603 700 immunditiaa
626 677 691 700 sunt
712 678 868 708 operantes,
886 675 957 702 servi

172 717 257 745 eratis
276 718 467 750 imuiunditiar,
487 719 524 746 ita
539 719 718 754 quzejustitiae
736 724 801 747 sunt
814 721 959 755 perﬁcien-

174 768 227 796 tcs,
256 771 311 790 non
334 764 474 791 immerito
493 765 565 792 servi
582 765 676 792 vocari
702 766 817 800 potestis
833 766 956 801 iustitiae.

175 809 261 837 Simul
279 815 370 837 autem
386 810 439 838 hoc
461 810 544 838 etiam
559 819 609 846 per
622 811 735 838 modum
757 812 957 840 exhortationis

174 855 338 889 subjunvit:
353 855 381 883 Si
394 856 467 883 enim
480 864 530 883 vos
541 864 595 884 non
610 857 708 892 puduit
723 865 817 885 servos
829 866 889 885 esse
904 858 956 885 im-

174 902 325 934 munditize,
349 909 382 929 an
404 910 458 929 non
478 902 562 930 etiam
584 903 768 937 gloriabimini
791 904 864 939 quod
884 904 957 940 digni

173 946 235 973 sitis
250 946 335 973 habiti
354 947 400 981 qui
412 947 526 982 justitia:
536 948 608 974 servi
624 948 704 975 sitis?
717 949 822 976 Deinde
837 950 889 977 hoc
904 950 958 977 alio

173 999 283 1026 quoque
308 992 389 1019 modo
413 993 620 1021 conlirmat:et
637 995 812 1029 procedendo
837 996 959 1024 ostendit

175 1037 334 1072 hujusmodi
349 1039 492 1065 servitutis
508 1039 667 1074 dignitatem
681 1040 866 1073 :concludens
885 1043 958 1077 quod

172 1083 231 1110 lirec
246 1085 363 1111 servitus
378 1084 477 1112 efliciat
493 1085 540 1112 Dei
558 1093 663 1119 servos,
675 1095 729 1121 qua
742 1095 770 1114 re
784 1087 850 1122 quid
868 1092 959 1123 potest

171 1135 231 1154 esse
249 1128 365 1156 liberius
384 1134 431 1156 aut
457 1130 586 1158 felicius?
603 1131 711 1159 Etenim
735 1132 802 1160 dicit
820 1141 827 1160 :
848 1143 858 1158 ‹
880 1134 959 1161 Nunc

171 1181 236 1200 vero
249 1174 327 1201 liberi
341 1175 403 1202 facti
420 1183 434 1202 a
450 1182 572 1210 peccato,
587 1177 658 1204 servi
673 1183 763 1205 autem
779 1178 842 1206 facti
860 1179 924 1211 Deo,
945 1189 954 1206 ι

170 1224 224 1247 etc.
239 1221 292 1247 Aut
306 1230 311 1247 :
330 1221 455 1248 llumano
467 1231 542 1250 more
558 1223 666 1258 loquor,
685 1224 707 1251 si
725 1232 774 1259 per
786 1225 957 1260 hyperbaton

171 1265 351 1301 intelligatur,
375 1271 403 1294 ul
416 1267 448 1294 ad
467 1268 492 1295 id
513 1268 586 1302 quod
602 1269 725 1303 sequitur
741 1270 819 1305 jungi
834 1270 933 1298 debeat
949 1280 956 1297 :

172 1311 208 1338 ita
219 1320 293 1339 nunc
312 1313 438 1340 exhibete
451 1314 572 1341 membra
590 1319 679 1341 vestra
690 1315 837 1343 servientia
851 1316 902 1350 ipsi
914 1317 958 1352 ju-

171 1357 252 1384 stitiae
267 1358 300 1384 ad
312 1359 568 1386 sanctificationem.
579 1360 687 1392 Quodsi
703 1362 739 1388 ita
750 1363 958 1396 exponalur,si-

171 1403 300 1438 gniﬁcare
312 1409 401 1438 potest
416 1413 423 1431 :
436 1405 572 1432 Mediocre
587 1405 716 1440 quiddam
734 1406 788 1433 dixi
807 1414 838 1434 ac
855 1407 958 1435 humile

170 1455 232 1474 eum
246 1448 304 1475 hate
313 1447 446 1476 dicerem.
461 1450 527 1477 Nam
542 1450 667 1478 absolute
681 1451 797 1485 loquens
805 1451 896 1480 dicere
909 1461 958 1487 po-

171 1495 283 1522 tuissem
299 1504 306 1521 τ
324 1495 458 1522 Exhibete
483 1496 606 1523 membra
623 1502 714 1524 vestra
736 1497 882 1525 servientia
906 1499 957 1533 ipsi

170 1540 289 1575 iustitize,
308 1549 362 1568 non
376 1542 459 1568 veluti
476 1542 525 1576 ipsi
540 1547 663 1577 peccato,
683 1543 730 1570 sed
749 1544 835 1571 multo
849 1544 955 1572 studio-
969 1555 990 1583 ο

170 1586 237 1613 sius.
250 1586 329 1613 Nunc
344 1591 434 1614 autem
451 1592 564 1622 propter
576 1592 705 1620 vestram,
719 1587 818 1623 inquit.
835 1589 956 1617 imbecil-

171 1632 285 1664 litatem,
296 1632 332 1659 ita
344 1633 472 1667 depressc
488 1641 520 1660 ac
536 1634 658 1661 modeste
672 1633 738 1661 dixi.
753 1635 812 1667 Vel,
832 1635 956 1663 Modera-

171 1682 227 1703 tum
243 1677 374 1712 quiddam
391 1679 489 1713 loquor
502 1687 533 1706 ac
549 1681 690 1714 pusillum,
707 1688 796 1715 neque
809 1689 957 1716 supergre-

168 1723 248 1750 diens
275 1728 382 1751 natura:
404 1723 629 1758 imbecillitatem,
659 1727 879 1754 adhortationem
906 1735 955 1754 na-

170 1772 238 1795 turaz
262 1773 440 1803 attempero:
468 1771 531 1797 novi
546 1771 618 1798 enim
644 1772 692 1806 qui
725 1773 752 1799 in
775 1774 882 1800 mortali
895 1781 956 1800 cor-

170 1821 237 1848 pore
258 1820 419 1842 moveantur
444 1816 569 1843 affectus.
589 1826 597 1843 ι
624 1817 721 1845 Carnis
740 1823 847 1846 vestra).
869 1829 878 1844 ι
897 1819 956 1846 Non

171 1859 250 1891 dixit,
265 1860 421 1888 Voluntatis
434 1867 481 1888 aut
494 1863 735 1897 concupiscentiae,
754 1865 828 1899 quod
845 1865 956 1892 illorum

171 1904 343 1939 iniquitatem
364 1908 542 1939 ostendisset.
561 1909 608 1935 sed
634 1919 643 1934 ι
663 1909 759 1937 Carnis
779 1920 789 1936 ι
815 1911 864 1942 ait,
883 1912 955 1946 quod

170 1957 269 1986 praster
281 1958 400 1980 mentem
413 1954 522 1981 illorum
537 1955 627 1982 fiebat.
640 1955 697 1983 lloc
712 1960 805 1984 autem
817 1956 885 1984 dicit
897 1957 956 1984 elli-

173 1998 250 2025 ciens
267 2006 301 2026 ue
319 2006 410 2026 sermo
431 1999 498 2026 dure
515 2001 678 2035 accipiatur.
698 2011 707 2026 ‹
727 2002 803 2030 Sicut
817 2003 889 2030 enim
908 2011 956 2030 ex-

170 2042 311 2070 hibuistis.
330 2053 338 2069 I
354 2044 439 2071 Multo
450 2045 581 2079 majorem
593 2047 740 2080 oportebat
752 2048 883 2075 exhibere
900 2057 958 2076 scr-

170 2087 284 2115 vitutem
302 2088 412 2116 Christo
424 2091 504 2125 283
513 2099 545 2118 ae
555 2091 669 2126 justitiae
683 2100 764 2126 quam
776 2093 957 2122 exhibueritis

171 2133 353 2162 immunditize
370 2140 397 2162 et
417 2137 555 2171 iniquitati
581 2137 615 2164 ad
639 2137 815 2173 iniquitatem
837 2147 844 2165 τ
866 2144 955 2168 tamen

169 2185 283 2215 propter
310 2182 402 2209 carnis
422 2183 637 2211 imbecillitatem
654 2185 742 2212 solum
761 2186 893 2220 aequalem
912 2195 955 2214 re-

1011 262 1104 296 ὲπειδὴ
1129 262 1302 288 ἀντιπίπτειν
1324 261 1441 287 δοκεῖτὸ
1459 261 1587 296 φρόνημα
1611 262 1660 297 τῆς
1683 264 1800 298 σαρκὸς,

1010 307 1057 333 καὶ
1079 307 1262 342 τραχύνεσθαι
1278 307 1325 334 καὶ
1353 307 1518 340 ἀλγύνεσθαι
1535 308 1595 334 κατ’
1620 309 1708 344 ἀρχὰς
1729 310 1802 344 πρὸς

1010 352 1044 378 τὰ
1061 352 1236 387 ἐπιτάγματα
1251 354 1300 388 τῆς
1315 352 1492 386 δικαιοσύνης
1504 361 1511 368 ·
1528 353 1573 380 διὰ
1597 354 1675 380 τοῦτο
1695 354 1726 380 τὺ
1744 355 1801 380 ἀπὸ

1009 398 1058 431 τῆς
1076 398 1212 432 ὑμετέρας
1223 398 1325 433 σαρκὸς
1339 398 1450 430 ἀσοενὲς
1467 399 1514 425 καὶ
1525 399 1708 434 ἀλγυνόμενον
1722 399 1801 434 λογι-

1011 443 1134 478 ζόμενος,
1149 444 1220 471 κατά
1232 444 1282 480 τὴν
1295 444 1470 480 ἀνθρωπίνην
1495 445 1652 479 συνήθειαν,
1672 445 1802 472 δουλείαν

1010 490 1074 516 αὐτὸ
1093 490 1220 516 ἐκάλεσα.
1248 490 1303 517 Καὶ
1320 491 1374 525 γὰρ
1390 490 1526 525 εἰώθαμεν
1550 491 1593 524 ἐφ’
1616 488 1653 517 ὧν
1680 491 1802 524 ἀλγυνό-

1011 541 1086 567 μενοι
1100 533 1147 560 καὶ
1168 534 1279 566 ἄκοντές
1295 543 1320 561 τι
1343 534 1511 569 πράττομεν,
1529 535 1559 561 τὸ
1576 536 1626 569 τῆς
1640 535 1802 568 τυραννίδος

1011 579 1056 604 καὶ
1072 577 1192 611 δουλείας
1214 579 1301 614 ὄνομα
1315 579 1427 608 τιθέναι.
1443 579 1521 606 Οὕτω
1541 580 1606 614 γοῦν
1630 582 1677 607 καὶ
1694 582 1708 608 ὁ
1724 581 1802 608 Παῦ-

1009 623 1053 654 λύς
1068 632 1158 658 φησιν,
1171 624 1221 657 ὃτι,
1233 633 1243 650 ‹
1255 625 1333 651 Κατὰ
1356 624 1500 659 ἄνθρωπον
1519 625 1591 659 λέγω
1605 635 1614 651 ι
1627 626 1669 657 τὸ,
1684 635 1693 651 ι
1708 626 1802 653 ’ἕδου-

1008 669 1112 705 λώοητε
1127 671 1160 704 τῇ
1178 670 1360 707 δικαιοσύνῃ.)
1378 669 1442 697 Εἶτα
1454 671 1658 704 κατασκευάζει
1670 672 1738 698 αὐτὸ
1751 672 1803 698 καὶ

1009 717 1040 742 ὲκ
1063 716 1109 742 τοῦ
1133 715 1266 744 ἐναντίου.
1290 717 1395 752 Ὥσπερ
1419 717 1492 752 γὰρ.
1512 718 1589 752 φησι,
1607 718 1640 745 τὰ
1662 718 1712 753 τῆς
1729 719 1803 745 ἀκα-

1009 761 1123 795 θαρσίας
1151 762 1328 797 πράττοντες,
1351 763 1440 790 δοῦλοι
1471 761 1519 799 ἦτε
1541 764 1592 798 τῆς
1614 764 1802 799 ἀκαθαρσίας,

1009 807 1082 834 οὕτω
1105 807 1139 834 τὰ
1158 808 1207 842 τῆς
1229 808 1402 843 δικαιοσύνης
1418 808 1617 840 ἐπιτελοῦντες,
1640 808 1730 834 δοῦλοι
1749 809 1803 835 οὐκ

1010 853 1162 885 ἀπεικότως
1183 852 1217 879 ἃν
1233 853 1376 889 κληθείητε
1396 855 1446 889 τῆς
1466 853 1650 889 δικαιοσύνης.
1668 853 1756 880 Τοῦτο
1772 854 1803 881 δὲ

1011 899 1058 926 καὶ
1072 898 1211 934 ἐντρέπων
1232 899 1293 938 ᾄμα
1308 900 1457 934 ἐπήγαγεν·
1476 900 1507 926 Εἰ
1530 900 1585 934 γὰρ
1612 900 1701 927 δοῦλοι
1727 898 1803 927 εἶναι

1010 946 1061 972 οὐκ
1080 944 1228 980 ᾐσχύνεσθε
1247 945 1296 979 τῆς
1320 945 1502 980 ἀκαθαρσίας,
1532 945 1591 977 πῶς
1614 946 1665 972 οὒκ
1695 946 1729 972 ἂν
1752 945 1802 972 καὶ

1011 991 1083 1025 μέγα
1099 991 1261 1025 φρονήσητε,
1273 990 1360 1017 δοῦλοι
1375 991 1589 1024 καταξιωθέντες
1604 991 1731 1025 γενέσθαι
1748 991 1801 1026 τῆς

1009 1035 1199 1070 δικαιοσύνης;
1218 1034 1284 1063 Εἶτα
1298 1038 1499 1069 κατασκευάζει
1517 1036 1598 1063 τοῦτο
1617 1037 1664 1063 καὶ
1683 1036 1801 1071 ἑτέρως,

1010 1081 1056 1108 καὶ
1072 1081 1175 1117 προῖὼν
1190 1082 1310 1109 δείκνυσι
1322 1083 1372 1117 τῆς
1393 1082 1521 1118 τοιαύτης
1536 1082 1657 1113 δοτσλείας
1672 1082 1703 1109 τὸ
1717 1083 1796 1114 ἀξίω-

1012 1136 1060 1162 μα,
1080 1129 1326 1163 συμπερανάμενος
1348 1129 1388 1155 ὃτι
1419 1129 1490 1164 αὕτη
1513 1130 1528 1162 ἡ
1551 1129 1657 1155 δουλεία
1685 1128 1802 1159 δούλους

1009 1174 1081 1199 ποιεῖ
1106 1173 1152 1199 τοῦ
1166 1173 1249 1206 Θεοῦ,
1274 1171 1304 1201 οὗ
1328 1174 1355 1200 τί
1371 1174 1404 1201 ἂν
1428 1174 1470 1209 εἴη
1497 1173 1724 1208 ἐλευθεριώτερον
1751 1174 1804 1199 καὶ

1009 1217 1266 1253 εὺδαιμονέστερονς
1284 1218 1339 1245 Καὶ
1357 1219 1410 1254 γάρ
1433 1227 1517 1254 φησι·
1536 1219 1625 1245 «Νυνὶ
1638 1219 1666 1245 δὲ
1687 1218 1804 1245 ἐλευθε-

1011 1263 1141 1299 ρωθέντες
1171 1265 1226 1291 ἀπὸ
1248 1265 1297 1299 τῆς
1327 1265 1476 1300 ἁμαρτίας,
1501 1265 1680 1297 δουλωθέντες
1704 1265 1733 1292 δὲ
1761 1265 1803 1300 τῷ

1009 1310 1079 1344 Θεῷ,
1096 1319 1106 1336 ι
1129 1310 1173 1336 καὶΙ
1192 1310 1265 1345 ἑξῆς.
1281 1310 1316 1337 Ἦ
1332 1310 1373 1343 τὺ,
1389 1310 1573 1344 ’Δνθρώπινον
1589 1310 1672 1344 λέγω.
1692 1311 1718 1336 εί
1735 1319 1804 1346 νοη-

1011 1356 1070 1390 θείη
1096 1356 1157 1383 καθ’
1170 1356 1333 1391 ὑπερὸατὸν,
1343 1356 1381 1388 ὡς
1395 1356 1496 1391 ἑφεξῆς
1522 1356 1627 1391 ὀφεῖλον
1640 1356 1803 1388 τάττεσθαι,

1010 1402 1126 1437 πρδςτὸ,
1140 1411 1150 1428 t
1167 1402 1259 1433 οὕτως
1282 1403 1329 1428 νῦν
1358 1402 1551 1438 παραστήσατε
1575 1403 1610 1429 τὰ
1627 1402 1693 1437 μέλη
1721 1402 1804 1436 ὑμῶν

1008 1448 1089 1474 δοῦλα
1115 1449 1147 1483 τῇ
1173 1448 1330 1484 δικαιοσύνῃ
1352 1448 1393 1480 εἰς
1407 1447 1554 1483 ἁγιασμόν.
1571 1457 1580 1474 ι
1601 1449 1631 1474 Εἰ
1641 1447 1687 1474 οὖν
1712 1448 1804 1480 οὕτως

1012 1493 1172 1528 ὲκληφθείη,
1195 1494 1323 1528 σημαίνοι
1339 1495 1383 1524 ἂν,
1406 1495 1447 1520 ὅτι
1473 1493 1584 1530 μέτριόν
1604 1502 1630 1520 τι
1646 1491 1724 1520 εἳπον
1753 1495 1804 1522 καὶ

1009 1540 1145 1572 ταπεινὸν,
1160 1540 1245 1566 ταῦτα
1257 1539 1352 1567 εἰπών.
1378 1540 1407 1566 ’0
1432 1540 1486 1574 γὰρ
1510 1540 1540 1566 τὸ
1565 1539 1668 1567 τέλειον
1696 1540 1801 1574 λέγων,

1006 1585 1078 1612 εἴποι
1096 1585 1139 1616 ἂν.
1159 1587 1200 1612 ὅτι
1220 1586 1419 1621 Παραστήσατε
1440 1585 1474 1612 τὰ
1492 1585 1558 1621 μέλη
1576 1586 1652 1621 ὑμῶν
1669 1586 1751 1613 δοῦλα
1767 1589 1802 1622 τῇ

1007 1631 1177 1667 δικαιοσύνῃ,
1200 1632 1237 1667 μὴ
1255 1631 1293 1663 ὡς
1316 1633 1349 1666 τῇ
1366 1631 1500 1667 ἁμαρτίᾳ,
1515 1631 1583 1658 ἀλλὰ
1605 1632 1673 1659 πολὺ
1698 1633 1804 1667 μᾶλλον

1010 1679 1235 1713 σπουδαιότερον.
1247 1678 1304 1705 Νῦν
1318 1678 1346 1705 δὲ
1366 1678 1410 1705 διὰ
1423 1679 1453 1705 τὸ
1473 1679 1588 1711 ἀσθενὲς
1604 1680 1693 1715 ὑμῶν.
1705 1682 1803 1716 φησιν,

1006 1723 1093 1755 οὕτως
1111 1722 1187 1751 ε’ίπον
1206 1724 1342 1755 ταπεινῶς
1362 1725 1409 1751 καὶ
1426 1724 1558 1762 μετρίως,
1586 1725 1614 1761 ἢ,
1637 1725 1804 1763 Σύμμετρόν

1007 1780 1045 1803 τι,
1061 1772 1138 1806 φησι,
1155 1771 1228 1806 λέγω
1247 1772 1296 1799 καὶ
1320 1772 1428 1808 μικρὸν,
1445 1773 1494 1800 καὶ
1515 1774 1564 1808 οὐχ
1588 1774 1755 1808 ὑπερῧαῖνον
1772 1775 1804 1801 τὸ

1006 1816 1055 1850 τῆς
1078 1816 1185 1850 φύσεως
1209 1817 1341 1850 ἀσθενέςο
1367 1819 1400 1853 τῇ
1426 1818 1506 1853 φύσει
1528 1819 1629 1854 μετρῶ,
1647 1819 1724 1853 φησὶ,
1751 1820 1804 1854 τὴν

1009 1862 1170 1896 παραίνεσιν
1182 1871 1189 1879 ο
1205 1861 1264 1890 οἶδα
1280 1864 1334 1898 γὰρ
1352 1864 1385 1890 τὰ
1404 1865 1434 1890 ὲν
1450 1864 1489 1898 τῷ
1505 1864 1595 1899 θνητῷ
1625 1864 1732 1898 σώματι
1755 1873 1803 1891 κι-

1008 1908 1126 1942 νούμενα
1139 1908 1224 1944 πάθη.
1244 1919 1253 1935 ι
1267 1909 1324 1944 Τῆς
1337 1910 1440 1944 σαρκὸς
1454 1910 1542 1944 ὑμῶν.
1556 1919 1565 1935 ι
1583 1910 1639 1936 Οὐκ
1654 1907 1726 1942 εἷπε,
1744 1911 1803 1945 τῆς

1008 1954 1195 1989 προαιρέσεως
1208 1955 1224 1990 ἢ
1239 1955 1290 1989 τῆς
1305 1955 1463 1990 ιπιθυμίας,
1478 1956 1547 1990 ὅπερ
1564 1953 1598 1990 ἦν
1613 1955 1727 1981 ἐκείνων
1740 1955 1802 1982 ἁδί-

1007 2007 1096 2035 κημα,
1111 2000 1190 2034 ἀλλὰ,
1207 2001 1285 2035 «Τῆς
1297 2001 1407 2036 σαρκὸς,
1425 2010 1434 2027 ι
1453 2001 1546 2035 φησὶν,
1561 2000 1576 2026 ὃ
1593 2000 1668 2036 παρὰ
1684 2000 1801 2036 γνώμην

1007 2047 1098 2074 αὐτῶν
1109 2048 1223 2081 ἐγίνετο.
1236 2047 1322 2074 Τοῦτο
1341 2047 1370 2073 δέ
1385 2055 1478 2081 φησιν,
1492 2046 1633 2081 ἀνεπαχθῆ
1651 2046 1697 2072 τὸν
1718 2046 1801 2080 λόγον

1008 2091 1103 2121 ποιῶν.
1130 2101 1140 2118 α
1165 2093 1273 2128 Ὥσπερ
1295 2093 1349 2128 γὰρ
1375 2093 1576 2127 παρεστήσατε.
1597 2101 1606 2118 ›
1632 2091 1726 2126 Πολλῷ
1748 2093 1800 2127 μὲν

1009 2139 1120 2173 μείζονα
1137 2138 1191 2165 ἔδει
1205 2139 1245 2174 τῷ
1261 2138 1372 2174 Χριστῷ
1385 2138 1436 2172 τὴν
1445 2137 1568 2164 δουλείαν
1583 2139 1734 2173 παρασχεῖν
1751 2139 1799 2165 καὶ

1007 2184 1040 2218 τῇ
1054 2184 1224 2219 δικαιοσύνῃ.
1240 2184 1312 2219 ἢπερ
1329 2184 1395 2218 ὅσην
1416 2183 1569 2219 παρέσχετε
1586 2185 1618 2218 τῇ
1641 2183 1798 2218 ἀκαθαρσία

169 2231 244 2260 peto.
259 2227 346 2261 (Quod
363 2233 455 2256 autem
472 2229 559 2257 dicit:
579 2239 588 2255 ‹
610 2230 648 2257 Ad
670 2230 855 2265 iniquitatem,
875 2241 884 2257 ι
904 2231 925 2259 Ιιι

1047 2230 1056 2255 i.
1082 2231 1114 2265 τῇ
1143 2230 1254 2265 ἀνομίᾳ,
1278 2231 1317 2262 εἰς
1331 2230 1380 2265 τὴν
1399 2229 1516 2264 ἀνομίαν
1536 2229 1576 2264 (τό
1594 2229 1633 2261 δὲ,
1652 2238 1661 2254 ι
1677 2229 1724 2260 Et;
1748 2229 1798 2263 τὴν

168 2277 222 2304 est,
243 2273 275 2299 ad
289 2274 406 2308 amplius
424 2276 604 2309 peccandum.
621 2276 701 2309 Quasi
720 2277 826 2304 diceret
843 2286 850 2304 :
869 2277 955 2305 Etiam

171 2318 411 2347 inflammabamini
429 2325 458 2348 ut
474 2322 560 2357 magis
572 2330 603 2349 ac
620 2323 705 2357 magis
720 2323 894 2359 peccaretis.)

210 2419 218 2436 ι
234 2409 302 2437 Cum
317 2411 390 2438 enim
410 2412 482 2439 servi
495 2413 591 2440 essetis
606 2414 719 2449 peccati.
740 2424 749 2441 ›
768 2415 836 2443 Cum
850 2416 878 2443 in
892 2424 957 2450 pec—

169 2460 233 2483 cato
247 2456 391 2489 vivebatis,
406 2458 457 2485 soli
478 2464 590 2493 peccato
605 2460 849 2496 obtemperabatis,
868 2462 908 2489 sic
927 2468 956 2488 ut

171 2502 240 2528 nihil
256 2503 368 2530 omnino
388 2503 452 2531 boni
470 2505 604 2540 ageretis;
623 2496 680 2534 hoc
703 2507 776 2534 enim
797 2507 954 2541 significat:

172 2546 265 2574 Liberi
281 2548 366 2575 eratis
382 2549 432 2583 ipsi
452 2550 574 2585 justitim,
594 2551 646 2578 huc
661 2557 713 2582 est,
735 2551 762 2578 in
776 2551 852 2578 nullo
872 2552 956 2580 eratis

171 2592 222 2627 ipsi
237 2594 362 2629 subjecti,
374 2599 402 2622 et
415 2603 489 2622 nunc
501 2596 594 2630 itaque
603 2604 665 2623 cum
677 2596 710 2623 ad
722 2596 855 2631 justitiam
866 2601 955 2624 trans-

173 2640 370 2674 migraveritis,
399 2641 479 2669 liberi
503 2642 567 2669 facti
588 2643 654 2669 estis
669 2650 683 2669 a
699 2647 821 2676 peccato.
839 2642 906 2669 Nam
928 2643 954 2670 id

171 2687 392 2714 subaudiendum
406 2689 510 2723 expetit
525 2688 706 2723 praecedentis
723 2688 864 2722 particulm
877 2689 956 2716 intel-

172 2732 270 2761 lectus.
295 2743 304 2758 ι
327 2734 413 2767 Quem
441 2735 525 2770 igitur
541 2734 661 2761 fructum
672 2734 845 2763 ,habebatis?
865 2745 874 2760 ι
891 2735 957 2768 Quae

173 2779 258 2810 vehis,
284 2779 383 2813 inquit,
406 2785 465 2807 crat
478 2780 582 2807 utilitas
603 2780 704 2808 veteris
726 2781 857 2808 malitiae?
877 2782 956 2809 Nulla

173 2824 241 2851 adeo
263 2829 292 2851 ut
311 2833 361 2852 vos
383 2826 467 2853 etiam
493 2826 568 2854 illius
583 2826 700 2862 pudeat;
717 2832 859 2862 peccatum
881 2829 955 2856 enim

175 2876 219 2896 res
236 2875 277 2897 cst
292 2870 360 2897 adeo
377 2872 457 2902 mala.
476 2877 505 2899 ut
520 2873 566 2900 ubi
583 2873 644 2901 uuis
660 2881 692 2901 co
710 2874 793 2901 fuerit
811 2874 954 2905 liberatus.

1008 2275 1133 2310 ἀνομίαν,
1153 2285 1162 2300 ι
1180 2275 1302 2302 τουτέστι
1315 2276 1345 2302 τὺ
1362 2275 1407 2302 ἐπὶ
1421 2275 1504 2302 πλέον
1515 2275 1636 2310 ἀνομεῖν.
1652 2274 1726 2301 Ἀντὶ
1737 2274 1796 2305 τοῦ,

1014 2320 1185 2353 Ἐξεκαίεσῡε
1211 2321 1259 2347 καὶ
1274 2321 1314 2352 είς
1329 2320 1370 2346 ἔτι
1389 2320 1489 2355 μᾶλλον
1505 2319 1641 2355 ἀνομείν),
1667 2320 1739 2355 πλὴν
1753 2320 1797 2347 διὰ

1007 2366 1057 2401 τὴν
1070 2365 1214 2393 ἀσθένειαν
1231 2367 1279 2400 τῆς
1296 2367 1408 2400 σαρκὸς,
1424 2366 1473 2401 τὴν
1490 2366 1551 2400 ῐσην
1564 2366 1688 2394 ἀπαιτῶ.

1047 2421 1056 2437 ι
1077 2412 1141 2438 Ὅτε
1167 2412 1220 2447 γὰρ
1251 2411 1338 2438 δοῦλοι
1361 2409 1410 2447 ἦτε
1431 2412 1481 2446 τῆς
1509 2412 1683 2447 ἁμαρτίας.»
1710 2411 1797 2442 Ὅτε,

1008 2457 1100 2491 φησὶν,
1116 2458 1145 2483 ἔν
1173 2457 1295 2493 ἁμαρτίᾳ
1321 2457 1414 2492 ὲζῆτε,
1441 2457 1569 2484 τοσοῦτον
1584 2457 1738 2491 ὑπηκούετε
1763 2459 1796 2492 τῇ

1007 2503 1140 2538 ἁμαρτίᾳ,
1158 2502 1196 2534 ὡς
1219 2503 1362 2538 μηδοτιοῦν
1387 2503 1517 2538 πράττειν
1531 2503 1614 2530 καλόν
1625 2511 1633 2520 ’
1649 2503 1728 2530 τοῦτο
1742 2504 1796 2538 γὰρ

1007 2549 1082 2582 δηλοί
1096 2549 1137 2582 τὸ,
1146 2549 1298 2584 Ἐλεύθεροι
1306 2547 1355 2585 ἦτε
1364 2551 1396 2585 τῇ
1411 2549 1581 2585 δικαιοσύνῃ,
1589 2551 1739 2582 τουτέστιν,
1749 2550 1795 2576 Ἐν

1007 2595 1095 2622 οὐδενὶ
1108 2593 1156 2630 ἦτε
1171 2596 1386 2631 ὑποτεταγμένοι
1401 2596 1480 2631 αὐτῇ,
1497 2596 1594 2623 οὐκοῦν
1609 2596 1656 2622 καὶ
1675 2596 1722 2622 νῦν
1735 2596 1797 2623 ἐπεὶ

1009 2642 1157 2678 μετέστητε
1181 2643 1221 2674 εἰς
1245 2643 1294 2677 τὴν
1319 2643 1502 2678 δικαιοσύνην,
1525 2642 1662 2677 ἐλεύθεροι
1687 2641 1796 2676 γίνεσθε

1007 2689 1040 2722 τῇ
1055 2689 1189 2724 ἁμαρτίᾳ.
1202 2689 1288 2715 Τοῦτο
1303 2689 1358 2724 γὰρ
1376 2689 1575 2715 συνυπακούειν
1598 2689 1612 2714 ό
1628 2687 1728 2719 σκοπὸς
1749 2687 1795 2713 τοῦ

1008 2735 1147 2770 ἀνωτέρου
1172 2737 1322 2770 κεφαλαίου
1349 2738 1468 2764 ἀπαιτεῖ.
1499 2746 1508 2762 ι
1528 2737 1594 2763 Τίνα
1619 2734 1666 2762 οὖν
1688 2735 1795 2770 καρπὸν

1009 2782 1095 2816 εἴχετε
1110 2781 1170 2808 τότε
1184 2789 1191 2813 ;
1208 2791 1217 2807 ι
1235 2781 1267 2808 Τί
1283 2782 1329 2808 οὖν
1345 2782 1375 2809 τὸ
1391 2782 1485 2816 ὄφελος
1498 2783 1572 2817 ὑμῖν,
1588 2781 1663 2816 φησὶ.
1681 2782 1730 2815 τῆς
1743 2781 1795 2808 πά-

1007 2827 1052 2854 λαι
1076 2827 1224 2863 πονηρίαςς
1257 2829 1355 2861 Οὖδὶν,
1382 2829 1503 2864 δηλονότι
1527 2829 1558 2855 τὸ
1583 2827 1794 2862 ἐπαισχύνεσθαι

1010 2874 1081 2905 ὑμᾶς
1093 2873 1151 2901 νῦν“
1163 2874 1248 2908 οὕτως
1264 2876 1318 2908 γὰρ
1331 2877 1415 2902 κακὸν
1430 2877 1445 2909 ἡ
1464 2875 1594 2910 ἁμαρτία,
1610 2875 1650 2900 ὅτι
1665 2874 1711 2901 καὶ
1725 2882 1794 2909 μετα
