1878 3054
140 155 188 187 447

665 152 863 183 (ECUMENII
881 152 1026 182 TRICCAE
1046 152 1214 182 EPlSCOPI

1710 155 1761 189 448

140 219 197 237 rum
213 210 258 246 qui
278 217 324 246 per
344 209 427 244 legem
452 201 529 236 ciant
552 207 730 243 operabantur
755 208 783 234 in
803 207 925 234 membris

1027 207 1077 238 ml,
1098 207 1134 233 τὰ
1160 207 1319 241 παθήματα
1338 207 1396 234 τῶν
1417 208 1566 243 ἁμαρτιῶν
1587 211 1622 238 τὰ
1637 210 1686 238 διὰ
1710 213 1762 240 τοῦ

141 258 248 289 nostris.
264 256 298 284 ad
318 255 530 291 fructiﬁcandum
546 255 636 281 morti.
655 253 731 281 Nunc
745 258 834 280 autem
849 252 928 280 soluti

142 311 233 331 sumus
247 312 264 330 α
276 302 342 338 lege,
359 301 456 329 mortui
467 301 491 328 ei
504 308 550 335 per
569 300 638 335 quod
651 299 844 326 detinebantur.

181 448 261 483 285
278 448 306 475 ln
322 446 498 475 conclusione
513 454 568 474 non
586 446 693 474 inducit
715 451 851 474 mortuam
868 453 930 474 esse

145 494 243 529 legem,
267 501 301 520 ne
320 500 410 520 sermo
433 492 502 519 dure
522 493 697 527 accipiatur:
719 491 855 527 siquidem
880 492 930 519 Ju-

146 539 212 566 dteis
227 539 361 573 loquitur,
375 538 421 566 sed
436 538 581 566 credentes
597 539 706 566 inducit
722 538 826 565 Christi
842 543 930 566 morte

146 586 291 613 delunctos
309 593 369 612 esse
387 593 402 612 a
428 585 500 620 lege,
520 585 636 620 ideoque
659 584 802 612 liberatos.
819 584 847 612 Si
864 592 930 619 ergo

147 635 255 656 mortua
269 630 328 664 lege
343 637 397 656 non
408 634 451 656 est
464 635 648 663 transgressor
661 629 707 663 qui
723 636 783 656 eam
800 629 932 663 relinquit

147 683 179 703 ac
196 675 312 702 Domino
332 675 430 707 credit,
447 675 534 702 multo
553 675 638 710 magis
651 675 674 702 si
688 675 749 709 quis
770 675 829 709 ipse
849 675 931 703 etiam

149 721 283 747 moriatur
301 721 396 756 (siculi
420 720 490 747 dicit
507 720 581 755 quod
597 724 624 747 et
646 728 696 747 nos
711 721 812 747 mortui
836 720 932 755 simus)

149 767 255 795 solutus
271 771 313 793 est
334 775 348 793 a
372 767 432 801 lege
455 771 483 794 et
502 774 557 793 non
579 770 621 793 est
638 770 834 801 transgressor.
853 775 862 791 ι
882 766 934 793 Per

148 818 249 846 corpus
259 810 372 837 Christi.
387 820 395 835 ι
412 811 462 843 Qui
480 819 530 845 pro
546 810 626 838 nobis
638 815 764 838 mortuus
776 815 818 838 est
834 819 841 836 :
858 819 933 838 com-

150 857 252 884 mortui
277 857 350 883 enim
371 856 410 884 illi
444 865 540 884 sumus
570 857 598 884 in
619 857 793 892 baptismate,
827 862 854 884 et
875 865 929 884 non

150 911 246 931 smnus
268 904 355 930 nostri
371 913 378 930 ε
395 912 456 931 nam
480 904 568 939 pretio
587 912 638 931 nos
658 904 735 931 emit.
757 913 767 930 ‹
785 904 819 931 Ut
835 904 933 931 essetis

150 949 239 976 alteri.
259 958 268 974 ι
287 948 374 976 Veluti
388 949 447 984 lege
463 954 585 983 mortua;
602 949 665 977 ideo
679 957 768 984 neque
783 954 934 984 transgres-

150 1002 228 1022 sores
243 995 425 1023 inveniemur.
441 1006 450 1022 ι
465 996 500 1024 Ut
512 995 708 1023 fructiﬁcemus
719 996 785 1024 Deo.
802 1005 810 1021 ι
825 996 933 1023 Adhor-

151 1043 225 1066 tatur
242 1040 341 1067 deinde
362 1041 394 1067 ad
412 1049 487 1075 spem
512 1041 665 1068 meliorem.
693 1041 833 1076 Siquidem
857 1046 933 1074 tunc,

151 1087 251 1122 inquit,
276 1087 397 1114 fructum
421 1088 587 1121 ferebamus,
604 1088 695 1115 omnia
717 1087 751 1115 ad
775 1088 848 1115 illam
870 1096 935 1123 ope-

151 1136 263 1158 rantes:
280 1139 353 1159 nunc
362 1137 453 1159 autem
463 1133 574 1160 Deo.—
587 1142 596 1158 l
608 1132 675 1160 Cum
685 1133 758 1160 enim
773 1141 897 1160 essemus
907 1133 934 1160 in

151 1184 242 1204 carne.
260 1186 269 1202 ι
284 1177 312 1204 ld
330 1182 383 1211 est,
400 1178 427 1204 in
444 1178 651 1205 conversatione
667 1178 817 1206 secundum
835 1179 933 1213 legem.

150 1221 218 1248 Nam
240 1229 351 1250 carnem
365 1224 472 1251 vocavit
488 1225 566 1251 datas
582 1224 655 1251 carni
675 1225 830 1251 sanctiones
848 1232 854 1250 :
870 1228 935 1258 puta

151 1267 186 1294 de
196 1267 268 1298 cibo,
288 1272 364 1302 potu,
384 1268 460 1303 lepra
482 1277 513 1296 ac
537 1269 684 1296 similibus.
702 1279 710 1294 ι
726 1269 755 1296 ln
769 1277 861 1296 carne.
879 1279 887 1294 ι
906 1269 935 1296 ld

152 1316 205 1345 est,
225 1312 251 1339 in
264 1314 366 1340 carnali
383 1314 448 1341 vita.
466 1314 525 1341 Non
544 1320 636 1341 autem
660 1314 729 1341 dixit
745 1323 750 1340 :
766 1314 795 1341 In
813 1314 882 1349 lege,
902 1322 935 1342 ne

153 1356 341 1390 despicerelur
359 1366 449 1385 sermo
466 1367 472 1385 :
492 1358 583 1386 adhuc
599 1359 672 1385 enim
692 1359 780 1394 legem
797 1359 934 1386 colebant.

156 1413 164 1428 I
181 1403 218 1430 Ea
232 1411 292 1438 quae
304 1412 353 1438 per
368 1404 454 1439 legem
470 1408 543 1431 sunt.
559 1414 567 1429 ι
586 1419 620 1424 -
635 1414 643 1430 ι
659 1404 724 1432 Nam
738 1406 936 1440 concupiscen-

153 1449 230 1481 tiam,
247 1449 348 1484 inquit,
365 1457 419 1476 non
437 1450 574 1477 novissem
591 1450 642 1477 nisi
659 1450 702 1477 lex
720 1451 834 1479 dixisset
849 1461 856 1478 :
877 1452 935 1480 Non

153 1495 339 1530 concupisces.
366 1505 375 1521 ι
395 1495 457 1523 Haec
476 1503 541 1531 ergo
555 1504 604 1531 per
620 1496 706 1531 legem
730 1501 794 1523 sunt
817 1498 935 1532 cognita.

153 1541 272 1568 Rursum
294 1549 347 1568 non
375 1541 443 1568 dixit
462 1551 467 1567 :
484 1541 606 1568 Membra
626 1547 784 1577 operantur,
801 1551 835 1570 ne
855 1551 936 1570 accu-
953 1562 973 1589 c

153 1591 227 1614 saret
238 1595 358 1619 carnem,
374 1587 420 1614 sed
440 1588 627 1622 operabantur
641 1589 667 1615 in
684 1589 815 1616 membris
835 1589 868 1616 ad
883 1589 940 1616 fru-

153 1632 328 1659 ctiﬁcandum
340 1634 434 1666 morti,
444 1634 593 1661 ostendens
605 1634 678 1668 quod
688 1634 860 1661 extrinsecus
874 1642 940 1669 ope-

154 1677 260 1704 ratione
276 1677 383 1705 Satame
394 1678 511 1710 accidat,
526 1684 556 1706 ut
568 1685 754 1714 cooperentnr
764 1680 797 1706 ad
810 1683 937 1707 mortem.

154 1723 206 1750 Per
225 1728 336 1757 peccata
352 1723 426 1750 enim
442 1724 639 1752 fructiﬁcamus
653 1725 745 1752 morti.
764 1735 773 1751 ι
796 1725 874 1752 Nunc
889 1733 938 1753 au-

156 1773 209 1795 tem
226 1768 308 1796 soluti
322 1776 418 1796 sumus
430 1777 444 1796 a
461 1769 530 1804 lege.
545 1779 554 1795 ι
567 1770 685 1798 Rursum
701 1771 772 1806 quod
787 1777 846 1799 erat
863 1773 926 1799 o-Yio

156 1821 216 1841 sum
232 1813 349 1849 fugiens,
367 1822 422 1842 non
437 1815 507 1842 dixit
527 1824 533 1841 :
547 1815 642 1843 Soluta
652 1821 694 1844 est
709 1818 769 1851 lex;
785 1817 842 1849 sed,
864 1827 873 1843 ι
888 1818 943 1845 Nos

156 1867 171 1886 a
187 1859 246 1894 lege
258 1859 340 1887 soluti
351 1867 457 1893 sumus,
478 1871 486 1886 ι
504 1862 557 1889 hoc
571 1867 623 1894 est,
642 1862 759 1890 absoluti
776 1871 808 1890 ac
820 1864 940 1892 liberati.

156 1905 359 1938 Quamobrem?
380 1907 448 1941 Quia
468 1910 570 1936 mortui
597 1918 692 1937 sumus
722 1916 845 1946 peccato.
872 1911 940 1938 Nam

158 1951 209 1979 hoc
221 1953 363 1980 detinebat
377 1962 383 1980 :
397 1959 425 1981 et
441 1956 622 1987 surreximus,
643 1964 698 1982 non
716 1963 765 1991 per
780 1956 878 1991 legem,
894 1956 941 1984 sed

156 2004 205 2031 per
228 1998 377 2025 Christum.
397 1999 571 2027 Manifestum
593 2009 658 2036 ergo
681 2007 724 2028 est
745 2001 818 2036 quod
841 2010 856 2029 a
877 2002 939 2037 lege

156 2042 267 2076 quidem
294 2043 413 2071 absoluti
438 2053 532 2073 sumus
560 2051 690 2081 tauquam
714 2048 813 2074 mortui
838 2056 845 2075 :
872 2049 940 2075 sub-

157 2087 207 2114 diti
230 2092 321 2116 autem
341 2097 436 2117 smnus
459 2090 570 2119 Christo
589 2092 636 2127 qui
663 2099 714 2120 nos
734 2100 748 2120 a
761 2097 849 2120 morte
870 2093 939 2121 libe-

157 2134 238 2162 ravit.

978 252 1082 285 νόμον,
1099 251 1250 286 ἐνηργεῖτο
1264 252 1299 278 ἐν
1324 253 1386 286 τοῖς
1406 253 1534 288 μέλεσιν
1550 255 1644 289 ἡμῶν,
1666 259 1712 290 εις
1731 257 1762 284 τὸ

978 296 1208 331 καρποφορῆσαι
1233 297 1273 329 τῷ
1300 299 1425 331 θανάτῳ.
1453 300 1528 327 Νυνὶ
1555 300 1589 327 δὲ
1613 303 1765 337 κατηργή-

979 343 1074 377 θημεν
1091 344 1150 370 ἀπὸ
1169 343 1222 371 τοῦ
1237 344 1342 379 νόμου,
1359 345 1562 380 ἀποθανόντες
1576 348 1611 374 ἐν
1624 345 1648 382 ᾧ
1665 357 1764 375 κατει-

979 389 1099 424 χόμεθα.

1021 435 1066 461 Ἐν
1083 435 1122 471 τῷ
1150 436 1364 472 συμπεράσματι
1390 439 1440 464 οὐκ
1463 439 1569 473 εἰσάγει
1593 439 1767 466 ἀποθανόντα

981 479 1025 506 τὸν
1042 481 1133 515 νόμον,
1150 481 1194 508 διὰ
1207 483 1237 508 τὸ
1254 483 1291 517 μὴ
1307 483 1380 516 δόξαι
1408 482 1477 511 εἶναι
1491 485 1594 520 ἐπαχθῆ
1613 485 1768 519 (Ἱουδαῖοις

981 526 1034 561 γὰρ
1061 526 1146 562 λαλεῖ)
1156 547 1164 559 ,
1177 527 1244 553 ἀλλὰ
1260 529 1322 560 τοὺς
1339 529 1538 562 πιστεύσαντας
1552 531 1656 564 εἰσάγει
1667 531 1708 566 τῷ
1721 531 1769 557 θα-

981 573 1052 608 νάτῳ
1068 573 1186 608 Χριστοῦ
1209 573 1394 606 ἀποθανόντας
1418 575 1471 602 ἀπὸ
1485 575 1532 602 τοῦ
1552 577 1645 611 νόμου,
1664 577 1706 603 διὸ
1721 578 1770 604 καὶ

981 618 1221 654 ἐλευθερωθέντας.
1246 620 1276 646 Ei
1294 619 1340 647 οὖν
1363 621 1408 647 τοῦ
1425 622 1506 656 νόμου
1522 623 1704 654 ἀποθανόντος
1719 624 1771 651 οὒκ

982 664 1041 691 ἐστι
1052 664 1212 699 παραϐάτης
1221 665 1235 691 ὁ
1248 666 1463 700 καταλιμπάνων
1475 667 1556 694 αὐτὸν
1569 667 1616 694 καὶ
1629 669 1770 695 πιστεύων

982 710 1021 745 τῷ
1037 711 1142 746 Κυρίῳ,
1156 711 1244 747 πολλῷ
1257 711 1356 746 μᾶλλον
1370 713 1402 739 ἂν
1415 713 1463 740 καὶ
1478 713 1558 745 αὐτός
1577 723 1618 746 τις
1630 715 1771 750 ἀποθάνῃ,

983 755 1087 791 ὥσπερ,
1113 757 1189 791 φησὶ,
1211 758 1257 784 καὶ
1278 759 1358 793 ἡμεῖς
1382 759 1563 794 ἀπεθάνομεν,
1581 760 1692 787 λέλυται
1717 762 1773 788 ἀπὸ

983 803 1030 830 τοῦ
1045 803 1139 838 νόμου,
1158 803 1205 829 καὶ
1222 804 1269 830 οὐκ
1286 804 1342 831 ἔστι
1359 805 1528 840 παραϐάτης.
1552 815 1561 832 ι
1586 806 1635 833 Διὰ
1650 807 1698 833 τοῦ
1717 807 1774 833 σώ-

987 857 1070 885 ματος
1084 850 1130 875 τοῦ
1141 849 1270 885 Χριστοῦ.
1290 860 1298 876 ι
1316 850 1369 877 Τοῦ
1384 851 1585 884 θανατωθέντος
1597 852 1667 887 ὑπὲρ
1678 853 1772 888 ἡμῶν,

988 895 1209 929 συναπεθάνομεν
1234 896 1288 931 γὰρ
1314 897 1387 932 αὐτῷ
1410 899 1438 923 ὲν
1466 897 1504 933 τῷ
1524 897 1704 933 βαπτίσματι,
1724 899 1774 925 καὶ

987 942 1037 968 οὐκ
1059 941 1141 975 ἐσμὲν
1158 941 1281 968 ἑαυτῶν·
1303 942 1498 978 ὴγοράσθημεν
1513 944 1566 978 γὰρ
1580 944 1673 979 τιμῆς.
1696 954 1705 970 α
1726 945 1775 976 Et;

987 988 1018 1013 τδ
1032 986 1156 1021 γενέσθαι
1170 987 1240 1022 ὑμᾶς
1256 987 1351 1023 ἑτέρῳ.
1374 997 1384 1014 ι
1408 988 1452 1020 Ὠς
1464 989 1511 1015 τοῦ
1527 989 1608 1024 νόμον
1622 990 1776 1017 ἀποθανόν-

987 1042 1042 1065 τος.
1062 1033 1106 1059 Διὸ
1123 1033 1183 1060 οὒτε
1198 1034 1353 1069 παραϐάται
1370 1034 1583 1071 εὑρεθησόμεθα.
1606 1046 1615 1062 ι
1630 1036 1689 1063 Ἵνα
1701 1046 1775 1072 καρ-

989 1080 1187 1114 ποςςορήσωμεν
1210 1080 1248 1115 τῷ
1273 1080 1342 1115 Θεῷ.
1370 1090 1379 1106 ι
1404 1079 1469 1107 Εἶτα
1497 1082 1644 1117 προτρέπει
1679 1082 1775 1109 ἐλπίσι

989 1126 1134 1161 κρείττοσι.
1147 1126 1214 1153 Τότε
1231 1126 1280 1160 μὲν
1296 1127 1361 1160 γὰρ,
1381 1128 1459 1162 φησὶ,
1476 1128 1514 1163 τῷ
1531 1127 1638 1164 θανάτῳ
1653 1129 1776 1163 ἐκαρπο-

990 1172 1134 1207 φοροῦμεν,
1165 1172 1195 1199 τὸ
1220 1173 1273 1199 πᾶν
1297 1173 1394 1209 ἐκείνῳ
1417 1173 1594 1208 πράττοντες,
1618 1175 1665 1201 νῦν
1689 1175 1718 1202 δὲ
1735 1175 1777 1211 τῷ

989 1218 1058 1251 Θεῷ.
1076 1217 1240 1255 [ΘΕΟΔΩΡ.]
1263 1228 1272 1245 ι
1292 1219 1356 1246 Ὅτε
1383 1219 1437 1255 γὰρ
1459 1217 1529 1255 ἦμεν
1544 1221 1573 1247 ὲν
1599 1221 1631 1256 τῇ
1651 1221 1744 1256 σαρκί.
1763 1230 1774 1247 ι

989 1264 1134 1290 Τουτὲστιν
1149 1265 1177 1291 ὲν
1199 1266 1232 1300 τῇ
1259 1265 1329 1292 κατὰ
1345 1266 1426 1299 νόμον
1442 1265 1575 1302 πολιτεῖᾳ.
1599 1266 1694 1302 Σάρκα
1707 1267 1776 1302 γὰρ,

988 1311 1021 1345 τῇ
1038 1310 1118 1345 σαρκὶ
1131 1310 1276 1345 δεδομένας
1292 1311 1453 1346 νομοθεσίας
1472 1311 1623 1347 ὠνόμασεν,
1639 1313 1688 1344 τὰς
1709 1313 1778 1348 περὶ

991 1355 1117 1392 βρώσεως
1132 1357 1179 1383 καὶ
1194 1356 1300 1389 πόσεως
1316 1357 1363 1383 καὶ
1377 1357 1490 1392 λέπρας,
1505 1358 1619 1385 καὶτῶν
1633 1359 1777 1387 τοιούτων.

992 1413 1002 1429 ι
1027 1403 1071 1429 Ἑν
1087 1404 1119 1438 τῇ
1145 1403 1236 1438 σαρκὶ,
1255 1413 1263 1429 ι
1281 1403 1420 1430 τουτέστιν
1447 1405 1474 1430 ὲν
1501 1404 1539 1440 τῷ
1566 1406 1689 1440 σαρκικῷ
1712 1406 1777 1442 βίῳ.

990 1449 1047 1475 Οὐκ
1063 1447 1122 1475 εἷπε
1141 1449 1179 1482 δὲ,
1202 1450 1246 1476 Ἐν
1257 1449 1293 1484 τῷ
1304 1450 1389 1485 νόμῳ,
1407 1450 1449 1476 ἵνα
1473 1450 1510 1485 μὴ
1524 1450 1713 1486 ἁπαράδεχτος
1728 1453 1778 1486 γέ-

989 1504 1069 1530 νηται
1086 1503 1092 1510 -
1125 1494 1164 1522 ἔτι
1192 1495 1245 1531 γὰρ
1273 1495 1397 1522 ὲσέῦοντο
1415 1495 1461 1522 τὸν
1490 1496 1581 1531 νόμον.
1598 1511 1632 1516 —
1651 1506 1660 1522 (
1677 1497 1718 1523 Τὰ
1733 1497 1778 1524 διὰ

995 1541 1042 1568 τοῦ
1061 1541 1143 1576 νόμου
1175 1542 1326 1577 ἐνηργεῖτο.
1344 1551 1353 1567 ι
1378 1541 1415 1568 Οὐ
1433 1541 1487 1577 γὰρ
1515 1541 1600 1577 ᾔδειν,
1626 1542 1703 1577 φησὶ,
1728 1542 1780 1579 τὴν

991 1586 1150 1621 ἐπιθυμίαν,
1159 1587 1182 1614 ει
1195 1587 1256 1622 μὴὸ
1269 1587 1349 1621 νόμος
1363 1587 1481 1622 ἕλεγεν,‹
1495 1587 1551 1614 Οὐκ
1562 1588 1753 1624 ἐπιθυμήσεις.
1765 1598 1776 1615 ι

993 1633 1033 1659 Τὰ
1050 1632 1096 1659 οὖν
1110 1632 1153 1659 διὰ
1168 1633 1214 1659 τοῦ
1233 1633 1316 1668 νόμου
1331 1633 1529 1668 γνωριζόμενα.
1545 1634 1600 1661 Καὶ
1617 1634 1708 1665 πάλιν,
1728 1635 1781 1661 οὐκ

992 1677 1079 1712 εἴπεν,
1101 1679 1223 1714 Ἐνεργεϊ
1243 1680 1276 1706 τὰ
1303 1679 1382 1714 μέλη,
1401 1681 1444 1706 ἵνα
1467 1681 1504 1715 μὴ
1527 1681 1703 1716 κατηγορήσῃ
1728 1682 1780 1715 τῆς

994 1725 1104 1759 σαρκὸς,
1117 1725 1195 1758 ἀλλὰ,
1214 1735 1222 1750 ι
1245 1725 1458 1761 Ἐνηργεῖτο,εἰς
1469 1726 1499 1753 τὸ
1516 1726 1726 1762 καρποφορῆσαι
1740 1726 1781 1762 τῷ

993 1769 1126 1805 etv/dt:th
1141 1770 1247 1802 δεικνὺς
1264 1771 1363 1803 ἔξωθεν
1380 1772 1588 1806 παραγενόμενα
1598 1772 1723 1807 ἐνεργείᾳ
1732 1772 1780 1800 τοῦ

990 1818 1107 1849 Σατανᾶ,
1125 1818 1165 1849 εἰς
1179 1818 1209 1844 τδ
1228 1820 1445 1853 συνεισενεγκεῖν
1462 1818 1501 1854 τῷ
1522 1819 1639 1855 θανάτῳ.
1661 1819 1710 1846 Διὰ
1725 1821 1781 1855 γάρ

990 1860 1044 1890 τῶν
1061 1863 1214 1899 ἁμαρτιῶν,
1230 1863 1268 1899 τῷ
1284 1864 1392 1900 θανάτῳ
1417 1864 1656 1899 καρποφοροῦμεν.
1681 1874 1691 1890 ι
1710 1865 1780 1892 Νυνὶ

990 1909 1018 1936 δὲ
1035 1909 1249 1945 κατηργήθημεν
1263 1910 1316 1936 ἀπὸ
1327 1909 1373 1936 τοῦ
1385 1909 1479 1944 νόμου.
1495 1920 1504 1936 ›
1523 1910 1606 1937 Πάλιν
1619 1910 1649 1937 τὸ
1661 1910 1782 1946 ἐπαχθὲς

991 1954 1109 1989 φεύγων,
1145 1954 1194 1981 οὐκ
1230 1952 1309 1986 εἷπε,
1339 1955 1521 1990 Κατὴργηται
1552 1954 1566 1981 ὀ
1598 1955 1690 1989 νόμος,
1708 1954 1779 1988 ἀλλ’,

997 2010 1006 2027 ι
1031 2001 1127 2035 Ἡμεῖς
1141 2000 1194 2027 ἀπὸ
1207 2000 1253 2026 τοῦ
1267 2001 1349 2036 νόμου
1361 2000 1586 2036 κατηργήθημεν,
1607 2010 1615 2026 ι
1630 2000 1780 2034 τουτέστιν,

994 2045 1183 2080 ἀπολελύμεθα
1199 2047 1246 2073 καὶ
1269 2046 1472 2081 λελυτρώμεθα.
1489 2047 1582 2079 Διατίς
1604 2046 1711 2082 Ἐπειδὴ
1724 2048 1780 2073 ἀπ-

993 2091 1126 2126 εθάνομεν
1142 2091 1185 2118 διὰ
1196 2093 1246 2126 τῆς
1264 2092 1413 2127 ἁμαρτίας·
1431 2091 1502 2127 αὕτη
1512 2093 1565 2128 γὰρ
1578 2093 1594 2127 ἡ
1608 2092 1763 2127 κατέχουσα.
1773 2099 1780 2107 ·

995 2139 1042 2164 καὶ
1059 2137 1216 2172 ἡγέρθημεν
1231 2137 1261 2164 οὐ
1277 2138 1319 2164 διὰ
1334 2137 1380 2164 τοῦ
1398 2137 1491 2173 νόμου,
1506 2138 1575 2165 ἀλλὰ
1591 2138 1633 2164 διὰ
1647 2137 1693 2164 τοῦ
1711 2137 1781 2173 Χρι-

157 2182 230 2209 στοῦ.
245 2182 329 2218 Δῆλον
341 2183 388 2211 οὖν
405 2185 444 2212 ὅτι
457 2185 510 2212 ἀπὸ
525 2185 575 2220 μὲν
591 2185 637 2212 τοῦ
653 2185 736 2220 νόμον
751 2185 941 2222 ἁωλελὺμεθα
961 2186 999 2218 ὡς
1016 2185 1206 2218 ἀποθανόντες,
1224 2185 1400 2221 ὑπετάγημεν
1413 2185 1442 2211 δὲ
1459 2184 1497 2221 τῷ
1527 2185 1671 2220 ῥυσαμένῳ
1705 2185 1778 2219 ἡμᾶς

156 2229 202 2256 τοῦ
220 2230 333 2258 θανάτου
350 2232 470 2268 Χριστῷ.

415 2280 497 2316 236
511 2280 622 2309 CAPUT
640 2281 675 2310 Χ.

158 2333 196 2361 De
209 2335 425 2362 condemnatione
448 2340 636 2397 quaelpropter
656 2341 792 2372 percatum
812 2341 869 2364 arat
893 2337 941 2364 sub

525 2380 578 2397 eae.

525 2380 578 2406 ege.

193 2414 249 2446 VII,
266 2415 291 2448 6,
305 2415 330 2441 7.
348 2414 380 2442 Ut
391 2416 535 2442 serviamus
551 2425 598 2451 per
620 2417 762 2443 novitatem
786 2418 903 2451 spiritus,
920 2420 944 2443 et

157 2467 208 2486 non
223 2468 268 2495 per
280 2465 432 2488 vetustatem
457 2461 560 2490 littera}.
575 2462 644 2495 Quid
659 2471 720 2497 ergo
737 2464 876 2490 dicemus?
889 2462 944 2489 Leo;

157 2511 291 2540 peccatum
303 2507 364 2533 est?
379 2507 465 2534 Absit!
479 2507 530 2535 Sed
544 2515 679 2543 peccatum
695 2517 747 2536 non
764 2510 872 2543 cognovi
890 2509 942 2535 nisi

156 2547 202 2585 per
222 2551 313 2587 legem.
338 2553 407 2580 Nam
426 2558 449 2580 et
466 2555 704 2589 concupiscentiam
722 2556 869 2582 nesciebam
891 2555 942 2581 nisi

157 2598 200 2624 lca:
217 2599 324 2626 dixisset
340 2609 349 2627 .'
367 2600 426 2627 Non
445 2603 620 2636 concupisces.

192 2692 295 2721 Deinde
311 2702 345 2722 nc
364 2695 523 2723 existiment
543 2695 617 2730 quod
639 2704 654 2723 a
670 2696 730 2730 lege
752 2696 884 2728 absoluti,
899 2703 943 2723 se-

157 2745 223 2765 cure
245 2739 375 2775 deinceps
390 2749 470 2776 agere
491 2741 596 2775 possint
609 2749 670 2776 qua:
686 2741 782 2774 velint,
803 2741 885 2775 aliam
902 2741 945 2769 in-

158 2783 234 2811 ducit
245 2786 407 2813 servitutem
419 2787 597 2818 cxactiorem,
610 2791 677 2821 puta
686 2786 808 2820 spiritus.
826 2787 944 2815 Pulchre

158 2834 249 2856 autem
262 2830 338 2862 dicit,
352 2841 361 2856 ι
375 2832 427 2858 Per
441 2832 590 2859 novitatem
603 2841 610 2864 ;
630 2841 639 2858 ›
656 2840 746 2867 neque
761 2833 833 2859 enim
849 2833 944 2860 eadem

159 2879 224 2902 sunt
243 2879 344 2903 statuta
360 2877 386 2903 in
409 2877 485 2905 Novo
506 2878 682 2907 Testamento
704 2886 764 2913 qum
784 2879 849 2907 olim
864 2884 945 2908 erant

1289 2281 1414 2308 ΚΕΦᾹΔ.
1438 2280 1467 2308 l'.

992 2339 1062 2376 Περὶ
1077 2340 1131 2374 τῆς
1145 2339 1204 2367 ὑπὸ
1218 2339 1312 2372 νόμου
1331 2337 1534 2380 κατακρίσεως
1555 2335 1604 2362 διὰ
1621 2336 1677 2370 τὴν
1690 2335 1782 2370 ἀμαρ-

1343 2381 1421 2398 τίαν.

1030 2420 1119 2446 Ὥστε
1133 2418 1290 2445 δουλεύειν
1302 2416 1379 2451 ἡμᾶς
1393 2416 1428 2442 ἐν
1438 2416 1589 2448 καινότητι
1600 2415 1780 2449 πνεύματος,

993 2465 1044 2492 καὶ
1060 2466 1096 2492 οὐ
1111 2465 1286 2496 παλαιότητι
1302 2462 1480 2498 γράμματος.
1504 2461 1535 2487 TI
1556 2458 1612 2487 οὖν
1635 2460 1781 2494 ἐροῦμεν;

1000 2511 1032 2538 '0
1046 2512 1137 2545 νόμος
1153 2509 1298 2545 ἀμαρτ[α;
1313 2508 1361 2543 Μὴ
1373 2509 1499 2542 γένοιτο.
1523 2506 1612 2534 Ἀλλὰ
1623 2506 1680 2540 τὴν
1690 2506 1783 2540 ἁμαρ-

995 2559 1062 2584 τίαν
1076 2559 1130 2584 οὺκ
1147 2558 1254 2592 ἔγνων,
1283 2557 1309 2583 ει
1332 2555 1376 2590 μὴ
1392 2554 1441 2581 διὰ
1457 2555 1562 2588 νόμου.
1592 2552 1650 2586 Τήν
1671 2561 1703 2578 τε
1729 2553 1783 2586 γὰρ

995 2603 1154 2636 ἐπιθυμίαν
1173 2603 1228 2628 οὐκ
1244 2593 1338 2636 ᾔδειν,
1355 2599 1433 2635 ειμὴ
1448 2601 1464 2626 d
1480 2599 1572 2633 νόμος
1586 2599 1708 2632 ἑλεγενσ
1720 2598 1782 2624 οὐκ

996 2649 1202 2683 ἐπιθυμήσεις.

1031 2691 1097 2720 Εἶτα
1114 2695 1157 2720 ἵνα
1174 2693 1210 2729 μὴ
1225 2693 1382 2727 νομίσωσιν,
1407 2691 1448 2718 ὃτι
1473 2689 1654 2720 ἀπολυθέντες
1672 2687 1720 2714 τοῦ
1738 2688 1782 2715 νό-

996 2749 1058 2776 μου,
1073 2740 1165 2766 λοιπὺν
1180 2738 1198 2766 ἃ
1213 2737 1353 2774 βούλονται
1374 2736 1524 2767 ἀκινδύνως
1545 2734 1722 2770 πράττουσιν,
1735 2734 1782 2759 ἔπ-

996 2787 1056 2820 ἀγει
1073 2786 1156 2820 ἄλλην
1173 2783 1293 2811 δουλείαν
1308 2782 1518 2818 ἀκριϐεστέραν,
1535 2781 1583 2815 τὴν
1597 2780 1642 2805 τοῦ
1657 2778 1780 2812 πνεύμα-

995 2840 1050 2864 τος.
1067 2830 1164 2862 Καλῶς
1177 2830 1205 2857 δὲ
1219 2830 1259 2861 τὸ,
1279 2839 1287 2855 ι
1304 2828 1465 2863 Καινότητι,
1483 2837 1492 2852 ι
1510 2826 1603 2861 ἐπειδὴ
1618 2825 1648 2852 οὺ
1665 2825 1699 2850 τὰ
1711 2824 1780 2850 αὐτὰ

996 2879 1025 2903 ὲν
1054 2877 1087 2912 τῇ
1119 2876 1176 2912 Νέᾳ
1208 2874 1419 2911 ἑπιταττῆμεθα,
1446 2873 1516 2908 ἅπερ
1533 2872 1558 2898 οι
1578 2871 1660 2898 πάλαι
1682 2871 1712 2898 ὲν
1741 2869 1778 2905 τῷ
