1878 3054
63 148 122 181 449

605 144 799 175 COMMENT.
820 143 860 174 ΙΝ
880 142 998 172 EPIST.
1020 142 1070 172 AD
1089 141 1182 171 ROM.

1638 142 1692 175 450

66 202 158 237 νόμῳ,
173 201 242 228 ἀλλά
256 200 338 228 καινὰ
354 200 404 227 καὶ
418 199 466 227 νέα
480 199 708 234 παραγγέλματα,
721 199 768 226 καὶ
783 198 858 233 φιλο-

960 196 1052 223 littera
1069 196 1127 223 sive
1149 195 1178 222 in
1198 195 1258 230 lege
1278 194 1348 222 :sed
1371 203 1441 223 nova
1468 200 1532 223 sunt
1547 203 1694 233 praecepta,

69 247 227 284 σοφώτερα,
245 247 311 274 ὡσεὶ
335 244 494 279 εἷπεν,⁹’1να
519 245 688 280 δουλεύωμεν
710 245 766 276 τοῖς
790 244 861 275 νέοις

68 294 128 324 τοίς
139 294 171 319 ὲκ
185 292 231 319 τοῦ
250 291 409 327 Πνεύματος
421 292 573 324 ἐπιταγείσι
585 298 592 306 ·
607 290 654 316 καὶ
669 290 722 325 γὰρ
740 290 796 320 τοῖς
813 289 861 323 μὲν

71 339 202 374 ἀρχαίοις
215 337 247 365 τὸ
265 338 302 374 μὴ
317 337 448 372 φονεύειν,
464 337 529 371 ἡμῖν
542 336 572 363 δὲ
591 336 621 362 τὸ
638 336 675 371 μὴ
692 335 859 370 ὀργίζεσθαν

70 384 189 416 ὲκείνοις
218 383 256 420 μὴ
276 383 425 419 μοιχεύειν,
445 383 511 418 ἡμῖν
525 382 553 409 δὲ
566 382 598 409 τὸ
620 382 686 417 μηδὲ
707 381 861 416 περιέργως

72 432 142 466 ὀρᾷν
157 430 344 456 ἐπιτέτακται.
354 437 363 454 ι
376 429 429 456 Καὶ
438 428 468 455 οὺ
483 428 643 463 παλαιότητι
655 428 833 462 γράμματοςς
847 435 858 453 t

73 477 132 504 Οὐκ
145 475 186 502 ἔτι
200 476 254 511 γὰρ
265 476 279 501 ὸ
293 475 375 510 νόμος
389 475 541 506 ἐπιτάσσει,
554 473 622 500 ἀλλὰ
636 473 667 499 τὺ
680 472 799 508 πνεῦμα.
817 473 862 499 Ei-

75 521 136 549 πὼν
152 522 194 555 δὲ,
212 531 222 548 ‹
240 520 414 555 Παλαιότητι,
429 529 439 546 ι
457 519 540 552 ἔδειξε
559 519 588 545 τὸ
608 518 707 554 σαθρὸν
719 517 764 544 τοῦ
779 517 860 552 νόμου

76 568 124 595 καὶ
143 568 264 603 ἀχρεῖον.
277 567 335 593 Πᾶν
352 567 406 601 γὰρ
420 566 460 603 τὸ,
477 574 486 591 ι
505 564 714 600 παλαιούμενον,
727 564 803 598 φησὶ,
816 563 862 590 καὶ

76 601 230 650 ηράακον,
245 613 328 647 ἐγγὺς
342 601 505 646 ἀφανιᾶμοῦ.
521 620 530 637 ι
550 627 580 632 -
591 620 601 636 ι
615 611 647 638 Τί
657 609 702 638 οὗν
716 610 859 645 ἐροῦμεν.»

83 658 196 693 Ἐπειδὴ
223 655 311 689 εἶπεν,
348 666 357 682 ι
387 656 445 683 Ἰνα
469 655 639 691 δουλεΰωμεν
670 656 699 682 ἐν
723 655 862 689 καινότητι

79 705 247 738 πνεύματος,
269 712 279 729 ι
300 703 337 734 ὡς
352 702 399 729 τοῦ
419 702 468 737 μὲν
488 701 642 737 πνεύματος
659 699 801 733 σώζοντος,
816 700 862 727 τοῦ

78 751 107 778 δὲ
125 750 210 784 νόμου
227 749 264 784 μὴ
279 748 420 781 σώζοντος.
435 747 511 783 φησί.
528 747 559 773 Τί
582 745 639 778 οὖν.
663 746 736 772 εἴποι
752 754 804 778 τις,
823 745 864 772 ὅτι

80 797 95 823 ὸ
112 796 196 831 νόμος
221 794 384 830 ἁμαρτωλός
410 795 496 824 ἐστιν,
521 792 538 828 ἢ
566 791 699 828 ἁμαρτίας
714 791 862 827 πρόξενο;;

79 843 118 870 οὐ
135 841 227 873 τοῦτο,
243 840 320 876 φησι,
338 839 422 874 λέγω,
439 839 498 866 ἀλλ’
515 840 556 865 ὃτι
585 838 712 874 πρόξενός
741 845 787 872 μοι
817 837 863 864 τοῦ

79 888 187 924 γνῶναι
296 871 450 922 ἁμαρτίαν·
469 884 566 912 οὺκςῦν
595 871 641 911 καὶ
671 871 801 919 χειρόνως
823 892 865 910 τι-
882 871 901 898 Β

82 933 258 970 μωρηθήναι,
278 933 319 958 ὅτι
335 932 364 958 ἐν
378 930 580 965 γνώσειλοιπὺν
594 929 753 964 ἁμαρτάνω.
771 928 866 964 Ὅμως

81 981 152 1008 κατὰ
173 979 271 1014 μικρὸν
284 979 403 1005 δείκνυσι
417 977 462 1003 τὸν
494 976 574 1011 νόμον
589 976 634 1002 καὶ
650 982 866 1002 κατασκευαστι-

81 1026 129 1053 κὸν
150 1026 199 1059 τῆς
217 1023 363 1059 ἁμαρτίας,
379 1022 410 1049 οὐ
427 1022 480 1057 μὴν
497 1021 572 1057 παρὰ
588 1021 637 1056 τὴν
656 1020 758 1047 οίκείαν
776 1019 866 1054 φύσιν,

81 1071 151 1097 ἀλλὰ
167 1069 244 1105 παρὰ
259 1069 308 1103 τὴν
319 1068 408 1094 αὐτῶν
425 1067 534 1094 κακίαν.
547 1067 604 1093 Οὐκ
620 1063 691 1098 εἷπε,
707 1066 739 1092 Τί
758 1063 819 1098 οὖνς
839 1065 867 1091 '0

81 1117 164 1151 νόμος
176 1115 323 1146 ἀπέθανεν,
336 1114 352 1150 ἢ
364 1114 536 1149 κατήργηται
549 1112 640 1147 (τοῦτο
652 1112 706 1147 γὰρ
715 1111 866 1147 ﬁctilem);

81 1162 141 1191 ἀλλ’
155 1163 225 1196 ὅπερ
250 1161 311 1187 οὐδὲ
333 1159 407 1194 αὐτῷ
433 1159 531 1186 ἐδόκει.
553 1173 589 1178 -
604 1156 704 1194 [ΦΩΤ.]
732 1166 740 1182 ι
758 1156 789 1182 Τί
803 1155 866 1189 οὖν;

83 1210 179 1245 φησιν,
205 1210 220 1235 ὁ
234 1208 315 1243 νόμος
336 1206 474 1242 ἁμαρτίας
494 1214 504 1232 ›
524 1204 569 1231 Διδ
583 1204 692 1238 ἐπάγει,
719 1212 729 1229 ι
746 1203 792 1239 Μὴ
820 1202 866 1237 γι-

82 1256 177 1283 νοιτοί
197 1264 206 1281 ι
226 1255 283 1289 ἅμα
304 1252 446 1283 κάκείνους
470 1251 594 1284 λεαίνων,
608 1250 656 1277 καὶ
676 1250 706 1276 τὸ
722 1249 804 1276 αὑτοῦ
818 1249 869 1276 οὐκ

84 1302 217 1336 ἀναιρῶν.

119 1349 158 1374 οὐ
174 1348 230 1382 γὰρ
243 1347 267 1373 εί
281 1345 319 1382 μὴ
334 1346 406 1373 ἔστιν
419 1344 551 1381 ἁμαρτία,
570 1343 621 1379 ἤδη
634 1343 684 1370 οὐκ
701 1341 834 1369 ἀπέθανεν
851 1341 868 1377 ἢ

83 1394 114 1420 οὺ
131 1395 316 1428 κατήργηται,
327 1393 396 1426 ὅπερ
408 1392 511 1422 ἐκεῖνος
528 1390 575 1416 καὶ
591 1389 711 1416 ἐδείκνυε
731 1389 776 1414 καὶ
790 1387 869 1414 ἐϐού-

83 1440 156 1467 λετΟ,
176 1448 185 1464 ι
206 1439 235 1465 '0
258 1438 338 1472 νόμος
360 1437 496 1473 ἀμαρτία;
515 1445 524 1462 ι
543 1435 720 1470 Μετετράπη,
736 1434 829 1469 φησὶν,
856 1433 871 1459 ὀ

85 1487 167 1520 νόμος
193 1485 243 1521 τὴν
262 1486 353 1519 φύσιν,
371 1484 418 1509 καὶ
434 1483 545 1517 γέγονεν
564 1482 603 1512 είς
619 1480 755 1515 ἁμαρτίαν
775 1479 870 1512 ὠθῶν;

912 242 1053 277 magisque
1077 241 1158 276 plena
1182 241 1334 275 sapientia;
1354 248 1385 268 ac
1401 241 1423 268 si
1439 241 1553 269 dixisset
1567 250 1574 268 :
1588 242 1623 270 Ut
1638 251 1696 271 ser-

910 288 1017 316 viamus
1039 287 1118 315 novis
1141 287 1284 322 praeceptis
1297 295 1358 322 quae
1375 287 1476 314 dantur
1490 295 1505 314 a
1520 287 1633 322 Spiritu.
1652 288 1699 316 Si-

911 335 1022 370 quidem
1046 333 1168 368 antiquis
1193 337 1360 368 prreceptum
1388 337 1447 359 erat
1476 340 1530 360 non
1559 333 1696 364 occidere.

912 380 992 407 nobis
1007 385 1099 406 autem
1117 387 1172 406 non
1188 378 1267 406 irasci
1284 386 1292 404 :
1310 378 1366 405 illis
1384 386 1440 405 non
1463 378 1604 411 mmehari,
1617 378 1698 406 nobis

912 432 978 451 vero
992 431 1081 458 neque
1106 423 1214 450 curiose
1235 422 1380 450 intueri".
1403 432 1412 448 ι
1430 423 1463 450 Ει
1478 431 1533 450 ηοη
1555 431 1603 458 per
1617 429 1698 450 vetu-

913 475 1009 497 statem
1025 470 1132 497 litterae.
1153 479 1162 495 ι
1181 469 1241 496 Non
1260 469 1334 496 enim
1351 459 1395 496 lex
1413 462 1531 504 amplius
1543 469 1632 505 jubet,
1649 469 1698 496 sed

913 514 1037 548 spiriius.
1060 514 1158 542 Dicens
1176 518 1278 545 autem,
1303 523 1312 539 ‹
1337 514 1519 544 Vestutatem.
1544 524 1554 540 ι
1577 514 1699 542 ostendit

913 559 980 593 legis
1004 559 1223 594 antiquationem
1247 566 1279 586 ac
1299 559 1488 586 inutilitatem.
1508 559 1575 586 Nam
1594 569 1603 584 ε
1623 559 1697 594 quod

913 604 1072 639 antiquatur
1084 612 1117 632 ac
1133 604 1263 637 senescit,
1279 605 1380 639 inquit,
1401 605 1428 632 in
1445 605 1600 640 propinquo
1614 610 1657 633 est
1667 610 1697 632 ut

914 651 1106 678 evanescat”:
1121 660 1130 676 ι
1145 665 1179 670 -
1198 660 1206 676 ι
1224 650 1295 684 Quid
1307 658 1373 686 ergo
1386 651 1527 678 dicemus?
1540 660 1549 676 ι
1563 651 1698 684 Quoniam

914 695 1062 724 dixeratu
1080 696 1115 725 Ut
1135 697 1287 724 serviamus
1307 704 1357 731 per
1378 698 1527 724 novitatem
1541 698 1666 732 spiritus,
1686 707 1695 723 ι

914 742 992 777 quasi
1008 743 1130 770 salvante
1142 743 1251 777 spiritu,
1264 743 1323 778 lege
1342 750 1406 770 vero
1422 751 1476 770 non
1493 744 1627 776 salvante,
1638 744 1677 771 ait
1691 752 1697 770 :

915 789 985 822 Quid
1000 796 1075 824 ergo,
1091 789 1192 816 dixerit
1207 789 1354 824 quispiam,
1376 797 1442 816 num
1464 789 1506 816 lex
1521 794 1635 824 peccato
1650 789 1701 817 ob-

916 835 996 862 noxia
1010 839 1052 862 est
1065 839 1112 862 aut
1124 835 1230 869 peccati
1243 835 1436 863 conciliatrix?
1446 835 1505 862 Non
1521 835 1584 868 hoc,
1599 836 1699 871 inquit,

916 880 978 908 dico
992 880 1054 908 :sed
1069 880 1141 915 quod
1154 881 1342 908 conciliaverit
1355 881 1420 908 mihi
1437 881 1562 908 notitiam
1574 881 1678 916 peccati
1692 890 1700 908 :

916 926 1032 960 proinde
1040 926 1151 961 gravius
1158 926 1241 954 etiam
1255 927 1364 961 punior.
1374 926 1448 962 quod
1458 926 1590 962 deinceps
1599 927 1701 960 sciens,

916 979 1030 1006 peccare
1049 972 1215 1005 convincor;
1238 972 1440 1007 aliquantulum
1465 977 1558 1000 tamen
1580 973 1703 1000 ostendit

916 1017 1004 1052 legem
1021 1017 1165 1052 cooperari
1187 1017 1220 1044 ad
1241 1022 1394 1052 peccatum,
1415 1026 1588 1053 nequaquam
1603 1026 1636 1045 ex
1653 1027 1702 1046 sua

917 1067 1024 1097 natura,
1046 1064 1092 1091 sed
1109 1068 1222 1098 propter
1238 1064 1359 1098 ipsorum
1377 1064 1521 1092 malitiam.
1543 1064 1601 1091 Non
1621 1064 1701 1096 dixit,

918 1109 988 1143 Quid
1003 1110 1088 1146 ergo?
1101 1109 1157 1137 Lex
1168 1114 1276 1137 mortua
1292 1114 1344 1142 est,
1361 1115 1409 1137 aut
1423 1110 1556 1137 dissoluta
1573 1111 1634 1138 est?
1646 1109 1704 1138 Hoc

917 1157 990 1184 enim
1003 1161 1031 1183 et
1045 1157 1102 1192 ipse
1115 1156 1262 1189 sentiebat,
1275 1155 1323 1183 sed
1340 1156 1366 1183 id
1383 1155 1456 1191 quod
1473 1164 1507 1184 ne
1523 1157 1574 1191 ipsi
1591 1157 1703 1192 quidem

918 1202 1115 1230 videbatur.—-
1126 1212 1135 1228 ι
1147 1201 1217 1235 Quid
1232 1209 1297 1237 ergo
1307 1201 1380 1229 TLex
1393 1206 1536 1236 peccatum
1548 1202 1609 1230 est?
1618 1212 1628 1229 |
1639 1202 1704 1230 ideo

919 1248 1058 1284 subjungit
1082 1257 1088 1274 :
1107 1257 1116 1273 ι
1141 1247 1234 1274 Absit!
1255 1257 1264 1273 ›
1282 1247 1364 1275 simul
1382 1251 1411 1275 et
1428 1248 1490 1276 illos
1516 1249 1654 1284 mitigans,
1677 1252 1705 1277 et

919 1291 991 1327 quod
1005 1299 1084 1318 suum
1103 1297 1162 1318 crat
1177 1299 1230 1318 non
1246 1291 1384 1319 auferens.

955 1338 1035 1372 287
1044 1337 1217 1372 Nequeenim
1225 1337 1247 1364 si
1255 1337 1297 1364 lex
1304 1341 1446 1371 peccatum
1454 1344 1508 1364 non
1514 1341 1565 1370 est,
1573 1338 1707 1366 continuo

920 1385 1045 1419 sequitur
1060 1385 1197 1411 mortuam
1209 1390 1265 1410 non
1279 1390 1342 1411 esse
1357 1387 1405 1410 aut
1415 1383 1543 1415 solutam,
1558 1383 1632 1418 quod
1648 1383 1706 1418 ipse

921 1430 1129 1458 demonstrabat
1139 1434 1166 1456 et
1181 1429 1351 1457 intendebat.
1367 1438 1375 1455 t
1393 1428 1448 1456 Lex
1464 1434 1607 1464 peccatum
1620 1430 1680 1457 est?
1695 1439 1705 1456 ι

922 1477 1047 1509 Mutavit,
1065 1476 1165 1511 inquit,
1181 1476 1224 1503 lex
1236 1480 1375 1508 naturam.
1389 1479 1416 1502 et
1428 1476 1498 1503 facta
1511 1479 1552 1503 est
1566 1476 1600 1504 ad
1616 1484 1709 1512 pecca-

85 1532 166 1568 οὐχὶ,
183 1531 276 1566 φησίν.
295 1531 362 1561 Ἰδες
377 1530 435 1560 πῶς
451 1526 588 1562 πανταχοῦ
604 1526 654 1562 τῆς
662 1525 799 1561 ἁμαρτίας
813 1525 871 1560 ἐχε-

956 1532 980 1550 m
994 1523 1159 1558 impellens?
1173 1523 1243 1555 Non,
1263 1522 1361 1557 inquit.
1383 1521 1465 1549 Vides
1477 1529 1531 1556 quo
1546 1526 1626 1557 pacto
1645 1522 1708 1549 ubi-

85 1587 142 1610 ται,
159 1579 206 1604 τὸν
216 1578 298 1612 νόμον
312 1576 489 1604 ἀπαλλάττων
503 1572 670 1609 κατηγορίας
684 1573 810 1607 ἀπάσηςς
826 1571 871 1597 Διὸ
885 1602 890 1606 ν

87 1626 135 1651 καὶ
151 1625 288 1659 ἐπήγαγε,
304 1623 391 1657 λέγων
401 1630 408 1637 ·
425 1630 435 1648 ι
455 1621 535 1647 Ὥστε
556 1621 570 1647 ὁ
585 1620 667 1654 νόμος
692 1618 780 1652 ἅγιος,
795 1617 841 1644 καὶ
856 1617 872 1652 ἡ

87 1669 184 1705 ἰντολὴ
199 1669 265 1703 ἁγία
279 1669 326 1695 καὶ
341 1667 441 1702 ἀγαθή.
458 1676 467 1693 ι
492 1665 560 1694 Ἀλλ’
573 1666 598 1691 εἱ
613 1664 750 1700 βούλεσθε,
764 1662 875 1690 καὶτῶν

88 1716 317 1752 παραποιούντων
331 1715 380 1746 τὰς
395 1713 538 1748 ἐξηγήσεις
552 1712 653 1744 ταύτας
669 1712 709 1741 si;
727 1710 809 1745 μέσον
828 1708 875 1735 τὸν

87 1763 168 1796 λόγον
183 1762 332 1796 ἀγάγωμεν
356 1759 428 1786 οὕτω
435 1759 490 1794 γὰρ
502 1758 656 1793 σαφέστερα
671 1756 706 1783 τὰ
717 1756 783 1791 παρ’
797 1755 875 1790 ήμῶν

87 1809 236 1844 λεγόμενα.
257 1807 334 1838 Τινὲς
360 1806 415 1840 γὰρ
441 1804 568 1836 ἐνταῦθα,
593 1803 625 1830 οὐ
645 1802 710 1838 περὶ
730 1801 777 1828 τοῦ
793 1801 875 1835 νόμου

89 1855 230 1885 Μωῦσὲως
240 1853 320 1880 αὐτόν
335 1859 401 1887 φασι
414 1851 504 1884 λέγειν
514 1849 547 1875 τὸ
560 1848 705 1882 λεγόμενα,
716 1846 774 1873 ἀλλ’
790 1845 815 1871 oi
828 1845 876 1880 μὲν

91 1900 154 1936 περὶ
172 1899 220 1926 τοῦ
237 1897 364 1932 φυσικοῦ,
378 1896 453 1924 ἄλλοι
469 1895 497 1922 δὲ
513 1895 578 1929 περὶ
593 1893 644 1928 τῆς
660 1892 770 1927 ἐντολῆς
786 1892 835 1926 τῆς
849 1892 877 1917 ὲν

89 1946 128 1982 τῷ
141 1945 301 1980 παραδείσῳ
321 1943 455 1977 δοθείσης.
471 1941 525 1968 Καὶ
548 1940 601 1974 μὴν
617 1937 754 1973 πανταχοῦ
776 1936 877 1967 σκοπὶις

89 1993 129 2028 τῷ
155 1991 256 2026 Παύλῳ
280 1990 374 2017 τοῦτον
401 1987 554 2021 ἀναστῆσαι
574 1985 620 2012 τὸν
645 1984 736 2019 νόμον.
762 1982 834 2018 Πρὸς
850 1981 878 2008 δὲ

91 2039 226 2070 ἐκείνους,
238 2037 334 2064 οὐδένα
349 2035 428 2070 λόγον
439 2034 507 2070 ἔχει,
526 2032 573 2060 καὶ
587 2031 659 2067 μάλα
674 2030 796 2061 είκὸτως.
812 2028 879 2056 Τοῦ-

92 2093 138 2111 τον
155 2084 210 2119 γὰρ
232 2082 352 2109 Ἰουδαῖοι
372 2080 521 2110 δεδοικότες
538 2078 586 2105 καὶ
606 2077 764 2112 τρέμοντες,
790 2075 880 2110 ἐφιλο-

92 2119 200 2158 νείκουν
214 2132 247 2164 τῇ
263 2130 366 2164 χάριτι.
382 2126 439 2160 Τὴν
453 2126 481 2152 δὲ
496 2123 606 2157 ἐντολὴν
624 2123 673 2156 τὴν
690 2122 714 2149 ἐι
733 2120 771 2156 τῷ
789 2129 880 2155 παρα-

94 2178 186 2212 δείσῳ,
198 2176 260 2203 οὐδὲ
270 2176 350 2209 νόμον
363 2174 427 2199 ποτε
439 2172 564 2206 φαίνεται
577 2168 703 2199 καλέσας,
719 2167 773 2193 οὐδ’
788 2166 880 2197 αὐτὸς,

923 1577 977 1604 que
993 1573 1104 1604 peccato
1119 1576 1277 1601 occurrens,
1287 1568 1374 1603 legem
1392 1567 1467 1594 omni
1482 1568 1580 1595 liberet
1594 1575 1708 1595 accusa-

924 1615 1020 1642 tione?
1032 1615 1096 1642 Ideo
1108 1614 1190 1641 etiam
1201 1614 1325 1650 adjunxit
1338 1621 1344 1639 :
1363 1622 1372 1638 ‹
1385 1612 1481 1648 Itaque
1494 1613 1537 1640 lex
1550 1617 1644 1640 sancta
1653 1616 1708 1645 est,

924 1666 952 1689 et
979 1665 1146 1696 praeceptum
1166 1664 1302 1691 sanctum,
1322 1659 1483 1694 justumque
1508 1665 1541 1685 ac
1563 1657 1676 1685 bonum.
1697 1667 1706 1683 I

924 1707 1037 1739 Verum,
1048 1707 1070 1734 si
1081 1706 1179 1742 placet,
1190 1705 1300 1732 illorum
1313 1711 1424 1739 quoque
1439 1710 1594 1730 sermonem
1611 1702 1637 1729 in
1650 1711 1709 1730 nie-

925 1753 1002 1780 dium
1024 1752 1204 1787 proferamus,
1223 1750 1269 1786 qui
1293 1751 1342 1778 has
1362 1753 1524 1785 pervertunt
1554 1750 1709 1776 enarratio-

925 1807 975 1826 nes
989 1807 995 1825 ;
1014 1798 1050 1825 ita
1064 1798 1136 1825 enim
1150 1797 1335 1824 manifestiora
1349 1795 1414 1823 fient
1424 1803 1508 1831 quaee
1523 1795 1602 1823 nobis
1614 1795 1711 1822 dicun-

927 1849 981 1872 tur.
994 1843 1062 1871 Nam
1077 1843 1188 1878 quidam
1206 1842 1250 1869 hic
1266 1850 1320 1868 non
1334 1841 1369 1868 de
1382 1841 1448 1868 Mosi
1463 1842 1521 1877 lege
1536 1841 1629 1868 dicere
1647 1849 1711 1868 eum

926 1894 1053 1917 asserunt
1070 1897 1130 1924 qua:
1147 1889 1287 1920 dicuntur,
1301 1887 1348 1914 sed
1364 1887 1390 1914 lii
1408 1887 1519 1922 quidem
1535 1886 1569 1913 de
1587 1887 1646 1922 lege
1662 1895 1712 1913 na-

928 1936 1026 1965 turali.‘
1052 1935 1097 1962 alii
1123 1941 1188 1961 vero
1209 1933 1243 1960 de
1271 1937 1407 1968 praecepto
1430 1932 1504 1967 quod
1527 1932 1554 1959 in
1580 1932 1711 1959 Paradiso

927 1983 1020 2009 datum
1033 1986 1083 2008 est.
1097 1979 1178 2015 Atqui
1190 1987 1289 2014 scopus
1302 1978 1403 2013 ubique
1420 1978 1505 2005 Paulo
1519 1982 1561 2005 est
1574 1978 1643 2004 hanc
1658 1978 1714 2004 ele-

928 2035 992 2055 vare
1011 2027 1119 2062 legem;
1135 2026 1206 2053 circa
1225 2025 1285 2052 illas
1298 2029 1389 2052 autem
1409 2032 1443 2051 ne
1467 2024 1580 2051 verbum
1601 2023 1713 2058 quidem

929 2074 993 2101 facit
1010 2073 1096 2100 ullum
1114 2081 1121 2099 :
1138 2071 1220 2107 idque
1239 2072 1302 2107 jure
1319 2071 1434 2106 optimo.
1454 2070 1522 2097 Nam
1545 2070 1616 2097 hanc
1632 2069 1714 2097 veriti

929 2120 1015 2148 Judzei
1045 2128 1076 2146 ac
1099 2123 1257 2151 trementes,
1279 2117 1484 2145 contendebant
1501 2117 1632 2144 adversus
1653 2123 1716 2151 gra-

930 2167 1007 2193 tiam.
1034 2165 1205 2199 Prmeeptum
1227 2164 1292 2190 item
1319 2162 1391 2198 quod
1414 2163 1443 2189 in
1466 2162 1597 2189 Paradiso
1622 2161 1715 2188 datum

94 2224 146 2250 οὐδ’
159 2206 245 2253 ,ἀλλος
259 2206 354 2251 οὐδεὶς.
371 2219 430 2246 Ίνα
452 2217 480 2244 δὲ
494 2216 543 2243 καὶ
557 2214 648 2242 αὐτῶν
659 2213 714 2240 τῶν
729 2211 872 2247 είρημένωι

955 2217 984 2244 τι,
995 2218 1135 2246 nunquam
1149 2214 1196 2237 aut
1210 2209 1254 2236 hic
1268 2208 1418 2243 Apostolus
1436 2212 1482 2234 :Iut
1498 2207 1568 2234 alius
1580 2206 1716 2241 quispiam

95 2269 173 2295 τοῦτο
186 2267 353 2301 σαφέστερον
363 2264 484 2298 γένηται,
496 2260 684 2295 ἐπεξέλθωμεν
698 2259 753 2290 ’τοῖς
767 2258 881 2294 ῥήμασι,

98 2315 194 2351 μικρὸν
221 2313 350 2347 ἀνωτέρω
373 2312 419 2338 τὸν
446 2309 526 2344 λόγον
550 2307 710 2342 ἀγαγόντες.
738 2306 805 2340 Περὶ
829 2304 883 2351 γὰρ

98 2361 234 2391 πολιτείας
251 2358 380 2394 ἀκριϐοῦς
400 2357 491 2388 αὐτοῖς
514 2353 676 2389 διαλεχθεὶς,
699 2352 822 2386 ἐπήγαγε
840 2350 883 2377 λὲο

96 2413 161 2442 των·
176 2415 186 2432 ι
198 2406 235 2432 "H
249 2405 380 2439 ἀγνοεῖτε,
393 2402 515 2436 ἀδελφοὶ,
527 2401 568 2427 ὅτι
584 2401 598 2426 ὁ
609 2400 690 2434 νόμος
703 2396 825 2433 κυριεύει
835 2395 883 2422 τοῦ

97 2452 255 2488 ἀνθρώπου.
280 2451 321 2485 ἐφ’
342 2449 404 2476 ὅσον
424 2449 518 2484 χρόνον
542 2447 594 2482 (ﬁ;
625 2445 708 2473 Ὥστε
732 2444 780 2471 καὶ
803 2442 884 2476 ὑμεῖς

98 2497 289 2532 ιοανατώθητε
310 2495 349 2531 τῷ
363 2495 448 2529 νόμῳ.
470 2502 480 2520 ι
505 2491 610 2520 Οὐκοῦν
624 2491 649 2517 εί
663 2490 727 2525 περὶ
741 2488 788 2516 τοῦ
803 2496 882 2522 φυσι-

99 2545 146 2572 κοῦ
158 2544 247 2571 ταῦτα
261 2543 379 2577 είρηται,
392 2538 596 2575 εὑρεθησόμεθα
613 2537 650 2573 μὴ
673 2536 780 2570 ἔχοντες
801 2534 883 2568 νόμον

100 2591 226 2626 φυσικόν.
252 2590 284 2616 ΕΙ
306 2588 336 2615 δὲ
355 2587 433 2614 τοῦτο
458 2585 567 2621 ἀληθὶς,
591 2583 645 2609 τῶν
668 2582 774 2616 ἀλόγων
801 2579 884 2615 ἔσμεν

100 2638 285 2674 ἀνοητότεροι.
307 2634 378 2661 Ἀλλ’
395 2633 444 2660 οὐκ
458 2632 516 2658 ἑστι
529 2630 626 2658 ταῦτα.
640 2627 707 2663 Περὶ
727 2627 785 2674 γὰρ
794 2626 841 2652 τοῦ
857 2626 885 2674 ὲν

100 2684 138 2719 τῷ
152 2669 313 2719 παραδείσῳ
336 2679 395 2707 οὐδὲ
411 2677 572 2713 φιλονεικεῖν
597 2673 756 2719 ἀναγκαῖον⁷
772 2671 816 2698 ἵνα

103 2716 228 2766 περιττὸν
249 2725 443 2761 ὰναδεξὼμεθα
457 2725 537 2751 πόνον
552 2721 620 2757 πρὸς
636 2721 672 2747 τὰ
687 2716 886 2766 ὡμολογημένα

104 2763 294 2811 ἀποδυόμενοι.
316 2774 378 2805 Πῶς
398 2772 457 2804 οὖν,
473 2780 482 2796 ί
500 2770 565 2804 Τὴν,
577 2766 714 2804 ἁμαρτίαν
727 2764 776 2792 οὐκ
791 2763 876 2797 ἔγνων

138 2865 161 2880 ³³
174 2863 270 2891 Matth.
285 2870 300 2891 v
311 2882 320 2898 ,
338 2862 370 2890 2i
386 2869 463 2896 seqq.
507 2859 530 2876 “
545 2857 628 2887 Hebr.
646 2864 704 2889 Vlll,
722 2855 765 2882 l5.

930 2258 1018 2293 legem
1037 2257 1147 2283 videtur
1170 2254 1332 2290 appellasse.
1360 2252 1396 2280 Ut
1415 2257 1507 2279 autem
1533 2251 1587 2278 hoc
1613 2259 1660 2286 per
1685 2258 1717 2278 ea

931 2305 1013 2333 etiam
1040 2311 1101 2338 quae
1127 2302 1199 2330 dicta
1223 2305 1287 2329 sunt
1313 2300 1359 2328 ﬁat
1380 2298 1564 2329 manifestius,
1591 2303 1717 2324 sermone

932 2352 1013 2386 paulo
1037 2350 1118 2378 altius
1146 2347 1273 2384 repetito,
1300 2345 1392 2374 verbis
1420 2350 1633 2380 prosequamur.
1665 2341 1717 2370 Ubi

932 2398 1006 2426 enim
1034 2397 1068 2424 de
1092 2395 1179 2431 proba
1204 2392 1416 2422 conversatione
1445 2390 1500 2418 illis
1527 2389 1718 2420 disseruisset,

933 2442 1074 2479 subjunxit
1085 2441 1181 2468 dicens
1196 2449 1203 2464 :
1224 2449 1233 2466 ι
1250 2439 1291 2466 An
1304 2436 1445 2474 ignoratis,
1463 2436 1571 2467 fratres,
1588 2435 1660 2469 quod
1676 2434 1720 2461 lex

937 2489 1095 2517 dominetur
1114 2485 1221 2514 homini
1235 2488 1338 2521 quanto
1354 2488 1477 2518 tempore
1501 2481 1587 2509 vivit?
1601 2479 1721 2508 Proinde

937 2543 987 2563 vos
1001 2541 1110 2570 quoque
1126 2531 1282 2560 mortificati
1292 2530 1359 2558 estis
1374 2529 1438 2564 legi.
1455 2537 1465 2554 ι
1482 2528 1575 2562 Itaque
1587 2526 1609 2554 si
1625 2525 1658 2553 de
1668 2532 1723 2570 Ana-

939 2568 1020 2608 turali
1033 2568 1092 2614 lege
1109 2578 1167 2605 haec
1188 2577 1261 2604 dicta
1276 2579 1352 2607 sunt,
1372 2573 1548 2602 inveniemur
1568 2568 1722 2614 naturalem

940 2633 995 2652 non
1009 2612 1110 2651 habere
1122 2623 1209 2657 legem
1224 2629 1231 2647 :
1245 2619 1317 2655 quod
1328 2618 1351 2646 si
1368 2618 1420 2645 hoc
1435 2623 1531 2644 verum
1546 2618 1598 2646 est,
1613 2612 1723 2640 irratio-

940 2670 1050 2698 nalibus
1061 2666 1264 2702 insipientiores
1278 2671 1372 2692 sumus
1384 2671 1391 2690 :
1405 2662 1451 2690 sed
1464 2661 1523 2688 haec
1533 2667 1586 2687 non
1599 2658 1636 2685 ita
1647 2661 1721 2683 sunt.

940 2717 978 2744 De
988 2723 1020 2743 ea
1037 2722 1102 2742 vero
1119 2720 1180 2748 qum
1197 2712 1223 2738 in
1244 2709 1377 2738 Paradiso
1396 2708 1459 2735 data
1477 2710 1530 2738 est,
1549 2711 1584 2731 ne
1599 2708 1724 2729 necessa-

942 2763 1014 2790 rium
1026 2746 1137 2796 quidem
1151 2762 1194 2787 est
1207 2756 1375 2786 contendere
1387 2762 1394 2782 :
1408 2762 1443 2781 ne
1457 2750 1626 2787 superﬂuum
1636 2746 1724 2776 susci-
