1878 3054
155 111 205 144 651

681 107 878 139 (ECUMENII
897 107 1042 138 TRICC/E
1058 106 1227 137 EPISCOPI

1726 103 1791 136 452

154 169 263 204 piamus
283 167 419 200 laborem,
442 167 514 194 circa
542 173 573 194 ea
591 173 652 201 quae
671 165 699 192 in
715 166 841 193 confesso
861 169 936 197 sunt,
952 186 957 199 Α

1035 165 1064 199 ιὴ
1086 165 1131 191 διὰ
1144 164 1246 199 νόμους
1266 172 1275 190 ι
1295 163 1333 190 Οὐ
1356 164 1406 199 τὴν
1427 163 1540 191 καθόλου
1564 163 1651 198 λέγων
1667 164 1790 198 ἄγνοιαν

156 214 233 241 illum
247 213 445 248 aggredientes.
461 211 603 245 Quomodo
619 219 684 246 ergo
695 211 733 238 ait
746 219 752 236 :
769 220 778 236 ι
794 211 939 238 Peccatum

157 267 212 286 non
231 259 345 294 cognovi
361 258 413 284 nisi
424 257 591 292 perlegem?
608 266 617 282 ι
642 256 710 284 Cum
727 257 780 284 hoc
795 256 873 289 dicit,
886 262 942 283 non

158 304 345 332 omnimodam
368 304 484 330 intendit
500 303 692 337 ignorantiam,
712 303 759 330 sed
776 303 942 330 exactiorem

159 350 356 385 cognitionem.
382 349 447 375 Nam
472 349 492 375 si
510 348 544 374 de
558 349 675 375 naturali
692 349 750 383 lege
771 349 822 375 hoc
839 348 942 375 dictum

158 401 210 427 est,
232 396 369 430 quomodo
391 394 418 420 in
442 394 621 428 sequentibus
642 394 715 420 hunc
734 394 815 420 habet
840 401 944 420 sermo—

158 448 221 467 nem
238 450 244 467 :
265 449 274 465 ι
292 440 349 474 Ego
367 443 459 466 autem
477 439 600 466 vivebam
614 439 750 473 quondam
768 439 827 466 sine
840 438 918 473 lege?
932 447 940 463 ι

160 487 255 521 Neque
268 486 339 513 enim
353 485 439 512 Adam
455 492 546 519 neque
563 485 634 512 alius
648 485 793 519 quisquam
811 485 893 511 homo
906 484 946 511 vi-

158 533 240 559 detur
259 539 379 567 unquam
395 531 454 558 sine
476 532 595 562 naturali
614 531 713 558 vixisse
734 531 802 566 lege.
824 531 891 558 Nam
910 530 946 557 si-

159 579 216 605 mul
244 582 274 604 ut
302 578 379 604 illum
407 577 536 614 formavit
559 577 639 609 Deus,
666 578 749 604 etiam
777 585 836 604 eam
859 577 946 612 ipsam

156 623 244 656 legem
277 622 314 649 illi
349 622 488 656 imposuit,
519 621 700 648 domesticum
742 622 946 649 munimentum

159 669 234 696 omni
263 675 369 695 natura:
394 669 575 696 constituens.
598 668 734 695 Prarterea
755 675 863 703 quoque
879 676 946 695 nus-

159 723 242 750 quam
266 715 378 742 videtur
387 715 475 750 legem
486 714 640 741 naturalem
648 722 760 741 vocasse
770 719 946 749 praeceptum,

162 761 247 795 288
268 761 338 787 hanc
362 765 454 787 autem
475 765 503 788 et
525 765 691 795 pmceptum
712 759 780 787 dicit
799 764 827 787 et
844 760 947 795 justum

162 811 345 839 sanctumque
370 808 460 837 vocat,
485 812 517 831 ac
541 805 629 839 legem
660 804 840 839 spiritualem.
867 813 876 829 ι
896 803 948 831 Sed

991 212 1071 238 τοῦτο
1081 211 1166 245 λέγει.
1182 210 1250 237 ἀλλὰ
1263 211 1312 245 τὴν
1327 210 1527 246 ἁκριόεστέραν
1545 210 1656 244 γνῶσιν.
1680 210 1712 237 Et
1726 211 1791 246 γὰρ

992 258 1057 293 περὶ
1071 257 1118 284 τοῦ
1133 257 1247 291 φυτικοῦ
1262 256 1340 283 τοῦτο
1352 257 1469 292 εἴρηται,
1482 258 1540 288 πῶς
1551 257 1583 284 ἂν
1598 257 1628 283 τὺ
1642 257 1707 292 ἑξῆς
1723 257 1791 291 ἔχει

992 304 1088 339 λόγους
1107 313 1117 330 ι
1141 303 1212 338 Ἐγὼ
1228 303 1282 338 γὰρ
1301 304 1369 336 ἔζων
1382 303 1467 338 χωρὶς
1485 304 1569 339 νόμου
1586 303 1664 330 ποτέ.
1683 313 1692 329 ι
1712 304 1791 330 Οὔτε

993 352 1048 386 γὰρ
1074 350 1169 385 Ἀδὰμ,
1189 350 1250 377 οὔτε
1273 350 1351 381 ἄλλος
1376 350 1518 386 ἄνθρωπος
1537 350 1635 382 οὐδεὶς,
1652 350 1791 376 οὐδέποτε

995 397 1079 432 χωρὶς
1092 397 1173 432 νόμου
1188 397 1303 431 φυσικοῦ
1325 397 1448 432 φαίνεται
1464 397 1558 432 ζήσας.
1584 396 1669 431 Ὀμοῦ
1684 405 1714 423 τε
1727 397 1791 431 γὰρ

996 445 1081 479 αὐτὴν
1096 444 1213 470 ἔπλασεν
1231 445 1244 470 ὁ
1260 444 1336 476 Θεὸς,
1353 444 1399 470 καὶ
1417 444 1520 470 ἐκεῖνον
1536 443 1617 470 αὑτὸν
1636 443 1722 470 ἐτίθει
1737 443 1791 470 τὶν

995 490 1078 524 νόμον
1094 489 1178 523 αὐτῷ,
1193 489 1315 516 σύνοικον
1328 489 1436 524 ἀσφαλῆ
1452 487 1662 524 παρακαθιστὰς
1680 485 1792 522 τῇφὺ-

997 543 1038 561 σει
1056 535 1140 570 πάσῃ.
1156 535 1247 568 Χωρὶς
1259 535 1287 561 δὲ
1299 534 1405 567 τούτου,
1420 534 1538 570 οὐδαμοῦ
1561 526 1693 568 φαίνεται
1709 534 1793 559 ἐντο-

997 581 1046 617 λὴν
1059 581 1104 606 τὸν
1120 581 1232 614 φυσικδν
1244 581 1325 616 νόμον
1342 581 1469 613 καλέσας.
1486 580 1587 607 Τοῦτον
1600 580 1628 606 δὲ
1641 580 1690 606 καὶ
1706 580 1790 606 ἐντο-

997 626 1046 661 λὴν
1066 627 1113 652 καὶ
1123 626 1229 652 δικαίαν
1243 627 1290 653 καὶ
1311 626 1391 660 ἁγίαν
1403 627 1482 653 καλεῖ
1498 626 1545 652 καὶ
1557 625 1639 660 νόμον
1660 633 1794 659 πνευμα-

998 672 1083 698 τικόν.
1098 681 1107 698 ι
1129 672 1208 698 ’Δλλὰ
1217 671 1265 708 τὴν
1277 673 1414 707 ἁμαρτίαν
1425 673 1476 699 οὐκ
1489 672 1584 706 ἔγνων.
1599 681 1608 697 ι
1625 671 1683 697 οὐκ
1696 668 1792 701 εἶπεν,

1005 717 1086 744 Ἄ),λά
1111 717 1160 752 τὴν
1186 718 1321 754 ἁμαρτίαν
1343 719 1393 744 οὐκ
1417 717 1544 753 ἐποίησα,
1566 717 1590 743 εἰ
1609 717 1646 752 μὴ
1666 716 1722 742 -διὰ
1743 717 1794 742 νό-

1002 772 1065 799 μον,
1097 764 1166 796 ἀλλ’,
1194 773 1204 790 ‹
1222 765 1276 791 Οὐκ
1291 765 1385 798 ἔγνων.
1414 773 1423 789 ι
1449 764 1530 790 Ὥστε
1547 764 1576 789 οὐ
1612 762 1658 789 τοῦ
1684 762 1792 793 ποιεῖν,

1001 811 1069 836 ἀλλὰ
1082 810 1128 836 τοῦ
1141 810 1329 844 διαγινώσκειν
1344 811 1393 845 τὴν
1408 810 1556 845 ἁμαρτίαν,
1571 810 1586 835 ὁ
1595 809 1677 843 νόμος
1688 808 1761 835 alito
1771 817 1792 838 '.

161 855 304 885 peccatum
317 857 372 877 non
389 850 513 885 cognovi.
529 859 538 875 ι
552 850 612 878 Νοη
627 850 696 877 dixit
714 858 721 876 :
737 849 790 877 Sed
805 854 948 884 peccatum

1035 856 1175 888 ιιδευτικδς
1189 856 1236 888 ὢν,
1254 857 1298 883 καὶ
1316 857 1352 892 μὴ
1369 856 1518 892 συγχωρῶν
1537 855 1582 882 διὰ
1596 856 1644 890 τῆς
1660 854 1793 889 ἀγνοίας,

163 908 217 927 non
234 900 285 928 feci
302 901 354 928 nisi
372 909 420 935 per
435 901 533 936 legem.
558 901 616 932 sed,
634 910 643 926 ι
664 901 810 927 Peccatum
831 907 885 927 non
903 908 948 927 co-

1002 903 1042 933 εἶς
1057 903 1104 937 τὴν
1119 902 1173 929 τῶν
1188 903 1294 936 ἀλόγων
1307 903 1451 929 ἐκπίπτειν
1469 902 1562 937 φύσιν.

162 946 260 980 gnovi;
277 956 286 972 ι
308 947 400 981 itaque
410 947 453 974 lex
465 953 519 973 non
539 946 658 973 faciendi
671 946 719 974 sed
732 946 915 982 cognoscendi
929 949 1034 982 peccati
1069 957 1150 977 causa
1174 954 1226 983 est,
1248 958 1310 977 cum
1329 950 1467 986 paedagogi
1489 950 1549 977 vice
1576 949 1717 984 fungatur,
1739 954 1797 975 nec

164 993 305 1034 permittat
323 997 352 1019 ut
366 1001 414 1027 per
430 992 612 1028 ignorantiam
627 992 661 1019 ad
677 992 876 1019 irrationalium
892 996 1020 1022 naturam
1041 995 1224 1024 declinemus.

200 1051 256 1082 Vll,
272 1051 350 1078 8-H.
366 1050 507 1077 Occasione
518 1055 606 1076 autent
623 1055 741 1086 accepta,
757 1057 891 1086 peccatum
904 1060 950 1087 per

163 1100 322 1130 prttceptum
337 1099 474 1130 operatum
491 1100 526 1121 est
542 1095 569 1121 in
591 1103 631 1121 me
647 1103 750 1122 omnem
765 1097 950 1131 concupiscen-

165 1138 384 1174 tiam.Si(/uidem
397 1139 557 1174 ubsquelege
570 1144 706 1173 peccatum
724 1145 855 1166 mortuum
871 1144 929 1167 erat
942 1148 951 1167 .'

165 1193 211 1219 ego
228 1189 315 1211 autem
337 1185 452 1210 vivebam
469 1184 526 1210 sine
549 1184 604 1219 fvge
622 1185 765 1220 quondam.
785 1185 870 1212 Porro
893 1193 953 1212 tum

165 1230 276 1256 venisset
296 1232 464 1263 prwceptum,
489 1229 581 1255 revixit
605 1234 739 1264 peccatum
759 1238 767 1256 :
791 1238 837 1264 ego
865 1234 953 1256 autem

167 1279 285 1302 mortalis
296 1283 355 1301 mm
369 1282 377 1300 :
392 1277 415 1300 et
428 1279 559 1309 repertum
576 1278 614 1301 est
630 1278 789 1310 pra'ceptum
809 1275 878 1310 quod
897 1280 954 1302 erat

167 1321 203 1348 ad
221 1322 303 1347 vitam
319 1321 405 1356 ipsum
420 1321 484 1347 milii
502 1320 592 1347 cedere
612 1321 645 1346 ad
670 1325 789 1348 mortem.
813 1320 955 1348 Peccatum

166 1367 235 1393 enim
252 1367 387 1393 Occasione
399 1370 506 1401 accepta
521 1374 568 1401 per
578 1372 738 1401 prwceptum
753 1366 852 1402 decepit
868 1375 918 1400 me,
930 1373 955 1394 et

166 1421 214 1448 per
229 1412 296 1440 illud
310 1413 412 1440 occidit.
709 1420 712 1422 '

204 1468 264 1496 Non
284 1469 338 1502 lex,
363 1469 411 1502 ait,
435 1477 517 1496 causa
543 1473 585 1496 est
606 1469 723 1504 peccati,
742 1469 789 1497 sed
811 1474 954 1505 peccatum

1042 1485 1098 1521 Οὐχ
1114 1485 1127 1512 ό
1141 1486 1222 1521 νόμος

168 1523 217 1550 per
242 1520 419 1550 praeceptum,
446 1515 518 1550 quod
543 1520 586 1543 est
610 1515 664 1548 lex,
684 1516 793 1543 seduxit
813 1524 867 1543 me.
887 1516 954 1544 Vide

167 1561 306 1596 quomodo
317 1560 448 1595 paulatim
464 1561 585 1588 ostendit
596 1561 769 1589 occasionem
779 1562 884 1597 peccati
894 1570 955 1590 esse

168 1608 275 1642 legem;
293 1607 340 1634 sed
358 1607 500 1635 manifeste
519 1615 574 1634 non
591 1608 668 1640 dicit.
685 1616 719 1635 ne
739 1608 814 1643 ipsos
829 1608 954 1636 offende-

170 1656 222 1680 ret.
246 1653 393 1680 Peccatum
423 1657 514 1680 autem
542 1653 653 1679 videtur
683 1653 776 1680 dicere
803 1653 954 1681 diabolum.

169 1698 404 1731 Quemadmodum
435 1699 509 1724 enim
543 1698 684 1733 Scriptura
710 1698 879 1726 Salvatorem
905 1707 956 1726 no-

170 1748 258 1770 strum
280 1742 368 1769 Vitam
390 1743 510 1777 appellat
535 1751 568 1770 ac
587 1743 739 1776 Justitiam,
755 1744 828 1778 quod
852 1744 915 1772 vitae
929 1749 957 1771 et

168 1787 283 1822 iustitia:
293 1795 375 1814 causa
390 1788 426 1814 sit
445 1796 450 1814 :
468 1787 505 1814 ita
525 1791 553 1814 et
573 1788 738 1814 contrariam
756 1788 907 1823 potentiam
923 1797 957 1816 ex

171 1832 403 1868 propriocﬂ‘cctu,
423 1833 560 1860 interdum
576 1833 688 1868 quidem
706 1838 849 1868 peccatum
866 1839 956 1867 vocat,

171 1878 336 1913 quandoque
351 1886 416 1905 vero
432 1877 605 1905 mendacium
617 1885 649 1904 ac
666 1882 794 1904 mortem.
810 1877 855 1905 ιιςιν
866 1882 958 1905 autem

171 1928 199 1951 et
220 1923 246 1950 in
269 1923 452 1959 sequentibus
471 1923 589 1950 dicens:
609 1932 618 1949 ι
642 1923 788 1950 Peccatum
811 1923 920 1953 revixit.
946 1932 955 1948 ι

172 1970 310 1997 diabolum
334 1969 480 2004 signiﬁcat.
511 1969 605 2004 Itaque
635 1968 762 1996 diabolus
785 1969 960 1996 occasionem

172 2023 221 2050 per
241 2020 407 2049 praeceptum
429 2014 546 2048 accepit,
567 2014 631 2048 quia
655 2014 724 2048 legis
743 2020 878 2049 prazcepta
900 2019 961 2041 tan-

173 2067 255 2094 quam
277 2067 334 2086 suae
356 2060 461 2086 techna:
484 2059 625 2086 materiam
646 2063 766 2090 struens,
790 2059 822 2086 ad
842 2059 868 2086 id
887 2059 962 2094 quod

174 2105 318 2140 przeccptis
331 2109 391 2132 erat
410 2105 590 2135 contrarium,
608 2104 748 2131 hominem
769 2104 890 2139 impulit.
906 2104 959 2131 Μίδα

175 2152 304 2179 nifestum
330 2155 372 2179 est
393 2155 485 2177 autem
507 2150 580 2185 quod
601 2149 748 2185 Apostolus
773 2157 822 2184 per
841 2150 961 2184 seipsum
975 2154 1002 2184 Β

174 2206 349 2226 communem
363 2197 488 2233 designat
504 2197 642 2225 hominem
661 2196 719 2224 sive
735 2200 820 2223 totam
835 2200 961 2223 naturam

174 2244 334 2271 humanam.
361 2253 371 2268 ι
397 2245 511 2270 Omnem
526 2241 790 2277 concupiscentiam.
812 2251 821 2267 ι
843 2241 876 2268 Et
892 2241 962 2269 bene

174 2297 304 2322 omnem;
323 2288 460 2323 siquidem
475 2287 558 2314 etiam
573 2292 635 2314 ante
648 2287 735 2322 legem
752 2291 812 2314 erat
832 2287 963 2321 concupi-

177 2334 292 2361 scentia.
308 2333 398 2365 Quare
410 2333 484 2359 enim
496 2332 631 2359 diluvium
657 2331 760 2358 factum
778 2336 820 2359 est
837 2331 964 2358 Sodoma-

177 2387 231 2414 que
247 2378 408 2414 perierunt?
428 2378 483 2406 Sed
498 2385 583 2410 nunc,
605 2377 704 2412 inquit,
724 2381 749 2404 et
764 2385 832 2412 quas
849 2384 904 2403 non
922 2376 964 2403 vi-

177 2425 270 2452 deram
285 2424 381 2456 didici,
391 2428 420 2451 et
430 2424 553 2459 cognitas
565 2428 694 2458 operatus
708 2431 779 2450 sum.
794 2432 803 2448 I
818 2422 964 2450 Peccatum

179 2475 318 2497 mortuum
334 2474 402 2496 erat.
423 2479 432 2496 ι
452 2469 510 2497 Hoc
522 2473 564 2497 est
579 2470 638 2497 sine
653 2469 765 2496 eﬂectu.
779 2468 847 2496 Nam
860 2467 883 2494 si
902 2471 966 2493 ante

179 2515 266 2550 legem
282 2523 392 2550 quoque
408 2515 584 2550 operabatur,
601 2520 628 2542 at
643 2522 698 2542 non
715 2514 742 2541 in
759 2517 877 2540 tantum.
896 2513 966 2539 Dor-

179 2561 258 2594 mire,
284 2561 334 2594 ait,
365 2560 530 2588 videbantur
551 2561 630 2595 plura
658 2564 769 2594 peccata
804 2566 836 2585 ac
859 2561 967 2584 mortua

178 2615 239 2635 esse
257 2616 264 2634 :
282 2607 368 2634 multa
389 2608 462 2634 enim
479 2615 534 2633 non
552 2613 682 2633 noveram
704 2615 710 2632 :
725 2609 752 2632 et
769 2604 796 2631 in
813 2603 966 2638 ignorantia

178 2654 292 2683 faciens.
311 2661 365 2680 non
379 2653 449 2680 adeo
461 2652 619 2687 peccabam.
638 2652 732 2685 Itaque
752 2654 890 2676 mortuum
910 2654 969 2676 erat

179 2704 332 2733 peccatum.
351 2699 434 2733 289
448 2706 500 2733 ego
523 2702 613 2724 autem
634 2696 771 2727 vivebam,
791 2699 822 2722 ut
844 2693 891 2729 qui
913 2702 968 2721 non

181 2745 346 2772 molestabar
358 2752 448 2779 neque
458 2743 631 2775 stimulabar,
642 2746 688 2769 aut
698 2742 732 2769 ab
744 2749 777 2769 co
788 2740 969 2768 mortificatus

180 2799 195 2817 ε
199 2799 226 2818 ra
231 2798 255 2817 Ιή
260 2809 268 2817 ο

216 2837 358 2869 Quomodo
370 2843 436 2871 ergo
452 2835 518 2864 illutl
536 2835 658 2862 revixit?
683 2835 736 2863 Per
763 2835 862 2869 legem.
889 2832 965 2866 Quo-

1044 1055 1190 1090 Ἀφορμὴν
1204 1055 1238 1082 δὲ
1251 1055 1387 1083 λαϐοῦσα
1404 1056 1422 1090 ἡ
1438 1055 1564 1090 ἁμαρτία
1578 1054 1626 1081 διὰ
1638 1053 1693 1087 τῆς
1704 1054 1796 1081 ὲντο-

1003 1101 1072 1136 λῆς,
1101 1102 1314 1137 κατειργάσατο
1339 1103 1374 1129 ἐν
1396 1101 1460 1136 ἐμοὶ
1488 1101 1591 1129 πᾶσαν
1616 1102 1795 1136 ἐπιθυμίαν.

1005 1148 1097 1182 Χωρίς
1109 1149 1164 1183 τὰρ
1182 1149 1276 1183 νόμον
1298 1149 1425 1182 ἁμαρτία
1449 1148 1550 1182 νεκρά.
1580 1148 1650 1182 Ἐγὼ
1665 1148 1700 1174 δὲ
1719 1148 1799 1178 ἔζων

996 1195 1096 1235 ’χωρίς
1116 1194 1214 1229 ,νόμον
1231 1194 1314 1222 ποτέ.
1338 1195 1504 1228 Ἐλθούσης
1520 1194 1554 1221 δὲ
1569 1193 1623 1229 τῆς
1647 1193 1797 1227 ἐντολῆς,

1007 1240 1026 1274 ἡ
1052 1241 1176 1274 ἁμαρτία
1199 1240 1354 1273 ἀνέζησεν,
1373 1241 1430 1274 ἐγὼ
1448 1240 1482 1267 δὲ
1498 1240 1659 1272 ἀπέθανον,
1676 1241 1725 1267 καὶ
1743 1241 1799 1266 εὐ-

1001 1286 1079 1320 ρέθη
1092 1295 1142 1320 μυι
1155 1287 1173 1320 ὴ
1188 1286 1308 1320 ἐντολὴ,
1322 1287 1341 1320 ἡ
1354 1289 1398 1320 εὶς
1411 1286 1497 1320 ζωὴν,
1509 1287 1583 1320 αὕτη
1596 1288 1640 1319 εἷς
1649 1286 1797 1315 θάνατον,

1012 1332 1040 1359 Ἡ
1053 1332 1107 1366 γὰρ
1123 1333 1248 1366 ἁμαρτία
1272 1333 1410 1367 ἀφορμὴν
1426 1333 1562 1360 λαϐοῦσα
1576 1332 1624 1358 διὰ
1638 1332 1694 1366 τῆς
1707 1332 1798 1359 ἐντο-

1006 1379 1066 1414 λῆς
1083 1379 1255 1413 ἐξηπάτησέ
1266 1387 1313 1414 με,
1331 1380 1380 1406 καί
1395 1379 1432 1406 δι’
1447 1378 1542 1413 αὐτῆς
1556 1378 1724 1406 ἀπέκτεινε.

1237 1485 1333 1518 αἴτιος,
1358 1485 1435 1520 φησὶ,
1461 1484 1510 1520 τῆς
1531 1483 1678 1520 ἁμαρτίας,
1699 1482 1758 1510 ἀλλ’
1779 1483 1798 1517 ἡ

1008 1532 1130 1567 ἁμαρτία
1158 1532 1202 1559 διὰ
1225 1534 1274 1567 τῆς
1291 1532 1400 1566 ἐντολῆς
1415 1532 1432 1566 ἧ
1449 1531 1526 1558 ἐστιν
1542 1532 1555 1557 ό
1571 1531 1664 1565 νόμος,
1690 1529 1800 1564 ἐξηπάς

1008 1580 1074 1614 τησέ
1091 1587 1135 1613 με.
1151 1579 1223 1613 Ὅρα
1246 1577 1305 1609 πῶς
1330 1577 1422 1612 ἡρέμα
1446 1577 1566 1603 δείκνυσι
1583 1576 1720 1611 πρόφασιν
1744 1575 1800 1610 τῆς

1009 1626 1144 1662 ἁμαρτίας
1159 1625 1205 1651 τὸν
1226 1624 1318 1659 νόμον.
1341 1624 1468 1659 Φανιρῶς
1491 1623 1566 1650 δὲού
1584 1622 1669 1657 λέγει,
1690 1622 1735 1648 ἴνα
1757 1622 1800 1657 μὴ

1009 1673 1114 1707 προστῇ
1132 1672 1234 1702 αὐτοῖς.
1258 1669 1406 1706 Ἀμαρτίαν
1430 1670 1458 1696 δὲ
1475 1670 1546 1697 ἔοικε
1569 1669 1660 1702 λέγειν
1675 1668 1721 1695 τὸν
1742 1668 1804 1695 διά-

1009 1716 1097 1742 ϐολον.
1115 1716 1218 1751 Ὠσπερ
1235 1714 1281 1742 οὖν
1296 1716 1341 1742 τὸν
1357 1716 1469 1750 Σωτῆρα
1481 1714 1561 1750 ζωὴν
1577 1715 1593 1749 ἠ
1606 1713 1703 1749 Γραφὴ
1717 1713 1802 1740 καλεῖ

1010 1763 1058 1788 καὶ
1078 1761 1266 1796 Δικαιοσύνην,
1290 1761 1329 1796 τῷ
1353 1761 1424 1796 ζωῆς
1447 1761 1494 1787 καὶ
1516 1760 1690 1795 δικαιοσύνης
1710 1760 1802 1787 αἴτιον

1011 1806 1092 1839 εἶναι,
1108 1807 1194 1839 οὕτως
1209 1808 1258 1834 καὶ
1282 1807 1332 1843 τὴν
1356 1807 1481 1833 ἐναντίαν
1504 1806 1619 1842 δύναμιν
1637 1807 1669 1832 ἐκ
1682 1806 1733 1840 τῆς
1757 1806 1801 1832 οί-

1011 1855 1088 1886 κείας
1101 1854 1252 1889 ἐνεργείας,
1270 1853 1335 1880 ποτὲ
1355 1853 1403 1887 μὲν
1418 1852 1566 1888 ἁμαρτίαν,
1580 1851 1645 1878 ποτὲ
1658 1851 1686 1878 δὲ
1697 1851 1799 1885 ψεῦδος

1012 1901 1059 1927 καὶ
1078 1901 1193 1927 θάνατον
1203 1900 1290 1926 καλεῖ.
1308 1899 1387 1926 Οὕτω
1402 1899 1431 1925 δὲ
1447 1899 1493 1926 καὶ
1506 1899 1535 1925 ὲν
1554 1899 1610 1929 τοῖς
1624 1897 1687 1932 ἑξῆς
1700 1897 1799 1929 εἰπὼν,

1016 1956 1026 1973 ι
1047 1947 1079 1973 Ἦ
1092 1946 1214 1982 ἁμαρτία
1229 1945 1354 1980 ἁνέζησε,
1377 1954 1386 1971 ›
1401 1945 1446 1972 τὸν
1459 1944 1583 1971 διάϐολον
1601 1943 1685 1978 δηλοῖ.
1696 1942 1801 1969 Λοιπὸν

1013 1982 1060 2020 οὖν
1070 1993 1113 2019 διὰ
1125 1992 1176 2027 τῆς
1191 1991 1300 2027 ἐντολῆς
1317 1991 1445 2026 ἀφορμὴν
1462 1991 1476 2017 ὸ
1493 1990 1615 2027 διάὸολος
1633 1989 1740 2021 ἔλασεν,
1757 1989 1801 2016 ὅτι

1014 2039 1048 2065 τὰ
1063 2024 1284 2074 παραγγέλματα
1296 2024 1348 2065 τοῦ-
1358 2024 1441 2073 νομοιι
1462 2037 1499 2070 ὡς
1515 2024 1580 2072 ὒλτίν
1595 2036 1656 2063 τινὰ
1671 2035 1721 2071 τῆς
1736 2037 1802 2062 ἑαυ-

1015 2085 1061 2111 τοῦ
1074 2085 1171 2120 τέχνης
1193 2084 1389 2120 ποιησάμενος,
1405 2084 1444 2114 εἰς
1458 2083 1488 2109 τὸ
1503 2082 1624 2109 ἐναντίον
1639 2083 1700 2113 ταῖς
1722 2082 1800 2108 tm-

1017 2130 1074 2162 λαῖς
1100 2130 1264 2166 περιέτρεπε
1286 2130 1332 2156 τὸν
1358 2129 1511 2164 ἄνθρωπον.
1537 2128 1621 2162 Δῆλον
1643 2127 1671 2154 δὲ
1697 2128 1738 2153 ὅτι
1766 2126 1801 2153 δι’

1014 2176 1111 2204 ἑαυτοῦ
1137 2178 1151 2204 ὁ
1172 2177 1344 2208 ’Δπόστολος,
1369 2175 1415 2201 τὴν
1437 2174 1524 2201 κοινὸν
1548 2174 1690 2208 ἄνθρωπον
1713 2173 1800 2207 δῆλοι.

1017 2232 1026 2249 ι
1043 2224 1136 2250 Πᾶσαν
1153 2222 1310 2257 ἐπιθυμίαν.
1323 2231 1332 2247 ι
1351 2221 1447 2252 Καλῶς
1462 2221 1502 2252 τὸ,
1519 2221 1618 2247 πᾶσαν·
1631 2217 1666 2255 ἦν
1683 2219 1737 2254 γὰρ
1753 2219 1801 2244 καὶ

1014 2270 1068 2305 πρὸ
1093 2269 1141 2297 τοῦ
1168 2270 1251 2304 νόμου
1265 2268 1409 2303 ἐπιθυμία.
1433 2267 1520 2299 Ἐπεὶ,
1537 2267 1608 2293 διατι
1624 2267 1638 2293 ὁ
1664 2265 1802 2292 κατακλυ-

1015 2316 1083 2351 σμὸς
1107 2316 1212 2350 γέγονε.
1229 2314 1276 2342 καὶ
1292 2316 1326 2341 τὰ
1349 2315 1455 2349 Σόδομα
1475 2313 1616 2345 ἁπὼλετο;
1646 2312 1727 2339 Ἀλλὰ
1741 2311 1800 2343 νῦν,

1017 2363 1094 2397 φησι,
1119 2363 1168 2389 καὶ
1190 2361 1223 2392 ἃς
1237 2361 1288 2387 οὐκ
1311 2361 1385 2396 ᾔδειν
1410 2360 1558 2394 ἐπιθυμίας
1579 2358 1680 2393 ἔμαθον
1697 2359 1730 2384 ὲκ
1754 2356 1800 2383 τοῦ

1015 2409 1109 2442 νόμου,
1136 2407 1183 2434 καὶ
1207 2407 1300 2442 μαθὼν
1327 2407 1454 2442 ἐποίησα.
1480 2415 1490 2432 ε
1511 2405 1647 2441 Ἀμαρτία
1667 2404 1765 2439 νεκρά.
1787 2413 1797 2429 ι

1017 2453 1162 2479 Τουτὲστιν
1176 2452 1366 2487 ἀνενέργητος.
1384 2452 1414 2478 Et
1428 2451 1483 2486 γὰρ
1497 2451 1607 2485 ἐνήργει
1622 2449 1670 2476 καὶ
1686 2449 1741 2483 πρὸ
1754 2448 1800 2474 τοῦ

1017 2500 1112 2533 νόμον,
1129 2499 1186 2525 ἀλλ’
1205 2499 1235 2525 οὐ
1251 2497 1392 2524 τοσοῦτον.
1408 2496 1556 2523 Καθεύδειν
1570 2495 1690 2525 ἐδόκουν,
1707 2494 1800 2528 φησὶν,

1017 2547 1044 2572 αι
1059 2545 1167 2575 πλείους
1179 2544 1311 2580 ἁμαρτίαι
1327 2545 1374 2571 καὶ
1395 2542 1531 2570 τεθνάναι.
1549 2542 1585 2568 οὑ
1604 2541 1657 2575 γὰρ
1671 2540 1745 2575 ᾔδειν
1756 2540 1802 2570 τὰς

1018 2593 1140 2623 πλείους,
1163 2592 1210 2618 καὶ
1226 2592 1256 2618 ὲν
1271 2590 1366 2625 ἀγνοίᾳ
1381 2590 1520 2624 πράττων,
1538 2588 1586 2622 οὐχ
1604 2586 1689 2617 οὕτως
1712 2585 1802 2620 ἡμάρ-

1018 2646 1108 2665 τανον.
1127 2638 1159 2665 Ἦ
1178 2638 1226 2673 μὲν
1241 2635 1288 2664 οὗν
1310 2636 1431 2672 ἁμαρτία
1448 2635 1543 2670 νεκρὰ,
1566 2633 1621 2668 ἐγὼ
1644 2632 1672 2659 δὲ
1687 2633 1718 2658 ἐν
1735 2631 1801 2666 ζωῇ,

1020 2684 1067 2711 an
1086 2685 1123 2721 μὴ
1139 2683 1341 2719 ἐνοχλούμενος,
1359 2682 1426 2718 μηδὲ
1446 2679 1628 2715 νεκροὺμενος
1645 2677 1690 2705 ὑπ’
1707 2677 1801 2712 αὐτῆς.

1055 2828 1116 2858 Πῶς
1142 2826 1190 2853 οὖν
1214 2823 1346 2858 ἀνέζησεν
1370 2823 1479 2857 ἐκείνης
1494 2819 1543 2847 Διὰ
1562 2819 1609 2846 τοῦ
1629 2819 1723 2853 νόμου.
1738 2817 1801 2844 Τίνα
