1878 3054
92 106 147 139 453

609 103 803 134 COMMENT.
823 103 863 133 ΙΝ
883 101 1003 132 EPIST.
1018 102 1067 132 AD
1082 101 1173 132 ROM.

1666 104 1719 136 454

87 163 189 199 τρόπον
199 170 207 195 ;
217 161 278 188 ὀτι
295 159 342 187 τοῦ
357 159 438 195 νόμου
447 157 579 194 δοθέντος,
595 161 695 195 μᾶλλον
703 160 793 194 ἐκείνη
808 159 866 194 πρὸς

927 165 989 185 nam
1005 159 1104 193 pacto?
1119 158 1182 193 quia
1199 157 1265 185 illud
1279 158 1341 185 data
1358 158 1417 194 lege
1432 159 1519 194 magis
1532 159 1567 187 ad
1596 160 1716 188 invasio-

89 209 214 236 ἐπίθεσιν
230 207 405 243 παρωξύνθη.
427 208 473 234 καὶ
490 206 544 234 οἷον
565 206 717 241 ἐπηρεάσαι
735 205 874 240 ὥρμησεν,

89 256 137 283 ἅτε
153 255 184 290 δὴ
212 255 259 281 καὶ
284 253 481 288 στεφανοῦσθαι
505 253 635 288 μέλλοντι
653 252 699 277 τὸν
721 251 876 285 φυλάξαντα

88 300 138 334 τὴν
158 299 268 335 ἐντολὴν
290 299 518 334 ὑπολογιζομένη,
542 299 590 325 καὶ
611 297 654 324 διὰ
677 296 756 323 τοῦτο
777 296 875 330 μᾶλλον

86 345 329 371 δισΰασκαίνουςα.
346 345 400 371 Καὶ
415 343 471 378 ἐγὼ
495 344 575 370 πάλιν
594 343 672 376 γνοὺς
685 342 728 368 διὰ
741 342 789 376 τῆς
802 342 874 367 ἔντο-

87 391 137 426 λῆ;
151 391 199 426 τὴν
216 391 364 426 ἁμαρτίαν,
379 390 416 422 ὡς
433 391 462 416 ὲν
482 389 581 423 γνώσει
597 389 722 423 πράττων
737 387 755 414 ἃ
767 387 875 421 φεύγειν

86 437 152 468 εδει,
178 437 277 471 μᾶλλον
303 437 375 463 κατὰ
399 435 477 463 τοῦτο
502 435 669 471 ἡμάρτανον,
703 434 751 460 καὶ
774 433 874 468 μᾶλλον

87 481 174 516 αὐτὴν
190 481 250 507 καθ’
266 481 362 508 ἑαυτοῦ
376 480 574 517 ἐπερρώννυον.
597 478 684 513 Ὶσχίιν
693 479 760 513 αὐτῇ
771 478 814 505 διὰ
827 478 874 512 τῆς

87 527 160 553 κατὰ
191 527 292 560 γνῶσιν
317 527 418 553 ἀτόπου
455 526 582 559 πράξεως
609 524 795 560 ἐπιχορηγῶν,
828 525 874 550 καὶ

85 569 144 598 οἷον
159 571 262 606 ἀσθενῆ
284 573 330 599 καὶ
355 573 560 606 νενεκρωμὲνην
581 569 663 597 οὖσαν
681 569 811 604 ἐνισχύων
829 570 875 596 καὶ

86 616 288 652 ἀναζωπυρῶν.
312 617 342 643 Ἡ
357 617 385 644 δὲ
409 616 528 651 ζήσασα,
545 615 595 650 ἐμὲ
610 615 753 649 ἑνέκρωσε.
770 614 826 648 Πρὸ
847 614 874 640 δὲ

86 662 135 688 τοῦ
153 662 289 697 ἀναςήσαι
315 662 432 697 ἐκείνην,
458 661 513 696 ἐγὼ
533 661 602 693 ἕξων
618 660 727 695 μᾶλλον.
743 659 829 686 Τοῦτο
846 659 874 685 δὲ

86 705 120 745 ἢν
135 709 188 743 πρὸ
211 708 259 735 τοῦ
271 708 351 743 νόμου
371 707 416 735 καὶ
429 709 477 743 τῆς
496 707 615 743 ἐντολῆς.
635 707 714 733 ’Ὥστε
730 706 754 732 εί
773 705 819 732 uel.
836 705 874 741 μὴ

86 755 100 780 ο
121 754 205 789 νόμος
224 754 355 789 ἁμαρτία,
377 754 434 781 ἀλλ’
461 752 508 780 οὖν
524 754 628 780 ἑκείνου
646 752 778 784 δοθέντος,
803 753 874 778 κατὰ

85 798 136 825 δύο
152 800 267 833 τρόπους
286 801 302 835 ή
323 799 444 834 ἁμαρτία
461 799 603 834 ἀνέζησεν,
619 798 702 833 αὐτῆς
718 807 748 824 τε
765 799 873 832 ἐκείνης

928 212 990 231 nem
1004 205 1145 232 incitatum
1159 209 1211 236 est,
1227 209 1255 231 et
1270 204 1354 231 veluti
1368 205 1499 240 impetum
1517 205 1581 233 fecit
1605 208 1639 233 ad
1664 215 1715 234 uo-

926 250 1056 282 cendum,
1068 257 1195 285 tanquam
1208 255 1340 285 reputans
1352 258 1414 278 eum
1425 251 1471 286 qui
1482 252 1536 286 jam
1549 257 1716 287 praeceptum

926 301 1064 323 servasset
1091 297 1290 329 coronandum,
1324 296 1440 332 ideoque
1484 299 1570 333 magis
1611 298 1714 326 invidia

928 345 1032 368 motum
1049 345 1101 368 est.
1134 341 1252 369 Rursum
1267 349 1317 376 ego
1330 350 1451 377 quoque,
1465 344 1557 377 agnito
1578 351 1627 378 per
1643 351 1714 379 prae-

925 391 1033 420 ceptum
1060 392 1182 421 peccato,
1211 393 1340 423 tanquam
1371 393 1491 416 sctenter
1521 389 1626 416 faciens
1653 393 1714 425 quae

924 433 1018 467 fugere
1034 434 1166 467 opo:tuit,
1180 436 1330 461 secundum
1349 435 1400 462 hoc
1415 435 1524 469 gravius
1552 435 1710 469 peccabam,

925 480 1064 514 magisque
1082 480 1147 507 illud
1179 480 1312 507 adversus
1338 481 1474 515 meipsum
1491 480 1707 513 conﬁrmabam;

925 526 980 551 vim
996 525 1033 552 illi
1050 525 1175 559 praebens
1190 533 1240 560 per
1250 525 1370 560 iniquam
1386 526 1524 553 actionem
1551 534 1585 553 ex
1612 527 1707 561 cogni-

925 570 998 597 tione
1015 571 1265 605 perpetrabalncet
1294 571 1377 598 veluti
1410 571 1546 598 imbecille
1576 579 1607 598 ac
1635 579 1710 598 mor-

925 616 1058 643 tiﬁcatum
1078 616 1230 643 l'ortiﬁcans
1244 625 1275 644 ac
1297 618 1447 644 suscitans.
1467 617 1551 644 l’orro
1568 618 1613 644 ubi
1644 618 1710 644 illul

925 661 1033 694 revixit,
1065 669 1108 689 me
1136 663 1218 689 morti
1245 663 1327 690 dedit.
1352 663 1419 689 Nam
1448 663 1607 697 priusquam
1643 663 1710 690 illud

925 707 1112 738 revivisceret.
1130 715 1180 742 ego
1194 708 1281 743 magis
1294 708 1416 735 vivebam
1432 717 1438 734 :
1457 708 1509 735 hoc
1534 713 1626 735 autem
1651 713 1711 735 erat

923 758 985 780 ante
1001 754 1087 789 legem
1102 761 1133 781 ac
1145 758 1326 789 przeceptum.
1357 754 1451 788 Itaque
1481 761 1638 788 quanquam
1666 754 1710 781 lex

923 804 1064 834 peccatum
1084 807 1138 826 non
1154 799 1199 831 sit,
1218 803 1308 827 tamen
1326 799 1384 834 ipsa
1396 799 1457 825 data
1479 803 1621 833 peccatum
1652 799 1701 826 du-

87 845 191 879 μςῖλλον
206 846 271 880 πρὸς
287 846 408 872 ἐπίθεσιν
430 845 636 880 ἀνακινηθείσης
653 845 699 871 καὶ
720 844 866 880 διεγερθεί⁴

925 845 994 880 plici
1007 846 1088 872 modo
1104 845 1202 873 revixit
1219 854 1226 872 :
1246 850 1303 872 tum
1323 845 1439 880 ipsomet
1452 845 1538 880 magis
1553 845 1586 871 ad
1612 852 1709 879 aggre-

86 899 150 926 σης.
167 892 214 918 καὶ
231 892 308 926 ἡμῶν
323 893 355 927 τῇ
373 892 444 918 κατὰ
456 892 555 925 γνῶσιν
575 890 684 926 ἐκτόπψ
709 891 808 926 πράξει
831 891 872 916 ὲν-

86 938 258 972 ισχυπάντων
282 938 377 973 αὐτὴν,
403 939 449 964 καὶ
466 938 514 973 τὴν
537 936 597 962 καθ’
624 937 701 972 ήμῶν
727 936 872 972 ἐπιϐουλὴν

86 982 139 1006 σὺν
171 981 313 1016 παρρησίᾳ
342 983 567 1018 παρασχομένων.
603 981 674 1008 Ἀλλ’
706 981 795 1016 ἐκείνη
823 981 872 1015 μὲν

85 1026 231 1060 ἀνέζησεν,
258 1025 312 1060 ἐγὼ
335 1027 364 1053 δὲ
388 1028 531 1056 ἀπέθανον.
559 1028 664 1060 (Ἐςων
691 1027 773 1062 χωρὶς
790 1026 870 1061 νόμον

85 1071 181 1096 ποτε.»
206 1071 274 1098 Πότε
300 1071 368 1104 ἔζων
387 1074 471 1109 χωρὶς
490 1075 590 1109 νόμου;
617 1073 674 1109 Πρὸ
695 1073 742 1099 τοῦ
764 1072 871 1107 δοθῆναι

84 1116 135 1151 τὴν
150 1118 259 1153 ἐντολὴν
276 1120 331 1150 τοῖς
348 1119 579 1154 πρωτοπλάστοις,
597 1121 646 1156 τὴν
669 1121 699 1146 ὲν
718 1119 871 1155 παραδείσῳ

85 1162 171 1196 ζωήν.
192 1164 227 1189 "H
248 1165 300 1198 πρὸ
321 1165 440 1197 Μωσέως
460 1166 581 1200 δηλονότι
599 1166 679 1198 ἔζων,
707 1167 805 1201 φησίν·
822 1166 872 1193 οὐκ

84 1206 161 1240 ἥμην
182 1208 278 1242 νεκρὸς
300 1209 339 1244 τῷ
357 1210 452 1244 πλήθει
478 1211 532 1237 τῶν
551 1211 704 1246 ἁμαρτιῶν.
724 1212 789 1238 Τότε
817 1212 871 1246 γὰρ

85 1251 169 1284 μόνον
188 1250 260 1286 εἶχον
281 1256 431 1289 κατήγορον
451 1255 496 1281 τὸν
519 1256 633 1290 φυσικὸν
656 1256 747 1291 νόμον,
770 1257 827 1283 νυνὶ
843 1257 872 1283 δὲ

83 1297 134 1323 καὶ
149 1297 196 1323 τὸν
211 1299 353 1332 γραπτόν.“
365 1300 446 1335 Ὀρᾷς
461 1301 519 1332 πῶς
539 1303 570 1328 ὲκ
588 1302 774 1337 περιστάσεως
789 1303 870 1329 ἐϐλα-

83 1341 136 1376 ψεν
151 1344 165 1369 ό
177 1343 257 1377 νόμος
272 1353 279 1377 ;
296 1353 306 1370 ι
317 1345 459 1381 Ἐλθούσης
471 1346 498 1372 δὲ
514 1346 564 1382 τῆς
579 1349 700 1383 ἐντολῆς.
713 1358 723 1374 ›
746 1349 871 1384 Ἐντολίλν

84 1396 154 1422 φησι
172 1388 217 1415 τδν
238 1390 328 1425 νόμον.
346 1391 436 1419 Εἰπὼν
448 1392 486 1424 δὲ,
508 1402 517 1418 ι
529 1394 695 1429 Ἀνέζησεν,›
711 1395 809 1428 ἔδειξεν
830 1396 870 1422 ὅτι

83 1432 118 1469 ἦν
135 1435 185 1469 μὲν
204 1437 220 1471 ἡ
246 1437 378 1472 ἁμαρτία,
401 1438 457 1464 ἀλλ’
481 1439 627 1474 ἡσύχαζεν,
643 1440 657 1466 ὁ
673 1441 701 1467 δὲ
727 1441 807 1475 νόμος
832 1442 870 1474 ὡς

84 1481 248 1515 εὐεργετῶν,
267 1483 438 1518 ἐφανέρωσεν
454 1485 538 1519 αὐτὴν
557 1485 600 1512 ἵνα
625 1485 755 1520 φύγωμεν
775 1487 869 1521 αὐτὴν,

83 1526 143 1553 ἀλλ’
158 1527 175 1561 ἡ
199 1528 359 1562 περίστασις
379 1531 442 1561 τοὺς
471 1531 509 1566 μὴ
533 1532 666 1565 φυγόντας
691 1532 815 1567 ἔϐλαψεν.
838 1534 870 1559 ’Π

83 1570 130 1598 οὖν
143 1573 183 1604 είς
196 1573 270 1608 ζωήν
297 1583 342 1609 μοι
352 1574 460 1602 δοθεῖσα
495 1576 590 1610 (οὕτως
606 1577 659 1612 γὰρ
681 1575 736 1614 εἶχε
754 1579 870 1613 φύσεως)

83 1619 124 1649 εἰς
137 1618 258 1645 θάνατον’
268 1628 313 1654 μοι
335 1621 428 1655 γέγονε
449 1621 493 1648 διὰ
508 1623 557 1658 τὴν
572 1623 707 1658 ἡμετέραν
723 1624 869 1659 ῥαθυμίαν,

82 1662 112 1688 οὗ
129 1662 176 1689 διὰ
188 1663 237 1698 τὴν
252 1664 336 1698 αὐτῆς
357 1665 445 1699 φύσιν.
470 1675 479 1692 ι
492 1666 523 1693 Ἠ
538 1667 591 1702 γὰρ
609 1667 730 1702 ἁμαρτία
745 1669 871 1703 ἀφορμὴν

81 1707 214 1735 λαῦοῦσα.
228 1718 236 1734 ι
256 1710 339 1736 Πάλιν
365 1712 398 1738 τὰ
413 1712 483 1738 αὐτὰ
502 1713 630 1744 ποικίλως
657 1715 868 1747 κατασκευάζει,

81 1755 128 1781 καὶ
142 1754 268 1786 εἰκότως.
291 1755 421 1790 Μεγάλην
436 1757 489 1791 γὰρ
502 1754 557 1791 εἶχε
578 1757 655 1790 δόξαν
671 1759 684 1784 ὁ
701 1758 791 1793 νόμος.
810 1759 869 1784 Δεί-

80 1809 178 1827 κνυσιν
200 1799 246 1827 οὖν
268 1801 349 1827 αὐτὴν
371 1802 454 1836 μηδὲν
469 1803 634 1836 ὠφελοῦντα,
663 1803 720 1830 ἀλλ’
742 1804 773 1830 ἐκ
791 1812 869 1839 περι-

81 1845 205 1877 στάσεως
227 1845 375 1880 βλάψαντα.
395 1846 470 1872 Ποιεί
490 1847 517 1872 δὲ
532 1846 619 1878 τοῦτο,
642 1847 686 1874 ἵνα
716 1849 867 1884 εὐπαρὰδε-

83 1900 147 1922 κτος
168 1892 282 1926 γένηται
303 1892 448 1926 κηρύσσων
461 1892 508 1918 τοῦ
533 1893 639 1926 ἀφεῖναι
656 1894 706 1929 μὲν
719 1895 762 1921 τὸν
777 1895 868 1930 νόμον,

81 1937 270 1972 προσδραμεῖν
297 1937 325 1963 δὲ
348 1939 380 1972 τῇ
400 1938 491 1964 πίστει
512 1938 639 1973 Χριστοῦ.
660 1940 800 1975 Ἀνωτέρω
817 1941 870 1976 γὰρ

81 1983 179 2014 εἰπὼν,
188 1983 229 2009 ὃτι
237 1982 375 2019 ’Δεορμὴν
381 1983 499 2010 λαϐοῦσα
510 1985 525 2018 ἡ
537 1985 656 2020 ἁμαρτία
671 1987 870 2021 κατειργάσατο

81 2030 110 2054 ὲν
120 2029 186 2064 ἐμοὶ
210 2029 298 2055 πᾶσαν
316 2029 473 2064 ἐπιθυμίαν,
489 2030 597 2064 ἐπάγει,
613 2031 653 2057 ὅτι
667 2031 697 2057 οὐ
712 2032 792 2066 μόνον
811 2033 870 2058 επι-

80 2075 186 2110 θυμίαν
211 2076 301 2102 πᾶσαν
325 2077 535 2110 κατειργάσατο,
560 2077 628 2103 ἀλλὰ
645 2077 690 2104 καὶ
716 2077 869 2105 ἐθανάτωσε

82 2131 115 2157 με
137 2121 211 2157 αὕτη
233 2130 279 2156 μοι
302 2123 434 2158 γενομένη
461 2123 501 2154 εἰς
523 2122 742 2163 θάνατονκΕῐτα,
758 2124 794 2156 ὡς
811 2124 870 2156 ἔθος

924 891 1052 918 diendum
1068 896 1206 918 commoto
1230 896 1257 917 et
1287 891 1417 922 excitato,
1448 895 1505 917 tum
1533 890 1613 917 nobis
1642 890 1708 917 illud

923 936 1150 964 conﬁrmantibus
1164 936 1303 964 indecenti
1316 937 1423 963 actione
1452 943 1513 970 quae
1536 943 1569 963 ex
1595 935 1710 963 scientia

922 982 1098 1017 procedebat,
1115 983 1257 1017 liberaque
1288 983 1421 1009 adversus
1450 982 1576 1016 nosipsos
1601 982 1709 1009 insidiis

921 1026 1120 1061 praebentibus.
1140 1026 1174 1053 At
1187 1026 1253 1053 illud
1279 1026 1390 1060 quidem
1424 1026 1533 1058 revixit,
1566 1034 1616 1061 ego
1644 1033 1710 1053 vero

922 1076 1046 1099 mortuus
1068 1079 1141 1099 sum.
1169 1081 1177 1097 ι
1197 1072 1326 1099 Vivebam
1339 1073 1398 1099 sine
1433 1072 1492 1106 lege
1522 1072 1671 1106 quondam.
1693 1082 1702 1097 ι

921 1117 1034 1151 Quando
1053 1118 1176 1145 vivebam
1198 1118 1258 1145 sine
1269 1118 1327 1153 lege
1339 1118 1350 1144 ‘i
1364 1118 1526 1152 Priusquam
1541 1123 1707 1153 praeceptum

921 1165 1033 1191 daretur
1046 1164 1232 1199 protoplastis,
1246 1164 1301 1191 vita
1315 1172 1375 1199 qua:
1387 1164 1413 1190 in
1429 1163 1556 1190 Paradiso
1566 1163 1708 1199 agebatur.

920 1209 1109 1238 Autvidelicet
1121 1215 1183 1237 ante
1192 1209 1292 1237 Mosem
1304 1210 1438 1242 vivebam,
1456 1209 1507 1236 hoc
1519 1213 1572 1242 est,
1583 1213 1709 1237 mortuus

921 1263 975 1282 non
1000 1263 1074 1283 eram
1102 1256 1282 1283 multitudine
1309 1260 1508 1290 peccatorum:
1540 1260 1605 1283 tunc
1633 1255 1708 1283 enim

921 1301 1010 1328 solum
1046 1308 1235 1329 accusatorem
1261 1301 1395 1328 habebam
1427 1301 1578 1328 naturalem
1608 1301 1707 1336 legem,

920 1354 994 1374 nunc
1006 1352 1097 1374 autem
1113 1352 1141 1375 et
1165 1347 1306 1382 scriptam.
1334 1347 1417 1374 Vides
1444 1347 1581 1381 quomodo
1604 1347 1646 1374 lex
1675 1355 1710 1375 cx

922 1391 1053 1420 incidenti
1067 1393 1216 1426 nocuerit?
1233 1403 1241 1419 ι
1260 1393 1346 1420 Porro
1377 1400 1438 1420 cum
1462 1392 1583 1420 venisset
1608 1400 1709 1427 pmcc-

921 1443 1010 1474 ptum.
1027 1448 1036 1464 ι
1048 1439 1216 1474 Praeceptum
1228 1440 1294 1466 dicit
1308 1439 1405 1474 legem.
1416 1438 1514 1465 Dicens
1524 1443 1614 1465 autem
1632 1447 1641 1462 ι
1657 1438 1709 1464 Re-

923 1484 999 1516 vixit,
1022 1493 1031 1509 ι
1052 1484 1173 1511 ostendit
1197 1484 1281 1512 fuisse
1309 1484 1420 1518 quidem
1449 1489 1529 1511 antea
1554 1488 1708 1517 peccatum,

922 1530 967 1556 sed
987 1530 1014 1556 in
1029 1530 1120 1564 quiete
1136 1538 1144 1562 ;
1159 1530 1201 1556 lex
1213 1534 1303 1556 autem
1318 1533 1446 1563 tanquam
1459 1529 1623 1556 beneﬁcium
1638 1537 1708 1563 pra:-

921 1580 1006 1605 stans.
1023 1575 1088 1602 illud
1104 1575 1290 1602 manifestavit
1305 1579 1333 1601 ut
1345 1575 1433 1609 ipsum
1458 1575 1626 1610 fugeremus,
1660 1575 1707 1602 sed

922 1621 989 1655 legis
1002 1620 1215 1648 assistentiahis
1227 1620 1272 1655 qui
1304 1628 1358 1647 non
1382 1620 1512 1655 fugerunt
1542 1625 1708 1647 nocumento

921 1665 982 1692 fuit.
1000 1665 1077 1699 Quod
1091 1673 1155 1700 ergo
1181 1666 1246 1692 mihi
1271 1667 1362 1692 datum
1389 1671 1450 1692 erat
1482 1667 1514 1692 ad
1533 1666 1617 1692 vitam
1634 1666 1708 1701 (nam

921 1710 947 1738 id
960 1719 992 1738 ex
1007 1717 1103 1738 natura
1117 1711 1257 1745 habebat),
1273 1711 1358 1738 cessit
1376 1711 1444 1738 mihi
1461 1710 1494 1738 ad
1516 1717 1628 1738 mortem
1647 1719 1709 1746 pro-

921 1763 979 1791 pler
998 1765 1085 1784 meam
1098 1757 1253 1792 segnitiem,
1268 1765 1323 1784 non
1350 1762 1462 1792 propter
1479 1757 1553 1785 illius
1570 1763 1707 1784 naturam.

923 1813 932 1829 ι
954 1803 1099 1830 Peccatum
1115 1804 1188 1830 enim
1208 1804 1352 1830 occasione
1365 1807 1486 1838 accepta.
1507 1813 1516 1828 ι
1532 1803 1632 1830 Eadem
1649 1811 1709 1830 rur-

920 1856 967 1876 sus
983 1850 1059 1876 varie
1077 1849 1239 1876 confirmat:
1257 1855 1285 1876 et
1303 1849 1403 1875 merito
1416 1857 1422 1875 :
1436 1855 1498 1874 nam
1511 1848 1554 1875 lex
1583 1856 1709 1883 magnam

920 1894 1062 1922 obtinebat
1073 1895 1186 1929 gloriam
1201 1903 1206 1921 :
1224 1894 1344 1921 ostendit
1355 1902 1420 1929 ergo
1433 1895 1505 1928 quod
1515 1894 1582 1920 nilii-l
1593 1894 1707 1928 juverit,

920 1941 966 1968 sed
983 1948 1017 1967 ex
1032 1940 1163 1967 incidenti
1177 1941 1317 1972 nocuerit;
1336 1939 1389 1966 hoc
1403 1944 1493 1966 autem
1506 1939 1570 1966 facit
1582 1942 1612 1965 ut
1629 1938 1709 1966 facile

920 1985 1079 2020 rn-cipiatur,
1097 1985 1162 2012 dum
1178 1985 1307 2020 prmdicat
1320 1985 1459 2012 dimissam
1477 1992 1537 2012 esse
1558 1985 1656 2020 legem,
1680 1988 1709 2012 et

920 2032 1119 2058 aceurrcndum
1131 2032 1163 2057 ad
1179 2031 1280 2058 Christi
1295 2030 1384 2057 ﬁdem.
1401 2029 1469 2057 Cum
1495 2030 1568 2057 enim
1580 2029 1710 2064 superius

921 2077 1035 2104 dixisset
1053 2085 1060 2103 :
1075 2075 1225 2104 Occasione
1239 2079 1330 2103 autem
1351 2080 1463 2110 accepta
1489 2080 1630 2110 peccatum
1660 2082 1710 2110 per

920 2128 1086 2158 praeceptum
1104 2127 1245 2156 operatum
1257 2125 1299 2148 est
1317 2122 1345 2148 in
1373 2129 1417 2148 me
1436 2128 1545 2148 omnem
1575 2120 1708 2154 concupi-

81 2168 157 2203 αὑτῷ
171 2167 264 2199 αἰτίας
293 2168 393 2200 uitiato;
412 2168 556 2203 συνείρειν,
575 2169 622 2195 καὶ
644 2169 694 2204 τὴν
710 2169 866 2196 ἀκολουθίαν

923 2169 1064 2200 seentiam,
1080 2169 1202 2203 adjungit
1233 2167 1313 2202 29o
1326 2168 1408 2201 quod,
1424 2167 1482 2193 Non
1497 2167 1586 2193 solum
1598 2173 1708 2193 omnem

81 2212 250 2239 ἐνδεικνύναι
265 2212 319 2239 τῶν
333 2213 502 2248 πραγμάτων
519 2214 566 2240 καὶ
580 2214 608 2239 ἐν
622 2215 678 2245 τοῖς
692 2213 791 2248 λόγοις,
804 2215 874 2241 ἀνα-“

80 2259 172 2293 ¹ιρέχει
190 2258 239 2284 καὶ
261 2257 352 2292 τίθησι
367 2258 426 2290 πῶς
449 2258 648 2294 κατειργάσατο
671 2259 761 2285 πᾶσαν
774 2259 870 2286 ἐπιθυ-

83 2304 146 2338 μίαν
165 2303 213 2329 καὶ
229 2311 306 2338 φησι,
321 2304 361 2330 ὅτι
381 2313 391 2329 ‹
414 2304 553 2339 Ἀφορμὴν
577 2304 695 2331 λαϐοῦσα
715 2304 869 2340 ἐξηπάτησε

83 2358 144 2384 με.»
168 2347 237 2375 Εἶτα
254 2349 342 2383 ἀφῆκε
357 2348 387 2376 τὸ
411 2350 568 2385 προρρηθὲν
590 2351 661 2376 νοεῖν
682 2350 810 2383 ἐνταῦθα,
828 2351 869 2377 ὅτι

81 2397 113 2423 ἑκ
126 2396 224 2422 τούτου
248 2395 278 2422 δὲ
299 2395 445 2430 εἰργάσατο
466 2397 515 2429 τὴν
543 2395 701 2431 ἐπιθυμίαν,
721 2396 767 2423 καὶ
791 2396 870 2422 τοῦτο

82 2443 171 2477 ἀφεὶς,
188 2442 368 2468 ὲπισυνάπτει
391 2441 421 2468 τδ
435 2441 521 2474 τέλος,
541 2451 549 2467 ι
565 2442 618 2468 Καὶ
632 2443 819 2475 ἀπέκτεινεν,ι
837 2443 870 2469 ἶν’

82 2487 98 2526 ᾗ
114 2489 186 2516 κατὰ
214 2488 367 2523 συνέχειαν,
390 2488 416 2514 ετ
427 2496 468 2519 τις
485 2487 625 2521 ἀναλάϐοι,
641 2488 728 2519 οὕτως
741 2488 815 2523 αὐτῷ
832 2489 869 2514 εί-

83 2536 212 2571 ρημένον.
236 2534 397 2569 ι’Δφορμὴν
418 2533 537 2560 λαϐοῦσα
563 2534 580 2568 ἡ
602 2533 732 2568 ἁμαρτία,
759 2541 869 2568 κατειρ-

83 2583 185 2616 γάσατο
200 2582 229 2607 ὲν
243 2581 305 2616 ἐμοὶ
317 2582 405 2607 πᾶσαν
418 2579 594 2614 ἐπιθυμίαν.)
608 2579 664 2613 Τὴν
677 2579 705 2605 δὲ
721 2579 869 2614 ἐπιθυμίαν

83 2627 305 2664 κατειργάσατο,
340 2627 515 2662 ἁπατήσασα.
546 2626 736 2662 Ἐργασαμὲνη
764 2625 791 2652 δὲ
818 2625 868 2660 τὴν

84 2674 240 2709 ἐπιθυμίαν,
258 2673 403 2701 ἀπέκτεινέ
435 2682 479 2708 με.
500 2673 593 2700 Ἔστιν
614 2671 659 2698 οὖν
673 2672 689 2707 ἡ
705 2671 808 2706 ἀπάτη,
825 2672 868 2697 αί-

85 2721 127 2747 τία
149 2722 199 2757 τῆς
223 2720 390 2755 ὲπιθυμίας¹
417 2721 434 2755 ἡ
456 2719 484 2745 δὲ
508 2719 649 2753 ἐπιθυμία,
675 2716 723 2744 τοῦ
739 2717 866 2743 θανάτου.

87 2767 138 2801 Τῆν
165 2766 195 2792 δὲ
228 2766 337 2801 ἀπάτην
369 2766 517 2800 εἰργάσατο
542 2764 587 2790 διὰ
618 2763 672 2799 ’τῆς
710 2763 821 2798 ἐντολῆς
849 2763 867 2798 ἡ

88 2812 223 2843 suasca.
260 2811 306 2839 ἶνα
335 2813 406 2844 φανῆ
433 2811 464 2838 τὸ
489 2809 656 2844 ὑπερϐάλλον
688 2809 738 2844 τῆς
767 2809 866 2841 κακίας

923 2213 1176 2248 concupiswntiam
1192 2216 1332 2246 operatum
1346 2215 1398 2243 est,
1412 2212 1458 2238 sed
1475 2214 1503 2237 et
1531 2211 1631 2237 occidit
1651 2218 1706 2243 me,

921 2260 1010 2294 ipsum
1027 2258 1094 2286 mihi
1109 2258 1210 2286 cedens
1226 2259 1259 2284 ad
1273 2261 1401 2284 mortem.
1425 2256 1539 2288 Deinde,
1569 2258 1704 2291 quemad-

921 2306 1033 2333 modum
1050 2305 1089 2332 illi
1105 2305 1190 2331 moris
1203 2308 1245 2330 est
1258 2309 1356 2329 causas
1370 2305 1545 2332 connectere,
1562 2305 1590 2327 et
1615 2307 1708 2327 rerum

920 2351 1145 2386 consequentiam
1177 2349 1260 2377 etiam
1286 2348 1313 2375 in
1343 2346 1518 2375 sermonibus
1549 2346 1706 2378 ostendere,

920 2397 1048 2429 recurrit,
1064 2404 1097 2424 ac
1111 2396 1188 2431 ponit
1202 2394 1341 2430 quomodo
1356 2397 1501 2428 operatum
1531 2391 1566 2419 sit
1597 2399 1706 2418 omnem

919 2443 1181 2478 concupiscentiam,
1196 2446 1223 2468 et
1238 2441 1293 2468 ait:
1313 2449 1322 2465 ι
1349 2439 1499 2466 Occasione
1520 2442 1632 2472 accepta
1659 2438 1707 2464 de-

919 2489 993 2524 cepit
1010 2496 1062 2516 me.
1081 2497 1090 2514 ι
1104 2487 1209 2515 Deinde
1224 2486 1296 2521 quod
1313 2485 1474 2520 praedictum
1493 2487 1535 2510 est
1549 2483 1614 2509 hinc
1626 2481 1708 2508 intel~

919 2535 1058 2570 ligenllum
1070 2534 1190 2568 reliquit,
1204 2537 1269 2568 puta
1282 2531 1355 2566 quod
1371 2538 1404 2557 ex
1419 2530 1471 2557 hoc
1497 2533 1638 2563 operatum
1666 2531 1708 2554 est

919 2587 1027 2607 omnem
1057 2577 1329 2612 concupiscentiam:
1357 2580 1386 2602 et
1413 2575 1467 2615 hoc
1500 2573 1595 2599 relicto
1625 2571 1707 2597 ﬁnem

919 2623 1071 2659 conjungit,
1088 2622 1190 2654 dicens,
1221 2631 1230 2646 ‹
1250 2621 1284 2648 Et
1301 2619 1422 2652 occidit;
1444 2628 1453 2644 ι
1481 2622 1511 2644 ιιι
1535 2624 1569 2644 ex
1578 2622 1707 2643 consecu-

919 2670 993 2697 tione
1008 2668 1106 2696 sithoc
1121 2667 1204 2694 modo
1222 2666 1257 2693 ab
1275 2673 1309 2693 eo
1321 2665 1436 2697 dictum,
1451 2664 1474 2691 si
1497 2662 1558 2697 quis
1584 2661 1707 2688 velitre-

919 2721 1012 2751 petere
1024 2724 1031 2742 :
1044 2724 1052 2740 ι
1069 2714 1220 2742 Occasione
1234 2718 1345 2747 accepta
1353 2716 1495 2747 peccatum
1508 2712 1652 2743 operatum
1664 2711 1707 2733 est

919 2763 947 2790 in
958 2769 1002 2789 me
1018 2768 1127 2788 omnem
1140 2758 1400 2794 concupiscentiam.
1425 2765 1434 2781 ι
1450 2752 1707 2788 Concupiscentiam

919 2812 1011 2836 autem
1025 2811 1168 2842 operatum
1181 2809 1223 2832 est
1240 2811 1302 2831 cum
1319 2800 1472 2836 decepissct
1488 2808 1494 2826 Ζ
1525 2806 1618 2827 verum
1643 2804 1705 2825 cum
