1878 3054
153 111 205 143 455

154 169 298 203 operatum
314 168 389 192 esset
403 159 668 197 concupiscentiam,
683 158 786 186 occidit
814 165 869 185 me.
902 157 951 185 Est
965 160 989 190 Α
1003 155 1088 191 αὐτῆς
1105 175 1114 188 ,

154 220 220 249 ergo
233 211 359 246 deccptio
377 207 607 243 concupiscentia
619 212 711 237 causa,
725 203 952 239 concupiscentia

688 101 887 132 (ECUMENII
900 99 1048 130 TRICCE
1066 97 1237 129 EPISCOPI

1763 95 1817 127 456

1146 153 1191 182 διὰ
1224 152 1272 180 τοῦ
1296 151 1401 188 ἁγαθοῦ
1430 152 1461 178 τὸ
1487 151 1617 179 κάκιστον
1641 151 1813 188 ἐργαζομέ-

1007 211 1068 237 νης.

155 248 222 290 vero
236 260 343 288 mortis.
361 257 555 300 Deceptionem
568 262 634 281 vero
648 257 790 288 peccatum
803 256 948 287 operatum
968 255 1011 278 est
1025 258 1075 286 per
1088 254 1267 285 prmeeptum,
1283 253 1314 276 ιιι
1349 252 1439 284 palam
1476 248 1523 276 ﬁat
1551 249 1725 284 magnitudo
1757 257 1817 278 ma.

157 310 227 337 litim
246 308 331 338 illius,
347 296 422 340 quod
439 311 498 330 rem
516 301 662 337 pessimam
680 304 822 335 operatum
843 303 885 326 est
910 305 958 333 per
979 298 1004 324 id
1022 297 1094 332 quod
1110 296 1245 331 optimum
1261 299 1313 322 est.

197 357 254 387 Vll,
273 355 316 387 12,
339 353 381 381 l5.
399 352 494 387 Itaque
503 351 545 377 lea;
560 353 654 376 sancta
673 352 711 374 est
744 352 769 374 et
792 350 955 383 praceptum

157 395 278 431 sanctum
294 402 448 436 justumque
476 405 507 424 ac
530 397 651 423 bonum:
676 394 746 430 quod
769 401 830 429 ergo
856 393 954 419 bonum

159 454 206 483 est,
221 449 284 476 mihi
297 448 396 483 factum
411 449 449 472 est
469 443 563 471 mors?
577 442 668 470 Absit!
685 441 730 468 sed
755 444 900 476 peccatum.
924 437 955 465 Ut

159 499 300 533 appareret
318 498 453 530 peccatum
466 500 511 527 per
520 491 547 518 id
565 489 634 525 quod
645 492 704 515 erat
716 487 813 514 bonum
826 485 889 512 mihi
915 484 956 519 gi-

161 551 242 580 gnere
254 547 375 569 mortem.
396 539 525 573 ULﬁeret
540 538 637 564 mirum
659 537 687 562 in
710 533 817 562 modum
849 538 958 567 peccans

160 593 296 623 peccatum
311 594 358 621 per
369 587 540 621 pra’ceptum.

196 679 296 707 Sancta
312 679 356 705 lex
370 681 424 709 est,
439 683 503 704 nam
517 675 551 702 ab
564 673 740 702 immunditia
755 673 818 702 illos
830 671 960 700 servabat

160 725 207 760 qui
221 725 306 759 ipsam
319 721 523 751 custodiebant.
539 720 629 752 Justa,
645 718 709 753 quia
722 722 797 745 recte
811 720 959 751 operantes

162 771 243 798 donis
257 768 429 805 praemiabat,
446 765 701 801 transgressoribus
727 771 795 791 vero
826 761 959 797 supplicia

163 815 333 851 imponebat.
350 814 435 844 Bona,
455 812 520 847 quia
535 818 625 846 neque
653 810 798 845 suppliciis
824 808 961 844 gaudebat

162 869 253 896 neque
269 860 374 888 utendo
391 859 430 886 ira
445 858 589 894 puniebat,
606 857 653 885 sed
679 857 714 884 ob
741 856 853 883 illorum
884 855 960 882 salu-

164 912 219 934 tem
249 911 278 933 et
305 906 451 933 utilitatem
479 912 511 932 ac
539 903 755 935 correctionem;
789 901 865 933 item,
899 900 963 935 quia

164 961 250 988 parva
258 953 329 980 bona
341 951 532 986 operantibus,
546 958 642 985 magna
656 946 961 984 prmstabatbenelicia:

1045 346 1136 373 Ὥστε
1155 347 1172 372 ό
1183 343 1244 378 μὲν
1268 344 1362 378 νόμος
1387 343 1481 378 ἅγιος,
1497 343 1547 370 καὶ
1565 343 1584 377 ἠ
1609 344 1732 378 ἐντολή
1745 345 1817 379 ἁγία

1009 392 1058 419 καὶ
1080 391 1181 418 δικαία
1197 391 1247 418 καὶ
1265 389 1372 425 ἀγαθή.
1397 390 1433 416 Τὸ
1457 388 1515 418 οὖν
1533 390 1657 424 ἀγαθὸν,
1674 391 1752 425 ἐμοὶ
1771 391 1818 425 τέ-

1008 448 1078 474 rore
1100 439 1247 471 θάνατος;
1268 437 1316 471 Μὴ
1339 438 1478 472 γένοιτο]
1500 438 1594 466 Ἀλλὰ
1618 439 1638 472 ή
1662 439 1816 474 ἁμαρτία.

1010 487 1077 513 Ἵνα
1092 484 1174 520 φανῇ
1201 485 1340 519 ἁμαρτία,
1360 484 1410 512 διὰ
1433 485 1488 511 τοῦ
1503 485 1619 518 ἀγαθοῦ
1630 495 1685 520 μοι
1703 494 1818 521 κατερ-

1009 530 1156 566 γαζομένη
1187 529 1327 557 θάνατον.
1355 529 1421 557 Ἵνα
1454 531 1578 564 τένηται
1612 531 1681 557 καθ’
1719 531 1817 566 ὑπερ-

1000 577 1108 612 ,σολὶρν
1141 576 1317 612 ἁμαρτωλὸς
1348 575 1367 610 ή
1398 577 1528 611 ἁμαρτία
1557 575 1606 603 διὰ
1634 576 1696 611 τῆς
1729 577 1818 604 ἐντο-

1010 623 1080 656 λῆς.

1048 668 1143 702 ’Ἄγιος
1168 667 1182 693 ὁ
1199 667 1289 703 νόμος,
1309 668 1351 695 ὅτι
1380 667 1532 703 ἐφύλαττεν
1555 667 1609 695 ἀπὸ
1633 668 1818 704 ἀκαθαρσίας

1011 714 1075 746 τοὺς
1092 714 1275 748 φυλάττοντας
1293 715 1384 742 αὑτόν.
1399 715 1518 747 Δίκαιος.
1536 716 1577 743 ὅτι
1593 718 1657 748 τοὺς
1674 717 1732 752 μὲν
1747 726 1814 744 κατ-

1013 760 1159 796 ορθοῦντας
1189 758 1317 796 ἢμείὸετο
1346 762 1472 797 δωρεαῖς,
1496 764 1553 794 τοῖς
1570 763 1599 790 δὲ
1619 763 1817 799 παραϐαίνου-

1014 815 1056 834 σιν
1077 808 1197 835 ἐπετίθει
1223 808 1271 839 τὰς
1290 809 1437 844 τιμωρίας.
1461 809 1586 843 Ἀγαθδς,
1613 810 1654 837 ὃτι
1675 811 1732 846 οὐχ
1757 812 1818 846 {15'1-

1015 862 1096 889 μενος
1116 855 1176 886 ταῖς
1196 855 1341 890 τιμωρίαις
1365 855 1381 891 ἢ
1407 856 1474 891 ὀργῇ
1502 856 1643 891 χρώμενος
1664 857 1818 890 ἐκόλαζεν,

1014 900 1084 927 ἀλλὰ
1101 901 1150 935 τῆς
1173 900 1262 928 αὑτῶν
1278 900 1357 928 ἕνεκα
1378 903 1517 937 σωτηρίας
1533 903 1581 929 καὶ
1600 903 1746 937 ὠφελείας
1769 905 1818 930 καὶ

1017 946 1201 982 βελτιώσεως·
1218 947 1264 974 καὶ
1281 947 1322 974 ἔτι
1344 947 1385 974 ὅτι
1404 948 1492 984 μικρὰ
1505 948 1682 984 κατορθοῦσι,
1705 951 1816 985 μεγάλα

164 987 366 1034 peccantesque
383 997 550 1029 sustinebat,
567 1004 618 1023 nec
632 996 665 1022 ad
692 994 822 1022 meritum
848 993 958 1020 delicto-

1043 993 1164 1029 λαρῖζετο,
1190 994 1237 1021 καὶ
1257 994 1449 1030 ἁμαρτάνοντα
1475 997 1612 1030 περιεῖπε,
1630 997 1679 1024 καὶ
1693 997 1728 1024 οὐ
1755 998 1815 1024 κατ’

165 1053 226 1072 rum
238 1045 379 1080 puniebat.
396 1044 456 1078 Ipse
468 1047 561 1070 autem
575 1042 618 1069 his
634 1041 745 1068 interim
756 1038 961 1075 pratermissis.

165 1099 199 1118 ex
213 1091 257 1118 his
269 1090 409 1118 concludit
427 1094 549 1116 sanctam
566 1089 724 1123 iustamque
739 1094 772 1114 ac
786 1086 887 1113 bonam
901 1092 962 1113 esse

165 1137 253 1172 legem
269 1137 326 1164 sive
342 1139 510 1171 praeceptum
524 1143 530 1161 :
547 1142 601 1161 uno
623 1133 734 1168 quidem
765 1132 867 1164 medio,
898 1131 963 1166 quia

165 1183 261 1211 docuit
276 1190 318 1209 me
346 1186 490 1216 peccatum
521 1187 699 1215 cognoscere,
726 1178 866 1214 jussitque
895 1176 963 1204 illud

167 1230 280 1265 fugere:
300 1229 387 1255 altero
403 1235 479 1259 vero,
503 1227 575 1262 quod
606 1233 650 1253 me
681 1225 826 1258 adjuvans,
853 1223 963 1258 meique

167 1283 262 1303 curam
279 1274 385 1301 habens
402 1273 456 1300 hoc
475 1272 573 1300 fecerit
587 1280 594 1298 ε
607 1279 670 1298 nam
694 1272 727 1297 ad
750 1271 836 1298 vitam
862 1277 894 1296 ac
921 1276 964 1295 sa—

167 1322 255 1349 lutem
272 1321 332 1347 haec
349 1320 417 1347 mihi
434 1319 510 1347 fecit.
525 1319 627 1346 Sancta
640 1325 706 1353 ergo
720 1320 773 1349 est,
792 1316 857 1351 quia
871 1315 964 1342 docuit

168 1375 201 1394 ac
214 1367 308 1402 fugere
321 1367 356 1394 ab
376 1367 435 1401 ipsa
446 1365 620 1392 immunditia
636 1362 786 1399 praecepit:
800 1362 873 1397 justa
886 1368 962 1393 vero,

169 1413 234 1447 quia
246 1413 292 1439 ubi
308 1412 410 1444 docuit,
421 1411 500 1445 291
517 1410 550 1437 ab
561 1410 605 1437 his
616 1409 663 1444 qui
675 1417 730 1435 non
745 1411 890 1435 servarunt
906 1413 964 1441 pte-

171 1466 233 1485 uam
250 1457 368 1492 repetit:
382 1464 492 1484 rursum
510 1460 602 1483 autem
620 1455 703 1488 bona,
717 1454 782 1489 quia
798 1452 882 1480 vitam
895 1451 963 1480 mihi

171 1503 331 1540 providens,
349 1503 408 1530 haec
423 1502 550 1538 jubebat.

204 1598 273 1626 Item
288 1602 311 1625 ct
327 1597 380 1624 alio
394 1596 481 1624 modo.
502 1605 511 1621 ι
531 1595 587 1623 Lex
615 1595 726 1630 quidem
757 1599 851 1623 sancta
878 1598 930 1623 est.
952 1604 961 1621 ι

1014 1040 1093 1073 ἀξίαν
1102 1040 1156 1066 τῶν
1171 1040 1417 1076 πλημμελημάτων
1431 1042 1571 1074 ἐκόλαζεν.
1587 1043 1675 1074 Δύτδς
1694 1043 1726 1070 δὲ
1747 1044 1816 1075 τέως

1015 1085 1203 1121 παραδραμὼν
1220 1086 1316 1119 ταῦτα,
1334 1087 1366 1113 ὲκ
1389 1086 1493 1114 τούτων
1511 1089 1711 1123 συμπεραίνει,
1738 1089 1814 1124 ἅγιον

1015 1132 1062 1158 καὶ
1089 1132 1191 1158 δίκαιον
1214 1132 1262 1159 καὶ
1287 1132 1389 1167 ἀγαθὸν
1414 1131 1485 1160 εἶναι
1509 1134 1555 1161 τδν
1579 1135 1670 1170 νόμον,
1688 1136 1753 1171 ἦτοι
1767 1136 1815 1171 τὴν

1015 1178 1132 1214 ἐντολὴν,
1151 1178 1179 1212 ἐξ
1203 1179 1261 1210 ἑνὸς
1276 1179 1334 1213 μὲν,
1357 1179 1397 1206 ὅτι
1423 1179 1541 1213 Ἐδίδαξέ
1558 1190 1592 1216 με
1612 1183 1753 1217 γνωρίσαι
1768 1183 1815 1218 τὴν

1015 1225 1152 1259 ἁμαρτίαν
1167 1224 1214 1251 κα)⁵
1225 1225 1338 1258 ἐπέταξε
1356 1227 1452 1260 φυγεῖν
1468 1227 1553 1262 αὑτήν
1568 1237 1574 1243 ·
1594 1227 1624 1260 ἐξ
1647 1229 1750 1264 ἐτέρου
1778 1230 1815 1261 δὲ,

1015 1271 1055 1298 ὅτι
1080 1271 1226 1307 κηδόμενος
1251 1272 1296 1299 καὶ
1323 1273 1475 1308 φροντίζων
1498 1273 1577 1300 τοῦτο
1593 1274 1750 1310 ἐποίησεν·
1776 1276 1815 1306 εἰς

1016 1318 1071 1353 γὰρ
1086 1317 1156 1352 ζωὴν
1169 1317 1230 1352 ἐμοὶ
1245 1319 1292 1356 καὶ
1305 1318 1443 1354 σωτηρίαν
1457 1318 1543 1346 ταῦτα
1558 1319 1700 1356 ἐποίησεν.
1719 1322 1816 1355 Ἀγιος

1014 1362 1071 1396 οὖν,
1090 1364 1130 1391 ὅτι
1157 1363 1270 1397 ἐδίδαξε,
1290 1366 1336 1391 καὶ
1362 1366 1458 1399 φυγεῖν
1486 1365 1541 1392 ἀπὸ
1567 1366 1618 1400 τῆς
1636 1366 1814 1401 ἀκαθαρσίας

1015 1410 1100 1446 αὐτῆς
1117 1409 1230 1442 ἐπέταξε
1241 1418 1248 1425 ·
1266 1410 1370 1442 δίκαιος
1392 1411 1432 1443 δὲ,
1449 1411 1489 1438 ὅτι
1505 1411 1625 1445 διδάξας,
1651 1412 1746 1444 οὕτως
1766 1413 1815 1448 τὴν

1015 1456 1151 1491 τιμωρίαν
1169 1457 1233 1488 τοὺς
1250 1456 1287 1492 μὴ
1308 1457 1479 1491 φυλάξαντας
1504 1458 1626 1484 ἀπαιτεῖ.
1654 1458 1775 1492 ames;
1788 1458 1814 1484 δὲ

1015 1502 1117 1535 πάλιν,
1143 1502 1184 1528 ὅτι
1211 1500 1284 1537 ζωήν
1315 1510 1361 1537 μοι
1399 1502 1610 1538 προνοούμενος,
1640 1503 1735 1530 ταῦτα
1764 1504 1812 1530 ὲτι-

1015 1550 1111 1576 ετέλει.
1401 1554 1407 1559 ‘

1053 1596 1106 1623 Kal
1120 1596 1231 1630 ἄλλως.
1259 1606 1268 1622 ι
1280 1597 1308 1624 '0
1323 1596 1372 1632 μὲν
1385 1597 1468 1631 νόμος
1484 1596 1571 1631 ἅγιος.
1588 1606 1598 1623 ι
1623 1597 1660 1624 οὐ
1680 1597 1741 1632 γὰρ
1767 1597 1814 1630 τῆς

170 1645 265 1680 Neque
282 1644 356 1672 enim
371 1648 476 1671 naturae
487 1642 556 1678 legis
571 1647 631 1670 erat
645 1646 676 1669 ut
689 1642 756 1668 mihi
767 1645 958 1669 nocnmentum

1043 1643 1062 1669 μῦ
1085 1643 1168 1677 νόμου
1189 1643 1298 1678 φύσεως
1321 1641 1356 1679 ἦν
1373 1643 1403 1670 τὸ
1427 1642 1580 1678 βεϐλάφθαι
1607 1651 1652 1679 με,
1678 1644 1754 1670 ἀλλὰ
1767 1643 1813 1678 τῆς

171 1691 335 1723 inferretur,
351 1689 399 1717 sed
422 1697 490 1716 mea:
505 1688 616 1716 malitiae
631 1695 662 1715 ac
679 1687 817 1723 segnitiei,
829 1687 904 1722 quod
933 1694 965 1714 ea

171 1738 317 1773 qumjussa
331 1740 412 1764 erant
423 1743 478 1762 non
492 1733 708 1762 obscrvaverim.
727 1744 736 1759 ι
754 1734 789 1761 Et
799 1738 966 1769 przeceptum

172 1788 313 1811 sanctum.
335 1792 344 1808 ι
376 1781 478 1816 Legem
513 1780 580 1808 dicit
610 1779 768 1812 Mosaicam,
799 1783 966 1815 praeceptum

171 1838 238 1858 vero
255 1830 327 1865 quod
341 1828 393 1864 ipsi
407 1829 490 1854 Adam
505 1827 596 1853 datum
612 1831 680 1854 erat.
698 1826 829 1854 Sanctum
842 1826 964 1862 quidem,

173 1881 304 1910 tanquam
318 1874 344 1901 id
355 1873 459 1900 docens
472 1871 546 1907 quod
558 1871 736 1906 expediebat;
746 1872 851 1906 justum
862 1876 966 1906 autem,

173 1926 304 1957 tanquam
319 1924 392 1947 recte
401 1919 428 1946 in
445 1923 664 1954 transgressores
677 1917 841 1945 sententiam
854 1917 965 1946 ferens:

173 1970 277 1997 bonum
292 1973 414 2002 quoque,
429 1969 524 2000 utpote
536 1965 620 1992 vitam
633 1972 733 1999 parans
744 1963 966 1993 observantibus.

177 2023 186 2039 ‹
209 2013 263 2040 Sed
291 2015 447 2047 peccatum.
468 2020 478 2036 ι
509 2010 578 2043 Quia
609 2010 715 2044 peccati
748 2010 966 2046 magnitudinem

166 2055 324 2084 ‘ostendcre
340 2056 473 2087 decrevit,
489 2055 558 2082 nihil
575 2059 668 2082 autem
682 2062 714 2082 eo
732 2056 821 2091 majus
835 2055 862 2083 in
886 2057 965 2084 mali.

175 2103 212 2131 tia
226 2106 334 2138 poterat
346 2102 482 2133 invenire,
498 2109 547 2137 per
564 2101 684 2141 idipsum
706 2102 855 2130 ostendens
881 2102 967 2138 ipsius

175 2149 403 2186 magnitudinem,
417 2148 482 2176 dicit
496 2157 503 2175 :
520 2157 528 2174 I
549 2147 600 2176 Sed
615 2152 758 2183 peccatum
772 2153 804 2175 ut
819 2154 967 2184 appareret

174 2199 329 2232 peccatum,
350 2204 359 2221 ι
378 2194 404 2222 id
418 2199 470 2226 est,
501 2199 532 2221 ut
561 2188 740 2228 detegeretur
765 2195 856 2222 omnis
879 2195 967 2223 abun-

175 2242 268 2270 dantia
281 2241 392 2270 malitiae
403 2241 489 2276 ipsius
501 2248 533 2268 ac
548 2240 624 2267 illius
640 2240 682 2268 vis
697 2240 725 2267 in
742 2240 844 2275 seipso.
876 2241 915 2269 Ac
943 2242 965 2269 si

175 2288 268 2315 dicat:
286 2287 403 2322 thuod
418 2291 470 2319 est,
488 2291 577 2314 totum
589 2286 616 2313 in
636 2290 693 2313 toto
707 2286 753 2313 fiat
775 2287 964 2315 manifestum.

176 2333 206 2360 ln
234 2334 301 2373 aliis
321 2326 440 2367 namque
468 2340 610 2360 excessum
640 2332 786 2367 quemdam
812 2342 965 2369 proponere

176 2379 311 2411 volentes,
336 2378 411 2405 aliud
426 2378 568 2413 quidpiam
592 2377 692 2405 aﬂerre
718 2386 867 2413 possumus
894 2379 924 2406 in
946 2380 972 2408 id

176 2425 250 2459 quod
262 2432 278 2451 a
291 2424 371 2451 nobis
389 2423 604 2458 reprehenditur
619 2432 626 2457 ;
640 2423 725 2451 veluti
740 2424 881 2452 dicentes:
897 2425 973 2453 Adeo

176 2471 314 2498 scelestus
328 2474 388 2497 erat
402 2469 480 2502 Cain,
497 2474 527 2496 ut
545 2469 639 2498 fratris
665 2470 805 2498 homicida
833 2470 912 2498 ﬁeret
941 2479 973 2499 ac

177 2516 282 2551 primus
300 2516 356 2543 Deo
368 2516 535 2543 mentiretur
551 2516 709 2551 similiaque
732 2521 916 2551 perpetraret.
938 2517 973 2544 Et

176 2569 286 2590 rursum
304 2571 311 2589 :
329 2561 425 2597 Neque
439 2566 502 2597 post
515 2563 704 2598 prodigiorum
721 2563 909 2590 ostensioncm
924 2563 970 2590 ad-

176 2612 274 2637 ductus
289 2613 332 2636 est
341 2609 449 2636 Pharao
475 2613 506 2635 ut
530 2609 600 2636 ﬁlios
626 2609 710 2636 Israel
733 2608 894 2642 dimitteret,
917 2617 974 2644 quo

176 2661 323 2691 appareret
336 2656 396 2691 ejus
408 2655 571 2686 crudelitas,
583 2659 612 2682 et
629 2654 762 2681 indomita
773 2661 862 2686 mens,
874 2663 972 2690 quam-

177 2710 231 2736 que
250 2702 306 2730 Dco
322 2706 396 2729 esset
409 2701 528 2728 iuviSus.
542 2700 576 2727 Et
589 2699 721 2726 similiter
749 2699 778 2726 in
797 2699 870 2727 aliis.
902 2701 970 2728 Nam

177 2752 267 2782 potest
283 2748 311 2774 in
324 2748 366 2774 eis
382 2746 486 2781 aliquid
500 2745 619 2772 inveniri
635 2746 714 2780 pejus
728 2745 773 2773 his
787 2753 849 2781 qua:
870 2754 973 2781 propo-

177 2797 291 2825 nuntur,
306 2793 385 2828 cujus
400 2793 485 2819 etiam
502 2791 650 2826 participes
665 2792 777 2826 maligni
810 2793 970 2828 suscipiunt

178 2839 390 2874 appellationem
406 2839 439 2866 ad
456 2838 531 2866 illius
548 2838 770 2867 similitudinem.
797 2839 827 2866 lu
854 2844 969 2874 peccato

1020 1688 1108 1723 ἡμῶν,
1135 1688 1213 1724 φησὶ,
1235 1688 1335 1720 κακίας
1361 1688 1408 1715 καὶ¹
1432 1688 1580 1724 ῥᾳθυμίας,
1608 1689 1668 1716 ἀνθ’
1701 1685 1740 1716 ὧν
1768 1688 1814 1715 οὑκ

1019 1733 1191 1769 ὲφυλὰξαμεν
1205 1734 1241 1761 τὰ
1268 1734 1501 1770 ὲπιταχθέντα.-
1514 1734 1681 1772 [ΘΕΟΔΩΡ.]
1700 1745 1710 1762 ι
1724 1734 1779 1762 Καὶ
1800 1734 1813 1768 ή

1020 1780 1113 1815 ἐντολὴ
1134 1781 1212 1814 ἁγία.
1226 1790 1235 1807 ι
1252 1780 1342 1816 Νόμον
1358 1781 1405 1808 τὸν
1431 1781 1577 1808 Μωσαῖκὺν
1594 1782 1680 1815 λέγει,
1706 1780 1813 1815 ἐντολὴν

1019 1826 1058 1859 δὲ,
1076 1826 1125 1862 τὴν
1141 1827 1180 1862 τῷ
1202 1827 1288 1862 Ἀδὰμ
1301 1827 1458 1861 δεδομένην.
1481 1827 1576 1861 Ἀγίαν
1592 1828 1640 1862 μὲν
1657 1827 1698 1860 ὡς
1712 1828 1743 1854 τὺ
1758 1827 1814 1854 δέον

1007 1874 1175 1916 διδάξασαν.
1203 1875 1317 1902 Δικαίαν
1338 1874 1377 1906 δὲ,
1402 1874 1439 1906 ὡς
1461 1874 1551 1909 ὀρθῶς
1570 1876 1627 1906 τοῖς
1639 1874 1813 1910 παραϐάταις

1020 1919 1069 1956 τὴν
1084 1920 1174 1955 ψῆφον
1188 1920 1405 1954 ὲπενεγκοῦσαν·
1424 1920 1529 1956 ἀγαθὴν
1551 1920 1590 1953 δὲ,
1616 1920 1654 1952 ὡς
1670 1921 1746 1956 ζωὴν
1759 1919 1814 1949 τοῖς

1022 1967 1205 2002 φυλάσσουσιν
1215 1967 1439 2002 εὑτρεπίζουσαν.
1460 1976 1469 1993 ι
1481 1967 1560 1993 Ἀλλὰ
1577 1967 1594 2002 ἡ
1610 1956 1767 2002 ἁμαρτία..)
1780 1979 1812 1986 -

1021 2013 1118 2050 [ΦΩΤ.]
1135 2013 1243 2049 Ἐπειδὴ
1255 2013 1305 2047 τῆς
1314 2014 1451 2048 ἁμαρτίας
1462 2012 1577 2048 ἠθέλησε
1586 2013 1615 2039 τὸ
1637 2013 1752 2048 μέγεθος
1761 2011 1812 2038 δεῖ-

1021 2059 1076 2092 ξαι,
1093 2059 1185 2093 μεῖζον
1201 2059 1229 2085 δὲ
1241 2059 1343 2095 ταύτης
1359 2059 1399 2090 είς
1421 2058 1521 2086 κακίαν
1536 2056 1634 2094 οὐχ’ἦν
1649 2058 1754 2093 εὑρεῖν,
1780 2055 1812 2083 δι’

1021 2106 1105 2140 αὐτῆς
1117 2105 1219 2141 ταύτης
1234 2105 1265 2132 τὸ
1291 2105 1405 2140 μέγεοος
1424 2104 1510 2140 αὐτῆς
1528 2104 1743 2141 ἐνδεικνύμενος,
1761 2111 1811 2137 φη-

1022 2139 1100 2184 om}
1127 2139 1201 2178 Ἀλλ’.
1216 2153 1232 2188 ἡ
1256 2139 1390 2187 ἁμαρτία,
1406 2151 1450 2178 ἵνα
1472 2153 1544 2187 φανῇ
1565 2139 1698 2186 ἁμαρτία,
1715 2159 1724 2176 ›
1739 2157 1811 2176 τουτ-

1021 2197 1094 2224 έστιν
1102 2198 1146 2224 ἴνα
1157 2198 1314 2234 ἐκκαλυφθῇ
1326 2198 1412 2232 αὐτῆς
1424 2198 1438 2224 ὁ
1449 2198 1502 2229 πᾶς
1514 2198 1564 2232 τῆς
1577 2198 1677 2229 κακίας
1689 2196 1809 2227 πλοῦτος.

1021 2245 1067 2271 καὶ
1083 2245 1100 2280 ή
1117 2244 1192 2280 ἰσχὺς
1209 2244 1321 2279 αὑτῆςή
1337 2244 1367 2270 ὲν
1378 2244 1458 2278 αὐτῇ.
1471 2242 1543 2276 Οἷον,
1562 2243 1629 2275 Ἵνα,
1646 2244 1713 2278 ὅπερ
1728 2242 1809 2272 ἐστὶν,

1020 2290 1069 2325 ὅλη
1082 2291 1119 2322 ὼς
1135 2291 1183 2325 ὅλη
1199 2289 1307 2325 γίνηται
1322 2290 1454 2325 ἐκφανής.
1483 2289 1545 2316 Ἐπὶ
1559 2289 1609 2325 μὲν
1622 2289 1677 2324 γὰρ
1691 2289 1745 2316 τῶν
1765 2286 1809 2313 ιλ-

1025 2335 1079 2362 λων
1096 2336 1248 2371 ὑπερὸολήν
1274 2344 1334 2362 τινα
1350 2335 1473 2367 θέλοντες
1493 2336 1681 2372 παραστῆσαι,
1694 2333 1807 2367 δυνάμε-

1026 2382 1059 2408 θα
1085 2381 1149 2410 ἄλλο
1170 2390 1196 2408 τι
1216 2381 1359 2416 ἐπιφέρειν
1378 2381 1417 2417 τῷ
1444 2381 1631 2416 διασυρομένῳ
1656 2381 1701 2416 ὑφ’
1722 2378 1807 2415 ἡμῶν.

1021 2424 1087 2459 οἷον,
1108 2426 1216 2462 Mm.pr
1237 2425 1271 2462 ἦν
1290 2427 1336 2454 ἐπὶ
1353 2426 1480 2454 τοσοῦτον
1493 2427 1507 2453 ὁ
1523 2427 1593 2453 Κάῖν
1607 2446 1615 2458 ,
1633 2426 1675 2453 ὅτι
1702 2425 1806 2458 ἀδελφοι

1023 2473 1116 2504 κτάνος
1131 2472 1248 2506 ἐγένετο,
1259 2472 1300 2499 ὃτι
1318 2472 1366 2499 καὶ
1390 2472 1457 2498 Θεὸν
1474 2472 1582 2507 πρῶτος
1605 2471 1747 2506 ἐψεύσατο,
1765 2467 1808 2495 καὶ

1022 2519 1056 2545 τὰ
1072 2519 1164 2552 ὃμοια.
1176 2519 1231 2545 Καὶ
1245 2518 1325 2546 πάλιν
1339 2527 1346 2534 ·
1364 2519 1431 2545 Οὐδὲ
1450 2518 1518 2553 μετὰ
1535 2518 1585 2552 τὴν
1599 2517 1651 2544 τῶν
1666 2514 1807 2552 τεριστίων

1023 2564 1154 2596 ἐπίδειξιν
1170 2564 1331 2600 παρεκλήθη
1352 2564 1452 2600 Φαραὼ
1468 2563 1602 2590 ἀπολῦσαι
1623 2563 1686 2593 τοὺς
1707 2563 1807 2597 Ἰσραη-

1025 2609 1112 2642 λίτας,
1131 2610 1174 2637 ἵνα
1198 2611 1270 2646 φανῇ
1286 2610 1370 2637 αὐτοῦ
1396 2611 1426 2636 τὸ
1447 2610 1521 2644 ὠμὴν
1535 2610 1584 2636 καὶ
1601 2609 1744 2636 ἀτίθασσον
1762 2605 1806 2639 τῆς

1027 2655 1140 2691 γνώμης
1160 2656 1208 2683 καὶ
1233 2656 1370 2690 θεομισές.
1385 2656 1441 2682 Καὶ
1457 2655 1504 2682 ἐπὶ
1527 2655 1581 2682 τῶν
1600 2655 1688 2682 ἄλλων
1702 2651 1805 2688 ὁμοίως-

1026 2701 1103 2728 Ἐστι
1119 2702 1174 2737 γὰρ
1189 2702 1279 2737 εὑρεῖν
1294 2710 1320 2735 τι
1334 2703 1424 2737 χεῖρον
1439 2701 1494 2728 τῶν
1508 2701 1705 2735 ὑποκειμένων,
1722 2693 1750 2724 οὗ
1765 2694 1805 2721 καὶ

1025 2748 1205 2783 μετασχόντες
1216 2748 1241 2773 ol
1255 2748 1479 2783 πονηρευόμενοι,
1496 2747 1544 2779 τὰς
1558 2746 1617 2773 κατ’
1632 2746 1719 2772 ἐκεῖνο
1728 2747 1805 2776 προσ-

1024 2794 1139 2829 ηγορίας
1167 2793 1348 2828 ἐπιδέχονται.
1369 2794 1431 2820 Ἐπὶ
1454 2794 1482 2820 δὲ
1511 2794 1560 2827 τῆς
1586 2790 1733 2827 ἁμαρτίας,
1749 2786 1803 2814 ἐπεὶ

1025 2838 1138 2874 ταύτης,
1154 2838 1192 2870 ὡς
1214 2838 1331 2874 ἔφημεν,
1355 2839 1405 2866 οὐκ
1420 2839 1477 2865 ἔστι
1502 2839 1592 2874 χεῖρον
1614 2836 1713 2871 εὑρεῖν,
1729 2830 1804 2865 αὑτὴν
