1878 3054
90 196 147 228 ιιξδ

627 193 819 225 COMMENT.
840 191 880 222 1N
898 192 1016 223 EPlST.
1040 194 1088 223 AD
1109 193 1200 224 ROM.

1670 192 1722 223 M6

91 253 358 290 συμφωνοῦντα,πῷ
379 254 482 281 θέλοντι
497 253 559 289 ἐμοὶ
586 253 617 280 τδ
645 254 738 280 καλόν.
765 253 819 279 Καὶ

978 260 1025 279 cm
1039 252 1107 279 mihi
1121 251 1289 280 conforniem
1303 250 1406 278 volenti
1423 250 1490 277 mihi
1505 249 1592 277 facere
1607 249 1719 278 bonum.

91 302 172 337 χρεία
184 300 373 336 συμφωνίαςῆ
398 299 553 335 συμμαχίας
567 308 575 333 ;
592 299 689 335 Πολλὴ,
699 299 776 334 φησί.
789 308 799 325 ‹
810 299 883 326 Διότι

90 348 154 382 ἐμοὶ
167 347 198 374 τὺ
219 347 308 374 κακὸν
334 346 510 382 παράκειται,
524 355 534 372 ι
562 346 609 373 καὶ
632 345 882 380 ἁντιστρατεύεται,

91 394 139 420 καὶ
155 393 283 428 πολεμεῖ,
299 393 346 419 καὶ
363 392 436 427 ἑξῆς.
455 391 526 419 Λύτὺ
541 390 588 419 οὖν
601 391 680 418 τοῦτο
694 390 826 418 πλατύνει
834 392 882 418 καὶ

89 439 231 474 διασαφεῖ,
245 439 304 470 πῶς
320 439 484 474 συμφωνεῖὸ
497 438 590 473 νόμος,
607 437 665 470 πῶς
681 437 832 464 ἐπιτίθεται
854 439 885 465 τὸ

89 485 190 511 κακόν.
207 494 217 510 ι
231 483 383 520 Συνήδομαι
401 484 456 519 γὰρ
471 484 509 520 τῷ
524 484 598 519 νόμῳ
613 483 664 510 ’τοῦ
678 483 758 512 Θιοῦ.
773 493 782 509 ι
803 483 884 510 Ὥστε

91 530 165 556 κατὰ
180 529 261 556 τοῦτο
278 531 421 565 συμφωνεῖ
438 538 493 564 μοι,
509 531 556 557 καὶ
569 531 669 565 τρόπαν
691 529 752 557 τινὰ
774 539 885 566 συμμα-

89 577 146 611 χεῖ,
157 577 183 602 εί
199 576 246 603 καὶ
259 576 379 608 ἀσθενῶς
393 576 449 612 ἔχει
468 576 610 612 βοηθῆσαι.
628 577 886 612 ’Δντιστρατευομέ-

90 631 138 648 νου
149 622 205 658 γὰρ
218 622 264 649 τοῦ
274 622 368 658 ἐτέρου
376 622 472 658 νόμου,
484 623 544 658 ἦτοι
553 623 600 650 τοῦ
615 625 664 659 τῆς
677 623 824 659 ἁμαρτίας,
838 625 886 660 οὐχ

91 667 240 701 ὑφίσταται
257 668 303 694 καὶ
330 668 481 703 ἐπικουρεῖ,
507 668 596 695 καίτοι
612 668 715 695 Θέλοντι
728 669 818 700 αὐτὸν,
840 670 887 696 καὶ

92 713 220 748 ἡδομένῳ
239 713 324 748 αὐτῷ,
338 713 406 740 ἀλλὰ
422 713 568 748 ἀφίσταται
584 714 813 750 καταλιμπάνων,
840 716 886 742 καὶ

93 760 135 796 μὴ
151 760 302 795 δυναμένου
318 760 407 796 ἑαυτῴ
421 761 555 795 ἀρκέσαι,
577 761 749 796 αἰχμάλωτος
765 761 885 797 γίνομαι.

93 807 146 842 Εῖη
158 808 182 834 δ’
198 808 244 840 ἂν,
258 809 282 834 εί
296 807 459 843 συνταχθείη
481 807 578 840 οὕτως.
600 809 654 835 τῶν
671 809 824 844 εἰρημένων
838 818 886 836 σα-

91 853 242 889 φέστερον·
268 854 394 889 Εὑρίσκω
410 853 464 889 ἄρα
483 854 523 890 τῷ
536 855 642 881 θέλοντι
666 856 727 890 spei
744 856 774 882 τὸ
794 856 886 888 καλὸν,

92 900 155 951 fleat
171 899 218 927 τὸν
232 900 313 935 νόμον
328 901 337 936 (
345 900 386 927 ὅτι
407 901 468 934 ἐμοὶ
483 900 512 926 τὸ
535 901 621 927 κακὸν
640 901 830 937 παράκειται),
849 902 888 938 τῷ
903 924 923 951 Β

92 945 199 972 θέλοντι
223 945 284 981 ἐμοὶ
316 947 402 973 ποιεῖν
425 946 455 972 τὸ
472 946 564 979 καλὸν,
582 944 638 974 οἷον
649 949 819 984 ⁸προτροπὴν
835 949 882 976 καὶ

93 991 255 1027 συμϐουλὴν
266 992 432 1028 παρέχοντα.
453 1002 463 1018 ι
477 993 573 1019 Βλέπω
587 994 618 1020 δὲ
636 994 730 1029 ἕτερον
759 995 851 1028 νόμον.
870 1005 879 1020 ι

91 1037 235 1072 Τέσσαρές
250 1039 318 1065 εἰσιν
330 1038 447 1066 ἐνταῦθα
468 1039 556 1075 νόμοι,
567 1041 632 1076 περὶ
643 1037 680 1068 ὧν
695 1041 881 1076 διαλαμϐάνει.

91 1081 143 1115 Εἷς
170 1084 220 1118 μὲν
239 1084 254 1110 ὁ
275 1084 357 1120 νόμος
373 1085 421 1112 τοῦ
452 1085 532 1119 Θεοῦ,
549 1087 613 1122 περὶ
627 1084 658 1114 οὗ
673 1096 750 1122 φησι·
771 1097 781 1114 ι
796 1089 884 1123 Συνή-

90 1131 177 1165 δομαι
191 1131 247 1166 γὰρ
268 1131 308 1166 τῷ
321 1131 397 1167 νόμῳ
406 1131 453 1158 τοῦ
468 1131 534 1158 Θεοῦ
545 1141 552 1149 ο
567 1141 576 1158 ι
601 1132 727 1169 δεύτερος
739 1134 769 1161 δὲ
784 1135 798 1161 δ
808 1136 883 1162 ἀντι-

93 1177 312 1211 στρατευόμενος
323 1185 331 1192 ·
345 1177 446 1220 τρίτος,
457 1178 522 1214 περὶ
537 1175 567 1205 οὗ
584 1187 662 1213 φησι·
675 1189 684 1206 ι
694 1179 740 1215 Τῷ
751 1181 826 1216 νόμῳ
836 1181 883 1208 τοῦ

91 1223 154 1253 νοός
186 1230 248 1256 μου.
270 1232 279 1248 ι
302 1222 440 1257 Τέταρτος
468 1224 531 1259 περὶ
550 1220 582 1250 οὗ
606 1224 701 1259 λέγει,
725 1235 734 1250 ι
749 1225 794 1260 Τῷ
808 1226 884 1261 νόμῳ

94 1269 144 1304 si]:
163 1269 311 1304 ἁμαρτίας,
324 1269 364 1304 τῷ
378 1269 435 1296 ὄντι
455 1271 484 1296 ὲν
495 1272 550 1302 τοῖς
567 1271 660 1305 μέλεσι
677 1280 739 1306 μου.
752 1281 761 1297 ι
775 1272 884 1299 Τούτων

93 1315 109 1341 ὀ
128 1315 249 1349 πρῶτος,
273 1314 304 1342 τὸ
327 1314 504 1349 εὐαγγελικόν
529 1317 587 1343 ἐστι
612 1317 760 1352 παίδευμα,
786 1317 885 1350 ἔξωθεν

93 1360 140 1386 δια
155 1360 202 1387 τοῦ
223 1361 400 1397 κηρύγματος
415 1361 498 1388 εἰσιὸν
513 1363 560 1390 καὶ
571 1363 701 1398 ρυθμίζον
720 1364 769 1398 τῆν
784 1364 883 1400 ψυχήν.

101 1406 132 1434 '0
147 1408 275 1443 δεύτερος
288 1408 303 1434 6
313 1409 599 1444 ἀντιστρατευόμενος,
609 1410 655 1436 καὶ
668 1406 744 1441 οὗτος
753 1410 806 1437 τῶν
820 1411 886 1444 ἔξω.

92 1453 144 1480 ὒέν
161 1454 235 1480 ἐστιν
255 1455 430 1482 ἐπεισιόντων
451 1455 511 1482 κατ’
526 1455 669 1492 ἐνέργειαν
695 1456 742 1483 τοῦ
763 1457 884 1493 Πονηροῦ

95 1500 142 1526 διὰ
159 1499 214 1526 τῶν
235 1500 383 1535 λογισμῶν.
401 1501 448 1528 καὶ
473 1501 523 1537 τὴν
549 1501 639 1538 ψυχὴν
664 1496 883 1538 αἰχμαλωτίζων.

97 1545 209 1579 Τρίτος,
219 1546 249 1572 ὃν
263 1554 329 1580 φησι
347 1546 430 1581 νόμον
453 1547 521 1578 νοός.
536 1543 621 1580 οὗτός
637 1548 711 1574 ἐστιν
723 1549 737 1575 ὸ
755 1550 788 1584 τῇ
805 1549 885 1584 φύσει

934 298 968 325 Ει
989 305 1049 332 quae
1068 296 1172 324 utilitas
1197 296 1399 324 conformitatis
1422 295 1466 322 vel
1489 295 1604 322 auxilii?
1623 295 1722 327 Multa,

935 343 1043 379 inquit;
1063 352 1071 369 ι
1089 342 1158 370 Nam
1173 342 1277 370 malum
1299 341 1367 369 mihi
1387 341 1493 376 adjacet
1512 350 1520 366 ι
1539 347 1568 369 et
1589 346 1723 375 repugnat

934 397 968 417 ac
993 389 1144 425 pracliatur,
1162 393 1217 416 etc.
1237 389 1296 416 Hoc
1320 387 1410 423 ipsum
1427 387 1533 420 dilatat,
1558 391 1587 414 et
1609 387 1720 422 planum

935 434 1000 462 facit
1012 433 1151 469 quomodo
1168 433 1319 461 conformis
1339 433 1374 460 sit
1392 433 1446 464 lex,
1464 432 1604 467 quomodo
1620 433 1722 459 malum

935 481 1088 509 immineat.
1108 490 1117 506 ι
1136 480 1269 509 Oblector
1288 479 1362 507 enim
1383 479 1444 514 lege
1467 479 1526 506 Dei.
1544 488 1552 504 I
1572 479 1667 514 Itaque
1678 487 1722 506 se-

936 528 1058 556 cundum
1080 527 1133 555 hoc
1148 526 1299 554 conformis
1319 530 1362 553 est
1375 525 1454 556 mihi.
1470 530 1498 552 et
1520 524 1723 560 quodammodo

936 573 1102 605 auxiliatur,
1132 580 1288 607 quanquam
1314 571 1451 599 imbecille
1476 571 1546 598 ferat
1578 571 1722 598 auxilium.

936 618 1004 646 Nam
1018 606 1187 653 repugnante
1203 606 1290 644 altera
1307 616 1365 652 lege
1380 621 1444 651 puta
1460 621 1582 651 peccato,
1596 623 1651 643 non
1661 606 1733 643 sus:

939 667 1007 694 tinet
1021 673 1073 694 nec
1086 665 1246 698 auxiliatur,
1264 665 1329 692 licet
1342 665 1426 699 ipsam
1441 665 1532 697 velim,
1547 672 1634 699 eaque
1648 664 1724 690 oblc-

937 717 1007 743 cter.
1026 712 1074 740 sed
1097 720 1140 740 me
1162 712 1258 739 relicto
1274 711 1400 739 abscedit
1416 720 1422 738 :
1439 719 1558 746 cumque
1573 719 1605 738 ex
1620 711 1724 749 meipso

937 757 1105 785 sullieientcr
1130 757 1259 784 resistere
1278 764 1424 791 nequeam,
1445 757 1569 792 captivus
1592 757 1635 783 fio.
1662 751 1722 783 Pla-

937 803 1001 830 nius
1013 808 1104 830 autem
1120 807 1194 830 esset
1210 803 1232 830 si
1246 802 1288 830 his
1302 810 1363 838 qua:
1379 802 1451 830 dicta
1473 807 1539 829 sunt
1555 802 1592 828 ita
1608 803 1709 836 conjun

938 854 1057 884 geretur.
1084 849 1198 876 Invenio
1219 849 1302 884 igitur
1327 849 1428 876 volenti
1451 849 1518 875 mihi
1540 849 1643 875 bonum
1669 848 1724 875 sive

937 894 1037 929 legem,
1054 895 1127 929 quod
1151 894 1252 921 malum
1270 894 1337 921 mihi
1360 894 1484 928 adjacent
1507 894 1610 921 volenti
1636 894 1725 920 facere

939 941 1052 973 bonum,
1067 944 1197 975 tanquam
1214 940 1435 968 adhortationem
1451 948 1482 968 ac
1496 940 1641 967 consilium
1655 947 1724 974 prae-

936 987 1014 1015 bens.
1037 996 1046 1012 l
1062 986 1115 1014 Sed
1130 987 1209 1014 video
1222 986 1302 1013 aliam
1319 987 1418 1021 legem,
1431 990 1484 1013 etc.
1500 986 1644 1027 ιρυιμιιοι·
1661 991 1726 1013 sunt

937 1035 982 1061 hic
1004 1035 1078 1070 leges
1100 1034 1134 1062 de
1151 1034 1252 1069 quibus
1277 1034 1376 1061 asserit
1396 1043 1402 1060 :
1419 1041 1470 1061 una
1490 1033 1602 1069 quidem
1619 1033 1662 1061 lex
1677 1033 1726 1060 Dei

937 1081 972 1108 de
985 1089 1040 1116 qua
1060 1081 1098 1108 ait
1116 1087 1124 1108 :
1145 1090 1154 1106 ι
1175 1080 1307 1108 Oblector
1319 1080 1393 1108 enim
1414 1080 1474 1116 lege
1490 1080 1554 1113 Dei;
1578 1090 1586 1106 ι
1605 1080 1725 1108 secunda

937 1134 1004 1155 vero
1020 1135 1190 1162 repugnans,
1213 1127 1293 1154 tertia
1307 1127 1341 1154 de
1357 1135 1408 1162 qua
1424 1127 1491 1154 dicit
1511 1135 1518 1153 :
1541 1136 1549 1151 ι
1567 1126 1632 1160 Legi
1650 1134 1725 1153 men-

938 1173 973 1201 tis
985 1181 1069 1206 mete;
1085 1178 1182 1208 quarta
1202 1173 1236 1200 de
1251 1181 1304 1208 qua
1321 1173 1359 1200 ait
1382 1181 1388 1200 :
1415 1182 1423 1198 ι
1450 1173 1520 1208 Lege
1538 1173 1641 1207 peccati
1665 1179 1726 1206 quin

936 1223 980 1247 est
1001 1219 1029 1246 in
1043 1218 1176 1246 membris
1193 1219 1272 1246 meis.
1291 1229 1300 1245 ι
1319 1219 1420 1246 llarum
1439 1220 1526 1254 prima
1540 1222 1582 1246 est
1599 1217 1724 1245 doctrina

937 1264 1104 1300 evangelica,
1132 1264 1286 1292 forinsecus
1308 1272 1357 1299 per
1380 1263 1605 1299 praedicationem
1633 1264 1725 1298 ingre-

938 1311 1027 1344 diens,
1051 1311 1226 1345 animamque
1249 1317 1428 1345 componens.
1450 1310 1577 1338 Secunda
1595 1315 1639 1346 est
1660 1310 1726 1337 huic

939 1365 1095 1393 repugnans
1112 1366 1118 1384 :
1137 1362 1163 1384 et
1179 1357 1237 1384 haec
1248 1357 1283 1384 ab
1299 1356 1424 1383 exter-nis
1441 1360 1494 1388 est,
1505 1363 1566 1390 qua:
1580 1356 1658 1390 juxta
1670 1363 1726 1382 ma-

939 1403 1005 1439 ligni
1022 1403 1096 1430 illius
1108 1402 1296 1438 operationem
1315 1409 1364 1437 per
1378 1401 1560 1437 cogitationes
1583 1402 1727 1436 subingre-

939 1450 1033 1481 ditur,
1054 1449 1228 1484 animamque
1257 1448 1333 1475 ducit
1359 1448 1505 1483 captivam.
1530 1447 1623 1475 Tertia
1644 1455 1726 1482 quam

939 1497 1006 1524 dicit
1022 1497 1109 1532 legem
1126 1497 1226 1524 mentis
1246 1503 1255 1523 ι
1278 1496 1338 1524 haec
1353 1501 1395 1523 est
1410 1504 1471 1531 qua:
1486 1504 1534 1531 per
1551 1502 1676 1526 naturam
1698 1497 1725 1524 in

938 1546 1020 1574 nobis
1034 1554 1049 1573 a
1061 1545 1194 1573 Creatore
1214 1545 1391 1572 disseminata
1408 1549 1460 1576 est,
1480 1544 1514 1571 ad
1536 1552 1567 1572 ca
1583 1545 1728 1579 impellens

98 1591 116 1625 ἠ
120 1591 180 1625 μῶν
194 1591 421 1626 ὲγκατασπαιρῖὶςς
426 1591 500 1627 παρὰ
505 1586 551 1619 τοῦ
558 1594 596 1627 Δη
600 1601 661 1627 μιον
665 1593 742 1628 ργοῦ,
751 1595 797 1620 ἐπὶ
804 1595 838 1621 τὰ

985 1600 1001 1620 e
1021 1592 1076 1620 Deo
1092 1591 1180 1619 amica
1197 1595 1270 1618 sunt.
1285 1590 1386 1624 Quarta
1399 1590 1442 1618 lex
1460 1594 1501 1617 est
1519 1591 1623 1625 peccati
1644 1599 1650 1617 :
1670 1590 1726 1618 hree

96 1634 160 1669 Θεῷ
170 1635 236 1669 φίλα
250 1636 438 1671 παρυτρύνων.
458 1637 487 1664 '0
501 1637 641 1672 τέταρτος,
658 1638 672 1664 ὁ
685 1640 735 1674 τῆς
750 1639 888 1676 ἁμαρτίας

96 1679 190 1714 νὸμος.
205 1677 289 1712 Οὗτός
302 1682 375 1707 ἐστιν
385 1682 400 1708 ὁ
411 1681 642 1718 φιλαμαρτήμων,
657 1683 686 1715 ὃς
699 1683 744 1712 διὰ
758 1685 809 1720 τῆς
820 1687 888 1722 πρὸς

96 1725 128 1752 τὸ
149 1726 234 1753 κακὸν
247 1726 402 1762 συνηθείας,
423 1728 623 1764 ἑνεσκίρῥωσεν
648 1730 715 1765 ἡμῖν
731 1730 779 1762 τὰς
794 1731 886 1768 ἁμαρ.

97 1772 170 1803 τῐας.
189 1772 259 1808 Ὅρα
272 1771 319 1800 οὖν
348 1774 407 1806 πῶς
423 1775 456 1801 hc
481 1774 628 1811 διαμέτρου
645 1776 777 1809 ἐναντίοις
805 1787 883 1813 περι-

96 1817 294 1853 εετοιχίσμεθα
318 1819 420 1854 νόμοις.
435 1820 467 1847 Ol
489 1821 539 1856 μὲν
552 1821 606 1857 γὰρ
625 1821 682 1854 δύο,
701 1822 801 1855 ἔξωθεν
824 1826 888 1860 ἡμῖν

97 1864 298 1898 ὲπειτρέουσιν,
318 1865 332 1890 ὁ
345 1865 394 1900 μὲν
416 1866 486 1901 πρὸς
506 1866 690 1902 ἁγαθοεργίαν
717 1869 888 1904 προσκαλού-

98 1919 192 1945 μενος,
210 1909 350 1937 τουτέστιν
371 1912 386 1938 ὁ
407 1911 601 1947 εὐαγγελικὸς,
622 1914 636 1940 ὸ
652 1913 681 1941 δὲ
695 1915 763 1950 πρὸς
788 1916 888 1942 κακίαν

96 1956 278 1991 παρακαλῶν,
293 1957 306 1990 δ
317 1957 592 1994 ἀντιστρατευόμενος
599 1958 646 1986 τοῦ
658 1960 781 1996 Πονηροῦ
795 1961 887 1997 νόμος.

97 2003 129 2029 Οί
141 2003 170 2029 δὲ
184 2003 275 2030 λοιποὶ
291 2003 347 2036 δύο,
362 2003 435 2031 ἔνδον
450 2004 504 2032 εἰσὶ
524 2004 572 2032 καὶ
587 2005 636 2041 τὴν
650 2005 739 2041 ψυχὴν
759 2006 886 2042 συνέχου-

98 2058 152 2082 σιν,
165 2050 180 2076 ὁ
200 2049 253 2084 μὲν
275 2049 321 2077 τοῦ
341 2050 497 2087 νοὸς,παρὰ
514 2051 562 2078 τοῦ
575 2052 748 2089 Δημιουργοῦ
760 2053 826 2088 ἡμῖν
841 2054 887 2087 ἑγ-

96 2097 325 2132 κατεσπαρμένος
333 2097 380 2124 καὶ
390 2097 496 2132 ὁδηγῶν
505 2097 571 2133 πρὸς
589 2098 624 2124 τὰ
643 2098 795 2134 κρείττονα.
821 2099 851 2126 ὐ
860 2099 887 2125 δὲ

96 2142 240 2178 τέταρτος,
252 2144 265 2170 ὁ
275 2143 321 2170 καὶ
329 2145 410 2179 νόμος
419 2143 568 2179 ἁμαρτίας,
576 2143 620 2170 διὰ
628 2144 678 2179 τὴν
688 2145 754 2180 πρὸς
763 2144 793 2170 τὺ
804 2145 888 2171 κακδν

97 2189 154 2221 ἕξιν
170 2189 365 2225 ἑνσχιρρωθεὶς
381 2191 410 2217 ὲν
421 2191 496 2226 ἡμῖν.
508 2189 554 2216 Διδ
565 2190 684 2225 πρόσχες
698 2190 756 2221 πῶς
767 2190 888 2225 ἀκριϐῶς

96 2233 170 2261 εἶπε·
184 2244 194 2261 ί
206 2235 351 2268 Βλέπωδὲ,
360 2236 453 2271 φησιν,
474 2235 569 2272 ἕτερον
579 2235 662 2271 νόμον
681 2235 888 2270 ἀντιστρατευό-

938 1643 981 1667 est
993 1638 1097 1673 peccati
1107 1637 1234 1670 amatrix,
1249 1645 1310 1672 qua:
1322 1636 1453 1664 diuturna
1470 1637 1503 1664 ad
1517 1637 1619 1664 malum
1633 1644 1727 1664 assue-

938 1686 1068 1719 factione,
1093 1690 1206 1721 peccata
1229 1685 1257 1713 in
1279 1684 1360 1713 nobis
1385 1685 1542 1712 obduravit.
1564 1684 1632 1712 Vide
1660 1692 1727 1719 ergo

938 1733 1077 1769 quomodo
1090 1732 1237 1761 contrariis
1248 1740 1281 1759 ex
1299 1732 1435 1759 diametro
1452 1731 1595 1767 cingamur
1609 1731 1725 1768 legibus.

938 1778 1082 1814 Siquidem
1096 1779 1157 1806 dum
1173 1779 1344 1807 extrinsecus
1362 1778 1442 1806 nobis
1457 1777 1629 1806 subinlluunt
1644 1786 1650 1804 :
1669 1777 1728 1804 bmc

938 1826 1050 1862 quidem
1070 1825 1104 1853 ad
1124 1825 1190 1853 boni
1206 1825 1396 1861 operationem
1411 1831 1643 1866 nos‘provocans,
1662 1827 1726 1857 puta

938 1872 1113 1908 evangelica;
1131 1871 1183 1899 ista
1195 1879 1261 1899 vero
1277 1871 1311 1899 ad
1327 1871 1428 1898 malum
1445 1871 1605 1903 adhortans,
1628 1877 1726 1904 nempe

938 1925 1094 1953 repugnans
1119 1917 1193 1945 illius
1220 1917 1330 1952 maligni
1353 1917 1406 1944 lex.
1424 1916 1547 1951 Reliqua:
1567 1915 1628 1943 dua:
1653 1916 1727 1943 intus

938 1967 1003 1989 sunt
1022 1961 1198 1997 animamque
1220 1961 1363 1990 continent
1379 1970 1386 1989 :
1402 1961 1445 1988 lex
1459 1961 1572 1996 quidem
1597 1961 1697 1988 utentis
1712 1969 1726 1987 a

938 2007 1070 2036 Creatore
1091 2007 1118 2035 in
1140 2007 1222 2036 nobis
1240 2007 1429 2040 disseminata,
1444 2011 1472 2035 et
1492 2007 1525 2035 ad
1544 2007 1658 2035 meliora
1677 2006 1726 2034 de.

939 2053 1052 2082 ducens.
1074 2054 1176 2088 Quarta
1199 2061 1276 2085 vero,
1299 2061 1360 2089 quae
1376 2057 1405 2081 et
1424 2053 1468 2081 lex
1491 2053 1594 2088 peccati
1616 2056 1727 2088 propter

939 2098 1063 2130 habitum
1079 2098 1113 2125 ad
1137 2098 1239 2126 malum
1263 2098 1291 2125 in
1307 2097 1388 2125 nobis
1406 2097 1550 2125 obdurata.
1566 2097 1670 2125 Idcirco
1687 2102 1728 2125 at-

939 2145 1020 2172 tende
1032 2149 1133 2180 quanta
1144 2152 1205 2171 cum
1219 2144 1360 2180 diligentia
1374 2143 1475 2172 dixerit
1490 2153 1496 2171 :
1519 2153 1527 2169 ι
1546 2143 1632 2171 Video
1645 2143 1728 2178 298

939 2191 1020 2218 aliam
1034 2191 1121 2226 legem
1130 2194 1329 2226 repugnantem
1344 2190 1397 2225 legi
1410 2190 1510 2217 mentis
1522 2197 1600 2217 meae.
1620 2199 1628 2214 ι
1646 2190 1728 2222 Huic.

940 2235 1063 2270 inquam,
1086 2235 1120 2261 ad
1137 2235 1254 2262 honesta
1270 2234 1369 2262 insitae.
1386 2244 1395 2260 ι
1416 2235 1450 2262 Ει
1464 2235 1602 2269 captivum
1616 2242 1659 2261 me
1674 2233 1727 2261 du-

98 2289 180 2316 μενον
194 2281 235 2317 τῷ
246 2281 323 2316 νόμῳ
335 2281 381 2308 τοῦ
394 2282 452 2313 νοός
462 2290 524 2317 μου,
537 2290 546 2307 ιι
565 2280 653 2317 τούτῳ
665 2281 698 2317 δὴ
713 2281 751 2316 τῷ
773 2281 839 2315 ὲμφῦ

983 2284 1048 2307 item
1070 2280 1129 2315 lege
1151 2280 1268 2314 peccati,
1284 2287 1346 2314 quae
1360 2284 1403 2307 est
1418 2280 1445 2306 in
1468 2279 1600 2307 membris
1616 2280 1694 2308 meis.
1715 2290 1723 2306 ι

97 2327 168 2361 πρὸς
178 2327 212 2353 τὰ
230 2326 312 2357 καλὰ,
327 2335 336 2351 ε
349 2327 395 2353 καὶ
406 2327 643 2362 αἰχμαλωτίζοντά
654 2336 687 2362 με
699 2328 738 2364 τῷ
748 2327 824 2363 νόμῳ
839 2329 888 2362 τῆς

97 2373 248 2407 ἁμαρτίας,
261 2371 300 2407 τῷ
316 2372 373 2399 δντι
389 2373 417 2398 ὲν
433 2374 488 2404 τοῖς
508 2373 602 2408 μέλεσί
633 2382 693 2409 μου.
710 2383 719 2400 ›
742 2373 785 2405 Ὦς
799 2371 889 2400 slsis;

97 2428 154 2453 γεψ
178 2418 301 2451 Ἐξωθεν
318 2418 448 2445 είσπνέων
469 2419 601 2453 συγκινεῖ,
620 2420 666 2446 καὶ
680 2419 797 2455 ἐρεϐίζει
821 2420 889 2445 πάν-

97 2475 131 2493 τα
149 2467 195 2492 τ’,ν
212 2466 242 2492 ἐν
251 2464 315 2500 ἐμοὶ
330 2465 512 2500 ἀποκείμενον
527 2465 665 2501 κονιορτὸν
680 2466 728 2493 καὶ
745 2465 886 2501 βόρϐορον,

96 2514 126 2539 ὃν
145 2513 162 2547 ἡ
173 2512 244 2547 πρὸς
253 2511 392 2548 ἁμαρτίαν
405 2521 450 2548 μοι
465 2512 521 2545 ἕξις
535 2512 700 2540 ὲνεσπίλωσε
716 2513 763 2540 καὶ
775 2513 889 2540 ἐνέκαυ-

98 2566 154 2584 σεν.
168 2574 204 2579 --
220 2559 273 2585 Kal
292 2557 402 2592 ἄλλως.
422 2559 503 2595 Τρεῖς
519 2560 572 2586 εἰσι
598 2560 685 2594 νόμοι.
707 2559 738 2586 '0
755 2559 888 2594 γραπτδς,

97 2604 128 2631 ὃν
141 2605 224 2636 νόμον
241 2604 315 2637 λέγει
328 2604 395 2631 Θεοῦ
406 2611 413 2619 '
427 2605 553 2641 δεύτερος
575 2606 590 2633 ὁ
608 2605 741 2640 ἔμφυτος,
758 2605 788 2632 ὃν
814 2605 888 2638 λέγει

98 2651 181 2685 νόμον
198 2650 270 2682 νοός·
290 2651 392 2685 τρίτος,
413 2653 426 2677 ὁ
440 2651 483 2678 διὰ
496 2652 547 2687 τῆς
568 2651 706 2687 ἁμαρτίας
723 2651 752 2677 ὲν
768 2652 824 2682 τοῖς
839 2651 889 2685 μέ-

99 2697 175 2723 λεσιν
195 2696 275 2731 ἡμῶν
310 2695 422 2730 ἰσχύσας
438 2716 446 2729 ,
472 2696 504 2723 ὃν
529 2698 575 2723 καὶ
612 2697 890 2732 ἀντιστρατευόμενον

97 2743 186 2777 λέγει,
199 2742 246 2768 καὶ
257 2742 285 2768 ἐν
301 2743 357 2772 τοῖς
377 2741 485 2776 μέλεσιν
504 2742 575 2777 ἔχειν
588 2743 639 2777 τὴν
657 2742 735 2776 ἰσχὺν
748 2741 796 2767 τοῦ
816 2742 890 2768 ἀντι-

101 2787 312 2824 στρατεύεσοαι.
342 2787 433 2822 Νόμον
444 2788 472 2814 δὲ
502 2788 601 2820 ευῦτον,
624 2788 662 2820 ὡς
690 2787 829 2822 ἰσχύοντα,
845 2787 890 2812 καὶ

99 2836 199 2870 ἔχοντα
211 2834 275 2865 τοὺς
294 2833 472 2868 πειθομένους
501 2833 576 2868 αὐτῴ
586 2843 678 2869 φησιν.
698 2832 765 2860 Εἶτα
784 2830 862 2863 dato;
878 2834 891 2858 ὸ

98 2882 195 2916 νόμος,
217 2881 311 2916 φησὶν,
325 2881 338 2907 6
353 2880 406 2907 ἀπὸ
428 2880 477 2914 τῆς
498 2880 635 2915 ἁμαρτίας
653 2881 681 2906 ὲν
700 2881 755 2912 τοῖς
783 2879 890 2914 μέλεσιν

101 2928 183 2962 ἡμῶν
197 2927 375 2960 ἐπεισελῦὼν,
389 2927 403 2954 ὁ
419 2927 706 2963 ἀντιστρατευόμενος,
723 2926 891 2962 αίλμαλωτί-

941 2327 981 2353 Ac
993 2325 1016 2353 si
1030 2326 1135 2353 diceret
1154 2333 1161 2352 :
1179 2325 1360 2353 Extrinsecus
1372 2325 1510 2360 inspirans
1521 2329 1686 2357 commovet,
1699 2331 1728 2354 et

941 2370 1031 2397 irritat
1046 2378 1154 2397 omnem
1166 2370 1317 2405 repositum
1335 2369 1362 2396 in
1379 2377 1422 2398 me
1441 2370 1581 2405 pulverem
1595 2378 1627 2398 ac
1638 2370 1727 2398 lutum

941 2425 996 2452 quo
1012 2417 1122 2444 habitus
1136 2417 1169 2444 ad
1186 2420 1330 2451 peccatum
1341 2423 1384 2443 mc
1398 2414 1595 2442 contaminavit
1611 2420 1636 2442 et
1654 2416 1728 2443 inus-

941 2464 986 2491 sit.
999 2478 1032 2483 —
1047 2463 1105 2491 Alio
1125 2471 1226 2498 quoque
1240 2462 1325 2490 modo.
1350 2461 1418 2489 Tres
1430 2465 1493 2488 sunt
1509 2461 1600 2496 leges:
1626 2461 1729 2496 scripta

941 2517 1023 2544 quam
1042 2509 1088 2536 Dei
1103 2509 1190 2543 legem
1208 2507 1293 2540 dicit;
1307 2506 1428 2534 secunda
1446 2506 1538 2537 insita,
1552 2513 1634 2540 quam
1649 2510 1728 2532 vocat

941 2555 1028 2591 legem
1055 2554 1172 2586 olentis;
1195 2553 1275 2580 tertia
1293 2561 1354 2587 qua:
1378 2561 1427 2587 per
1443 2555 1585 2586 peccatum
1603 2551 1678 2578 vires
1701 2551 1726 2577 iu

941 2601 1075 2628 membris
1087 2599 1190 2627 nostris
1204 2599 1322 2634 accepit,
1341 2606 1423 2632 quam
1439 2597 1506 2624 dicit
1519 2602 1728 2631 repugnantem.

942 2651 970 2673 et
997 2646 1024 2672 in
1052 2644 1182 2671 membris
1208 2644 1311 2670 nostris
1336 2643 1389 2669 vim
1413 2642 1516 2669 haltere
1533 2640 1728 2675 repugnandi:

943 2692 1013 2718 hanc
1032 2695 1124 2717 autem
1144 2691 1212 2716 dicit
1231 2690 1319 2724 legem
1341 2697 1374 2715 eo
1396 2687 1469 2722 quod
1488 2687 1566 2714 fortis
1583 2685 1619 2712 sit
1636 2691 1664 2711 et
1679 2685 1728 2711 ha-

942 2739 1005 2766 beat
1020 2738 1066 2773 qui
1085 2737 1137 2764 sibi
1156 2740 1279 2772 pareant.
1295 2735 1419 2769 Denique
1444 2734 1512 2764 haec,
1535 2731 1634 2766 inquit,
1654 2730 1696 2757 lex
1714 2738 1728 2756 a

943 2789 1055 2819 peccato
1076 2784 1102 2810 in
1124 2782 1246 2810 membra
1272 2786 1365 2808 nostra
1392 2780 1524 2814 ingressa,
1550 2775 1729 2810 repugnando

943 2831 1018 2857 ducit
1034 2838 1076 2856 me
1092 2829 1241 2863 captivum.
1262 2826 1314 2853 Sed
1332 2823 1488 2859 quomodo?
1511 2821 1651 2856 Siquidem
1665 2821 1728 2855 quia

945 2875 1154 2911 repugnantiam
1167 2873 1247 2905 dixit,
1264 2879 1298 2898 ne
1311 2869 1452 2898 existimes
1467 2867 1541 2904 quod
1557 2867 1631 2903 juste
1641 2866 1730 2901 capti—

945 2931 1007 2950 ι·ιιιιι
1030 2921 1103 2948 (ιω-ιι
1121 2925 1147 2948 et
1168 2920 1227 2954 lege
1251 2917 1325 2949 belli,
1351 2915 1491 2952 sulljuug'ct
1506 2919 1533 2943 et
1551 2914 1587 2941 ait
1606 2926 1609 2941 ;
1636 2923 1645 2938 ι
1659 2912 1730 2947 Lege
