1878 3054
175 164 228 196 491

704 162 905 193 (ECUMENII
924 161 1070 192 TRICC/E
1087 162 1257 192 EPISCOPI

1749 165 1803 198 492

170 226 220 254 εει,
236 221 321 256 magis
337 225 425 247 autent
444 226 468 247 el
482 229 533 247 sus.
542 222 622 247 italus
651 224 710 246 est:
732 220 776 254 qui
807 225 830 246 et
858 223 895 245 est
923 219 958 245 ad

1052 218 1311 252 οσανὼν,μᾶ.1.ίον
1333 219 1367 244 δὲ
1385 218 1432 246 καὶ
1449 220 1588 254 ἐγερθεὶς,
1604 220 1636 253 ὃς
1652 221 1700 248 καί
1716 222 1805 248 ἐστιν

171 269 307 295 dextemm
319 267 374 299 Dei,
393 269 437 302 qui
448 267 528 294 etiam
541 267 675 293 intercedit
689 274 736 301 pro
753 266 835 292 nobis.

209 370 220 386 τ
239 360 310 394 Quid
325 368 391 395 ergo
403 360 526 387 dicemus
540 359 574 387 ad
587 360 670 388 'ltzuc?
690 371 698 386 ›
715 360 858 396 Tanquam
874 361 958 388 dixis-

170 413 212 436 set
229 417 235 434 :
249 407 316 435 Cum
332 407 390 434 haec
407 408 443 434 ita
460 407 525 438 sint.
539 415 620 434 nemo
637 408 768 442 deinceps
784 407 819 434 ob
834 408 958 434 aﬂlictio-

170 462 220 481 nes
232 458 279 481 aut
291 453 414 489 pericula
435 461 497 488 quae
513 453 559 481 hic
575 455 739 489 contingunt
765 455 846 482 verba
865 455 956 482 faciat.

169 500 239 533 Quid
257 500 330 527 enim
346 499 401 527 diei
419 504 509 534 potest
531 500 565 527 ad
582 504 684 527 tantam
708 501 756 528 Dei
783 501 958 528 bonitatem?

172 555 181 570 ι
197 545 267 578 Quid
291 553 356 579 ergo
370 544 495 572 dicemus
521 545 554 571 ad
580 545 659 572 hate?
676 555 684 570 ι
714 545 864 578 Quaenam?
878 546 958 579 Quod

169 591 358 625 pra-deﬁnivit.
370 590 450 625 equod
467 591 584 621 vocavit,
598 591 672 626 quod
699 591 868 626 justiﬁcavit,
882 592 957 626 quod

167 635 330 670 gloriﬁeavit
357 636 418 663 :ad
446 640 549 663 tantum
579 636 777 664 benelteiorum
802 637 956 665 ubertatem

166 682 232 717 quid
255 682 405 710 dioemus'l
430 683 524 717 Neque
552 683 701 718 gratiarum
733 683 814 718 315
840 684 957 712 actionis

166 728 351 761 sermonibus,
387 728 487 763 inquit,
516 736 605 763 neque
631 737 746 763 operum
772 729 956 758 retributione

164 773 338 801 abundamus
353 778 401 801 aut
415 773 582 801 suﬁieieutes
598 782 693 802 sumus
715 783 722 801 :
743 779 817 802 tanta
826 779 869 802 est
885 775 955 802 inef-

166 819 259 847 fabilis
286 819 372 854 ipsius
403 819 476 854 apud
498 827 548 847 nos
573 820 670 855 gratia.
699 820 803 848 Deinde
825 825 954 856 tanquam

165 869 276 900 sumpto
292 865 357 892 hinc
373 865 572 897 additamento.
593 866 632 893 ait
649 874 655 892 :
682 875 690 891 ι
711 866 738 893 Si
754 866 824 894 Deus
841 874 890 901 pro
904 875 954 894 no-

166 910 218 942 bis,
236 910 299 945 quis
311 915 406 937 contra
420 910 491 938 nos?
511 919 519 936 ›
541 910 654 944 Nullus;
672 919 734 938 nam
761 912 825 939 licet
841 912 950 947 quidam

166 963 265 982 nocere
278 957 455 987 tentaverint,
473 964 528 983 non
544 956 694 988 nocebunt,
718 958 764 984 sed
789 958 949 992 proderunt.

167 999 266 1028 Verum
287 1001 359 1028 unde
379 1001 553 1028 manifestum
567 1006 620 1034 est,
630 1002 704 1037 quod
719 1002 792 1030 Deus
804 1011 852 1038 pro
870 1003 952 1031 nobis

165 1046 220 1072 sit?
232 1046 265 1073 Et
278 1054 312 1073 ex
328 1047 371 1074 his
388 1055 449 1081 quae
466 1047 538 1074 dicta
554 1052 630 1079 sunt,
651 1052 680 1075 et
702 1048 776 1083 quod
802 1049 951 1076 maximum

163 1099 216 1125 est,
229 1101 394 1128 omnemque
408 1098 528 1121 mentem
548 1094 575 1121 in
593 1099 733 1130 stuporem
752 1096 861 1130 redigit,
877 1096 950 1130 quod

164 1147 213 1174 pro
225 1139 306 1167 nobis
318 1139 386 1166 Filio
400 1140 513 1174 proprio
524 1148 578 1167 non
591 1141 724 1176 pepercit.
742 1140 769 1168 Si
783 1142 866 1176 igitur
879 1142 952 1169 Deus

162 1193 213 1220 pro
227 1185 307 1212 nobis
322 1191 374 1216 est,
396 1185 570 1213 manifestum
592 1187 666 1222 quod
681 1187 772 1214 omnia
785 1188 819 1215 ad
834 1188 860 1215 id
877 1188 951 1223 quod

163 1231 229 1258 utile
245 1236 287 1258 est
301 1227 458 1265 trausl‘cr'et,
472 1236 500 1260 et
514 1240 575 1267 quae
588 1233 676 1261 tristia
688 1233 824 1266 videntur,
841 1239 871 1261 ut
886 1242 951 1269 gau-

163 1277 238 1304 dium
251 1277 408 1310 concilient,
426 1277 526 1306 ellicict
538 1286 545 1305 :
557 1279 790 1313 quemadmodum
799 1284 825 1307 et
841 1280 868 1307 in
883 1281 950 1315 ipsis

161 1324 293 1358 apostolis
305 1331 336 1351 ac
344 1324 520 1360 martyribus,
531 1324 732 1357 tribulationes,
743 1326 950 1360 persecutiones

161 1376 194 1395 ac
207 1373 309 1396 mortes
322 1368 387 1396 fecit
402 1368 563 1396 occasiones
575 1375 637 1396 esse
659 1376 824 1397 coronarum
841 1377 873 1397 ac
886 1370 949 1396 bra-

163 1417 281 1450 viorum,
293 1422 321 1445 et.
340 1417 514 1444 conciliativa
539 1416 615 1450 regni
634 1416 777 1445 caelorum.
796 1417 841 1444 Sic
865 1417 949 1452 igitur

161 1469 188 1491 et
201 1472 262 1493 nos.
279 1464 361 1491 modo
375 1471 429 1491 non
442 1463 613 1496 deﬁciamus,
628 1463 721 1490 nullus
733 1463 879 1490 adversum
897 1471 947 1491 nos

160 1509 310 1544 quidquam
320 1509 435 1544 poterit.
449 1509 658 1541 Posuitautem,
680 1518 689 1534 ι
708 1507 759 1541 Qui
776 1509 887 1544 proprio
904 1509 947 1536 Fi-

1010 265 1046 291 ὲν
1073 263 1158 299 δεξιᾷ
1179 265 1233 292 τοῦ
1262 265 1347 299 Θεοῦ,
1371 266 1405 298 ὃς
1435 267 1482 293 καί
1517 267 1693 302 ἐντυγχάνει
1726 269 1805 302 ὑπὲρ

1009 310 1102 345 ἡμῶν.

1051 367 1060 383 ι
1083 357 1115 384 Τί
1128 355 1175 384 οὖν
1202 358 1319 393 ἐροῦμεν
1345 359 1413 395 πρὸς
1436 359 1521 387 ταῦτα
1536 369 1543 393 ;
1559 369 1570 388 ι
1601 361 1644 392 Ὧς
1666 362 1690 387 εἰ
1711 362 1803 396 ἔλεγε,

1011 403 1122 430 Τούτων
1137 404 1224 436 οὕτως
1239 404 1334 437 ὄντων,
1359 405 1454 440 μηδεὶς
1467 406 1561 432 λοιπὸν
1589 407 1653 442 περὶ
1671 407 1726 434 τῶν
1751 404 1803 434 ὧδε

1009 448 1171 483 πειρασμῶν
1196 448 1213 484 ἢ
1246 449 1376 476 κινδύνων
1393 450 1597 484 λογοποιείσθω.
1621 451 1654 479 Τί
1676 453 1732 487 γὰρ
1762 453 1804 479 ενι

1008 494 1096 520 εἰπεῖν
1121 495 1190 530 πρὸς
1214 496 1265 530 τὴν
1295 497 1432 532 τοσαύτην
1459 498 1614 534 ἁγαῦόιητα
1635 499 1683 526 τοῦ
1712 499 1802 533 Θεοῦ;

1006 540 1150 577 -[ΦΩΤ.]
1169 551 1178 568 ι
1195 542 1228 568 Τί
1245 540 1292 569 οὖν
1315 543 1430 579 ἐροῦμεν
1450 545 1517 580 πρὸς
1543 545 1629 572 ταῦτα
1646 555 1653 577 ς
1679 557 1688 571 ›
1707 546 1777 573 Ποῖα
1793 556 1801 579 ;

1009 587 1071 614 Ὀτι
1084 588 1249 623 προώρισεν,
1264 590 1306 616 ὁτι
1326 590 1467 622 ἐκάλεσεν,
1497 592 1538 618 ὅτι
1561 592 1730 625 ἐδικαίωσεν,
1759 594 1802 620 ὅτι

1007 633 1127 666 ἐδόξασε,
1156 634 1225 669 πρὸς
1260 636 1398 670 τοσαύτην
1420 637 1551 670 ἀφθονίαν
1571 638 1749 673 εὐεργεσιῶν,
1773 640 1801 666 τί

1005 679 1123 715 ἐροῦμεν
1138 690 1146 713 ;
1165 681 1232 708 Οὐδὲ
1243 682 1425 717 εὐχαρίστων,
1441 683 1520 719 φησὶ,
1546 684 1633 718 λόγων
1665 685 1801 720 εὐποροῦ-

1006 733 1067 759 μεν,
1084 727 1120 760 μή
1136 735 1162 752 τι
1173 735 1204 760 γε
1221 726 1311 762 ἔργων
1327 728 1455 763 ἀμοιὸἦς,
1471 730 1589 765 τοσαύτη
1607 731 1681 757 ἐστὶν
1693 731 1800 765 ᾶφατος

1005 771 1088 797 αὑτοῦ
1104 772 1120 806 ἡ
1135 773 1199 808 περὶ
1210 773 1284 808 ἡμᾶς
1294 774 1386 809 χάρις.
1406 773 1471 801 Εῐτα
1484 775 1579 810 ὥσπερ
1600 776 1724 811 πόρισμα
1752 777 1799 803 λα-

1005 816 1060 843 ϐὼν
1071 818 1205 851 ἐντεῦθεν,
1220 819 1301 854 φησιν
1313 828 1320 835 ο
1333 829 1343 846 ι
1363 821 1393 847 Εἰ
1402 822 1487 852 ὁΘεὸς
1502 822 1572 857 ὑπὲρ
1583 823 1673 857 ἡμῶν,
1685 824 1727 855 τίς
1735 824 1797 850 κιθ⁵

1005 863 1101 898 ἡμῶνς
1118 873 1127 889 ι
1144 864 1247 897 Οὐδείς.
1263 865 1380 901 Κᾶνγάρ
1389 876 1459 898 τινες
1471 868 1599 902 βλάπτειν
1615 870 1798 904 ἐπιχειρήσω-

1006 918 1058 942 σιν,
1070 911 1100 936 οὐ
1117 911 1277 946 βλάψουσιν,
1287 913 1344 939 ἀλλ’
1362 913 1545 950 ὠφελήσουσι.
1562 916 1583 941 Il
1594 915 1647 942 105v
1661 917 1741 949 δῆλον
1755 917 1796 943 ὅτι

1003 957 1073 992 ὑπὲρ
1088 957 1167 992 ἡμῶν
1178 959 1192 984 ὁ
1209 958 1293 992 Θεὸς;
1312 960 1363 986 Ἐκ
1377 969 1406 986 τε
1427 960 1481 986 τῶν
1509 963 1728 996 προειρημένων,
1749 963 1797 989 καὶ

1001 1002 1033 1029 τὸ
1045 1003 1177 1037 μέγιστον
1191 1005 1239 1030 καὶ
1253 1006 1344 1032 πᾶσαν
1362 1005 1514 1041 ἐκπλῆττον
1523 1007 1651 1039 διάνοιαν,
1669 1009 1710 1035 ὅτι
1723 1009 1797 1044 ὑπὲρ

1002 1049 1082 1085 ἡμῶν
1097 1049 1144 1077 τοῦ
1160 1051 1228 1077 ἰδίου
1246 1051 1311 1078 Υἰοῦ
1327 1053 1377 1079 οὐκ
1401 1053 1539 1087 ἐφείσατο.
1569 1054 1600 1080 El
1620 1053 1668 1081 οὖν
1693 1055 1708 1081 ὸ
1727 1055 1796 1087 Θεὸς

1002 1095 1072 1130 ὑπὲρ
1084 1095 1172 1131 ἡμῶν,
1189 1097 1269 1130 δῆλον
1281 1097 1323 1124 ὅτι
1340 1098 1429 1124 πάντα
1445 1099 1485 1130 εἰς
1501 1100 1641 1135 συμφέρον
1654 1103 1795 1135 μεταστή-

1002 1149 1054 1173 σει,
1070 1141 1115 1166 καὶ
1129 1141 1163 1167 τὰ
1177 1141 1308 1169 δοκοῦντα
1323 1142 1443 1178 λυπηρὰ,
1454 1145 1540 1179 χαρᾶς
1565 1144 1684 1180 πρόξενα
1704 1154 1795 1180 παρα-

1001 1187 1142 1218 σκευάσει,
1158 1186 1253 1223 ὥσπερ
1266 1189 1313 1215 καὶ
1327 1189 1372 1214 ἐπὶ
1381 1189 1435 1215 τῶν
1464 1190 1624 1217 ἀποστόλων
1638 1192 1729 1218 αὐτῶν
1746 1193 1793 1218 καὶ

1000 1233 1054 1259 τῶν
1069 1233 1217 1268 μαρτύρων
1229 1234 1280 1266 τὰς
1293 1235 1398 1269 θλίψεις
1413 1237 1461 1262 καὶ
1488 1238 1551 1268 τοὺς
1577 1237 1714 1272 διωγμοὺς
1744 1239 1794 1264 καὶ

1001 1277 1064 1308 τοὺς
1091 1278 1223 1310 θανάτους
1247 1279 1376 1306 ὑπόθεσιν
1407 1280 1547 1315 στεφάνων
1578 1282 1626 1308 καὶ
1656 1282 1795 1316 βραϐείων

999 1321 1160 1357 ἐποιήσατο,
1178 1324 1224 1351 καὶ
1251 1325 1369 1358 πρόξενοι
1379 1325 1428 1361 τῆς
1446 1325 1587 1361 βασιλείας
1607 1327 1661 1353 τῶν
1708 1327 1795 1362 οὐρα-

998 1368 1064 1396 νῶν.
1091 1368 1183 1401 Οὕτως
1210 1368 1267 1403 οὖν,
1293 1371 1325 1397 ἂν
1340 1373 1422 1406 ἡμεῖς
1447 1372 1534 1408 μόνον
1560 1373 1596 1408 μὴ
1619 1373 1794 1409 ἐκλυθῶμεν,

998 1416 1087 1448 οὐδεὶς
1100 1417 1185 1452 ἰσχύει
1200 1417 1260 1443 καθ’
1276 1417 1365 1452 ἡμῶν.
1379 1418 1490 1444 Τέϐεικε
1498 1418 1526 1444 δέ
1537 1418 1579 1450 τὸ,
1596 1428 1606 1444 ε
1626 1419 1675 1450 Ὃς
1696 1428 1727 1453 γε
1743 1419 1794 1445 τοῦ

1000 1462 1139 1489 ίδίουΥῑοῦ
1155 1463 1205 1489 οὒκ
1220 1463 1358 1497 ἐφείσατο,
1381 1473 1390 1489 ι
1407 1465 1454 1490 καὶ
1466 1465 1540 1499 ἑξῆς,
1561 1465 1610 1500 τήν
1622 1473 1650 1490 τε
1666 1465 1791 1500 κηδεμο-

1001 1508 1060 1535 νίαν
1072 1509 1122 1543 τὴν
1137 1508 1250 1543 ἄφατον,
1268 1508 1305 1540 ὡς
1325 1509 1443 1544 ἔφημεν,
1456 1509 1502 1536 τοῦ
1528 1509 1596 1536 θεοῦ
1623 1511 1687 1545 περὶ
1715 1510 1793 1545 ἡμᾶς

160 1555 197 1582 lio
217 1563 270 1582 non
285 1555 418 1590 pepercit,
439 1564 448 1580 ι
470 1560 535 1587 etc.,
553 1554 634 1582 simul
651 1559 677 1581 et
702 1554 868 1582 ineﬂ'abilem
895 1555 943 1583 Dei

1051 1554 1272 1589 ιικνύμενος,καὶ
1288 1555 1346 1589 ἅμα
1367 1554 1394 1581 εί
1425 1563 1451 1581 τι
1476 1555 1607 1590 δυσχερὲς
1633 1555 1686 1581 ὑπό
1710 1563 1795 1582 τινων

161 1601 361 1635 providentiam
380 1601 454 1628 circa
471 1608 531 1633 nos,
550 1607 580 1628 ut
593 1601 723 1631 diximus,
743 1601 902 1633 ostendens,
916 1606 944 1629 et

160 1648 181 1674 si
195 1647 260 1682 quid
277 1647 409 1674 molestiae
423 1647 457 1674 ab
473 1647 612 1682 aliquibus
626 1647 746 1682 patimur
762 1648 898 1675 sustinere
913 1655 945 1675 ac

161 1694 278 1720 viriliter
293 1693 412 1721 tolerare
428 1693 482 1720 hoc
506 1693 633 1728 exemplo
658 1693 808 1721 adhortans
828 1703 835 1720 ι
851 1701 902 1722 nec
918 1694 945 1721 id

160 1739 260 1770 solum,
275 1745 371 1765 verum
398 1738 480 1765 etiam
495 1737 654 1766 relocillans
667 1745 701 1766 ac
724 1738 861 1774 mitigans.
876 1739 944 1766 Nam

159 1784 182 1810 si
198 1788 272 1811 tanta
291 1783 377 1811 Filius
390 1791 441 1819 pro
458 1788 484 1812 te
509 1791 607 1818 passus
620 1788 674 1814 est,
695 1784 761 1818 quid
780 1788 805 1811 te
821 1792 871 1819 pro
885 1784 945 1819 ipso

158 1830 214 1865 pati
229 1830 362 1865 oportet?
374 1829 441 1857 Item
455 1829 477 1857 si
498 1829 544 1857 ille
557 1837 618 1857 cum
634 1835 710 1857 tanta
727 1837 825 1864 passus
837 1829 885 1863 sit,
899 1830 943 1857 tti-

158 1875 196 1902 hil
212 1880 304 1902 tamen
321 1879 443 1910 paternae
456 1875 549 1910 gloria:
558 1879 607 1902 aut
622 1875 774 1903 divinitatis
787 1875 837 1910 ipsi
851 1876 944 1903 detra-

158 1925 231 1949 ctum
244 1926 286 1949 est
295 1930 302 1948 :
311 1929 400 1956 neque
414 1927 443 1949 tu
453 1929 514 1949 cum
530 1921 587 1949 hate
596 1921 709 1957 pateris.
722 1922 840 1957 teipsum
851 1923 945 1957 parvi-

157 1968 260 2003 pendas
281 1976 288 1994 :
309 1968 422 1996 omnino
446 1968 521 1995 enim
542 1967 626 1995 etiam
641 1973 704 2003 post
719 1968 896 1996 aﬁlietionem
911 1977 944 1996 ac

156 2018 272 2043 mortem
287 2013 386 2048 ipsam,
401 2013 599 2048 promissiones
612 2014 740 2048 accipies.
756 2014 786 2041 In
800 2022 834 2041 eo
850 2021 942 2042 autem

155 2059 230 2094 quod
241 2059 367 2094 sequitur
385 2068 391 2085 :
409 2069 418 2084 ι
441 2059 500 2092 Quo
514 2064 594 2094 pacto
619 2067 674 2086 non
696 2059 779 2086 etiam
807 2068 869 2087 cum
896 2061 943 2088 illo

154 2106 248 2134 omnia
264 2106 402 2133 donabit?
419 2115 428 2131 ι
454 2105 618 2132 conﬁrmare
632 2106 776 2140 vultquod
798 2107 872 2134 nulla
896 2115 942 2134 oc-

155 2153 266 2180 casione
290 2156 338 2180 aut
361 2155 507 2186 praztextu,
537 2151 610 2178 dono
642 2151 768 2179 frustrari
791 2153 938 2186 possimus.

156 2209 167 2225 ι
185 2199 254 2226 Cum
271 2198 340 2233 ipso,
358 2198 406 2230 ait,
421 2197 512 2224 omnia
527 2197 607 2224 nobis
621 2196 745 2224 donabit.
766 2207 775 2222 ι
790 2197 870 2225 Dices
883 2198 940 2225 for-

1000 1601 1152 1635 πάσχομεν,
1165 1600 1311 1635 ὑπομένειν
1324 1599 1371 1627 καὶ
1388 1602 1532 1636 καρτερεῖν
1559 1601 1604 1627 διὰ
1627 1600 1675 1627 τοῦ
1701 1610 1795 1636 παρα-

999 1645 1144 1678 δείγματος
1154 1644 1306 1679 παραινῶν.
1319 1644 1356 1670 Οὐ
1370 1644 1451 1678 μόνον
1463 1644 1502 1676 δὲ,
1515 1645 1583 1671 ἀλλὰ
1600 1646 1646 1671 καὶ
1664 1646 1794 1672 ἀνακτώ-

1000 1698 1080 1724 μενος
1095 1690 1142 1717 καὶ
1158 1690 1336 1725 παρηγορῶν.
1355 1690 1386 1716 Εἰ
1401 1689 1479 1724 γὰρὺ
1493 1690 1557 1722 Υἱὴς
1583 1690 1654 1726 ὑπὲρ
1677 1690 1724 1717 σοῦ
1743 1698 1793 1717 το-

1001 1735 1087 1762 σαῦτα
1099 1735 1194 1765 ἔπαθε,
1213 1735 1239 1761 τί
1255 1743 1285 1761 σε
1308 1735 1360 1770 χρὴ
1380 1735 1477 1762 παθεῖν
1493 1736 1564 1771 ὑπὲρ
1575 1736 1658 1762 αὐτοῦ
1674 1745 1682 1769 ;
1697 1736 1745 1763 καὶ
1765 1737 1794 1763 ει

999 1780 1102 1810 ἐκεῖνος
1110 1780 1230 1806 τοσαῦτα
1241 1779 1335 1806 παθὼν
1344 1781 1392 1814 τῆς
1402 1781 1542 1816 Πατρικῆς
1552 1781 1630 1816 δόξης
1641 1783 1685 1808 καὶ
1695 1781 1794 1817 θεότη-

998 1835 1042 1857 τος
1054 1826 1129 1852 οὐδέν
1136 1834 1162 1852 τι
1181 1826 1380 1861 καθυφειμένον
1397 1827 1514 1860 ἐδέξατο,
1532 1827 1600 1862 μηδὲ
1610 1828 1643 1854 σὺ
1654 1827 1792 1864 ὀλιγωρή-

998 1881 1048 1908 σῃς
1063 1873 1174 1908 πάσχων
1189 1872 1286 1899 ταῦτα.
1299 1873 1411 1904 Πάντως
1427 1873 1482 1908 γὰρ
1495 1873 1550 1900 τῶν
1562 1874 1790 1909 ἐπηγγελμένων,

997 1920 1044 1944 καὶ
1063 1918 1132 1953 μετὰ
1141 1918 1174 1944 τὰ
1183 1918 1255 1953 πάθη
1283 1918 1331 1945 καὶ
1354 1919 1422 1954 μετὰ
1441 1919 1487 1945 τὸν
1501 1918 1616 1946 θάνατον
1632 1919 1788 1956 ἁξιωθήσῃ.

997 1966 1033 1992 Τὸ
1041 1966 1079 1998 δέ,
1098 1975 1107 1992 ι
1121 1966 1181 1997 Πῶς
1189 1966 1304 2000 οὐχὶκαὶ
1321 1966 1368 1992 σὺν
1381 1966 1454 2002 αὺτῷ
1465 1967 1607 2002 χαρίσεται
1619 1975 1626 2000 ;
1641 1976 1650 1993 ι
1661 1967 1690 1994 τὸ
1702 1968 1792 2002 ἀπρο-

998 2016 1130 2048 φάσιστον
1141 2014 1187 2040 καὶ
1199 2013 1386 2048 ἀπαραίτητον
1396 2013 1480 2039 Θέλων
1495 2014 1672 2049 παραστῆσαι
1680 2015 1791 2050 τῆςδω-

998 2060 1159 2096 ρεᾶς.‹Σὺν
1172 2059 1247 2094 αὑτῷ
1279 2059 1313 2086 τὰ
1343 2060 1432 2087 πάντα
1461 2060 1526 2094 ἡμῖν
1554 2060 1708 2095 χαρίσεται,
1736 2069 1792 2096 φη-

997 2107 1050 2132 σίν.
1071 2115 1080 2132 ι
1103 2106 1204 2141 Ἐρεῖς,
1237 2106 1330 2141 φησὶν,
1355 2106 1396 2132 ὄτι
1407 2107 1444 2141 μή
1472 2114 1537 2133 ποτε
1562 2106 1640 2142 ἡμῶν
1660 2106 1790 2142 ἐπιλήσε-

995 2161 1056 2186 ται;
1085 2152 1189 2179 Οὐκοῦν
1204 2154 1251 2179 καὶ
1266 2153 1313 2179 τοῦ
1324 2152 1399 2178 Υἱοῦ.
1418 2152 1469 2179 Σὺν
1493 2151 1567 2187 αὐτῷ
1578 2153 1632 2188 γὰρ
1644 2153 1680 2179 τὰ
1697 2153 1790 2180 πάντα

996 2199 1062 2234 ἡμῖν
1088 2198 1239 2234 χαρίζεται.
1270 2199 1352 2225 Ὥστε
1378 2198 1487 2229 πάντως
1500 2198 1548 2225 καὶ
1560 2199 1787 2234 ἀπροφασίστως,

154 2244 247 2276 iussis,
260 2243 349 2278 inquit
366 2251 372 2269 :
393 2242 546 2277 Nequando
555 2242 641 2270 nostri
657 2242 846 2270 obliviscatur.
860 2243 943 2278 Atqui

1051 2244 1145 2279 Ξόμεθα
1174 2240 1211 2270 ὧν
1236 2243 1443 2279 ἐπηγγέλμεοα.
1460 2242 1552 2270 Είπὼν
1562 2243 1591 2270 δὲ
1609 2244 1673 2275 τοὺς
1686 2253 1788 2279 πειρα-

155 2293 191 2318 ita
205 2296 233 2318 et
246 2290 308 2317 Filii
322 2290 557 2317 oblivisceretur:
577 2297 640 2316 nam
670 2297 734 2317 cum
761 2290 821 2324 ipso
844 2295 943 2318 cuneta

155 2337 235 2364 nobis
244 2337 386 2371 elargitur.
396 2335 514 2363 Omnino
530 2336 622 2369 itaque
637 2335 776 2370 etabsque
790 2336 843 2362 ulla
856 2337 941 2371 tergi-

154 2383 310 2411 versatione
326 2389 507 2416 assequentur
528 2389 588 2415 qua:
605 2381 686 2408 nobis
709 2382 843 2416 promissa
863 2386 938 2409 sunt.

153 2430 221 2457 Cum
239 2434 330 2456 autent
346 2427 380 2455 de
396 2426 593 2454 tentationibus
613 2426 722 2454 loeutus
750 2427 786 2454 sit
806 2435 867 2462 qum
892 2435 941 2462 per

153 2476 315 2503 aiilictiones
331 2479 395 2502 sunt
410 2478 437 2501 et
453 2479 599 2507 tormenta,
617 2475 712 2502 dicens
727 2484 733 2502 :
755 2485 764 2500 ι
791 2475 858 2508 Quis
875 2482 941 2501 con-

154 2528 195 2550 tra
212 2521 284 2549 nos?
299 2530 309 2547 ι
335 2520 409 2548 aliud
433 2527 506 2548 nunc
530 2520 713 2548 tentationum
737 2528 824 2554 genus
851 2520 938 2554 ponit,

153 2575 252 2602 nempe
274 2565 452 2602 improperia,
482 2567 673 2594 accusationes
691 2575 697 2592 ε
719 2566 866 2600 vituperia,
892 2573 939 2593 ea-

152 2614 282 2646 lumnias,
301 2621 362 2648 quae
377 2612 502 2640 inﬁdeles
512 2612 693 2640 eﬂ‘undebant
705 2611 850 2638 adversum
869 2611 934 2639 lide-

151 2661 202 2688 les.
217 2661 251 2688 Et
266 2660 320 2688 hoc
330 2668 363 2687 ex
379 2667 412 2686 eo
425 2658 583 2686 manifestat
604 2658 678 2692 quod
695 2658 734 2685 ait
751 2666 757 2684 :
778 2667 787 2682 ε
804 2657 870 2690 Quis
893 2665 937 2685 as-

151 2706 259 2734 cusabit
282 2705 414 2732 adversus
440 2704 544 2731 electos
566 2703 636 2730 Dei?
652 2713 662 2728 ι
686 2703 768 2739 316
798 2708 826 2730 et
853 2703 883 2730 in
895 2704 937 2731 his

138 2752 233 2779 'etiam
246 2750 368 2778 ostendit
381 2748 614 2784 quemadmodum
629 2752 658 2775 et
673 2748 701 2775 in
726 2748 866 2782 praedictis
888 2749 935 2783 qui

151 2797 208 2824 Deo
226 2795 395 2831 justiﬁcaute
413 2795 439 2821 in
457 2801 557 2821 vanum
571 2800 710 2829 nugantur
733 2795 781 2829 qui
808 2801 937 2822 accusant

150 2842 195 2869 vel
210 2841 405 2869 condemnant.
429 2850 438 2865 ι
455 2839 482 2867 Si
495 2839 567 2867 Deus
585 2847 636 2874 pro
651 2840 742 2873 nobis,
761 2840 823 2875 quis
839 2844 935 2867 contra

150 2889 218 2917 nos?
240 2898 249 2915 ι
261 2887 301 2916 Ne
313 2887 395 2916 etiam
410 2887 504 2914 dicant
517 2895 524 2914 :
539 2886 627 2922 Reges
645 2886 726 2914 nobis
738 2886 934 2918 adversantur,

995 2290 1080 2324 σμοὺς
1100 2289 1162 2320 τοὺς
1177 2288 1220 2315 διὰ
1235 2288 1350 2323 θλίψεων
1368 2289 1415 2314 καὶ
1438 2288 1573 2323 βασάνων,
1587 2289 1614 2315 ἐν
1635 2289 1673 2323 τῷ
1687 2290 1788 2321 εἰπεῖν,

997 2344 1006 2361 t
1023 2334 1239 2369 Τίςκαο¹ήμῶνς
1255 2344 1264 2360 ι
1282 2334 1329 2360 νῦν
1342 2335 1435 2369 ἕτερον
1447 2331 1514 2366 εἶδος
1525 2335 1686 2369 πειρασμῶν
1702 2336 1787 2368 λέγει·

992 2382 1055 2412 τοὺς
1069 2380 1239 2414 ὀνειδισμοὺς
1250 2399 1258 2411 ,
1278 2381 1327 2411 τὰς
1360 2380 1488 2414 μέμψεις,
1509 2380 1558 2411 τὰς
1575 2380 1720 2414 λοιδορίας,
1735 2381 1788 2413 τὰς

992 2426 1130 2456 διαὸολᾶς,
1142 2424 1174 2455 ἃς
1192 2425 1321 2459 κατέχεον
1336 2425 1360 2450 οἱ
1383 2426 1492 2451 ἄπιστοι
1508 2425 1563 2451 τῶν
1581 2425 1697 2452 πιστῶν.
1731 2426 1788 2452 Καὶ

990 2471 1070 2498 τοῦτο
1091 2471 1167 2506 δηλοῖ
1189 2470 1232 2497 διὰ
1247 2470 1294 2496 τοῦ
1321 2470 1423 2504 λέγειν,
1443 2481 1453 2497 ι
1480 2471 1527 2502 Τίς
1548 2471 1692 2505 ἐγκαλέσει
1716 2472 1789 2498 κατὰ

991 2517 1127 2543 ἐκλεκτῶν
1140 2516 1223 2549 Θεοῦ,
1243 2526 1252 2541 ι
1278 2517 1324 2543 καὶ
1339 2517 1514 2543 ἀποδείκνυσι
1537 2516 1674 2543 κάνταῦθα
1691 2516 1789 2551 ὥσπερ

990 2564 1038 2590 καὶ
1054 2564 1100 2590 ἐπὶ
1117 2563 1171 2589 τῶν
1185 2564 1454 2599 προειρημένων,ὃτι
1469 2563 1537 2590 Θεοῦ
1548 2563 1730 2596 δικαιοῦντος,
1747 2573 1788 2594 εις

991 2610 1079 2644 μάτην
1087 2609 1261 2643 γλωσσαλγοῡ
1266 2618 1306 2636 σιν
1315 2611 1338 2636 οἱ
1344 2609 1501 2644 αἰτιώμενοι
1512 2611 1558 2636 καὶ
1566 2612 1787 2645 καταχρίνοντες,

993 2664 1002 2680 ι
1015 2655 1044 2681 Ei
1059 2657 1073 2682 ὁ
1087 2655 1152 2686 Θεὸς
1161 2656 1229 2691 ὑπὲρ
1246 2655 1334 2690 ἡμῶν,
1347 2656 1388 2687 τίς
1405 2656 1464 2682 καθ’
1478 2656 1556 2691 ὴμῶν
1573 2665 1580 2689 ;
1595 2656 1669 2682 »Ἵνα
1679 2657 1733 2691 γὰρ
1749 2658 1787 2691 μὴ

988 2700 1113 2733 λέγωσιν,
1136 2701 1177 2726 ὃτι
1208 2701 1332 2732 Βασιλεῖς
1359 2700 1422 2727 καθ’
1449 2702 1528 2736 ἡμῶν
1553 2702 1600 2728 καὶ
1626 2700 1709 2736 δῆμοι
1739 2704 1789 2727 και

987 2746 1119 2780 ἡγεμόνες
1132 2746 1243 2780 (πάντες
1258 2747 1312 2780 γὰρ
1325 2746 1503 2773 ἐπεϐούλευον
1516 2749 1571 2778 τοῖς
1590 2747 1719 2782 πιστοῖς),
1737 2756 1789 2781 φη-

988 2793 1029 2817 σὶν
1044 2792 1084 2817 ὅτι
1098 2791 1185 2825 ἰσχύει
1199 2791 1287 2822 dese;
1296 2792 1344 2822 τὰς
1360 2791 1421 2818 καθ’
1437 2791 1515 2826 ἡμῶν
1530 2792 1687 2823 ἐπιϐουλὰς,
1703 2793 1789 2827 hec-9-

990 2838 1042 2872 μὴν
1064 2838 1205 2870 στεφάνων
1217 2837 1395 2871 ποιήσασθαι.
1419 2838 1512 2869 Οὐδεὲς
1533 2836 1579 2864 οὖν
1592 2839 1606 2864 ὁ
1618 2838 1679 2864 καθ’
1693 2838 1785 2873 ὴμῶιν

993 2894 1001 2910 ι
1024 2885 1073 2914 Ὃς
1088 2883 1179 2917 γετοῦ
1198 2883 1264 2909 ιδίου
1286 2883 1350 2911 Υἱοῦ
1373 2885 1424 2911 οὐκ
1455 2884 1596 2919 ἐφείσατο.
1616 2893 1626 2911 ι
1644 2885 1708 2917 Πᾶς
1739 2884 1787 2912 ob:
