1878 3054
50 194 101 226 493

572 193 767 224 (ὊΜΜΕΝΤ.
783 194 822 223 ΙΝ
837 194 955 224 EPIST.
980 194 1026 224 AD
1042 193 1132 224 ROM.

1621 191 1671 222 4ῦὶ

51 251 143 286 φησὶν,
161 251 235 286 ἡμᾶς
248 250 402 286 προήσεται
417 250 430 276 δ
447 249 559 281 (λεδςβς
576 249 604 275 οὐ
617 249 698 283 μόνον
710 248 757 274 τοῦ
772 248 836 275 Υἱοῦ

941 249 1040 284 tulique
1056 258 1086 276 ac
1098 248 1228 284 pnel'ccti,
1245 255 1340 275 omnes
1358 247 1492 282 siquidem
1503 247 1671 275 insidiaban-

49 295 132 322 αὐτοῦ
163 296 343 332 συμμόρφους
366 295 494 330 ἐποίησεν
527 294 595 320 ἀλλὰ
623 295 669 321 καὶ
695 294 836 320 ἐδικαίωσε

51 343 96 369 καὶ
111 342 232 375 ὲδδξασε,
248 343 295 369 καὶ
308 342 337 368 οὐ
356 341 434 368 τοῦτο
447 341 537 376 μόνον,
549 340 620 367 ἀλλὰ
645 341 691 367 καὶ
706 340 752 367 τὸν
776 341 838 366 Υἱὸν

49 389 150 415 ἔδωκεν
159 389 230 423 ὑπὲρ
242 388 320 423 ἡμῶν
345 388 464 420 πάντων,
487 388 564 422 φησὶ.
593 387 640 414 καὶ
657 387 837 422 ἁμαρτωλῶν,

50 434 245 467 καὶπλωνῶν,
277 434 323 460 καὶ
351 433 484 469 πόρνων;
514 433 544 459 Εἰ
576 433 620 460 τὸν
640 433 715 466 Υῑδν,
745 433 837 468 φησὶν,

50 479 152 505 ἔδωκεν
168 480 207 510 εἰς
224 479 338 505 θάνατον
358 480 372 505 δ
403 479 508 514 Πατήρ,
518 479 544 505 τι
560 478 601 505 δεῖ
617 478 680 514 περὶ
691 478 745 504 τῶν
752 477 839 504 ἄλλων

50 523 254 557 ἁμφιῦάὶλειν;
274 523 303 550 '0
313 524 368 559 γὰρ
378 524 408 550 τι
423 523 493 558 μέγα
521 524 593 556 δοὺς,
625 524 670 550 καὶ
684 523 715 550 τὸ
730 523 840 550 ἔλαττον

50 569 142 595 δώσει.
157 580 165 596 ι
179 570 226 601 Τίς
241 569 395 603 Manlian;
413 579 421 595 ι
437 569 534 596 Πολλοὶ
552 569 661 601 ἀσεϐεῖς
687 570 842 604 ἐμέμφοντο

50 616 106 646 τοῖς
118 615 288 642 πιστεύουσι.
305 615 390 651 Φησὶν
407 613 454 641 οὖν
471 623 478 630 ·
493 615 540 646 Τις
556 615 648 646 ἱκανὸς
660 615 808 648 ἐγκαλέσαι
823 615 840 650 ἢ

52 660 217 695 μέμψασθαι
234 663 290 692 τοῖς
306 661 359 687 ὑπὸ
376 660 445 688 Θεοῦ
457 660 609 696 ὲκλεχθεῖσι
626 668 634 693 ;
648 661 703 687 Καὶ
714 661 778 695 ὅρα,
790 661 841 687 οὐκ

52 703 130 732 εἶπεν
146 705 256 737 Δούλοις
267 706 346 739 Θεοῦ,
363 706 379 741 ἢ
392 706 513 737 [lui-101;.
528 705 597 732 ἀλλὰ
614 715 623 732 ι
644 706 809 739 Ἐκλεκτοῖς,
829 715 838 732 ι

51 751 174 786 ἐπαίρων
190 751 220 779 τδ
229 752 346 787 ἀξζωμα.
369 762 378 778 ι
398 752 463 784 Θεὸς
480 753 494 779 δ
509 752 632 779 δικαιῶν.
654 761 664 778 ι
679 753 736 779 Οὐκ
754 750 841 785 εἶπεν,

57 797 87 824 ’0
102 798 183 832 ἀφεὶς
199 798 348 833 ἁμαρτίας,
369 798 437 825 ἀλλὰ
453 798 484 824 τδ
497 798 597 833 μεῖζον,
614 807 623 823 ι
647 798 676 824 '0
694 797 816 825 δικαιῶν.
830 807 839 824 ι

51 859 85 865 -
99 852 110 869 ι
130 843 180 875 Τις
193 845 207 870 ὁ
225 844 398 880 κατακρίνων
416 853 422 877 ;
444 853 453 870 ι
472 845 557 871 Ὀταν
569 845 624 880 γὰρ
638 846 652 872 ὁ
667 845 732 877 Θεδς
758 845 842 881 ψήφῳ

51 891 114 917 τινα
134 890 225 925 οἰκείᾳ
251 890 395 926 δικαιώσῃ,
412 890 453 922 τίς
467 891 481 917 ὁ
495 891 689 926 κατακρίνωνς
707 891 739 917 Τί
753 891 781 918 δὲ
797 892 844 918 καὶ

52 936 229 970 κατακρίνων
257 936 378 970 ὼῳελείς
402 935 431 962 τὸ
464 936 491 962 δὲ
521 937 707 970 κατακρίνων
728 937 767 968 ὡς
798 937 844 963 ἐπὶ

51 982 250 1017 ἁμαρτήμασι.
276 991 284 1007 t
305 982 423 1016 Χριστὸς
453 981 608 1010 ἀποθανών.
628 991 638 1008 ι
660 983 727 1009 Κατ’
743 983 846 1018 ἐρώτη-

53 1035 96 1053 σιν
110 1027 179 1054 αὐτὸ
209 1029 337 1062 προάγει,
371 1027 409 1060 ὡς
434 1028 642 1063 ἁναντιρῤήτων
671 1028 765 1055 δντων.
785 1037 794 1054 ι
817 1028 846 1054 ’0

54 1073 213 1100 ἀποθανών.
231 1083 240 1099 ι
260 1074 321 1106 Τίς,
347 1073 440 1108 φησὶν,
469 1075 482 1100 ὀ
508 1074 694 1109 κατακρίνων,
716 1073 763 1100 τοῦ
796 1074 846 1109 μὶν

56 1118 216 1153 Πνεύματος
251 1120 571 1154 συναντιλαμὸανομένου
597 1121 658 1151 ταῖς
694 1119 846 1151 ἀσθενείαις

57 1162 146 1196 ήμῶν,
185 1163 233 1189 τοῦ
259 1163 287 1190 δὲ
319 1163 425 1198 Ila-Iph;
448 1163 626 1196 δικαιοῦντος,
655 1163 703 1190 τοῦ
734 1164 762 1190 δὲ
782 1164 846 1190 Υἱοῦ

56 1207 128 1244 ὗπλρ
140 1209 222 1244 ἡμῶν
244 1209 426 1241 ἀποθανόντος
442 1217 450 1242 ;
476 1208 530 1241 Οὒς
547 1209 601 1244 γὰρ
619 1209 730 1244 ήΤριὰς
752 1210 847 1236 ἀπεδι-

57 1253 172 1287 κιιὶωσε,
201 1255 267 1286 τὶςδ
285 1255 459 1290 κατακρίνων
476 1263 484 1286 ;
500 1269 531 1274 κ-
551 1253 769 1290 [υικογιιιΕΝ.]
794 1254 847 1281 Καὶ

57 1299 128 1326 οὕτω
142 1300 210 1336 δύνῃ
227 1300 333 1335 νοῆσαι,
347 1301 384 1332 ὡς
398 1301 466 1336 πρὸς
476 1301 506 1327 τδ
521 1301 590 1327 κατὰ
606 1300 672 1326 πόδα
680 1300 728 1326 τοῦ
743 1299 825 1335 ῥητοῦ
838 1308 846 1316 ·

59 1345 88 1371 Ei
97 1346 127 1372 τὸ
136 1346 260 1381 Πνεῦμα,
270 1347 364 1382 φησὶν,
375 1346 612 1380 ἀντιλαμϐάνεται,
627 1347 652 1372 si
662 1347 676 1372 ό
688 1346 781 1381 Πατὴρ
792 1346 847 1372 ὶδι-

57 1391 174 1422 καὶωσε,
185 1393 227 1423 τις
237 1393 251 1418 ὸ
267 1393 430 1427 κατακρϊναι
446 1392 612 1428 δυνάμενος;
638 1391 845 1424 ’Υπολειπεται,

59 1436 152 1471 φησιν,
165 1437 179 1463 ό
193 1437 270 1468 Υἱᾶς.
293 1438 323 1464 '0
339 1437 400 1469 re;
412 1435 470 1470 οὖν,
487 1438 580 1472 φησὶν,
597 1437 653 1472 ἔχει
673 1438 847 1472 κατακρῖναι,

59 1481 148 1508 καίτοι
165 1482 292 1509 τοσοῦτον
314 1484 420 1519 ἀγαπᾷ,
432 1483 469 1516 ὡς
482 1484 529 1510 καὶ
545 1483 659 1510 θάνατον
680 1482 848 1518 αἱρήσασθαι

59 1528 130 1564 ὑπὲρ
147 1529 237 1563 ἡμῶν,
254 1530 300 1556 καὶ
315 1531 351 1557 ὢν
368 1531 396 1556 ἓν
407 1529 482 1566 δεξιᾷ
499 1529 548 1556 τοῦ
563 1530 680 1563 Πατρδς,
695 1530 790 1560 aculei;
798 1529 848 1564 τὴν

61 1573 130 1601 ἰδίαν
161 1575 318 1602 ἐπανελθὼν
341 1575 433 1608 δόξαν,
462 1576 512 1603 οὐκ
539 1575 678 1602 ἐπαύσατο
703 1575 753 1609 τῆς
781 1574 849 1610 πρὸς

60 1619 134 1654 ἡμᾶς
161 1620 284 1655 ἀγάπης,
315 1621 382 1648 ἀλλὰ
413 1621 458 1648 καὶ
491 1621 648 1655 παρακαλεῖ
670 1621 716 1647 τὸν
738 1621 847 1654 Πατέρα

61 1665 130 1699 ὑπὲρ
142 1665 231 1700 ήμῶν.
242 1666 327 1694 Τοῦτο
337 1667 392 1702 γὰρ
402 1667 432 1693 τδ
441 1667 676 1702 ἐντυγχάνουσι.
685 1666 740 1701 Τὴν
751 1666 779 1692 δὲ
792 1674 845 1693 πα-

61 1712 197 1747 ράκλησιν
219 1712 305 1745 οὕτως
330 1713 408 1740 νόει·
435 1713 509 1748 αὐτῷ
537 1713 576 1748 τῷ
596 1713 844 1748 ὲνηνθρωπηκέναι,

60 1759 218 1793 παρακαλεί
239 1760 284 1786 τὸν
315 1760 424 1794 Πατέρα
439 1759 508 1794 ὑπὲρ
518 1759 606 1794 ήμῶν.

891 295 1090 325 turlidelihns;
1109 295 1176 322 dicit
1195 295 1267 330 quod
1287 299 1385 329 potens
1405 299 1448 322 est
1463 295 1535 322 Deus
1562 294 1674 321 insidias

890 348 950 374 qum
965 339 1179 368 suntadvcrsum
1195 347 1245 367 nos
1260 339 1366 366 etlicere
1379 340 1538 367 occasiones
1551 339 1675 374 prmmio-

891 393 951 411 rnm
969 386 1080 412 :nullus
1100 393 1166 421 ergo
1183 389 1279 413 contra
1308 392 1360 412 nos
1373 385 1435 412 erit.
1456 394 1465 410 ι
1492 384 1545 418 Qui
1562 384 1675 420 proprio

892 431 959 457 Filio
987 439 1041 457 non
1060 431 1191 466 pepercit.
1210 440 1218 455 ι
1234 429 1377 463 Quomodo
1390 437 1466 466 ergo,
1485 429 1584 465 inquit,
1609 430 1677 465 abji-

891 478 944 504 cict
961 485 1010 504 nos
1021 477 1102 509 Deus,
1115 477 1161 512 qui
1177 485 1232 504 non
1261 477 1343 504 modo
1356 476 1513 504 conformes
1529 477 1598 504 Filio
1626 484 1676 504 suo

892 523 1022 555 reddidit,
1040 531 1134 550 verum
1153 523 1235 550 etiam
1260 522 1420 558 iustiﬁcavit
1433 527 1461 550 et
1487 523 1650 558 gloriﬁeavit
1669 532 1675 550 ι

892 577 943 596 nec
961 569 987 596 id
1009 569 1109 600 solum.
1122 568 1169 596 sed
1181 573 1209 595 et
1223 569 1321 596 Filium
1338 576 1387 603 pro
1398 569 1477 596 nobis
1492 569 1620 596 omnibus
1632 569 1677 596 de-

893 614 934 641 dit
958 620 986 641 et
1009 614 1166 649 publicanis
1191 618 1219 641 et
1240 615 1434 650 peccatoribus
1451 622 1483 642 ac
1501 614 1677 643 fornicariis?

892 659 970 693 Quod
988 661 1011 687 si
1028 660 1140 692 Filium,
1165 661 1265 695 inquit,
1282 660 1358 688 dedit
1381 660 1415 687 ad
1443 665 1558 688 mortem
1587 659 1676 691 Pater,

893 706 958 741 quid
969 706 1004 733 de
1018 706 1131 741 reliquis
1146 707 1286 742 ambigere
1297 712 1408 741 oportet
1420 707 1431 733 1'
1449 705 1500 740 Qui
1517 706 1590 733 enim
1604 706 1678 735 dedit

893 753 968 788 quod
985 760 1112 788 magnum
1130 757 1182 784 est,
1196 753 1272 780 dabit
1289 753 1384 787 utique
1395 756 1423 779 et
1435 752 1508 787 quod
1521 753 1613 780 minus
1625 758 1677 780 εει.

898 809 907 825 ι
924 799 991 832 Quis
1005 798 1166 826 accusabit?
1180 808 1190 824 ι
1206 797 1282 825 Multi
1297 797 1373 832 impii
1385 797 1551 825 accusabant
1563 798 1677 825 creden-

895 851 946 874 tes.
963 846 1036 873 Dicit
1063 852 1148 880 ergo:
1165 844 1233 878 Quis
1257 844 1373 871 idoneus
1391 848 1433 872 est
1453 848 1482 871 ut
1502 847 1614 871 accuset
1634 849 1681 871 aut

895 891 1042 926 redarguat
1056 897 1104 918 eos
1118 890 1165 925 qui
1182 897 1197 917 a
1208 889 1264 917 Deo
1275 894 1340 917 sunt
1364 889 1443 917 electi
1457 888 1468 916 ?
1480 889 1513 916 Et
1527 888 1589 916 vide
1607 889 1679 924 quod

896 944 950 964 non
962 936 1062 963 dixerit
1078 946 1084 963 :
1102 935 1202 963 Servos
1219 935 1278 967 Dei,
1294 938 1342 962 aut
1358 934 1513 967 credentes,
1529 934 1577 962 sed
1592 943 1602 960 ι
1620 933 1681 961 Eleo

895 987 965 1015 ctos,
986 991 994 1008 ι
1014 982 1176 1017 dignitatem
1191 981 1336 1009 extollens.
1355 990 1363 1006 ι
1382 980 1454 1007 Deus
1468 983 1510 1007 est
1524 978 1681 1015 quijustiii-

897 1033 950 1056 cat.
977 1038 986 1054 ι
1010 1028 1130 1055 Rursum
1149 1035 1203 1054 non
1217 1028 1256 1054 ait
1272 1036 1279 1053 :
1293 1027 1345 1060 Qui
1367 1030 1478 1061 peccata
1505 1025 1619 1058 dimisit,
1634 1026 1681 1052 sed

896 1075 970 1110 quod
987 1075 1075 1110 majus
1101 1078 1153 1106 est,
1172 1083 1181 1098 ι
1201 1073 1253 1106 Qui
1273 1071 1414 1108 justiﬁeat.
1439 1081 1448 1098 ι
1464 1087 1500 1091 -
1517 1081 1526 1096 ι
1544 1070 1611 1104 Quis
1636 1070 1681 1097 ille

896 1121 941 1155 qui
955 1119 1143 1147 condemnet?
1162 1129 1170 1144 ι
1186 1118 1254 1146 Cum
1263 1118 1337 1146 enim
1355 1118 1427 1145 Deus
1442 1117 1552 1153 propria
1568 1121 1679 1145 senten-

898 1166 934 1194 tia
950 1166 1107 1201 quempiam
1125 1164 1330 1200 justiticaverit,
1349 1163 1411 1198 quis
1423 1163 1500 1190 illum
1516 1162 1683 1190 condemna-

896 1212 959 1240 bit?
976 1211 1055 1244 Quod
1073 1211 1095 1238 si
1111 1211 1194 1238 etiam
1207 1209 1442 1243 coademnaverit,
1454 1209 1521 1244 quid
1539 1208 1684 1244 proderit?

896 1258 948 1291 Qui
975 1258 1142 1285 condemnat
1169 1261 1279 1288 autem,
1313 1260 1442 1290 tanquam
1473 1262 1523 1290 pro
1551 1255 1681 1290 peccatis.

900 1314 909 1330 ι
930 1304 1055 1332 Christus
1072 1303 1118 1338 qui
1134 1307 1259 1329 mortuus
1284 1305 1336 1329 est.
1355 1311 1363 1326 ι
1379 1301 1536 1328 Secundum
1560 1301 1684 1328 interro-

897 1350 1034 1384 gationem
1049 1348 1120 1376 idem
1132 1348 1270 1383 producit,
1290 1352 1419 1382 tanquam
1444 1347 1471 1374 in
1487 1347 1531 1374 his
1543 1353 1604 1382 qua:
1620 1351 1685 1374 sunt

899 1395 1109 1430 irrei'ragabilia.
1127 1404 1136 1420 ι
1154 1394 1206 1427 Qui
1222 1398 1348 1420 mortuus
1363 1397 1415 1420 est.
1442 1402 1450 1418 ι
1476 1392 1553 1426 Quis,
1583 1391 1684 1426 inquit.

899 1441 954 1473 ille,
981 1441 1027 1475 qui
1048 1441 1212 1467 condemnet
1229 1447 1291 1466 cum
1310 1439 1430 1473 Spiritus
1446 1438 1594 1465 auxilietur
1610 1436 1685 1464 inﬁr-

899 1485 1041 1512 mitatibus
1051 1485 1162 1516 nostris,
1178 1485 1258 1512 Pater
1269 1489 1359 1511 autem
1369 1483 1510 1519 justiﬁcet,
1524 1482 1610 1510 Filius
1620 1490 1686 1509 vero

899 1539 949 1566 pro
964 1531 1044 1558 nobis
1058 1536 1186 1558 mortuus
1203 1531 1238 1558 sit
1252 1531 1264 1557 ‘l
1281 1531 1347 1558 Nam
1366 1538 1435 1566 quos
1449 1530 1571 1557 Trinitas
1584 1530 1684 1565 justiﬁ-

902 1578 984 1609 cavit,
1000 1577 1127 1611 quisnam
1142 1576 1361 1604 condemnabit?
1375 1576 1455 1603 Potes
1469 1579 1497 1603 et
1526 1575 1579 1602 hoc
1603 1575 1686 1602 modo

901 1623 1065 1658 intelligere,
1085 1626 1115 1650 ut
1128 1623 1161 1650 ad
1171 1623 1198 1650 id
1217 1623 1290 1658 quod
1303 1622 1385 1649 modo
1400 1622 1504 1649 dictum
1515 1625 1558 1649 est
1573 1628 1686 1655 respon-

901 1669 964 1696 deat
983 1678 989 1695 :
1006 1669 1033 1696 Si
1050 1669 1169 1704 Spiritus
1189 1669 1348 1701 auxiliatur,
1371 1668 1394 1696 si
1411 1668 1491 1696 Pater
1513 1666 1685 1703 justiﬁcavit,

901 1713 965 1748 quis
980 1718 1078 1748 potens
1092 1718 1134 1741 est
1157 1714 1365 1741 condemnare?
1381 1713 1567 1748 Relinquitur,
1584 1712 1684 1747 inquit,

901 1759 998 1791 Filius,
1013 1759 1098 1786 Filius
1118 1759 1202 1794 igitur
1229 1760 1414 1787 condemnare
1432 1763 1532 1794 potest.
1559 1758 1640 1793 Atqui
1658 1759 1686 1784 in

60 1808 170 1832 tantum
192 1806 289 1833 dilexit
305 1810 335 1832 ut
352 1813 403 1840 pro
427 1805 510 1833 nobis
536 1808 652 1832 mortem
677 1804 792 1840 elegerit
810 1813 816 1831 :
836 1812 953 1839 cumque
969 1805 1051 1832 modo
1067 1805 1102 1832 sit
1121 1806 1148 1832 in
1176 1805 1290 1832 dextera
1321 1805 1411 1833 Patris
1423 1809 1450 1833 et
1481 1805 1515 1832 ad
1548 1806 1687 1840 propriam

62 1853 176 1880 rudie.it
203 1853 331 1889 gloriam.
355 1853 441 1880 nostri
467 1853 643 1880 dilectionem
671 1860 844 1887 nequaquam
863 1852 986 1886 reliquit,
1001 1852 1050 1880 sed
1081 1857 1109 1880 ct
1138 1853 1208 1888 apud
1234 1853 1341 1881 Patrem
1359 1861 1409 1889 pro
1431 1853 1512 1881 nobis
1530 1853 1687 1881 intercedit.

61 1899 126 1926 Nam
147 1899 201 1926 hoc
218 1900 345 1935 estquod
359 1900 484 1935 sequitur
494 1899 662 1935 ἐντυγχάνει.
693 1898 774 1934 317
804 1898 849 1927 Sic
887 1903 979 1927 autem
1005 1899 1231 1928 intercessionem
1250 1900 1307 1927 sive
1326 1900 1533 1928 advocationem
1555 1900 1687 1936 intelligo.

62 1952 89 1974 ιιι
103 1954 154 1981 per
173 1947 226 1974 hoc
236 1947 310 1982 quod
322 1947 523 1974 humanitatem
552 1946 716 1982 susceperit,
729 1947 838 1974 Patrem
884 1947 1063 1982 interpellare
1087 1948 1196 1975 dicatur
1227 1955 1277 1983 pro
1305 1947 1395 1975 nobis.

97 2004 107 2020 ι
128 1996 178 2026 Ὃς
190 1996 238 2021 καὶ
260 1995 334 2021 ἐστιν
361 1995 390 2021 ἐν
410 1995 486 2030 δεξιᾷ
509 1994 556 2021 τοῦ
577 1994 655 2021 Θεοῦ.
675 2003 686 2020 ι
710 1995 767 2020 Ἵνα
794 1995 848 2030 γὰρ

63 2040 98 2075 μὴ
128 2039 278 2066 ἐλάττωσιν
299 2040 348 2075 τὴν
379 2041 504 2075 ἐντυχίαν
535 2040 663 2075 νομίσῃς,
694 2039 750 2070 θεὶς
776 2040 850 2075 πρῶ-

63 2095 105 2112 τον
132 2087 182 2121 τὴν
207 2086 353 2121 ἰσοτιμίαν,
377 2086 408 2113 τὸ
429 2085 499 2113 εἶναι
527 2087 555 2112 ἐν
586 2086 663 2121 δεξιᾷ
691 2085 737 2112 τοῦ
770 2085 850 2118 Θεοῦ,

63 2132 146 2163 οὕτως
188 2130 250 2158 εἷπε
295 2132 325 2158 τὸ
349 2132 544 2167 ἐντυγχάνει,
569 2132 655 2164 δεῖξαι
685 2132 769 2158 θέλων
801 2131 850 2167 τὴν

64 2178 193 2212 διάπυρον
210 2178 330 2213 ἀγάπην.
345 2178 382 2204 Οὐ
394 2178 448 2213 γὰρ
464 2178 501 2209 ὡς
518 2178 599 2208 αὐτὸς
616 2177 738 2204 ἀσθενῶν
753 2181 850 2210 σῶσαι,

66 2223 146 2249 δεῖται
157 2223 205 2250 τοῦ
224 2223 340 2258 Ιιατρδς,
351 2225 452 2257 ἄπαγε.
469 2225 535 2255 (Ὃς
549 2224 595 2250 καὶ
609 2224 766 2258 ἐντυγχάνει
781 2225 851 2259 ὑπὲρ

66 2268 164 2302 ἡμῶν.»
174 2283 211 2288 --
221 2269 367 2306 [ΚΥΗΛ.]
399 2270 443 2301 Ὠς
456 2270 523 2304 πρὸς
536 2269 566 2296 τὸ
581 2269 753 2304 ἀνθρώπινον
771 2269 847 2304 εἴρη-
865 2285 886 2311 1)

66 2321 114 2345 ται,
130 2315 171 2340 ὅτι
182 2314 329 2350 ἀρχιερεὺς
340 2312 384 2350 ἦν,
404 2325 412 2340 ι
428 2315 463 2341 Σὺ
481 2315 571 2350 ἱερεὺς
596 2315 636 2346 εἰς
657 2314 702 2340 τὸν
717 2314 814 2341 αἰῶνα.
834 2324 844 2340 ι

66 2372 96 2377 —
222 2360 276 2395 Τῆξ
286 2360 315 2386 δὲ
332 2361 476 2396 Κυριακῆς
497 2360 606 2395 ἐκείνης
623 2360 715 2395 φωνῆς
729 2360 775 2386 τὸν
785 2360 847 2386 νοῦν

68 2405 178 2432 ἐνταῦθα
192 2406 269 2440 δηλοῖ
297 2406 344 2432 καὶ
362 2407 559 2438 ὑπαινίττεται,
574 2406 624 2441 τῆς
638 2408 666 2432 tv
676 2406 754 2441 τύπῳ
766 2406 848 2441 εὐχῆς

67 2450 100 2485 τῷ
129 2452 217 2486 Πατρ).
243 2453 461 2488 προσαγομένης·
480 2462 489 2478 ι
508 2453 600 2488 Πάτερ
614 2453 732 2487 τήρησον
750 2452 849 2482 αὐτοὺς

68 2497 92 2522 ὲν
112 2499 143 2532 τῇ
167 2498 285 2534 ἀληθείᾳ
315 2507 373 2524 σου·
391 2508 400 2524 ι
424 2499 482 2530 καὶ,
503 2507 512 2524 ι
536 2499 594 2525 ἰνα
616 2499 735 2533 φυλάξῃς
751 2498 849 2529 αὐτοὺς

68 2542 115 2567 ἀπὸ
123 2543 169 2570 τοῦ
189 2544 320 2578 πονηροῦ,
335 2554 344 2569 ι
363 2544 409 2570 καὶ
427 2545 459 2571 τὰ
480 2545 573 2580 ὃμοια,
588 2544 619 2570 Et
633 2543 680 2570 οὖν
692 2544 778 2575 οὕτως
796 2545 847 2578 κή-

70 2587 238 2621 amarit;
265 2590 335 2616 time
363 2591 411 2617 καὶ
434 2591 608 2626 ἐντυγχάνειν
636 2591 664 2625 (ή
704 2589 758 2625 γὰρ
785 2590 848 2616 τότε

74 2633 176 2668 ῥήοείσα
200 2635 268 2671 εὐχὴ
282 2635 417 2671 τοσαύτην
442 2636 499 2672 ἔχει
517 2636 603 2672 ἰσχὺν,
619 2635 690 2662 ὥστε
704 2636 850 2667 διαπαντὸς

73 2681 176 2716 ὶνεργής
192 2680 273 2714 εἶναι,
298 2682 345 2708 καὶ
357 2683 392 2709 τὰ
405 2682 456 2718 τῆς
479 2683 604 2717 ἐντυχίας
617 2681 790 2717 ἀπαρτίζειν)
802 2690 808 2697 ”
825 2682 850 2708 εἱ

74 2727 113 2754 οὖν
127 2729 210 2761 οὓτως
227 2728 348 2764 κήδεται,
367 2729 409 2761 τίς
433 2730 447 2756 δ
461 2728 632 2764 κατακρίνων
649 2728 710 2759 τοὺς
726 2729 756 2753 ἐν
775 2727 850 2761 αὐτῷ

76 2776 300 2808 πεπιστευκόταςς
314 2775 345 2803 Ὀ
360 2775 453 2809 Πατήρ
467 2775 610 2801 ἐδικαίωσε
629 2773 676 2800 καὶ
686 2774 805 2806 ὲδδξασε,
820 2773 850 2798 τὸ

78 2820 175 2857 Πνεῦμα
190 2821 478 2853 συναντιλαμϐάνεται,
496 2822 510 2846 ὁ
523 2819 638 2851 Χριστὸς
653 2820 699 2845 καὶ
716 2818 850 2845 ἀπέθανεν

111 2914 129 2929 ³⁸
145 2914 212 2942 Psal.
228 2923 300 2950 cvrv,
317 2915 344 2942 4.
384 2914 407 2931 ³⁸
421 2914 499 2942 Joan.
510 2921 576 2946 xvn,
592 2914 635 2940 ΓΙ.
673 2913 695 2930 ³⁸
707 2911 774 2940 ibid.
791 2912 824 2939 15

941 2005 950 2021 1
975 1995 1026 2029 Qui
1049 2000 1092 2023 est
1116 1995 1150 2022 ad
1168 1995 1307 2023 dexteram
1327 1994 1386 2022 Dei.
1409 2004 1418 2020 ι
1436 1994 1474 2022 Ne
1497 1994 1571 2022 enim
1601 1994 1674 2022 inter

903 2043 1057 2070 cessionem
1084 2042 1230 2070 arbitreris
1264 2041 1477 2069 minorationem
1509 2041 1599 2076 posita
1633 2041 1690 2076 pri-

903 2097 978 2117 unum
1007 2089 1120 2116 honoris
1153 2088 1318 2123 aqualitate,
1353 2087 1471 2115 dicendo
1493 2087 1567 2122 quod
1593 2087 1630 2115 sit
1662 2088 1690 2114 in

903 2136 1018 2162 dextera
1047 2134 1158 2167 Patris,
1190 2134 1226 2161 ita
1256 2133 1406 2168 subiungit.
1434 2132 1606 2165 lntercedit,
1639 2141 1689 2159 vo-

901 2182 961 2208 lens
981 2181 1123 2207 ardentem
1148 2179 1293 2206 ostendere
1320 2178 1516 2206 dilectionem:
1539 2187 1594 2205 non
1616 2179 1689 2205 enim

904 2231 1032 2260 tauquam
1047 2225 1191 2252 imbecillis
1209 2224 1241 2251 ad
1255 2223 1415 2251 salvandum
1432 2229 1494 2259 eget
1509 2224 1596 2251 Patris
1612 2225 1690 2251 auxi-

903 2273 950 2299 lio.
965 2272 1054 2299 Absit.
1067 2281 1075 2297 ι
1087 2271 1139 2304 Qui
1161 2270 1244 2298 etiam
1259 2269 1412 2297 intercedit.
1429 2279 1438 2295 ›
1454 2284 1487 2290 -
1501 2269 1642 2304 Tanquam
1658 2271 1691 2297 ad

903 2318 1102 2345 humanitatem
1116 2316 1288 2352 respiciendo
1300 2316 1404 2344 dictum
1419 2321 1471 2349 cst,
1485 2324 1519 2344 eo
1533 2317 1606 2352 quod
1623 2325 1692 2351 pnn-

903 2364 968 2391 tit‘ex
981 2368 1059 2391 erat:
1081 2373 1090 2390 ι
1108 2363 1148 2390 Tu
1161 2371 1190 2390 es
1204 2362 1339 2390 Sacerdos
1356 2363 1384 2389 in
1404 2367 1537 2390 :eternum
1549 2362 1582 2389 “.
1602 2372 1612 2388 ι
1636 2363 1691 2389 Do-

903 2410 1011 2437 niinica:
1033 2409 1108 2436 illius
1119 2408 1194 2435 vocis
1215 2407 1385 2435 intellectum
1403 2407 1559 2435 manifestat
1575 2415 1606 2434 ac
1618 2407 1692 2435 desi-

903 2460 978 2490 gnat,
1007 2463 1068 2490 quae
1083 2455 1110 2482 in
1140 2454 1227 2481 forma
1256 2453 1424 2489 precationis
1447 2454 1522 2481 Patri
1551 2454 1690 2481 oiIertur:

907 2512 915 2528 ι
938 2502 1028 2534 Pater,
1051 2509 1129 2528 serva
1144 2508 1192 2528 eos
1220 2508 1269 2535 per
1293 2500 1436 2528 veritatem
1462 2505 1535 2527 tuam
1556 2500 1588 2531 ";
1609 2509 1618 2524 ι
1636 2505 1663 2526 et
1685 2509 1691 2524 :

906 2557 915 2573 ‹
930 2547 965 2575 Ut
979 2555 1074 2575 serves
1087 2555 1135 2575 eos
1153 2555 1169 2574 a
1185 2547 1257 2573 malo
1269 2547 1302 2579 ³⁸,
1320 2555 1330 2572 ι
1353 2554 1385 2573 ac
1400 2546 1511 2573 similia.
1532 2546 1560 2573 Si
1573 2553 1638 2580 ergo
1654 2545 1692 2572 ita

903 2591 989 2618 nestri
1011 2599 1106 2618 curam
1129 2590 1212 2618 habet
1237 2590 1340 2622 Filius,
1360 2595 1390 2618 ut
1411 2590 1495 2618 etiam
1520 2588 1690 2616 intercedat:

904 2644 967 2664 nam
985 2641 1088 2663 tantam
1101 2636 1156 2663 vim
1175 2635 1258 2663 habet
1275 2635 1346 2663 facta
1362 2641 1428 2663 tunc
1442 2635 1565 2670 precatio
1580 2639 1610 2661 ut
1621 2642 1692 2661 sem-

905 2690 954 2717 per
968 2681 1002 2708 sit
1015 2681 1120 2714 cﬂicax,
1135 2685 1235 2716 etquae
1248 2681 1275 2708 in
1291 2689 1323 2709 ea
1339 2681 1516 2709 continentur
1527 2679 1690 2714 adimpleat:

905 2728 927 2754 si
946 2732 1047 2755 tantam
1060 2728 1153 2762 itaque
1167 2727 1254 2754 nostri
1273 2735 1366 2754 curam
1381 2726 1473 2758 habet,
1486 2725 1547 2760 quis
1561 2731 1610 2751 eos
1624 2731 1692 2750 con-
1748 2735 1752 2744 ι

904 2772 1016 2800 dcntnet
1027 2773 1072 2807 qui
1087 2773 1114 2800 in
1131 2773 1220 2808 ipsum
1234 2772 1431 2800 crediderunt?
1443 2771 1521 2797 Pater
1531 2768 1692 2804 justiiicavit

905 2824 929 2846 et
956 2820 1127 2856 gloriﬁcavil,
1156 2820 1276 2855 Spiritus
1304 2818 1473 2849 auxiliatur,
1499 2816 1584 2859 Filius
1609 2816 1706 2859 eliam‘
