1878 3054
124 114 177 145 499

660 117 861 147 (ECUMENII
879 117 1024 148 TRICCE
1043 119 1216 149 EPISCOPI

1699 121 1751 153 500

124 171 193 198 nihil
206 178 335 206 separare
356 174 603 208 potest,quomodo
623 174 680 208 ipse
695 176 767 200 uitro
780 174 906 206 discedit,

981 175 1006 200 ιὶ
1018 175 1103 201 ταῦτα
1112 176 1181 210 ὑπὲρ
1188 175 1242 202 τῶν
1253 176 1423 212 κατὰξσάρκα
1433 176 1588 212 συγγενῶν;
1605 178 1653 205 καὶ
1664 177 1695 204 οὐ
1705 181 1754 212 μο-

125 218 208 252 idque
231 223 344 252 propter
365 223 496 254 cognatos
521 219 671 246 secundum
695 220 828 247 carnem?
855 220 911 247 Nec

125 263 214 290 solum
227 263 299 290 ultro
311 268 464 298 separatur,
477 264 524 291 sed
538 268 566 291 et
582 265 752 299 concupiscit
767 273 800 293 ac
818 266 909 300 requi-

126 309 162 335 rit
177 314 205 336 et
218 314 295 344 optat
309 310 432 344 separari
455 317 469 336 a
483 309 532 336 Dei
553 309 720 338 dilectione:
747 321 756 336 ι
775 311 911 346 Optarim,

125 354 226 389 inquit,
246 363 296 390 ego
313 355 371 390 ipse
395 355 540 382 anathema
557 363 618 383 esse
631 364 646 382 a
663 355 784 384 Christo.
803 367 813 383 ι
840 357 911 390 Quid

125 401 209 435 igitur
224 405 266 428 est
290 401 361 428 hoc?
377 400 519 434 Quomodo
538 401 698 436 contingent
716 410 748 430 ea
768 411 829 438 quae
848 408 913 431 sunt

125 445 324 480 impossibilia?
343 446 463 473 Primum
485 446 595 481 quidem
627 447 745 474 dicimus
773 448 832 475 haec
857 456 912 475 non

123 499 184 519 esse
197 492 343 519 contraria.
357 492 451 527 Neque
462 493 536 519 enim
548 493 716 520 contrarium
729 499 771 521 est
786 494 822 521 ita
834 494 914 522 Chri-

124 542 196 564 stum
207 537 332 573 diligere,
350 541 377 564 ut
395 545 484 573 neque
500 546 549 573 per
566 538 743 573 supplicium,
759 546 849 573 neque
864 547 913 574 per

124 583 206 610 ullam
227 584 436 617 promissionem
459 584 580 619 separari
597 585 684 616 possis
702 584 737 611 ab
757 585 818 620 ejus
843 585 912 612 dile-

123 630 226 662 ctione,
253 634 282 657 et
319 630 357 657 ita
398 630 514 665 diligere
554 631 720 666 proximum,
761 635 792 657 ut
828 631 913 665 ipsius

123 676 239 704 salutem
252 677 385 711 aequalem
401 677 487 704 ducas
503 677 613 712 proprie
625 677 706 704 saluti
723 676 778 704 imo
789 681 816 704 et
827 677 914 712 majo—

123 730 193 750 rem.
220 723 279 750 Non
299 727 363 750 sunt
386 731 452 758 ergo
476 723 534 751 haec
557 724 706 755 contraria,
730 723 796 758 quin
822 724 914 758 potius

123 769 176 796 sibi
205 768 323 796 invicem
345 769 429 796 etiam
453 769 615 796 conformia.
640 769 707 796 Nam
729 769 776 804 qui
799 769 912 797 fratrem

122 822 203 842 suum
212 814 310 850 diligit,
323 815 468 842 Dominum
481 822 592 850 quoque
605 815 704 850 diligit,
719 820 748 842 et
759 822 775 842 ε
792 815 911 842 diverso.

127 869 136 885 ι
159 860 189 887 1η
211 860 273 892 hoc,
286 860 384 895 inquit,
401 864 568 895 cognoscent
582 868 679 888 omnes
693 860 766 896 quod
789 861 844 888 mei
856 860 909 887 dis-

124 906 209 940 cipuli
229 905 290 933 sitis
312 905 335 933 si
353 906 508 934 dilexeritis
525 906 642 934 invicem
655 907 686 933 ".
714 916 723 932 ι
747 905 806 941 lpse
828 906 911 933 etiam

124 952 226 979 Paulus
243 951 329 979 dicit:
354 961 364 978 ι
387 951 534 979 Plenitudo
553 952 622 987 legis
640 956 682 979 est
705 952 816 980 dilectio
838 952 870 979 ³⁸.
900 962 910 978 ο

125 998 301 1032 Rursumque
315 998 449 1025 Dominus
462 998 496 1025 de
509 998 656 1026 dilectione
671 997 699 1025 in
711 998 797 1025 Deum
814 1002 841 1025 et
850 1005 914 1033 pro-

123 1043 228 1070 ximum
240 1052 246 1070 :
258 1052 267 1069 ι
282 1043 312 1070 ln
327 1043 380 1076 his,
395 1044 495 1078 inquit.
507 1043 615 1071 duobus
628 1044 774 1079 praeceptis
785 1044 914 1072 universa

123 1089 167 1116 lex
183 1093 212 1117 et
227 1090 368 1125 propheta:
388 1090 509 1125 pendent
522 1090 555 1124 ",
571 1100 580 1116 ι
602 1090 681 1125 321
699 1095 729 1117 ut
745 1099 807 1126 qua:
831 1096 914 1126 caput

125 1141 189 1163 sunt
201 1137 324 1164 omnium
340 1136 468 1170 aliorum,
484 1131 641 1165 dilectionis
654 1142 682 1165 et
698 1137 726 1165 iu
738 1138 823 1165 Deum
842 1143 869 1165 et
884 1139 913 1166 in

124 1183 288 1217 proximum.

160 1228 260 1263 Utique
280 1229 352 1257 dicet
375 1229 496 1264 aliquis:
521 1228 606 1263 Atqui
631 1229 683 1256 hoc
711 1230 773 1257 loco
804 1229 914 1257 videtur

125 1281 284 1308 przeponere
299 1274 474 1302 dilectionem
490 1275 677 1309 proximorum
696 1274 835 1302 dilectioni
849 1283 914 1311 erga

125 1320 210 1348 Deum
225 1330 232 1348 :
249 1326 278 1348 et
300 1321 374 1349 hunc
388 1325 464 1356 optat
479 1329 589 1356 negare,
613 1325 642 1348 ut
658 1321 719 1348 illos
734 1321 889 1349 lucrifaciat
905 1331 913 1350 :

124 1366 251 1394 Christus
264 1375 329 1395 vero
343 1367 427 1394 dicit:
442 1376 452 1392 ι
466 1367 517 1400 Qui
531 1371 604 1394 amat
614 1371 719 1402 patrem
737 1372 784 1394 aut
799 1373 914 1396 matrem

124 1421 207 1448 supra
223 1421 277 1446 me,
288 1421 342 1440 non
354 1418 395 1441 est
406 1413 504 1448 dignus
514 1413 547 1439 ‘°.
567 1422 576 1438 ι
588 1413 622 1440 At
637 1420 691 1439 non
705 1417 748 1440 est
764 1413 816 1441 hoc
832 1421 915 1449 supra

123 1458 264 1485 Christum
275 1465 378 1485 amare.
391 1457 458 1485 Nam
473 1457 539 1492 quid
549 1461 608 1484 erat
619 1457 680 1485 illos
692 1458 804 1485 amare?
816 1465 916 1494 nempe

124 1503 274 1531 familiares
301 1503 362 1530 illos
388 1503 497 1530 etliccre
527 1502 648 1531 Christo.
675 1503 819 1536 Quomodo
849 1511 914 1539 ergo

125 1554 218 1584 posset
238 1550 301 1577 illos
320 1557 412 1576 amare
437 1556 520 1584 supra
545 1549 696 1582 Christum,
719 1557 781 1577 cum
800 1550 862 1578 illos
880 1551 914 1578 ad

124 1595 227 1623 Christi
243 1603 365 1623 amorem
380 1602 412 1622 ac
424 1595 610 1622 obedientiam
632 1597 741 1623 trahere
761 1596 915 1624 studebat?

125 1641 209 1676 Magis
225 1641 300 1669 enim
317 1645 359 1668 est
371 1641 486 1668 verbum
501 1641 570 1676 ejus,
591 1642 637 1676 qui
650 1642 779 1669 eximium
794 1643 915 1670 ostendit

125 1695 246 1716 amorem
264 1695 344 1722 quem
358 1687 477 1714 habebat
488 1695 552 1722 erga
566 1688 717 1720 Christum,
733 1689 861 1722 quoniam
877 1689 914 1715 si-

125 1733 216 1760 mulet
224 1733 292 1760 alios
310 1733 342 1759 ad
355 1731 445 1766 ipsum
457 1732 624 1766 impellebat.
638 1732 734 1765 Recte,
752 1733 849 1767 inquit,
861 1733 914 1760 nisi

126 1780 247 1814 seipsum
274 1786 288 1805 a
311 1778 421 1806 Christo
443 1782 595 1813 separaret.
618 1779 734 1806 dicens:
760 1788 768 1804 ι
792 1779 915 1814 Optarim

125 1833 176 1859 ego
189 1825 257 1859 ipse,
271 1833 280 1850 ›
297 1829 349 1851 etc.
366 1823 437 1857 Quid
453 1832 517 1859 ergo
532 1824 673 1852 dicemus?
686 1825 734 1852 Vel
751 1826 824 1860 quod
840 1826 915 1853 nullo

125 1873 208 1900 modo
225 1873 345 1908 seipsum
368 1873 521 1908 scparabat,
542 1880 632 1907 neque
651 1872 724 1899 enim
736 1872 822 1900 dixit:
845 1871 915 1907 Opto

126 1919 178 1947 hoc
201 1919 272 1951 lleri,
293 1919 341 1947 sed
358 1919 485 1946 ardorem
501 1917 664 1946 ostendebat
682 1917 812 1944 desiderii
832 1925 916 1952 quem

125 1974 190 2001 erga
211 1965 351 1993 Christum
372 1964 501 1996 habebat,
520 1972 552 1991 ac
571 1964 692 1991 studium
708 1971 763 1999 quo
779 1971 807 1991 se
823 1964 916 1999 despi-

125 2011 226 2043 ciebat,
244 2016 274 2038 ut
290 2018 386 2038 omnes
400 2010 434 2037 ad
453 2010 541 2045 ipsum
561 2010 721 2041 adduceret,
743 2010 914 2045 maximeque

125 2059 243 2086 Judaeos.
262 2057 329 2084 Nam
345 2061 372 2084 et
390 2056 418 2084 hi
436 2056 543 2092 cognati
564 2060 642 2084 erant
657 2059 685 2083 et
699 2056 848 2091 plurimum
871 2063 915 2083 re-

127 2105 270 2132 sistebant.
284 2103 347 2131 Haec
362 2103 445 2138 igitur
459 2102 555 2130 volens
567 2102 766 2134 demonstrare,
778 2102 846 2130 dicit
863 2111 868 2129 :
887 2101 916 2130 Si

126 2149 257 2185 possibile
276 2153 359 2181 esset,
374 2153 405 2175 ut
424 2156 474 2183 per
484 2155 571 2175 meam
582 2147 764 2183 perditionem
784 2147 917 2183 gloriﬁca-

126 2201 237 2224 caretur
256 2195 383 2223 Christus
396 2199 425 2222 et
438 2193 524 2221 Judaei
546 2193 613 2221 salvi
631 2193 738 2225 ﬁerent,
755 2201 844 2228 neque
864 2193 916 2221 hoc

126 2244 317 2270 detrectarem.
334 2240 475 2275 Siquidem
489 2239 617 2274 optarim,
634 2239 733 2273 inquit,
748 2239 770 2266 si
786 2239 916 2274 possibile

125 2292 208 2320 esset,
222 2287 244 2314 si
260 2287 366 2318 liceret,
383 2286 406 2313 si
422 2285 489 2312 mihi
505 2285 564 2312 haec
573 2285 649 2319 optio
664 2284 777 2311 daretur
792 2293 799 2312 :
816 2285 914 2313 Utrum

126 2335 205 2369 cupis
228 2333 320 2361 dirimi
340 2341 354 2359 a
368 2331 489 2362 Christo.
505 2335 536 2358 ut
549 2331 639 2358 omnis
660 2331 736 2358 natio
758 2332 915 2360 Iudaeorum

126 2381 250 2412 uniatur,
275 2378 458 2412 Christusque
477 2377 654 2413 gloriﬁcatur,
670 2383 697 2405 ct
719 2378 916 2413 promissiones

127 2427 216 2453 Patris
226 2425 417 2460 compleantur
431 2423 443 2450 ?
458 2431 492 2451 an
511 2424 537 2450 iu
554 2423 605 2451 hac
617 2423 719 2450 unione
734 2431 805 2456 esse,
833 2428 863 2450 ut
876 2423 916 2450 sic

127 2475 183 2498 tota
196 2471 271 2498 natio
286 2469 595 2503 Judaeorum,seditiose
615 2473 676 2505 agat
698 2477 730 2496 ac
753 2469 916 2504 separetur?

127 2518 149 2544 si
174 2524 240 2553 ergo
270 2516 327 2544 haec
353 2522 592 2551 proponerentur,
619 2516 788 2551 pneferrem,
815 2515 915 2549 inquit,

125 2562 228 2590 Christi
251 2562 364 2597 gloriam
385 2561 590 2597 multorumque
615 2561 731 2589 salutem
745 2567 826 2594 quam
852 2567 918 2594 pro-

127 2608 226 2642 priam.
244 2607 327 2635 Vides
341 2607 473 2634 eximium
485 2607 588 2635 Christi
605 2613 727 2633 amorem
742 2605 754 2631 ?
770 2604 916 2639 Postquam

127 2655 161 2680 ab
184 2654 312 2681 omnibus
334 2661 394 2689 quae
415 2658 489 2686 sunt,
513 2652 617 2680 Christi
637 2658 759 2678 amorem
787 2650 917 2683 ostendit,

127 2701 252 2727 eumdem
276 2707 350 2727 nunc
374 2699 545 2727 demonstrat
565 2697 599 2725 ab
621 2697 665 2724 his
682 2704 742 2731 qua:
761 2703 816 2722 non
842 2699 916 2728 sunt,

127 2753 174 2773 sex
187 2746 263 2781 juxta
279 2745 453 2782 hypothesim
465 2753 513 2780 per
526 2743 695 2770 intellectum
713 2746 915 2777 supponuntur.

965 228 1009 246 νον
1025 221 1159 252 ἑκουσίως
1172 221 1330 257 χωρίζεται,
1345 222 1412 249 ἀλλὰ
1426 223 1474 250 καὶ
1489 223 1621 258 ἐπιθυμεῖ
1631 223 1681 250 καὶ
1692 224 1754 249 ἐπι-

963 267 1051 302 ζητεῖ.
1065 267 1113 293 καὶ
1127 267 1236 303 εὔχεται
1249 269 1415 305 χωρισθῆναι
1428 270 1600 307 τῆςξάγάτπις
1624 269 1671 296 τοῦ
1685 270 1755 304 Χριο

965 313 1039 342 στοῦ,
1055 314 1200 349 «Ηὺχόμην
1212 314 1276 349 γὰρ,
1289 315 1471 350 φησὶν,αὺτδς
1486 315 1542 349 ἐγὼ
1549 315 1672 350 ἀνάθεμα
1683 313 1753 342 εἶναι

963 360 1017 386 ἀπὸ
1029 359 1076 385 τοῦ
1089 359 1219 394 Χριστοῦ.
1232 370 1240 386 ι
1250 359 1571 395 Τίοῦνέστιτοῦτο;[]ῶς
1578 361 1753 397 συμϐήσεται

963 407 1054 432 τάἀσύ
1059 406 1191 443 μ6α[ν]τα
1201 416 1209 440 ;
1218 407 1328 441 Πρῶτον
1336 408 1385 443 μέν
1395 416 1485 442 φαμεν
1494 409 1537 435 ὅτι
1545 408 1594 435 οὐκ
1600 407 1659 434 ἐστι
1665 407 1754 434 ταῦτα

964 452 1084 479 ἐναντία.
1105 452 1142 479 Οὐ
1157 452 1211 487 γάρ
1228 454 1302 479 ἐστιν
1322 453 1442 480 ἐναντίον
1457 454 1487 480 τὸ
1502 454 1613 488 ἀγαπᾷν
1627 453 1674 479 τὸν
1684 453 1754 488 Χρι-

965 500 1027 525 στὸν
1040 498 1138 530 οὕτως,
1152 497 1223 525 ὥστε
1245 500 1314 533 μήτε
1330 499 1374 526 διὰ
1388 499 1536 532 κολάσεως,
1555 500 1623 534 μήτε
1634 499 1669 525 δι’
1687 499 1755 525 ὐπο-

965 546 1084 580 σχέσεως
1102 546 1192 580 πάσης
1207 545 1374 580 ἀφίστασθαι
1403 545 1452 580 τῆς
1468 545 1579 580 ἀγάπης
1592 545 1688 577 αὑτοῦ,
1707 546 1755 571 καὶ

963 592 994 618 τὸ
1008 593 1119 627 ἀγαπᾷν
1146 592 1191 618 τὸν
1214 592 1328 625 πλησίον
1341 591 1438 623 οὕτως.
1460 591 1532 618 ὥστε
1548 591 1597 626 τὴν
1615 590 1756 625 σωτηρίαν

965 639 1054 665 αὐτῶν
1069 639 1130 673 ίσην
1143 639 1189 665 καὶ
1203 637 1313 672 μείζονα
1323 640 1372 674 τῆς
1387 637 1454 669 ἰδίας
1463 637 1590 673 ἡγεῖσθαι
1604 637 1755 672 σωτηρίας.

965 685 1070 711 Οὐκοῦν
1085 684 1174 712 ταῦτα
1190 685 1309 716 ἐναντία,
1325 683 1394 711 ἀλλὰ
1409 684 1457 710 καὶ
1472 683 1572 718 μᾶλλον
1592 683 1755 717 συνᾴδοντα.

971 730 1000 758 'O
1015 730 1069 766 γὰρ
1086 730 1202 764 ἀγαπῶν
1223 730 1268 756 τὸν
1284 729 1399 764 ἀδελφὸν
1415 728 1510 761 αὑτοῦ,
1529 729 1625 763 ἀγαπᾷ
1643 727 1691 754 καὶ
1706 727 1754 753 τὸν

965 777 1115 811 Δεσπότην,
1128 776 1175 803 καὶ
1191 775 1321 811 ἔμπαλιν.
1341 785 1350 801 ι
1366 775 1421 802 Καὶ
1445 776 1474 802 ἐν
1499 774 1588 810 τούτῳ
1602 773 1756 808 γνώσονται

965 824 1066 855 πάντες
1078 822 1193 858 ὃτιέμοὶ
1221 821 1342 857 μαθηταί
1362 822 1436 853 ἐστε,
1461 821 1508 847 ἐὰν
1530 820 1655 854 ἀγαπᾶτε
1669 819 1756 853 ἀλλή-

964 871 1036 901 λους.
1057 878 1067 895 ›
1082 869 1139 896 Καὶ
1153 868 1234 899 αὐτὸς
1257 869 1271 894 ὁ
1297 867 1402 899 Παῦλός
1417 875 1484 902 φησι
1501 874 1508 881 ·
1532 875 1541 892 ι
1555 865 1696 902 Πλήρωμα
1706 863 1756 891 τοῦ

964 917 1059 951 νόμου,
1078 916 1095 950 ἡ
1111 914 1216 949 ἀγάπη.
1241 923 1250 940 ›
1265 913 1321 940 Καὶ
1336 913 1350 940 δ
1365 912 1468 948 Κύριος
1479 911 1560 939 πάλιν
1570 911 1634 946 περὶ
1649 910 1700 945 τῆς
1715 911 1758 941 εἰς

964 962 1031 989 Θεὸν
1043 961 1155 996 ἀγάπης
1166 960 1213 988 καὶ
1226 960 1276 995 τῆς
1288 959 1327 991 είς
1339 959 1384 986 τδν
1399 958 1524 993 πλησίον,
1538 967 1547 983 ι
1565 957 1611 984 Ἐν
1626 955 1756 989 ταύταις,

965 1009 1044 1044 φησὶ,
1060 1009 1121 1040 ταῖς
1137 1007 1214 1034 δυσὶν
1228 1006 1362 1038 ἐντολαῖς,
1377 1005 1436 1038 ὅλος
1448 1005 1462 1032 ὁ
1472 1005 1561 1041 “νόμος
1576 1003 1624 1031 καὶ
1648 1004 1672 1030 οἱ
1688 1011 1758 1038 προ-

965 1056 1059 1092 φῆται,
1078 1065 1087 1082 ι
1101 1056 1138 1087 ὡς
1151 1054 1300 1090 κεφάλαιον
1326 1052 1421 1084 οῦσαις
1448 1052 1502 1078 τῶν
1529 1051 1617 1078 ἄλλων
1630 1050 1757 1082 πάντων,

964 1103 1013 1138 τῆς
1026 1111 1056 1129 τε
1069 1102 1109 1134 είς
1124 1101 1191 1128 Θεὸν
1207 1100 1255 1128 καὶ
1269 1100 1318 1134 τῆς
1333 1100 1371 1131 είς
1383 1099 1428 1125 τδν
1442 1097 1556 1134 πλησίον
1568 1097 1690 1131 ἀγάπης.

999 1235 1064 1268 Ναὶ,
1078 1234 1172 1269 φησὶν,
1187 1232 1246 1260 ἁλλ’
1264 1230 1381 1258 ἐνταῦθα
1393 1229 1534 1266 προκρίνει
1550 1229 1597 1263 τὴν
1611 1227 1665 1255 τῶν
1686 1227 1758 1262 πλη-

966 1281 1024 1308 σίον
1037 1280 1159 1314 ἀγάπην,
1178 1278 1228 1313 τῆς
1242 1276 1312 1312 πρὸς
1328 1276 1374 1302 τὸν
1388 1275 1465 1307 Θεδν,
1478 1274 1526 1302 καὶ
1535 1273 1643 1310 εὔχεται
1651 1273 1759 1300 ἐκεῖνον

965 1325 1188 1362 ἀπαρνήσασθαι,
1214 1323 1263 1350 τοῦ
1281 1322 1403 1353 ἐκείνους
1421 1320 1563 1356 κερδῆσαι.
1585 1320 1615 1346 '0
1637 1319 1665 1345 δέ
1685 1319 1758 1353 Χρι-
1793 1353 1798 1355 _

967 1375 1028 1406 στὸς
1043 1373 1135 1409 φησὶν,
1152 1382 1162 1399 (
1180 1372 1209 1399 '0
1225 1370 1310 1406 φιλῶν
1324 1369 1431 1405 πατέρα
1449 1369 1466 1404 ἢ
1484 1368 1590 1404 μητέρα
1607 1367 1677 1402 ὑπὲρ
1692 1366 1757 1402 ἐμὲ,

969 1422 1019 1448 οὐκ
1037 1420 1095 1447 ἐστι
1124 1428 1175 1454 μου
1197 1417 1282 1451 ἄξιος.
1299 1427 1308 1443 ι
1322 1416 1394 1444 Ἀλλ’
1415 1416 1466 1442 οὐκ
1489 1415 1546 1442 ἐστι
1567 1413 1646 1441 τοῦτο
1667 1413 1760 1448 φιλεῖν

967 1467 1037 1503 ὑπὲρ
1053 1467 1099 1493 τδν
1123 1464 1252 1500 Χριστόν.
1274 1464 1307 1490 Τί
1323 1463 1377 1499 γὰρ
1400 1459 1434 1498 ἦν
1457 1462 1488 1489 τὸ
1503 1462 1590 1496 φιλεῖν
1615 1460 1758 1492 ἐκείνους;

928 1513 951 1545 C
966 1514 1003 1540 Τὸ
1021 1510 1076 1540 οἷον
1091 1511 1231 1538 οἰκειῶσαι
1247 1509 1345 1542 αὐτοὺς
1367 1508 1406 1544 τῷ
1420 1507 1541 1544 Χριστῷ.
1558 1506 1620 1539 Πῶς
1636 1504 1683 1533 οὖν
1697 1506 1759 1532 ἐστι

967 1559 1055 1594 φιλεῖν
1070 1557 1191 1589 ἐκείνους
1215 1556 1285 1590 ὑπὲρ
1306 1555 1353 1582 τὸν
1374 1553 1502 1589 Χριστὸν,
1525 1553 1593 1579 ὅπου
1611 1551 1759 1582 κάκείνους

966 1606 1006 1636 είς
1021 1603 1071 1639 τὴν
1095 1603 1184 1637 φιλίαν
1203 1601 1251 1629 καὶ
1276 1600 1399 1635 ὑπακοὴν
1429 1598 1542 1626 ἑλκύσαι
1565 1596 1677 1624 ἔσπευδε
1708 1595 1757 1623 τοῦ

966 1649 1102 1685 Χριστοῦ;
1123 1649 1233 1676 Μᾶλλον
1256 1647 1312 1682 γὰρ
1326 1644 1526 1676 ἐπιδεικνύντος
1546 1644 1596 1679 τὴν
1615 1642 1758 1678 ὑπερϐάλ-

966 1697 1064 1723 λουσαν
1079 1695 1189 1729 ἀγάπην
1203 1694 1237 1729 ἢν
1249 1690 1321 1727 εἶχεν
1333 1692 1372 1723 εἰς
1384 1690 1512 1726 Χριστὸν,
1526 1690 1568 1716 ὅτι
1581 1687 1627 1715 καὶ
1644 1688 1758 1722 ἐτέρους

967 1741 1132 1776 συνήλαυνεν
1153 1740 1192 1771 είς
1212 1738 1302 1766 αὐτόν.
1329 1737 1394 1770 Ναὶ,
1413 1735 1507 1770 φησὶν,
1525 1735 1548 1761 εί
1567 1735 1604 1770 μὴ
1623 1732 1757 1769 ἐχώριζεν

967 1788 1062 1815 ἐαυτὸν
1074 1787 1121 1814 τοῦ
1139 1785 1270 1821 Χριστοῦ,
1285 1783 1388 1818 λέγων·
1406 1791 1415 1808 ι
1430 1782 1559 1816 Ηὺχόμην
1571 1780 1651 1811 αὐτὸς
1665 1779 1733 1813 ἐγὼ.
1745 1788 1755 1805 ι

966 1833 1014 1861 καὶ
1042 1832 1115 1867 ἑξῆς.
1139 1831 1172 1857 Τί
1195 1828 1241 1857 οὖν
1258 1837 1364 1864 φαμεν;
1383 1828 1419 1855 Ἦ
1445 1827 1486 1854 ὃτι
1508 1827 1546 1862 μὴ
1564 1826 1679 1860 γένοιτο1
1706 1825 1759 1851 οὐκ

967 1879 1113 1916 ἐχώριζεν·
1133 1877 1163 1904 οὺ
1182 1877 1237 1912 γὰρ
1256 1874 1343 1908 εἶπεν,
1371 1873 1494 1909 Εὗχομαι
1521 1871 1600 1898 τοῦτο
1616 1870 1757 1906 γενέσθαι,

969 1925 1040 1952 ἀλλὰ
1057 1924 1088 1951 τὺ
1102 1922 1234 1957 διάπυρον
1250 1920 1297 1947 τοῦ
1312 1919 1394 1946 πόθου
1409 1919 1477 1953 ὅπερ
1491 1917 1559 1952 πρὸς
1574 1916 1618 1943 τὸν
1638 1915 1759 1951 Χριστὸν

967 1968 1051 2005 εἶχεν,
1064 1969 1113 1996 καὶ
1127 1967 1177 2003 τὴν
1192 1965 1309 2001 σπουδὴν
1324 1966 1357 2000 ἣν
1379 1963 1558 1991 κατεϐάλλετο
1576 1963 1615 1994 είς
1628 1962 1659 1988 τὺ
1672 1970 1758 1997 προσ-

968 2015 1084 2050 αγαγεῖν
1101 2013 1206 2044 πάντας
1219 2010 1304 2046 αὐτῷ,
1320 2010 1367 2037 καὶ
1381 2009 1499 2045 μάλιστα
1511 2009 1574 2040 τοὺς
1589 2007 1736 2038 Ἰουδαίους
1749 2014 1757 2022 ⁸

968 2059 1041 2090 οὗτοι
1055 2061 1110 2096 γὰρ
1134 2059 1183 2086 καὶ
1197 2057 1348 2092 συγγενεῖς,
1358 2057 1406 2082 καὶ
1422 2056 1538 2091 μάλιστα
1549 2054 1758 2085 ἁντιπίπτοντες

968 2108 1127 2144 ἐτύγχανον.
1150 2103 1244 2132 Ταῦτα
1261 2101 1308 2130 οὖν
1322 2102 1497 2138 παραστῆσαι
1513 2100 1686 2136 βουλόμενος,
1705 2108 1759 2135 φη-

969 2154 1022 2188 σὶν,
1040 2154 1080 2181 ὃτι
1097 2153 1129 2180 Εί
1146 2149 1181 2186 ἦν
1192 2149 1304 2178 δυνατὸν
1319 2148 1364 2175 διὰ
1378 2147 1429 2182 τῆς
1448 2147 1517 2182 ἐμῆς
1531 2145 1667 2177 ἀπωλείας
1680 2144 1760 2176 δοξα-

970 2200 1068 2234 σθῆναι
1092 2198 1138 2225 τδν
1167 2196 1285 2232 Χριστὸν
1311 2194 1358 2222 καὶ
1382 2193 1503 2228 σωθῆναι
1520 2193 1584 2224 τοὺς
1600 2191 1757 2224 Ἰουδαίους,

970 2245 1033 2273 οὐδὲ
1054 2243 1134 2271 τοῦτο
1148 2242 1182 2270 ἃν
1201 2240 1416 2277 παρῃτησάμην.
1435 2238 1565 2274 Ηὺχόμην
1580 2237 1643 2273 γὰρ,
1662 2237 1758 2271 φησὶν,

969 2293 994 2319 εί
1009 2289 1150 2326 ἐνεχώρει,
1171 2288 1195 2314 εί
1217 2287 1364 2321 ἐνεδέχετο,
1377 2286 1403 2312 εί
1423 2294 1463 2316 τις
1479 2293 1524 2319 μοι
1546 2283 1649 2318 ταύτην
1669 2282 1758 2309 ἐδίδου

969 2337 1018 2372 τὴν
1036 2336 1153 2370 αἵρεσιν.
1169 2333 1286 2368 Πότερον
1297 2331 1386 2367 βούλει
1401 2330 1541 2365 διαστῆναι
1564 2328 1695 2364 Χριστοῦ,
1715 2328 1759 2355 ἵνα

970 2383 1025 2408 πᾶν
1041 2380 1071 2408 τὺ
1091 2379 1226 2406 Ἰουδαίων
1243 2378 1318 2410 ἔθνος
1339 2377 1437 2413 ἐνωθῇ,
1462 2377 1509 2403 καὶ
1523 2375 1638 2410 δοξασθῇ
1653 2375 1668 2401 ό
1689 2374 1760 2410 Χρι-

972 2426 1045 2458 στὸς,
1063 2426 1111 2451 καὶ
1121 2424 1301 2459 πληρωθῶσιν
1311 2424 1338 2450 αί
1351 2423 1514 2457 ἐπαγγελίαι
1531 2422 1578 2449 τοῦ
1598 2422 1705 2458 Πατρός
1717 2431 1725 2454 ς
1739 2422 1757 2458 ἢ

970 2471 1090 2505 ἐνταύτῃ
1102 2471 1135 2505 τῇ
1144 2469 1237 2496 ἐνώσει
1247 2467 1351 2505 [si-lat],
1360 2468 1403 2495 ἵνα
1413 2468 1444 2495 τὸ
1452 2467 1586 2495 Ἰουδαίων
1600 2468 1676 2499 ἔθνος
1689 2477 1759 2496 στα-

972 2516 1054 2552 σιάζῃ
1074 2515 1121 2542 καὶ
1145 2515 1289 2547 διίσταται,
1311 2515 1358 2541 καὶ
1373 2513 1568 2549 βλασφημῆται
1589 2515 1603 2540 ὸ
1619 2514 1757 2549 Χριστόςς

970 2561 1002 2587 Et
1029 2561 1076 2587 οῦν
1096 2559 1182 2586 ταῦτα
1198 2559 1346 2594 προετίθει,
1363 2559 1536 2594 προετίμησα
1556 2558 1599 2590 ἂν,
1612 2558 1690 2592 φησὶ,
1706 2559 1758 2594 τὴν

970 2606 1050 2638 δόξαν
1068 2605 1186 2641 Χριστοῦ
1207 2605 1255 2631 καὶ
1269 2605 1318 2640 τὴν
1340 2604 1393 2631 τῶν
1415 2604 1520 2630 πολλῶν
1540 2604 1687 2639 σωτηρίαν,
1705 2604 1758 2639 τῆς

972 2653 1049 2684 ἰδίας.
1062 2651 1138 2684 Εἶδες
1151 2651 1303 2687 ὑπερϐολὴν
1317 2651 1483 2686 ἀγαπήσεως
1492 2650 1610 2685 Χριστοῦ
1621 2659 1628 2683 ;
1645 2650 1757 2686 Ἐπειδὴ

970 2699 1001 2724 ἐκ
1025 2697 1079 2724 τῶν
1105 2697 1190 2724 ὕντων
1204 2696 1313 2723 πάντων
1327 2696 1377 2730 τὴν
1401 2695 1511 2731 ἀγάπην
1526 2694 1681 2726 ἐπεδείξατο
1706 2695 1755 2722 τοῦ

969 2744 1099 2779 Χριστοῦ,
1116 2741 1164 2769 νῦν
1189 2743 1237 2769 καὶ
1257 2743 1290 2768 ὲκ
1304 2741 1358 2768 τῶν
1375 2740 1412 2776 μὴ
1426 2741 1512 2768 ὄντων
1527 2741 1587 2776 μὲν,
1602 2739 1663 2767 καθ’
1685 2740 1755 2768 ὑπό-

163 2835 184 2851 ³⁷
197 2835 275 2864 Joan.
293 2842 352 2868 xui,
366 2836 411 2863 δι.
450 2836 471 2853 ⁸⁸
487 2835 565 2863 Rom.
581 2843 637 2869 xm,
658 2835 698 2862 10.
737 2835 758 2851 ³³
774 2833 869 2862 Matth.
887 2842 914 2862 xx

981 2835 1013 2862 κο.
1051 2834 1072 2850 δ’
1089 2833 1185 2861 Matth.
1202 2841 1228 2866 ι,
1249 2832 1292 2860 57.
