1878 3054
102 141 155 172 501

633 137 825 169 COMMENT.
843 137 883 167 IN
908 135 1026 166 EPIST.
1046 135 1096 165 AD
1115 135 1207 166 ROM.
1677 134 1728 164 502

101 198 179 223 θισιν
202 196 231 222 δὲ
257 195 482 231 λαμὸανομένων,
501 194 546 221 διὰ
569 195 615 220 τοῦ
630 195 766 228 νοήματος
794 194 888 220 τούτου

987 200 1026 219 am
1039 193 1121 220 etiam
1134 193 1261 225 salutem,
1283 192 1371 227 inquit
1386 192 1413 218 in
1436 189 1579 225 hypothesi
1591 189 1626 216 ob
1642 189 1728 224 ipsius

101 243 206 277 ταύτην
232 241 405 277 παρίστησιν,
420 241 461 268 ὃτι
478 241 532 267 Καὶ
547 240 596 274 τὴν
623 242 692 274 ἐμὴν
709 239 846 274 σωτηρίαν
861 240 888 264 ἐν

103 287 243 317 ὑποθέσει,
261 286 331 321 ὑπὲρ
351 286 399 320 τῆς
416 285 495 320 δόξης
518 285 600 311 αὑτοῦ
619 284 730 318 καὶτῆς
745 284 785 315 είς
809 283 890 309 αὐτὸν

102 333 157 360 τῶν
169 332 305 359 Ἰουδαίων
317 331 497 366 ἐπιστροφῆς,
510 330 701 365 κατεϐαλόμην
715 330 756 356 ἄν.
769 329 823 355 Καὶ
837 328 891 363 γὰρ

102 379 276 413 διιστάμενος
301 377 405 408 Παῦλος
425 377 498 410 ὑπὲρ
526 377 576 411 τῆς
606 377 684 409 δόξης
706 375 751 402 τοῦ
772 374 891 410 Χριστοῦ

103 426 150 452 καὶ
164 425 216 460 τῆς
229 425 258 450 ὲν
274 424 348 459 αὐτῷ
363 423 417 450 τῶν
431 423 567 450 Ἰουδαίων
581 422 716 454 ὲνὼσεως,
732 423 796 456 ῥᾷον
812 421 892 448 πάλιν

103 470 204 506 ήνοῦτο
222 471 268 496 καὶ
284 469 446 503 συνήπτετο,
462 468 555 503 ὥσπερ
570 477 611 499 τις
628 468 717 497 πῶλος
733 467 829 501 μικρὸν
843 467 892 500 τῆς

105 514 210 549 μητρὸς
235 513 421 544 ἁποστιασθείς
437 521 444 528 ·
461 514 508 539 καὶ
531 512 617 544 οὕτως
645 513 728 538 πάλιν
753 513 834 543 αὐτὸς
862 520 893 537 τε

103 559 234 592 ἐσώζετο,
253 560 299 586 καὶ
315 561 329 586 ὸ
340 559 456 594 Χριστὸς
471 559 518 585 ἐπὶ
536 558 616 584 πλέον
634 558 784 590 ἐδοξάζετο.
800 557 847 584 καὶ
863 557 893 584 τὺ

111 605 248 632 Ἰουδαίων
266 606 341 637 ἔθνος
354 605 482 636 ἐσώζετο,
494 605 541 632 καὶ
558 606 585 632 αῖ
598 605 726 639 διαθῆκαι
743 605 790 631 καὶ
809 605 895 639 ἐπαγ-

106 652 196 685 γελίαι
222 652 263 683 εἰς
292 652 377 686 πέρας
398 651 522 686 ἤρχοντο.
546 651 656 678 Μᾶλλον
679 651 718 684 δὲ,
740 650 826 682 οὕτως
848 651 895 677 καὶ

105 698 152 724 ἐπὶ
170 697 276 728 τούτοις
298 697 479 732 διιστάμενος,
504 697 534 724 οὐ
562 697 697 728 διίστατο,
720 697 788 724 ἀλλὰ
814 696 894 722 πλέον

106 744 214 777 ἡνοῦτο.
234 743 269 769 Ἦ
287 743 316 770 οὐ
341 743 413 769 δοκεῖ
438 751 479 769 σοι
500 743 543 769 ὅτε
559 743 690 778 Τιμόθεον
721 742 895 778 περιέτεμεν,

107 789 150 815 ὅτε
174 789 257 821 αὑτὸς
284 789 424 824 ἡγνίσατο,
437 790 481 815 ὅτε
502 789 536 815 τά
564 788 611 815 τοῦ
637 787 724 822 νόμου
745 788 831 814 ἐτέλει
847 789 896 821 τὴν

942 239 1055 274 gloriam
1065 242 1093 265 et
1102 238 1258 266 Iudaeorum
1270 237 1303 265 ad
1320 238 1407 272 ipsum
1418 236 1625 264 conversionem
1637 235 1729 262 omni-

943 293 979 312 no
991 285 1168 319 negligerem.
1190 284 1300 311 Etenim
1317 287 1459 318 separatus
1471 283 1571 310 Paulus
1589 290 1637 316 pro
1650 281 1730 308 Chri-

942 330 977 358 sti
990 330 1076 366 gloria
1090 330 1318 357 etIndmorumin
1332 330 1391 364 ipso
1402 329 1513 360 unione,
1530 328 1608 354 facile
1619 335 1728 354 rursum

945 375 1069 402 uniretur
1094 383 1126 402 ac
1149 376 1381 410 conjungcrctur,
1399 374 1479 409 322
1499 372 1729 408 quemadmodum

943 421 1035 455 pullus
1049 421 1148 456 aliquis
1161 421 1300 456 paululum
1318 429 1332 447 a
1343 425 1430 447 matre
1445 420 1593 447 distractus
1612 427 1618 445 :
1642 423 1670 445 et
1693 418 1731 445 ita

944 475 1054 494 rursum
1079 467 1137 502 ipse
1157 467 1249 494 salvus
1265 467 1352 499 fleret,
1370 473 1402 493 ac
1412 465 1538 492 Christus
1549 463 1634 498 magis
1649 463 1732 498 glori-

944 517 1063 545 caretur,
1079 520 1221 548 genusque
1240 513 1397 540 Iudaeorum
1421 511 1593 539 salvaretur:
1609 515 1636 537 et
1650 514 1733 536 testa-

944 563 1069 585 mentum
1092 565 1124 585 ac
1142 558 1338 592 promissiones
1358 557 1390 584 ad
1415 556 1495 583 linem
1518 555 1731 583 deducerentur.

945 601 1016 635 Quin
1032 602 1123 637 potius
1136 602 1172 629 ita
1186 607 1214 630 et
1231 606 1343 637 propter
1358 601 1416 628 haec
1429 601 1544 630 divisus.
1559 607 1613 626 non
1629 599 1733 625 divide-

946 652 1032 679 retur,
1063 648 1108 675 sed
1135 648 1221 683 magis
1253 647 1389 675 uniretur.
1417 647 1513 674 Annon
1549 645 1597 672 tibi
1625 645 1733 671 vidrtur

945 693 1056 728 quando
1076 693 1249 721 Timotheum
1274 693 1458 724 circumcidit,
1482 691 1592 726 quando
1610 691 1736 725 expiatus

945 743 998 770 est,
1015 739 1126 773 quando
1140 747 1171 765 ea
1183 746 1243 773 qua
1257 738 1324 773 legis
1338 743 1401 764 sunt
1418 737 1577 772 perficiebat
1593 744 1654 763 cum
1675 743 1735 770 gra-

947 785 1012 812 tiam
1038 784 1210 820 praedicaret,
1239 783 1441 818 quodammodo
1464 782 1596 809 adversus
1621 780 1734 813 gratiam

108 836 189 870 χάριν
212 835 368 870 κηρύσσων,
383 836 424 862 ὅτι
453 835 554 870 τρόπον
576 834 636 861 τινὰ
659 835 726 869 πρὸς
742 835 792 868 τὴν
816 835 896 870 χάριν

987 830 1053 857 risus
1061 837 1121 857 esse
1132 829 1289 860 videbatur,
1300 829 1408 862 sibique
1422 834 1574 862 repugnare
1585 827 1592 853 ι
1605 826 1639 852 At
1648 833 1736 859 neque

109 867 198 908 ίόάκει
225 867 392 914 διίστασθαι,
418 867 579 915 καὶ-ἐαυτῷ
604 867 898 912 ὲναντ-ιοῦσθαιίῖΑλλ*

987 876 1055 903 risus
1069 880 1137 906 erat.
1155 883 1244 910 neque
1262 874 1314 902 sibi
1330 873 1381 908 ipsi
1397 873 1603 900 adversabatur.
1619 871 1660 898 0h
1673 879 1736 905 gra-

109 927 169 954 οὖτε
180 927 310 960 διίστατο,
326 927 389 954 οὔτε
406 927 495 962 ἑαυτῴ
507 927 675 963 ἠναντιοῦτο.
686 927 777 961 ’Υπὲρ
788 928 840 961 γὰρ
851 927 899 960 τῆς

110 974 232 1009 χάριτος,
240 975 286 1001 καὶ
297 974 344 1001 τοῦ
362 975 547 1010 προσαγαγεῖν
557 975 660 1006 πάντας
670 974 710 1009 τῷ
721 973 841 1008 Χριστῷ,
854 974 900 1000 καὶ

112 1021 200 1047 ταῦτα
223 1021 316 1047 καὶτὰ
333 1021 400 1047 ἄλλα
418 1020 565 1056 σύμπαντα
583 1020 711 1056 ἔπραττε.
725 1020 809 1046 Τοῦτό
827 1020 900 1046 ἐστιν

109 1065 220 1101 ἀγάπης
234 1065 313 1098 ἀξίας
331 1064 459 1100 Χριστοῦ,
472 1065 550 1091 τοῦτό
566 1065 626 1091 ἐστι
637 1064 726 1099 ψυχῆς
735 1063 799 1097 ὅλης
813 1062 900 1089 διόλου

109 1112 148 1143 είς
165 1111 211 1138 τὸν
231 1110 312 1138 πόθον
329 1111 552 1146 ἀναφλεγομένης
569 1110 616 1137 τοῦ
632 1109 764 1146 Χριστοῦ.

147 1157 256 1188 Ἀλλως
271 1166 301 1184 τε
316 1157 354 1190 δὲ,
366 1157 425 1184 οὐδὲ
441 1157 513 1191 λέγει
534 1156 658 1191 ἀνάθεμα
676 1154 813 1190 γενέσθαι,
826 1163 902 1182 τουτ-

111 1205 186 1231 έστιν
203 1203 259 1231 ἀπὸ
275 1203 322 1230 τοῦ
348 1202 396 1230 νῦν
423 1202 506 1230 αὐτοῦ
532 1201 702 1238 χωρισθῆναι
726 1200 822 1235 (τοῦτο
847 1201 902 1236 γὰρ

112 1249 344 1286 ἁπευκτότατον),
360 1249 428 1276 ἀλλὰ
439 1249 564 1284 ἀνάθεμα
580 1246 660 1278 εἶναι.
678 1247 801 1274 τουτέστι
813 1256 902 1282 κεχω-

113 1296 242 1330 ρισμένος
265 1295 305 1322 ἑτι
324 1293 406 1327 εἶναι,
435 1295 482 1322 καὶ
516 1296 599 1330 μήπω
621 1293 660 1329 τῷ
684 1293 795 1329 Χριστῷ
816 1302 902 1329 προσ-

113 1342 212 1369 ελθεῐν.
227 1341 325 1373 Τοῦτο,
344 1342 439 1376 φησὶν,
453 1341 576 1376 ηὐχόμην
591 1341 636 1372 ἂν,
655 1339 682 1366 τὸ
701 1340 750 1374 ἐμὲ
768 1339 849 1366 αὑτὸν
865 1340 902 1374 μή

114 1397 155 1414 πω
171 1388 330 1423 προσελθεῖν
353 1387 391 1422 τῷ
412 1386 533 1423 Χριστῷ,
552 1386 608 1413 ἀλλ’
624 1386 665 1413 ἔτι
694 1385 901 1421 κεχωρισμένον

113 1436 200 1462 αὑτοῦ
219 1432 302 1468 εἶναι,
319 1435 343 1461 εί
359 1434 441 1461 τοῦτο
454 1434 494 1465 εἰς
522 1433 571 1468 τὴν
586 1433 722 1467 ὑμετέραν
740 1432 842 1458 εῐσοδον
857 1431 904 1458 καὶ

113 1480 209 1507 πίστιν
224 1480 274 1515 τὴν
295 1481 336 1512 είς
356 1480 436 1506 αὐτὸν
455 1479 602 1506 συνετέλει.
621 1476 666 1513 Μὴ
680 1478 733 1513 γὰρ
759 1478 801 1505 ὅτι
819 1485 903 1513 προσ-

113 1527 195 1561 ῆλθον
210 1525 332 1562 Χριστῷ,
344 1525 388 1552 διὰ
399 1525 478 1552 τοῦτο
493 1525 540 1552 καὶ
557 1525 628 1560 ὑμᾶς
641 1533 674 1559 με
691 1522 903 1558 προσκαλεῖσθαι
917 1534 939 1565 C

114 1571 263 1607 νομίσητε,
288 1571 376 1606 φησὶ,
402 1571 450 1598 καὶ
479 1570 532 1606 πρὸ
557 1568 625 1604 ἐμοῦ
649 1569 721 1604 ὑμᾶς
754 1568 904 1603 ἐϐουλόμην

115 1617 302 1653 προσδραμεῖν
317 1616 400 1651 αὐτῷ.
419 1615 485 1643 Εἶτα
505 1617 569 1650 ἑξῆς
584 1615 658 1649 λέγει
675 1615 724 1641 καὶ
739 1615 788 1646 τὰς
804 1613 903 1645 αἰτίας.

119 1674 127 1689 ι
143 1663 231 1695 Αὐτὸς
246 1663 310 1697 ἐγώ.
325 1672 334 1688 ι
349 1663 404 1698 Οὐχ
417 1662 536 1697 ἑτέρους,
548 1662 625 1696 φησὶ,
641 1661 818 1697 προτιμῶμαι
835 1660 905 1694 ὑπὲρ

118 1710 189 1745 ὑμᾶς
209 1710 249 1741 είς
267 1709 298 1735 τδ
315 1708 474 1743 προσελθεῖν
494 1707 532 1742 τῷ
554 1706 676 1743 Χριστῷ,
698 1705 755 1732 ἀλλ’
777 1705 838 1732 οὐδὲ
856 1705 906 1740 ἐμὲ

117 1755 209 1783 αὐτόν.
226 1755 345 1790 Εἱλόμην
359 1755 412 1790 γὰρ
426 1754 459 1781 ἂν
487 1755 572 1789 μήπω
594 1753 753 1789 προσελθεῖν
770 1752 854 1788 αὐτῷ,
874 1753 907 1779 ἂν

118 1803 161 1828 διὰ
183 1801 280 1828 τούτου
297 1802 375 1837 ὑμεῖς
394 1801 593 1837 προσήρχεσθε.
614 1811 622 1827 ε
641 1801 778 1836 ’Δνάθεμα
797 1798 873 1829 εἶναι.
895 1809 904 1826 ι

120 1850 200 1876 Δοκεῖ
217 1850 267 1885 μὲν
284 1849 387 1875 ἐθέλειν
402 1848 472 1884 ὑπὲρ
487 1847 542 1874 τῶν
568 1847 690 1880 ἀδελφῶν
711 1846 825 1873 καὶτῶν
841 1855 907 1880 συγ-

121 1895 208 1928 γενῶν
235 1895 449 1930 ἀλλοτριωθῆναι
475 1893 607 1929 Χριστοῦ.
633 1892 719 1919 Τοῦτο
742 1893 796 1928 γὰρ
821 1893 837 1927 ἠ
859 1893 908 1919 τοῦ

121 1941 293 1976 άναθὲματος
325 1940 450 1975 δύναμις.
479 1940 574 1974 Ὅμως
600 1939 722 1974 ἀκριϐῶς
750 1938 906 1974 θεωροῦντι,

124 1987 276 2022 φανήσεται
305 1987 374 2022 ὑπὲρ
399 1987 449 2020 τῆς
476 1986 588 2021 ἀγάπης
612 1986 659 2013 τοῦ
680 1985 799 2021 Χριστοῦ
823 1985 911 2013 ταῦτα

122 2031 254 2068 εἰρηκώς.
273 2031 351 2064 Πῶς;
370 2031 479 2067 Ἐπειδὴ
495 2030 569 2066 ἐώρα
579 2031 624 2058 τὸν
651 2031 769 2066 Χριστὸν
785 2030 910 2066 βλασφη-

125 2079 261 2115 μούμενον
277 2080 328 2106 ὑπὸ
351 2080 404 2106 τῶν
426 2079 572 2111 Ἰουδαίων,
588 2079 640 2110 ὃτι,
662 2079 758 2114 φησὶν,
775 2078 872 2115 Ἡμεῖς
887 2079 911 2106 oi

124 2125 168 2152 τὸν
181 2126 264 2160 νόμον
292 2126 338 2152 καὶ
354 2125 403 2155 τὰς
421 2124 588 2159 ἐπαγγελίας
602 2123 755 2158 δεξάμενοι,
780 2125 826 2150 καὶ
843 2131 911 2159 προ-

125 2172 245 2206 πάτορες
263 2171 345 2198 αὑτοῦ
366 2170 412 2198 τοῦ
436 2171 564 2206 Χριστοῦ,
580 2170 621 2202 εις
635 2169 681 2202 οὒς
701 2168 735 2206 ἦν
750 2170 766 2205 ἡ
779 2169 910 2200 υἱοθεσία,

951 921 1015 949 tiam
1030 922 1116 952 enim.
1133 926 1217 955 utque
1230 928 1327 948 omnes
1341 919 1453 946 Christo
1467 918 1628 949 adduceret,
1644 917 1700 944 haec
1711 921 1738 943 et

951 969 1003 995 alia
1029 968 1122 995 omnia
1148 967 1275 994 faciebat.
1299 966 1356 993 Hoc
1377 969 1420 992 est
1444 963 1602 992 dilectionis
1626 962 1738 989 Christo

950 1014 1038 1048 digna:
1052 1022 1059 1046 ;
1078 1013 1132 1041 hoc
1144 1016 1187 1040 est
1202 1012 1299 1039 anima:
1318 1011 1454 1038 universa;
1468 1010 1495 1037 in
1509 1009 1610 1037 Christi
1627 1007 1734 1035 deside-

951 1058 1024 1084 rium
1036 1057 1144 1085 abunde
1157 1056 1340 1084 inﬂammatae.

987 1146 1105 1180 Alioqui,
1132 1153 1221 1181 neque
1241 1145 1318 1177 dicit.
1346 1145 1491 1172 anathema
1515 1143 1585 1176 ﬁeri,
1607 1144 1659 1170 hoc
1683 1147 1737 1174 est,

951 1199 1025 1219 nunc
1041 1191 1076 1218 ab
1093 1191 1152 1226 ipso
1164 1191 1297 1225 separari,
1312 1190 1339 1217 id
1352 1190 1425 1217 enim
1436 1196 1609 1224 nequaquam
1620 1188 1740 1223 optabile

952 1236 1062 1263 videtur
1078 1245 1083 1262 :
1103 1235 1150 1263 sed
1173 1235 1319 1262 anathema
1336 1241 1408 1266 esse,
1424 1234 1450 1261 id
1465 1238 1518 1266 est,
1534 1238 1676 1267 separatus
1693 1233 1741 1258 ad-

953 1282 1008 1309 huc
1022 1289 1082 1315 esse
1095 1286 1123 1308 et
1136 1281 1257 1308 nondum
1275 1281 1308 1308 ad
1323 1280 1463 1308 Christum
1478 1279 1595 1307 venisse.
1615 1279 1681 1309 Hoc,
1699 1278 1742 1304 in-

953 1327 1023 1362 quit,
1048 1326 1176 1361 optarim,
1194 1326 1327 1360 mcipsum
1344 1325 1466 1352 nondum
1488 1325 1520 1352 ad
1534 1323 1674 1350 Christum
1695 1331 1741 1349 γε-

954 1372 1038 1404 nissu,
1058 1371 1105 1398 sed
1127 1371 1217 1398 adhuc
1232 1371 1266 1398 ab
1283 1378 1316 1397 eo
1329 1374 1484 1405 separatum
1506 1377 1578 1400 esse,
1596 1369 1618 1396 si
1635 1369 1689 1395 hoc
1709 1368 1741 1394 ad

954 1421 1076 1444 vestrum
1094 1416 1246 1451 ingressum
1262 1423 1293 1442 ac
1310 1415 1390 1442 fidetu
1407 1415 1436 1442 in
1446 1415 1534 1449 ipsum
1544 1414 1692 1441 conferret.
1705 1413 1744 1439 Nc

954 1471 1008 1495 me,
1027 1462 1128 1497 inquit,
1151 1461 1322 1489 arbitremini
1339 1461 1374 1488 ob
1391 1461 1417 1488 id
1432 1469 1531 1488 vocare
1552 1468 1600 1487 vos
1615 1461 1646 1486 ad
1661 1459 1742 1486 Chri-

956 1513 1039 1540 stum,
1057 1508 1129 1543 quod
1148 1515 1199 1543 ego
1217 1507 1250 1535 ad
1268 1515 1331 1535 eum
1345 1507 1467 1535 venerim
1484 1515 1491 1533 :
1509 1507 1564 1534 imo
1579 1506 1661 1533 etiam
1680 1509 1744 1531 ante

957 1562 1000 1581 me
1015 1561 1143 1589 cuperem
1158 1561 1207 1581 vos
1223 1553 1256 1581 ad
1275 1553 1364 1588 ipsum
1378 1553 1541 1580 accurrisse.
1558 1552 1661 1579 Deinde
1678 1559 1745 1577 cou-

955 1605 1102 1635 sequenter
1116 1600 1194 1635 ponit
1211 1605 1239 1627 et
1253 1607 1361 1628 causas.
1384 1609 1395 1624 ι
1414 1600 1470 1634 Ego
1484 1599 1552 1634 ipse.
1573 1608 1581 1623 ι
1602 1598 1660 1624 Non
1678 1598 1746 1624 alios

956 1649 1035 1676 vobis
1049 1653 1186 1683 antepono
1201 1648 1274 1684 quod
1293 1648 1326 1675 ad
1341 1648 1481 1676 Christum
1505 1646 1682 1677 accesserint,
1696 1645 1744 1671 sed

957 1702 1046 1728 neque
1063 1702 1105 1722 me
1120 1694 1220 1729 ipsum.
1243 1694 1379 1729 Eligerezn
1402 1694 1476 1721 enim
1490 1692 1612 1719 nondum
1632 1691 1666 1718 ad
1682 1699 1745 1718 cum

958 1740 1077 1772 venisse,
1099 1739 1121 1766 si
1140 1747 1190 1774 per
1206 1740 1259 1766 hoc
1274 1747 1323 1766 vos
1342 1738 1540 1766 accessissetis.
1567 1746 1576 1762 ι
1593 1735 1745 1763 Anathema

958 1795 1028 1814 esse.
1049 1796 1058 1812 ι
1084 1786 1197 1814 Videtur
1213 1786 1326 1821 quidem
1348 1794 1396 1820 pro
1418 1785 1550 1812 fratribus
1572 1791 1604 1810 ac
1624 1782 1749 1817 cognatis

959 1833 1109 1861 abalienari
1121 1840 1135 1859 a
1149 1832 1270 1865 Christo,
1284 1841 1346 1859 nam
1360 1832 1386 1859 id
1396 1831 1521 1865 designat
1534 1840 1541 1855 ι
1555 1829 1715 1856 Anathema.
1735 1837 1743 1851 ι

961 1878 1088 1906 Attamen
1104 1883 1199 1905 exacte
1215 1878 1332 1905 intuenti
1347 1876 1489 1912 apparebit
1512 1875 1547 1902 ob
1564 1873 1665 1901 Christi
1679 1873 1747 1899 dile-

961 1925 1078 1951 ctionem
1095 1924 1153 1951 haec
1163 1923 1273 1951 dixisse.
1283 1922 1405 1956 Quonam
1417 1920 1517 1948 modo?
1528 1920 1594 1946 Cum
1607 1917 1750 1945 Christum

962 1971 1142 2006 blasphemiis
1156 1970 1247 2005 appeti
1261 1969 1367 1996 videret
1381 1977 1394 1995 a
1416 1967 1527 1997 Iudaeis,
1545 1969 1639 2000 utpote
1653 1964 1749 1990 dicen-

963 2017 1055 2044 tibus:
1069 2017 1124 2044 Nos
1141 2016 1187 2052 qui
1209 2016 1296 2050 legem
1313 2023 1344 2042 ac
1360 2014 1506 2049 prophetas
1520 2011 1686 2046 accepimus,
1703 2009 1751 2044 qui

963 2063 1073 2090 Christo
1087 2062 1277 2098 progenitores
1297 2061 1410 2092 fuimus,
1425 2067 1542 2094 quorum
1556 2061 1615 2085 erat
1627 2055 1750 2090 adoptio,

964 2109 1042 2145 ejecti
1060 2116 1155 2136 sumus
1168 2129 1175 2140 ,
1194 2113 1223 2135 et
1244 2109 1305 2135 loco
1328 2108 1414 2135 nostri
1439 2105 1606 2133 introierunt
1625 2102 1752 2130 homines

966 2156 1048 2183 modo
1074 2156 1109 2183 ab
1136 2155 1191 2182 aris
1216 2162 1248 2182 ac
1274 2153 1370 2180 nidore
1395 2151 1592 2180 sacrificiorum
1615 2147 1752 2175 idolorum

356 2197 532 2251 ἀντεισῖίλθον
553 2197 581 2242 δὲ
606 2197 746 2250 άνθρωτίοι
761 2197 832 2250 Ιἄρτι
857 2214 902 2241 τῶι

987 2203 1079 2239 gressi.
1098 2202 1167 2236 Quia
1183 2202 1266 2237 igitur
1285 2201 1343 2227 haec
1357 2199 1481 2226 dicentes
1496 2200 1617 2226 noverat,
1631 2202 1666 2222 ne
1680 2197 1755 2220 esset

987 2250 1001 2252 μ.
1040 2249 1066 2252 ..
1120 2248 1126 2252 .
1185 2248 1191 2252 .
1262 2248 1267 2252 .
1512 2251 1518 2252 ί
1541 2241 1643 2252 Arn.»
1673 2239 1753 2252 nm,

128 2263 231 2298 βωμῶν
247 2263 294 2289 καὶ
308 2263 357 2297 τῆς
373 2262 486 2296 κνίσσης
497 2260 661 2294 ἐξελθόντες.
679 2260 755 2286 Ἐπεὶ
768 2257 814 2285 οὖν
827 2259 914 2286 ταῦτα

127 2310 256 2343 λέγοντας
269 2309 337 2344 ᾔδει,
352 2307 423 2343 ὑπὲρ
435 2307 482 2334 τνῦ
500 2308 536 2342 μὴ
551 2305 621 2333 εἶναι
637 2306 771 2341 πρόφασιν
791 2305 914 2340 βὶασφη-

130 2356 192 2390 μίας
208 2355 280 2381 κατὰ
302 2354 349 2380 τοῦ
367 2353 447 2385 Θεοῦ,
463 2353 594 2388 ἠϐούλετο
611 2352 774 2386 ἐπιστρέψαι
792 2351 838 2377 καὶ
852 2351 916 2382 τοὺς

134 2401 293 2432 Ἰουδαίους,
318 2399 356 2431 ὡς
374 2399 422 2426 καί⁸
443 2398 568 2434 ἀνάθεμα
594 2398 665 2434 ὑπὲρ
691 2397 787 2424 τούτου
813 2396 916 2424 ἐθέλειν

128 2447 266 2481 γενέσθαι,
285 2447 353 2481 ὅπερ
373 2446 508 2472 δεικτικόν
523 2446 582 2472 ἐστι
599 2445 649 2479 τῆς
662 2444 773 2479 ἀγάπης
791 2443 837 2469 τοῦ
850 2443 916 2477 Χρι-

130 2494 204 2521 στοῦ.
223 2494 273 2519 Ὃν
289 2492 344 2527 γάρ
360 2491 474 2525 οὐδεμία
496 2491 585 2522 κτίσις
602 2491 718 2526 χωρίσαι
734 2490 837 2524 ἴσχυσε,
859 2489 916 2521 πῶς

130 2542 162 2567 ἂν
176 2539 312 2575 ἐχώρισεν
327 2538 423 2573 ἀγάπη
439 2537 578 2572 συγγενῶν
596 2537 642 2563 καὶ
653 2536 792 2570 ἀδελφῶν;
812 2545 821 2562 ι
833 2535 918 2568 am;

132 2586 196 2621 ἐγώ.
210 2596 220 2612 ι
238 2586 267 2612 '0
277 2585 446 2618 διδάσκαλος,
457 2584 535 2620 φησὶ,
550 2583 667 2614 πάντων,
681 2583 695 2609 ὁ
707 2582 821 2618 μυρίους
836 2589 920 2616 προσ-

132 2632 219 2660 δοκῶν
239 2631 399 2666 στεφάνους,
415 2632 430 2658 ὁ
449 2630 560 2658 πάντων
574 2627 656 2656 αὐτοῦ
667 2628 715 2663 τὴν
726 2628 838 2662 ἀγάπην
850 2636 921 2663 ,προ-

133 2679 231 2714 τιμῶν.
246 2687 256 2704 ι
274 2677 343 2705 Ἀπὸ
365 2677 412 2704 τοῦ
428 2674 560 2712 Χριστοῦ.
576 2684 586 2701 ι
604 2674 653 2701 Διὰ
675 2675 726 2709 τὴν
742 2674 854 2708 ἀγάπην
872 2672 920 2699 τοῦ

134 2723 255 2759 Χριστοῦ
270 2722 349 2750 τοῦτο
376 2721 462 2749 εἶπεν.
491 2720 638 2748 Ἦὸούλετο
659 2720 715 2756 γὰρ
742 2719 823 2746 αὑτὸν
847 2718 923 2753 παρὰ

138 2771 247 2798 πάντων
266 2768 437 2802 δοξάζεσθαι,
459 2767 527 2794 ἀλλὰ
542 2767 579 2802 μὴ
602 2766 763 2801 βουλόμενος
776 2764 922 2800 δημοσιεῦ-

140 2826 182 2843 σαι
208 2816 238 2842 τὺ
267 2816 390 2850 χάρισμα
408 2813 542 2848 (χάρισμα
566 2813 630 2847 γὰρ,
657 2813 687 2838 τὸ
712 2811 798 2842 οὕτως
814 2811 924 2844 ἀγαπᾷν

140 2865 183 2890 τὸν
197 2861 337 2896 Χριστὸν).
359 2861 421 2892 τοὺς
442 2860 582 2894 συγγενεῖς
605 2859 714 2893 ἀγαπᾷν
735 2857 816 2885 αὐτὸν
844 2855 925 2882 πλέον

966 2250 1021 2277 ulla
1040 2248 1217 2284 blasphemia:
1235 2248 1368 2274 adversus
1382 2244 1521 2271 Christum
1537 2241 1658 2273 oecasio,
1672 2239 1753 2275 323

966 2294 1105 2330 cupiebat,
1122 2298 1149 2322 et
1163 2293 1271 2321 Judzeos
1288 2297 1436 2319 conversos
1451 2297 1522 2319 esse.
1542 2287 1611 2315 adeo
1628 2291 1657 2313 ut
1672 2286 1754 2312 etiam

967 2343 1110 2369 anathema
1124 2339 1159 2367 ob
1174 2340 1225 2367 hoc
1238 2338 1296 2365 fieri
1313 2338 1405 2365 vellet.
1420 2335 1495 2371 quod
1510 2333 1756 2362 demonstrativum

968 2395 1009 2418 est
1023 2389 1181 2417 dilectionis
1196 2387 1308 2415 Christi.
1326 2386 1411 2418 Quem
1432 2383 1505 2410 enim
1523 2381 1597 2409 nulla
1610 2380 1697 2415 potuit
1711 2387 1757 2406 sc-

968 2445 1066 2473 parare
1090 2439 1227 2465 creatura,
1250 2432 1388 2467 quomodo
1413 2433 1567 2464 separassct
1581 2427 1694 2454 dilectio
1713 2434 1758 2451 ςυ-

969 2471 1114 2521 ξζιιιιιοι-ιιιη
1133 2489 1166 2508 ac
1178 2481 1293 2507 fratrum
1306 2479 1335 2505 Ἰ(
1351 2477 1408 2511 Ego
1426 2475 1495 2510 ipse.
1511 2484 1520 2501 ι
1538 2475 1702 2508 Prmceptor,
1717 2471 1758 2498 in-

970 2518 1040 2565 quit,
1068 2527 1204 2559 omnium,
1233 2525 1279 2560 qui
1305 2524 1380 2551 mille
1406 2526 1535 2556 exspecto
1560 2526 1684 2550 coronas,
1712 2518 1758 2551 qui

972 2563 1045 2603 illius
1072 2573 1250 2602 dilectionem
1273 2569 1380 2598 cunctis
1407 2568 1490 2596 rebus
1520 2571 1667 2600 antepono.
1699 2573 1708 2588 ι
1738 2563 1760 2589 Λ

973 2621 1095 2649 Christo.
1115 2629 1124 2645 ι
1149 2620 1264 2653 Propter
1277 2615 1383 2644 Christi
1397 2620 1519 2641 amorem
1537 2612 1589 2638 hoc
1603 2610 1669 2637 dixit
1687 2617 1693 2640 ;
1710 2617 1760 2636 cu-

975 2667 1068 2703 piebat
1081 2666 1155 2693 enim
1171 2664 1260 2699 ipsum
1275 2663 1311 2690 ab
1324 2660 1453 2689 omnibus
1469 2656 1625 2694 gloriﬁcari,
1642 2654 1690 2682 sed
1711 2661 1761 2681 no-

975 2700 1035 2741 lens
1050 2711 1224 2739 manifestum
1240 2708 1298 2736 ﬁeri
1313 2707 1365 2734 hoc
1379 2705 1481 2733 donum
1501 2701 1647 2736 (siquidem
1659 2700 1762 2727 donum

975 2765 1018 2788 est
1031 2760 1068 2787 ita
1080 2759 1220 2786 Christum
1235 2754 1370 2790 diligere),
1386 2754 1517 2787 cognatos
1530 2758 1558 2776 se
1571 2749 1688 2783 amplius
1701 2748 1762 2774 dili-

978 2814 1042 2842 gere
1051 2805 1170 2833 simulat.
1182 2813 1191 2829 ι
1204 2803 1257 2829 Pro
1266 2800 1396 2828 fratribus
1408 2797 1486 2824 meis.
1495 2795 1657 2824 :Os'tcndcre
1669 2795 1764 2821 volens

979 2841 1143 2880 immensum
1157 2856 1237 2876 suum
1253 2852 1374 2874 amorem
1387 2852 1416 2871 ac
1428 2842 1550 2870 studium
1568 2849 1630 2875 erga
1643 2841 1761 2869 Illlltcns,
