1878 3054
130 115 183 147 503

657 119 853 148 (ECUMENII
872 118 1017 148 TlllCC/E
1029 117 1199 147 EPISCOPI

1697 115 1757 147 504

129 173 202 200 illico
225 173 271 200 ubi
294 173 409 201 dixisset
425 183 431 200 :
446 185 453 199 ι
473 175 544 202 Nihil
562 183 604 202 me
622 179 711 209 potest
727 183 741 201 a
757 175 804 201 Dei
822 182 915 201 amore

1003 175 1155 209 ςοκρίνεται.
1175 183 1184 199 ι
1210 173 1295 208 ’Υπὲρ
1319 173 1373 199 τῶν
1401 172 1522 206 ἁδελςῶν
1548 181 1608 207 μου.
1629 182 1638 198 ι
1663 172 1758 200 Θέλω-ι

129 227 268 255 separare,
292 230 300 246 ι
317 221 457 256 subjungit
478 231 484 249 :
505 231 513 247 ι
531 222 565 249 At
579 230 627 256 pro
646 222 778 249 fratribus
803 222 881 254 meis,
904 231 913 248 ι

130 265 153 292 si
176 265 230 292 illis
245 265 311 293 utile
333 271 406 294 esset
422 267 454 293 ad
472 275 567 294 eorum
582 267 723 299 auxilium,
740 268 856 302 optarim
871 275 915 295 se-

129 312 220 346 parari
234 321 240 338 :
255 312 308 340 hoc
326 313 398 340 enim
409 313 543 348 signiﬁcat
559 323 567 337 ι
579 314 734 341 anathema.
748 324 757 340 ι
777 330 804 334 -
822 324 831 339 ι
844 314 916 347 Quo-

129 364 191 383 rum
207 362 249 384 est
266 357 388 392 adoptio,
406 367 415 383 ι
436 363 489 386 etc.
507 357 632 386 Ostendit
657 359 742 386 Deum
760 359 828 386 nihil
844 367 915 393 prac-

127 402 277 430 termisisse
301 403 334 430 ad
350 403 507 431 Iudaeorum
522 404 731 431 beneficentiam
751 413 758 431 :
775 404 825 439 ipsi
852 412 916 432 vero

126 447 238 480 propria
266 446 462 482 ingratitudine
478 456 511 476 ac
534 449 709 483 improbitate
732 449 766 476 ab
788 449 916 476 omnibus

126 492 297 519 exciderunt.
309 493 373 520 ideo
385 494 468 522 etiam
484 494 534 521 Dei
546 495 616 522 dona
628 501 782 528 enumerat,
794 495 917 529 adoptio-

127 545 201 569 nem,
216 539 341 574 gloriam,
360 539 571 575 legislationom,
587 549 618 569 ac
634 541 750 576 reliqua.
773 551 781 566 ι
806 541 858 574 Qui
874 546 917 568 cst

127 591 210 618 super
238 586 330 613 omnia
356 586 438 614 Deus.
469 596 478 613 ι
514 587 565 614 Hic
592 588 764 622 apertissime
794 588 917 615 nominat

125 629 272 664 Apostolus
299 632 438 660 Christum
466 633 562 661 Deum.
592 633 740 664 Erubesce.
764 635 916 662 miserrime

124 672 200 708 Arie,
227 677 343 705 audiens
359 686 374 705 a
393 679 478 706 Paulo
500 679 646 715 gloriﬁcari
668 680 807 708 Christum
830 681 916 707 Deum

126 729 233 750 verum.
255 733 263 749 ι
278 723 443 753 Benedictus
457 725 485 752 in
499 726 607 753 saecula.
626 735 636 752 ι
651 726 711 761 Ipse
726 734 776 761 pro
790 727 917 754 omnibus

126 770 275 803 gratiarum
294 772 430 800 actionem
453 774 556 801 retulit.
577 775 616 802 Ac
634 774 657 802 si
676 775 798 802 diceret:
823 775 916 808 Quan-

126 822 208 848 quam
235 816 322 844 Judrei
349 825 414 853 erga
439 819 527 853 ipsum
546 819 602 847 sint
616 820 788 854 blasphemi:
814 824 841 847 at
855 828 914 856 ego,

129 860 238 896 inquit,
255 863 301 897 qui
317 872 415 892 arcana
429 865 503 897 novi,
521 866 634 901 ejusque
652 866 852 900 providentiam
868 874 916 894 co-

126 915 239 941 gnosco,
248 910 312 936 novi
322 911 394 945 quod
410 911 507 946 dignus
518 912 554 939 sit
563 912 722 947 gloriﬁcari,
735 917 829 948 utpote
843 913 916 940 Deus

127 953 253 982 Christus
269 963 352 990 super
366 956 457 984 omnia
475 957 502 984 in
516 958 625 985 saecula.

966 219 1051 252 δεῖξαι
1071 219 1120 254 τὴν
1142 219 1244 253 ἄφατον
1260 218 1342 245 αὑτοῦ
1363 218 1480 254 στοργὴν
1502 220 1547 245 καὶ
1564 218 1684 253 σπουδὴν
1705 219 1757 253 τὴν

968 266 1037 300 ὑπὲρ
1054 266 1108 292 τῶν
1127 266 1273 296 Ἰουδαίων,
1307 265 1408 292 αὐτίκα
1440 265 1509 300 μετὰ
1534 265 1564 291 τὸ
1593 266 1693 296 εἰπεῖν,
1714 266 1758 292 ὅτι

971 322 980 338 ι
995 313 1076 339 Οὐδέν
1096 321 1128 348 με
1144 313 1254 339 δύναται
1279 312 1394 348 χωρίσαι
1417 313 1471 339 ἀπὸ
1497 313 1547 347 τῆς
1570 312 1682 347 ἀγάπης
1708 312 1756 338 τοῦ

967 360 1045 390 Θεοῦ,
1061 370 1069 386 ι
1085 360 1193 393 ἐπάγει,
1207 369 1216 384 ι
1229 359 1298 385 Ἀλλ’
1309 359 1378 394 ὑπὲρ
1388 359 1441 386 τῶν
1451 358 1573 392 ἀδελφῶν
1586 368 1648 393 μου,
1663 367 1673 384 ι
1687 359 1711 384 εί
1722 356 1758 393 ἦν

966 406 1045 432 τοῦτο
1060 405 1202 432 συντελοῦν
1218 406 1258 437 εἰς
1276 406 1370 441 ὄνησιν
1389 405 1488 437 αὐτῶν,
1506 404 1632 439 ηὐξάμην
1652 404 1686 430 ἂν
1701 413 1758 439 χω⁴

968 452 1104 487 ρισθῆναι.
1119 452 1205 478 Τοῦτο
1219 452 1273 487 γὰρ
1285 451 1314 478 τὸ
1331 461 1341 478 ι
1357 451 1494 486 Ἀνάθεμα
1510 460 1519 476 )
1537 450 1676 485 σημαίνει.
1693 446 1757 475 «Ὧν

967 499 984 533 ἡ
1003 498 1133 528 υἱοθεσία,
1154 507 1163 524 ›
1181 497 1227 524 καὶ
1240 498 1274 523 τὰ
1301 497 1374 532 ἑξῆς.
1392 496 1481 528 Δεῖξαι
1497 496 1577 528 θέλει,
1592 497 1634 522 ὅτι
1653 497 1667 522 6
1691 495 1756 526 Θεὸς

968 544 1045 571 οὐδὲν
1058 544 1183 579 παρῆκεν
1206 544 1246 574 είς
1269 543 1318 578 τὴν
1343 543 1397 569 τῶν
1423 542 1559 569 Ἰουδαίων
1581 540 1755 576 εὐεργεσίαν.

968 589 1049 616 Αὐτοὶ
1065 589 1104 621 δέ,
1119 590 1207 624 οίκείᾳ
1227 589 1408 624 ἀγνωμοσύνῃ
1426 589 1534 615 πάντων
1551 588 1693 621 ἐξέπεσον.
1714 586 1759 612 Διὸ

969 636 1016 662 καὶ
1025 635 1171 669 καταλέγει
1182 635 1348 670 τάςζδωρεὰς
1359 634 1406 660 τοῦ
1416 634 1494 666 Θεοῦ,
1503 634 1650 665 υἱοθεσίαν,
1665 632 1757 664 δόξαν,

968 681 1139 723 νομοθεσίαν,
1148 681 1249 713 καὶτὰς
1262 681 1369 712 λοιπάς.
1379 691 1388 706 ι
1400 681 1428 706 '0
1440 680 1478 707 ὢν
1486 681 1531 707 ἐπὶ
1545 679 1653 706 πάντων
1660 678 1738 710 Θεός.
1747 687 1756 703 ι

974 726 1106 753 Ἐνταῦθα
1127 726 1307 761 λαμπρότατα
1322 726 1389 752 Θεὸν
1404 726 1450 752 τὸν
1467 725 1585 759 Χριστὸν
1600 723 1731 758 ὀνομάζει
1746 724 1760 749 6

974 773 1145 804 Ἀπόστολος.
1169 771 1344 806 Αίσχύνῦητι,
1366 771 1504 806 τρισάθλιε
1531 772 1632 805 Ἀρειε,
1650 770 1759 796 ἀκούων

968 819 1043 854 παρὰ
1058 819 1163 845 Παύλου
1177 818 1400 852 δοξοῖογούμενον
1413 818 1458 844 τὸν
1473 817 1590 852 Χριστὸν
1608 816 1675 842 Θεὸν
1689 817 1760 850 ἀλη-

972 864 1056 891 θινόν.
1074 873 1083 890 ι
1110 864 1263 899 Εὐλογητὸς
1292 864 1332 894 είς
1347 863 1410 894 τοὺς
1432 863 1543 893 αἰῶνας.
1563 871 1573 888 ι
1600 862 1687 893 Αὐτὸς
1710 861 1761 896 τὴν

971 910 1042 945 ὑπὲρ
1059 911 1168 937 πάντων
1180 910 1319 944 ἀνήγαγεν
1333 909 1519 945 εὐχαριστίαν,
1535 908 1637 936 εἰπών·
1655 909 1687 935 Et
1705 907 1760 942 γὰρ

972 956 1166 987 καὶΊουδαῖοι,
1195 956 1272 990 φησὶ,
1299 955 1504 990 βλασφημοῦσιν
1524 955 1564 986 είς
1589 955 1681 984 αὐτὸν,
1701 953 1760 979 ἀλλ’

127 999 193 1033 ἐγὼ.
212 1001 306 1036 φησὶν,
318 1003 332 1029 6
353 1002 387 1029 τὰ
407 1003 552 1039 ἀπόρρητα
572 1004 660 1035 εἰδὼς,
686 1004 734 1031 καὶ
747 1005 796 1039 τὴν
816 1004 946 1039 πρόνοιαν
965 1002 1048 1029 αὐτοῦ
1068 1002 1259 1036 ἐπιστάμενος,
1276 1000 1336 1030 οἶδα
1350 1002 1392 1029 ὅτι
1412 1000 1610 1035 δοξολογεῖσθλι
1639 1001 1760 1035 ὑπάρχει

126 1044 212 1078 ἄξιος,
239 1044 282 1073 οἷα
298 1047 375 1080 Θεὸς.
401 1048 415 1075 6
438 1049 554 1084 Χριστὸς
579 1050 626 1076 ἐπὶ
651 1050 760 1077 πάντων
783 1051 823 1081 εις
845 1050 908 1079 τοὺς
928 1048 1039 1080 αἰῶνας.

163 1092 208 1125 lX,
226 1093 282 1121 6-9.
299 1094 358 1122 Non
375 1101 463 1123 autem
475 1100 530 1124 hazc
542 1097 599 1123 dico
614 1098 683 1133 quod
700 1097 770 1125 velut
790 1098 914 1124 exciderit

126 1145 212 1165 sermo
230 1138 289 1166 Dei.
313 1140 372 1167 Non
392 1142 460 1168 enim
475 1149 565 1170 omnes
583 1144 628 1179 qui
647 1149 709 1171 sunt
726 1152 757 1171 ea:
776 1143 871 1177 Israel,
888 1144 914 1170 hi

126 1187 188 1210 sunt
204 1183 303 1217 Israel,
320 1194 403 1221 neque
419 1189 566 1224 quicunque
584 1193 645 1216 sunt
665 1198 753 1216 semen
767 1190 913 1221 Abraham,

127 1237 217 1257 omnes
231 1236 292 1258 sunt
303 1232 354 1266 ﬁlii
366 1241 375 1260 :
389 1234 444 1266 sed,
454 1234 506 1262 Per
520 1235 598 1262 Isaac
611 1236 746 1263 vocabitur
759 1237 805 1263 tibi
814 1245 913 1267 semen,

127 1275 176 1302 hoc
198 1280 253 1307 est,
279 1285 330 1304 non
349 1281 394 1313 qui
419 1279 471 1313 ﬁlii
495 1281 592 1312 ramis,
608 1282 635 1307 lxi
648 1285 710 1308 sunt
730 1281 779 1315 ﬁlii
793 1281 851 1313 Dei,
870 1281 915 1308 sed

126 1320 178 1353 ﬁlii
197 1324 378 1357 promissionis
398 1330 557 1360 reputantur
569 1327 595 1354 in
608 1335 706 1354 semen.
730 1327 916 1356 Promissionis

128 1368 198 1394 enim
217 1377 302 1396 sermo
317 1371 358 1398 hic
371 1376 428 1399 est:
448 1372 480 1399 In
495 1377 611 1408 tempore
629 1374 677 1400 hac
693 1374 805 1405 veniam,
824 1379 848 1400 et
869 1376 917 1402 erit

129 1412 206 1441 Sara:
221 1414 306 1448 ﬁlius.

163 1506 245 1542 32E.
260 1507 340 1540 Ecce,
355 1508 453 1542 inquit,
467 1507 550 1535 etiam
562 1508 706 1536 anathema
723 1509 780 1536 ﬁeri
793 1511 876 1545 cupio
888 1516 917 1538 ut

128 1551 215 1579 ,ἰυᾱωί
231 1552 355 1584 credant.
373 1558 401 1581 et
417 1561 451 1580 ne
474 1553 600 1581 videatur
614 1555 729 1582 mendax
747 1555 830 1583 fuisse
847 1556 918 1585 Deus

129 1596 156 1624 in
173 1597 216 1625 his
230 1605 291 1633 quae
307 1599 452 1634 promisit:
473 1605 593 1628 attamen
610 1601 632 1629 si
644 1607 738 1629 exacte
759 1603 919 1631 considera-

129 1644 260 1675 vcrimus,
278 1653 367 1680 neque
381 1653 454 1674 nunc
468 1647 571 1674 excidit
585 1655 692 1675 sermo:
711 1656 763 1675 nec
778 1649 854 1676 irrita
867 1649 918 1677 fuit

129 1689 177 1716 Dei
190 1691 346 1724 pro-missio.
361 1692 428 1719 Nam
444 1692 501 1721 hate
511 1693 578 1725 dixi,
595 1701 649 1720 non
665 1694 737 1729 quod
753 1695 828 1722 velut
841 1697 917 1723 exci-

131 1734 204 1762 derit
217 1743 307 1763 sermo
324 1737 372 1764 Dei
387 1746 393 1764 :
418 1737 470 1765 hoc
486 1743 538 1769 est,
562 1746 615 1766 non
629 1741 691 1774 quia
706 1741 807 1768 excidit
829 1750 918 1770 sermo

131 1780 190 1812 Dei.
217 1782 264 1809 sed
281 1790 335 1818 quo
355 1783 529 1812 dilectionem
546 1793 610 1820 erga
626 1786 687 1814 illos
707 1788 860 1815 ostendam.
881 1789 919 1816 Ac

129 1826 263 1862 deinceps
277 1829 399 1857 ostendit
418 1838 473 1866 quo
489 1836 569 1866 pacto
583 1832 630 1859 Dei
648 1840 738 1860 sermo
756 1841 787 1861 ac
802 1835 919 1868 promis-

129 1871 172 1898 sio
194 1872 242 1899 Dei
262 1873 294 1901 ad
311 1874 448 1902 Abraham
465 1884 518 1904 non
534 1877 679 1905 exciderit.
701 1878 854 1911 Quaenam?
876 1880 918 1907 vel

130 1918 203 1953 quod
226 1927 320 1948 semen
336 1922 395 1956 ejus
409 1923 486 1957 juxta
506 1924 719 1958 promissionem
739 1925 836 1959 :equali
856 1934 918 1953 cum

130 1965 212 1992 astris
232 1973 348 1994 numero
372 1967 495 1996 futurum
516 1974 597 1997 esset.
624 1970 723 1997 Semen
744 1976 834 1998 autem
859 1973 919 2006 ejus

129 2011 281 2038 secundum
299 2013 511 2046 promissionem
528 2019 569 2042 est
586 2015 716 2048 tidelium,
736 2017 782 2050 qui
798 2025 812 2044 ιι
827 2017 919 2045 divina

131 2055 308 2084 Providentia
333 2065 388 2085 non
413 2059 586 2088 exciderunt.
612 2070 621 2086 c
639 2062 699 2089 Non
713 2062 807 2089 veluti.
825 2072 833 2088 ι
859 2063 919 2090 Non

132 2101 232 2135 solum,
258 2102 364 2138 inquit,
382 2112 437 2132 non
454 2105 556 2133 excidit
572 2113 664 2134 sermo
682 2107 740 2138 Dei,
761 2108 809 2135 sed
831 2116 919 2143 neque

1000 1097 1061 1130 Οὐχ
1077 1093 1141 1122 οἷον
1154 1095 1188 1122 δὲ
1203 1095 1247 1122 ὅτι
1261 1095 1453 1122 ἐκπέπτωκεν
1466 1096 1482 1121 d
1499 1094 1590 1128 λόγος
1605 1092 1658 1120 τοῦ
1673 1093 1760 1120 Θεοῦ.

970 1143 1011 1168 Oi;
1033 1141 1088 1176 γὰρ
1113 1141 1222 1174 πάντες
1244 1142 1271 1167 οι
1298 1141 1332 1172 ἐξ
1351 1140 1493 1174 Ἰσραὴλ,
1507 1137 1590 1167 οὗτοι
1614 1139 1760 1173 Ἰσραήλ·

968 1187 1031 1214 οὐδ’
1047 1187 1114 1214 ὅσοι
1137 1187 1195 1213 εἰσὶ
1213 1186 1332 1221 σπέρμα
1347 1186 1486 1220 Ἀὔραὰμ,
1509 1185 1622 1218 πάντες
1646 1185 1740 1212 τέκνα
1752 1193 1760 1200 ·

968 1234 1047 1266 ἀλλ’,
1072 1233 1124 1260 Ἐν
1138 1233 1241 1260 Ἰσαὰκ
1262 1232 1446 1266 κληθήσεταί
1457 1240 1506 1259 σοι
1531 1232 1661 1266 σπέρμα,
1675 1239 1763 1258 τουτ-

967 1278 1063 1311 έστιν,
1081 1280 1117 1306 οὐ
1132 1279 1166 1305 τὰ
1182 1278 1273 1305 τέκνα
1287 1278 1341 1312 τῆς
1357 1279 1480 1312 σαρκὸς,
1494 1278 1587 1305 ταῦτα
1600 1277 1692 1304 τέκνα
1705 1277 1762 1304 τοῦ

968 1325 1043 1352 Θεοῦ
1053 1333 1059 1340 ·
1077 1325 1159 1352 ἀλλὰ
1170 1325 1206 1351 τὰ
1222 1324 1314 1351 τέκνα
1333 1324 1388 1358 τῆς
1405 1324 1596 1359 ἐπαγγελίας,
1611 1323 1761 1358 λογίζεται

966 1370 1010 1402 εὶς
1042 1370 1171 1404 σπέρμα.
1192 1370 1389 1405 Ἐπαγγελίος
1414 1371 1469 1404 γὰρ
1496 1371 1511 1396 ό
1537 1370 1629 1404 λόγος
1654 1366 1758 1401 οὗτος·

968 1415 1049 1442 Κατὰ
1072 1416 1125 1443 τὸν
1144 1415 1250 1450 καιρὸν
1272 1416 1380 1443 τοῦτον
1397 1415 1578 1450 ἐλεύσομαι,
1602 1414 1652 1442 καί
1671 1414 1762 1441 ἔσται

968 1461 1005 1495 τῇ
1022 1461 1120 1496 Σάρῤᾳ
1139 1462 1214 1495 υἱός.

1006 1507 1083 1540 Ἰδοὺ,
1103 1509 1182 1543 φησὶ,
1198 1508 1245 1535 καὶ
1264 1508 1389 1543 ἀνάθεμα
1405 1507 1479 1543 ζητῶ
1490 1507 1615 1542 γενέσθαι
1627 1506 1699 1541 ὑπὲρ
1711 1506 1760 1534 τοῦ

970 1553 1113 1580 πιστεῦσαι
1144 1553 1297 1584 Ἰουδαίους,
1326 1553 1373 1579 καὶ
1401 1553 1446 1580 ἵνα
1479 1552 1516 1587 μὴ
1536 1552 1600 1588 δόξῃ
1625 1551 1759 1586 ἐψεῦσθαι

969 1599 984 1625 6
1003 1600 1069 1632 Θεὸς
1084 1600 1127 1633 ἐφ’
1145 1597 1187 1632 οἷς
1204 1599 1384 1635 ἐπήγγελται.
1408 1599 1464 1626 Καὶ
1487 1599 1561 1634 ὅμως
1586 1598 1634 1625 ἐὰν
1657 1598 1760 1633 ἴδωμεν

969 1646 1101 1682 ἀκριϐῶς,
1123 1645 1186 1672 οὒτε
1201 1645 1250 1673 νῦν
1272 1645 1400 1679 ἐξέπεσεν
1420 1646 1434 1672 6
1453 1644 1541 1679 λόγος,
1566 1645 1612 1672 καὶ
1626 1645 1643 1680 ἡ
1670 1646 1759 1679 ἐπαγ-

970 1692 1050 1725 γελία
1071 1691 1118 1719 τοῦ
1135 1691 1203 1718 Θεοῦ
1228 1691 1279 1719 οὐκ
1302 1691 1444 1726 ἐψεύσατο.
1462 1691 1555 1718 Ταῦτα
1580 1691 1645 1726 γὰρ,
1663 1691 1759 1726 φησὶν,

971 1735 1057 1769 εἶπον,
1073 1738 1123 1772 οὐχ
1151 1734 1207 1763 οἷον
1236 1737 1277 1763 ὅτι
1290 1737 1467 1764 ἐκπέπτωκεν
1481 1737 1495 1762 6
1510 1735 1587 1770 λόγος
1609 1735 1656 1762 τοῦ
1678 1735 1758 1767 Θεοῦ,

972 1783 1121 1814 τουτέστιν,
1136 1782 1186 1810 οὐκ
1199 1782 1292 1817 ἐπειδὴ
1305 1782 1482 1809 ἐκπέπτωκεν
1498 1782 1512 1808 ὁ
1526 1782 1605 1815 λόγος
1617 1780 1665 1807 τοῦ
1677 1781 1758 1814 Θεοῦ,

972 1828 1029 1856 ἀλλ’
1045 1829 1089 1856 ἵνα
1102 1829 1152 1864 τὴν
1175 1829 1244 1864 πρὸς
1258 1828 1357 1860 αὐτοὺς
1378 1829 1489 1863 ἀγάπην
1513 1827 1684 1861 ἐνδείξωμαι.
1704 1827 1758 1853 Καὶ

970 1875 1064 1902 λοιπὸν
1083 1875 1204 1903 δείκνυσι
1219 1875 1278 1907 πῶς
1293 1876 1307 1902 ὁ
1320 1875 1401 1909 λόγος
1423 1875 1470 1902 τοῦ
1484 1873 1564 1906 Θεοῦ,
1584 1874 1631 1900 καὶ
1651 1874 1667 1908 ἡ
1688 1873 1760 1907 πρὸς

977 1922 1103 1956 Ἀὕραάμ
1122 1921 1272 1956 ἐπαγγελία
1284 1920 1330 1948 τοῦ
1344 1921 1411 1948 Θεοῦ
1439 1921 1488 1947 οὐκ
1500 1920 1671 1946 ὲκπέπτωκε.
1690 1919 1759 1945 Ποία

971 1969 1037 2003 δῆτα
1049 1976 1056 2001 ;
1073 1967 1105 1993 Ἦ
1116 1967 1146 1994 τὸ
1160 1967 1220 1994 κατ’
1237 1967 1404 2001 ἐπαγγελίαν
1416 1966 1498 1993 αὑτοῦ
1516 1966 1627 2001 σπέρμα
1640 1965 1759 1998 λέγουσα

973 2013 1118 2049 ἰσάριθμον
1138 2013 1247 2040 ἔσεσθαι
1274 2015 1327 2044 τοῖς
1351 2013 1473 2048 ἄστροις.
1493 2012 1563 2038 Κατ’
1589 2010 1759 2044 ἐπαγγελίαν

971 2059 999 2086 δὲ
1015 2059 1098 2086 αὐτοῦ
1111 2059 1233 2094 σπέρμα,
1247 2059 1277 2085 τὸ
1291 2058 1345 2086 τῶν
1359 2058 1473 2089 πιστῶν,
1491 2057 1538 2084 καὶ
1553 2056 1602 2083 οὐκ
1614 2057 1759 2082 ἐκπεπτω-

971 2106 1059 2133 κότων
1080 2106 1129 2142 τῆς
1151 2106 1228 2137 θείας
1248 2105 1386 2140 προνοίας.
1407 2114 1416 2130 ι
1432 2104 1489 2139 Οὐχ
1503 2101 1568 2130 οἷον.
1584 2112 1594 2129 ι
1606 2118 1641 2123 -—-
1657 2101 1759 2138 [M312]

130 2147 215 2174 veluti
237 2148 391 2176 exciderit:
413 2150 466 2178 hoc
480 2155 531 2183 est,
549 2151 596 2178 scd
614 2160 704 2187 neque
721 2160 806 2188 prope
824 2154 875 2182 fuit
891 2159 915 2182 ut

1003 2153 1010 2179 5
1024 2153 1114 2188 μόνον,
1128 2153 1222 2187 φησὶν,
1237 2152 1287 2178 οὐκ
1302 2152 1483 2178 ἐκπέπτωκεν
1496 2151 1510 2177 6
1526 2150 1603 2184 λόγος
1621 2149 1668 2176 τοῦ
1679 2148 1759 2182 Θεοῦ,

129 2193 279 2224 excideret.
301 2196 344 2223 vel
361 2200 391 2223 ut
406 2196 540 2225 excidisse
555 2197 706 2225 videretur.
734 2208 743 2224 ‹
761 2199 820 2226 Non
845 2200 919 2227 enim

130 2248 226 2268 omnes
235 2242 282 2276 qui
295 2247 401 2270 suntex
411 2243 504 2276 Israel,
520 2254 528 2270 I
543 2248 596 2272 etc.
606 2244 640 2272 Et
652 2246 801 2280 quomodo,
818 2247 918 2282 inquit,

129 2293 185 2313 non
201 2287 304 2315 excidit
316 2289 430 2316 verbum
446 2290 494 2317 Dei
507 2290 519 2317 ?
532 2291 669 2326 quomodo
681 2292 692 2317 ?
705 2291 773 2325 Quia
788 2301 843 2320 non
859 2302 919 2321 om-

131 2340 180 2359 nes
194 2333 241 2368 qui
266 2339 329 2361 sunt
347 2342 381 2362 ex
398 2335 480 2363 Israel
494 2356 501 2368 ,
522 2336 652 2364 Israelita:
669 2343 743 2366 sunt.
763 2349 772 2365 ι
791 2339 844 2367 hoc
866 2346 918 2373 est,

130 2386 224 2406 semen
248 2380 396 2409 Abraham.
418 2382 522 2410 Deinde
539 2383 591 2411 hoc
614 2385 751 2419 explanat.
767 2386 826 2413 Non
844 2387 917 2414 enim

132 2433 166 2452 eo
180 2426 253 2460 quod
265 2427 322 2454 sint
335 2427 418 2462 aliqui
430 2427 478 2457 ﬁlii
491 2429 613 2458 carnales
627 2430 774 2463 Abraham,
787 2433 918 2460 continuo

128 2471 183 2505 jam
208 2472 291 2500 etiam
312 2472 360 2500 lilii
382 2478 447 2501 sunt
472 2475 623 2503 secundum
646 2478 867 2512 promissionem,
891 2482 919 2505 et

131 2517 232 2552 quibus
243 2519 387 2553 promissio
405 2520 474 2548 facta
489 2525 531 2549 est
548 2530 555 2549 :
570 2522 619 2549 sed
634 2523 681 2558 qui
697 2523 752 2550 sint
767 2523 814 2551 ﬁlii
829 2523 918 2550 Abra-

132 2562 194 2589 ham
217 2563 291 2597 audi,
315 2564 413 2599 inquit,
435 2565 614 2601 Scripturam.
642 2568 710 2595 Vide
736 2571 827 2595 autem
846 2568 920 2603 quod

131 2617 186 2637 non
202 2610 303 2639 dixerit
318 2621 325 2638 :
342 2612 382 2639 Ex
397 2612 492 2646 Jacob,
510 2615 556 2641 sed
580 2623 589 2639 ‹
609 2613 647 2641 Ex
667 2614 760 2646 Israel,
780 2624 789 2639 ι
814 2622 864 2649 pro
882 2614 919 2641 si-

131 2663 184 2688 gno
198 2656 308 2685 virtutis
322 2665 428 2692 ponens
441 2658 590 2686 dictionem
614 2668 623 2684 ι
636 2659 718 2686 Israel
741 2668 749 2684 ι
773 2667 804 2687 ac
817 2659 920 2686 donum

132 2708 279 2735 supernum
304 2705 461 2732 ostendens.
478 2704 505 2732 Si
525 2712 580 2731 non
597 2713 692 2732 omnes
707 2705 752 2739 qui
768 2713 800 2732 ex
815 2706 920 2733 semine

132 2752 196 2774 sunt
210 2748 357 2782 Abraham,
377 2750 404 2777 hi
421 2750 502 2777 etiam
520 2749 566 2777 ﬁlii
585 2754 646 2777 sunt
663 2750 811 2783 Abraham,
832 2752 919 2779 mani-

132 2793 230 2822 festum
247 2802 321 2822 certe
340 2802 381 2824 est
398 2797 481 2823 alium
500 2804 559 2824 esse
574 2796 684 2823 modum
701 2797 747 2832 qui
762 2805 809 2824 eos
822 2798 920 2825 reddat

133 2840 202 2869 tiLios
216 2841 352 2868 Abraham
367 2847 466 2877 przctcr
480 2843 650 2870 nativitatem
667 2851 727 2878 qua:
739 2843 772 2871 ab
785 2843 844 2879 ipso
863 2848 914 2872 est.

971 2199 1029 2226 ἀλλ’
1039 2200 1099 2226 οὐδὲ
1114 2197 1170 2226 οἷον
1185 2199 1362 2226 ἐκπέπτωκεν
1373 2207 1379 2213 ·
1393 2195 1459 2229 οἷον,
1471 2197 1528 2224 ἀλλ’
1543 2196 1603 2224 οὐδὲ
1619 2196 1704 2231 ἐγγὺς
1715 2196 1762 2230 γέ-

971 2255 1035 2281 γονε
1047 2246 1094 2273 τοῦ
1111 2246 1249 2276 ἐκπεσεῖν,
1265 2245 1280 2280 ἢ
1295 2245 1383 2271 δοκεῖν
1398 2243 1615 2271 ἐκπεπτωκέναι.
1628 2252 1637 2268 ι
1653 2243 1690 2269 Οὐ
1705 2242 1760 2278 γὰρ

973 2293 1073 2323 πάντες
1082 2293 1106 2318 οἱ
1116 2292 1145 2324 ἐξ
1155 2291 1275 2326 Ἰσραὴλ,
1292 2300 1301 2316 ι
1319 2290 1368 2317 καὶ
1379 2290 1412 2316 τὰ
1426 2289 1500 2325 ἑξῆς.
1513 2289 1568 2316 Καὶ
1585 2289 1653 2321 πῶς,
1663 2289 1758 2324 φησὶν,

972 2339 1023 2365 οὒκ
1039 2338 1169 2370 ἐξέπεσεν
1182 2338 1196 2363 6
1211 2337 1289 2370 λόγος
1308 2336 1355 2363 τοῦ
1368 2336 1453 2369 Θεοῦ;
1469 2336 1529 2366 Πῶς
1542 2345 1548 2368 ;
1571 2336 1632 2362 Ὀτι
1645 2335 1675 2361 οὺ
1688 2335 1759 2362 πάν-

972 2389 1018 2413 τες
1031 2382 1056 2408 et
1071 2381 1100 2413 ἐξ
1117 2381 1236 2415 Ἰσραὴλ,
1250 2380 1416 2415 Ἰσραηλῖται
1427 2382 1490 2410 εἰσι,
1500 2381 1632 2411 τουτέστι,
1645 2379 1759 2414 σπέρμα

979 2427 1114 2462 Ἀὖραάμ.
1126 2427 1193 2453 Εἶτα
1210 2426 1352 2461 σαφηνίζει
1367 2426 1440 2452 αὐτό.
1456 2426 1493 2452 06
1505 2426 1558 2460 γὰρ
1570 2425 1662 2460 ἐπειδή
1675 2433 1758 2456 τινες,

973 2473 1051 2508 φησὶ.
1069 2472 1152 2498 τέκνα
1175 2472 1295 2507 σαρκικὰ
1320 2471 1367 2498 τοῦ
1382 2472 1518 2507 ’Λὸραάμ,
1547 2470 1596 2506 ήδη
1613 2470 1660 2497 καὶ
1675 2470 1759 2497 τέκνα

972 2519 1027 2546 εἰσὶ
1052 2520 1113 2546 κατ’
1137 2519 1313 2552 ἐπαγγελίαν,
1331 2519 1377 2545 καὶ
1391 2515 1431 2549 οἷς
1455 2519 1470 2553 ἡ
1491 2517 1643 2552 ἐπαγγελία
1666 2517 1756 2552 ἐδόθη.

978 2565 1057 2592 Ἀλλὰ
1078 2564 1140 2591 ποῖά
1161 2565 1218 2591 ἐστι
1232 2565 1315 2591 τέκνα
1337 2564 1474 2599 Ἀϐραὰμ.
1498 2563 1592 2594 ἄκουε,
1615 2563 1693 2597 φησι,
1707 2563 1758 2597 τῆς

972 2612 1093 2647 Γραφῆς.
1110 2611 1182 2646 Ὅρα
1196 2611 1224 2638 δέ
1235 2619 1242 2626 ·
1260 2612 1317 2637 Οὐκ
1335 2610 1463 2642 εἶπενἘξ
1477 2609 1664 2641 Ἰακὼ6,ἀλλ’,
1686 2618 1695 2635 ι
1711 2609 1758 2642 Ἐξ

978 2659 1097 2695 Ἰσραὴλ,
1117 2669 1126 2685 ι
1152 2659 1183 2685 τὸ
1205 2659 1257 2693 τῆς
1280 2658 1381 2694 ἀρετῆς
1404 2656 1548 2691 γνώρισμα
1572 2656 1701 2687 τεθεικὼς
1726 2657 1757 2683 τὸ

975 2714 985 2731 ι
1003 2705 1122 2741 Ἰσραὴλ,
1140 2715 1149 2732 ›
1171 2706 1217 2732 καὶ
1230 2705 1337 2736 δεικνὺς
1348 2704 1398 2739 τὴν
1414 2703 1517 2731 ἀνωθεν
1528 2702 1642 2737 δωρεάν.
1655 2701 1686 2728 El
1697 2702 1757 2737 οὐχὶ

973 2752 1084 2783 πάντες,
1102 2751 1196 2787 φησὶν,
1210 2751 1234 2777 οἱ
1250 2751 1281 2776 ἐκ
1297 2750 1452 2785 σπέρματος
1470 2749 1607 2783 Ἃὸραὰμ,
1623 2745 1696 2774 οὗτοι
1710 2749 1756 2775 καὶ

972 2798 1054 2824 τέκνα
1070 2797 1206 2833 Ἀϐραὰμ,
1225 2796 1344 2830 δηλονότι
1355 2796 1433 2824 ἄλλος
1448 2796 1506 2821 ἐστὶ
1522 2795 1622 2830 τρόπος
1636 2795 1650 2820 6
1671 2794 1756 2820 ποιῶν

970 2844 1067 2876 αὐτοὺς
1081 2844 1163 2870 τέκνα
1178 2843 1224 2870 τοῦ
1238 2842 1374 2877 Ἀἤραάμ,
1391 2842 1438 2868 καὶ
1452 2841 1511 2876 οὺχ).
1526 2842 1541 2877 ὴ
1555 2840 1584 2873 ἐξ
1597 2839 1680 2867 αὑτοῦ
1694 2839 1751 2874 γέν-
