1878 3054
57 154 110 185 Ξο5

585 149 776 178 COMMENT.
802 146 839 176 lN
860 147 981 177 EPIST.
1003 149 1052 178 AD
1073 149 1164 179 RUM.

1630 154 1682 186 506

57 216 142 242 νησις.
162 207 210 238 Τίς
224 206 252 233 δὲ
267 203 360 238 οὗτος;
377 205 406 232 '0
423 205 472 240 τῆς
488 204 655 238 ἐπαγγελίας
667 213 673 219 ·
694 203 843 234 τουτέστιν,

936 207 964 233 :is
976 212 1065 234 autem
1085 207 1130 235 ille
1143 212 1184 235 est
1199 207 1210 234 ?
1223 207 1432 235 Promissionis:
1447 209 1499 236 hoc
1511 215 1560 238 est.
1580 210 1616 238 illi
1633 213 1681 241 lilii

57 255 157 281 ἐκεῖνοι
167 254 253 280 τέκνα
267 253 348 285 εἰσὶν,
363 252 388 278 οἱ
404 252 449 278 καὶ
464 251 513 286 τῆς
531 251 696 285 ἐπαγγελίας
717 250 846 282 ἀξιωθέν-

58 310 113 333 τες,
128 300 176 327 καὶ
186 298 385 333 πληθυνθέντες
396 297 433 330 ὡς
446 298 479 324 τὰ
494 297 582 332 ἄστρα
594 296 641 324 τοῦ
654 296 781 332 οὐρανοῦ,
792 293 847 322 οἶόν

59 347 128 373 εἰσιν
141 346 167 372 οἱ
182 346 284 376 πιοτοὶ,
301 345 450 376 τουτέστιν,
466 345 495 371 οὐ
512 344 546 370 τὰ
562 345 654 371 τέκνα.
674 353 683 369 r
702 343 848 370 Τουτέστιν

59 392 89 418 οὐ
104 391 139 418 τὰ
154 391 237 418 τέκνα
256 391 306 426 τῆς
323 391 434 425 σαρκὸς,
452 400 461 416 ι
478 392 524 417 καὶ
540 391 573 416 τὰ
588 390 659 425 ἑξῆς.
677 390 742 416 Εἶτα
759 391 847 425 ἑρμη-

61 437 132 463 νεύει
153 437 203 472 τὴν
217 436 440 468 ἀναγνωσθεῖσαν
460 436 581 470 Γραφὴν,
601 436 626 462 τί
641 437 698 462 ἐστι
718 436 759 465 τὺ,
778 446 786 461 ι
802 436 847 461 Ὶῖν

67 484 160 510 Ἰσαὰκ
184 483 349 518 κληθήσεταί
364 492 403 510 σοι
426 484 546 518 σπέρμα.
567 493 577 508 ι
597 483 668 514 Ὅτι,
699 483 796 517 φησὶν,
822 483 847 508 οἱ

62 531 93 555 ἐκ
110 530 161 564 τῆς
188 529 354 562 ἐπαγγελίας
375 530 428 555 εἰσὶ
454 529 547 556 τέκνα,
569 529 625 556 οὐκ
650 527 710 555 εἷπε
734 529 772 559 δὲ.
794 528 846 555 Τοῦ

68 574 204 610 Ἀϐραὰμ,
227 575 312 606 ἀλλὰ,
335 583 345 600 ‹
367 574 421 601 Τοῦ
449 575 527 607 Θεοῦ,
551 584 560 600 ι
586 575 693 605 δεικνὺς
719 575 779 601 οὐδὲ
801 576 847 600 τὸν

69 622 163 648 Ἰσαὰκ
189 621 282 652 ἁπλῶς
302 618 372 648 εἶναι
397 621 444 648 τοῦ
461 621 598 657 Ἀδραὰμ,
619 622 660 648 ὁτι
684 622 714 648 οὐ
737 622 847 656 δυνάμει

64 667 221 701 σπέρματος
234 667 378 702 ἐγεννήθη,
399 667 470 694 ἀλλὰ
485 667 597 702 δυνάμει
622 666 667 693 τοῦ
685 667 848 701 ἐπαγγειλα-

64 711 158 745 μένου,
174 712 217 738 ἵνα
235 712 308 748 δείξῃ
323 713 364 738 ὅτι
381 713 407 739 oi.
423 713 472 747 τὴν
487 712 624 739 υἱοθεσίαν
640 712 756 747 ἔχοντες,
772 713 847 739 αὐτοι

63 758 116 783 εισι
141 757 202 783 κατ’
218 757 385 792 ἐπαγγελίαν
399 758 481 785 τέκνα
504 758 551 785 τοῦ
569 759 704 794 Ἀδραάμ.

101 812 110 828 ε
128 803 222 829 Ταῦτα
236 804 320 831 τέκνα
336 803 383 830 τοῦ
398 804 476 831 Θεοῦ.
489 814 498 829 ι
519 805 596 831 Ἐπεὶ
618 805 705 839 τούτῳ
723 805 762 839 τῷ
777 805 848 840 λόγῳ

62 849 107 875 καὶ
114 850 139 876 οἱ
147 849 292 884 Ἰδουμαῖοι
301 850 391 884 ἐπειδὴ
399 850 526 884 ἀπόγονοι
535 849 606 886 ἦσαν
614 851 717 887 ’Λϐραὰ
722 861 740 886 μ
748 853 809 878 ὅσον
818 852 847 879 τὸ

62 895 131 921 κατὰ
145 895 247 930 σάρκα,
265 895 379 930 ὤφειλον
395 895 462 923 εἶναι
475 898 559 924 τέκνα
572 898 618 924 τοῦ
633 898 712 930 Θεοῦ,
725 898 782 926 ἀλλ’
796 899 846 925 οὐκ

61 941 122 966 εἰσί.
135 941 214 968 Κατὰ
226 942 313 976 σάρκα
322 942 459 977 γὰραῦτοὶ
471 943 633 978 σπέρματοῦ
643 944 777 979 Ἀϐραὰμ,
787 945 844 971 ἀλλ’

61 988 141 1022 ἡμεῖς
152 988 236 1022 ἐσμεν
250 989 331 1014 τέκνα
344 988 391 1014 τοῦ
411 988 546 1024 Ἀϐραὰμ,
562 991 586 1016 οἱ
608 991 656 1024 τῆς
671 991 756 1026 αὐτῆς
772 991 847 1026 αὐτῷ

62 1033 179 1064 πίστεως
188 1033 390 1066 κοινωνοῦντες,
401 1035 447 1061 καὶ
453 1036 535 1061 τέκνα
544 1036 590 1062 τοῦ
601 1036 668 1062 Θεοῦ
683 1037 727 1063 διὰ
739 1037 788 1071 τῆς
801 1046 848 1064 κο-

61 1079 221 1114 λυμςήθρας
229 1080 276 1107 τοῦ
294 1080 367 1107 θείου
385 1081 583 1116 βαπτίσματος.
601 1092 610 1108 ι
623 1083 703 1108 Ἀλλὰ
716 1083 751 1109 τὰ
764 1085 847 1110 τέκνα

62 1125 294 1160 τῆςὲπαγγελίας.
305 1136 314 1152 ι
332 1127 420 1158 Ὅσοι,
437 1127 513 1162 φησὶ,
531 1129 602 1154 κατὰ
617 1128 663 1154 τὺν
678 1128 770 1155 Ἰσαὰκ
787 1138 848 1163 γεν-

61 1171 189 1206 νηθῶσιν,
199 1169 273 1199 οὗτοι
281 1173 333 1199 εἰσι
342 1173 388 1200 καὶ
395 1173 505 1209 σπέρμα
518 1173 622 1209 Ἀϐραὰ
626 1183 646 1210 μ
653 1176 699 1201 καὶ
708 1175 760 1202 υἱοὶ
767 1175 847 1204 Θεοῦ.

66 1217 94 1244 '0
104 1218 159 1252 γὰρ
175 1219 279 1250 Ἰσαὰκ,
294 1219 324 1245 οὑ
331 1219 400 1246 κατὰ
407 1219 489 1254 νόμον
503 1221 636 1256 ἐγεννήθη
651 1221 770 1256 φύσεως,
780 1222 848 1249 ἀλλὰ

62 1265 130 1290 κατὰ
157 1263 273 1299 δύναμιν
299 1265 476 1299 ἐπαγγελίας.
503 1265 608 1293 Οὐκοῦν
634 1267 659 1292 οἱ
683 1267 848 1302 γεννώμενοι

62 1310 158 1340 οὕτως,
182 1311 235 1337 υἱοὶ
250 1311 376 1345 ’Λὸρααμ
399 1312 478 1339 εισιν.
500 1305 593 1343 οὕτως
607 1312 636 1339 δὶ
652 1313 734 1348 ἡμεῖς
748 1313 848 1347 γεννώ-

63 1355 130 1390 μεθα
145 1356 190 1382 διὰ
207 1355 258 1390 τῆς
274 1355 477 1391 κολυμϐήθρας.
501 1356 620 1392 Ῥήμασι
636 1358 690 1392 γὰρ
708 1360 754 1385 καὶ
769 1359 848 1394 ἡμεῖς

62 1403 229 1437 ἐπαγγελίας
249 1402 406 1437 γεννώμεθα
422 1411 428 1418 ’
454 1403 560 1438 ῥήμασι
595 1404 663 1438 μὲν,
688 1404 732 1431 διὰ
753 1406 782 1432 τὸ
809 1407 848 1437 εἰς

62 1450 146 1484 ὖνομα
163 1449 270 1484 Πατρὺς
290 1449 338 1476 καὶ
353 1449 417 1475 rio-3
433 1449 480 1476 καὶ
495 1450 574 1483 ἁγίου
598 1450 756 1486 Πνεύματος
775 1451 848 1485 γίνε-

63 1496 124 1522 σθαι
140 1496 189 1527 τὰς
206 1496 235 1521 ἐν
251 1497 282 1531 τῇ
300 1495 480 1531 κολυμϐήθρᾳ
495 1496 654 1528 καταδύσεις
667 1505 674 1512 ’
699 1498 848 1534 ἐπαγγελίᾳ

898 260 962 281 sunt
979 254 1027 289 qui
1051 255 1133 282 etiam
1158 257 1340 290 promissione
1359 257 1434 292 digni
1453 258 1538 285 habili
1554 263 1617 285 sunt
1634 268 1640 285 :
1655 264 1683 286 et

899 300 1070 334 multiplicati
1089 305 1216 335 tanquam
1227 305 1300 328 astra
1316 302 1484 333 emli,veluti
1499 307 1561 329 sunt
1577 303 1681 335 ﬁdeles,

898 346 924 372 iul
945 351 998 377 est,
1025 353 1079 373 non
1104 346 1152 373 lilii
1176 347 1307 375 carnales.
1332 357 1341 373 ι
1361 347 1416 376 Hoc
1439 353 1480 376 est
1495 357 1548 376 non
1564 349 1610 384 qui
1634 349 1682 377 lilii

898 393 999 425 carnis,
1017 403 1025 419 I
1043 398 1096 421 etc.
1120 394 1224 421 Deinde
1242 395 1381 422 reeitatam
1395 395 1592 427 interpretatur
1608 396 1682 423 Scri-

897 445 1018 475 pturam,
1029 441 1094 475 quid
1107 442 1158 468 sit:
1172 451 1181 467 ‹
1196 442 1249 468 Per
1259 441 1333 468 Isaac
1343 442 1542 470 vocabiturtibi
1556 451 1678 477 semen;-

898 494 997 521 ncmpe
1025 487 1072 521 qui
1092 496 1125 514 ex
1154 488 1336 522 promissione
1365 494 1429 517 sunt
1454 489 1511 516 lilii.
1536 490 1594 517 Non
1613 491 1682 518 dixit

898 537 989 559 autem
1006 542 1012 559 :
1037 533 1125 567 ipsius
1148 534 1295 564 Abraham.
1311 535 1358 562 sed
1384 545 1392 561 ι
1410 536 1456 562 Dei
1472 545 1478 568 ;
1497 546 1506 562 ›
1533 537 1656 563 ostendet
1669 543 1683 564 ε

898 587 988 613 neque
1016 580 1090 607 Isaac
1113 580 1276 615 simpliciter
1301 581 1386 616 ipsius
1418 582 1554 610 Abraham
1580 584 1680 616 fuisse,

897 627 961 660 quia
975 634 1029 653 non
1041 627 1142 654 virtute
1163 627 1276 654 seminis
1291 631 1371 655 natus
1382 633 1434 660 est,
1450 628 1496 656 sed
1511 629 1569 664 eius
1582 629 1682 656 virtute

897 673 944 706 qui
971 673 1157 706 promiserat:
1182 677 1212 700 ut
1242 673 1398 700 ostenderet
1421 674 1492 708 quod
1508 674 1682 709 adoptionem

897 717 1041 749 habentes,
1072 717 1099 744 hi
1123 723 1187 745 sunt
1218 718 1370 746 secundum
1400 719 1609 754 promissionem
1635 720 1683 748 lilii

898 765 1048 792 Abraham.

938 821 946 837 ι
957 813 988 840 Hi
999 817 1063 840 sunt
1076 813 1123 840 lilii
1132 813 1191 840 Dei.
1201 823 1209 839 ι
1222 813 1302 849 325
1312 813 1381 847 Quia
1397 813 1449 841 hoc
1462 821 1588 841 sermone
1600 813 1682 841 etiam

898 858 1020 889 ldumzni,
1030 859 1076 894 qui
1085 867 1118 886 e.\
1125 858 1260 886 Abraham
1267 857 1683 893 trahebantoriginem,quodad

900 912 1010 932 carnem
1021 905 1130 936 attinet,
1142 904 1340 932 deherentesse
1348 903 1462 937 liliiDei,
1479 904 1526 932 sed
1541 912 1595 932 non
1607 908 1683 932 Iunt.

900 951 967 978 Nam
975 950 1001 977 hi
1010 958 1103 977 semen
1113 950 1249 977 Abraham
1259 955 1324 978 sunt
1333 951 1485 978 secundum
1496 959 1606 978 carnem
1619 959 1682 978 πνοι

897 1003 958 1022 rum
968 1004 1017 1023 nas
1027 1003 1122 1023 sumus
1132 995 1179 1023 lilii
1189 996 1391 1032 Abraham,qui
1404 997 1430 1024 in
1441 997 1527 1031 ipsius
1542 997 1593 1024 lide
1607 1004 1683 1024 com-

897 1041 1070 1068 mnnicamus
1087 1048 1148 1067 cum
1166 1041 1242 1076 ipso,
1264 1049 1314 1076 per
1333 1041 1469 1069 lavacrum
1489 1041 1574 1069 divini
1592 1041 1684 1076 bapti-

898 1087 1002 1114 smatis.
1014 1096 1023 1111 ‹
1039 1086 1092 1114 Sed
1106 1087 1152 1113 lilii
1168 1087 1366 1122 promissionis.
1379 1098 1388 1113 ι
1400 1087 1572 1123 Quicunque,
1585 1088 1684 1123 inquit.

897 1133 931 1160 ad
954 1132 1064 1159 modum
1089 1134 1162 1160 Isaac
1175 1133 1231 1160 nati
1247 1133 1349 1160 fuerint
1362 1153 1370 1165 ,
1389 1133 1414 1160 hi
1429 1141 1522 1161 semen
1548 1133 1684 1160 Abraham

898 1184 962 1207 sunt
977 1184 1004 1206 et
1019 1180 1067 1206 lilii
1080 1179 1139 1206 Dei.
1160 1180 1234 1207 lsaac
1249 1180 1322 1207 enim
1342 1188 1397 1207 non
1410 1180 1561 1207 secundum
1581 1187 1686 1211 natura

898 1225 985 1260 legem
999 1230 1079 1252 natus
1093 1230 1144 1257 est,
1158 1225 1206 1252 sed
1219 1225 1369 1253 secundum
1380 1227 1510 1254 virtutem
1523 1228 1684 1263 promissio-

899 1272 952 1299 nis.
975 1272 1070 1307 ltaque
1087 1272 1133 1307 qui
1149 1272 1186 1299 ita
1202 1278 1364 1305 nascuntur,
1389 1273 1436 1300 ﬁlii
1457 1279 1522 1302 sunt
1535 1274 1684 1303 Abraham.

899 1316 992 1353 Itaque
1003 1323 1030 1345 et
1042 1326 1091 1345 nos
1103 1326 1152 1353 per
1171 1318 1308 1345 lavacrum
1322 1318 1471 1352 nascimur,
1485 1319 1620 1355 siquidem
1635 1328 1686 1348 nos

899 1363 981 1390 etiam
1001 1363 1091 1390 verbis
1109 1363 1301 1398 promissionis
1319 1364 1458 1391 nascimur
1475 1373 1482 1392 :
1508 1365 1601 1392 verbis
1625 1365 1686 1401 qui-

899 1409 972 1442 dem,
985 1409 1056 1444 quod
1077 1409 1104 1437 in
1122 1409 1232 1437 nomine
1248 1411 1337 1438 Patris
1351 1415 1379 1438 et
1398 1411 1459 1438 Filii
1474 1415 1502 1438 et
1519 1412 1606 1439 sancti
1626 1411 1686 1447 Spi‘

900 1456 971 1483 ritus
995 1455 1060 1482 liant
1084 1456 1111 1483 in
1137 1457 1246 1483 lavacro
1267 1457 1456 1485 demersiones
1474 1466 1482 1490 ;
1504 1457 1687 1492 promissione

900 1511 975 1534 vero,
989 1502 1060 1537 quod
1076 1503 1214 1536 propheta:
1225 1503 1317 1530 multis
1333 1507 1397 1530 ante
1416 1503 1585 1538 temporibus
1599 1503 1688 1538 bapti-

62 1542 101 1574 δὲ,
116 1541 185 1568 καθὸ
197 1542 222 1568 οἱ
240 1541 378 1576 προφῆται
400 1541 452 1576 πρὸ
467 1542 571 1568 πολλῶν
583 1543 686 1578 χρινων
706 1543 736 1569 τὸ
752 1545 847 1579 βάπτι-

936 1557 958 1576 Ia
973 1549 1209 1581 annuntiaverint,
1219 1550 1303 1577 veluti
1312 1557 1374 1577 cum
1390 1549 1500 1582 dicitur,
1513 1559 1522 1576 ι
1534 1549 1686 1582 Lavamini,

63 1597 117 1622 σμα
130 1588 355 1623 εὐηγγελίσαντο.
378 1587 421 1618 Ὠς
432 1588 473 1620 τὸ,
492 1597 502 1614 ί
517 1588 657 1615 Λούσαοοε
674 1589 720 1615 καὶ
734 1590 847 1625 καθαροὶ

61 1635 181 1668 γένεσθε.
201 1643 210 1659 ι

98 1683 138 1708 οὐ
150 1683 248 1716 μόνον
265 1682 309 1714 δὲ,
325 1682 405 1709 ἀλλὰ
419 1683 468 1709 καὶ
489 1682 640 1714 Ῥεϐέκκα,
655 1682 690 1715 ἐξ
705 1682 775 1715 ἐνὸς
789 1682 849 1709 κοί-

63 1735 118 1759 την
129 1728 257 1761 ἔχουσα,
269 1728 373 1755 Ἰσαὰκ
390 1729 441 1756 τοῦ
454 1729 566 1762 πατρὸς
580 1729 672 1762 ἡμῶν.
688 1729 783 1762 Μήπω
795 1728 849 1762 γὰρ

63 1773 278 1809 γεννηθέντων,
293 1774 372 1809 μηδὲ
389 1775 568 1809 πραξάντων
581 1783 608 1802 τι
627 1775 739 1809 ἀγαθὸν
758 1775 777 1809 ἢ
795 1783 848 1801 κα-

63 1821 127 1852 κὸν,
141 1821 193 1847 ἵνα
205 1821 224 1854 ἡ
238 1820 301 1846 κατ’
313 1821 444 1855 ἐκλογὴν
455 1821 508 1848 τοῦ
521 1821 594 1847 Θεοῦ
609 1822 750 1854 πρόθεσις
762 1821 847 1856 μένῃ,

63 1868 116 1894 οὐκ
131 1867 167 1899 ἐξ
186 1867 291 1901 ἔργων,
314 1867 382 1894 ἀλλ’
407 1867 441 1894 ὲκ
467 1867 520 1894 τοῦ
540 1868 716 1900 καλοῦντος.
738 1867 847 1902 ἐρῤήθη

62 1913 147 1948 αὐτῇ,
171 1914 217 1940 ὅτι
245 1914 277 1940 '0
305 1913 412 1948 μείζων
438 1914 598 1941 δουλεύσει
626 1913 667 1946 τῷ
688 1914 847 1942 ἐλάσσονι.

63 1960 163 1993 Καθὼς
175 1960 338 1994 γέποαπται
349 1969 355 1974 ·
377 1961 436 1988 Τὸν
446 1959 551 1988 Ἰακὼϐ
566 1960 720 1995 ἠγάπησα,
742 1961 796 1988 τὸν
814 1961 849 1988 δὲ

72 2005 162 2033 Ἦσαῦ
175 2006 318 2039 ἐμίσησα.

96 2052 151 2078 Καὶ
165 2051 204 2083 τί,
216 2052 292 2087 φησὶ,
311 2051 476 2086 θαυμαστὸν,
492 2052 598 2079 ὅτιτῶν
612 2053 746 2079 Ἰουδαίων
758 2053 782 2080 οἱ
800 2053 849 2087 μὲν

65 2096 262 2128 πιστεύσαντες
279 2097 318 2128 εις
335 2097 444 2132 σπέρμα
460 2096 589 2132 ’Λϐραὰμ
601 2098 764 2132 λογίζονται.
781 2099 805 2124 οἱ
820 2097 849 2124 δὲ

65 2142 172 2168 ἄπιστοι
188 2142 239 2168 οὐκ
257 2141 316 2173 Eu;
332 2141 417 2168 Τοῦτο
435 2142 490 2177 γὰρ
514 2143 562 2168 καὶ
587 2143 633 2169 ἐπὶ
657 2142 709 2169 τῶν
727 2142 849 2169 παλαιῶν

65 2188 198 2223 εὑρήσεις.
211 2187 268 2213 Καὶ
280 2187 355 2222 γὰρό
365 2188 457 2214 Ἰσαὰκ
470 2187 607 2222 λογίζεται
621 2189 701 2222 μόνος
714 2189 753 2219 είς
766 2188 850 2222 σπέρ-

67 2242 112 2267 μα,
132 2233 223 2259 καίτοι
241 2232 326 2259 ὅντων
341 2233 388 2259 καὶ
403 2233 457 2260 τῶν
472 2233 526 2260 ἀπὸ
541 2233 706 2267 Χεττούρας.
719 2234 756 2260 Οὐ
770 2233 848 2268 μόνον

66 2278 91 2304 δὲ
114 2278 206 2311 τοῦτο,
226 2279 320 2314 φησὶν,
342 2279 409 2305 ἀλλὰ
436 2280 483 2305 καὶ
511 2279 642 2306 Ῥεὸἐκκα
672 2279 701 2312 ἐξ
724 2280 782 2311 ἑνὸς
801 2279 848 2306 τοῦ

72 2325 163 2351 Ἰσαὰκ
178 2325 290 2359 σπέρμα
303 2324 413 2359 ἔχουσα,
424 2327 471 2351 καὶ
486 2325 532 2352 δύο
545 2327 708 2360 γεννήσασα.
724 2326 773 2353 οὐκ
787 2326 848 2360 ἔσκε

67 2371 126 2402 τοὺς
152 2370 201 2396 δύο
228 2371 379 2404 ἀρέσαντας
404 2370 477 2406 Θεῷ,
504 2372 563 2398 οῦδὲ
587 2371 781 2406 λογιζομένους
810 2373 851 2404 εἰς

68 2417 174 2451 σπέρμα
189 2416 326 2450 Ἀδραάμ.
345 2416 440 2443 Καίτοι
472 2417 555 2451 μήπω
588 2417 764 2451 γεννηθέντες
788 2416 850 2443 οὔτε

69 2463 145 2489 καλὸν
161 2461 283 2498 ἔπραξαν
306 2461 368 2489 οὕτε
395 2462 489 2490 κακόν.
505 2462 594 2494 Οὕτω,
618 2464 695 2498 φησι,
711 2464 758 2490 καὶ
782 2463 851 2490 ’1ου-

69 2508 142 2541 δαῖοι,
159 2509 183 2535 οἱ
199 2508 249 2543 μὲν
267 2507 367 2540 πιστοὶ,
387 2508 434 2534 καὶ
449 2507 559 2543 σπέρμα
572 2508 700 2544 ’Δσραάμ
713 2510 776 2542 εἰσι,
803 2509 850 2535 καὶ

71 2553 207 2586 σώζονται,
222 2555 247 2580 οἱ
261 2554 290 2580 δὲ
313 2554 423 2580 ἄπιστοι
438 2554 488 2580 οὐκ
521 2554 571 2581 ἔτι.
592 2563 601 2579 ι
617 2554 662 2587 Ἐξ
678 2555 738 2587 ἑνὸς
756 2555 850 2590 κοίτην

71 2601 171 2634 ἔλουσα,
190 2611 199 2627 ι
218 2599 265 2632 Ἐξ
281 2597 319 2626 ὧν
343 2600 394 2627 οὐκ
418 2599 499 2634 ἔσχε,
519 2600 604 2635 φησὶ,
630 2601 693 2631 τοὺς
715 2600 762 2627 δύο
786 2601 850 2636 ἀρέ-

72 2655 189 2678 σκοντας.
215 2656 224 2672 ι
243 2647 338 2682 Μήπω
371 2646 426 2682 γὰρ
445 2646 640 2681 γεννηθέντων.
659 2655 668 2672 ι
687 2646 740 2673 Τοῦ
761 2646 847 2673 Ἠσαῦ

72 2693 114 2719 καὶ
124 2693 170 2719 τοῦ
183 2692 293 2719 Ίακὼὃ.

107 2748 115 2762 ι
129 2738 187 2765 Ἶνα
202 2739 220 2773 ἡ
240 2738 302 2764 κατ’
317 2737 432 2773 ἐκλογὴν
447 2737 577 2772 πρόθεσις
596 2738 641 2764 τοῦ
657 2737 725 2764 Θεοῦ
744 2737 822 2772 μένῃ.
837 2747 846 2763 ι

73 2783 223 2816 Τουτέοτιν,
236 2784 252 2818 ἡ
264 2783 333 2810 κατὰ
349 2783 503 2818 πρόγνωσιν
520 2783 627 2818 ἐκλογή.
646 2783 746 2815 Εἰπὼν,
760 2792 768 2808 ι
782 2782 849 2818 Πρό-

105 2874 123 2889 "
141 2873 190 2902 lsa.
207 2883 226 2907 ι,
250 2874 292 2902 15.

901 1595 998 1623 mundi
1015 1599 1103 1622 estote
1114 1596 1147 1622 λι.
1167 1605 1176 1620 ι

936 1685 982 1718 IX,
998 1685 1092 1712 10-15.
1109 1684 1167 1712 Non
1182 1684 1267 1711 solum
1286 1688 1373 1712 autem
1393 1684 1449 1716 hoc,
1466 1684 1512 1712 sed
1529 1688 1552 1711 et
1575 1683 1687 1711 Rebecca

902 1741 933 1760 ex
944 1741 996 1759 uno
1011 1732 1158 1767 concipiens
1173 1732 1250 1759 Isaac
1265 1737 1339 1766 palre
1349 1736 1448 1759 nostra.
1462 1731 1527 1758 Cum
1539 1732 1607 1758 enim
1621 1739 1687 1758 non-

902 1778 965 1804 dum
982 1778 1039 1804 nali
1053 1782 1147 1808 essent,
1170 1785 1252 1812 neque
1276 1777 1336 1804 boni
1353 1777 1496 1812 quidquam
1514 1777 1623 1811 egissent
1641 1781 1687 1803 aut

902 1824 967 1850 mali
983 1832 992 1850 ι
1016 1828 1045 1850 ut
1060 1823 1202 1850 secundum
1220 1823 1368 1850 electionem
1384 1824 1544 1858 propositum
1564 1822 1611 1849 Dei
1628 1831 1687 1848 ma-

903 1875 988 1902 neret,
997 1879 1049 1897 non
1065 1878 1097 1896 ex
1108 1869 1237 1903 operibus.
1251 1869 1296 1895 sed
1304 1877 1335 1895 ea:
1347 1875 1454 1896 vocante
1469 1869 1565 1895 dictum
1582 1872 1618 1894 est
1630 1868 1687 1895 illi:

901 1917 990 1950 Major
1008 1917 1100 1943 serviet
1121 1916 1225 1942 minori.
1242 1915 1468 1948 Quemadmodum
1478 1915 1604 1950 scriptum
1625 1918 1662 1941 est
1678 1922 1688 1941 :

900 1963 981 1991 Iacob
989 1963 1081 1995 dilexi,
1096 1963 1169 1990 Esau
1183 1970 1244 1990 vero
1262 1962 1320 1988 adio
1333 1961 1422 1988 habui.

938 2052 972 2079 Et
997 2051 1063 2087 quid
1082 2051 1195 2083 mirum,
1213 2050 1312 2086 inquit,
1330 2050 1402 2085 quod
1419 2050 1576 2078 Judaeorum
1592 2050 1620 2077 bi
1637 2049 1687 2077 soli

902 2098 929 2125 in
941 2105 1035 2124 semen
1050 2096 1186 2124 Abraham
1203 2101 1366 2131 reputentur
1378 2096 1425 2132 qui
1440 2097 1629 2128 crediderunt,
1645 2096 1688 2123 in-

902 2145 1007 2173 creduli
1029 2153 1094 2172 vero
1109 2153 1164 2171 non
1178 2145 1213 2171 ita
1228 2145 1239 2171 Ἰ
1253 2145 1318 2171 Nam
1331 2149 1358 2171 et
1376 2145 1428 2171 hoc
1445 2144 1471 2171 in
1488 2145 1630 2172 veteribus
1647 2145 1689 2171 in-

901 2191 1007 2218 venies.
1026 2190 1167 2225 Siquidem
1190 2190 1264 2217 lsaac
1282 2194 1424 2223 reputatur
1441 2190 1515 2217 solus
1535 2190 1561 2216 in
1581 2198 1686 2222 semen.

902 2241 1064 2264 cumtamen
1081 2235 1125 2262 alii
1137 2239 1254 2262 essenta
1266 2234 1395 2262 Chettura
1409 2234 1467 2261 lilii.
1478 2234 1533 2262 Nec
1550 2235 1575 2261 id
1587 2235 1687 2266 solum.

903 2283 949 2310 sed
965 2288 993 2309 et
1007 2283 1131 2310 Rebecca
1153 2290 1186 2309 ex
1201 2290 1256 2309 uno
1271 2282 1345 2309 isaac
1358 2286 1471 2316 accepto
1492 2282 1607 2311 semine.
1625 2290 1688 2309 cum

903 2329 972 2356 duos
997 2329 1159 2363 peperisset,
1177 2337 1231 2355 non
1255 2328 1350 2355 habuit
1370 2328 1439 2355 duos
1455 2329 1500 2363 qni
1524 2328 1578 2356 Deo
1598 2329 1689 2364 place-

903 2379 974 2406 rent.
993 2380 1040 2402 aut
1057 2376 1083 2402 in
1106 2383 1199 2402 semen
1215 2375 1351 2402 Abraham
1368 2379 1562 2410 reputarcntur
1581 2384 1587 2402 ;
1605 2375 1688 2410 idque

902 2430 964 2449 cum
984 2422 1106 2448 nondum
1129 2426 1221 2449 essent
1240 2422 1307 2453 nati,
1329 2430 1419 2456 neque
1442 2423 1543 2449 bonum
1567 2423 1689 2457 egissent

902 2473 949 2494 aut
963 2466 1074 2493 malum.
1090 2466 1135 2493 Sic
1147 2470 1174 2493 et
1188 2465 1289 2493 Iudaeis
1302 2474 1308 2492 :
1322 2465 1415 2493 ﬁdeles
1428 2466 1538 2501 quidem
1552 2471 1579 2493 et
1594 2474 1688 2493 semen

902 2512 1038 2540 Abraham
1056 2516 1119 2538 sunt
1133 2516 1161 2539 et
1175 2512 1242 2538 salvi
1255 2511 1333 2544 lium,
1350 2512 1474 2539 inlideles
1489 2520 1554 2539 vero
1569 2520 1622 2539 non
1636 2512 1686 2538 ita.

907 2567 916 2583 ‹
941 2559 979 2585 Ex
999 2566 1053 2585 uno
1077 2558 1248 2592 concipiens.
1273 2568 1282 2584 ι
1309 2558 1364 2586 Nec
1390 2564 1480 2586 tamen
1508 2558 1543 2585 ob
1566 2558 1592 2585 id
1618 2559 1688 2585 duos

903 2602 999 2629 habuit
1016 2603 1061 2636 qui
1083 2602 1138 2629 Deo
1154 2603 1302 2637 placerent.
1323 2613 1332 2628 ‹
1347 2603 1415 2630 Cum
1431 2603 1551 2630 nondum
1571 2603 1626 2630 nati
1642 2611 1687 2630 ee-

888 2644 972 2676 lsent.
991 2658 1000 2674 ι
1018 2649 1089 2676 Esau
1108 2649 1235 2676 videlicet
1251 2653 1279 2676 et
1293 2648 1388 2677 Jacob.

935 2736 1017 2771 326
1033 2745 1041 2761 ι
1061 2736 1096 2764 Ut
1112 2736 1262 2764 secundum
1277 2737 1439 2765 electionem
1455 2737 1624 2772 propositum
1639 2738 1687 2766 Dei

905 2787 1036 2810 maneret.
1055 2792 1063 2808 ι
1083 2782 1111 2810 id
1129 2787 1180 2815 est,
1197 2783 1295 2810 electio
1305 2791 1366 2818 qua:
1380 2784 1530 2812 secundum
1545 2784 1686 2819 scientiam
