  <div class='ocr_page' id='page_1' title='image "/cluster/home/n/w/nwhite01/storage/ocr_20150623/118/njp.32101077772992/373.png"; bbox 0 0 1878 3054; ppageno 0'>
   <div class='ocr_carea' id='block_1_1' title="bbox 181 130 232 161">
    <p class='ocr_par' dir='ltr' id='par_1_1' title="bbox 181 130 232 161">
     <span class='ocr_line' id='line_1_1' title="bbox 181 130 232 161; baseline 0 -1"><span class='ocrx_word' id='word_1_1' title='bbox 181 130 232 161; x_wconf 81' lang='grc'><strong>507</strong></span> 
     </span>
    </p>
   </div>
   <div class='ocr_carea' id='block_1_2' title="bbox 179 184 965 220">
    <p class='ocr_par' dir='ltr' id='par_1_2' title="bbox 179 184 965 220">
     <span class='ocr_line' id='line_1_2' title="bbox 179 184 965 220; baseline -0.001 -7"><span class='ocrx_word' id='word_1_2' title='bbox 179 191 232 216; x_wconf 90' lang='lat' dir='ltr'><strong>est.</strong></span> <span class='ocrx_word' id='word_1_3' title='bbox 257 185 399 213; x_wconf 84' lang='lat' dir='ltr'><strong>Dicendo:</strong></span> <span class='ocrx_word' id='word_1_4' title='bbox 419 195 427 211; x_wconf 85' lang='grc' dir='ltr'>ι</span> <span class='ocrx_word' id='word_1_5' title='bbox 446 184 617 220; x_wconf 83' lang='lat' dir='ltr'><strong>Propositum</strong></span> <span class='ocrx_word' id='word_1_6' title='bbox 639 184 697 216; x_wconf 87' lang='lat' dir='ltr'><strong>Dei,</strong></span> <span class='ocrx_word' id='word_1_7' title='bbox 718 194 726 210; x_wconf 77' lang='grc' dir='ltr'>ι</span> <span class='ocrx_word' id='word_1_8' title='bbox 746 185 890 212; x_wconf 84' lang='lat' dir='ltr'><strong>consilium</strong></span> <span class='ocrx_word' id='word_1_9' title='bbox 907 185 965 220; x_wconf 83' lang='lat' dir='ltr'><strong>ejus</strong></span> 
     </span>
    </p>
   </div>
   <div class='ocr_carea' id='block_1_3' title="bbox 180 229 962 266">
    <p class='ocr_par' dir='ltr' id='par_1_3' title="bbox 180 229 962 266">
     <span class='ocr_line' id='line_1_3' title="bbox 180 229 962 266; baseline -0.003 -8"><span class='ocrx_word' id='word_1_10' title='bbox 180 231 361 266; x_wconf 81' lang='lat' dir='ltr'><strong>signiﬁcavit;</strong></span> <span class='ocrx_word' id='word_1_11' title='bbox 376 230 472 258; x_wconf 89' lang='lat' dir='ltr'><strong>dicens</strong></span> <span class='ocrx_word' id='word_1_12' title='bbox 480 238 562 256; x_wconf 84' lang='lat' dir='ltr'><strong>vero:</strong></span> <span class='ocrx_word' id='word_1_13' title='bbox 579 239 588 254; x_wconf 75' lang='grc' dir='ltr'>ι</span> <span class='ocrx_word' id='word_1_14' title='bbox 602 229 759 256; x_wconf 85' lang='lat' dir='ltr'><strong>Secundum</strong></span> <span class='ocrx_word' id='word_1_15' title='bbox 767 230 940 261; x_wconf 80' lang='lat' dir='ltr'><strong>electionem,</strong></span> <span class='ocrx_word' id='word_1_16' title='bbox 953 240 962 256; x_wconf 73' lang='grc' dir='ltr'>ι</span> 
     </span>
    </p>
   </div>
   <div class='ocr_carea' id='block_1_4' title="bbox 180 274 965 311">
    <p class='ocr_par' dir='ltr' id='par_1_4' title="bbox 180 274 965 311">
     <span class='ocr_line' id='line_1_4' title="bbox 180 274 965 311; baseline -0.003 -7"><span class='ocrx_word' id='word_1_17' title='bbox 180 276 302 304; x_wconf 76' lang='lat' dir='ltr'><strong>ostendit</strong></span> <span class='ocrx_word' id='word_1_18' title='bbox 317 276 389 311; x_wconf 84' lang='lat' dir='ltr'><strong>quod</strong></span> <span class='ocrx_word' id='word_1_19' title='bbox 405 283 420 302; x_wconf 89' lang='lat' dir='ltr'><strong>a</strong></span> <span class='ocrx_word' id='word_1_20' title='bbox 435 283 463 302; x_wconf 83' lang='lat' dir='ltr'><strong>se</strong></span> <span class='ocrx_word' id='word_1_21' title='bbox 480 275 597 301; x_wconf 65' lang='lat' dir='ltr'><strong>invicem</strong></span> <span class='ocrx_word' id='word_1_22' title='bbox 610 274 761 302; x_wconf 88' lang='lat' dir='ltr'><strong>diﬁ&#39;errent.</strong></span> <span class='ocrx_word' id='word_1_23' title='bbox 780 275 878 303; x_wconf 89' lang='lat' dir='ltr'><strong>Nullus</strong></span> <span class='ocrx_word' id='word_1_24' title='bbox 893 275 965 302; x_wconf 87' lang='lat' dir='ltr'><strong>enim</strong></span> 
     </span>
    </p>
   </div>
   <div class='ocr_carea' id='block_1_5' title="bbox 181 320 967 356">
    <p class='ocr_par' dir='ltr' id='par_1_5' title="bbox 181 320 967 356">
     <span class='ocr_line' id='line_1_5' title="bbox 181 320 967 356; baseline -0.003 -7"><span class='ocrx_word' id='word_1_25' title='bbox 181 322 296 349; x_wconf 86' lang='lat' dir='ltr'><strong>alterum</strong></span> <span class='ocrx_word' id='word_1_26' title='bbox 313 329 369 356; x_wconf 77' lang='lat' dir='ltr'><strong>pra:</strong></span> <span class='ocrx_word' id='word_1_27' title='bbox 382 321 468 347; x_wconf 85' lang='lat' dir='ltr'><strong>altero</strong></span> <span class='ocrx_word' id='word_1_28' title='bbox 484 320 569 355; x_wconf 82' lang='lat' dir='ltr'><strong>eligit.</strong></span> <span class='ocrx_word' id='word_1_29' title='bbox 583 321 634 348; x_wconf 86' lang='lat' dir='ltr'><strong>nisi</strong></span> <span class='ocrx_word' id='word_1_30' title='bbox 651 320 702 347; x_wconf 92' lang='lat' dir='ltr'><strong>hoc</strong></span> <span class='ocrx_word' id='word_1_31' title='bbox 715 320 749 347; x_wconf 88' lang='lat' dir='ltr'><strong>ab</strong></span> <span class='ocrx_word' id='word_1_32' title='bbox 764 320 818 347; x_wconf 88' lang='lat' dir='ltr'><strong>alio</strong></span> <span class='ocrx_word' id='word_1_33' title='bbox 833 321 862 348; x_wconf 88' lang='lat' dir='ltr'><strong>in</strong></span> <span class='ocrx_word' id='word_1_34' title='bbox 875 320 967 355; x_wconf 86' lang='lat' dir='ltr'><strong>aliquo</strong></span> 
     </span>
    </p>
   </div>
   <div class='ocr_carea' id='block_1_6' title="bbox 183 366 964 401">
    <p class='ocr_par' dir='ltr' id='par_1_6' title="bbox 183 366 964 401">
     <span class='ocr_line' id='line_1_6' title="bbox 183 366 964 401; baseline -0.004 -6"><span class='ocrx_word' id='word_1_35' title='bbox 183 367 325 395; x_wconf 88' lang='lat' dir='ltr'><strong>dissideat.</strong></span> <span class='ocrx_word' id='word_1_36' title='bbox 345 367 443 393; x_wconf 89' lang='lat' dir='ltr'><strong>Dicens</strong></span> <span class='ocrx_word' id='word_1_37' title='bbox 459 371 551 393; x_wconf 84' lang='lat' dir='ltr'><strong>autem</strong></span> <span class='ocrx_word' id='word_1_38' title='bbox 568 375 577 393; x_wconf 87' lang='lat'><strong><em>:</em></strong></span> <span class='ocrx_word' id='word_1_39' title='bbox 607 376 616 392; x_wconf 77' lang='grc' dir='ltr'>ι</span> <span class='ocrx_word' id='word_1_40' title='bbox 644 366 703 393; x_wconf 83' lang='lat' dir='ltr'><strong>Non</strong></span> <span class='ocrx_word' id='word_1_41' title='bbox 729 373 763 393; x_wconf 77' lang='lat' dir='ltr'><strong>ex</strong></span> <span class='ocrx_word' id='word_1_42' title='bbox 787 366 928 401; x_wconf 81' lang='lat' dir='ltr'><strong>operibus.</strong></span> <span class='ocrx_word' id='word_1_43' title='bbox 955 375 964 392; x_wconf 75' lang='grc' dir='ltr'>ι</span> 
     </span>
    </p>
   </div>
   <div class='ocr_carea' id='block_1_7' title="bbox 183 411 968 446">
    <p class='ocr_par' dir='ltr' id='par_1_7' title="bbox 183 411 968 446">
     <span class='ocr_line' id='line_1_7' title="bbox 183 411 968 446; baseline -0.001 -7"><span class='ocrx_word' id='word_1_44' title='bbox 183 412 335 440; x_wconf 85' lang='lat' dir='ltr'><strong>vocationis</strong></span> <span class='ocrx_word' id='word_1_45' title='bbox 353 419 385 438; x_wconf 92' lang='lat' dir='ltr'><strong>ac</strong></span> <span class='ocrx_word' id='word_1_46' title='bbox 400 412 493 446; x_wconf 67' lang='lat' dir='ltr'><strong>gratim</strong></span> <span class='ocrx_word' id='word_1_47' title='bbox 514 411 600 446; x_wconf 84' lang='lat' dir='ltr'><strong>ipsius</strong></span> <span class='ocrx_word' id='word_1_48' title='bbox 614 411 830 446; x_wconf 74' lang='lat' dir='ltr'><strong>magnitudinem</strong></span> <span class='ocrx_word' id='word_1_49' title='bbox 852 411 968 438; x_wconf 82' lang='lat' dir='ltr'><strong>demon-</strong></span> 
     </span>
    </p>
   </div>
   <div class='ocr_carea' id='block_1_8' title="bbox 182 456 969 492">
    <p class='ocr_par' dir='ltr' id='par_1_8' title="bbox 182 456 969 492">
     <span class='ocr_line' id='line_1_8' title="bbox 182 456 969 492; baseline 0 -8"><span class='ocrx_word' id='word_1_50' title='bbox 182 458 296 489; x_wconf 78' lang='lat' dir='ltr'><strong>stravit;</strong></span> <span class='ocrx_word' id='word_1_51' title='bbox 315 465 377 484; x_wconf 86' lang='lat' dir='ltr'><strong>nam</strong></span> <span class='ocrx_word' id='word_1_52' title='bbox 390 457 472 484; x_wconf 88' lang='lat' dir='ltr'><strong>etiam</strong></span> <span class='ocrx_word' id='word_1_53' title='bbox 488 464 549 483; x_wconf 84' lang='lat' dir='ltr'><strong>cuin</strong></span> <span class='ocrx_word' id='word_1_54' title='bbox 568 457 637 483; x_wconf 91' lang='lat' dir='ltr'><strong>nihil</strong></span> <span class='ocrx_word' id='word_1_55' title='bbox 649 456 753 491; x_wconf 78' lang='lat' dir='ltr'><strong>operati</strong></span> <span class='ocrx_word' id='word_1_56' title='bbox 770 457 835 488; x_wconf 85' lang='lat' dir='ltr'><strong>sint,</strong></span> <span class='ocrx_word' id='word_1_57' title='bbox 850 457 926 492; x_wconf 78' lang='lat' dir='ltr'><strong>eligit</strong></span> <span class='ocrx_word' id='word_1_58' title='bbox 940 461 969 484; x_wconf 87' lang='lat' dir='ltr'><strong>et</strong></span> 
     </span>
    </p>
   </div>
   <div class='ocr_carea' id='block_1_9' title="bbox 181 502 969 538">
    <p class='ocr_par' dir='ltr' id='par_1_9' title="bbox 181 502 969 538">
     <span class='ocr_line' id='line_1_9' title="bbox 181 502 969 538; baseline -0.001 -8"><span class='ocrx_word' id='word_1_59' title='bbox 181 503 407 531; x_wconf 80' lang='lat' dir='ltr'><strong>asciscit.Veruni</strong></span> <span class='ocrx_word' id='word_1_60' title='bbox 420 503 454 534; x_wconf 96' lang='lat' dir='ltr'><strong>si,</strong></span> <span class='ocrx_word' id='word_1_61' title='bbox 466 510 527 529; x_wconf 88' lang='lat' dir='ltr'><strong>cum</strong></span> <span class='ocrx_word' id='word_1_62' title='bbox 544 503 612 529; x_wconf 85' lang='lat' dir='ltr'><strong>nihil</strong></span> <span class='ocrx_word' id='word_1_63' title='bbox 624 503 728 538; x_wconf 84' lang='lat' dir='ltr'><strong>operati</strong></span> <span class='ocrx_word' id='word_1_64' title='bbox 743 502 901 538; x_wconf 77' lang='lat' dir='ltr'><strong>sint,eligit,</strong></span> <span class='ocrx_word' id='word_1_65' title='bbox 913 510 969 538; x_wconf 86' lang='lat' dir='ltr'><strong>quo</strong></span> 
     </span>
    </p>
   </div>
   <div class='ocr_carea' id='block_1_10' title="bbox 182 548 970 584">
    <p class='ocr_par' dir='ltr' id='par_1_10' title="bbox 182 548 970 584">
     <span class='ocr_line' id='line_1_10' title="bbox 182 548 970 584; baseline 0 -8"><span class='ocrx_word' id='word_1_66' title='bbox 182 555 261 584; x_wconf 88' lang='lat' dir='ltr'><strong>pacto</strong></span> <span class='ocrx_word' id='word_1_67' title='bbox 278 549 377 583; x_wconf 74' lang='lat' dir='ltr'><strong>eligit?</strong></span> <span class='ocrx_word' id='word_1_68' title='bbox 395 548 474 575; x_wconf 90' lang='lat' dir='ltr'><strong>nobis</strong></span> <span class='ocrx_word' id='word_1_69' title='bbox 486 549 590 576; x_wconf 89' lang='lat' dir='ltr'><strong>etenim</strong></span> <span class='ocrx_word' id='word_1_70' title='bbox 606 549 704 576; x_wconf 88' lang='lat' dir='ltr'><strong>electio</strong></span> <span class='ocrx_word' id='word_1_71' title='bbox 719 549 748 576; x_wconf 88' lang='lat' dir='ltr'><strong>ﬁt</strong></span> <span class='ocrx_word' id='word_1_72' title='bbox 768 549 794 576; x_wconf 89' lang='lat' dir='ltr'><strong>in</strong></span> <span class='ocrx_word' id='word_1_73' title='bbox 808 548 851 576; x_wconf 85' lang='lat' dir='ltr'><strong>his</strong></span> <span class='ocrx_word' id='word_1_74' title='bbox 866 556 928 584; x_wconf 56' lang='lat' dir='ltr'><strong>qua).</strong></span> <span class='ocrx_word' id='word_1_75' title='bbox 941 549 970 576; x_wconf 94' lang='lat' dir='ltr'><strong>in</strong></span> 
     </span>
    </p>
   </div>
   <div class='ocr_carea' id='block_1_11' title="bbox 181 595 969 630">
    <p class='ocr_par' dir='ltr' id='par_1_11' title="bbox 181 595 969 630">
     <span class='ocr_line' id='line_1_11' title="bbox 181 595 969 630; baseline -0.001 -7"><span class='ocrx_word' id='word_1_76' title='bbox 181 596 273 630; x_wconf 86' lang='lat' dir='ltr'><strong>aliquo</strong></span> <span class='ocrx_word' id='word_1_77' title='bbox 285 595 432 628; x_wconf 80' lang='lat' dir='ltr'><strong>din‘erunt;</strong></span> <span class='ocrx_word' id='word_1_78' title='bbox 444 595 490 630; x_wconf 90' lang='lat' dir='ltr'><strong>qui</strong></span> <span class='ocrx_word' id='word_1_79' title='bbox 501 599 592 622; x_wconf 84' lang='lat' dir='ltr'><strong>autem</strong></span> <span class='ocrx_word' id='word_1_80' title='bbox 605 595 674 622; x_wconf 88' lang='lat' dir='ltr'><strong>nihil</strong></span> <span class='ocrx_word' id='word_1_81' title='bbox 684 595 789 630; x_wconf 84' lang='lat' dir='ltr'><strong>operati</strong></span> <span class='ocrx_word' id='word_1_82' title='bbox 801 595 866 627; x_wconf 86' lang='lat' dir='ltr'><strong>sint,</strong></span> <span class='ocrx_word' id='word_1_83' title='bbox 876 596 903 622; x_wconf 95' lang='lat' dir='ltr'><strong>in</strong></span> <span class='ocrx_word' id='word_1_84' title='bbox 914 602 969 630; x_wconf 85' lang='lat' dir='ltr'><strong>quo</strong></span> 
     </span>
    </p>
   </div>
   <div class='ocr_carea' id='block_1_12' title="bbox 181 640 969 676">
    <p class='ocr_par' dir='ltr' id='par_1_12' title="bbox 181 640 969 676">
     <span class='ocr_line' id='line_1_12' title="bbox 181 640 969 676; baseline 0 -8"><span class='ocrx_word' id='word_1_85' title='bbox 181 641 314 668; x_wconf 77' lang='lat' dir='ltr'><strong>differunt</strong></span> <span class='ocrx_word' id='word_1_86' title='bbox 329 641 341 668; x_wconf 87' lang='lat'><strong>?</strong></span> <span class='ocrx_word' id='word_1_87' title='bbox 359 641 485 668; x_wconf 84' lang='lat' dir='ltr'><strong>Maxime.</strong></span> <span class='ocrx_word' id='word_1_88' title='bbox 506 640 638 668; x_wconf 82' lang='lat' dir='ltr'><strong>Humanis</strong></span> <span class='ocrx_word' id='word_1_89' title='bbox 655 649 773 676; x_wconf 88' lang='lat' dir='ltr'><strong>namque</strong></span> <span class='ocrx_word' id='word_1_90' title='bbox 789 642 888 674; x_wconf 89' lang='lat' dir='ltr'><strong>oculis,</strong></span> <span class='ocrx_word' id='word_1_91' title='bbox 906 649 969 668; x_wconf 86' lang='lat' dir='ltr'><strong>cum</strong></span> 
     </span>
    </p>
   </div>
   <div class='ocr_carea' id='block_1_13' title="bbox 182 686 971 722">
    <p class='ocr_par' dir='ltr' id='par_1_13' title="bbox 182 686 971 722">
     <span class='ocr_line' id='line_1_13' title="bbox 182 686 971 722; baseline -0.001 -8"><span class='ocrx_word' id='word_1_92' title='bbox 182 687 252 714; x_wconf 90' lang='lat' dir='ltr'><strong>nihil</strong></span> <span class='ocrx_word' id='word_1_93' title='bbox 268 687 386 722; x_wconf 82' lang='lat' dir='ltr'><strong>egerint,</strong></span> <span class='ocrx_word' id='word_1_94' title='bbox 404 686 431 713; x_wconf 91' lang='lat' dir='ltr'><strong>in</strong></span> <span class='ocrx_word' id='word_1_95' title='bbox 450 686 524 713; x_wconf 94' lang='lat' dir='ltr'><strong>nullo</strong></span> <span class='ocrx_word' id='word_1_96' title='bbox 539 686 671 714; x_wconf 79' lang='lat' dir='ltr'><strong>diﬂ&#39;erunt</strong></span> <span class='ocrx_word' id='word_1_97' title='bbox 686 696 692 713; x_wconf 88' lang='lat'><strong>:</strong></span> <span class='ocrx_word' id='word_1_98' title='bbox 713 687 805 713; x_wconf 90' lang='lat' dir='ltr'><strong>divina</strong></span> <span class='ocrx_word' id='word_1_99' title='bbox 821 690 913 714; x_wconf 86' lang='lat' dir='ltr'><strong>autent</strong></span> <span class='ocrx_word' id='word_1_100' title='bbox 929 686 971 713; x_wconf 79' lang='lat' dir='ltr'><strong>fu-</strong></span> 
     </span>
    </p>
   </div>
   <div class='ocr_carea' id='block_1_14' title="bbox 183 731 970 768">
    <p class='ocr_par' dir='ltr' id='par_1_14' title="bbox 183 731 970 768">
     <span class='ocr_line' id='line_1_14' title="bbox 183 731 970 768; baseline -0.001 -7"><span class='ocrx_word' id='word_1_101' title='bbox 183 734 239 761; x_wconf 88' lang='lat' dir='ltr'><strong>turi</strong></span> <span class='ocrx_word' id='word_1_102' title='bbox 266 733 489 768; x_wconf 72' lang='lat' dir='ltr'><strong>praicognitione,</strong></span> <span class='ocrx_word' id='word_1_103' title='bbox 507 733 657 767; x_wconf 90' lang='lat' dir='ltr'><strong>plurimum</strong></span> <span class='ocrx_word' id='word_1_104' title='bbox 680 732 821 760; x_wconf 72' lang='lat' dir='ltr'><strong>diﬁerunt.</strong></span> <span class='ocrx_word' id='word_1_105' title='bbox 841 731 909 759; x_wconf 89' lang='lat' dir='ltr'><strong>Nam</strong></span> <span class='ocrx_word' id='word_1_106' title='bbox 925 732 970 760; x_wconf 74' lang='lat' dir='ltr'><strong>ille</strong></span> 
     </span>
    </p>
   </div>
   <div class='ocr_carea' id='block_1_15' title="bbox 183 777 969 814">
    <p class='ocr_par' dir='ltr' id='par_1_15' title="bbox 183 777 969 814">
     <span class='ocr_line' id='line_1_15' title="bbox 183 777 969 814; baseline -0.003 -8"><span class='ocrx_word' id='word_1_107' title='bbox 183 779 297 814; x_wconf 80' lang='lat' dir='ltr'><strong>quidem</strong></span> <span class='ocrx_word' id='word_1_108' title='bbox 320 783 414 814; x_wconf 82' lang='lat' dir='ltr'><strong>gratus</strong></span> <span class='ocrx_word' id='word_1_109' title='bbox 443 779 495 806; x_wconf 84' lang='lat' dir='ltr'><strong>iuit</strong></span> <span class='ocrx_word' id='word_1_110' title='bbox 514 779 579 810; x_wconf 88' lang='lat' dir='ltr'><strong>Deo,</strong></span> <span class='ocrx_word' id='word_1_111' title='bbox 604 778 649 806; x_wconf 87' lang='lat' dir='ltr'><strong>hic</strong></span> <span class='ocrx_word' id='word_1_112' title='bbox 670 783 761 805; x_wconf 88' lang='lat' dir='ltr'><strong>autem</strong></span> <span class='ocrx_word' id='word_1_113' title='bbox 777 786 845 805; x_wconf 90' lang='lat' dir='ltr'><strong>non.</strong></span> <span class='ocrx_word' id='word_1_114' title='bbox 866 777 969 805; x_wconf 82' lang='lat' dir='ltr'><strong>Electio</strong></span> 
     </span>
    </p>
   </div>
   <div class='ocr_carea' id='block_1_16' title="bbox 184 823 972 858">
    <p class='ocr_par' dir='ltr' id='par_1_16' title="bbox 184 823 972 858">
     <span class='ocr_line' id='line_1_16' title="bbox 184 823 972 858; baseline -0.001 -7"><span class='ocrx_word' id='word_1_115' title='bbox 184 824 277 858; x_wconf 87' lang='lat' dir='ltr'><strong>itaque</strong></span> <span class='ocrx_word' id='word_1_116' title='bbox 290 832 344 851; x_wconf 94' lang='lat' dir='ltr'><strong>non</strong></span> <span class='ocrx_word' id='word_1_117' title='bbox 362 832 395 850; x_wconf 88' lang='lat' dir='ltr'><strong>ex</strong></span> <span class='ocrx_word' id='word_1_118' title='bbox 408 824 538 858; x_wconf 77' lang='lat' dir='ltr'><strong>operibus</strong></span> <span class='ocrx_word' id='word_1_119' title='bbox 556 823 626 851; x_wconf 83' lang='lat' dir='ltr'><strong>facta</strong></span> <span class='ocrx_word' id='word_1_120' title='bbox 641 828 693 856; x_wconf 89' lang='lat' dir='ltr'><strong>est,</strong></span> <span class='ocrx_word' id='word_1_121' title='bbox 711 828 739 851; x_wconf 88' lang='lat' dir='ltr'><strong>et</strong></span> <span class='ocrx_word' id='word_1_122' title='bbox 751 831 766 850; x_wconf 87' lang='lat' dir='ltr'><strong>a</strong></span> <span class='ocrx_word' id='word_1_123' title='bbox 781 823 924 850; x_wconf 84' lang='lat' dir='ltr'><strong>vocatione</strong></span> <span class='ocrx_word' id='word_1_124' title='bbox 943 827 972 851; x_wconf 90' lang='lat' dir='ltr'><strong>et</strong></span> 
     </span>
    </p>
   </div>
   <div class='ocr_carea' id='block_1_17' title="bbox 184 869 974 905">
    <p class='ocr_par' dir='ltr' id='par_1_17' title="bbox 184 869 974 905">
     <span class='ocr_line' id='line_1_17' title="bbox 184 869 974 905; baseline -0.001 -9"><span class='ocrx_word' id='word_1_125' title='bbox 184 870 270 905; x_wconf 80' lang='lat' dir='ltr'><strong>gratia</strong></span> <span class='ocrx_word' id='word_1_126' title='bbox 284 869 354 897; x_wconf 83' lang='lat' dir='ltr'><strong>facta</strong></span> <span class='ocrx_word' id='word_1_127' title='bbox 371 873 425 896; x_wconf 88' lang='lat' dir='ltr'><strong>est.</strong></span> <span class='ocrx_word' id='word_1_128' title='bbox 442 869 476 896; x_wconf 87' lang='lat' dir='ltr'><strong>Et</strong></span> <span class='ocrx_word' id='word_1_129' title='bbox 486 870 559 904; x_wconf 87' lang='lat' dir='ltr'><strong>jusle</strong></span> <span class='ocrx_word' id='word_1_130' title='bbox 573 869 644 897; x_wconf 81' lang='lat' dir='ltr'><strong>facta</strong></span> <span class='ocrx_word' id='word_1_131' title='bbox 661 874 721 897; x_wconf 89' lang='lat' dir='ltr'><strong>est:</strong></span> <span class='ocrx_word' id='word_1_132' title='bbox 743 869 790 896; x_wconf 90' lang='lat' dir='ltr'><strong>sed</strong></span> <span class='ocrx_word' id='word_1_133' title='bbox 803 869 909 904; x_wconf 83' lang='lat' dir='ltr'><strong>justitia</strong></span> <span class='ocrx_word' id='word_1_134' title='bbox 925 869 974 895; x_wconf 94' lang='lat' dir='ltr'><strong>ho-</strong></span> 
     </span>
    </p>
   </div>
   <div class='ocr_carea' id='block_1_18' title="bbox 186 915 975 948">
    <p class='ocr_par' dir='ltr' id='par_1_18' title="bbox 186 915 975 948">
     <span class='ocr_line' id='line_1_18' title="bbox 186 915 975 948; baseline 0 -6"><span class='ocrx_word' id='word_1_135' title='bbox 186 916 275 942; x_wconf 88' lang='lat' dir='ltr'><strong>mines</strong></span> <span class='ocrx_word' id='word_1_136' title='bbox 286 915 398 942; x_wconf 82' lang='lat' dir='ltr'><strong>latebat.</strong></span> <span class='ocrx_word' id='word_1_137' title='bbox 415 915 651 948; x_wconf 80' lang='lat' dir='ltr'><strong>Quemadmodum</strong></span> <span class='ocrx_word' id='word_1_138' title='bbox 669 923 736 942; x_wconf 85' lang='lat' dir='ltr'><strong>sane</strong></span> <span class='ocrx_word' id='word_1_139' title='bbox 754 920 782 942; x_wconf 90' lang='lat' dir='ltr'><strong>et</strong></span> <span class='ocrx_word' id='word_1_140' title='bbox 796 923 868 942; x_wconf 91' lang='lat' dir='ltr'><strong>nunc</strong></span> <span class='ocrx_word' id='word_1_141' title='bbox 883 915 975 942; x_wconf 87' lang='lat' dir='ltr'><strong>adhuc</strong></span> 
     </span>
    </p>
   </div>
   <div class='ocr_carea' id='block_1_19' title="bbox 183 961 971 996">
    <p class='ocr_par' dir='ltr' id='par_1_19' title="bbox 183 961 971 996">
     <span class='ocr_line' id='line_1_19' title="bbox 183 961 971 996; baseline 0 -9"><span class='ocrx_word' id='word_1_142' title='bbox 183 961 288 996; x_wconf 81' lang='lat' dir='ltr'><strong>justitia</strong></span> <span class='ocrx_word' id='word_1_143' title='bbox 305 961 372 987; x_wconf 72' lang='lat' dir='ltr'><strong>latet</strong></span> <span class='ocrx_word' id='word_1_144' title='bbox 384 969 444 995; x_wconf 66' lang='lat' dir='ltr'><strong>qua:</strong></span> <span class='ocrx_word' id='word_1_145' title='bbox 455 961 506 988; x_wconf 83' lang='lat' dir='ltr'><strong>fuit</strong></span> <span class='ocrx_word' id='word_1_146' title='bbox 521 961 548 988; x_wconf 93' lang='lat' dir='ltr'><strong>in</strong></span> <span class='ocrx_word' id='word_1_147' title='bbox 562 961 671 988; x_wconf 89' lang='lat' dir='ltr'><strong>illorum</strong></span> <span class='ocrx_word' id='word_1_148' title='bbox 687 961 824 988; x_wconf 85' lang='lat' dir='ltr'><strong>occisione</strong></span> <span class='ocrx_word' id='word_1_149' title='bbox 839 961 885 996; x_wconf 89' lang='lat' dir='ltr'><strong>qui</strong></span> <span class='ocrx_word' id='word_1_150' title='bbox 899 961 971 988; x_wconf 86' lang='lat' dir='ltr'><strong>vitu-</strong></span> 
     </span>
    </p>
   </div>
   <div class='ocr_carea' id='block_1_20' title="bbox 184 1005 976 1033">
    <p class='ocr_par' dir='ltr' id='par_1_20' title="bbox 184 1005 976 1033">
     <span class='ocr_line' id='line_1_20' title="bbox 184 1005 976 1033; baseline 0 0"><span class='ocrx_word' id='word_1_151' title='bbox 184 1007 242 1033; x_wconf 90' lang='lat' dir='ltr'><strong>lum</strong></span> <span class='ocrx_word' id='word_1_152' title='bbox 267 1005 387 1033; x_wconf 83' lang='lat' dir='ltr'><strong>fecerant</strong></span> <span class='ocrx_word' id='word_1_153' title='bbox 399 1005 432 1033; x_wconf 70' lang='grc' dir='ltr'><strong>δ’.</strong></span> <span class='ocrx_word' id='word_1_154' title='bbox 449 1006 517 1033; x_wconf 83' lang='lat' dir='ltr'><strong>Cum</strong></span> <span class='ocrx_word' id='word_1_155' title='bbox 541 1006 615 1033; x_wconf 90' lang='lat' dir='ltr'><strong>enim</strong></span> <span class='ocrx_word' id='word_1_156' title='bbox 639 1014 734 1033; x_wconf 86' lang='lat' dir='ltr'><strong>omnes</strong></span> <span class='ocrx_word' id='word_1_157' title='bbox 753 1006 869 1033; x_wconf 75' lang='lat' dir='ltr'><strong>vitulum</strong></span> <span class='ocrx_word' id='word_1_158' title='bbox 894 1005 976 1033; x_wconf 80' lang='lat' dir='ltr'><strong>fecis—</strong></span> 
     </span>
    </p>
   </div>
   <div class='ocr_carea' id='block_1_21' title="bbox 185 1052 974 1087">
    <p class='ocr_par' dir='ltr' id='par_1_21' title="bbox 185 1052 974 1087">
     <span class='ocr_line' id='line_1_21' title="bbox 185 1052 974 1087; baseline 0 -9"><span class='ocrx_word' id='word_1_159' title='bbox 185 1056 258 1084; x_wconf 81' lang='lat' dir='ltr'><strong>sent,</strong></span> <span class='ocrx_word' id='word_1_160' title='bbox 272 1059 328 1079; x_wconf 90' lang='lat' dir='ltr'><strong>non</strong></span> <span class='ocrx_word' id='word_1_161' title='bbox 339 1059 434 1080; x_wconf 87' lang='lat' dir='ltr'><strong>omnes</strong></span> <span class='ocrx_word' id='word_1_162' title='bbox 446 1052 602 1087; x_wconf 84' lang='lat' dir='ltr'><strong>interempti</strong></span> <span class='ocrx_word' id='word_1_163' title='bbox 616 1056 689 1079; x_wconf 91' lang='lat' dir='ltr'><strong>sunt.</strong></span> <span class='ocrx_word' id='word_1_164' title='bbox 703 1052 803 1080; x_wconf 81' lang='lat' dir='ltr'><strong>Verum</strong></span> <span class='ocrx_word' id='word_1_165' title='bbox 819 1059 974 1086; x_wconf 86' lang='lat' dir='ltr'><strong>quanquam</strong></span> 
     </span>
    </p>
   </div>
   <div class='ocr_carea' id='block_1_22' title="bbox 185 1097 973 1134">
    <p class='ocr_par' dir='ltr' id='par_1_22' title="bbox 185 1097 973 1134">
     <span class='ocr_line' id='line_1_22' title="bbox 185 1097 973 1134; baseline 0 -10"><span class='ocrx_word' id='word_1_166' title='bbox 185 1097 214 1124; x_wconf 90' lang='lat' dir='ltr'><strong>in</strong></span> <span class='ocrx_word' id='word_1_167' title='bbox 227 1098 324 1125; x_wconf 90' lang='lat' dir='ltr'><strong>horum</strong></span> <span class='ocrx_word' id='word_1_168' title='bbox 342 1098 533 1126; x_wconf 72' lang='lat' dir='ltr'><strong>interiectione</strong></span> <span class='ocrx_word' id='word_1_169' title='bbox 545 1098 652 1134; x_wconf 90' lang='lat' dir='ltr'><strong>justitia</strong></span> <span class='ocrx_word' id='word_1_170' title='bbox 666 1098 787 1129; x_wconf 84' lang='lat' dir='ltr'><strong>latuerit,</strong></span> <span class='ocrx_word' id='word_1_171' title='bbox 807 1103 897 1125; x_wconf 88' lang='lat' dir='ltr'><strong>tamen</strong></span> <span class='ocrx_word' id='word_1_172' title='bbox 907 1097 973 1124; x_wconf 55' lang='lat' dir='ltr'><strong>unia</strong></span> 
     </span>
    </p>
   </div>
   <div class='ocr_carea' id='block_1_23' title="bbox 186 1143 975 1179">
    <p class='ocr_par' dir='ltr' id='par_1_23' title="bbox 186 1143 975 1179">
     <span class='ocr_line' id='line_1_23' title="bbox 186 1143 975 1179; baseline 0 -9"><span class='ocrx_word' id='word_1_173' title='bbox 186 1151 327 1171; x_wconf 70' lang='lat' dir='ltr'><strong>versorum</strong></span> <span class='ocrx_word' id='word_1_174' title='bbox 342 1143 432 1172; x_wconf 83' lang='lat' dir='ltr'><strong>Judici</strong></span> <span class='ocrx_word' id='word_1_175' title='bbox 449 1149 545 1172; x_wconf 75' lang='lat' dir='ltr'><strong>exacte</strong></span> <span class='ocrx_word' id='word_1_176' title='bbox 561 1150 590 1172; x_wconf 83' lang='lat' dir='ltr'><strong>et</strong></span> <span class='ocrx_word' id='word_1_177' title='bbox 611 1145 715 1179; x_wconf 87' lang='lat' dir='ltr'><strong>absque</strong></span> <span class='ocrx_word' id='word_1_178' title='bbox 734 1144 792 1172; x_wconf 91' lang='lat' dir='ltr'><strong>ullo</strong></span> <span class='ocrx_word' id='word_1_179' title='bbox 812 1151 906 1171; x_wconf 87' lang='lat' dir='ltr'><strong>errore</strong></span> <span class='ocrx_word' id='word_1_180' title='bbox 928 1151 975 1170; x_wconf 90' lang='lat' dir='ltr'><strong>co-</strong></span> 
     </span>
    </p>
   </div>
   <div class='ocr_carea' id='block_1_24' title="bbox 186 1189 977 1225">
    <p class='ocr_par' dir='ltr' id='par_1_24' title="bbox 186 1189 977 1225">
     <span class='ocr_line' id='line_1_24' title="bbox 186 1189 977 1225; baseline -0.001 -8"><span class='ocrx_word' id='word_1_181' title='bbox 186 1190 261 1225; x_wconf 82' lang='lat' dir='ltr'><strong>gnita</strong></span> <span class='ocrx_word' id='word_1_182' title='bbox 285 1195 337 1218; x_wconf 84' lang='lat' dir='ltr'><strong>est.</strong></span> <span class='ocrx_word' id='word_1_183' title='bbox 356 1189 402 1218; x_wconf 90' lang='lat' dir='ltr'><strong>Sic</strong></span> <span class='ocrx_word' id='word_1_184' title='bbox 422 1195 450 1218; x_wconf 86' lang='lat' dir='ltr'><strong>et</strong></span> <span class='ocrx_word' id='word_1_185' title='bbox 466 1191 493 1218; x_wconf 85' lang='lat' dir='ltr'><strong>ili</strong></span> <span class='ocrx_word' id='word_1_186' title='bbox 514 1191 575 1218; x_wconf 86' lang='lat' dir='ltr'><strong>aliis</strong></span> <span class='ocrx_word' id='word_1_187' title='bbox 590 1191 765 1218; x_wconf 91' lang='lat' dir='ltr'><strong>innumeris:</strong></span> <span class='ocrx_word' id='word_1_188' title='bbox 787 1190 871 1217; x_wconf 82' lang='lat' dir='ltr'><strong>veluti</strong></span> <span class='ocrx_word' id='word_1_189' title='bbox 891 1189 918 1216; x_wconf 93' lang='lat' dir='ltr'><strong>in</strong></span> <span class='ocrx_word' id='word_1_190' title='bbox 934 1189 977 1217; x_wconf 86' lang='lat' dir='ltr'><strong>his</strong></span> 
     </span>
    </p>
   </div>
   <div class='ocr_carea' id='block_1_25' title="bbox 185 1235 975 1273">
    <p class='ocr_par' dir='ltr' id='par_1_25' title="bbox 185 1235 975 1273">
     <span class='ocr_line' id='line_1_25' title="bbox 185 1235 975 1273; baseline -0.001 -10"><span class='ocrx_word' id='word_1_191' title='bbox 185 1236 270 1263; x_wconf 83' lang='lat' dir='ltr'><strong>etiam</strong></span> <span class='ocrx_word' id='word_1_192' title='bbox 300 1244 360 1272; x_wconf 73' lang='lat' dir='ltr'><strong>quae</strong></span> <span class='ocrx_word' id='word_1_193' title='bbox 390 1237 515 1273; x_wconf 88' lang='lat' dir='ltr'><strong>quotidie</strong></span> <span class='ocrx_word' id='word_1_194' title='bbox 544 1237 682 1264; x_wconf 83' lang='lat' dir='ltr'><strong>accidunt.</strong></span> <span class='ocrx_word' id='word_1_195' title='bbox 714 1236 855 1270; x_wconf 85' lang='lat' dir='ltr'><strong>Siquidem</strong></span> <span class='ocrx_word' id='word_1_196' title='bbox 890 1235 975 1262; x_wconf 89' lang='lat' dir='ltr'><strong>multa</strong></span> 
     </span>
    </p>
   </div>
   <div class='ocr_carea' id='block_1_26' title="bbox 187 1280 977 1316">
    <p class='ocr_par' dir='ltr' id='par_1_26' title="bbox 187 1280 977 1316">
     <span class='ocr_line' id='line_1_26' title="bbox 187 1280 977 1316; baseline -0.001 -8"><span class='ocrx_word' id='word_1_197' title='bbox 187 1281 294 1316; x_wconf 79' lang='lat' dir='ltr'><strong>ignotas</strong></span> <span class='ocrx_word' id='word_1_198' title='bbox 309 1281 390 1309; x_wconf 91' lang='lat' dir='ltr'><strong>nobis</strong></span> <span class='ocrx_word' id='word_1_199' title='bbox 400 1281 530 1309; x_wconf 83' lang='lat' dir='ltr'><strong>habentia</strong></span> <span class='ocrx_word' id='word_1_200' title='bbox 545 1289 651 1312; x_wconf 81' lang='lat' dir='ltr'><strong>causas.</strong></span> <span class='ocrx_word' id='word_1_201' title='bbox 667 1285 695 1308; x_wconf 87' lang='lat' dir='ltr'><strong>et</strong></span> <span class='ocrx_word' id='word_1_202' title='bbox 710 1288 770 1315; x_wconf 79' lang='lat' dir='ltr'><strong>qua:</strong></span> <span class='ocrx_word' id='word_1_203' title='bbox 784 1280 977 1315; x_wconf 82' lang='lat' dir='ltr'><strong>insipientibus</strong></span> 
     </span>
    </p>
   </div>
   <div class='ocr_carea' id='block_1_27' title="bbox 187 1325 976 1361">
    <p class='ocr_par' dir='ltr' id='par_1_27' title="bbox 187 1325 976 1361">
     <span class='ocr_line' id='line_1_27' title="bbox 187 1325 976 1361; baseline -0.001 -8"><span class='ocrx_word' id='word_1_204' title='bbox 187 1326 246 1353; x_wconf 82' lang='lat' dir='ltr'><strong>sine</strong></span> <span class='ocrx_word' id='word_1_205' title='bbox 261 1326 366 1354; x_wconf 82' lang='lat' dir='ltr'><strong>ratione</strong></span> <span class='ocrx_word' id='word_1_206' title='bbox 386 1326 445 1354; x_wconf 87' lang='lat' dir='ltr'><strong>ﬁeri</strong></span> <span class='ocrx_word' id='word_1_207' title='bbox 460 1326 599 1358; x_wconf 87' lang='lat' dir='ltr'><strong>videntur,</strong></span> <span class='ocrx_word' id='word_1_208' title='bbox 618 1326 695 1361; x_wconf 84' lang='lat' dir='ltr'><strong>juxta</strong></span> <span class='ocrx_word' id='word_1_209' title='bbox 712 1325 765 1352; x_wconf 93' lang='lat' dir='ltr'><strong>hoc</strong></span> <span class='ocrx_word' id='word_1_210' title='bbox 779 1325 860 1352; x_wconf 85' lang='lat' dir='ltr'><strong>oculo</strong></span> <span class='ocrx_word' id='word_1_211' title='bbox 877 1333 976 1356; x_wconf 70' lang='lat' dir='ltr'><strong>causae,</strong></span> 
     </span>
    </p>
   </div>
   <div class='ocr_carea' id='block_1_28' title="bbox 188 1371 976 1406">
    <p class='ocr_par' dir='ltr' id='par_1_28' title="bbox 188 1371 976 1406">
     <span class='ocr_line' id='line_1_28' title="bbox 188 1371 976 1406; baseline 0.001 -9"><span class='ocrx_word' id='word_1_212' title='bbox 188 1371 243 1397; x_wconf 89' lang='lat' dir='ltr'><strong>imo</strong></span> <span class='ocrx_word' id='word_1_213' title='bbox 254 1371 376 1398; x_wconf 91' lang='lat' dir='ltr'><strong>omnium</strong></span> <span class='ocrx_word' id='word_1_214' title='bbox 392 1371 540 1406; x_wconf 87' lang='lat' dir='ltr'><strong>inspectori</strong></span> <span class='ocrx_word' id='word_1_215' title='bbox 553 1371 732 1405; x_wconf 75' lang='lat' dir='ltr'><strong>omniumque</strong></span> <span class='ocrx_word' id='word_1_216' title='bbox 743 1371 841 1406; x_wconf 86' lang='lat' dir='ltr'><strong>judici,</strong></span> <span class='ocrx_word' id='word_1_217' title='bbox 855 1371 931 1406; x_wconf 89' lang='lat' dir='ltr'><strong>juste</strong></span> <span class='ocrx_word' id='word_1_218' title='bbox 947 1375 976 1398; x_wconf 91' lang='lat' dir='ltr'><strong>et</strong></span> 
     </span>
    </p>
   </div>
   <div class='ocr_carea' id='block_1_29' title="bbox 188 1416 978 1451">
    <p class='ocr_par' dir='ltr' id='par_1_29' title="bbox 188 1416 978 1451">
     <span class='ocr_line' id='line_1_29' title="bbox 188 1416 978 1451; baseline 0 -8"><span class='ocrx_word' id='word_1_219' title='bbox 188 1416 257 1443; x_wconf 81' lang='lat' dir='ltr'><strong>facta</strong></span> <span class='ocrx_word' id='word_1_220' title='bbox 274 1424 335 1444; x_wconf 85' lang='lat' dir='ltr'><strong>esse</strong></span> <span class='ocrx_word' id='word_1_221' title='bbox 350 1421 499 1443; x_wconf 84' lang='lat' dir='ltr'><strong>censentur</strong></span> <span class='ocrx_word' id='word_1_222' title='bbox 521 1420 549 1443; x_wconf 91' lang='lat' dir='ltr'><strong>et</strong></span> <span class='ocrx_word' id='word_1_223' title='bbox 573 1424 673 1449; x_wconf 67' lang='lat' dir='ltr'><strong>revera</strong></span> <span class='ocrx_word' id='word_1_224' title='bbox 691 1421 867 1451; x_wconf 68' lang='lat' dir='ltr'><strong>peraguntur.</strong></span> <span class='ocrx_word' id='word_1_225' title='bbox 893 1416 978 1444; x_wconf 84' lang='lat' dir='ltr'><strong>Divus</strong></span> 
     </span>
    </p>
   </div>
   <div class='ocr_carea' id='block_1_30' title="bbox 187 1462 977 1496">
    <p class='ocr_par' dir='ltr' id='par_1_30' title="bbox 187 1462 977 1496">
     <span class='ocr_line' id='line_1_30' title="bbox 187 1462 977 1496; baseline 0.001 -7"><span class='ocrx_word' id='word_1_226' title='bbox 187 1467 278 1490; x_wconf 85' lang='lat' dir='ltr'><strong>autem</strong></span> <span class='ocrx_word' id='word_1_227' title='bbox 294 1463 396 1490; x_wconf 76' lang='lat' dir='ltr'><strong>Paulus</strong></span> <span class='ocrx_word' id='word_1_228' title='bbox 406 1462 444 1489; x_wconf 90' lang='lat' dir='ltr'><strong>ait</strong></span> <span class='ocrx_word' id='word_1_229' title='bbox 461 1471 467 1488; x_wconf 94' lang='lat'>:</span> <span class='ocrx_word' id='word_1_230' title='bbox 493 1462 571 1496; x_wconf 83' lang='lat' dir='ltr'><strong>Quod</strong></span> <span class='ocrx_word' id='word_1_231' title='bbox 585 1462 607 1489; x_wconf 88' lang='lat' dir='ltr'><strong>si</strong></span> <span class='ocrx_word' id='word_1_232' title='bbox 623 1462 704 1489; x_wconf 86' lang='lat' dir='ltr'><strong>etiam</strong></span> <span class='ocrx_word' id='word_1_233' title='bbox 721 1462 795 1489; x_wconf 93' lang='lat' dir='ltr'><strong>nulla</strong></span> <span class='ocrx_word' id='word_1_234' title='bbox 812 1463 917 1489; x_wconf 88' lang='lat' dir='ltr'><strong>occulta</strong></span> <span class='ocrx_word' id='word_1_235' title='bbox 936 1471 977 1490; x_wconf 90' lang='lat' dir='ltr'><strong>ra-</strong></span> 
     </span>
    </p>
   </div>
   <div class='ocr_carea' id='block_1_31' title="bbox 187 1508 976 1543">
    <p class='ocr_par' dir='ltr' id='par_1_31' title="bbox 187 1508 976 1543">
     <span class='ocr_line' id='line_1_31' title="bbox 187 1508 976 1543; baseline -0.001 -7"><span class='ocrx_word' id='word_1_236' title='bbox 187 1508 226 1536; x_wconf 87' lang='lat' dir='ltr'><strong>tio</strong></span> <span class='ocrx_word' id='word_1_237' title='bbox 239 1508 283 1536; x_wconf 86' lang='lat' dir='ltr'><strong>his</strong></span> <span class='ocrx_word' id='word_1_238' title='bbox 302 1516 362 1543; x_wconf 60' lang='lat' dir='ltr'><strong>qua;</strong></span> <span class='ocrx_word' id='word_1_239' title='bbox 377 1508 446 1534; x_wconf 91' lang='lat' dir='ltr'><strong>ﬁunt</strong></span> <span class='ocrx_word' id='word_1_240' title='bbox 466 1508 587 1535; x_wconf 82' lang='lat' dir='ltr'><strong>inesset:</strong></span> <span class='ocrx_word' id='word_1_241' title='bbox 606 1516 639 1535; x_wconf 89' lang='lat' dir='ltr'><strong>ne</strong></span> <span class='ocrx_word' id='word_1_242' title='bbox 657 1508 692 1535; x_wconf 92' lang='lat' dir='ltr'><strong>ila</strong></span> <span class='ocrx_word' id='word_1_243' title='bbox 705 1509 815 1543; x_wconf 83' lang='lat' dir='ltr'><strong>quidem</strong></span> <span class='ocrx_word' id='word_1_244' title='bbox 833 1512 976 1543; x_wconf 89' lang='lat' dir='ltr'><strong>oporteret</strong></span> 
     </span>
    </p>
   </div>
   <div class='ocr_carea' id='block_1_32' title="bbox 187 1554 974 1590">
    <p class='ocr_par' dir='ltr' id='par_1_32' title="bbox 187 1554 974 1590">
     <span class='ocr_line' id='line_1_32' title="bbox 187 1554 974 1590; baseline 0.001 -9"><span class='ocrx_word' id='word_1_245' title='bbox 187 1555 322 1588; x_wconf 86' lang='lat' dir='ltr'><strong>quosdam</strong></span> <span class='ocrx_word' id='word_1_246' title='bbox 345 1554 465 1590; x_wconf 76' lang='lat' dir='ltr'><strong>graviter</strong></span> <span class='ocrx_word' id='word_1_247' title='bbox 486 1554 557 1582; x_wconf 80' lang='lat' dir='ltr'><strong>ferre</strong></span> <span class='ocrx_word' id='word_1_248' title='bbox 578 1562 609 1582; x_wconf 86' lang='lat' dir='ltr'><strong>ac</strong></span> <span class='ocrx_word' id='word_1_249' title='bbox 630 1554 750 1582; x_wconf 78' lang='lat' dir='ltr'><strong>divinam</strong></span> <span class='ocrx_word' id='word_1_250' title='bbox 772 1555 974 1583; x_wconf 68' lang='lat' dir='ltr'><strong>Providentiam</strong></span> 
     </span>
    </p>
   </div>
   <div class='ocr_carea' id='block_1_33' title="bbox 187 1600 976 1632">
    <p class='ocr_par' dir='ltr' id='par_1_33' title="bbox 187 1600 976 1632">
     <span class='ocr_line' id='line_1_33' title="bbox 187 1600 976 1632; baseline 0 -4"><span class='ocrx_word' id='word_1_251' title='bbox 187 1608 327 1631; x_wconf 84' lang='lat' dir='ltr'><strong>accusare.</strong></span> <span class='ocrx_word' id='word_1_252' title='bbox 346 1608 395 1628; x_wconf 91' lang='lat' dir='ltr'><strong>cur</strong></span> <span class='ocrx_word' id='word_1_253' title='bbox 420 1600 465 1627; x_wconf 93' lang='lat' dir='ltr'><strong>hic</strong></span> <span class='ocrx_word' id='word_1_254' title='bbox 486 1601 538 1627; x_wconf 89' lang='lat' dir='ltr'><strong>isto</strong></span> <span class='ocrx_word' id='word_1_255' title='bbox 557 1600 649 1632; x_wconf 92' lang='lat' dir='ltr'><strong>modo,</strong></span> <span class='ocrx_word' id='word_1_256' title='bbox 676 1601 722 1628; x_wconf 86' lang='lat' dir='ltr'><strong>ille</strong></span> <span class='ocrx_word' id='word_1_257' title='bbox 741 1608 807 1627; x_wconf 79' lang='lat' dir='ltr'><strong>vero</strong></span> <span class='ocrx_word' id='word_1_258' title='bbox 830 1601 875 1628; x_wconf 92' lang='lat' dir='ltr'><strong>illo</strong></span> <span class='ocrx_word' id='word_1_259' title='bbox 895 1602 976 1629; x_wconf 90' lang='lat' dir='ltr'><strong>modo</strong></span> 
     </span>
    </p>
   </div>
   <div class='ocr_carea' id='block_1_34' title="bbox 186 1646 977 1682">
    <p class='ocr_par' dir='ltr' id='par_1_34' title="bbox 186 1646 977 1682">
     <span class='ocr_line' id='line_1_34' title="bbox 186 1646 977 1682; baseline 0.001 -9"><span class='ocrx_word' id='word_1_260' title='bbox 186 1647 271 1673; x_wconf 80' lang='lat' dir='ltr'><strong>vitam</strong></span> <span class='ocrx_word' id='word_1_261' title='bbox 299 1646 441 1681; x_wconf 83' lang='lat' dir='ltr'><strong>transigat.</strong></span> <span class='ocrx_word' id='word_1_262' title='bbox 473 1646 561 1674; x_wconf 89' lang='lat' dir='ltr'><strong>Habet</strong></span> <span class='ocrx_word' id='word_1_263' title='bbox 584 1646 658 1673; x_wconf 89' lang='lat' dir='ltr'><strong>enim</strong></span> <span class='ocrx_word' id='word_1_264' title='bbox 687 1650 849 1681; x_wconf 89' lang='lat' dir='ltr'><strong>potestatem</strong></span> <span class='ocrx_word' id='word_1_265' title='bbox 878 1646 977 1682; x_wconf 78' lang='lat' dir='ltr'><strong>ﬁgulus</strong></span> 
     </span>
    </p>
   </div>
   <div class='ocr_carea' id='block_1_35' title="bbox 187 1692 976 1728">
    <p class='ocr_par' dir='ltr' id='par_1_35' title="bbox 187 1692 976 1728">
     <span class='ocr_line' id='line_1_35' title="bbox 187 1692 976 1728; baseline 0.003 -10"><span class='ocrx_word' id='word_1_266' title='bbox 187 1697 271 1726; x_wconf 80' lang='lat' dir='ltr'><strong>prout</strong></span> <span class='ocrx_word' id='word_1_267' title='bbox 284 1693 403 1720; x_wconf 87' lang='lat' dir='ltr'><strong>voluerit</strong></span> <span class='ocrx_word' id='word_1_268' title='bbox 418 1692 556 1728; x_wconf 75' lang='lat' dir='ltr'><strong>eﬁingcre.</strong></span> <span class='ocrx_word' id='word_1_269' title='bbox 572 1692 628 1720; x_wconf 84' lang='lat' dir='ltr'><strong>Hoc</strong></span> <span class='ocrx_word' id='word_1_270' title='bbox 644 1696 734 1720; x_wconf 85' lang='lat' dir='ltr'><strong>tamen</strong></span> <span class='ocrx_word' id='word_1_271' title='bbox 749 1701 783 1720; x_wconf 84' lang='lat' dir='ltr'><strong>ex</strong></span> <span class='ocrx_word' id='word_1_272' title='bbox 799 1693 976 1726; x_wconf 83' lang='lat' dir='ltr'><strong>abundantia,</strong></span> 
     </span>
    </p>
   </div>
   <div class='ocr_carea' id='block_1_36' title="bbox 189 1737 977 1774">
    <p class='ocr_par' dir='ltr' id='par_1_36' title="bbox 189 1737 977 1774">
     <span class='ocr_line' id='line_1_36' title="bbox 189 1737 977 1774; baseline 0.001 -9"><span class='ocrx_word' id='word_1_273' title='bbox 189 1737 292 1772; x_wconf 83' lang='lat' dir='ltr'><strong>inquit,</strong></span> <span class='ocrx_word' id='word_1_274' title='bbox 314 1742 356 1765; x_wconf 90' lang='lat' dir='ltr'><strong>est</strong></span> <span class='ocrx_word' id='word_1_275' title='bbox 379 1747 386 1764; x_wconf 90' lang='lat'><strong>:</strong></span> <span class='ocrx_word' id='word_1_276' title='bbox 407 1738 629 1773; x_wconf 87' lang='lat' dir='ltr'><strong>quandoquidem</strong></span> <span class='ocrx_word' id='word_1_277' title='bbox 649 1738 780 1773; x_wconf 65' lang='lat' dir='ltr'><strong>pmdicto</strong></span> <span class='ocrx_word' id='word_1_278' title='bbox 798 1747 908 1774; x_wconf 88' lang='lat' dir='ltr'><strong>quoque</strong></span> <span class='ocrx_word' id='word_1_279' title='bbox 931 1747 977 1767; x_wconf 89' lang='lat' dir='ltr'><strong>re-</strong></span> 
     </span>
    </p>
   </div>
   <div class='ocr_carea' id='block_1_37' title="bbox 189 1782 978 1818">
    <p class='ocr_par' dir='ltr' id='par_1_37' title="bbox 189 1782 978 1818">
     <span class='ocr_line' id='line_1_37' title="bbox 189 1782 978 1818; baseline 0.003 -9"><span class='ocrx_word' id='word_1_280' title='bbox 189 1782 347 1816; x_wconf 85' lang='lat' dir='ltr'><strong>sponsionis</strong></span> <span class='ocrx_word' id='word_1_281' title='bbox 361 1783 442 1810; x_wconf 89' lang='lat' dir='ltr'><strong>modo</strong></span> <span class='ocrx_word' id='word_1_282' title='bbox 461 1783 558 1814; x_wconf 87' lang='lat' dir='ltr'><strong>utitur,</strong></span> <span class='ocrx_word' id='word_1_283' title='bbox 573 1791 634 1811; x_wconf 88' lang='lat' dir='ltr'><strong>cum</strong></span> <span class='ocrx_word' id='word_1_284' title='bbox 652 1784 690 1811; x_wconf 88' lang='lat' dir='ltr'><strong>ait</strong></span> <span class='ocrx_word' id='word_1_285' title='bbox 703 1783 871 1818; x_wconf 86' lang='lat' dir='ltr'><strong>Scripturam</strong></span> <span class='ocrx_word' id='word_1_286' title='bbox 888 1784 978 1812; x_wconf 85' lang='lat' dir='ltr'><strong>dicere</strong></span> 
     </span>
    </p>
   </div>
   <div class='ocr_carea' id='block_1_38' title="bbox 191 1828 979 1864">
    <p class='ocr_par' dir='ltr' id='par_1_38' title="bbox 191 1828 979 1864">
     <span class='ocr_line' id='line_1_38' title="bbox 191 1828 979 1864; baseline 0.004 -10"><span class='ocrx_word' id='word_1_287' title='bbox 191 1828 326 1855; x_wconf 85' lang='lat' dir='ltr'><strong>Pharaoni</strong></span> <span class='ocrx_word' id='word_1_288' title='bbox 344 1837 350 1855; x_wconf 92' lang='lat'>:</span> <span class='ocrx_word' id='word_1_289' title='bbox 372 1839 381 1854; x_wconf 80' lang='grc' dir='ltr'>ι</span> <span class='ocrx_word' id='word_1_290' title='bbox 399 1829 429 1856; x_wconf 86' lang='lat' dir='ltr'><strong>In</strong></span> <span class='ocrx_word' id='word_1_291' title='bbox 443 1829 495 1856; x_wconf 90' lang='lat' dir='ltr'><strong>hoc</strong></span> <span class='ocrx_word' id='word_1_292' title='bbox 510 1830 599 1864; x_wconf 88' lang='lat' dir='ltr'><strong>ipsum</strong></span> <span class='ocrx_word' id='word_1_293' title='bbox 617 1830 732 1857; x_wconf 79' lang='lat' dir='ltr'><strong>excitavi</strong></span> <span class='ocrx_word' id='word_1_294' title='bbox 751 1834 776 1857; x_wconf 90' lang='lat' dir='ltr'><strong>te</strong></span> <span class='ocrx_word' id='word_1_295' title='bbox 788 1830 821 1861; x_wconf 75' lang='lat'><strong>&quot;,</strong></span> <span class='ocrx_word' id='word_1_296' title='bbox 839 1839 848 1856; x_wconf 79' lang='grc' dir='ltr'>ι</span> <span class='ocrx_word' id='word_1_297' title='bbox 866 1830 979 1858; x_wconf 88' lang='lat' dir='ltr'><strong>ctc.Hic</strong></span> 
     </span>
    </p>
   </div>
   <div class='ocr_carea' id='block_1_39' title="bbox 191 1875 978 1910">
    <p class='ocr_par' dir='ltr' id='par_1_39' title="bbox 191 1875 978 1910">
     <span class='ocr_line' id='line_1_39' title="bbox 191 1875 978 1910; baseline 0.003 -8"><span class='ocrx_word' id='word_1_298' title='bbox 191 1875 275 1906; x_wconf 87' lang='lat' dir='ltr'><strong>enim,</strong></span> <span class='ocrx_word' id='word_1_299' title='bbox 289 1876 520 1910; x_wconf 85' lang='lat' dir='ltr'><strong>quemadmodum</strong></span> <span class='ocrx_word' id='word_1_300' title='bbox 537 1876 615 1909; x_wconf 85' lang='lat' dir='ltr'><strong>dicit,</strong></span> <span class='ocrx_word' id='word_1_301' title='bbox 633 1876 818 1904; x_wconf 83' lang='lat' dir='ltr'><strong>irrationabile</strong></span> <span class='ocrx_word' id='word_1_302' title='bbox 832 1877 925 1904; x_wconf 87' lang='lat' dir='ltr'><strong>multis</strong></span> <span class='ocrx_word' id='word_1_303' title='bbox 936 1877 978 1904; x_wconf 90' lang='lat' dir='ltr'><strong>vi-</strong></span> 
     </span>
    </p>
   </div>
   <div class='ocr_carea' id='block_1_40' title="bbox 191 1922 978 1958">
    <p class='ocr_par' dir='ltr' id='par_1_40' title="bbox 191 1922 978 1958">
     <span class='ocr_line' id='line_1_40' title="bbox 191 1922 978 1958; baseline 0.003 -10"><span class='ocrx_word' id='word_1_304' title='bbox 191 1929 251 1948; x_wconf 89' lang='lat' dir='ltr'><strong>sum</strong></span> <span class='ocrx_word' id='word_1_305' title='bbox 274 1926 316 1949; x_wconf 87' lang='lat' dir='ltr'><strong>est</strong></span> <span class='ocrx_word' id='word_1_306' title='bbox 333 1922 502 1950; x_wconf 79' lang='lat' dir='ltr'><strong>Pharaonem</strong></span> <span class='ocrx_word' id='word_1_307' title='bbox 525 1923 673 1950; x_wconf 66' lang='lat' dir='ltr'><strong>excitatum</strong></span> <span class='ocrx_word' id='word_1_308' title='bbox 698 1930 758 1950; x_wconf 88' lang='lat' dir='ltr'><strong>esse</strong></span> <span class='ocrx_word' id='word_1_309' title='bbox 784 1931 815 1950; x_wconf 90' lang='lat' dir='ltr'><strong>ac</strong></span> <span class='ocrx_word' id='word_1_310' title='bbox 840 1931 978 1958; x_wconf 78' lang='lat' dir='ltr'><strong>regnasse,</strong></span> 
     </span>
    </p>
   </div>
   <div class='ocr_carea' id='block_1_41' title="bbox 192 1968 979 2000">
    <p class='ocr_par' dir='ltr' id='par_1_41' title="bbox 192 1968 979 2000">
     <span class='ocr_line' id='line_1_41' title="bbox 192 1968 979 2000; baseline 0.003 -6"><span class='ocrx_word' id='word_1_311' title='bbox 192 1975 255 1995; x_wconf 87' lang='lat' dir='ltr'><strong>cum</strong></span> <span class='ocrx_word' id='word_1_312' title='bbox 271 1968 339 1995; x_wconf 81' lang='lat' dir='ltr'><strong>adeo</strong></span> <span class='ocrx_word' id='word_1_313' title='bbox 361 1969 502 2000; x_wconf 83' lang='lat' dir='ltr'><strong>scelestus,</strong></span> <span class='ocrx_word' id='word_1_314' title='bbox 519 1969 639 1996; x_wconf 83' lang='lat' dir='ltr'><strong>crudelis</strong></span> <span class='ocrx_word' id='word_1_315' title='bbox 654 1977 686 1996; x_wconf 85' lang='lat' dir='ltr'><strong>ac</strong></span> <span class='ocrx_word' id='word_1_316' title='bbox 702 1969 868 1996; x_wconf 85' lang='lat' dir='ltr'><strong>inhumanus</strong></span> <span class='ocrx_word' id='word_1_317' title='bbox 880 1975 953 1997; x_wconf 83' lang='lat' dir='ltr'><strong>esset</strong></span> <span class='ocrx_word' id='word_1_318' title='bbox 971 1980 979 1996; x_wconf 89' lang='lat'><strong>:</strong></span> 
     </span>
    </p>
   </div>
   <div class='ocr_carea' id='block_1_42' title="bbox 191 2012 981 2048">
    <p class='ocr_par' dir='ltr' id='par_1_42' title="bbox 191 2012 981 2048">
     <span class='ocr_line' id='line_1_42' title="bbox 191 2012 981 2048; baseline 0.003 -9"><span class='ocrx_word' id='word_1_319' title='bbox 191 2020 286 2039; x_wconf 90' lang='lat' dir='ltr'><strong>verum</strong></span> <span class='ocrx_word' id='word_1_320' title='bbox 303 2012 457 2047; x_wconf 87' lang='lat' dir='ltr'><strong>Scriptura,</strong></span> <span class='ocrx_word' id='word_1_321' title='bbox 476 2013 523 2040; x_wconf 89' lang='lat' dir='ltr'><strong>ubi</strong></span> <span class='ocrx_word' id='word_1_322' title='bbox 535 2021 645 2040; x_wconf 87' lang='lat' dir='ltr'><strong>causam</strong></span> <span class='ocrx_word' id='word_1_323' title='bbox 660 2013 763 2043; x_wconf 82' lang='lat' dir='ltr'><strong>docuit.</strong></span> <span class='ocrx_word' id='word_1_324' title='bbox 778 2013 850 2048; x_wconf 90' lang='lat' dir='ltr'><strong>quod</strong></span> <span class='ocrx_word' id='word_1_325' title='bbox 872 2013 981 2041; x_wconf 87' lang='lat' dir='ltr'><strong>irratio-</strong></span> 
     </span>
    </p>
   </div>
   <div class='ocr_carea' id='block_1_43' title="bbox 192 2057 845 2086">
    <p class='ocr_par' dir='ltr' id='par_1_43' title="bbox 192 2057 845 2086">
     <span class='ocr_line' id='line_1_43' title="bbox 192 2057 845 2086; baseline 0.002 -2"><span class='ocrx_word' id='word_1_326' title='bbox 192 2057 283 2084; x_wconf 89' lang='lat' dir='ltr'><strong>nabile</strong></span> <span class='ocrx_word' id='word_1_327' title='bbox 300 2057 447 2085; x_wconf 83' lang='lat' dir='ltr'><strong>videbatur</strong></span> <span class='ocrx_word' id='word_1_328' title='bbox 462 2058 496 2085; x_wconf 90' lang='lat' dir='ltr'><strong>ad</strong></span> <span class='ocrx_word' id='word_1_329' title='bbox 513 2058 675 2085; x_wconf 85' lang='lat' dir='ltr'><strong>rationabile</strong></span> <span class='ocrx_word' id='word_1_330' title='bbox 696 2059 845 2086; x_wconf 87' lang='lat' dir='ltr'><strong>transtulit.</strong></span> 
     </span>
    </p>
   </div>
   <div class='ocr_carea' id='block_1_44' title="bbox 227 2104 980 2140">
    <p class='ocr_par' dir='ltr' id='par_1_44' title="bbox 227 2104 980 2140">
     <span class='ocr_line' id='line_1_44' title="bbox 227 2104 980 2140; baseline 0.004 -10"><span class='ocrx_word' id='word_1_331' title='bbox 227 2104 308 2139; x_wconf 84' lang='lat'><strong>327</strong></span> <span class='ocrx_word' id='word_1_332' title='bbox 322 2104 405 2139; x_wconf 81' lang='lat' dir='ltr'><strong>Atqui</strong></span> <span class='ocrx_word' id='word_1_333' title='bbox 424 2105 478 2132; x_wconf 85' lang='lat' dir='ltr'><strong>hoc</strong></span> <span class='ocrx_word' id='word_1_334' title='bbox 498 2105 588 2139; x_wconf 89' lang='lat' dir='ltr'><strong>ipsum</strong></span> <span class='ocrx_word' id='word_1_335' title='bbox 609 2105 682 2140; x_wconf 93' lang='lat' dir='ltr'><strong>quod</strong></span> <span class='ocrx_word' id='word_1_336' title='bbox 705 2105 869 2132; x_wconf 87' lang='lat' dir='ltr'><strong>rationabile</strong></span> <span class='ocrx_word' id='word_1_337' title='bbox 879 2110 922 2133; x_wconf 86' lang='lat' dir='ltr'><strong>est</strong></span> <span class='ocrx_word' id='word_1_338' title='bbox 951 2110 980 2133; x_wconf 92' lang='lat' dir='ltr'><strong>et</strong></span> 
     </span>
    </p>
   </div>
   <div class='ocr_carea' id='block_1_45' title="bbox 192 2149 980 2182">
    <p class='ocr_par' dir='ltr' id='par_1_45' title="bbox 192 2149 980 2182">
     <span class='ocr_line' id='line_1_45' title="bbox 192 2149 980 2182; baseline 0.001 -5"><span class='ocrx_word' id='word_1_339' title='bbox 192 2149 361 2177; x_wconf 77' lang='lat' dir='ltr'><strong>diﬁicultatis</strong></span> <span class='ocrx_word' id='word_1_340' title='bbox 374 2150 487 2182; x_wconf 83' lang='lat' dir='ltr'><strong>solutio,</strong></span> <span class='ocrx_word' id='word_1_341' title='bbox 517 2158 626 2177; x_wconf 87' lang='lat' dir='ltr'><strong>rursum</strong></span> <span class='ocrx_word' id='word_1_342' title='bbox 659 2150 841 2178; x_wconf 81' lang='lat' dir='ltr'><strong>haesitantiam</strong></span> <span class='ocrx_word' id='word_1_343' title='bbox 864 2155 980 2178; x_wconf 90' lang='lat' dir='ltr'><strong>conten-</strong></span> 
     </span>
    </p>
   </div>
   <div class='ocr_carea' id='block_1_46' title="bbox 192 2195 976 2232">
    <p class='ocr_par' dir='ltr' id='par_1_46' title="bbox 192 2195 976 2232">
     <span class='ocr_line' id='line_1_46' title="bbox 192 2195 976 2232; baseline 0.001 -10"><span class='ocrx_word' id='word_1_344' title='bbox 192 2195 271 2224; x_wconf 86' lang='lat' dir='ltr'><strong>tiosis</strong></span> <span class='ocrx_word' id='word_1_345' title='bbox 285 2203 316 2223; x_wconf 79' lang='lat' dir='ltr'><strong>ac</strong></span> <span class='ocrx_word' id='word_1_346' title='bbox 331 2196 445 2231; x_wconf 88' lang='lat' dir='ltr'><strong>perﬁdis</strong></span> <span class='ocrx_word' id='word_1_347' title='bbox 468 2203 566 2231; x_wconf 84' lang='lat' dir='ltr'><strong>parere</strong></span> <span class='ocrx_word' id='word_1_348' title='bbox 596 2200 697 2232; x_wconf 89' lang='lat' dir='ltr'><strong>potest.</strong></span> <span class='ocrx_word' id='word_1_349' title='bbox 722 2196 884 2224; x_wconf 78' lang='lat' dir='ltr'><strong>Dicenlibus</strong></span> <span class='ocrx_word' id='word_1_350' title='bbox 901 2197 976 2224; x_wconf 91' lang='lat' dir='ltr'><strong>enim</strong></span> 
     </span>
    </p>
   </div>
   <div class='ocr_carea' id='block_1_47' title="bbox 191 2242 979 2277">
    <p class='ocr_par' dir='ltr' id='par_1_47' title="bbox 191 2242 979 2277">
     <span class='ocr_line' id='line_1_47' title="bbox 191 2242 979 2277; baseline 0.003 -9"><span class='ocrx_word' id='word_1_351' title='bbox 191 2242 264 2276; x_wconf 89' lang='lat' dir='ltr'><strong>quod</strong></span> <span class='ocrx_word' id='word_1_352' title='bbox 282 2246 426 2276; x_wconf 80' lang='lat' dir='ltr'><strong>propterea</strong></span> <span class='ocrx_word' id='word_1_353' title='bbox 448 2242 618 2270; x_wconf 88' lang='lat' dir='ltr'><strong>Pharaonem</strong></span> <span class='ocrx_word' id='word_1_354' title='bbox 643 2242 670 2269; x_wconf 92' lang='lat' dir='ltr'><strong>in</strong></span> <span class='ocrx_word' id='word_1_355' title='bbox 686 2250 779 2277; x_wconf 78' lang='lat' dir='ltr'><strong>regem</strong></span> <span class='ocrx_word' id='word_1_356' title='bbox 796 2243 979 2275; x_wconf 84' lang='lat' dir='ltr'><strong>excitaverit,</strong></span> 
     </span>
    </p>
   </div>
   <div class='ocr_carea' id='block_1_48' title="bbox 193 2287 982 2321">
    <p class='ocr_par' dir='ltr' id='par_1_48' title="bbox 193 2287 982 2321">
     <span class='ocr_line' id='line_1_48' title="bbox 193 2287 982 2321; baseline 0.003 -8"><span class='ocrx_word' id='word_1_357' title='bbox 193 2292 223 2312; x_wconf 91' lang='lat' dir='ltr'><strong>nt</strong></span> <span class='ocrx_word' id='word_1_358' title='bbox 238 2295 338 2314; x_wconf 86' lang='lat' dir='ltr'><strong>nomen</strong></span> <span class='ocrx_word' id='word_1_359' title='bbox 360 2295 439 2314; x_wconf 88' lang='lat' dir='ltr'><strong>suum</strong></span> <span class='ocrx_word' id='word_1_360' title='bbox 456 2287 666 2321; x_wconf 76' lang='lat' dir='ltr'><strong>gloriﬁcaretur.</strong></span> <span class='ocrx_word' id='word_1_361' title='bbox 695 2288 742 2314; x_wconf 90' lang='lat' dir='ltr'><strong>ubi</strong></span> <span class='ocrx_word' id='word_1_362' title='bbox 761 2288 836 2314; x_wconf 92' lang='lat' dir='ltr'><strong>illum</strong></span> <span class='ocrx_word' id='word_1_363' title='bbox 857 2288 982 2315; x_wconf 89' lang='lat' dir='ltr'><strong>inaudito</strong></span> 
     </span>
    </p>
   </div>
   <div class='ocr_carea' id='block_1_49' title="bbox 194 2331 981 2366">
    <p class='ocr_par' dir='ltr' id='par_1_49' title="bbox 194 2331 981 2366">
     <span class='ocr_line' id='line_1_49' title="bbox 194 2331 981 2366; baseline 0.004 -9"><span class='ocrx_word' id='word_1_364' title='bbox 194 2331 320 2365; x_wconf 88' lang='lat' dir='ltr'><strong>miroque</strong></span> <span class='ocrx_word' id='word_1_365' title='bbox 345 2332 482 2366; x_wconf 85' lang='lat' dir='ltr'><strong>supplicio</strong></span> <span class='ocrx_word' id='word_1_366' title='bbox 507 2332 640 2366; x_wconf 82' lang='lat' dir='ltr'><strong>punisset,</strong></span> <span class='ocrx_word' id='word_1_367' title='bbox 659 2332 734 2359; x_wconf 85' lang='lat' dir='ltr'><strong>illico</strong></span> <span class='ocrx_word' id='word_1_368' title='bbox 750 2332 882 2360; x_wconf 86' lang='lat' dir='ltr'><strong>dicetur:</strong></span> <span class='ocrx_word' id='word_1_369' title='bbox 911 2332 981 2365; x_wconf 87' lang='lat' dir='ltr'><strong>Quid</strong></span> 
     </span>
    </p>
   </div>
   <div class='ocr_carea' id='block_1_50' title="bbox 195 2377 983 2414">
    <p class='ocr_par' dir='ltr' id='par_1_50' title="bbox 195 2377 983 2414">
     <span class='ocr_line' id='line_1_50' title="bbox 195 2377 983 2414; baseline 0.004 -12"><span class='ocrx_word' id='word_1_370' title='bbox 195 2384 264 2411; x_wconf 77' lang='lat' dir='ltr'><strong>ergo</strong></span> <span class='ocrx_word' id='word_1_371' title='bbox 279 2377 371 2403; x_wconf 88' lang='lat' dir='ltr'><strong>adhuc</strong></span> <span class='ocrx_word' id='word_1_372' title='bbox 401 2377 599 2411; x_wconf 84' lang='lat' dir='ltr'><strong>conqueritur,</strong></span> <span class='ocrx_word' id='word_1_373' title='bbox 630 2377 684 2405; x_wconf 93' lang='lat' dir='ltr'><strong>imo</strong></span> <span class='ocrx_word' id='word_1_374' title='bbox 704 2378 796 2414; x_wconf 86' lang='lat' dir='ltr'><strong>potius</strong></span> <span class='ocrx_word' id='word_1_375' title='bbox 830 2387 880 2406; x_wconf 90' lang='lat' dir='ltr'><strong>cur</strong></span> <span class='ocrx_word' id='word_1_376' title='bbox 900 2379 983 2406; x_wconf 85' lang='lat' dir='ltr'><strong>etiam</strong></span> 
     </span>
    </p>
   </div>
   <div class='ocr_carea' id='block_1_51' title="bbox 196 2421 975 2458">
    <p class='ocr_par' dir='ltr' id='par_1_51' title="bbox 196 2421 975 2458">
     <span class='ocr_line' id='line_1_51' title="bbox 196 2421 975 2458; baseline 0.003 -10"><span class='ocrx_word' id='word_1_377' title='bbox 196 2422 286 2456; x_wconf 86' lang='lat' dir='ltr'><strong>ipsum</strong></span> <span class='ocrx_word' id='word_1_378' title='bbox 317 2421 452 2456; x_wconf 79' lang='lat' dir='ltr'><strong>punivit?</strong></span> <span class='ocrx_word' id='word_1_379' title='bbox 479 2421 547 2449; x_wconf 87' lang='lat' dir='ltr'><strong>Nam</strong></span> <span class='ocrx_word' id='word_1_380' title='bbox 578 2430 640 2450; x_wconf 90' lang='lat' dir='ltr'><strong>cum</strong></span> <span class='ocrx_word' id='word_1_381' title='bbox 667 2424 801 2458; x_wconf 85' lang='lat' dir='ltr'><strong>peccavit,</strong></span> <span class='ocrx_word' id='word_1_382' title='bbox 825 2423 857 2450; x_wconf 87' lang='lat' dir='ltr'><strong>ad</strong></span> <span class='ocrx_word' id='word_1_383' title='bbox 888 2423 975 2458; x_wconf 89' lang='lat' dir='ltr'><strong>ipsius</strong></span> 
     </span>
    </p>
   </div>
   <div class='ocr_carea' id='block_1_52' title="bbox 195 2469 984 2506">
    <p class='ocr_par' dir='ltr' id='par_1_52' title="bbox 195 2469 984 2506">
     <span class='ocr_line' id='line_1_52' title="bbox 195 2469 984 2506; baseline 0 -10"><span class='ocrx_word' id='word_1_384' title='bbox 195 2470 310 2504; x_wconf 76' lang='lat' dir='ltr'><strong>gloriam</strong></span> <span class='ocrx_word' id='word_1_385' title='bbox 329 2469 468 2504; x_wconf 76' lang='lat' dir='ltr'><strong>peccavit;</strong></span> <span class='ocrx_word' id='word_1_386' title='bbox 492 2470 544 2497; x_wconf 91' lang='lat' dir='ltr'><strong>nisi</strong></span> <span class='ocrx_word' id='word_1_387' title='bbox 559 2471 632 2498; x_wconf 86' lang='lat' dir='ltr'><strong>enim</strong></span> <span class='ocrx_word' id='word_1_388' title='bbox 642 2476 793 2506; x_wconf 87' lang='lat' dir='ltr'><strong>peccasset,</strong></span> <span class='ocrx_word' id='word_1_389' title='bbox 810 2478 984 2504; x_wconf 85' lang='lat' dir='ltr'><strong>nequaquam</strong></span> 
     </span>
    </p>
   </div>
   <div class='ocr_carea' id='block_1_53' title="bbox 195 2515 985 2554">
    <p class='ocr_par' dir='ltr' id='par_1_53' title="bbox 195 2515 985 2554">
     <span class='ocr_line' id='line_1_53' title="bbox 195 2515 985 2554; baseline 0 -13"><span class='ocrx_word' id='word_1_390' title='bbox 195 2516 310 2550; x_wconf 88' lang='lat' dir='ltr'><strong>punitus</strong></span> <span class='ocrx_word' id='word_1_391' title='bbox 347 2515 558 2554; x_wconf 34' lang='lat' dir='ltr'><strong>fuissetpquod</strong></span> <span class='ocrx_word' id='word_1_392' title='bbox 592 2517 614 2545; x_wconf 88' lang='lat' dir='ltr'><strong>si</strong></span> <span class='ocrx_word' id='word_1_393' title='bbox 643 2518 757 2552; x_wconf 85' lang='lat' dir='ltr'><strong>punitus</strong></span> <span class='ocrx_word' id='word_1_394' title='bbox 789 2524 844 2543; x_wconf 90' lang='lat' dir='ltr'><strong>non</strong></span> <span class='ocrx_word' id='word_1_395' title='bbox 871 2515 985 2548; x_wconf 82' lang='lat' dir='ltr'><strong>fuisset,</strong></span> 
     </span>
    </p>
   </div>
   <div class='ocr_carea' id='block_1_54' title="bbox 195 2561 985 2596">
    <p class='ocr_par' dir='ltr' id='par_1_54' title="bbox 195 2561 985 2596">
     <span class='ocr_line' id='line_1_54' title="bbox 195 2561 985 2596; baseline -0.001 -8"><span class='ocrx_word' id='word_1_396' title='bbox 195 2569 368 2596; x_wconf 85' lang='lat' dir='ltr'><strong>nequaquam</strong></span> <span class='ocrx_word' id='word_1_397' title='bbox 390 2562 559 2595; x_wconf 69' lang='lat' dir='ltr'><strong>gloriﬁcatus</strong></span> <span class='ocrx_word' id='word_1_398' title='bbox 587 2563 693 2590; x_wconf 82' lang='lat' dir='ltr'><strong>fuisset.</strong></span> <span class='ocrx_word' id='word_1_399' title='bbox 715 2564 800 2590; x_wconf 89' lang='lat' dir='ltr'><strong>Porro</strong></span> <span class='ocrx_word' id='word_1_400' title='bbox 819 2562 871 2588; x_wconf 89' lang='lat' dir='ltr'><strong>hoc</strong></span> <span class='ocrx_word' id='word_1_401' title='bbox 895 2561 985 2588; x_wconf 89' lang='lat' dir='ltr'><strong>inlen-</strong></span> 
     </span>
    </p>
   </div>
   <div class='ocr_carea' id='block_1_55' title="bbox 195 2607 986 2642">
    <p class='ocr_par' dir='ltr' id='par_1_55' title="bbox 195 2607 986 2642">
     <span class='ocr_line' id='line_1_55' title="bbox 195 2607 986 2642; baseline -0.003 -8"><span class='ocrx_word' id='word_1_402' title='bbox 195 2607 288 2640; x_wconf 87' lang='lat' dir='ltr'><strong>dcbat;</strong></span> <span class='ocrx_word' id='word_1_403' title='bbox 305 2617 313 2632; x_wconf 84' lang='grc' dir='ltr'>ι</span> <span class='ocrx_word' id='word_1_404' title='bbox 325 2607 358 2635; x_wconf 92' lang='lat' dir='ltr'><strong>Ut</strong></span> <span class='ocrx_word' id='word_1_405' title='bbox 369 2607 633 2642; x_wconf 86' lang='lat' dir='ltr'><strong>ostendam.inqnit,</strong></span> <span class='ocrx_word' id='word_1_406' title='bbox 645 2609 671 2635; x_wconf 93' lang='lat' dir='ltr'><strong>in</strong></span> <span class='ocrx_word' id='word_1_407' title='bbox 682 2613 707 2635; x_wconf 85' lang='lat' dir='ltr'><strong>te</strong></span> <span class='ocrx_word' id='word_1_408' title='bbox 715 2609 845 2635; x_wconf 85' lang='lat' dir='ltr'><strong>virtutem</strong></span> <span class='ocrx_word' id='word_1_409' title='bbox 853 2614 958 2640; x_wconf 84' lang='lat' dir='ltr'><strong>meam;</strong></span> <span class='ocrx_word' id='word_1_410' title='bbox 972 2615 986 2632; x_wconf 86' lang='lat' dir='ltr'><strong>r</strong></span> 
     </span>
    </p>
   </div>
   <div class='ocr_carea' id='block_1_56' title="bbox 195 2653 985 2688">
    <p class='ocr_par' dir='ltr' id='par_1_56' title="bbox 195 2653 985 2688">
     <span class='ocr_line' id='line_1_56' title="bbox 195 2653 985 2688; baseline 0.001 -9"><span class='ocrx_word' id='word_1_411' title='bbox 195 2653 304 2687; x_wconf 88' lang='lat' dir='ltr'><strong>quodsi</strong></span> <span class='ocrx_word' id='word_1_412' title='bbox 322 2654 441 2685; x_wconf 86' lang='lat' dir='ltr'><strong>volebat,</strong></span> <span class='ocrx_word' id='word_1_413' title='bbox 470 2656 533 2687; x_wconf 86' lang='lat' dir='ltr'><strong>quis</strong></span> <span class='ocrx_word' id='word_1_414' title='bbox 561 2654 621 2688; x_wconf 82' lang='lat' dir='ltr'><strong>ejus</strong></span> <span class='ocrx_word' id='word_1_415' title='bbox 661 2655 791 2681; x_wconf 83' lang='lat' dir='ltr'><strong>resistere</strong></span> <span class='ocrx_word' id='word_1_416' title='bbox 820 2658 910 2687; x_wconf 86' lang='lat' dir='ltr'><strong>potest</strong></span> <span class='ocrx_word' id='word_1_417' title='bbox 938 2661 985 2680; x_wconf 87' lang='lat' dir='ltr'><strong>vo-</strong></span> 
     </span>
    </p>
   </div>
   <div class='ocr_carea' id='block_1_57' title="bbox 195 2698 988 2732">
    <p class='ocr_par' dir='ltr' id='par_1_57' title="bbox 195 2698 988 2732">
     <span class='ocr_line' id='line_1_57' title="bbox 195 2698 988 2732; baseline 0 -6"><span class='ocrx_word' id='word_1_418' title='bbox 195 2699 295 2726; x_wconf 86' lang='lat' dir='ltr'><strong>luntati</strong></span> <span class='ocrx_word' id='word_1_419' title='bbox 312 2700 323 2726; x_wconf 84' lang='lat'><strong>?</strong></span> <span class='ocrx_word' id='word_1_420' title='bbox 340 2700 421 2727; x_wconf 83' lang='lat' dir='ltr'><strong>Vides</strong></span> <span class='ocrx_word' id='word_1_421' title='bbox 448 2698 521 2732; x_wconf 86' lang='lat' dir='ltr'><strong>quod</strong></span> <span class='ocrx_word' id='word_1_422' title='bbox 539 2699 722 2727; x_wconf 89' lang='lat' dir='ltr'><strong>dubitationis</strong></span> <span class='ocrx_word' id='word_1_423' title='bbox 745 2701 857 2732; x_wconf 88' lang='lat' dir='ltr'><strong>solutio,</strong></span> <span class='ocrx_word' id='word_1_424' title='bbox 885 2707 988 2727; x_wconf 71' lang='lat' dir='ltr'><strong>causa:-</strong></span> 
     </span>
    </p>
   </div>
   <div class='ocr_carea' id='block_1_58' title="bbox 198 2744 986 2780">
    <p class='ocr_par' dir='ltr' id='par_1_58' title="bbox 198 2744 986 2780">
     <span class='ocr_line' id='line_1_58' title="bbox 198 2744 986 2780; baseline 0 -8"><span class='ocrx_word' id='word_1_425' title='bbox 198 2754 251 2780; x_wconf 90' lang='lat' dir='ltr'><strong>qne</strong></span> <span class='ocrx_word' id='word_1_426' title='bbox 275 2745 394 2773; x_wconf 86' lang='lat' dir='ltr'><strong>redditio</strong></span> <span class='ocrx_word' id='word_1_427' title='bbox 412 2744 455 2771; x_wconf 91' lang='lat' dir='ltr'><strong>his</strong></span> <span class='ocrx_word' id='word_1_428' title='bbox 472 2744 519 2778; x_wconf 88' lang='lat' dir='ltr'><strong>qui</strong></span> <span class='ocrx_word' id='word_1_429' title='bbox 539 2745 638 2779; x_wconf 84' lang='lat' dir='ltr'><strong>perﬁdi</strong></span> <span class='ocrx_word' id='word_1_430' title='bbox 655 2751 719 2773; x_wconf 89' lang='lat' dir='ltr'><strong>sunt</strong></span> <span class='ocrx_word' id='word_1_431' title='bbox 733 2746 912 2773; x_wconf 72' lang='lat' dir='ltr'><strong>luesitantiam</strong></span> <span class='ocrx_word' id='word_1_432' title='bbox 932 2754 986 2773; x_wconf 92' lang='lat' dir='ltr'><strong>non</strong></span> 
     </span>
    </p>
   </div>
   <div class='ocr_carea' id='block_1_59' title="bbox 236 2834 870 2871">
    <p class='ocr_par' dir='ltr' id='par_1_59' title="bbox 236 2834 870 2871">
     <span class='ocr_line' id='line_1_59' title="bbox 236 2834 870 2871; baseline -0.002 -8"><span class='ocrx_word' id='word_1_433' title='bbox 236 2837 259 2852; x_wconf 75' lang='lat'>“</span> <span class='ocrx_word' id='word_1_434' title='bbox 273 2837 358 2864; x_wconf 73' lang='lat' dir='ltr'><strong>Exod.</strong></span> <span class='ocrx_word' id='word_1_435' title='bbox 376 2846 461 2870; x_wconf 76' lang='lat' dir='ltr'><strong>xxxii,</strong></span> <span class='ocrx_word' id='word_1_436' title='bbox 481 2838 491 2864; x_wconf 88' lang='lat' dir='ltr'><strong>l</strong></span> <span class='ocrx_word' id='word_1_437' title='bbox 509 2845 585 2871; x_wconf 83' lang='lat' dir='ltr'><strong>seqq.</strong></span> <span class='ocrx_word' id='word_1_438' title='bbox 626 2836 647 2850; x_wconf 66' lang='grc' dir='ltr'>θ’</span> <span class='ocrx_word' id='word_1_439' title='bbox 666 2835 751 2862; x_wconf 80' lang='lat' dir='ltr'><strong>Exod.</strong></span> <span class='ocrx_word' id='word_1_440' title='bbox 770 2843 807 2866; x_wconf 83' lang='lat' dir='ltr'><strong>Ix,</strong></span> <span class='ocrx_word' id='word_1_441' title='bbox 829 2834 870 2862; x_wconf 86' lang='lat' dir='ltr'><strong>l6.</strong></span> 
     </span>
    </p>
   </div>
   <div class='ocr_carea' id='block_1_60' title="bbox 713 129 1267 160">
    <p class='ocr_par' dir='ltr' id='par_1_60' title="bbox 713 129 1267 160">
     <span class='ocr_line' id='line_1_60' title="bbox 713 129 1267 160; baseline 0.002 -1"><span class='ocrx_word' id='word_1_442' title='bbox 713 129 913 160; x_wconf 77' lang='lat' dir='ltr'><strong>(ECUMENII</strong></span> <span class='ocrx_word' id='word_1_443' title='bbox 934 130 1079 160; x_wconf 62' lang='lat' dir='ltr'><strong>TRICCE</strong></span> <span class='ocrx_word' id='word_1_444' title='bbox 1097 130 1267 160; x_wconf 84' lang='lat' dir='ltr'><strong>EPISCOPI</strong></span> 
     </span>
    </p>
   </div>
   <div class='ocr_carea' id='block_1_61' title="bbox 982 185 1809 221">
    <p class='ocr_par' dir='ltr' id='par_1_61' title="bbox 982 185 1809 221">
     <span class='ocr_line' id='line_1_61' title="bbox 982 185 1809 221; baseline 0.001 -10"><span class='ocrx_word' id='word_1_445' title='bbox 982 189 999 214; x_wconf 77' lang='grc' dir='ltr'><strong>Α</strong></span> <span class='ocrx_word' id='word_1_446' title='bbox 1017 185 1091 212; x_wconf 80' lang='grc' dir='ltr'>θεσιν</span> <span class='ocrx_word' id='word_1_447' title='bbox 1105 186 1150 212; x_wconf 83' lang='grc' dir='ltr'>τοῦ</span> <span class='ocrx_word' id='word_1_448' title='bbox 1160 187 1240 218; x_wconf 79' lang='grc' dir='ltr'>Θεοῦ,</span> <span class='ocrx_word' id='word_1_449' title='bbox 1257 197 1266 212; x_wconf 72' lang='grc' dir='ltr'>ι</span> <span class='ocrx_word' id='word_1_450' title='bbox 1281 186 1330 221; x_wconf 73' lang='grc' dir='ltr'>τὴν</span> <span class='ocrx_word' id='word_1_451' title='bbox 1346 186 1442 221; x_wconf 57' lang='grc' dir='ltr'>βουλὴν</span> <span class='ocrx_word' id='word_1_452' title='bbox 1452 186 1533 212; x_wconf 66' lang='grc' dir='ltr'>αὐτοῦ</span> <span class='ocrx_word' id='word_1_453' title='bbox 1545 186 1809 220; x_wconf 72' lang='grc' dir='ltr'>ἐδήλωσεν.ῐ-ἷίπὼν,</span> 
     </span>
    </p>
   </div>
   <div class='ocr_carea' id='block_1_62' title="bbox 1022 231 1810 266">
    <p class='ocr_par' dir='ltr' id='par_1_62' title="bbox 1022 231 1810 266">
     <span class='ocr_line' id='line_1_62' title="bbox 1022 231 1810 266; baseline 0.003 -10"><span class='ocrx_word' id='word_1_454' title='bbox 1022 240 1030 255; x_wconf 79' lang='grc' dir='ltr'>ι</span> <span class='ocrx_word' id='word_1_455' title='bbox 1049 231 1117 257; x_wconf 79' lang='grc' dir='ltr'><strong>Κατ’</strong></span> <span class='ocrx_word' id='word_1_456' title='bbox 1133 231 1257 266; x_wconf 82' lang='grc' dir='ltr'>ἐκλογὴν,</span> <span class='ocrx_word' id='word_1_457' title='bbox 1277 241 1285 256; x_wconf 78' lang='grc' dir='ltr'>ι</span> <span class='ocrx_word' id='word_1_458' title='bbox 1303 231 1404 263; x_wconf 77' lang='grc' dir='ltr'>ἔδειξεν</span> <span class='ocrx_word' id='word_1_459' title='bbox 1416 232 1456 258; x_wconf 84' lang='grc' dir='ltr'>ὅτι</span> <span class='ocrx_word' id='word_1_460' title='bbox 1471 233 1517 258; x_wconf 76' lang='grc' dir='ltr'>καὶ</span> <span class='ocrx_word' id='word_1_461' title='bbox 1530 232 1654 266; x_wconf 76' lang='grc' dir='ltr'><strong>διέφερον</strong></span> <span class='ocrx_word' id='word_1_462' title='bbox 1667 231 1810 266; x_wconf 75' lang='grc' dir='ltr'>ἀλλήλων.</span> 
     </span>
    </p>
   </div>
   <div class='ocr_carea' id='block_1_63' title="bbox 1018 276 1814 312">
    <p class='ocr_par' dir='ltr' id='par_1_63' title="bbox 1018 276 1814 312">
     <span class='ocr_line' id='line_1_63' title="bbox 1018 276 1814 312; baseline -0.001 -9"><span class='ocrx_word' id='word_1_463' title='bbox 1018 276 1113 307; x_wconf 74' lang='grc' dir='ltr'>Οὐδεὶς</span> <span class='ocrx_word' id='word_1_464' title='bbox 1141 277 1195 312; x_wconf 83' lang='grc' dir='ltr'>γὰρ</span> <span class='ocrx_word' id='word_1_465' title='bbox 1219 277 1361 310; x_wconf 73' lang='grc' dir='ltr'><strong>ἐκλέγεται</strong></span> <span class='ocrx_word' id='word_1_466' title='bbox 1377 277 1471 310; x_wconf 78' lang='grc' dir='ltr'>ἓτερον</span> <span class='ocrx_word' id='word_1_467' title='bbox 1489 278 1536 312; x_wconf 83' lang='grc' dir='ltr'>ἀφ’</span> <span class='ocrx_word' id='word_1_468' title='bbox 1552 277 1658 312; x_wconf 81' lang='grc' dir='ltr'>ἐτέρου,</span> <span class='ocrx_word' id='word_1_469' title='bbox 1682 277 1706 302; x_wconf 83' lang='grc' dir='ltr'><strong>εἰ</strong></span> <span class='ocrx_word' id='word_1_470' title='bbox 1723 278 1759 311; x_wconf 87' lang='grc' dir='ltr'><strong>μή</strong></span> <span class='ocrx_word' id='word_1_471' title='bbox 1780 285 1814 302; x_wconf 79' lang='grc' dir='ltr'><strong>τι</strong></span> 
     </span>
    </p>
   </div>
   <div class='ocr_carea' id='block_1_64' title="bbox 1018 321 1815 356">
    <p class='ocr_par' dir='ltr' id='par_1_64' title="bbox 1018 321 1815 356">
     <span class='ocr_line' id='line_1_64' title="bbox 1018 321 1815 356; baseline -0.003 -7"><span class='ocrx_word' id='word_1_472' title='bbox 1018 322 1101 349; x_wconf 74' lang='grc' dir='ltr'>αὐτοῦ</span> <span class='ocrx_word' id='word_1_473' title='bbox 1112 323 1278 350; x_wconf 81' lang='grc' dir='ltr'>διαλλάσσοι.</span> <span class='ocrx_word' id='word_1_474' title='bbox 1293 321 1386 349; x_wconf 78' lang='grc' dir='ltr'>Εἰπὼν</span> <span class='ocrx_word' id='word_1_475' title='bbox 1398 322 1437 355; x_wconf 77' lang='grc' dir='ltr'><strong>δέ,</strong></span> <span class='ocrx_word' id='word_1_476' title='bbox 1455 332 1463 348; x_wconf 86' lang='grc' dir='ltr'>ι</span> <span class='ocrx_word' id='word_1_477' title='bbox 1478 323 1534 348; x_wconf 82' lang='grc' dir='ltr'><strong>οὐκ</strong></span> <span class='ocrx_word' id='word_1_478' title='bbox 1551 321 1580 353; x_wconf 74' lang='grc' dir='ltr'>ἐξ</span> <span class='ocrx_word' id='word_1_479' title='bbox 1593 322 1693 356; x_wconf 75' lang='grc' dir='ltr'>ἔργων,</span> <span class='ocrx_word' id='word_1_480' title='bbox 1708 330 1717 346; x_wconf 77' lang='grc' dir='ltr'>ι</span> <span class='ocrx_word' id='word_1_481' title='bbox 1734 330 1815 355; x_wconf 81' lang='grc' dir='ltr'>παρ-</span> 
     </span>
    </p>
   </div>
   <div class='ocr_carea' id='block_1_65' title="bbox 1018 366 1814 402">
    <p class='ocr_par' dir='ltr' id='par_1_65' title="bbox 1018 366 1814 402">
     <span class='ocr_line' id='line_1_65' title="bbox 1018 366 1814 402; baseline -0.004 -8"><span class='ocrx_word' id='word_1_482' title='bbox 1018 367 1116 402; x_wconf 81' lang='grc' dir='ltr'>έστησε</span> <span class='ocrx_word' id='word_1_483' title='bbox 1125 367 1155 394; x_wconf 81' lang='grc' dir='ltr'>τὸ</span> <span class='ocrx_word' id='word_1_484' title='bbox 1166 367 1280 402; x_wconf 81' lang='grc' dir='ltr'>μέγεθος</span> <span class='ocrx_word' id='word_1_485' title='bbox 1288 368 1337 402; x_wconf 84' lang='grc' dir='ltr'>τῆς</span> <span class='ocrx_word' id='word_1_486' title='bbox 1346 367 1468 402; x_wconf 80' lang='grc' dir='ltr'><strong>κλήσεως</strong></span> <span class='ocrx_word' id='word_1_487' title='bbox 1476 367 1578 401; x_wconf 79' lang='grc' dir='ltr'>καὶτῆς</span> <span class='ocrx_word' id='word_1_488' title='bbox 1586 367 1700 402; x_wconf 76' lang='grc' dir='ltr'>χάριτος</span> <span class='ocrx_word' id='word_1_489' title='bbox 1708 366 1814 397; x_wconf 78' lang='grc' dir='ltr'>αὐτοῦ,</span> 
     </span>
    </p>
   </div>
   <div class='ocr_carea' id='block_1_66' title="bbox 1018 414 1812 449">
    <p class='ocr_par' dir='ltr' id='par_1_66' title="bbox 1018 414 1812 449">
     <span class='ocr_line' id='line_1_66' title="bbox 1018 414 1812 449; baseline -0.004 -9"><span class='ocrx_word' id='word_1_490' title='bbox 1018 414 1058 440; x_wconf 83' lang='grc' dir='ltr'>ὅτι</span> <span class='ocrx_word' id='word_1_491' title='bbox 1069 414 1115 440; x_wconf 77' lang='grc' dir='ltr'><strong>καὶ</strong></span> <span class='ocrx_word' id='word_1_492' title='bbox 1124 414 1207 449; x_wconf 78' lang='grc' dir='ltr'>μηδὲν</span> <span class='ocrx_word' id='word_1_493' title='bbox 1214 414 1386 449; x_wconf 72' lang='grc' dir='ltr'>πραξάντων.</span> <span class='ocrx_word' id='word_1_494' title='bbox 1393 414 1534 448; x_wconf 72' lang='grc' dir='ltr'><strong>ἐκλέγεται</strong></span> <span class='ocrx_word' id='word_1_495' title='bbox 1542 415 1588 440; x_wconf 80' lang='grc' dir='ltr'>καὶ</span> <span class='ocrx_word' id='word_1_496' title='bbox 1596 414 1784 448; x_wconf 65' lang='grc' dir='ltr'>προσκαλεῖται</span> <span class='ocrx_word' id='word_1_497' title='bbox 1791 422 1812 437; x_wconf 84' lang='grc' dir='ltr'>ι.</span> 
     </span>
    </p>
   </div>
   <div class='ocr_carea' id='block_1_67' title="bbox 1018 459 1814 496">
    <p class='ocr_par' dir='ltr' id='par_1_67' title="bbox 1018 459 1814 496">
     <span class='ocr_line' id='line_1_67' title="bbox 1018 459 1814 496; baseline -0.004 -10"><span class='ocrx_word' id='word_1_498' title='bbox 1018 459 1088 486; x_wconf 80' lang='grc' dir='ltr'>Ἀλλ’</span> <span class='ocrx_word' id='word_1_499' title='bbox 1098 461 1122 486; x_wconf 77' lang='grc' dir='ltr'><strong>εί</strong></span> <span class='ocrx_word' id='word_1_500' title='bbox 1133 460 1217 495; x_wconf 80' lang='grc' dir='ltr'>μηδὲν</span> <span class='ocrx_word' id='word_1_501' title='bbox 1232 460 1394 496; x_wconf 72' lang='grc' dir='ltr'>πραξάντων</span> <span class='ocrx_word' id='word_1_502' title='bbox 1408 460 1560 493; x_wconf 81' lang='grc' dir='ltr'>ἐκλέγεται,</span> <span class='ocrx_word' id='word_1_503' title='bbox 1571 460 1630 490; x_wconf 77' lang='grc' dir='ltr'>πῶς</span> <span class='ocrx_word' id='word_1_504' title='bbox 1641 459 1789 492; x_wconf 73' lang='grc' dir='ltr'><strong>ἐκλέγεται</strong></span> <span class='ocrx_word' id='word_1_505' title='bbox 1805 467 1814 489; x_wconf 89' lang='lat'><strong>;</strong></span> 
     </span>
    </p>
   </div>
   <div class='ocr_carea' id='block_1_68' title="bbox 1023 505 1816 542">
    <p class='ocr_par' dir='ltr' id='par_1_68' title="bbox 1023 505 1816 542">
     <span class='ocr_line' id='line_1_68' title="bbox 1023 505 1816 542; baseline -0.005 -9"><span class='ocrx_word' id='word_1_506' title='bbox 1023 505 1035 538; x_wconf 72' lang='grc' dir='ltr'>ἢ</span> <span class='ocrx_word' id='word_1_507' title='bbox 1054 506 1102 540; x_wconf 84' lang='grc' dir='ltr'><strong>μὲν</strong></span> <span class='ocrx_word' id='word_1_508' title='bbox 1128 508 1182 541; x_wconf 71' lang='grc' dir='ltr'>γὰρ</span> <span class='ocrx_word' id='word_1_509' title='bbox 1197 507 1296 542; x_wconf 80' lang='grc' dir='ltr'>ἐκλογὴ</span> <span class='ocrx_word' id='word_1_510' title='bbox 1314 507 1366 537; x_wconf 65' lang='grc' dir='ltr'><strong>¹ἐπὶ.</strong></span> <span class='ocrx_word' id='word_1_511' title='bbox 1381 507 1434 532; x_wconf 82' lang='grc' dir='ltr'>τῶν</span> <span class='ocrx_word' id='word_1_512' title='bbox 1457 506 1528 533; x_wconf 74' lang='grc' dir='ltr'>κατὰ</span> <span class='ocrx_word' id='word_1_513' title='bbox 1542 514 1569 532; x_wconf 83' lang='grc' dir='ltr'><strong>τι</strong></span> <span class='ocrx_word' id='word_1_514' title='bbox 1589 505 1695 539; x_wconf 83' lang='grc' dir='ltr'>γίνεται</span> <span class='ocrx_word' id='word_1_515' title='bbox 1710 505 1816 536; x_wconf 57' lang='grc' dir='ltr'>διαεε-</span> 
     </span>
    </p>
   </div>
   <div class='ocr_carea' id='block_1_69' title="bbox 1022 551 1818 588">
    <p class='ocr_par' dir='ltr' id='par_1_69' title="bbox 1022 551 1818 588">
     <span class='ocr_line' id='line_1_69' title="bbox 1022 551 1818 588; baseline -0.001 -11"><span class='ocrx_word' id='word_1_516' title='bbox 1022 551 1123 586; x_wconf 89' lang='grc' dir='ltr'>ρόντων</span> <span class='ocrx_word' id='word_1_517' title='bbox 1133 560 1139 566; x_wconf 93' lang='grc'><strong><em>“</em></strong></span> <span class='ocrx_word' id='word_1_518' title='bbox 1155 553 1180 579; x_wconf 79' lang='grc' dir='ltr'>οι</span> <span class='ocrx_word' id='word_1_519' title='bbox 1200 552 1229 579; x_wconf 86' lang='grc' dir='ltr'><strong>δέ</strong></span> <span class='ocrx_word' id='word_1_520' title='bbox 1246 553 1330 588; x_wconf 80' lang='grc' dir='ltr'>μηδὲν</span> <span class='ocrx_word' id='word_1_521' title='bbox 1344 552 1505 587; x_wconf 78' lang='grc' dir='ltr'>πράξαντες,</span> <span class='ocrx_word' id='word_1_522' title='bbox 1521 553 1547 578; x_wconf 83' lang='grc' dir='ltr'><strong>τί</strong></span> <span class='ocrx_word' id='word_1_523' title='bbox 1561 551 1737 586; x_wconf 70' lang='grc' dir='ltr'>διαφέρουσις</span> <span class='ocrx_word' id='word_1_524' title='bbox 1753 551 1818 577; x_wconf 67' lang='grc' dir='ltr'><strong>Ναὶ</strong></span> 
     </span>
    </p>
   </div>
   <div class='ocr_carea' id='block_1_70' title="bbox 1020 597 1817 634">
    <p class='ocr_par' dir='ltr' id='par_1_70' title="bbox 1020 597 1817 634">
     <span class='ocr_line' id='line_1_70' title="bbox 1020 597 1817 634; baseline -0.001 -11"><span class='ocrx_word' id='word_1_525' title='bbox 1020 597 1102 624; x_wconf 81' lang='grc' dir='ltr'>πάνυ.</span> <span class='ocrx_word' id='word_1_526' title='bbox 1121 598 1314 632; x_wconf 77' lang='grc' dir='ltr'>Ἀνθρωπίνοις</span> <span class='ocrx_word' id='word_1_527' title='bbox 1342 599 1390 633; x_wconf 82' lang='grc' dir='ltr'><strong>μὲν</strong></span> <span class='ocrx_word' id='word_1_528' title='bbox 1402 599 1457 634; x_wconf 83' lang='grc' dir='ltr'><strong>γὰρ</strong></span> <span class='ocrx_word' id='word_1_529' title='bbox 1473 599 1623 632; x_wconf 76' lang='grc' dir='ltr'><strong>ὀφθαλμοῖς</strong></span> <span class='ocrx_word' id='word_1_530' title='bbox 1642 598 1706 624; x_wconf 74' lang='grc' dir='ltr'>ἐπεὶ</span> <span class='ocrx_word' id='word_1_531' title='bbox 1732 599 1817 624; x_wconf 70' lang='grc' dir='ltr'>οὐδὲν</span> 
     </span>
    </p>
   </div>
   <div class='ocr_carea' id='block_1_71' title="bbox 1021 642 1818 680">
    <p class='ocr_par' dir='ltr' id='par_1_71' title="bbox 1021 642 1818 680">
     <span class='ocr_line' id='line_1_71' title="bbox 1021 642 1818 680; baseline 0 -11"><span class='ocrx_word' id='word_1_532' title='bbox 1021 642 1153 679; x_wconf 77' lang='grc' dir='ltr'>ἔπραξαν,</span> <span class='ocrx_word' id='word_1_533' title='bbox 1172 644 1249 671; x_wconf 79' lang='grc' dir='ltr'>οὐδὲν</span> <span class='ocrx_word' id='word_1_534' title='bbox 1268 645 1437 680; x_wconf 80' lang='grc' dir='ltr'><strong>διαφέρουσι,</strong></span> <span class='ocrx_word' id='word_1_535' title='bbox 1456 644 1517 679; x_wconf 81' lang='grc' dir='ltr'>θείᾳ</span> <span class='ocrx_word' id='word_1_536' title='bbox 1541 645 1569 670; x_wconf 79' lang='grc' dir='ltr'>δὲ</span> <span class='ocrx_word' id='word_1_537' title='bbox 1591 645 1746 680; x_wconf 80' lang='grc' dir='ltr'><strong>προγνώσει</strong></span> <span class='ocrx_word' id='word_1_538' title='bbox 1762 644 1818 670; x_wconf 75' lang='grc' dir='ltr'>τοῦ</span> 
     </span>
    </p>
   </div>
   <div class='ocr_carea' id='block_1_72' title="bbox 1024 689 1821 726">
    <p class='ocr_par' dir='ltr' id='par_1_72' title="bbox 1024 689 1821 726">
     <span class='ocr_line' id='line_1_72' title="bbox 1024 689 1821 726; baseline 0.001 -11"><span class='ocrx_word' id='word_1_539' title='bbox 1024 689 1177 724; x_wconf 71' lang='grc' dir='ltr'>μέλλοντος,</span> <span class='ocrx_word' id='word_1_540' title='bbox 1196 691 1280 717; x_wconf 81' lang='grc' dir='ltr'>πολλὰ</span> <span class='ocrx_word' id='word_1_541' title='bbox 1303 691 1437 726; x_wconf 69' lang='grc' dir='ltr'>διαφέρει.</span> <span class='ocrx_word' id='word_1_542' title='bbox 1454 692 1508 717; x_wconf 78' lang='grc' dir='ltr'><strong>Καὶ</strong></span> <span class='ocrx_word' id='word_1_543' title='bbox 1524 692 1578 724; x_wconf 82' lang='grc' dir='ltr'>γὰρ</span> <span class='ocrx_word' id='word_1_544' title='bbox 1600 692 1613 717; x_wconf 76' lang='grc' dir='ltr'><em>ὸ</em></span> <span class='ocrx_word' id='word_1_545' title='bbox 1638 691 1687 724; x_wconf 84' lang='grc' dir='ltr'>μὲν</span> <span class='ocrx_word' id='word_1_546' title='bbox 1712 691 1821 724; x_wconf 68' lang='grc' dir='ltr'>εὐηρὲ-</span> 
     </span>
    </p>
   </div>
   <div class='ocr_carea' id='block_1_73' title="bbox 1023 736 1822 772">
    <p class='ocr_par' dir='ltr' id='par_1_73' title="bbox 1023 736 1822 772">
     <span class='ocr_line' id='line_1_73' title="bbox 1023 736 1822 772; baseline 0 -11"><span class='ocrx_word' id='word_1_547' title='bbox 1023 744 1107 770; x_wconf 83' lang='grc' dir='ltr'>στησε</span> <span class='ocrx_word' id='word_1_548' title='bbox 1117 736 1157 771; x_wconf 85' lang='grc' dir='ltr'>τῷ</span> <span class='ocrx_word' id='word_1_549' title='bbox 1169 736 1239 771; x_wconf 85' lang='grc' dir='ltr'>Θεῷ,</span> <span class='ocrx_word' id='word_1_550' title='bbox 1254 738 1268 764; x_wconf 83' lang='grc' dir='ltr'>ὁ</span> <span class='ocrx_word' id='word_1_551' title='bbox 1282 737 1310 763; x_wconf 85' lang='grc' dir='ltr'><strong>δέ</strong></span> <span class='ocrx_word' id='word_1_552' title='bbox 1327 738 1376 764; x_wconf 82' lang='grc' dir='ltr'><strong>οὐκ</strong></span> <span class='ocrx_word' id='word_1_553' title='bbox 1391 738 1441 764; x_wconf 79' lang='grc' dir='ltr'>ἑτι.</span> <span class='ocrx_word' id='word_1_554' title='bbox 1456 737 1536 764; x_wconf 79' lang='grc' dir='ltr'>Ὥστε</span> <span class='ocrx_word' id='word_1_555' title='bbox 1547 738 1564 772; x_wconf 88' lang='grc' dir='ltr'><strong>ή</strong></span> <span class='ocrx_word' id='word_1_556' title='bbox 1581 736 1681 772; x_wconf 70' lang='grc' dir='ltr'>ἐκλογὴ</span> <span class='ocrx_word' id='word_1_557' title='bbox 1696 737 1744 762; x_wconf 73' lang='grc' dir='ltr'><strong>καὶ</strong></span> <span class='ocrx_word' id='word_1_558' title='bbox 1761 737 1822 762; x_wconf 65' lang='grc' dir='ltr'><strong>οὐκ</strong></span> 
     </span>
    </p>
   </div>
   <div class='ocr_carea' id='block_1_74' title="bbox 1023 781 1822 818">
    <p class='ocr_par' dir='ltr' id='par_1_74' title="bbox 1023 781 1822 818">
     <span class='ocr_line' id='line_1_74' title="bbox 1023 781 1822 818; baseline -0.003 -10"><span class='ocrx_word' id='word_1_559' title='bbox 1023 781 1053 814; x_wconf 78' lang='grc' dir='ltr'>ἐξ</span> <span class='ocrx_word' id='word_1_560' title='bbox 1073 781 1161 816; x_wconf 78' lang='grc' dir='ltr'>ἔργων</span> <span class='ocrx_word' id='word_1_561' title='bbox 1190 783 1295 817; x_wconf 84' lang='grc' dir='ltr'>γέγονε,</span> <span class='ocrx_word' id='word_1_562' title='bbox 1319 784 1366 809; x_wconf 79' lang='grc' dir='ltr'><strong>καὶ</strong></span> <span class='ocrx_word' id='word_1_563' title='bbox 1389 783 1443 809; x_wconf 66' lang='grc' dir='ltr'><strong>ἀπὸ</strong></span> <span class='ocrx_word' id='word_1_564' title='bbox 1462 784 1511 818; x_wconf 79' lang='grc' dir='ltr'>τῆς</span> <span class='ocrx_word' id='word_1_565' title='bbox 1537 783 1661 817; x_wconf 80' lang='grc' dir='ltr'><strong>κλήσεως</strong></span> <span class='ocrx_word' id='word_1_566' title='bbox 1692 782 1741 807; x_wconf 78' lang='grc' dir='ltr'><strong>καὶ</strong></span> <span class='ocrx_word' id='word_1_567' title='bbox 1763 783 1822 814; x_wconf 74' lang='grc' dir='ltr'>τῆς</span> 
     </span>
    </p>
   </div>
   <div class='ocr_carea' id='block_1_75' title="bbox 1025 827 1821 864">
    <p class='ocr_par' dir='ltr' id='par_1_75' title="bbox 1025 827 1821 864">
     <span class='ocr_line' id='line_1_75' title="bbox 1025 827 1821 864; baseline -0.004 -9"><span class='ocrx_word' id='word_1_568' title='bbox 1025 828 1137 864; x_wconf 79' lang='grc' dir='ltr'>χάριτος</span> <span class='ocrx_word' id='word_1_569' title='bbox 1148 829 1255 863; x_wconf 78' lang='grc' dir='ltr'>γέγονε.</span> <span class='ocrx_word' id='word_1_570' title='bbox 1273 829 1328 856; x_wconf 77' lang='grc' dir='ltr'><strong>Καὶ</strong></span> <span class='ocrx_word' id='word_1_571' title='bbox 1342 829 1433 856; x_wconf 79' lang='grc' dir='ltr'>δικαία</span> <span class='ocrx_word' id='word_1_572' title='bbox 1445 830 1566 863; x_wconf 82' lang='grc' dir='ltr'>γέγονεν,</span> <span class='ocrx_word' id='word_1_573' title='bbox 1582 828 1651 855; x_wconf 77' lang='grc' dir='ltr'>ἀλλὰ</span> <span class='ocrx_word' id='word_1_574' title='bbox 1665 828 1695 854; x_wconf 85' lang='grc' dir='ltr'><strong>τδ</strong></span> <span class='ocrx_word' id='word_1_575' title='bbox 1705 827 1821 854; x_wconf 78' lang='grc' dir='ltr'>δίκαιον</span> 
     </span>
    </p>
   </div>
   <div class='ocr_carea' id='block_1_76' title="bbox 1025 873 1823 909">
    <p class='ocr_par' dir='ltr' id='par_1_76' title="bbox 1025 873 1823 909">
     <span class='ocr_line' id='line_1_76' title="bbox 1025 873 1823 909; baseline -0.001 -10"><span class='ocrx_word' id='word_1_576' title='bbox 1025 873 1089 904; x_wconf 74' lang='grc' dir='ltr'>τοὺς</span> <span class='ocrx_word' id='word_1_577' title='bbox 1116 874 1276 909; x_wconf 78' lang='grc' dir='ltr'><strong>ἀνθρώπους</strong></span> <span class='ocrx_word' id='word_1_578' title='bbox 1299 874 1453 901; x_wconf 77' lang='grc' dir='ltr'>ἐλάνθανεν.</span> <span class='ocrx_word' id='word_1_579' title='bbox 1480 875 1584 909; x_wconf 85' lang='grc' dir='ltr'>Ὥσπερ</span> <span class='ocrx_word' id='word_1_580' title='bbox 1602 874 1686 900; x_wconf 81' lang='grc' dir='ltr'>πλέον</span> <span class='ocrx_word' id='word_1_581' title='bbox 1704 875 1754 899; x_wconf 75' lang='grc' dir='ltr'>καὶ</span> <span class='ocrx_word' id='word_1_582' title='bbox 1774 873 1823 898; x_wconf 74' lang='grc' dir='ltr'>ἔτι</span> 
     </span>
    </p>
   </div>
   <div class='ocr_carea' id='block_1_77' title="bbox 1025 918 1822 956">
    <p class='ocr_par' dir='ltr' id='par_1_77' title="bbox 1025 918 1822 956">
     <span class='ocr_line' id='line_1_77' title="bbox 1025 918 1822 956; baseline -0.003 -11"><span class='ocrx_word' id='word_1_583' title='bbox 1025 918 1074 946; x_wconf 79' lang='grc' dir='ltr'><strong>νῦν</strong></span> <span class='ocrx_word' id='word_1_584' title='bbox 1091 919 1216 946; x_wconf 78' lang='grc' dir='ltr'>λανθάνει</span> <span class='ocrx_word' id='word_1_585' title='bbox 1232 920 1261 946; x_wconf 81' lang='grc' dir='ltr'><strong>τὺ</strong></span> <span class='ocrx_word' id='word_1_586' title='bbox 1280 920 1384 946; x_wconf 83' lang='grc' dir='ltr'>δίκαιον</span> <span class='ocrx_word' id='word_1_587' title='bbox 1398 920 1429 947; x_wconf 74' lang='grc' dir='ltr'><strong>τὸ</strong></span> <span class='ocrx_word' id='word_1_588' title='bbox 1451 921 1497 946; x_wconf 78' lang='grc' dir='ltr'>ἐπὶ</span> <span class='ocrx_word' id='word_1_589' title='bbox 1511 922 1559 956; x_wconf 82' lang='grc' dir='ltr'>τῆς</span> <span class='ocrx_word' id='word_1_590' title='bbox 1576 920 1745 954; x_wconf 75' lang='grc' dir='ltr'><strong>ἀναιρέσεως</strong></span> <span class='ocrx_word' id='word_1_591' title='bbox 1760 918 1822 945; x_wconf 81' lang='grc' dir='ltr'><strong>τῶν</strong></span> 
     </span>
    </p>
   </div>
   <div class='ocr_carea' id='block_1_78' title="bbox 1028 966 1821 1002">
    <p class='ocr_par' dir='ltr' id='par_1_78' title="bbox 1028 966 1821 1002">
     <span class='ocr_line' id='line_1_78' title="bbox 1028 966 1821 1002; baseline -0.004 -9"><span class='ocrx_word' id='word_1_592' title='bbox 1028 967 1297 1002; x_wconf 78' lang='grc' dir='ltr'>μοσχοποιησάντων.</span> <span class='ocrx_word' id='word_1_593' title='bbox 1322 966 1434 994; x_wconf 77' lang='grc' dir='ltr'><strong>Πάντων</strong></span> <span class='ocrx_word' id='word_1_594' title='bbox 1465 967 1518 1000; x_wconf 83' lang='grc' dir='ltr'>γὰρ</span> <span class='ocrx_word' id='word_1_595' title='bbox 1542 966 1821 1001; x_wconf 69' lang='grc' dir='ltr'>μοσχοποιησάιιτων,</span> 
     </span>
    </p>
   </div>
   <div class='ocr_carea' id='block_1_79' title="bbox 1027 1011 1823 1049">
    <p class='ocr_par' dir='ltr' id='par_1_79' title="bbox 1027 1011 1823 1049">
     <span class='ocr_line' id='line_1_79' title="bbox 1027 1011 1823 1049; baseline -0.004 -10"><span class='ocrx_word' id='word_1_596' title='bbox 1027 1013 1058 1039; x_wconf 78' lang='grc' dir='ltr'>οὺ</span> <span class='ocrx_word' id='word_1_597' title='bbox 1076 1013 1176 1044; x_wconf 84' lang='grc' dir='ltr'>πάντες</span> <span class='ocrx_word' id='word_1_598' title='bbox 1192 1012 1372 1049; x_wconf 79' lang='grc' dir='ltr'><strong>ἀνῃρέθησαν.</strong></span> <span class='ocrx_word' id='word_1_599' title='bbox 1387 1012 1458 1039; x_wconf 78' lang='grc' dir='ltr'>Ἀλλ’</span> <span class='ocrx_word' id='word_1_600' title='bbox 1476 1012 1501 1038; x_wconf 84' lang='grc' dir='ltr'><strong>εί</strong></span> <span class='ocrx_word' id='word_1_601' title='bbox 1515 1013 1560 1038; x_wconf 68' lang='grc' dir='ltr'><strong>καὶ</strong></span> <span class='ocrx_word' id='word_1_602' title='bbox 1573 1013 1635 1043; x_wconf 80' lang='grc' dir='ltr'>τοὺς</span> <span class='ocrx_word' id='word_1_603' title='bbox 1653 1011 1823 1046; x_wconf 76' lang='grc' dir='ltr'><strong>ἀνθρώπους</strong></span> 
     </span>
    </p>
   </div>
   <div class='ocr_carea' id='block_1_80' title="bbox 1026 1057 1824 1095">
    <p class='ocr_par' dir='ltr' id='par_1_80' title="bbox 1026 1057 1824 1095">
     <span class='ocr_line' id='line_1_80' title="bbox 1026 1057 1824 1095; baseline -0.003 -10"><span class='ocrx_word' id='word_1_604' title='bbox 1026 1059 1057 1085; x_wconf 83' lang='grc' dir='ltr'>τὸ</span> <span class='ocrx_word' id='word_1_605' title='bbox 1080 1060 1110 1085; x_wconf 85' lang='grc' dir='ltr'><strong>ἐν</strong></span> <span class='ocrx_word' id='word_1_606' title='bbox 1123 1061 1156 1095; x_wconf 82' lang='grc' dir='ltr'>τῇ</span> <span class='ocrx_word' id='word_1_607' title='bbox 1178 1059 1281 1086; x_wconf 82' lang='grc' dir='ltr'>τούτων</span> <span class='ocrx_word' id='word_1_608' title='bbox 1305 1058 1445 1094; x_wconf 74' lang='grc' dir='ltr'>ἀναιρέσει</span> <span class='ocrx_word' id='word_1_609' title='bbox 1461 1059 1615 1093; x_wconf 77' lang='grc' dir='ltr'><strong>ἐκπέφευγε</strong></span> <span class='ocrx_word' id='word_1_610' title='bbox 1634 1057 1754 1087; x_wconf 78' lang='grc' dir='ltr'>δίκαιον,</span> <span class='ocrx_word' id='word_1_611' title='bbox 1779 1057 1824 1090; x_wconf 81' lang='grc' dir='ltr'>τῷ</span> 
     </span>
    </p>
   </div>
   <div class='ocr_carea' id='block_1_81' title="bbox 1027 1104 1822 1141">
    <p class='ocr_par' dir='ltr' id='par_1_81' title="bbox 1027 1104 1822 1141">
     <span class='ocr_line' id='line_1_81' title="bbox 1027 1104 1822 1141; baseline -0.004 -9"><span class='ocrx_word' id='word_1_612' title='bbox 1027 1107 1115 1141; x_wconf 69' lang='grc' dir='ltr'>Κριτῇ</span> <span class='ocrx_word' id='word_1_613' title='bbox 1125 1105 1179 1132; x_wconf 81' lang='grc' dir='ltr'>τῶν</span> <span class='ocrx_word' id='word_1_614' title='bbox 1195 1106 1263 1132; x_wconf 80' lang='grc' dir='ltr'>ὅλων</span> <span class='ocrx_word' id='word_1_615' title='bbox 1278 1105 1401 1141; x_wconf 76' lang='grc' dir='ltr'>ἀκριϐῶς</span> <span class='ocrx_word' id='word_1_616' title='bbox 1416 1105 1462 1132; x_wconf 71' lang='grc' dir='ltr'><strong>καὶ</strong></span> <span class='ocrx_word' id='word_1_617' title='bbox 1479 1104 1654 1135; x_wconf 75' lang='grc' dir='ltr'><strong>ἀδιαπτώτως</strong></span> <span class='ocrx_word' id='word_1_618' title='bbox 1667 1104 1822 1138; x_wconf 73' lang='grc' dir='ltr'>ἔγνωσται,</span> 
     </span>
    </p>
   </div>
   <div class='ocr_carea' id='block_1_82' title="bbox 1028 1151 1824 1188">
    <p class='ocr_par' dir='ltr' id='par_1_82' title="bbox 1028 1151 1824 1188">
     <span class='ocr_line' id='line_1_82' title="bbox 1028 1151 1824 1188; baseline -0.005 -9"><span class='ocrx_word' id='word_1_619' title='bbox 1028 1153 1075 1179; x_wconf 71' lang='grc' dir='ltr'><strong>καὶ</strong></span> <span class='ocrx_word' id='word_1_620' title='bbox 1088 1153 1134 1178; x_wconf 74' lang='grc' dir='ltr'>ἐπὶ</span> <span class='ocrx_word' id='word_1_621' title='bbox 1151 1153 1256 1188; x_wconf 84' lang='grc' dir='ltr'>μυρίων</span> <span class='ocrx_word' id='word_1_622' title='bbox 1272 1152 1371 1184; x_wconf 81' lang='grc' dir='ltr'>ἄλλων,</span> <span class='ocrx_word' id='word_1_623' title='bbox 1381 1152 1418 1182; x_wconf 75' lang='grc' dir='ltr'>ὡς</span> <span class='ocrx_word' id='word_1_624' title='bbox 1433 1151 1480 1178; x_wconf 76' lang='grc' dir='ltr'>καὶ</span> <span class='ocrx_word' id='word_1_625' title='bbox 1492 1152 1538 1178; x_wconf 73' lang='grc' dir='ltr'><strong>ἐπὶ</strong></span> <span class='ocrx_word' id='word_1_626' title='bbox 1554 1151 1607 1178; x_wconf 82' lang='grc' dir='ltr'>τῶν</span> <span class='ocrx_word' id='word_1_627' title='bbox 1622 1151 1681 1177; x_wconf 78' lang='grc' dir='ltr'><strong>καθ’</strong></span> <span class='ocrx_word' id='word_1_628' title='bbox 1695 1151 1824 1184; x_wconf 75' lang='grc' dir='ltr'>ἑκάστην</span> 
     </span>
    </p>
   </div>
   <div class='ocr_carea' id='block_1_83' title="bbox 1029 1198 1824 1235">
    <p class='ocr_par' dir='ltr' id='par_1_83' title="bbox 1029 1198 1824 1235">
     <span class='ocr_line' id='line_1_83' title="bbox 1029 1198 1824 1235; baseline -0.003 -9"><span class='ocrx_word' id='word_1_629' title='bbox 1029 1200 1246 1234; x_wconf 75' lang='grc' dir='ltr'>συμϐαινόντων.</span> <span class='ocrx_word' id='word_1_630' title='bbox 1265 1199 1354 1226; x_wconf 85' lang='grc' dir='ltr'>[Ιολλά</span> <span class='ocrx_word' id='word_1_631' title='bbox 1371 1199 1424 1235; x_wconf 79' lang='grc' dir='ltr'>γὰρ</span> <span class='ocrx_word' id='word_1_632' title='bbox 1451 1199 1606 1233; x_wconf 78' lang='grc' dir='ltr'>ἁγνώστους</span> <span class='ocrx_word' id='word_1_633' title='bbox 1623 1199 1693 1233; x_wconf 80' lang='grc' dir='ltr'>ήμτν</span> <span class='ocrx_word' id='word_1_634' title='bbox 1719 1198 1824 1233; x_wconf 77' lang='grc' dir='ltr'>ἔχοντα</span> 
     </span>
    </p>
   </div>
   <div class='ocr_carea' id='block_1_84' title="bbox 1027 1243 1825 1279">
    <p class='ocr_par' dir='ltr' id='par_1_84' title="bbox 1027 1243 1825 1279">
     <span class='ocr_line' id='line_1_84' title="bbox 1027 1243 1825 1279; baseline -0.001 -9"><span class='ocrx_word' id='word_1_635' title='bbox 1027 1245 1090 1276; x_wconf 81' lang='grc' dir='ltr'>τοὺς</span> <span class='ocrx_word' id='word_1_636' title='bbox 1105 1245 1211 1279; x_wconf 86' lang='grc' dir='ltr'>λόγους,</span> <span class='ocrx_word' id='word_1_637' title='bbox 1226 1245 1273 1271; x_wconf 67' lang='grc' dir='ltr'>καὶ</span> <span class='ocrx_word' id='word_1_638' title='bbox 1287 1246 1343 1276; x_wconf 83' lang='grc' dir='ltr'>τοῖς</span> <span class='ocrx_word' id='word_1_639' title='bbox 1358 1243 1497 1275; x_wconf 73' lang='grc' dir='ltr'><strong>ἀσυνέτως</strong></span> <span class='ocrx_word' id='word_1_640' title='bbox 1516 1244 1601 1278; x_wconf 77' lang='grc' dir='ltr'>ἄλογα</span> <span class='ocrx_word' id='word_1_641' title='bbox 1616 1243 1762 1275; x_wconf 77' lang='grc' dir='ltr'>δοκοῦντα,</span> <span class='ocrx_word' id='word_1_642' title='bbox 1776 1243 1825 1270; x_wconf 73' lang='grc' dir='ltr'><strong>διὰ</strong></span> 
     </span>
    </p>
   </div>
   <div class='ocr_carea' id='block_1_85' title="bbox 1026 1290 1824 1327">
    <p class='ocr_par' dir='ltr' id='par_1_85' title="bbox 1026 1290 1824 1327">
     <span class='ocr_line' id='line_1_85' title="bbox 1026 1290 1824 1327; baseline -0.003 -9"><span class='ocrx_word' id='word_1_643' title='bbox 1026 1291 1106 1318; x_wconf 84' lang='grc' dir='ltr'>τοῦτο</span> <span class='ocrx_word' id='word_1_644' title='bbox 1135 1291 1174 1326; x_wconf 86' lang='grc' dir='ltr'>τῷ</span> <span class='ocrx_word' id='word_1_645' title='bbox 1202 1292 1380 1327; x_wconf 82' lang='grc' dir='ltr'>παντεπόπτῃ</span> <span class='ocrx_word' id='word_1_646' title='bbox 1404 1291 1452 1318; x_wconf 81' lang='grc' dir='ltr'>καὶ</span> <span class='ocrx_word' id='word_1_647' title='bbox 1471 1291 1633 1326; x_wconf 78' lang='grc' dir='ltr'>παντεφόρῳ</span> <span class='ocrx_word' id='word_1_648' title='bbox 1658 1292 1709 1326; x_wconf 84' lang='grc' dir='ltr'>τῆς</span> <span class='ocrx_word' id='word_1_649' title='bbox 1739 1290 1824 1325; x_wconf 84' lang='grc' dir='ltr'>δίκης</span> 
     </span>
    </p>
   </div>
   <div class='ocr_carea' id='block_1_86' title="bbox 1027 1337 1827 1373">
    <p class='ocr_par' dir='ltr' id='par_1_86' title="bbox 1027 1337 1827 1373">
     <span class='ocr_line' id='line_1_86' title="bbox 1027 1337 1827 1373; baseline -0.001 -9"><span class='ocrx_word' id='word_1_650' title='bbox 1027 1337 1171 1373; x_wconf 78' lang='grc' dir='ltr'><strong>ὀφθαλμῷ,</strong></span> <span class='ocrx_word' id='word_1_651' title='bbox 1188 1338 1300 1369; x_wconf 83' lang='grc' dir='ltr'>δικαίως</span> <span class='ocrx_word' id='word_1_652' title='bbox 1316 1338 1364 1365; x_wconf 80' lang='grc' dir='ltr'><strong>καὶ</strong></span> <span class='ocrx_word' id='word_1_653' title='bbox 1378 1338 1500 1373; x_wconf 77' lang='grc' dir='ltr'><strong>κρίνεται</strong></span> <span class='ocrx_word' id='word_1_654' title='bbox 1517 1337 1682 1372; x_wconf 82' lang='grc' dir='ltr'>γεγενῆσθαι</span> <span class='ocrx_word' id='word_1_655' title='bbox 1699 1338 1750 1363; x_wconf 68' lang='grc' dir='ltr'>καὶ</span> <span class='ocrx_word' id='word_1_656' title='bbox 1763 1337 1827 1363; x_wconf 86' lang='grc' dir='ltr'>δια-</span> 
     </span>
    </p>
   </div>
   <div class='ocr_carea' id='block_1_87' title="bbox 1029 1383 1827 1420">
    <p class='ocr_par' dir='ltr' id='par_1_87' title="bbox 1029 1383 1827 1420">
     <span class='ocr_line' id='line_1_87' title="bbox 1029 1383 1827 1420; baseline -0.003 -9"><span class='ocrx_word' id='word_1_657' title='bbox 1029 1385 1190 1420; x_wconf 80' lang='grc' dir='ltr'><strong>πράττεται.</strong></span> <span class='ocrx_word' id='word_1_658' title='bbox 1212 1385 1241 1411; x_wconf 89' lang='grc' dir='ltr'><em>Ὀ</em></span> <span class='ocrx_word' id='word_1_659' title='bbox 1257 1384 1285 1411; x_wconf 84' lang='grc' dir='ltr'>δὲ</span> <span class='ocrx_word' id='word_1_660' title='bbox 1307 1384 1378 1416; x_wconf 74' lang='grc' dir='ltr'>θεῖος</span> <span class='ocrx_word' id='word_1_661' title='bbox 1404 1384 1510 1416; x_wconf 77' lang='grc' dir='ltr'>Παῦλός</span> <span class='ocrx_word' id='word_1_662' title='bbox 1536 1393 1629 1418; x_wconf 74' lang='grc' dir='ltr'>φησιν,</span> <span class='ocrx_word' id='word_1_663' title='bbox 1654 1384 1697 1410; x_wconf 77' lang='grc' dir='ltr'>ὅτι</span> <span class='ocrx_word' id='word_1_664' title='bbox 1725 1384 1752 1410; x_wconf 78' lang='grc' dir='ltr'><strong>εί</strong></span> <span class='ocrx_word' id='word_1_665' title='bbox 1776 1383 1827 1409; x_wconf 76' lang='grc' dir='ltr'>καὶ</span> 
     </span>
    </p>
   </div>
   <div class='ocr_carea' id='block_1_88' title="bbox 1030 1429 1828 1467">
    <p class='ocr_par' dir='ltr' id='par_1_88' title="bbox 1030 1429 1828 1467">
     <span class='ocr_line' id='line_1_88' title="bbox 1030 1429 1828 1467; baseline -0.004 -9"><span class='ocrx_word' id='word_1_666' title='bbox 1030 1431 1124 1467; x_wconf 76' lang='grc' dir='ltr'>μηδεὶς</span> <span class='ocrx_word' id='word_1_667' title='bbox 1145 1431 1225 1466; x_wconf 82' lang='grc' dir='ltr'><strong>λόγος</strong></span> <span class='ocrx_word' id='word_1_668' title='bbox 1245 1431 1402 1467; x_wconf 69' lang='grc' dir='ltr'>ἀπόρρητος</span> <span class='ocrx_word' id='word_1_669' title='bbox 1425 1430 1490 1465; x_wconf 81' lang='grc' dir='ltr'>ἐνῆν</span> <span class='ocrx_word' id='word_1_670' title='bbox 1519 1431 1576 1461; x_wconf 87' lang='grc' dir='ltr'>τοῖς</span> <span class='ocrx_word' id='word_1_671' title='bbox 1600 1429 1828 1464; x_wconf 78' lang='grc' dir='ltr'>πραττομένοις,</span> 
     </span>
    </p>
   </div>
   <div class='ocr_carea' id='block_1_89' title="bbox 1028 1476 1826 1513">
    <p class='ocr_par' dir='ltr' id='par_1_89' title="bbox 1028 1476 1826 1513">
     <span class='ocr_line' id='line_1_89' title="bbox 1028 1476 1826 1513; baseline -0.003 -9"><span class='ocrx_word' id='word_1_672' title='bbox 1028 1478 1082 1504; x_wconf 76' lang='grc' dir='ltr'>οὐδ’</span> <span class='ocrx_word' id='word_1_673' title='bbox 1104 1478 1192 1510; x_wconf 79' lang='grc' dir='ltr'>οὕτως</span> <span class='ocrx_word' id='word_1_674' title='bbox 1214 1478 1298 1513; x_wconf 79' lang='grc' dir='ltr'>ἐχρῆν</span> <span class='ocrx_word' id='word_1_675' title='bbox 1310 1486 1387 1508; x_wconf 86' lang='grc' dir='ltr'>τινας</span> <span class='ocrx_word' id='word_1_676' title='bbox 1405 1477 1562 1511; x_wconf 82' lang='grc' dir='ltr'><strong>ἀδημονεῖν,</strong></span> <span class='ocrx_word' id='word_1_677' title='bbox 1586 1476 1634 1503; x_wconf 76' lang='grc' dir='ltr'>καὶ</span> <span class='ocrx_word' id='word_1_678' title='bbox 1662 1476 1826 1507; x_wconf 78' lang='grc' dir='ltr'><strong>ἐπικαλεῖν,</strong></span> 
     </span>
    </p>
   </div>
   <div class='ocr_carea' id='block_1_90' title="bbox 991 1522 1827 1564">
    <p class='ocr_par' dir='ltr' id='par_1_90' title="bbox 991 1522 1827 1564">
     <span class='ocr_line' id='line_1_90' title="bbox 991 1522 1827 1564; baseline -0.004 -13"><span class='ocrx_word' id='word_1_679' title='bbox 991 1533 1013 1564; x_wconf 82' lang='lat' dir='ltr'><strong>c</strong></span> <span class='ocrx_word' id='word_1_680' title='bbox 1029 1524 1101 1551; x_wconf 87' lang='grc' dir='ltr'>διατί</span> <span class='ocrx_word' id='word_1_681' title='bbox 1115 1526 1129 1551; x_wconf 84' lang='grc' dir='ltr'><strong><em>ὁ</em></strong></span> <span class='ocrx_word' id='word_1_682' title='bbox 1146 1525 1196 1559; x_wconf 81' lang='grc' dir='ltr'><strong>μὲν</strong></span> <span class='ocrx_word' id='word_1_683' title='bbox 1215 1524 1311 1556; x_wconf 80' lang='grc' dir='ltr'>οὕτως,</span> <span class='ocrx_word' id='word_1_684' title='bbox 1329 1524 1343 1550; x_wconf 85' lang='grc' dir='ltr'><strong>ὀ</strong></span> <span class='ocrx_word' id='word_1_685' title='bbox 1360 1524 1389 1550; x_wconf 87' lang='grc' dir='ltr'>δὲ</span> <span class='ocrx_word' id='word_1_686' title='bbox 1405 1523 1493 1555; x_wconf 80' lang='grc' dir='ltr'>οὕτως</span> <span class='ocrx_word' id='word_1_687' title='bbox 1513 1523 1557 1549; x_wconf 80' lang='grc' dir='ltr'><strong>τὸν</strong></span> <span class='ocrx_word' id='word_1_688' title='bbox 1583 1523 1641 1558; x_wconf 85' lang='grc' dir='ltr'>βίον</span> <span class='ocrx_word' id='word_1_689' title='bbox 1655 1522 1827 1557; x_wconf 80' lang='grc' dir='ltr'>διαπορεύε-</span> 
     </span>
    </p>
   </div>
   <div class='ocr_carea' id='block_1_91' title="bbox 1030 1569 1828 1605">
    <p class='ocr_par' dir='ltr' id='par_1_91' title="bbox 1030 1569 1828 1605">
     <span class='ocr_line' id='line_1_91' title="bbox 1030 1569 1828 1605; baseline -0.004 -8"><span class='ocrx_word' id='word_1_690' title='bbox 1030 1579 1085 1597; x_wconf 90' lang='grc' dir='ltr'>ται.</span> <span class='ocrx_word' id='word_1_691' title='bbox 1105 1570 1247 1603; x_wconf 75' lang='grc' dir='ltr'>Ἐξουσίαν</span> <span class='ocrx_word' id='word_1_692' title='bbox 1266 1570 1319 1605; x_wconf 79' lang='grc' dir='ltr'><strong>γὰρ</strong></span> <span class='ocrx_word' id='word_1_693' title='bbox 1336 1570 1392 1605; x_wconf 73' lang='grc' dir='ltr'>ἔχει</span> <span class='ocrx_word' id='word_1_694' title='bbox 1414 1570 1428 1596; x_wconf 79' lang='grc' dir='ltr'>ὁ</span> <span class='ocrx_word' id='word_1_695' title='bbox 1443 1569 1565 1605; x_wconf 78' lang='grc' dir='ltr'><strong>πλάστης</strong></span> <span class='ocrx_word' id='word_1_696' title='bbox 1587 1569 1773 1604; x_wconf 80' lang='grc' dir='ltr'><strong>δημιουργεῖν</strong></span> <span class='ocrx_word' id='word_1_697' title='bbox 1789 1569 1828 1600; x_wconf 79' lang='grc' dir='ltr'>ὡς</span> 
     </span>
    </p>
   </div>
   <div class='ocr_carea' id='block_1_92' title="bbox 1033 1616 1828 1653">
    <p class='ocr_par' dir='ltr' id='par_1_92' title="bbox 1033 1616 1828 1653">
     <span class='ocr_line' id='line_1_92' title="bbox 1033 1616 1828 1653; baseline -0.005 -8"><span class='ocrx_word' id='word_1_698' title='bbox 1033 1618 1168 1653; x_wconf 82' lang='grc' dir='ltr'>βούλεται.</span> <span class='ocrx_word' id='word_1_699' title='bbox 1187 1619 1273 1645; x_wconf 84' lang='grc' dir='ltr'>Τοῦτο</span> <span class='ocrx_word' id='word_1_700' title='bbox 1286 1618 1324 1650; x_wconf 87' lang='grc' dir='ltr'><strong>δέ,</strong></span> <span class='ocrx_word' id='word_1_701' title='bbox 1340 1618 1371 1644; x_wconf 81' lang='grc' dir='ltr'>ἐκ</span> <span class='ocrx_word' id='word_1_702' title='bbox 1393 1617 1564 1653; x_wconf 81' lang='grc' dir='ltr'>περιουσίας,</span> <span class='ocrx_word' id='word_1_703' title='bbox 1582 1617 1676 1652; x_wconf 82' lang='grc' dir='ltr'>φησὶν,</span> <span class='ocrx_word' id='word_1_704' title='bbox 1691 1617 1760 1646; x_wconf 69' lang='grc' dir='ltr'>ἐπεὶ</span> <span class='ocrx_word' id='word_1_705' title='bbox 1779 1616 1828 1642; x_wconf 72' lang='grc' dir='ltr'>καὶ</span> 
     </span>
    </p>
   </div>
   <div class='ocr_carea' id='block_1_93' title="bbox 1031 1659 1827 1700">
    <p class='ocr_par' dir='ltr' id='par_1_93' title="bbox 1031 1659 1827 1700">
     <span class='ocr_line' id='line_1_93' title="bbox 1031 1659 1827 1700; baseline -0.004 -10"><span class='ocrx_word' id='word_1_706' title='bbox 1031 1665 1076 1691; x_wconf 82' lang='grc' dir='ltr'><strong>τὸν</strong></span> <span class='ocrx_word' id='word_1_707' title='bbox 1088 1665 1289 1700; x_wconf 80' lang='grc' dir='ltr'>προειρημένον</span> <span class='ocrx_word' id='word_1_708' title='bbox 1303 1664 1404 1700; x_wconf 84' lang='grc' dir='ltr'>τρόπον</span> <span class='ocrx_word' id='word_1_709' title='bbox 1415 1664 1464 1699; x_wconf 80' lang='grc' dir='ltr'>τῆς</span> <span class='ocrx_word' id='word_1_710' title='bbox 1478 1663 1638 1696; x_wconf 79' lang='grc' dir='ltr'>ἀπολογίας,</span> <span class='ocrx_word' id='word_1_711' title='bbox 1649 1662 1678 1688; x_wconf 79' lang='grc' dir='ltr'><strong>ἐν</strong></span> <span class='ocrx_word' id='word_1_712' title='bbox 1690 1659 1734 1694; x_wconf 82' lang='grc' dir='ltr'>οἷς</span> <span class='ocrx_word' id='word_1_713' title='bbox 1748 1662 1827 1694; x_wconf 81' lang='grc' dir='ltr'>λέγει</span> 
     </span>
    </p>
   </div>
   <div class='ocr_carea' id='block_1_94' title="bbox 1031 1708 1830 1746">
    <p class='ocr_par' dir='ltr' id='par_1_94' title="bbox 1031 1708 1830 1746">
     <span class='ocr_line' id='line_1_94' title="bbox 1031 1708 1830 1746; baseline -0.004 -10"><span class='ocrx_word' id='word_1_714' title='bbox 1031 1711 1072 1737; x_wconf 82' lang='grc' dir='ltr'>ὅτι</span> <span class='ocrx_word' id='word_1_715' title='bbox 1086 1711 1102 1745; x_wconf 91' lang='grc' dir='ltr'><strong>ή</strong></span> <span class='ocrx_word' id='word_1_716' title='bbox 1117 1711 1212 1746; x_wconf 75' lang='grc' dir='ltr'>Γραφὴ</span> <span class='ocrx_word' id='word_1_717' title='bbox 1229 1710 1304 1744; x_wconf 87' lang='grc' dir='ltr'>λέγει</span> <span class='ocrx_word' id='word_1_718' title='bbox 1331 1710 1370 1745; x_wconf 87' lang='grc' dir='ltr'>τῷ</span> <span class='ocrx_word' id='word_1_719' title='bbox 1387 1709 1494 1745; x_wconf 79' lang='grc' dir='ltr'>Φαραὼ,</span> <span class='ocrx_word' id='word_1_720' title='bbox 1511 1710 1552 1736; x_wconf 77' lang='grc' dir='ltr'>ὅτι</span> <span class='ocrx_word' id='word_1_721' title='bbox 1571 1718 1581 1734; x_wconf 72' lang='grc' dir='ltr'>ι</span> <span class='ocrx_word' id='word_1_722' title='bbox 1596 1708 1642 1739; x_wconf 65' lang='lat' dir='ltr'><strong>Et;</strong></span> <span class='ocrx_word' id='word_1_723' title='bbox 1661 1708 1730 1734; x_wconf 72' lang='grc' dir='ltr'>αὐτὸ</span> <span class='ocrx_word' id='word_1_724' title='bbox 1743 1708 1830 1734; x_wconf 80' lang='grc' dir='ltr'>τοῦτο</span> 
     </span>
    </p>
   </div>
   <div class='ocr_carea' id='block_1_95' title="bbox 1032 1754 1826 1793">
    <p class='ocr_par' dir='ltr' id='par_1_95' title="bbox 1032 1754 1826 1793">
     <span class='ocr_line' id='line_1_95' title="bbox 1032 1754 1826 1793; baseline -0.006 -9"><span class='ocrx_word' id='word_1_725' title='bbox 1032 1757 1161 1793; x_wconf 73' lang='grc' dir='ltr'><strong>ἐξήγειρά</strong></span> <span class='ocrx_word' id='word_1_726' title='bbox 1176 1766 1216 1789; x_wconf 88' lang='grc' dir='ltr'><strong>σε,</strong></span> <span class='ocrx_word' id='word_1_727' title='bbox 1233 1767 1242 1783; x_wconf 78' lang='grc' dir='ltr'>ι</span> <span class='ocrx_word' id='word_1_728' title='bbox 1258 1759 1304 1784; x_wconf 76' lang='grc' dir='ltr'><strong>καὶ</strong></span> <span class='ocrx_word' id='word_1_729' title='bbox 1320 1757 1393 1792; x_wconf 80' lang='grc' dir='ltr'><strong>ἑξῆς.</strong></span> <span class='ocrx_word' id='word_1_730' title='bbox 1407 1755 1541 1783; x_wconf 79' lang='grc' dir='ltr'><strong>Ἐνταῦθα</strong></span> <span class='ocrx_word' id='word_1_731' title='bbox 1552 1755 1615 1789; x_wconf 82' lang='grc' dir='ltr'>γὰρ,</span> <span class='ocrx_word' id='word_1_732' title='bbox 1627 1754 1708 1781; x_wconf 74' lang='grc' dir='ltr'>οἱονεί</span> <span class='ocrx_word' id='word_1_733' title='bbox 1726 1763 1826 1788; x_wconf 71' lang='grc' dir='ltr'>φησιν,</span> 
     </span>
    </p>
   </div>
   <div class='ocr_carea' id='block_1_96' title="bbox 1033 1800 1828 1838">
    <p class='ocr_par' dir='ltr' id='par_1_96' title="bbox 1033 1800 1828 1838">
     <span class='ocr_line' id='line_1_96' title="bbox 1033 1800 1828 1838; baseline -0.008 -7"><span class='ocrx_word' id='word_1_734' title='bbox 1033 1805 1074 1831; x_wconf 83' lang='grc' dir='ltr'><strong>ὅτι</strong></span> <span class='ocrx_word' id='word_1_735' title='bbox 1091 1804 1205 1838; x_wconf 81' lang='grc' dir='ltr'>Ἀλογον</span> <span class='ocrx_word' id='word_1_736' title='bbox 1232 1803 1265 1830; x_wconf 82' lang='grc' dir='ltr'>ἂν</span> <span class='ocrx_word' id='word_1_737' title='bbox 1281 1803 1353 1836; x_wconf 79' lang='grc' dir='ltr'>ἔδοξε</span> <span class='ocrx_word' id='word_1_738' title='bbox 1373 1804 1429 1834; x_wconf 84' lang='grc' dir='ltr'>τοῖς</span> <span class='ocrx_word' id='word_1_739' title='bbox 1446 1802 1555 1833; x_wconf 80' lang='grc' dir='ltr'>πολλοῖς</span> <span class='ocrx_word' id='word_1_740' title='bbox 1569 1802 1600 1828; x_wconf 77' lang='grc' dir='ltr'><strong>τὸ</strong></span> <span class='ocrx_word' id='word_1_741' title='bbox 1616 1800 1763 1836; x_wconf 72' lang='grc' dir='ltr'><strong>ὑψωθῆναι</strong></span> <span class='ocrx_word' id='word_1_742' title='bbox 1781 1801 1828 1826; x_wconf 73' lang='grc' dir='ltr'><strong>τδν</strong></span> 
     </span>
    </p>
   </div>
   <div class='ocr_carea' id='block_1_97' title="bbox 1033 1847 1826 1885">
    <p class='ocr_par' dir='ltr' id='par_1_97' title="bbox 1033 1847 1826 1885">
     <span class='ocr_line' id='line_1_97' title="bbox 1033 1847 1826 1885; baseline -0.006 -8"><span class='ocrx_word' id='word_1_743' title='bbox 1033 1849 1134 1885; x_wconf 75' lang='grc' dir='ltr'>Φαραὼ</span> <span class='ocrx_word' id='word_1_744' title='bbox 1154 1850 1201 1876; x_wconf 78' lang='grc' dir='ltr'>καὶ</span> <span class='ocrx_word' id='word_1_745' title='bbox 1217 1850 1387 1885; x_wconf 84' lang='grc' dir='ltr'>βασιλεῦσαι,</span> <span class='ocrx_word' id='word_1_746' title='bbox 1406 1849 1503 1884; x_wconf 83' lang='grc' dir='ltr'>μιαρὸν</span> <span class='ocrx_word' id='word_1_747' title='bbox 1517 1848 1603 1879; x_wconf 81' lang='grc' dir='ltr'>οὕτως</span> <span class='ocrx_word' id='word_1_748' title='bbox 1618 1848 1665 1874; x_wconf 82' lang='grc' dir='ltr'>καὶ</span> <span class='ocrx_word' id='word_1_749' title='bbox 1679 1847 1760 1882; x_wconf 72' lang='grc' dir='ltr'>ὠμὸν</span> <span class='ocrx_word' id='word_1_750' title='bbox 1781 1847 1826 1873; x_wconf 77' lang='grc' dir='ltr'><strong>καὶ</strong></span> 
     </span>
    </p>
   </div>
   <div class='ocr_carea' id='block_1_98' title="bbox 1033 1893 1827 1931">
    <p class='ocr_par' dir='ltr' id='par_1_98' title="bbox 1033 1893 1827 1931">
     <span class='ocr_line' id='line_1_98' title="bbox 1033 1893 1827 1931; baseline -0.006 -7"><span class='ocrx_word' id='word_1_751' title='bbox 1033 1897 1217 1931; x_wconf 75' lang='grc' dir='ltr'>ἀπάνθρωπον</span> <span class='ocrx_word' id='word_1_752' title='bbox 1231 1896 1304 1928; x_wconf 71' lang='grc' dir='ltr'>ὄντα,</span> <span class='ocrx_word' id='word_1_753' title='bbox 1315 1896 1372 1922; x_wconf 83' lang='grc' dir='ltr'>ἀλλ’</span> <span class='ocrx_word' id='word_1_754' title='bbox 1385 1897 1401 1930; x_wconf 82' lang='grc' dir='ltr'><strong>ἠ</strong></span> <span class='ocrx_word' id='word_1_755' title='bbox 1410 1895 1505 1931; x_wconf 75' lang='grc' dir='ltr'>Γραφὴ</span> <span class='ocrx_word' id='word_1_756' title='bbox 1518 1894 1647 1926; x_wconf 79' lang='grc' dir='ltr'><strong>διδάξασα</strong></span> <span class='ocrx_word' id='word_1_757' title='bbox 1658 1893 1707 1929; x_wconf 74' lang='grc' dir='ltr'>τὴν</span> <span class='ocrx_word' id='word_1_758' title='bbox 1718 1895 1827 1925; x_wconf 69' lang='grc' dir='ltr'><strong>αἰτίαν»,</strong></span> 
     </span>
    </p>
   </div>
   <div class='ocr_carea' id='block_1_99' title="bbox 1036 1941 1553 1978">
    <p class='ocr_par' dir='ltr' id='par_1_99' title="bbox 1036 1941 1553 1978">
     <span class='ocr_line' id='line_1_99' title="bbox 1036 1941 1553 1978; baseline 0 -10"><span class='ocrx_word' id='word_1_759' title='bbox 1036 1943 1077 1974; x_wconf 86' lang='grc' dir='ltr'><strong>είς</strong></span> <span class='ocrx_word' id='word_1_760' title='bbox 1091 1942 1204 1977; x_wconf 76' lang='grc' dir='ltr'>εὖλογον</span> <span class='ocrx_word' id='word_1_761' title='bbox 1222 1943 1384 1978; x_wconf 79' lang='grc' dir='ltr'>μετενήνοχε</span> <span class='ocrx_word' id='word_1_762' title='bbox 1402 1941 1431 1968; x_wconf 80' lang='grc' dir='ltr'>τὸ</span> <span class='ocrx_word' id='word_1_763' title='bbox 1445 1941 1553 1975; x_wconf 76' lang='grc' dir='ltr'>ἄλογον.</span> 
     </span>
    </p>
   </div>
   <div class='ocr_carea' id='block_1_100' title="bbox 1069 2100 1826 2138">
    <p class='ocr_par' dir='ltr' id='par_1_100' title="bbox 1069 2100 1826 2138">
     <span class='ocr_line' id='line_1_100' title="bbox 1069 2100 1826 2138; baseline -0.004 -7"><span class='ocrx_word' id='word_1_764' title='bbox 1069 2104 1177 2135; x_wconf 82' lang='grc' dir='ltr'>Καίτοι,</span> <span class='ocrx_word' id='word_1_765' title='bbox 1192 2103 1268 2138; x_wconf 77' lang='grc' dir='ltr'>φησὶ,</span> <span class='ocrx_word' id='word_1_766' title='bbox 1293 2101 1341 2128; x_wconf 77' lang='grc' dir='ltr'>καὶ</span> <span class='ocrx_word' id='word_1_767' title='bbox 1355 2101 1420 2128; x_wconf 77' lang='grc' dir='ltr'>αὐτὸ</span> <span class='ocrx_word' id='word_1_768' title='bbox 1439 2101 1469 2127; x_wconf 81' lang='grc' dir='ltr'><strong>τὸ</strong></span> <span class='ocrx_word' id='word_1_769' title='bbox 1490 2100 1611 2134; x_wconf 77' lang='grc' dir='ltr'>εὔλογον.</span> <span class='ocrx_word' id='word_1_770' title='bbox 1639 2101 1686 2128; x_wconf 77' lang='grc' dir='ltr'><strong>καὶ</strong></span> <span class='ocrx_word' id='word_1_771' title='bbox 1709 2102 1726 2136; x_wconf 88' lang='grc' dir='ltr'><strong>ή</strong></span> <span class='ocrx_word' id='word_1_772' title='bbox 1745 2101 1826 2132; x_wconf 76' lang='grc' dir='ltr'>λύσις</span> 
     </span>
    </p>
   </div>
   <div class='ocr_carea' id='block_1_101' title="bbox 1035 2147 1826 2186">
    <p class='ocr_par' dir='ltr' id='par_1_101' title="bbox 1035 2147 1826 2186">
     <span class='ocr_line' id='line_1_101' title="bbox 1035 2147 1826 2186; baseline -0.005 -8"><span class='ocrx_word' id='word_1_773' title='bbox 1035 2151 1136 2186; x_wconf 74' lang='grc' dir='ltr'>ἀπορία</span> <span class='ocrx_word' id='word_1_774' title='bbox 1152 2150 1232 2177; x_wconf 85' lang='grc' dir='ltr'>πάλιν</span> <span class='ocrx_word' id='word_1_775' title='bbox 1244 2151 1300 2180; x_wconf 86' lang='grc' dir='ltr'>τοῖς</span> <span class='ocrx_word' id='word_1_776' title='bbox 1316 2148 1477 2183; x_wconf 79' lang='grc' dir='ltr'>φιλονείκοις</span> <span class='ocrx_word' id='word_1_777' title='bbox 1490 2147 1538 2175; x_wconf 75' lang='grc' dir='ltr'>καὶ</span> <span class='ocrx_word' id='word_1_778' title='bbox 1554 2147 1694 2182; x_wconf 85' lang='grc' dir='ltr'>ἀγνώμοσι</span> <span class='ocrx_word' id='word_1_779' title='bbox 1708 2148 1826 2175; x_wconf 77' lang='grc' dir='ltr'>δύναται</span> 
     </span>
    </p>
   </div>
   <div class='ocr_carea' id='block_1_102' title="bbox 1034 2192 1826 2231">
    <p class='ocr_par' dir='ltr' id='par_1_102' title="bbox 1034 2192 1826 2231">
     <span class='ocr_line' id='line_1_102' title="bbox 1034 2192 1826 2231; baseline -0.004 -9"><span class='ocrx_word' id='word_1_780' title='bbox 1034 2197 1133 2224; x_wconf 83' lang='grc' dir='ltr'>τεκεῖν,</span> <span class='ocrx_word' id='word_1_781' title='bbox 1166 2195 1273 2231; x_wconf 73' lang='grc' dir='ltr'>Ἐροῦσι</span> <span class='ocrx_word' id='word_1_782' title='bbox 1299 2194 1364 2228; x_wconf 76' lang='grc' dir='ltr'>γὰρ,</span> <span class='ocrx_word' id='word_1_783' title='bbox 1382 2194 1423 2224; x_wconf 75' lang='grc' dir='ltr'>ὅτι</span> <span class='ocrx_word' id='word_1_784' title='bbox 1449 2193 1498 2220; x_wconf 73' lang='grc' dir='ltr'>Διά</span> <span class='ocrx_word' id='word_1_785' title='bbox 1518 2192 1596 2219; x_wconf 80' lang='grc' dir='ltr'>τοῦτο</span> <span class='ocrx_word' id='word_1_786' title='bbox 1624 2193 1753 2228; x_wconf 74' lang='grc' dir='ltr'>ἐξήγειρε</span> <span class='ocrx_word' id='word_1_787' title='bbox 1782 2193 1826 2219; x_wconf 81' lang='grc' dir='ltr'><strong>τὸν</strong></span> 
     </span>
    </p>
   </div>
   <div class='ocr_carea' id='block_1_103' title="bbox 1033 2238 1824 2278">
    <p class='ocr_par' dir='ltr' id='par_1_103' title="bbox 1033 2238 1824 2278">
     <span class='ocr_line' id='line_1_103' title="bbox 1033 2238 1824 2278; baseline -0.006 -9"><span class='ocrx_word' id='word_1_788' title='bbox 1033 2241 1132 2278; x_wconf 82' lang='grc' dir='ltr'>Φαραὼ</span> <span class='ocrx_word' id='word_1_789' title='bbox 1144 2242 1183 2273; x_wconf 81' lang='grc' dir='ltr'><strong>εἰς</strong></span> <span class='ocrx_word' id='word_1_790' title='bbox 1200 2241 1322 2276; x_wconf 79' lang='grc' dir='ltr'>βασιλέα,</span> <span class='ocrx_word' id='word_1_791' title='bbox 1340 2240 1384 2267; x_wconf 75' lang='grc' dir='ltr'><strong>ἵνα</strong></span> <span class='ocrx_word' id='word_1_792' title='bbox 1395 2240 1426 2266; x_wconf 86' lang='grc' dir='ltr'><strong>τδ</strong></span> <span class='ocrx_word' id='word_1_793' title='bbox 1442 2239 1527 2274; x_wconf 73' lang='grc' dir='ltr'>ὄνομα</span> <span class='ocrx_word' id='word_1_794' title='bbox 1541 2238 1623 2265; x_wconf 81' lang='grc' dir='ltr'>αὑτοῦ</span> <span class='ocrx_word' id='word_1_795' title='bbox 1638 2238 1685 2265; x_wconf 73' lang='grc' dir='ltr'>τοῦ</span> <span class='ocrx_word' id='word_1_796' title='bbox 1697 2247 1824 2274; x_wconf 81' lang='grc' dir='ltr'>τιμωρη-</span> 
     </span>
    </p>
   </div>
   <div class='ocr_carea' id='block_1_104' title="bbox 1035 2284 1823 2322">
    <p class='ocr_par' dir='ltr' id='par_1_104' title="bbox 1035 2284 1823 2322">
     <span class='ocr_line' id='line_1_104' title="bbox 1035 2284 1823 2322; baseline -0.006 -7"><span class='ocrx_word' id='word_1_797' title='bbox 1035 2288 1152 2321; x_wconf 76' lang='grc' dir='ltr'>σαμένου</span> <span class='ocrx_word' id='word_1_798' title='bbox 1172 2287 1254 2313; x_wconf 82' lang='grc' dir='ltr'>αὑτὸν</span> <span class='ocrx_word' id='word_1_799' title='bbox 1269 2286 1389 2322; x_wconf 66' lang='grc' dir='ltr'>τιμωρία</span> <span class='ocrx_word' id='word_1_800' title='bbox 1413 2285 1560 2320; x_wconf 79' lang='grc' dir='ltr'>παραδόξῳ</span> <span class='ocrx_word' id='word_1_801' title='bbox 1588 2285 1635 2311; x_wconf 76' lang='grc' dir='ltr'><strong>καὶ</strong></span> <span class='ocrx_word' id='word_1_802' title='bbox 1664 2284 1823 2319; x_wconf 70' lang='grc' dir='ltr'>θαυμαστῇ,</span> 
     </span>
    </p>
   </div>
   <div class='ocr_carea' id='block_1_105' title="bbox 1035 2330 1824 2367">
    <p class='ocr_par' dir='ltr' id='par_1_105' title="bbox 1035 2330 1824 2367">
     <span class='ocr_line' id='line_1_105' title="bbox 1035 2330 1824 2367; baseline -0.004 -8"><span class='ocrx_word' id='word_1_803' title='bbox 1035 2332 1191 2367; x_wconf 78' lang='grc' dir='ltr'>ἐνδοξασθῇ.</span> <span class='ocrx_word' id='word_1_804' title='bbox 1209 2332 1242 2358; x_wconf 84' lang='grc' dir='ltr'>Τί</span> <span class='ocrx_word' id='word_1_805' title='bbox 1263 2331 1310 2358; x_wconf 81' lang='grc' dir='ltr'><strong>οὖν</strong></span> <span class='ocrx_word' id='word_1_806' title='bbox 1332 2331 1372 2357; x_wconf 75' lang='grc' dir='ltr'><strong>ἔτι</strong></span> <span class='ocrx_word' id='word_1_807' title='bbox 1389 2331 1531 2366; x_wconf 79' lang='grc' dir='ltr'>μέμφεται</span> <span class='ocrx_word' id='word_1_808' title='bbox 1551 2331 1650 2362; x_wconf 76' lang='grc' dir='ltr'>αὐτόν;</span> <span class='ocrx_word' id='word_1_809' title='bbox 1666 2330 1769 2365; x_wconf 79' lang='grc' dir='ltr'>μᾶλλον</span> <span class='ocrx_word' id='word_1_810' title='bbox 1786 2331 1824 2360; x_wconf 71' lang='grc' dir='ltr'>δὲ,</span> 
     </span>
    </p>
   </div>
   <div class='ocr_carea' id='block_1_106' title="bbox 1034 2376 1824 2412">
    <p class='ocr_par' dir='ltr' id='par_1_106' title="bbox 1034 2376 1824 2412">
     <span class='ocr_line' id='line_1_106' title="bbox 1034 2376 1824 2412; baseline -0.004 -8"><span class='ocrx_word' id='word_1_811' title='bbox 1034 2378 1060 2405; x_wconf 85' lang='grc' dir='ltr'><strong>τί</strong></span> <span class='ocrx_word' id='word_1_812' title='bbox 1087 2378 1126 2404; x_wconf 73' lang='grc' dir='ltr'>ἔτι</span> <span class='ocrx_word' id='word_1_813' title='bbox 1150 2377 1342 2412; x_wconf 75' lang='grc' dir='ltr'>ἐτιμωρήσατο</span> <span class='ocrx_word' id='word_1_814' title='bbox 1367 2376 1466 2408; x_wconf 73' lang='lat' dir='ltr'><strong>at&#39;nw&#39;v;</strong></span> <span class='ocrx_word' id='word_1_815' title='bbox 1486 2377 1518 2402; x_wconf 77' lang='grc' dir='ltr'><strong>Ἃ</strong></span> <span class='ocrx_word' id='word_1_816' title='bbox 1546 2376 1600 2411; x_wconf 78' lang='grc' dir='ltr'><strong>γὰρ</strong></span> <span class='ocrx_word' id='word_1_817' title='bbox 1623 2376 1761 2410; x_wconf 78' lang='grc' dir='ltr'>ἥμαρτεν,</span> <span class='ocrx_word' id='word_1_818' title='bbox 1786 2376 1824 2406; x_wconf 74' lang='grc' dir='ltr'>εἰς</span> 
     </span>
    </p>
   </div>
   <div class='ocr_carea' id='block_1_107' title="bbox 1034 2421 1824 2458">
    <p class='ocr_par' dir='ltr' id='par_1_107' title="bbox 1034 2421 1824 2458">
     <span class='ocr_line' id='line_1_107' title="bbox 1034 2421 1824 2458; baseline -0.005 -7"><span class='ocrx_word' id='word_1_819' title='bbox 1034 2423 1112 2457; x_wconf 75' lang='grc' dir='ltr'>δόξαν</span> <span class='ocrx_word' id='word_1_820' title='bbox 1125 2422 1209 2450; x_wconf 79' lang='grc' dir='ltr'>αὑτοῦ</span> <span class='ocrx_word' id='word_1_821' title='bbox 1227 2423 1361 2458; x_wconf 78' lang='grc' dir='ltr'>ἥμαρτεν.</span> <span class='ocrx_word' id='word_1_822' title='bbox 1381 2422 1412 2449; x_wconf 84' lang='lat' dir='ltr'><strong>Ei</strong></span> <span class='ocrx_word' id='word_1_823' title='bbox 1435 2422 1472 2458; x_wconf 84' lang='grc' dir='ltr'>μὴ</span> <span class='ocrx_word' id='word_1_824' title='bbox 1497 2422 1550 2457; x_wconf 83' lang='grc' dir='ltr'><strong>γὰρ</strong></span> <span class='ocrx_word' id='word_1_825' title='bbox 1564 2422 1697 2457; x_wconf 79' lang='grc' dir='ltr'>ἥμαρτεν,</span> <span class='ocrx_word' id='word_1_826' title='bbox 1719 2422 1773 2448; x_wconf 74' lang='grc' dir='ltr'><strong>οὐκ</strong></span> <span class='ocrx_word' id='word_1_827' title='bbox 1793 2421 1824 2447; x_wconf 70' lang='grc' dir='ltr'><strong>ἂν</strong></span> 
     </span>
    </p>
   </div>
   <div class='ocr_carea' id='block_1_108' title="bbox 1036 2459 1865 2506">
    <p class='ocr_par' dir='ltr' id='par_1_108' title="bbox 1036 2459 1865 2506">
     <span class='ocr_line' id='line_1_108' title="bbox 1036 2459 1865 2506; baseline -0.005 -9"><span class='ocrx_word' id='word_1_828' title='bbox 1036 2470 1236 2506; x_wconf 83' lang='grc' dir='ltr'>ἐτιμωρήσατο·</span> <span class='ocrx_word' id='word_1_829' title='bbox 1252 2470 1277 2495; x_wconf 77' lang='grc' dir='ltr'><strong>εί</strong></span> <span class='ocrx_word' id='word_1_830' title='bbox 1294 2469 1331 2504; x_wconf 84' lang='grc' dir='ltr'>μὴ</span> <span class='ocrx_word' id='word_1_831' title='bbox 1343 2469 1544 2504; x_wconf 80' lang='grc' dir='ltr'>ἐτιμωρήσατο,</span> <span class='ocrx_word' id='word_1_832' title='bbox 1559 2469 1610 2495; x_wconf 78' lang='grc' dir='ltr'><strong>οὐκ</strong></span> <span class='ocrx_word' id='word_1_833' title='bbox 1627 2467 1660 2494; x_wconf 79' lang='grc' dir='ltr'><strong>ἂν</strong></span> <span class='ocrx_word' id='word_1_834' title='bbox 1679 2467 1823 2501; x_wconf 75' lang='grc' dir='ltr'>ἐδοξάσθη.</span> <span class='ocrx_word' id='word_1_835' title='bbox 1856 2459 1865 2469; x_wconf 41' lang='grc'>⁸</span> 
     </span>
    </p>
   </div>
   <div class='ocr_carea' id='block_1_109' title="bbox 996 2213 1018 2241">
    <p class='ocr_par' dir='ltr' id='par_1_109' title="bbox 996 2213 1018 2241">
     <span class='ocr_line' id='line_1_109' title="bbox 996 2213 1018 2241; baseline 0 0"><span class='ocrx_word' id='word_1_836' title='bbox 996 2213 1018 2241; x_wconf 89' lang='lat' dir='ltr'><strong>D</strong></span> 
     </span>
    </p>
   </div>
   <div class='ocr_carea' id='block_1_110' title="bbox 1043 2512 1823 2548">
    <p class='ocr_par' dir='ltr' id='par_1_110' title="bbox 1043 2512 1823 2548">
     <span class='ocr_line' id='line_1_110' title="bbox 1043 2512 1823 2548; baseline -0.008 -5"><span class='ocrx_word' id='word_1_837' title='bbox 1043 2516 1123 2544; x_wconf 73' lang='grc' dir='ltr'>Ἀλλὰ</span> <span class='ocrx_word' id='word_1_838' title='bbox 1133 2516 1212 2543; x_wconf 81' lang='grc' dir='ltr'>τοῦτο</span> <span class='ocrx_word' id='word_1_839' title='bbox 1226 2515 1362 2542; x_wconf 76' lang='grc' dir='ltr'>ἐϐούλετο.</span> <span class='ocrx_word' id='word_1_840' title='bbox 1383 2523 1392 2540; x_wconf 80' lang='grc' dir='ltr'>ι</span> <span class='ocrx_word' id='word_1_841' title='bbox 1403 2514 1497 2545; x_wconf 84' lang='grc' dir='ltr'>Ὅπως</span> <span class='ocrx_word' id='word_1_842' title='bbox 1511 2514 1576 2548; x_wconf 77' lang='grc' dir='ltr'>γὰρ,</span> <span class='ocrx_word' id='word_1_843' title='bbox 1590 2513 1684 2547; x_wconf 77' lang='grc' dir='ltr'>φησὶν,</span> <span class='ocrx_word' id='word_1_844' title='bbox 1701 2512 1823 2545; x_wconf 76' lang='grc' dir='ltr'>ἐνδείξω-</span> 
     </span>
    </p>
   </div>
   <div class='ocr_carea' id='block_1_111' title="bbox 1039 2558 1823 2598">
    <p class='ocr_par' dir='ltr' id='par_1_111' title="bbox 1039 2558 1823 2598">
     <span class='ocr_line' id='line_1_111' title="bbox 1039 2558 1823 2598; baseline -0.006 -9"><span class='ocrx_word' id='word_1_845' title='bbox 1039 2572 1098 2598; x_wconf 88' lang='grc' dir='ltr'>μαι.</span> <span class='ocrx_word' id='word_1_846' title='bbox 1121 2572 1130 2588; x_wconf 76' lang='grc' dir='ltr'>ι</span> <span class='ocrx_word' id='word_1_847' title='bbox 1148 2562 1194 2588; x_wconf 75' lang='grc' dir='ltr'><strong>καὶ</strong></span> <span class='ocrx_word' id='word_1_848' title='bbox 1208 2562 1281 2596; x_wconf 80' lang='grc' dir='ltr'>ἐξῆς.</span> <span class='ocrx_word' id='word_1_849' title='bbox 1300 2561 1331 2587; x_wconf 80' lang='lat' dir='ltr'><strong>Ei</strong></span> <span class='ocrx_word' id='word_1_850' title='bbox 1346 2561 1374 2587; x_wconf 84' lang='grc' dir='ltr'><strong>δέ</strong></span> <span class='ocrx_word' id='word_1_851' title='bbox 1397 2560 1534 2592; x_wconf 76' lang='grc' dir='ltr'>ἐϐούλετο,</span> <span class='ocrx_word' id='word_1_852' title='bbox 1550 2559 1590 2589; x_wconf 75' lang='grc' dir='ltr'><strong>τίς</strong></span> <span class='ocrx_word' id='word_1_853' title='bbox 1606 2558 1768 2593; x_wconf 78' lang='grc' dir='ltr'>ἀντιστῆναι</span> <span class='ocrx_word' id='word_1_854' title='bbox 1779 2559 1823 2584; x_wconf 83' lang='grc' dir='ltr'><strong>δύ-</strong></span> 
     </span>
    </p>
   </div>
   <div class='ocr_carea' id='block_1_112' title="bbox 1038 2604 1822 2642">
    <p class='ocr_par' dir='ltr' id='par_1_112' title="bbox 1038 2604 1822 2642">
     <span class='ocr_line' id='line_1_112' title="bbox 1038 2604 1822 2642; baseline -0.006 -7"><span class='ocrx_word' id='word_1_855' title='bbox 1038 2616 1117 2635; x_wconf 83' lang='grc' dir='ltr'>ναται</span> <span class='ocrx_word' id='word_1_856' title='bbox 1134 2608 1217 2635; x_wconf 83' lang='grc' dir='ltr'>αὐτοῦ</span> <span class='ocrx_word' id='word_1_857' title='bbox 1234 2607 1273 2642; x_wconf 85' lang='grc' dir='ltr'>τῷ</span> <span class='ocrx_word' id='word_1_858' title='bbox 1289 2607 1456 2641; x_wconf 78' lang='grc' dir='ltr'>βουλήματι;</span> <span class='ocrx_word' id='word_1_859' title='bbox 1478 2606 1560 2641; x_wconf 81' lang='grc' dir='ltr'>Ὁρᾷς</span> <span class='ocrx_word' id='word_1_860' title='bbox 1577 2605 1636 2636; x_wconf 81' lang='grc' dir='ltr'>πῶς</span> <span class='ocrx_word' id='word_1_861' title='bbox 1654 2606 1671 2639; x_wconf 78' lang='grc' dir='ltr'><strong>ἡ</strong></span> <span class='ocrx_word' id='word_1_862' title='bbox 1689 2604 1740 2638; x_wconf 81' lang='grc' dir='ltr'>τῆς</span> <span class='ocrx_word' id='word_1_863' title='bbox 1757 2606 1822 2631; x_wconf 83' lang='grc' dir='ltr'>ἁπο-</span> 
     </span>
    </p>
   </div>
   <div class='ocr_carea' id='block_1_113' title="bbox 1040 2650 1824 2691">
    <p class='ocr_par' dir='ltr' id='par_1_113' title="bbox 1040 2650 1824 2691">
     <span class='ocr_line' id='line_1_113' title="bbox 1040 2650 1824 2691; baseline -0.008 -9"><span class='ocrx_word' id='word_1_864' title='bbox 1040 2656 1101 2691; x_wconf 83' lang='grc' dir='ltr'>ρίας</span> <span class='ocrx_word' id='word_1_865' title='bbox 1118 2655 1193 2686; x_wconf 81' lang='grc' dir='ltr'>λύσις</span> <span class='ocrx_word' id='word_1_866' title='bbox 1209 2655 1256 2681; x_wconf 78' lang='grc' dir='ltr'><strong>καὶ</strong></span> <span class='ocrx_word' id='word_1_867' title='bbox 1284 2653 1334 2687; x_wconf 83' lang='grc' dir='ltr'>τῆς</span> <span class='ocrx_word' id='word_1_868' title='bbox 1358 2653 1446 2684; x_wconf 76' lang='grc' dir='ltr'>αἰτίας</span> <span class='ocrx_word' id='word_1_869' title='bbox 1466 2653 1606 2684; x_wconf 77' lang='grc' dir='ltr'>ἀπόδοσις,</span> <span class='ocrx_word' id='word_1_870' title='bbox 1624 2651 1675 2678; x_wconf 83' lang='grc' dir='ltr'><strong>οὐκ</strong></span> <span class='ocrx_word' id='word_1_871' title='bbox 1697 2650 1778 2677; x_wconf 75' lang='grc' dir='ltr'>ἔλυσε</span> <span class='ocrx_word' id='word_1_872' title='bbox 1796 2650 1824 2676; x_wconf 81' lang='grc' dir='ltr'><strong>τδ</strong></span> 
     </span>
    </p>
   </div>
   <div class='ocr_carea' id='block_1_114' title="bbox 1039 2697 1822 2735">
    <p class='ocr_par' dir='ltr' id='par_1_114' title="bbox 1039 2697 1822 2735">
     <span class='ocr_line' id='line_1_114' title="bbox 1039 2697 1822 2735; baseline -0.006 -8"><span class='ocrx_word' id='word_1_873' title='bbox 1039 2700 1225 2735; x_wconf 74' lang='grc' dir='ltr'>ἀπορούμενον</span> <span class='ocrx_word' id='word_1_874' title='bbox 1239 2699 1296 2730; x_wconf 81' lang='grc' dir='ltr'>τοῖς</span> <span class='ocrx_word' id='word_1_875' title='bbox 1313 2697 1478 2732; x_wconf 82' lang='grc' dir='ltr'>ἀγνώμοσιν,</span> <span class='ocrx_word' id='word_1_876' title='bbox 1495 2697 1562 2724; x_wconf 83' lang='grc' dir='ltr'><strong>ἀλλά</strong></span> <span class='ocrx_word' id='word_1_877' title='bbox 1584 2697 1631 2723; x_wconf 78' lang='grc' dir='ltr'><strong>καὶ</strong></span> <span class='ocrx_word' id='word_1_878' title='bbox 1646 2697 1744 2732; x_wconf 84' lang='grc' dir='ltr'>ἑτέρας</span> <span class='ocrx_word' id='word_1_879' title='bbox 1757 2698 1822 2723; x_wconf 80' lang='grc' dir='ltr'>ἀπο-</span> 
     </span>
    </p>
   </div>
   <div class='ocr_carea' id='block_1_115' title="bbox 1040 2741 1823 2783">
    <p class='ocr_par' dir='ltr' id='par_1_115' title="bbox 1040 2741 1823 2783">
     <span class='ocr_line' id='line_1_115' title="bbox 1040 2741 1823 2783; baseline -0.006 -10"><span class='ocrx_word' id='word_1_880' title='bbox 1040 2747 1100 2783; x_wconf 78' lang='grc' dir='ltr'>ρίας</span> <span class='ocrx_word' id='word_1_881' title='bbox 1126 2744 1236 2781; x_wconf 69' lang='grc' dir='ltr'>ἀφορμὴ</span> <span class='ocrx_word' id='word_1_882' title='bbox 1256 2744 1361 2778; x_wconf 82' lang='grc' dir='ltr'>γέγονε.</span> <span class='ocrx_word' id='word_1_883' title='bbox 1383 2744 1428 2770; x_wconf 78' lang='grc' dir='ltr'><strong>Διὸ</strong></span> <span class='ocrx_word' id='word_1_884' title='bbox 1454 2743 1563 2778; x_wconf 74' lang='grc' dir='ltr'>ἄμεινον</span> <span class='ocrx_word' id='word_1_885' title='bbox 1594 2742 1631 2777; x_wconf 84' lang='grc' dir='ltr'>μὴ</span> <span class='ocrx_word' id='word_1_886' title='bbox 1655 2742 1749 2777; x_wconf 82' lang='grc' dir='ltr'>ζητεῖν</span> <span class='ocrx_word' id='word_1_887' title='bbox 1778 2741 1823 2772; x_wconf 72' lang='grc' dir='ltr'>τὰς</span> 
     </span>
    </p>
   </div>
  </div>
