1878 3054
36 167 88 200 509

568 167 761 199 COMMENT.
783 168 822 198 IN
842 168 963 201 EPIST.
983 171 1033 201 AD
1053 172 1146 204 ROM.

1607 173 1658 204 510

35 222 166 254 τοιαύτας
193 223 283 255 αἰτίας
296 244 303 255 ,
323 223 339 258 ἢ
356 223 516 258 ζητοῦντας,
550 224 682 259 μειζόνων
704 223 826 259 ἀποριῶν
842 226 853 254 Δ

927 225 1006 259 olvit,
1021 227 1087 261 quin
1102 227 1196 262 potius
1220 227 1334 255 alterius
1353 227 1542 263 ambiguitatis
1559 231 1667 258 occasio

36 270 126 301 αἰτίας
139 269 190 301 τὰς
206 269 298 301 λύσεις
310 269 456 296 ποιεῖσθαι.
478 269 564 297 Τοῦτο
579 271 632 306 γὰρ
647 270 826 304 εὐγνωμόνων

37 316 208 351 πλασμάτων
230 316 276 342 καὶ
288 316 399 349 δούλων,
415 316 453 351 μὴ
468 316 517 347 τὰς
534 316 623 347 αἰτίας
636 317 761 343 ἀπαιτεῖν
781 316 826 342 τὸν

39 362 210 397 Δημιουργδν
225 362 272 389 καὶ
291 362 441 397 Δεσπότην,
458 363 516 389 ἀλλ’
541 362 588 389 ἐπὶ
603 363 670 388 πᾶσι
688 364 742 394 τοῖς
754 371 827 396 γινο-

43 408 134 441 μένοις
155 408 327 442 εὐχαριστεῖν
355 408 430 442 αὑτῷ
445 428 453 439 ,
470 408 521 434 κᾶν
545 408 575 435 οὺ
601 408 748 443 κατείληφε
765 409 828 439 τοὺς

41 455 136 487 λόγους
153 454 187 480 δι’
202 454 250 485 οὓς
275 454 394 489 γίνεται,
414 454 514 490 μᾶλλον
538 455 566 481 δὲ
591 455 638 482 καὶ
665 455 711 482 ἐπὶ
726 454 829 481 τούτων

42 500 122 527 πλέον
136 500 283 535 ὀφείλομεν
297 501 481 536 εὐχαριστεῖν.
500 501 583 535 Δῆλον
606 501 661 537 γὰρ
685 501 722 533 ὡς
737 497 774 527 ὧν
792 500 830 536 μὴ

42 547 260 581 κατειλήφαμεν,
276 548 321 573 ἐπὶ
334 547 436 574 τούτων
449 547 559 582 μείζους
573 547 641 574 εἰσὶν
655 547 679 574 οε
696 547 769 581 λόγοι
783 547 831 574 καὶ

43 591 276 627 θαυμασιιῖντεροι,
289 593 336 618 καὶ
348 593 397 627 τῆς
409 592 487 628 ἡμῶν
508 593 700 628 ὑπερκείμενοι
713 592 833 628 καταλή-

43 638 126 672 ψεως.
145 637 230 663 Ὥστε
249 637 359 672 μείζους
381 638 422 663 δεῖ
445 638 555 669 καὶτὰς
572 638 732 672 εὐεργεσίας
747 645 832 672 προσ-

44 683 172 712 άγεσθαι.
197 683 284 716 Αὐτὸς
303 683 331 710 δὲ
348 683 462 719 προῖὼν,
486 683 597 718 καὶτῆς
624 683 752 718 δευτῦρας
764 685 834 710 ἀπο-

47 729 106 764 ρίας
119 729 210 764 τίθησι
228 730 278 764 τὴν
299 729 386 758 λύσιν.
406 738 416 755 ι
435 729 487 756 Τὸν
508 730 604 756 Ἰακὼϐ
627 730 770 765 ἠγάπησα,
787 729 834 756 τὸν

47 775 73 801 δὲ
92 775 179 801 Ἡσαῦ
195 775 325 810 ἐμίσησα.
347 785 357 802 ι
372 776 417 811 Μή
443 784 486 802 πω
506 775 560 810 γάρ
583 784 608 802 τι
623 776 763 810 πράξαντα
789 775 835 802 τὸν

51 820 160 853 Ἰακὼσ,
185 821 315 847 ἐκάλεσεν
337 821 499 855 ἀγαπητόν·
529 831 539 848 ι
559 821 610 848 Τδν
633 821 688 856 γὰρ
721 820 832 853 Ἰακὼϐ,

46 867 139 902 φησιν,
156 867 297 902 ἠγάπησα,
313 866 359 893 τὴν
372 867 401 893 δὲ
421 866 506 893 Ἦσαῦ
519 866 649 902 ἐμίσησα.
665 875 676 893 ι
690 882 727 888 -—
738 875 748 893 ι
772 866 835 902 Ἐρ-

877 271 948 299 facta
961 277 1014 300 est.
1038 273 1186 308 Propterea
1202 279 1314 308 prastat
1329 274 1487 310 hujusmodi
1504 283 1602 303 causas
1613 284 1667 303 non

879 318 1022 352 requirere
1043 327 1050 346 :
1073 319 1177 354 alioqui
1200 319 1372 354 inquirentes
1388 319 1508 346 eﬂicient
1525 320 1598 355 ipsas
1621 328 1668 348 so-

878 363 998 391 lutiones
1010 371 1107 391 causas
1126 371 1187 391 esse
1212 365 1344 399 majorum
1372 364 1576 392 dillicultatum.
1599 365 1667 393 Nam

879 409 933 436 hoc
951 414 1090 445 gratarum
1115 415 1304 437 creaturarum
1331 418 1363 438 ac
1393 418 1538 438 servorum
1562 415 1628 444 est,
1653 419 1670 439 a

880 457 1009 484 Creatore
1026 464 1058 483 ac
1077 456 1194 483 Domino
1211 465 1307 484 causas
1329 465 1383 484 non
1411 463 1550 492 expetere,
1571 457 1618 485 sed
1642 457 1670 485 in

880 502 1010 530 omnibus
1022 510 1082 537 qua!
1107 502 1178 529 ﬁunt
1206 503 1308 538 gratias
1331 503 1371 530 illi
1394 510 1488 537 agere,
1512 510 1670 537 quanquam

881 549 1000 576 rationes
1009 557 1060 576 non
1069 549 1303 584 comprehendant
1313 553 1425 584 propter
1436 557 1504 584 quas
1515 549 1581 576 [iant
1596 558 1602 575 :
1613 556 1671 576 ma-

881 594 924 628 gis
941 597 1032 620 autem
1045 593 1127 620 ctiam
1142 600 1226 628 super
1241 593 1283 620 his
1294 593 1427 620 debemus
1441 593 1560 628 amplius
1571 593 1672 628 gratias

882 645 974 672 agere.
990 637 1058 664 Nam
1074 637 1250 665 manifestum
1259 643 1302 665 est
1319 638 1391 672 quod
1409 646 1506 666 eorum
1535 647 1595 673 qua:
1616 647 1671 665 non

882 683 1126 718 deprehendimus,
1147 683 1283 719 majorum
1295 688 1360 711 sunt
1373 691 1464 712 causa:
1475 685 1617 720 magisque
1626 684 1661 712 ad

885 729 1027 759 mirandae.
1048 733 1075 755 ct
1091 737 1151 763 qua:
1162 733 1271 756 nostras
1282 729 1416 757 excedant
1425 730 1672 765 apprehensiones.

884 774 977 810 Itaque
1001 776 1121 810 majores
1147 776 1229 803 etiam
1255 776 1405 811 gratiarum
1423 776 1544 804 actiones
1565 779 1676 810 oportet

885 821 995 848 oil‘erre.
1021 821 1169 856 Apostolus
1182 825 1272 849 tamen
1292 821 1320 848 in
1335 821 1516 856 sequentibus
1530 820 1612 848 etiam
1630 827 1675 847 se-

886 867 984 894 cundae
997 867 1166 895 diﬂicultatis
1181 867 1447 903 ponitsolutionem.
1463 877 1471 894 ι
1484 867 1569 895 Jacob
1580 866 1675 899 dilexi,

47 900 116 947 ῥῆθη
130 900 211 948 αὐτῇ,
266 914 351 949 ἧγουν
371 914 404 948 τῇ
430 900 575 948 Ῥεὸέκιιᾳ,
591 922 600 938 ι
620 914 661 939 ὅτι
679 912 708 939 '0
732 900 835 948 μείζων

927 920 959 940 au
974 921 1040 940 vero
1053 914 1118 940 odio
1131 900 1224 941 habui.
1248 923 1257 940 ι
1289 913 1357 941 Nam
1379 913 1463 941 Jacob
1486 913 1533 949 qui
1559 913 1677 940 nihilum

45 958 185 985 δουλεύσει
205 959 243 994 τῷ
259 959 392 985 ἐλάσσονι.
412 968 420 984 ι
435 959 467 985 υί
482 958 532 993 μὲν
547 958 602 993 γὰρ
615 958 753 993 ἄνθρωποι
772 958 836 990 ἴσως

48 1004 117 1039 μετὰ
136 1005 168 1031 τδ
182 1004 319 1039 γενέσθαι,
334 1005 348 1032 ὁ
366 1005 394 1031 δὲ
408 1004 474 1034 Θεὸς
507 1004 556 1038 τρὸ
569 1003 706 1039 γενέσεως
721 1004 837 1032 ἐπιστα-

47 1058 93 1076 ut
109 1050 144 1077 τὰ
170 1050 198 1076 ὲν
212 1049 251 1085 τῷ
267 1050 413 1085 ἀνθρώπῳ.

887 963 990 993 egerat,
1007 959 1311 994 appellavitdilectum.
1324 970 1333 986 ι
1350 960 1446 992 Jacob,
1463 960 1564 994 inquit,
1581 958 1678 990 dilexi,

888 1004 958 1032 Esau
971 1012 1037 1032 vero
1053 1005 1116 1033 odio
1130 1005 1223 1033 habui.
1244 1015 1254 1031 ι
1274 1021 1307 1028 -ο
1326 1006 1451 1034 «Dictum
1466 1011 1509 1033 est
1524 1005 1574 1036 illi.
1593 1014 1601 1030 ι
1615 1009 1680 1040 puta

887 1051 1028 1079 Rebeccae.
1043 1061 1052 1078 ι
1068 1052 1154 1088 Major
1170 1053 1273 1080 serviet
1297 1052 1408 1080 minori.
1425 1062 1434 1079 ι
1466 1052 1607 1087 Siquidem
1623 1051 1681 1079 ho-

47 1096 136 1123 mines
149 1095 276 1124 fortassis
297 1095 559 1131 postnativitatem,
574 1095 647 1124 Deus
661 1103 729 1125 vero
745 1097 828 1125 etiam
866 1102 930 1126 ante
957 1098 1130 1125 nativitatem
1155 1098 1232 1126 novit
1262 1106 1323 1133 qua:
1352 1098 1446 1126 l'utura
1472 1102 1537 1126 sunt
1559 1098 1588 1126 in
1627 1099 1680 1126 ho-

48 1149 134 1168 mine.

84 1187 118 1215 TI
130 1184 190 1215 οὖν
204 1186 349 1222 ἐροῦμεγς
364 1187 412 1221 Μὴ
427 1187 528 1215 ἀδικία
551 1188 631 1222 παρὰ
643 1188 684 1222 τῷ
696 1187 757 1221 Θεῷ
768 1197 778 1221 ;
791 1189 838 1223 Μὴ

50 1232 175 1267 γένοιτο.
209 1231 250 1263 Τῷ
268 1231 322 1266 ⁴Γὰρ
343 1231 439 1266 Μωσῇ
467 1232 560 1267 λέγει’
584 1232 719 1266 Ἐλεήσω
743 1233 779 1260 ὃν
801 1233 841 1261 ἂν

51 1278 133 1309 ἐλεῶ,
150 1278 200 1305 καὶ
216 1277 391 1312 οἰκτειρήσω
408 1278 445 1305 ὃν
471 1277 510 1305 ἂν
528 1280 670 1314 οἰκτείρω.
687 1280 761 1314 Ἀρα
784 1277 842 1307 οὖν

51 1326 85 1352 οὺ
100 1325 155 1352 τοῦ
173 1324 326 1358 θέλοντος,
342 1324 414 1351 οὐδὲ
428 1324 482 1351 τοῦ
497 1325 668 1358 τρέχοντος.
684 1325 765 1353 ἀλλὰ
786 1326 840 1353 τοῦ

51 1370 212 1403 ἐλεοῦντος
227 1369 314 1397 Θεοῦ.
329 1369 414 1404 Λέγει
432 1370 488 1404 γὰρ
503 1371 521 1404 ἠ
540 1370 645 1405 Γραφὴ
669 1370 709 1403 τῷ
723 1371 839 1405 Φαραώ·

53 1415 95 1441 ἔτι
112 1416 167 1448 Εἰς
185 1414 260 1442 αὐτὸ
288 1415 376 1442 τοῦτο
395 1414 534 1450 ἐξήγειρά
549 1422 596 1446 σε,
610 1415 690 1448 ὅπως
703 1415 841 1448 ἐνδείξω-

52 1473 102 1498 μαι
114 1464 151 1491 ἐν
165 1464 216 1490 σοι
236 1463 294 1497 τὴν
313 1462 444 1498 δύναμιν
464 1471 536 1497 μου,
555 1462 604 1489 καὶ
624 1462 706 1496 ὅπως
725 1463 841 1498 διαγγεε

54 1508 93 1542 .ιῇ
125 1509 161 1536 τὸ
189 1508 283 1543 ὄνομα
295 1517 353 1543 μου
369 1508 403 1534 ἐν
424 1507 508 1542 πάσῃ
521 1507 559 1542 τῇ
580 1507 630 1543 γῆ.
646 1509 715 1543 Ἄρα
730 1505 788 1536 οὖν
807 1508 843 1535 ὃν

55 1555 133 1582 θέλει
147 1553 236 1585 ἐλεεῖ.
247 1554 282 1581 ὄν
292 1553 324 1580 δὲ
343 1553 421 1582 ϐέλει
436 1555 610 1588 σκληρύνει.

65 1607 67 1609 ’
92 1609 102 1626 ι
122 1600 170 1636 Μὴ
186 1581 278 1627 ἀδικία
295 1600 370 1636 παρὰ
381 1600 420 1635 τῷ
430 1581 489 1636 Θεῷ
502 1581 571 1636 ςψΜὴ
588 1581 703 1635 γένοιτο.
723 1611 733 1628 ι
750 1601 780 1629 Ὀ
795 1601 844 1637 μὲν
858 1581 880 1611 c

61 1646 159 1674 Ἠσαῦ.
183 1647 276 1681 φησὶν,
295 1647 333 1678 ὡς
350 1647 434 1678 κακὸς
449 1647 579 1682 ἐμισήθη,
595 1648 609 1673 ὁ
634 1648 662 1674 δὲ
688 1647 787 1674 Ἰακὼϐ
808 1648 844 1680 ὡς

59 1695 138 1726 καλὸς
155 1694 299 1730 ἠγαπήθη.
319 1704 328 1720 ι
345 1694 377 1721 Τί
392 1692 438 1721 οὖν
452 1702 459 1725 ;
481 1703 490 1719 ι
518 1694 593 1721 Ἀντὶ
606 1693 663 1727 τοῦ,
680 1694 714 1720 Τί
732 1693 846 1728 ἐροῦμεν

59 1742 122 1777 περὶ
139 1741 194 1768 τῶν
212 1742 241 1768 ἒν
257 1742 290 1776 τῇ
307 1741 403 1776 ἐρήμῳ
425 1740 582 1773 Ἶουδαίων;
602 1740 632 1767 οὺ
656 1740 756 1771 πάντες
782 1740 847 1774 ὲμο-

62 1787 248 1822 σχοποίησανς
273 1787 335 1817 Πῶς
361 1783 407 1814 οὖν
431 1786 550 1822 εἴρηται,
579 1795 590 1812 ε
614 1786 735 1821 Ἐλεήσω
762 1786 791 1812 ὃν
814 1785 848 1812 ἂν

63 1833 148 1865 ὖλεῶς
168 1842 178 1859 ι
195 1832 226 1859 Et
239 1833 294 1867 γὰρ
309 1832 400 1858 ἀδικία
418 1832 467 1858 οὐκ
483 1832 541 1858 ἐστι
559 1832 635 1867 παρά
653 1831 691 1866 τῷ
708 1831 777 1866 Θεῷ,
802 1831 849 1858 καὶ

63 1879 135 1914 ὅμως
159 1879 270 1905 πάντων
288 1877 552 1913 μοσχοποιησάντων,
572 1887 581 1903 ι
605 1877 735 1912 Ἐλεήσω,
760 1874 847 1908 εἶπεν,

64 1926 91 1952 ὃν
105 1925 138 1952 ἂν
151 1924 304 1960 ἐλεῶ,ιᾶρα
311 1924 436 1959 κρυφίοις
445 1924 593 1958 ὀφθαλμοῖς
605 1924 617 1950 ὁ
629 1923 694 1955 Θεὸς
703 1923 849 1958 ὲμῆατεύει

64 1972 103 2004 εἰς
117 1972 166 2004 τὰς
181 1970 236 1998 τῶν
249 1970 400 2005 ἀνθρώπων
423 1969 549 2004 καρδίας,
570 1969 618 1996 καὶ
642 1969 691 2004 οὐχ
714 1969 809 2003 ὥσπερ
826 1969 849 1994 οἱ

65 2018 213 2054 ἄνθρωποι.
233 2016 337 2044 Οὐκοῦν
353 2017 414 2043 οὐδὲ
431 2015 478 2042 ἐπὶ
489 2016 545 2042 τῶν
555 2015 602 2042 νῦν
619 2015 754 2042 Ἰουδαίων
763 2014 853 2041 ἀδικεῖ

66 2066 79 2092 ὁ
92 2065 166 2098 Θεὸς,
181 2064 249 2092 ἀλλὰ
268 2065 315 2090 καὶ
335 2063 381 2090 νῦν
396 2063 453 2090 ὅσοι
470 2062 519 2098 μὲν
538 2062 616 2095 ἄξιοι,
636 2061 769 2094 σώζονται
784 2068 790 2075 ’
807 2069 854 2086 πι-

68 2111 190 2138 στεύουσι
206 2111 261 2145 γάρ
275 2119 280 2124 ·
299 2111 355 2137 ὅσοι
381 2110 409 2136 δὲ
425 2109 539 2141 ἀνάξιοι,
562 2107 745 2135 ἀπόλλυνται·
762 2107 792 2134 οὺ
809 2115 854 2133 πι-

68 2158 190 2184 στεύουσι
207 2157 273 2190 γάρ.
292 2165 301 2181 ι
322 2156 441 2190 Ἐλεήσω
457 2154 486 2182 ὃν
506 2154 540 2181 ἂν
565 2153 642 2180 ὲλεῶ.
664 2163 674 2179 ι
702 2153 748 2184 Ὠς
771 2152 796 2178 εί
818 2150 854 2178 εἴ·

69 2212 126 2230 πενι
149 2202 222 2236 Ἐγὼ
235 2199 292 2228 οἴδα
314 2201 383 2232 τίνες
407 2200 477 2233 ἄξιοι
495 2199 642 2234 σωτηρίας,
666 2198 713 2225 καὶ
730 2198 787 2224 ὅσοι
805 2197 855 2224 οὐκ

923 1188 970 1218 IX.
988 1187 1078 1215 1448.
1096 1187 1164 1218 Quid
1175 1196 1236 1223 ergo
1245 1189 1382 1216 dicemus?
1395 1188 1465 1216 Nam
1486 1188 1619 1224 injustitia
1644 1192 1684 1216 est

889 1236 961 1270 apud
980 1234 1084 1261 Deum?
1099 1234 1182 1260 Absit.
1199 1233 1266 1260 Μοδί
1299 1234 1368 1261 enim
1390 1234 1471 1261 dicit:
1486 1234 1627 1261 Miaerebor
1638 1242 1685 1261 cu-

885 1282 1035 1316 jummque
1052 1280 1194 1311 misereor.
1225 1284 1248 1306 et
1275 1280 1477 1307 commiserabor
1505 1287 1685 1315 quemcunque

890 1327 1072 1353 commiseror.
1088 1325 1173 1361 Igitur
1188 1334 1240 1352 non
1254 1325 1363 1352 volentis
1373 1331 1421 1358 est,
1435 1334 1481 1352 nec
1493 1326 1685 1359 currentis,aed

891 1373 1038 1399 miserentis
1056 1371 1114 1398 Dei.
1141 1371 1208 1398 Dicit
1222 1372 1292 1398 enim
1315 1371 1452 1407 Scriptura
1473 1371 1626 1399 Pharaoni:
1651 1371 1686 1398 In

891 1419 938 1445 hoc
958 1419 1044 1454 ipsum
1055 1418 1181 1445 suscitavt'
1196 1422 1230 1450 te,
1253 1422 1281 1444 ut
1296 1418 1458 1444 ostenderem
1472 1417 1499 1444 in
1521 1421 1546 1444 te
1560 1418 1683 1445 virtutem

894 1472 991 1496 meam,
1006 1467 1030 1489 et
1044 1467 1073 1489 ut
1091 1463 1266 1489 annuntietur
1276 1470 1371 1489 nomen
1383 1470 1469 1488 meum
1479 1462 1506 1488 in
1523 1462 1596 1489 omni
1604 1466 1688 1488 terra.

898 1509 992 1543 Itaque
1005 1509 1080 1544 cuius
1096 1507 1150 1535 vult
1166 1509 1315 1541 miseretur,
1343 1516 1419 1543 quem
1449 1511 1538 1535 autem
1565 1507 1622 1535 vult
1645 1507 1689 1534 ob-

898 1555 990 1581 durat.

931 1601 1014 1636 328
1031 1609 1041 1626 ι
1061 1600 1132 1628 Num
1145 1599 1280 1635 injustitia
1294 1604 1336 1627 est
1349 1599 1422 1634 apud
1445 1599 1531 1627 Deum
1545 1599 1557 1626 ἲ
1569 1598 1659 1626 Absit.
1678 1608 1687 1624 ι

897 1645 969 1673 Esau
985 1644 1059 1671 enim
1076 1648 1206 1678 tanquam
1220 1643 1309 1670 malus
1330 1643 1405 1671 odio'
1417 1643 1527 1670 habitus
1537 1647 1589 1676 est,
1607 1642 1691 1671 Jacob

896 1697 964 1717 vero
983 1693 1113 1724 tanquam
1135 1688 1225 1715 bonus
1237 1687 1355 1715 dilectus
1368 1692 1431 1716 est.
1449 1697 1458 1713 ι
1474 1686 1545 1720 Ouid
1564 1687 1650 1723 ergo?
1680 1696 1689 1712 ι

898 1736 956 1763 Hoc
971 1739 1022 1767 est,
1046 1734 1117 1768 Quid
1145 1734 1179 1762 de
1207 1733 1310 1762 Iudaeis
1326 1733 1450 1761 dicemus
1469 1733 1516 1768 qui
1538 1733 1650 1761 fuerunt
1665 1732 1692 1759 in

899 1781 1008 1809 deserto
1017 1781 1028 1807 ?
1038 1780 1135 1808 Nonne
1147 1787 1244 1807 omnes
1263 1779 1380 1807 vitulum
1394 1779 1539 1807 fecerunt?
1554 1778 1694 1814 quomodo

899 1827 1003 1855 dictum
1014 1831 1057 1854 est
1076 1834 1082 1853 :
1105 1825 1281 1860 «.Miserebor
1296 1825 1485 1861 cujuscunque
1503 1824 1653 1852 misereor?
1681 1833 1692 1850 ›

900 1873 969 1901 Nam
988 1874 1010 1900 si
1029 1872 1163 1908 injustitia
1180 1880 1235 1899 non
1254 1875 1297 1899 est
1320 1871 1392 1906 apud
1408 1871 1493 1898 Deum
1513 1891 1520 1903 ,
1542 1875 1571 1898 et
1599 1876 1690 1898 tamen

900 1926 946 1945 um
991 1926 1087 1945 omnes
1099 1918 1216 1945 vitulum
1235 1917 1376 1950 fecissent,
1394 1927 1403 1942 ι
1419 1916 1580 1948 Miserebor,
1601 1915 1671 1942 dixit
1685 1935 1693 1946 .

903 1967 1094 1999 cujuscunque
1129 1964 1284 1991 misereor:
1301 1973 1310 1989 ι
1328 1967 1404 1990 certe
1436 1961 1587 1990 latentibus
1609 1961 1697 1989 oculis

903 2011 976 2038 Deus
991 2011 1019 2038 in
1035 2011 1178 2038 hominum
1194 2010 1277 2038 corda
1301 2009 1465 2044 ingreditur,
1480 2013 1508 2036 et
1519 2016 1574 2036 non
1596 2015 1696 2043 quem-

904 2057 1052 2085 admodum
1064 2057 1204 2084 homines.
1234 2057 1320 2092 lgitur
1333 2064 1425 2091 neque
1436 2063 1498 2083 cum
1519 2054 1622 2082 Iudaeis
1649 2053 1697 2088 qui

904 2111 979 2130 nunc
994 2107 1058 2130 sunt
1074 2103 1177 2138 injuste
1192 2102 1248 2138 agit
1272 2103 1345 2130 Deus
1359 2111 1366 2135 ;
1385 2101 1432 2129 sed
1450 2106 1477 2128 et
1488 2109 1561 2128 nunc
1575 2101 1696 2135 quicun-

905 2156 959 2183 que
972 2147 1047 2183 digni
1063 2152 1128 2175 sunt
1141 2148 1294 2180 salvantur,
1311 2147 1374 2182 quia
1382 2147 1516 2179 credunt;
1534 2146 1696 2180 quicunque

905 2201 972 2221 vero
991 2193 1109 2228 indigni,
1123 2197 1256 2228 pereunt,
1279 2193 1344 2228 quia
1359 2201 1414 2220 non
1441 2191 1570 2220 credunt.
1590 2201 1598 2217 ι
1617 2191 1700 2218 Misc-

69 2249 148 2281 ἇξιοι.
165 2249 198 2275 Εἰ
219 2247 267 2274 οὖν
289 2247 400 2282 Μωσῆς,
416 2246 509 2280 φησὶν,
522 2245 615 2280 ἠγνόει
628 2244 700 2276 τινες
713 2244 795 2276 ἄξιοι,
809 2244 853 2270 καὶ

927 2240 992 2268 cbor
1005 2240 1194 2274 cujuscunque
1208 2238 1351 2265 misereor.
1368 2247 1377 2263 ι
1397 2237 1435 2264 Ac
1450 2237 1472 2264 si
1486 2236 1601 2264 dixisset
1618 2245 1626 2265 :
1642 2236 1700 2272 Ego

71 2295 139 2326 τίνες
166 2294 219 2320 οὐκ
240 2293 332 2325 ἄξιοι,
364 2292 444 2327 σχολῇ
465 2292 530 2326 γοῦν
553 2292 636 2327 ἡμεῖς
653 2290 783 2326 γνοίημεν
808 2290 857 2321 τὰς

70 2342 155 2373 αἰτίας
181 2341 236 2367 τῶν
257 2340 416 2375 γινομένων.
441 2338 508 2365 Θεοῦ
535 2339 590 2374 γὰρ
607 2330 743 2373 κρίματα’
756 2338 798 2369 τίς
814 2337 857 2370 ἐξ-

73 2387 185 2422 ιχνιὼεει
199 2395 206 2420 ;
221 2386 282 2413 ἀντὶ
296 2385 355 2417 τοῦ,
370 2384 474 2416 Οὐδείς.
494 2393 503 2410 ι
521 2385 591 2420 ’Δρα
600 2383 646 2410 οὖν
662 2384 692 2410 οὐ
707 2383 754 2410 τοῦ
767 2383 858 2410 θέλον-

71 2441 124 2466 τος,
142 2442 153 2459 ι
169 2432 218 2459 καὶ
232 2431 266 2459 τὰ
279 2431 352 2465 ἑξῆς.
377 2431 423 2457 Δεῖ
447 2430 496 2466 μὲν
507 2429 553 2457 οὖν
569 2430 656 2457 Θέλειν
671 2430 719 2456 καὶ
735 2429 855 2465 τρέχειν,

73 2479 117 2505 καὶ
139 2478 190 2513 τὴν
204 2476 302 2504 ἑαυτοῦ
316 2476 432 2503 ἕκαστον
447 2474 560 2509 δύναμιν
574 2475 707 2510 πληροῦν.
727 2474 800 2510 Πλὴν
817 2475 858 2501 ὅτι

75 2525 131 2559 δίχα
152 2523 252 2559 βουλῆς
279 2522 346 2550 Θεοῦ
371 2521 434 2549 οὔτε
454 2522 468 2548 ό
499 2521 595 2555 θέλων,
621 2521 683 2548 οὔτε
711 2521 725 2547 ὁ
752 2521 858 2557 τρέχων

76 2571 146 2597 ἀνύει
159 2580 186 2597 τι
199 2570 290 2602 πλέον,
308 2569 375 2605 ἄτερ
388 2570 436 2604 τῆς
453 2568 500 2595 τοῦ
517 2567 584 2595 Θεοῦ
601 2567 737 2603 βοηθείας.
758 2567 858 2595 Λοιπὸν

77 2616 118 2642 τὸν
132 2615 292 2650 βουλόμενον
320 2613 466 2646 σώζεσθαι,
483 2613 524 2640 ὅτι
541 2613 588 2639 καὶ
603 2612 673 2638 θέλει
688 2613 702 2638 ὸ
720 2612 786 2644 Θεδς
811 2612 858 2638 καὶ

80 2660 152 2687 ἐλεεῖ.
185 2660 278 2687 Ταῦτα
304 2659 333 2686 δὲ
360 2659 448 2686 πάντα
473 2657 549 2686 εἶπεν
572 2659 586 2684 ὁ
608 2658 685 2692 ἅγιος
709 2658 775 2693 πρὸς
795 2659 858 2688 τοὺς

79 2706 280 2738 ἀντιπίπτοντας
294 2706 343 2733 καὶ
358 2706 497 2739 λέγοντας,
513 2705 547 2731 Τί
563 2704 594 2740 δή
615 2713 680 2731 ποτε
697 2703 858 2737 ὲκΰέὃληται
883 2703 885 2705 ’

80 2753 93 2778 ὁ
109 2753 268 2788 Ἰουδαῖσμὸς
284 2752 360 2788 παρὰ
373 2751 412 2786 τῷ
437 2751 506 2785 Θεῷ,
521 2750 688 2786 ἀντεισήχθη
712 2750 740 2776 δὲ
761 2751 775 2776 ὁ
791 2750 859 2784 Χρι-

84 2799 230 2833 στιανισμὸς
245 2798 293 2824 καὶ
307 2799 323 2832 ἡ
343 2797 447 2828 uictu;
461 2796 551 2823 Θέλων
566 2794 613 2822 οὖν
625 2796 699 2831 ἡμᾶς
715 2795 858 2822 παιδεῦσαι

85 2842 117 2877 μὴ
127 2845 253 2875 ,ἀπαιτεῖν
279 2844 394 2879 εὐθύνας
418 2843 463 2869 τὸν
489 2842 555 2869 Θεὸν
586 2839 624 2869 ὧν
650 2843 775 2877 πράττει,
791 2841 858 2868 ἀλλὰ

86 2888 163 2917 πάντα
182 2890 307 2926 ἡγεῖσθαι
325 2889 406 2923 καλὰ,
425 2889 476 2916 κᾶν
498 2889 577 2924 ἡμεῖς
591 2888 745 2923 ἀγνοῶμεν,
768 2887 854 2914 πολλὶι

907 2288 972 2314 novi
996 2286 1044 2321 qui
1059 2286 1115 2313 sint
1128 2285 1204 2321 digni
1228 2285 1317 2312 salute
1341 2289 1370 2312 et
1389 2283 1502 2319 quinam
1534 2283 1649 2319 indigni.
1671 2283 1700 2311 Si

907 2333 992 2368 igitur
1010 2332 1100 2359 Moses
1112 2332 1255 2367 ignorabat
1270 2331 1383 2366 quinam
1400 2330 1475 2366 digni
1488 2334 1582 2357 essent
1607 2334 1635 2356 cl.
1653 2337 1702 2364 qui

909 2377 1025 2413 indigni,
1043 2378 1132 2405 multo
1151 2377 1242 2405 minus
1267 2384 1318 2404 nos
1336 2383 1433 2404 eorum
1446 2383 1508 2411 quae
1524 2374 1592 2402 ﬁunt
1604 2380 1703 2401 causas

909 2431 1075 2459 cognoscere
1091 2430 1234 2458 possemus
1249 2432 1256 2455 ;
1275 2422 1323 2450 Dei
1341 2422 1415 2449 enim
1432 2420 1535 2457 judicia
1549 2419 1612 2455 quis
1623 2426 1703 2446 scru-

908 2469 1028 2497 tabitur?
1042 2469 1165 2504 profecto
1175 2468 1277 2495 nullus.
1293 2477 1303 2494 ‹
1320 2467 1406 2503 Igitur
1417 2475 1471 2494 non
1484 2464 1603 2493 volentis
1618 2467 1672 2493 est.
1690 2471 1700 2487 ι

908 2521 963 2544 etc.
991 2518 1106 2550 Oportet
1122 2514 1258 2549 siquidem
1269 2513 1339 2541 velle
1359 2517 1387 2540 et
1412 2519 1536 2544 currere,
1551 2515 1580 2538 et
1602 2518 1706 2537 unum-

911 2569 1050 2598 quemque
1067 2561 1156 2588 l'acere
1170 2560 1242 2595 quod
1261 2560 1288 2586 in
1304 2567 1333 2586 se
1347 2563 1405 2586 est:
1421 2563 1541 2585 attamen
1558 2556 1622 2591 quia
1639 2556 1705 2583 abs—

912 2616 967 2644 que
992 2608 1041 2636 Dei
1069 2607 1187 2635 consilio
1227 2613 1319 2640 neque
1350 2605 1446 2632 volens
1468 2610 1557 2637 neque
1590 2607 1707 2628 currens

912 2654 1065 2688 quidquam
1082 2653 1202 2687 amplius
1217 2652 1276 2679 sine
1302 2651 1349 2678 Dei
1374 2649 1478 2677 auxilio
1495 2647 1613 2683 perlicit,
1640 2645 1706 2672 reli-

913 2707 998 2734 quum
1014 2702 1057 2726 est
1070 2703 1100 2725 ut
1117 2699 1190 2726 Deus
1204 2705 1267 2726 eum
1285 2697 1331 2732 qui
1353 2696 1445 2724 salvus
1459 2693 1610 2728 ﬁericupit.
1621 2691 1705 2719 etiam

912 2745 989 2777 velit,
1009 2749 1037 2771 et
1051 2744 1111 2779 ejus
1127 2743 1303 2779 misereatur.
1320 2742 1384 2770 Haec
1404 2742 1496 2768 omnia
1528 2740 1598 2767 dixit
1622 2739 1703 2767 divus

911 2791 1014 2819 Paulus
1036 2791 1169 2817 adversus
1188 2790 1248 2817 illos
1273 2789 1320 2824 qui
1350 2788 1493 2815 resistunt.
1522 2793 1556 2812 ac
1582 2785 1678 2812 dicunt
1698 2793 1705 2800 ·

915 2838 1006 2872 Quare
1023 2837 1147 2872 abjectus
1160 2840 1202 2863 est
1226 2835 1383 2863 Judaismus
1396 2832 1467 2868 apud
1483 2832 1618 2863 Deum.ct
1641 2831 1702 2858 loco

913 2884 1000 2919 ipsius
1022 2883 1152 2910 inductus
1167 2886 1209 2909 est
1222 2878 1453 2909 Christianismus
1465 2885 1496 2905 ac
1505 2876 1591 2905 ﬁdes?
1605 2875 1706 2903 Volens
