1878 3054
202 151 252 184 511

730 153 929 182 (ECUMENII
949 153 1094 184 TRICC/E
1113 154 1280 184 EPISCUPI

1770 153 1820 186 51?.

201 208 294 243 itaque
308 213 358 234 nos
371 206 509 234 instruere
525 213 558 233 ne
576 213 671 233 causas
682 213 697 232 a
713 207 767 233 Deo
778 213 933 241 repetamus
944 216 990 234 eo-

1079 210 1234 243 ματοφορεῐ,
1253 209 1401 240 τουτέστιν,
1422 208 1475 235 ἀπὸ
1503 209 1607 235 πολλῶν
1636 210 1823 244 παραδειγμά-

199 260 260 280 rum
276 260 337 287 quas
359 257 499 286 operatur.
522 251 570 278 sed
592 255 690 278 cuncta
707 252 778 279 bona
808 253 985 286 arbitremur,

200 299 252 326 etsi
265 306 362 325 causas
378 298 544 333 ignoremus.
558 298 641 324 multa
670 298 774 332 profert
794 299 826 326 ad
860 300 985 333 [mposi-

202 347 259 370 tum
277 343 345 370 :hoc
359 348 412 375 est,
426 351 440 370 a
459 343 552 370 multis
566 344 699 378 exemplis
713 348 740 370 et
758 345 844 379 signis
869 345 986 372 diﬁicul-

201 393 283 417 tatem
297 390 322 415 in
333 389 434 416 divinis
447 389 558 423 jndiciis
571 390 756 423 eonjectaudis
768 391 987 418 demonstrat.—

201 430 267 457 ltem
281 434 304 456 et
318 430 371 456 alio
385 430 471 456 modo.
500 430 558 456 Non
577 431 694 457 volentis
706 432 805 463 solum,
820 441 909 466 neque
922 441 984 459 cur-

183 472 288 503 'rentis
309 477 398 503 solum
425 485 432 502 :
465 475 511 502 sed
538 484 607 511 opus
633 477 715 504 etiam
746 483 788 505 est
811 479 986 506 miseratione

182 527 185 532 ’
201 529 261 556 quae
271 522 404 550 divinitus
425 523 562 554 adveniat,
584 524 742 558 auxilioque
757 525 829 559 quod
845 525 907 552 inde
936 526 986 552 ad—

200 567 382 595 ministretur.
410 568 464 595 Aut
480 568 561 595 etiam
579 569 630 596 hoc
654 570 734 596 modo
760 570 872 605 intelligi
896 575 986 605 potest

199 613 272 648 quod
290 614 410 640 dicitur:
430 623 438 639 ι
458 614 541 648 Igitur
559 623 613 641 non
628 615 746 642 volentis
761 621 813 647 est,
835 626 843 638 ι
857 620 910 643 etc.
925 617 985 643 Non

200 665 230 687 ut
247 659 274 686 in
290 661 416 687 confesso
430 661 545 695 sitapud
568 661 692 690 Paulum.
710 661 758 688 sed
788 662 873 696 magis
901 663 984 689 veluti

200 705 235 732 ab
249 705 441 733 hatsitantibus
467 706 605 741 prolatum
623 712 676 735 est.
693 707 759 734 Nam
784 707 806 734 si
833 708 910 742 cujus
931 708 988 733 vult

1041 260 1095 278 των
1119 252 1166 277 καὶ
1188 253 1319 287 σημείων,
1336 252 1365 278 τὸ
1382 252 1587 288 δυστέκμαρτον
1615 254 1670 279 τῶν
1689 253 1736 280 τοῦ
1760 255 1823 281 Θεοῦ

1042 300 1182 332 κριμάτων
1199 299 1326 332 παριστᾷ.
1343 313 1376 317 —-
1393 299 1445 324 Καὶ
1462 298 1571 331 ἄλλως.
1590 299 1688 336 [ΦΩΤ.]
1720 301 1756 326 (ὶῦ
1780 302 1825 327 τοῦ

1041 341 1163 373 Θέλοντος
1179 343 1267 376 μόνον,
1289 343 1407 369 οὐδὲτοῦ
1433 344 1577 378 τρέχοντος
1593 345 1684 379 μόνον,
1700 345 1768 372 ἀλλὰ
1790 347 1827 372 δεῖ

1041 388 1087 414 καὶ
1099 388 1145 414 τοῦ
1156 388 1247 415 θεόθεν
1260 389 1344 421 ἐλέου,
1363 389 1409 416 καὶ
1423 391 1473 424 τῆς
1487 391 1592 416 ἐκεῖθεν
1607 392 1777 426 συμμαχίας.
1793 393 1826 418 ΊΙ

1040 435 1086 461 καὶ
1101 434 1187 465 οὕτως
1207 435 1377 469 ἱκπληπτὲον
1393 435 1434 466 τὸ,
1454 445 1463 461 ι
1483 435 1555 471 Ἀρα
1570 434 1616 462 οὖν
1626 437 1656 463 οὗ
1673 437 1822 470 θέλοντος,ι

1040 480 1086 505 καὶ
1116 480 1197 513 ἑξῆς·
1227 481 1283 506 Οὐκ
1309 481 1381 507 ἔστιν
1397 481 1434 511 ὡς
1460 481 1559 516 Παύλῳ
1590 483 1826 517 ὁμολογούμενον,

1040 525 1108 551 ἀλλὰ
1131 526 1229 559 μᾶλλον
1251 525 1287 556 ὡς
1315 526 1390 560 παρὰ
1405 527 1459 552 τῶν
1484 525 1659 562 ἀπορούντων
1687 530 1826 562 προτεινὼ

1042 579 1131 606 μενον.
1149 572 1178 597 Εἰ
1201 571 1254 606 γὰρ
1268 571 1296 598 ὃν
1313 571 1397 604 θέλει,
1411 572 1490 605 ἐλεεῖ,
1506 574 1553 600 καὶ
1565 574 1638 608 ἑξῆς.
1656 574 1688 600 Εἰ
1703 573 1749 600 οὖν
1764 575 1825 601 τοῦ-

1040 626 1080 648 το,
1098 618 1174 652 φησὶ,
1191 617 1278 652 μάτην
1300 618 1413 653 θέλομεν
1436 620 1483 645 καὶ
1501 620 1590 654 μάτην
1608 621 1754 655 τρέχομεν.
1772 622 1824 648 Καὶ

1041 665 1057 698 ἡ
1071 664 1149 698 ῥῆσις
1165 663 1193 690 δὲ
1213 665 1252 695 εἷς
1269 664 1413 699 βεϐαίωσιν
1427 666 1477 700 τῆς
1492 667 1620 702 ἀπορίας,
1651 667 1708 694 ἀλλ’
1724 668 1775 694 οὐκ
1791 669 1827 699 εἱς

1043 709 1166 734 ἐπίλυσιν
1184 710 1254 739 τινος
1267 708 1375 742 ἐτέρας.

200 752 355 785 miseretur,
380 758 445 785 etc.,
460 753 482 780 si
499 754 562 785 hoc,
584 754 682 788 inquit,
701 754 738 780 ita
761 758 812 786 est,
831 754 857 780 in
883 762 982 780 vanum
1002 754 1165 783 volumuset
1196 756 1222 783 in
1245 764 1344 783 vanum
1381 756 1530 783 currimus.
1552 756 1622 791 Ergo
1641 756 1746 784 dictum
1776 757 1826 784 hac

198 807 214 826 a
225 801 230 825 Ι
241 799 407 826 diﬁieultatis
420 799 730 831 eritconﬁrmationem.
758 808 813 827 non
828 805 918 826 autem
942 800 975 826 ad
997 800 1116 835 cujusvis
1131 801 1244 829 alterius
1259 802 1490 837 explanationem.

235 844 318 879 329
340 845 442 872 Deinde
460 853 569 873 rursum
586 846 711 880 sequitur
725 845 894 873 diﬁicultatis
906 853 983 880 repe-

1079 845 1137 874 Ξῖτα
1159 848 1241 875 πάλιν
1256 849 1424 883 ἐπανάληψις
1439 849 1488 882 τῆς
1502 849 1618 883 ἀπορίας
1635 856 1642 863 ·
1664 858 1672 874 ι
1691 849 1765 884 Ἀρα
1780 848 1827 876 οὖν

199 889 261 916 titio
277 899 284 917 :
307 900 315 915 ι
331 890 424 926 Itaque
451 892 530 926 cujus
548 892 605 919 vult
626 892 782 925 miseretur,
800 900 880 926 quem
894 897 986 918 autent

199 935 259 962 vult
291 935 418 963 obdurat.
441 946 450 962 ι
480 937 657 964 Postmodum
681 937 760 971 quasi
795 945 848 964 non
870 937 986 964 suﬁiciat

199 979 379 1012 diﬁicultatis,
395 981 490 1016 reique
501 982 626 1009 absurda:
639 982 854 1016 magnitudinem
874 984 987 1010 demon-

202 1031 315 1058 strasse,
329 1027 388 1062 ejus
404 1028 584 1055 commutatio
615 1028 727 1063 ponitur
750 1029 776 1055 in
793 1028 819 1055 id
848 1029 920 1063 quod
937 1029 986 1056 ab-

201 1070 313 1098 surdius
340 1076 383 1098 est
410 1079 442 1099 ac
471 1073 602 1107 majorem
628 1073 732 1100 habens
765 1073 984 1108 perplexitatem.

199 1115 277 1145 Nam.
296 1124 306 1142 ι
320 1115 390 1149 Quid
401 1117 491 1144 adhuc
507 1118 652 1152 queritur?
667 1127 675 1143 ι
693 1118 747 1150 ait;
770 1127 820 1146 cur
833 1120 888 1154 jam
903 1120 986 1146 sumit

198 1161 386 1195 supplicium?
410 1164 543 1190 voluntati
572 1164 646 1191 enim
671 1165 758 1199 ipsius
769 1165 832 1200 quis
855 1166 985 1193 resistere

198 1208 308 1241 potest?
323 1208 360 1235 Ita
375 1214 453 1236 aucta
465 1214 493 1237 et
508 1215 670 1245 exasperata
692 1211 854 1239 diﬁieultate
866 1213 984 1240 solutio—

199 1260 261 1279 nem
271 1262 320 1288 per
339 1255 554 1290 increpationem
568 1257 720 1292 subjungit,
755 1259 916 1285 terribiliter
939 1259 985 1286 ad-

200 1298 322 1330 modum,
340 1304 366 1326 et
377 1307 579 1336 consequenter
599 1303 634 1329 ita
646 1302 741 1330 dicens
763 1312 768 1329 :
792 1313 800 1328 ‹
820 1304 861 1330 'l‘u
876 1305 939 1339 quis
955 1313 985 1332 es

198 1344 244 1376 Qui
257 1351 288 1370 ex
300 1345 415 1373 adverso
425 1347 575 1381 respondes
586 1347 662 1374 Deo?
688 1357 696 1373 ι
715 1348 792 1382 quasi
811 1349 896 1376 dicat:
914 1351 983 1382 Quid

200 1388 312 1417 facisme
329 1399 359 1418 ex
371 1394 483 1419 adverso
502 1393 668 1426 respondens
686 1393 757 1419 Deo?
769 1394 884 1422 Resistis
894 1403 926 1422 ac
936 1403 985 1430 0p-

200 1442 305 1470 pugnas
314 1437 482 1466 voluntatem
494 1439 652 1474 factumque
663 1440 749 1474 ipsius
763 1449 797 1467 an
812 1450 865 1468 non
881 1443 891 1468 ἶ)
905 1442 982 1476 Quod

199 1480 222 1507 si
238 1489 302 1512 non,
314 1490 364 1509 cur
379 1484 566 1512 contradicis?
580 1492 629 1511 cur
647 1493 680 1511 ex
700 1486 814 1512 adverso
833 1489 983 1521 respondes

198 1525 255 1553 Duo
264 1527 309 1554 ?Si
319 1536 385 1555 vero
400 1530 505 1556 resistis
513 1535 540 1557 et
552 1530 718 1558 contradicis
726 1539 756 1557 ar
769 1539 801 1558 ex
817 1533 931 1560 adverso
943 1543 986 1562 re-

200 1573 329 1606 spondes,
351 1575 489 1609 quomodo
497 1576 556 1603 ais:
584 1586 592 1602 ι
607 1577 746 1604 Voluntati
762 1578 821 1613 ejus
834 1580 986 1613 quis‘resli-

203 1618 247 1645 tit?
260 1628 269 1644 ‹
281 1619 374 1653 Itaque
386 1620 407 1646 si
428 1626 502 1656 certe
518 1622 694 1654 eontradicis,
707 1622 807 1650 frustra
821 1625 987 1653 etadversus

201 1665 319 1698 teipsum
332 1666 411 1699 dicis,
429 1675 439 1692 ι
451 1667 521 1700 Quid
535 1668 624 1696 adhuc
637 1669 781 1704 queritur?
794 1679 803 1696 ι
821 1670 848 1698 Si
858 1679 923 1698 vero
933 1679 988 1699 non

201 1710 322 1743 resistis,
340 1712 467 1746 amplius.
482 1714 594 1741 omnino
609 1723 664 1741 non
675 1715 750 1742 dices
767 1724 774 1742 :
790 1725 799 1741 ‹
816 1716 886 1749 Quid
899 1717 989 1745 adhuc

201 1756 330 1788 queritur
348 1765 355 1783 :
382 1767 391 1782 ι
415 1765 505 1793 neque
523 1759 607 1786 illud:
623 1769 631 1785 ι
649 1759 734 1795 Cujus
751 1761 809 1788 vult
829 1762 988 1796 miseretur,

202 1808 284 1834 quem
303 1807 395 1829 autem
421 1804 479 1830 vult
507 1804 642 1837 obdurat;
669 1815 678 1832 ι
702 1815 791 1841 neque
824 1809 936 1835 omnino
962 1809 989 1836 in

203 1846 358 1881 hujusmodi
394 1851 573 1885 cogitationes
601 1852 763 1884 abduceris,
793 1858 822 1880 ut
857 1854 990 1882 adversus

201 1890 358 1919 Creatorem
373 1894 466 1922 verbis
482 1896 668 1923 contendasiu
681 1897 724 1923 his
738 1905 798 1932 quae
825 1898 892 1932 agit,
908 1906 990 1926 mun-

202 1937 323 1972 dumque
335 1939 480 1974 gubernat,
497 1942 759 1976 utquecontradieas
774 1943 852 1970 illiac
868 1944 989 1970 resistas.

201 1984 240 2011 lla
257 1992 323 2019 ergo
336 1985 382 2013 ubi
397 1986 496 2014 ditl'use
511 1987 712 2015 haesitationem
733 1989 843 2021 evertit,
878 1989 990 2016 alteram

203 2029 483 2058 inducitsolutionem
502 2033 537 2059 ab
553 2041 649 2060 eorum
666 2039 764 2061 natura
780 2042 811 2061 ac
825 2035 992 2069 proprietate

203 2082 265 2109 quae
284 2076 354 2110 apud
380 2084 430 2104 nos
457 2077 643 2112 eﬁinguntur:
664 2079 763 2113 partim
792 2080 904 2114 quidem
931 2089 992 2115 quae

203 2120 413 2148 admouitoriam
429 2123 569 2150 contineat
593 2124 822 2152 consultationem
850 2125 906 2152 sive
938 2126 988 2153 do—

204 2166 332 2198 ctrinam,
349 2167 450 2202 partim
478 2169 766 2204 veroincrepatoriam
794 2172 991 2200 contradictio-

204 2220 277 2240 nem.
307 2213 339 2240 Et
352 2213 536 2242 admonitoria
550 2215 662 2250 quidem
677 2217 843 2245 consultatio
853 2218 910 2245 sive
938 2219 989 2246 do-

201 2259 291 2286 ctrina
315 2260 375 2287 talis
390 2264 432 2288 est
449 2261 536 2294 :Quid
565 2262 752 2290 contradieis?
768 2271 818 2290 cur
828 2272 860 2291 ex
876 2264 991 2292 adverso

203 2305 354 2338 respondes
361 2305 464 2334 Artiﬁci
476 2314 508 2334 ac
516 2306 658 2334 Creatori?
666 2309 774 2336 Imitare
786 2310 838 2336 alia
851 2309 990 2345 ﬁgmenta,

203 2353 232 2375 tu
247 2349 388 2377 rationalis
401 2350 580 2382 irrationalia.
597 2352 734 2380 animatus
761 2354 918 2387 iuanimata,
944 2357 991 2390 qui

203 2394 462 2429 ampliust‘actorem
491 2396 603 2425 laudare
622 2398 708 2426 debes
735 2407 816 2434 quam
857 2409 922 2429 suos
947 2402 992 2429 illa

204 2439 311 2475 ligulas.
338 2441 385 2468 Illa
400 2450 455 2470 non
469 2443 671 2477 contradicunt,
689 2453 778 2481 neque
805 2446 896 2481 opiﬁci
924 2448 991 2474 resi-

204 2490 305 2513 stunt:
327 2488 402 2522 atqui
430 2493 527 2516 natura
559 2497 637 2517 serva
669 2497 743 2523 sunt,
771 2497 891 2519 attamen
911 2493 989 2527 juxta

205 2534 294 2568 ipsius
307 2535 477 2562 voluntatem
505 2541 736 2567 transmutantur,
764 2540 854 2564 omnia
887 2537 987 2565 artiﬁci

203 2580 345 2607 credentia
361 2589 367 2607 :
385 2585 414 2608 at
431 2585 458 2608 tu
482 2589 570 2616 neque
588 2587 693 2609 naturre
706 2582 989 2614 necessitateservus,

203 2624 251 2652 sed
267 2633 395 2653 sermone
409 2626 580 2659 honestatus,
599 2627 763 2662 arbitriiquc
779 2627 917 2659 libertate,
935 2637 990 2655 non

203 2671 281 2698 cedis
315 2672 428 2699 artiﬁcis
461 2673 609 2702 voluntati.
645 2681 734 2707 neque
760 2673 990 2708 gubernationem

204 2725 279 2744 amas
294 2726 300 2744 :
319 2717 366 2744 sed
386 2718 477 2744 verbis
487 2717 633 2745 contendis
648 2726 679 2745 ac
695 2719 813 2752 resistis,
842 2724 870 2746 et
894 2728 992 2748 eorutn

205 2771 266 2797 quae
284 2763 354 2790 [lunt
362 2771 394 2790 ac
402 2763 583 2797 providentur
598 2770 694 2790 causas
701 2763 816 2797 expetis.

240 2809 321 2844 33o
335 2809 431 2836 c.Num
449 2809 517 2836 dicit
547 2809 705 2844 ﬁgmentum
735 2810 759 2837 ei
778 2811 824 2846 qui
851 2819 879 2839 se
898 2811 990 2839 ﬁnxit:

207 2854 262 2881 (Zur
282 2854 334 2881 hoc
362 2859 441 2888 pacto
462 2855 562 2882 ﬁnxisti
580 2862 622 2883 tne
638 2855 649 2881 ἲ
667 2866 675 2880 ›

1038 892 1067 919 ὃν
1077 893 1148 920 θέλει
1167 893 1247 926 ἐλεεῖ,
1267 894 1295 920 ὃν
1313 895 1340 921 δὲ
1355 895 1426 921 θέλει
1445 895 1599 930 σκληρύνει.
1620 904 1629 920 ι
1653 892 1720 921 Εἶτα
1739 895 1777 926 ὡς
1792 896 1827 930 μὴ

1037 937 1206 975 ὲξαρκούσης
1234 940 1283 975 τῆς
1306 941 1432 975 ἀπορίας,
1459 941 1506 967 τοῦ
1531 940 1632 967 ἀτόπου
1652 941 1683 967 τδ
1707 941 1822 974 μέγεθος

1038 985 1222 1019 παραστῆσαι,
1249 985 1398 1021 μετάληψις
1423 986 1508 1020 αὐτῆς
1534 986 1580 1012 ἐπὶ
1607 985 1636 1012 τὸ
1663 987 1695 1012 ὲκ
1724 986 1826 1019 ταύτης

1037 1030 1194 1058 ἀνακύπτον
1222 1031 1394 1066 ἀτοπώτερον
1416 1032 1462 1058 καὶ
1479 1031 1663 1067 ἀπορώτερον.
1688 1041 1697 1057 ι
1717 1032 1750 1057 Τί
1777 1032 1828 1065 γὰρ

1037 1075 1076 1102 ἔτι
1095 1075 1250 1111 μέμφεται;
1269 1086 1277 1102 ι
1295 1076 1360 1110 φησι
1377 1084 1384 1092 ο
1398 1075 1424 1102 τί
1451 1076 1543 1102 λοιπὸν
1560 1075 1686 1109 mitigat;
1709 1075 1750 1107 τίς
1777 1077 1831 1111 γὰρ

1037 1121 1196 1156 ἀντιστῆναι
1230 1122 1342 1148 δύναται
1367 1123 1399 1156 τῇ
1431 1122 1512 1156 βουλῇ
1538 1121 1753 1153 αὖτοῦ;οὖτω;
1780 1122 1829 1157 τὴν

1035 1167 1154 1201 ἀπορίαν
1172 1167 1293 1201 αὐξήσας
1308 1168 1354 1193 καὶ
1370 1167 1518 1201 τραχύνας,
1534 1167 1632 1200 ἐπάγει
1649 1167 1682 1193 δι’
1700 1167 1831 1201 ἐπιτιμῆ-

1037 1219 1106 1242 σεως
1121 1211 1171 1246 τὴν
1198 1211 1274 1238 λύσιν
1299 1212 1402 1246 σφόδρα
1423 1212 1541 1247 δριμέως
1559 1212 1607 1238 καὶ
1624 1211 1773 1246 προσφυῶς
1789 1211 1832 1238 οὖ-

1035 1265 1073 1282 τω
1090 1256 1188 1289 λέγων·
1207 1267 1215 1282 ι
1233 1258 1268 1284 Σὺ
1283 1257 1323 1288 τῖς
1335 1255 1380 1283 sib
1391 1258 1652 1293 ἀνταποκρινόμενος
1665 1257 1703 1292 τῷ
1718 1257 1779 1291 Θεῷ
1793 1265 1801 1287 ;
1819 1267 1828 1282 ι

1034 1297 1099 1327 οἷον·
1111 1302 1146 1328 Συ
1155 1301 1233 1327 τίνῦν
1243 1304 1329 1333 ποιεῖς
1337 1303 1601 1337 ἀνταποκρινόμενος
1608 1302 1645 1336 τῷ
1655 1301 1714 1335 Θεῷ
1724 1310 1731 1333 ;
1742 1302 1831 1328 Ἀ-ιθὶ·

1036 1347 1188 1373 στασαικαὶ
1198 1347 1325 1382 πολεμεῖς
1335 1349 1367 1381 τῇ
1381 1347 1461 1382 βουλῇ
1475 1347 1556 1374 αὐτοῦ
1570 1348 1616 1374 καὶ
1627 1349 1659 1382 τῇ
1671 1347 1770 1381 πράξει
1783 1348 1830 1373 αὐ-

1034 1392 1091 1424 τοῦ,
1103 1392 1119 1428 ἢ
1129 1392 1158 1419 οὗ
1169 1401 1176 1425 ;
1186 1393 1216 1418 El
1229 1393 1276 1428 μὲν
1288 1394 1342 1427 γὰρ
1350 1394 1419 1427 οὐχὶ,
1427 1393 1453 1420 τί
1461 1394 1624 1427 ἀντιλέγεις;
1633 1393 1657 1420 τί
1666 1393 1833 1427 ἀνταποκρί-

1034 1447 1067 1473 νῃ
1078 1438 1116 1472 τῷ
1127 1438 1195 1472 Θεῷς
1212 1440 1235 1464 τί
1249 1439 1276 1465 δὲ
1291 1439 1449 1466 ἀνθίστασαι
1464 1439 1508 1465 καλ
1524 1439 1672 1472 ἀντιλέγεις
1686 1439 1734 1465 καὶ
1752 1439 1833 1464 ἀντα-

1035 1485 1158 1520 ποκρίνῃ,
1167 1485 1225 1513 πῶς
1238 1485 1325 1519 λέγεις
1337 1485 1454 1519 ὄτι,ιΤῷ
1465 1485 1517 1520 γὰρ
1533 1485 1686 1520 βουλήματι
1695 1485 1779 1511 αὑτοῦ
1793 1485 1833 1516 τίς

1000 1522 1019 1549 C
1036 1529 1211 1565 ἀνθέστηκεν;
1225 1540 1234 1556 ›
1249 1531 1331 1557 Ὥστε
1343 1532 1366 1557 εί
1380 1531 1428 1566 μὲν
1435 1530 1751 1565 ἀνθίστασαι,μάτηνκαὶ
1763 1532 1833 1557 κατᾶ

1039 1576 1136 1602 σαυτοῦ
1146 1577 1228 1611 ἐρεῖς,
1245 1586 1254 1602 ι
1266 1577 1297 1603 Τί
1308 1576 1347 1603 ἔτι
1357 1577 1502 1611 μέμφεται.
1517 1577 1605 1603 “Cios
1620 1577 1656 1610 μὴ
1671 1576 1834 1602 ἀνθίστασαι

1037 1622 1207 1656 οὐκέτιὲρείς
1214 1622 1344 1654 ὁλως,ι’1“ί
1355 1622 1393 1649 ἔτι
1406 1623 1552 1657 μέμφεται,
1562 1622 1634 1648 »οὐδὲ
1647 1622 1701 1652 τὸ,‹
1711 1622 1785 1656 ’Ᾱρα
1801 1622 1830 1647 ὃν

1039 1667 1110 1694 θέλει
1128 1668 1207 1700 ὲλεεῖ,
1232 1668 1262 1695 ὅν
1283 1668 1311 1695 δὲ
1325 1668 1395 1694 Θέλει
1418 1667 1574 1702 σκληρύνει,
1596 1678 1605 1693 ι
1634 1668 1688 1694 οὐδ’
1702 1667 1742 1698 εἰς
1757 1667 1830 1700 λογι-

1041 1715 1124 1749 σμοὺς
1144 1715 1199 1750 ἄρα
1215 1714 1282 1746 ὅλως
1298 1714 1437 1750 ὲξαχθήσῃ
1453 1713 1601 1745 τοιούτους,
1614 1713 1768 1746 λογοθετεῖν
1785 1712 1831 1738 τὶν

1040 1759 1211 1794 Δημιουργδν
1236 1759 1279 1792 ἐφ’
1294 1757 1334 1790 οἷς
1350 1758 1462 1794 πράττει
1483 1758 1532 1784 καὶ
1553 1758 1692 1790 οἰκονομεῖ
1713 1756 1760 1782 τὸν
1786 1756 1831 1782 κό-

1042 1814 1119 1840 σμον,
1137 1806 1192 1833 οὐδ’
1205 1806 1354 1839 ἀντιλέγειν
1370 1805 1442 1840 αὐτῷ
1468 1806 1515 1831 καὶ
1530 1803 1715 1830 ἀνθίστασθαι.
1733 1802 1830 1833 Οὕτως

1041 1849 1086 1877 οὖν
1099 1850 1293 1885 σπερματικῶς
1307 1849 1390 1876 εἰπὼν
1405 1850 1453 1884 τὴν
1466 1848 1622 1884 ἀνατροπὴν
1633 1848 1682 1881 τῆς
1696 1847 1831 1882 ἀπορίας,

1042 1898 1088 1923 καὶ
1104 1897 1201 1932 ἑτέραν
1217 1897 1291 1923 λύσιν
1311 1897 1364 1923 ἀπὸ
1385 1896 1433 1930 τῆς
1453 1896 1507 1922 τῶν
1527 1895 1595 1930 παρ’
1611 1896 1677 1930 ἡμῖν
1697 1894 1831 1928 δημιουρ-

1042 1942 1172 1976 γημάτων
1187 1942 1293 1976 φύσεως
1309 1941 1356 1967 καὶ
1377 1942 1506 1975 ἰδιότητος
1532 1939 1640 1974 ἐπάγει,
1663 1939 1742 1965 τοῦτο
1771 1939 1831 1973 μὲν,

1043 1986 1238 2021 παραινετικὴν
1257 1987 1437 2020 περιέχουσαν
1455 1984 1610 2020 συμϐουλὴν
1634 1985 1681 2010 καὶ
1703 1983 1833 2009 διδασκα-

1042 2032 1111 2063 λίαν,
1126 2032 1203 2058 τοῦτο
1218 2032 1255 2061 δὲ,
1268 2032 1315 2058 καὶ
1334 2031 1524 2067 ἀντερῤητικδν
1541 2031 1663 2064 ἔλεγχον.
1678 2030 1733 2055 Καὶ
1747 2030 1762 2063 ἡ
1782 2030 1831 2064 μὲν

1043 2078 1223 2113 παραινετικὴ
1249 2077 1388 2112 συμϐουλὴ
1404 2078 1450 2104 καὶ
1472 2076 1631 2103 διδασκαλία
1649 2075 1778 2108 τοιαύτη·
1800 2074 1831 2100 Τί

1044 2122 1210 2156 ἀντιλέγεις;
1241 2123 1272 2149 Τί
1304 2122 1489 2157 ἁνταποκρίνῃ
1518 2121 1556 2156 τῷ
1579 2121 1689 2156 Πλάστῃ
1706 2120 1754 2146 καὶ
1776 2121 1832 2154 Δη-

1046 2168 1185 2203 μιουργῷ;
1206 2168 1331 2203 Μίμησαι
1359 2168 1392 2194 τὰ
1418 2168 1484 2194 ἄλλα
1502 2168 1662 2202 πλάσματα,
1687 2167 1701 2192 ὁ
1717 2166 1830 2200 λογικὸς

1042 2213 1076 2238 τα
1091 2213 1187 2246 ἄλογα,
1210 2213 1224 2238 ὁ
1250 2213 1371 2247 ἔμψυχος
1387 2213 1420 2238 τὰ
1438 2213 1537 2247 ἄψυχα,
1554 2213 1567 2238 ὸ
1583 2213 1666 2238 πλέον
1684 2211 1831 2247 χρεωστῶν

1043 2259 1167 2294 ἐξυμνεῖν
1187 2260 1231 2286 τὸν
1248 2259 1411 2294 Πλὰστην,ἢ
1425 2260 1517 2285 ἐκεῖνα
1538 2260 1600 2290 τοὺς
1624 2258 1831 2292 πλαστουργοὶος

1043 2307 1105 2337 τοὺς
1119 2306 1210 2337 ἰδίους.
1236 2306 1342 2332 Ἐκεῖνα
1359 2306 1409 2332 οὐκ
1432 2305 1570 2338 ἀντιλέγει
1592 2305 1652 2331 οὐδὲ
1667 2304 1830 2330 ἀνθίσταται

1043 2352 1081 2386 τῷ
1099 2351 1321 2387 δημιουργοῦντι,
1348 2352 1437 2378 καίτοι
1458 2351 1538 2386 φύσει
1567 2350 1736 2377 δουλεύοντα.
1758 2349 1830 2375 Ἀλλ’

1043 2398 1118 2432 ὅμως
1145 2398 1215 2433 πρὸς
1238 2398 1268 2424 τὸ
1285 2398 1390 2424 ἐκείνου
1406 2397 1676 2433 μετασχηματίζεται
1693 2396 1829 2431 βούλημα,

1044 2443 1132 2470 πάντα
1158 2443 1374 2478 παραχωροῦντα
1402 2444 1439 2478 τῷ
1467 2444 1587 2479 τεχνίτῃ.
1615 2443 1670 2469 Kal.
1696 2443 1729 2468 σῦ
1761 2441 1830 2476 μηδὲ

1043 2488 1150 2521 φύσεως
1169 2489 1276 2524 ἀνάγκῃ
1290 2489 1432 2521 δουλεύων,
1455 2489 1522 2516 ἀλλὰ
1536 2489 1608 2524 λόγῳ
1631 2488 1757 2522 τιμηθεὶς
1782 2488 1830 2514 καὶ

1042 2533 1272 2569 αύτεξουσιότητι,
1301 2535 1351 2569 οὐχ
1377 2535 1500 2566 ὑπείκεις
1535 2534 1574 2570 τῷ
1598 2534 1646 2560 τοῦ
1673 2533 1828 2564 πλάσαντος

1045 2580 1195 2615 βουλήματι
1217 2582 1263 2607 καὶ
1280 2581 1404 2616 στέργεις
1417 2581 1465 2616 τὴν
1482 2581 1655 2616 κυϐέρνησιν,
1669 2580 1737 2607 ἀλλὰ
1752 2580 1829 2613 λογο-

1045 2625 1132 2656 θετείς
1148 2626 1194 2652 καὶ
1216 2627 1399 2658 ἀντιπίπτεις,
1424 2628 1472 2653 καὶ
1495 2627 1610 2659 εὐθύνας
1626 2627 1754 2658 ἀπαιτεῖς
1774 2626 1829 2652 τῶν

1045 2672 1239 2708 πραττομένων
1256 2673 1303 2700 καὶ
1316 2673 1533 2708 προνοουμένων.

1079 2821 1087 2836 ι
1105 2812 1149 2845 Μὴ
1166 2811 1223 2846 ἐρεῖ
1238 2811 1267 2837 τὸ
1283 2811 1393 2846 πλάσμα
1422 2811 1460 2846 τῷ
1483 2811 1624 2842 πλάσαντι,
1641 2810 1675 2838 Τί
1691 2820 1724 2846 με
1738 2812 1830 2847 ἐποίη-

1045 2865 1134 2888 σκς;ι
