1878 3054
83 150 134 181 5111
614 145 806 177 COMMENT.
823 144 862 174 IN
881 144 999 175 EPIST.
1022 146 1072 175 AD
1087 145 1179 175 ΒΟΜ.
1656 147 1709 180 514

118 205 186 231 Ἰιδε
199 212 229 237 γε
242 203 301 229 κατ’
317 202 427 236 ἔλεγχον
436 202 605 237 ἀντίρρησις,
617 201 739 236 τοιαύτη’
749 202 878 228 Ἀνταπο-

964 200 1153 228 Contradictio
1164 208 1231 228 vero
1246 209 1295 236 per
1312 201 1540 236 increpationem,
1571 201 1632 230 talis
1654 209 1708 232 est:

86 251 166 285 κρίνῃ
190 248 229 284 τῷ
253 247 324 283 Θεῷ,
359 247 453 282 φησὶν,
474 247 511 279 ὡς
537 247 611 274 ἄκων
628 247 806 282 ἁμαρτάνεις.
824 246 871 274 ἅτε

86 296 216 326 νικῶντος
232 294 315 321 αὑτοῦ
332 293 382 328 τὴν
403 293 452 328 σὴν
479 293 591 328 γνώμην
616 292 664 319 τοῦ
694 293 871 327 βουλήματος,

85 344 133 370 καὶ
155 343 187 368 τδ
204 340 378 373 αὐτεξούσιον
395 339 481 374 ταύτῃ
507 339 720 374 περιῃρημένος.
748 338 802 364 Καὶ
819 339 872 372 μὴν

82 389 133 424 οὐχ
150 388 259 423 ὁρῶμεν
275 387 321 413 ἐπὶ
343 386 397 412 τῶν
419 386 456 420 μὴ
476 384 657 417 αὐτεξουσίων
671 383 836 418 πλασμάτων
855 383 873 410 ἃ

86 435 118 461 σὺ
134 435 233 464 ποιεῖς.
257 433 365 459 Ἐκεῖνα
380 431 431 457 οὐκ
446 431 579 463 ἀντιλέγει
594 431 649 461 τοῖς
665 430 822 460 πλάττουσι,
842 429 874 454 Τί

87 489 121 514 με
145 479 326 510 οὖτως.ἁλλὰ
349 478 385 511 μὴ
399 477 495 509 οὕτως,
524 477 670 511 ὲποίησαςς
696 475 712 510 ἦ
745 475 813 507 τόδε,
840 475 873 500 Τί

85 526 186 558 οὕτως,
199 525 267 552 ἀλλὰ
285 525 322 559 μὴ
335 525 442 557 οὖτως;
459 524 476 558 ἦ
494 523 573 556 ὅλως,
590 523 623 548 Ti
637 531 669 557 με
680 523 809 557 ἐποίησας
819 531 827 555 ;
837 523 873 549 Σὺ

83 571 113 598 δὲ
126 573 175 598 καὶ
189 571 350 604 ἀντιλέγεις,
372 571 420 597 καὶ
447 570 563 601 εὐθύνας
585 569 630 595 τὸν
651 568 776 604 Πλὰστην
792 569 874 595 ἀπαι-

83 617 152 647 τεῖς.
171 616 228 642 Οὐκ
241 615 295 650 ἄρα
307 615 354 641 τοῦ
375 613 551 647 αὑτεξουσίου
577 614 732 648 ἐστέρησαι.
746 614 802 639 υὺκ
820 612 873 647 ἄρα

83 662 161 688 ἄκων
181 660 359 696 ἁμαρτάνεις.
379 660 496 691 Δικαίως
513 660 567 694 ἄρα
583 660 630 686 καὶ
652 658 754 694 κολάζῃ
772 659 804 685 σὺ
827 659 874 685 καὶ

86 707 141 733 ὑπὸ
170 707 274 742 μέμψιν
291 707 412 738 πίπτεις,
432 705 604 737 σὺτεξούσιος
623 704 661 731 ὢν
674 706 719 731 καὶ
735 704 772 740 μὴ
789 705 874 739 πράτ-

84 762 140 779 των
159 753 192 779 τὰ
208 752 311 778 δέοντα.
331 752 386 778 Καὶ
404 751 491 777 ταῦτα
509 750 559 784 μὲν
577 751 641 784 περὶ
653 749 765 776 τούτων.
784 749 820 775 Τὸ
834 749 872 779 δὲ,

89 808 100 824 ι
117 799 154 825 Ἣ
183 799 233 824 οὐκ
251 797 308 832 ἔχει
325 798 340 823 ὁ
352 797 490 831 κεραμεὺ;
521 795 668 828 ὲξουσίαν;
695 804 704 820 ι
732 795 778 821 καὶ
799 795 872 828 ἑξῆς,

85 845 152 872 ἄλλο
179 844 254 871 ἐστὶν
280 843 448 878 ἐπιχείρημα
476 842 549 869 κατὰ
564 841 786 875 ἀντιπερίστασιν
807 849 874 875 προ.

85 892 232 926 αγόμενον.
248 889 378 921 Δεδόσθω,
388 889 465 924 φησὶ,
479 889 550 915 κατά
563 888 609 914 τὸν
627 887 672 913 σὸν
687 887 775 920 λόγον,
788 886 877 912 καίτοι
891 880 914 909 Β

85 934 262 969 ἐλεγχθέντα,
276 935 316 960 ὃτι
327 933 377 960 οὐκ
395 931 420 959 εἴ
434 932 616 965 αὑτεξούσιος,
629 932 670 959 ὅτι
681 932 694 957 ὁ
709 932 774 963 Θεὸς
790 931 876 962 οὕτως

83 980 188 1007 ἔπλασε
208 988 237 1006 σε
254 986 261 993 ·
283 980 337 1006 οὐδ’
349 979 435 1009 οὕτως
464 979 522 1004 ἐστὶ
545 979 647 1004 δίκαιον
664 978 813 1011 ἀντιλέγειν
828 978 876 1003 καὶ

86 1026 248 1060 μέμφεσθαι
265 1025 304 1060 τῷ
316 1024 383 1058 Θεῷ.
409 1024 439 1050 Εἰ
462 1026 507 1049 καὶ
530 1023 612 1058 μηδὲν
631 1023 686 1058 γὰρ
700 1023 763 1050 ἄλλο
781 1023 877 1057 προνό‹

87 1081 150 1106 μιον
165 1071 241 1106 αὖτῷ
257 1070 405 1097 ἀποδοῦναι
431 1069 522 1105 βούλει
548 1069 586 1104 τῷ
617 1069 687 1104 ὑπὲρ
709 1069 796 1095 πάντα
819 1069 876 1095 ὕντι

86 1117 134 1144 καὶ
160 1115 239 1150 λόγον
256 1116 303 1142 καὶ
315 1116 420 1142 ἔννοιαν
431 1135 438 1148 ,
475 1114 540 1141 ἀλλὰ
567 1114 636 1146 τέως
655 1114 686 1140 τὸ
704 1115 770 1140 πᾶσι
788 1115 876 1140 κοινὸν

86 1163 211 1197 ὑπάρχον
228 1163 284 1193 τοῖς
309 1162 382 1193 ὅπως
398 1161 428 1196 δή
445 1169 508 1187 ποτε
524 1160 711 1195 δημιουργοῖς,
726 1160 787 1186 λίαν
803 1161 876 1186 ἐστὶν

85 1210 189 1236 ἄτοπον
204 1207 251 1234 καὶ
275 1207 371 1238 ἁσεῦὲς
386 1207 513 1241 ἀφαιρεῖν
535 1207 581 1232 ἀπ’
599 1206 694 1232 αὑτοῦ.
709 1206 742 1232 Τί
760 1204 806 1232 οὖν
819 1207 876 1232 ἐστι

86 1254 181 1286 τοῦτο;
200 1253 283 1280 Οὐδὲν
298 1253 352 1279 τῶν
365 1252 625 1288 δημιουργημάτων,
639 1251 684 1278 τὸν
712 1253 811 1278 οἰκεῖον
829 1253 876 1287 δη-

88 1300 222 1334 μιουργὸν
244 1299 431 1334 ἐπιμέμφεται
454 1298 502 1324 καὶ
530 1298 646 1330 εὐθύνει,
668 1297 726 1324 ἀλλ’
752 1298 877 1330 ἐξουσίαν

85 1347 144 1381 ἔχει
159 1345 274 1377 ἕκαστος
299 1344 476 1380 δημιουργὸς,
499 1345 675 1380 δημιουργεῖν
692 1343 730 1374 ὡς
754 1343 877 1378 βούλεται

87 1393 135 1418 καὶ
161 1391 300 1423 πλάττειν,
316 1391 362 1417 καὶ
378 1390 524 1421 ἀνεύθυνος
539 1391 624 1422 ἐστιν,
641 1390 687 1416 καὶ
699 1389 814 1424 μάλιστα
824 1389 877 1415 ὑπὸ

87 1437 145 1463 τῶν
160 1437 337 1471 πλασμάτων.
352 1436 432 1462 Ὥστε
454 1437 500 1462 καὶ
515 1437 558 1467 σὺ,
575 1437 599 1462 εί
616 1436 664 1462 καὶ
679 1435 715 1466 ὡς
730 1435 820 1469 λέγεις
831 1434 877 1460 οὗ·

88 1491 145 1515 τως
165 1483 317 1517 ἐπλάσθης,
344 1483 394 1509 οὐκ
417 1482 533 1515 ὀφείλεις
561 1481 716 1516 μέμφεσθαι
738 1481 754 1516 ἢ
773 1481 878 1508 ἀντιλέ-

88 1537 160 1563 γειν,
177 1530 249 1555 κατὰ
271 1528 317 1555 τὸν
346 1529 434 1555 κοινὸν
457 1527 511 1554 τῶν
534 1528 701 1561 πλασμάτων
721 1528 803 1562 νόμον
828 1527 875 1553 καὶ

87 1576 163 1610 ὅρον.
182 1585 192 1601 ι
211 1576 292 1608 Λέγει
310 1574 364 1610 γὰρ
383 1575 398 1609 ἡ
420 1574 514 1608 Γραξὴ
534 1574 572 1609 τῷ
593 1574 702 1609 Φαραώ,
732 1583 742 1599 ι
771 1575 818 1600 καὶ
841 1575 875 1600 τὰ

87 1619 494 1656 ὲξῆς.-[01ΚΟΥΜΕΝ1οΥ.1
510 1619 611 1646 Τούτου
629 1621 678 1654 τὴν
696 1620 783 1652 λύσιν,
802 1620 877 1646 κάτω

86 1668 174 1701 λέγει,
193 1667 243 1698 ὅτι,
265 1667 357 1701 φησιν,
373 1667 387 1691 ὁ
399 1665 509 1700 Φαραὼ,
529 1665 572 1692 διὰ
589 1664 637 1700 τὴν
657 1665 760 1691 οἰκείαν
777 1666 876 1691 κακίαν

87 1714 191 1740 ἔπαθεν
218 1713 290 1748 ἅπερ
312 1713 433 1745 ἔπαθεν,
462 1712 499 1744 ὡς
527 1713 573 1746 ὅγε
594 1712 659 1743 Θεὸς
687 1712 771 1738 σῶσαι
797 1712 877 1737 αὐτὸν

87 1757 180 1792 ἣθελε·
197 1756 341 1792 τοιγαροῦν
360 1757 407 1783 καὶ
421 1756 620 1791 ὲμακροθύμει,
636 1756 728 1791 χώραν
741 1757 814 1791 αὐτῷ
831 1765 878 1792 με·

89 1803 200 1833 τινοίας
215 1803 288 1834 δούς.
305 1813 313 1827 ε
330 1802 508 1837 Τὴνδᾷναμίν
524 1811 585 1836 μου.
608 1812 617 1828 ι
633 1803 752 1836 Δύναμις
765 1803 843 1836 Θεοῦ,
861 1804 878 1838 ἡ

90 1849 281 1884 μακροθυμία,
308 1849 353 1875 καὶ
371 1849 484 1883 δύναμις
507 1850 632 1883 μεγίστη.
650 1848 698 1879 Τίς
713 1848 767 1882 γὰρ
782 1849 831 1874 οὐκ
845 1849 878 1875 ἂν

90 1895 256 1928 ἐκπλαγείη,
285 1894 410 1920 τοσοῦτον
437 1894 700 1928 μακροθυμήσαντος
726 1894 774 1920 τοῦ
793 1894 878 1927 Geo-3;

88 1941 174 1976 Φησὶν
190 1938 247 1971 οὖν,
274 1941 314 1966 ὅτι
333 1941 378 1971 Et;
392 1939 470 1966 τοῦτό
491 1948 520 1966 σε
540 1939 737 1975 συγκεχώρηκα
751 1940 879 1976 βασιλεῦ-

90 1995 145 2018 σαι,
167 1986 243 2017 ὅπως
259 1985 336 2020 φανῶ
354 1985 542 2022 μακρόθυμος.

128 2042 138 2058 ι
154 2032 229 2066 Ἀρα
247 2030 293 2057 οὖν
312 2031 340 2057 ὃν
353 2030 424 2057 θέλει
434 2030 514 2061 ἐλεεῖ,
525 2039 534 2056 ι
551 2029 642 2056 καὶτὰ
653 2029 725 2065 ἑξῆς.
740 2030 792 2057 Τὸν
807 2030 881 2063 ἀξιον

90 2078 237 2108 ἐλεεῖσθαι,
252 2077 332 2109 ἐλεεῖ,
354 2077 400 2103 τὸν
414 2076 441 2103 δὲ
463 2076 580 2112 σκληρὸν
599 2077 646 2103 καὶ
670 2076 779 2112 ἀπειθῆ,
797 2078 880 2113 σκλη-

93 2125 136 2159 ρὸν
154 2123 227 2151 εἶναι
237 2124 380 2158 συγχωρεῖ.
395 2124 432 2149 Οὐ
443 2124 497 2158 γὰρ
510 2123 625 2158 κρίσεως
637 2123 651 2149 ό
671 2122 765 2158 παρὼν
776 2124 880 2159 καιρὸς,

91 2171 158 2199 ἀλλὰ
172 2170 308 2201 πολιτείας
319 2169 365 2196 καὶ
374 2169 621 2203 αὖτεξουσιότητος.
636 2169 672 2195 Τὸ
682 2169 734 2203 γὰρ
746 2171 880 2202 σκληρύ-

926 246 964 273 Ex
974 246 1089 274 adverso
1106 247 1266 282 respondes,
1289 247 1389 282 inquit,
1411 247 1489 282 quasi
1510 253 1623 276 coactus
1645 257 1710 284 pee-

925 300 1013 325 cares,
1025 297 1158 327 tanquam
1175 293 1220 320 ille
1234 293 1357 321 vinceret
1374 299 1427 321 tua:
1435 295 1598 322 sententiam
1616 296 1712 322 volun-

926 338 1000 371 tatis,
1029 343 1057 365 et
1073 339 1124 366 hac
1139 338 1166 365 in
1181 343 1259 374 parte
1277 344 1324 366 tuo
1340 339 1489 374 privareris
1507 339 1633 366 arbitrio.
1664 341 1711 368 At-

925 385 971 420 qui
984 386 1012 412 in
1028 386 1165 420 figmentis
1178 386 1334 420 quaelibera
1353 394 1408 412 non
1427 390 1502 417 sunt.
1518 394 1572 413 non
1586 386 1713 414 videmus

926 439 986 466 qua:
1004 437 1032 459 tu
1047 432 1123 459 facis.
1135 431 1182 458 Illa
1194 433 1220 459 in
1233 440 1298 459 suos
1313 432 1409 468 ﬁgulos
1424 441 1478 459 non
1492 433 1716 461 obmurmurant;

925 476 996 509 Quid
1009 485 1052 504 me
1068 477 1122 504 hoc
1133 478 1177 504 vel
1189 477 1236 504 illo
1254 477 1336 504 modo
1355 477 1464 504 fecisti?
1494 482 1542 504 aut
1561 485 1611 505 cur
1624 478 1659 505 ila
1684 483 1712 506 et

927 529 982 549 non
1001 522 1055 548 ita?
1067 522 1125 549 sive
1135 523 1259 554 omnino,
1275 523 1331 550 Cur
1340 530 1384 549 me
1395 522 1540 549 formasti!
1555 522 1596 550 Tu
1608 531 1671 550 vero
1683 529 1711 551 et

926 572 1022 595 contra
1033 567 1114 599 dicis,
1130 572 1156 595 et
1173 575 1270 595 causas
1286 568 1321 595 ab
1336 567 1438 602 Opifice
1451 568 1566 603 expetis.
1579 568 1660 596 Certe
1677 569 1712 596 li-

927 613 995 641 bero
1013 613 1130 641 arbitrio
1149 621 1205 640 non
1216 613 1345 648 privaris,
1365 619 1443 641 certe
1455 621 1510 640 non
1527 618 1638 641 coactus
1650 622 1713 649 pec-

927 667 986 687 cas.
998 659 1075 687 Juste
1093 660 1184 694 itaque
1199 664 1227 686 et
1246 660 1357 694 puniris
1372 663 1401 686 et
1421 660 1448 686 in
1469 660 1712 694 reprehensionem

928 705 1015 738 cadis,
1044 713 1106 733 cum
1125 706 1196 732 liber
1219 705 1257 732 sis
1275 713 1326 731 nec
1342 705 1425 732 facias
1442 713 1502 740 quae
1533 710 1649 740 oportet.
1680 707 1714 734 Et

929 752 986 780 haec
1004 752 1115 786 quidem
1133 751 1233 778 dehis.
1248 752 1332 778 Porro
1346 751 1419 785 quod
1439 750 1541 778 dicitur
1556 760 1563 777 τ
1584 762 1592 777 ι
1615 752 1713 779 Annon

929 799 1010 825 habet
1020 797 1310 832 potestatem,ﬁgulus,
1326 806 1335 822 ›
1347 801 1414 829 ete.,
1427 796 1501 824 aliud
1517 801 1559 826 est
1570 805 1714 832 argumen-

930 850 986 870 tum
1021 843 1054 870 ad
1084 843 1284 870 cohibitionem
1313 842 1474 869 adductum.
1507 842 1586 873 Dato,
1613 843 1713 877 inquit,

926 891 1003 925 juxta
1016 895 1093 917 tuum
1107 897 1262 917 sermonem
1282 889 1347 916 licet
1361 890 1416 924 jam
1447 888 1629 920 confulatum,
1640 888 1713 922 quod

928 936 998 963 liber
1020 943 1075 963 non
1091 935 1143 967 sis,
1156 935 1230 970 quod
1248 935 1364 962 Deusi'a
1380 939 1406 962 te
1426 934 1585 962 formaverit
1604 943 1609 960 :
1624 941 1714 968 neque

928 983 965 1010 ita
989 984 1092 1018 justum
1111 986 1154 1009 est
1169 982 1226 1009 Deo
1238 981 1440 1013 contradicere,
1475 980 1606 1015 illumque
1633 987 1714 1006 accu-

927 1036 1000 1056 sare.
1026 1028 1092 1054 Nam
1102 1028 1153 1055 etsi
1171 1027 1240 1054 nihil
1268 1027 1341 1054 aliud
1369 1026 1555 1061 prarogativre
1579 1025 1617 1052 illi
1635 1026 1716 1052 retrio

928 1073 1013 1100 buere
1024 1073 1104 1103 velis.
1122 1073 1169 1108 qui
1186 1080 1270 1107 supra
1300 1079 1410 1099 omnem
1427 1077 1469 1099 est
1483 1075 1511 1098 et
1534 1075 1656 1098 mentem
1685 1076 1714 1098 et

928 1126 1082 1146 sermonem
1099 1126 1108 1145 :
1122 1123 1149 1144 at
1168 1118 1264 1144 saltem
1280 1117 1352 1152 quod
1367 1116 1496 1143 omnibus
1513 1123 1659 1143 commune
1672 1119 1716 1142 est

928 1165 1047 1199 singulis
1058 1164 1309 1199 quomodocunque
1323 1170 1380 1189 rem
1396 1162 1599 1197 elﬁngentibus,
1617 1162 1714 1188 admo-

928 1212 993 1238 dum
1009 1211 1160 1238 absurdum
1193 1214 1235 1237 est
1258 1214 1285 1236 et
1301 1209 1415 1243 itnpium
1427 1209 1461 1235 ab
1479 1217 1512 1236 eo
1524 1208 1630 1235 tollere.
1643 1207 1714 1240 Quid

929 1258 1011 1292 igitur
1030 1256 1095 1283 illud
1109 1256 1175 1283 est?
1199 1255 1276 1288 Quod
1306 1254 1410 1281 nullum
1447 1254 1605 1288 ﬁgmentum
1634 1260 1714 1280 suum

927 1303 1033 1337 plasten
1050 1303 1156 1329 incusat
1178 1306 1225 1328 aut
1240 1300 1389 1334 redarguit,
1414 1299 1462 1326 sed
1493 1299 1608 1326 liberam
1633 1298 1715 1325 habet

928 1350 1098 1377 voluntatem
1117 1349 1232 1382 quisque
1253 1346 1344 1381 opifex
1366 1345 1473 1380 operari
1490 1349 1571 1379 prout
1597 1344 1715 1371 voluerit

928 1403 959 1422 ac
975 1396 1086 1430 lingere,
1103 1399 1130 1421 et
1150 1393 1323 1420 accusatione
1340 1391 1608 1426 vacat,potissimum
1621 1395 1714 1418 autem

928 1439 999 1474 apud
1016 1447 1047 1466 ea
1063 1447 1122 1474 qum
1136 1438 1223 1466 ﬁnxit.
1240 1438 1333 1472 Itaque
1347 1442 1375 1465 et
1392 1443 1421 1464 tu
1437 1438 1519 1464 etiam
1541 1436 1564 1464 si
1592 1440 1622 1463 ut
1642 1435 1713 1463 dicis

928 1485 1062 1512 formatus
1079 1485 1127 1516 sis,
1143 1492 1197 1511 non
1212 1483 1442 1519 debesindignari
1458 1488 1506 1510 aut
1520 1482 1714 1510 contradicere

926 1531 1002 1564 juxta
1031 1537 1205 1557 communem
1221 1529 1415 1564 ﬁgmentorum
1440 1529 1527 1563 legem
1543 1536 1574 1555 ac
1591 1528 1713 1554 modum.

931 1585 939 1602 ι
958 1576 1030 1603 Dicit
1061 1575 1203 1610 Scriptura
1229 1575 1375 1606 Pharaoni,
1396 1584 1404 1600 ι
1421 1579 1474 1601 etc.
1495 1573 1581 1609 Hujus
1604 1573 1716 1600 dilutio-

928 1631 990 1650 nem
1006 1622 1122 1649 inferius
1138 1621 1230 1652 habet,
1255 1620 1349 1648 dicens
1361 1620 1433 1655 quod
1449 1620 1484 1647 ob
1499 1620 1637 1654 propriam
1659 1627 1716 1646 ma-

928 1670 1013 1697 litiam
1038 1676 1134 1703 passus
1151 1672 1193 1695 est
1214 1667 1320 1695 Pharao
1332 1675 1393 1701 quae
1405 1674 1502 1701 passus
1513 1670 1565 1697 est,
1586 1670 1714 1700 tanquam

929 1714 1001 1741 Deus
1015 1721 1080 1739 sane
1103 1713 1180 1739 illum
1208 1712 1313 1739 salvum
1344 1712 1435 1739 facere
1451 1712 1570 1738 voluerit
1587 1719 1593 1737 :
1613 1711 1716 1737 idcirco

927 1759 1009 1786 etiam
1022 1758 1212 1793 longanimiter
1221 1757 1354 1785 tolerabat
1363 1757 1426 1784 dato
1437 1756 1632 1791 resipiscenlia:
1644 1757 1716 1783 loco.

931 1813 940 1830 ι
959 1804 1092 1831 Virtutem
1112 1811 1211 1834 meam,
1232 1813 1240 1829 ι
1262 1802 1308 1830 Dei
1324 1803 1412 1829 virtus
1441 1802 1637 1837 longanimitas
1653 1807 1694 1828 est
1707 1821 1715 1834 ,

928 1851 1055 1877 etvirtus
1073 1850 1201 1876 maxima.
1216 1849 1282 1882 Quis
1310 1848 1383 1875 enim
1406 1856 1461 1875 non
1486 1848 1647 1882 olnupeseat
1668 1847 1716 1874 ubi

929 1897 997 1924 adeo
1013 1897 1195 1932 longanimem
1206 1897 1277 1923 Deus
1288 1904 1348 1923 sese
1359 1895 1507 1930 prmbuerit
1520 1895 1531 1920 ?
1548 1895 1619 1921 Dicit
1628 1902 1694 1929 ergo
1707 1901 1716 1921 :

931 1943 956 1970 in
983 1943 1056 1970 hunc
1072 1943 1153 1970 ﬁnem
1170 1942 1296 1977 permisit
1324 1946 1350 1969 te
1371 1948 1484 1976 regnare
1516 1945 1547 1967 ut
1571 1947 1716 1974 appaream

929 1989 1102 2024 longanimis.

966 2034 1044 2070 331
1069 2035 1178 2069 «Itaque
1195 2033 1274 2069 cujus
1289 2034 1348 2061 vult
1363 2033 1520 2060 miseretur.
1537 2042 1546 2058 ι
1567 2036 1620 2059 etc.
1642 2030 1717 2058 Illius

931 2082 1077 2108 miseretur
1088 2080 1134 2116 qui
1153 2080 1328 2108 miseratione
1340 2079 1439 2115 dignus
1462 2083 1504 2106 est
1526 2087 1532 2105 :
1549 2078 1649 2105 durum
1665 2085 1717 2104 au-

932 2130 986 2154 tem
997 2130 1024 2154 et
1041 2131 1241 2158 contumacem,
1259 2126 1356 2152 durum
1373 2132 1433 2152 esse
1444 2124 1590 2159 permittit.
1624 2123 1717 2157 Neque

933 2173 1110 2209 enimjudicii
1127 2178 1247 2206 praesens
1264 2176 1370 2205 tempus
1383 2174 1435 2202 est,
1448 2170 1494 2197 sed
1512 2169 1600 2196 civilis
1616 2169 1717 2203 politim

91 2225 146 2248 νει,
165 2215 228 2243 ἀντὶ
253 2215 310 2248 τοῦ,
342 2215 374 2250 ἑᾷ
401 2215 481 2241 αὑτὸν
502 2214 618 2249 σκληρὸν
634 2212 880 2250 εἷναιμσυγχωρῶν

954 2228 964 2247 c
977 2219 1110 2246 libertatis
1118 2217 1236 2244 arbitrii.
1249 2217 1368 2243 Obdurat
1378 2220 1479 2247 autem,
1492 2215 1545 2242 hoc
1556 2220 1607 2247 est,
1617 2214 1718 2241 durum

93 2265 129 2295 εἰς
155 2263 187 2289 τὸ
211 2262 395 2294 αὐτεξούσιον.
418 2271 426 2287 ι
448 2262 496 2288 Ὃν
511 2261 538 2288 δὲ
551 2262 623 2288 θέλει
641 2261 798 2297 σκληρύνει,
819 2271 827 2286 ο
845 2277 879 2282 —-

93 2309 298 2344 ῙΙῬΗΓΟΡΙΟΥ
312 2307 473 2343 Νὶ¹ΣΣΗΣ,]
491 2307 528 2333 Τὸ
548 2307 729 2342 ὲσκληρῦνθαι
748 2308 822 2342 παρᾶ
833 2308 879 2333 τοῦ

93 2354 159 2382 Θεοῦ
173 2355 220 2381 τὸν
241 2354 389 2388 Αἰγύπτιον
405 2353 546 2388 τύραννον,
579 2354 627 2388 οὐχ
653 2353 690 2385 ὡς
708 2353 756 2388 τὴν
775 2354 880 2379 ἀντιτυ-

96 2402 161 2428 πίαν
174 2402 204 2428 ὲν
222 2402 255 2436 τῇ
282 2402 354 2436 ψυχῇ
381 2400 464 2426 αὐτοῦ
482 2400 531 2434 τῆς
557 2399 630 2431 θείας
643 2399 795 2434 βουλήσεως
811 2399 879 2425 ἐντι-

95 2447 186 2484 θείσης
201 2448 321 2482 νοητέον,
340 2446 396 2474 ἀλλ’
420 2446 457 2477 ὡς
484 2446 532 2480 τῆς
556 2447 752 2480 προαιρέσεως,
772 2446 815 2472 διὰ
829 2446 880 2481 τῆς

96 2492 161 2527 πρὸς
175 2492 226 2527 τὴν
254 2492 354 2519 κακίαν
374 2491 569 2527 προσ-κλίσεως,
593 2490 639 2517 τὸν
671 2491 879 2525 ἐκμαλάσσοντα

96 2538 142 2573 τὴν
153 2539 314 2565 ἀντιτυπίαν
322 2538 399 2571 λόγον
416 2538 445 2563 οὐ
461 2536 609 2572 δεχομένης
618 2551 651 2556 -
661 2535 879 2573 [11ΛΣ1ΛΕΙΟΥ.]

103 2584 282 2619 Ἐσκλήρυνεν
309 2585 323 2609 ὁ
353 2583 419 2613 Θεὸς
436 2583 481 2609 τὸν
503 2582 613 2617 Φαραὼ,
638 2583 671 2616 τῇ
701 2583 879 2619 μακροθυμίᾳ

97 2632 140 2656 καὶ
154 2632 187 2665 τῇ
201 2630 252 2665 τῆς
265 2630 399 2664 τιμωρίας
417 2629 544 2663 ἀναϐολῇ,
568 2627 710 2654 ἐπιτείνων
731 2628 813 2655 αὐτοῦ
831 2629 880 2664 τὴν

97 2676 202 2708 κακίαν,
226 2676 270 2703 ἱνα
287 2676 326 2707 είς
342 2676 387 2701 τὸν
407 2675 519 2709 ἔσχατον
539 2674 602 2709 ὅρον
618 2673 783 2708 αὐξηθείσης
797 2674 879 2701 αὑτοῦ

97 2722 142 2756 τῆς
153 2723 296 2757 πονηρίας,
315 2723 344 2748 τὸ
355 2722 459 2748 δίκαιον
473 2721 516 2746 ἐπ’
528 2719 602 2754 αὐτῷ
616 2719 664 2753 τῆς
679 2719 753 2751 θείας
765 2721 881 2755 κρίσεως

98 2768 210 2804 διαφανῇ
215 2789 221 2794 .

137 2815 226 2849 Ἐρεῖς
237 2812 294 2842 οὖν
313 2823 362 2848 μοι
376 2822 382 2828 ·
405 2814 434 2840 Tl
446 2821 491 2840 ετι
507 2812 670 2847 μέμφεταυ
688 2811 727 2844 τῷ
740 2813 794 2847 γὰρ
805 2813 880 2845 βου-

102 2859 205 2896 λήματι
221 2860 316 2888 αὐτοῦ
331 2860 376 2892 τίς
390 2859 577 2893 avocemus;
597 2857 716 2885 Μενοῦν
734 2866 775 2893 γε,
789 2856 812 2886 ὧ
829 2859 880 2886 ἄν·

930 2272 990 2292 essc
1004 2263 1078 2295 sinit,
1093 2262 1254 2297 permittens
1265 2261 1298 2288 ad
1307 2261 1414 2287 arbitrii
1430 2260 1595 2287 libertatem.
1617 2258 1716 2291 «Quem

930 2314 1021 2337 autem
1037 2309 1096 2336 vult
1117 2308 1245 2335 obdurat.
1265 2317 1273 2332 ι
1310 2321 1343 2327 --
1375 2306 1532 2341 Tyrannum
1559 2304 1717 2339 Egyptium

931 2354 1280 2385 adcoluisseobduratum,
1299 2357 1405 2379 nonest
1422 2351 1628 2385 intelligendum
1645 2349 1717 2384 quod

931 2403 1024 2429 divino
1036 2401 1150 2428 consilio
1162 2400 1189 2426 in
1205 2400 1265 2434 ejus
1291 2399 1410 2425 animam
1424 2398 1509 2432 posita
1524 2397 1560 2423 sit
1579 2396 1695 2423 durities
1709 2404 1715 2422 :

931 2449 978 2476 sed
994 2447 1067 2482 quod
1084 2447 1211 2473 voluntas
1241 2445 1277 2472 ob
1296 2444 1510 2472 inclinationem
1538 2443 1570 2469 ad
1596 2442 1695 2469 malum
1708 2461 1715 2472 ,

931 2502 984 2521 non
1000 2492 1152 2528 susceperit
1165 2499 1319 2518 sermonem
1349 2490 1396 2524 qui
1416 2489 1546 2516 duritiem
1569 2488 1715 2515 emolliret.

930 2539 1127 2567 —0bduravit
1151 2538 1223 2565 Deus
1250 2537 1432 2566 Pharaonem.
1460 2534 1666 2570 longanimitate
1685 2541 1717 2559 ac

931 2585 1057 2620 supplicii
1092 2584 1249 2611 detentione
1269 2589 1373 2617 augens
1404 2581 1478 2608 illius
1503 2580 1645 2610 malitiam,
1676 2583 1706 2604 ut

931 2634 1047 2660 adaucta
1062 2633 1090 2659 in
1102 2636 1255 2659 extremum
1273 2638 1358 2665 usque
1374 2629 1520 2656 terminum
1535 2627 1609 2654 illius
1624 2626 1716 2661 pravi~

932 2683 998 2711 tate,
1012 2677 1117 2714 justitia
1130 2677 1215 2704 divini
1225 2676 1322 2712 judicii
1337 2676 1363 2702 in
1379 2675 1468 2710 ipsum
1486 2677 1624 2708 appareat.

967 2812 1117 2845 1Χ,19-21.
1147 2811 1219 2838 Dices
1233 2819 1293 2845 ergo
1308 2810 1372 2836 mihi
1396 2807 1487 2840 :Quid
1516 2807 1600 2834 Iul/mc
1629 2804 1720 2841 queri-

933 2860 1000 2886 tur?
1014 2857 1142 2886 voluntati
1154 2858 1221 2884 enim
1236 2857 1292 2891 ejus
1301 2856 1357 2890 quis
1374 2854 1488 2881 restitit?
1502 2854 1589 2889 Atqui,
1606 2853 1722 2881 ohomo.
