1878 3054
158 139 211 172 515

683 134 883 166 (ECUMENII
899 131 1046 164 TRICC/E
1058 131 1229 162 EPISCOPI

1747 124 1814 157 516

151 201 180 223 tu
196 195 253 230 quis
264 202 290 221 es
304 194 351 230 qui
365 201 398 220 ex
410 193 519 220 adverso
530 191 688 227 respondeas
703 191 756 218 Deo
766 191 778 217 ?
789 190 858 217 Num
871 189 937 216 dicet

1026 195 1094 220 ωπε,
1116 188 1157 214 σὺ
1179 188 1225 219 τίς
1244 184 1272 213 εί
1287 187 1303 213 ὁ
1318 184 1610 219 ἀνταποκρινόμενος
1631 182 1672 215 τῷ
1704 180 1790 212 Θεῷ
1805 203 1813 213 ,

151 242 306 277 figmentum
317 241 341 267 ei
354 241 399 274 qui
411 247 439 266 se
453 239 545 272 finxit:
561 238 631 270 Quid
652 246 692 264 me
705 238 744 264 ita
769 236 876 271 fecisti?
897 235 939 263 An

150 296 204 315 non
218 287 293 314 liabet
308 289 461 321 potestatem
485 284 583 319 ﬁgulus
599 284 648 310 luti
681 291 713 310 ea:
737 283 827 310 eadem
851 291 940 309 massa

151 332 248 366 facere,
266 331 341 357 aliud
369 330 474 365 quidem
487 338 533 356 vas
565 329 591 356 in
615 330 752 360 honorent,
778 328 855 355 aliud
878 335 939 354 uero

152 377 180 403 in
195 377 369 411 ignominiam
383 376 395 402 .’

186 421 327 455 Tanquam
345 429 380 448 cx
406 419 587 455 consequenti
602 418 729 447 fortassis
752 418 828 446 dices
843 427 850 445 :
867 416 938 451 Quid

150 474 216 501 ergo
230 467 366 501 reliquum
385 470 428 494 est
441 465 513 500 apud
527 466 597 492 nos?
608 465 643 492 Ut
664 464 730 499 quid
744 464 798 499 jam
817 471 940 498 conque-

151 511 221 538 ritur
233 515 261 538 et
286 511 385 546 punit?
410 510 478 537 Nam
492 511 555 545 quis
577 510 682 537 resistit
694 510 754 544 ejus
768 508 884 536 consilio
907 515 940 535 ac

151 556 286 583 voluntati
301 557 312 583 ?
329 556 432 583 Deinde
447 563 478 583 os
495 556 551 583 illis
563 556 730 590 obturatqui
760 559 861 582 cuncta
890 553 939 581 Dei

149 609 232 636 opera
245 603 341 629 volunt
353 603 540 637 inquirere,et
547 610 643 629 eorum
660 606 734 628 certe
751 600 871 627 rationes
879 607 939 634 quae

149 649 207 683 ipse
223 649 288 676 facit
305 657 483 684 cognoscere.
508 649 548 676 0b
566 656 609 681 ea,
640 648 741 683 inquit,
763 655 824 682 quae
840 647 938 679 discis,

148 695 250 729 gratias
261 695 343 728 habe,
357 699 470 730 propter
487 695 533 721 illa
544 702 610 722 vero
624 701 686 729 quae
707 693 816 729 ignoras
844 701 878 720 ne
896 693 938 720 di-

148 739 255 771 scieris,
273 747 364 774 neque
383 739 511 774 exquiras
522 743 569 766 aut
591 739 700 765 curiose
711 738 852 769 scruteris,
880 745 940 765 cer-

149 784 255 811 tissime
277 793 447 820 cognoscens
474 785 546 819 quod
571 785 644 820 juste
672 790 802 819 rectaque
834 783 940 811 ratione

148 830 289 864 procedat,
304 838 460 865 quanquam
478 836 505 857 tu
516 838 627 857 causam
643 831 763 865 ignores.
790 830 825 863 Et
853 838 939 864 quan-

989 232 1037 265 Μίι
1050 232 1114 266 ἐρεῖ
1124 233 1157 259 τὸ
1172 231 1297 266 πλάσμα
1312 231 1352 263 τῷ
1364 230 1526 257 πλάσαντι·
1543 230 1617 264 Τίμε
1630 229 1817 261 ἐποίησας

989 277 1100 309 οὔτως;
1117 277 1156 304 ’Ἠ
1180 278 1235 304 οὐκ
1255 276 1317 311 ἔχει
1342 276 1489 308 ἐξουσίαν
1517 277 1535 302 ὁ
1552 274 1709 310 κεραμεὺς
1745 271 1815 299 τοῦ

990 323 1100 356 πηλοῦ,
1131 323 1165 349 ὲκ
1185 322 1239 350 τοῦ
1261 322 1355 349 αὑτοῦ
1376 322 1551 356 φυράματος
1581 321 1737 355 ποιῆσαι,
1772 320 1814 346 τὸ

987 367 1046 403 μὲν
1070 369 1113 401 είς
1132 368 1223 402 τιμὴν
1246 368 1369 401 σκεῦος,
1386 369 1418 396 τὸ
1431 369 1465 395 δὲ
1484 370 1527 402 εἰς
1547 368 1690 403 ὰτιμίαν;

1029 413 1074 444 Ὠς
1088 413 1117 445 ἐξ
1131 413 1290 445 ἀκολουθίας
1308 413 1371 445 ἴσως
1388 415 1470 449 ὲρεῖςο
1490 413 1522 439 Τί
1538 413 1585 440 οὖν
1603 413 1700 439 λοιπον
1723 408 1816 445 παρ’

970 460 975 465 '
989 458 1081 493 ήμᾶς;
1097 459 1129 485 Τί
1147 459 1186 485 ἔτι
1202 459 1339 494 μέμφεται
1354 459 1400 486 καὶ
1415 458 1524 490 κολάζει
1537 467 1546 492 ;
1564 458 1611 490 Τίς
1624 458 1680 494 γὰρ
1694 455 1815 484 αὐτοῦ

989 503 1147 530 ἀνθίσταται
1162 505 1195 540 τῇ
1215 504 1296 540 βουλῇ
1312 505 1359 531 καὶ
1383 504 1423 539 τῷ
1440 504 1592 538 θελήματι;
1623 501 1691 530 Εἶτα
1724 503 1812 528 ἐπι-

990 550 1112 585 στομίζει
1120 551 1183 581 τοὺς
1196 551 1300 581 πάντας
1311 549 1438 580 θέλοντας
1453 550 1549 585 μαθεῖν
1559 549 1577 576 ἃ.
1587 550 1660 576 ποιεῖ
1674 549 1689 574 ὸ
1701 547 1797 577 Θεὸς
1802 564 1812 578 ν

990 596 1107 627 καὶτοὺς
1122 596 1217 630 λόγους
1242 595 1332 623 αὐτῶν
1350 595 1435 630 ἡγουν
1450 595 1504 622 τῶν
1523 596 1697 631 πραγμάτων
1714 593 1813 620 εἰδέ-

989 649 1044 667 ναι.
1067 640 1152 675 ’Υπὲρ
1175 640 1227 676 γὰρ
1252 637 1290 667 ὧν
1309 641 1466 675 μανθάνεις,
1494 641 1586 676 φησιν,
1601 641 1683 675 χάριν
1716 640 1783 674 ἔχε
1798 647 1807 653 -

991 686 1060 721 ὑπὲρ
1095 683 1134 712 ὧν
1160 687 1285 720 ἀγνοεῖς,
1320 686 1357 722 μὴ
1386 686 1546 721 ὃυσχέραινε
1563 706 1570 718 ,
1600 686 1638 722 μὴ
1655 685 1807 718 ἐξέταζε,

992 731 1029 765 μὴ
1069 731 1316 766 πολυπραγμόνει,
1369 732 1522 765 γινώσκων,
1550 731 1811 767 πληροφοροὺμε-

990 786 1045 810 νος,
1075 778 1115 805 ὅτι
1136 778 1248 809 δικαίως
1268 778 1314 804 καὶ
1331 777 1401 804 κατά
1420 777 1501 812 ὀρθὸν
1525 777 1604 812 λόγον
1619 778 1804 812 προϐαίνει.

991 824 1042 850 κᾶν
1056 824 1088 850 σὺ
1097 825 1159 856 τοὺς
1168 824 1263 858 λόγους
1276 825 1386 859 ἀγνοῇς.
1405 824 1459 850 Καὶ
1475 824 1569 859 ἐπειδὴ
1583 823 1671 856 οὕτως
1682 824 1750 859 ἔχει
1763 825 1806 849 τὸ

148 875 298 910 doquidem
325 877 426 904 veritas
435 876 473 903 ita
486 876 618 908 sehabet,
637 879 664 903 tu
680 876 742 910 quis
759 883 800 908 es,
811 883 827 902 ο
844 875 937 908 homo,

1026 867 1100 902 ηθὲς,
1115 878 1124 893 ι
1140 868 1175 894 Σὺ
1188 868 1230 900 τίς
1246 866 1281 901 εἴ,
1298 865 1466 903 ὧᾶνθρωπε,
1480 869 1776 904 ἀνταποκρινόμενος.
1788 877 1800 885 -

148 921 195 955 qui
213 928 246 948 ex
265 922 381 949 adverso
400 923 456 949 Deo
472 922 644 957 respondes?
658 922 713 948 hoc
724 925 776 954 est,
803 928 940 956 repugnas

148 966 317 994 acdiscutis.
342 967 376 994 Et
393 967 463 995 bene
477 967 516 995 ait
534 975 541 993 ι
573 976 582 992 ι
600 966 641 993 Tu
666 966 730 1000 quis
743 973 773 993 es
786 965 799 992 ’ἶ
817 975 827 991 ι
847 970 939 992 utrum

149 1011 202 1045 ipsi
215 1012 308 1039 socius
325 1019 356 1040 es
371 1013 399 1039 in
410 1012 564 1047 principatu
577 1012 588 1038 ?
602 1012 727 1046 anjudex
741 1011 877 1045 quispiam
892 1011 940 1038 es?

153 1065 163 1082 ι
185 1057 256 1084 Num
270 1058 343 1085 dicet
356 1058 527 1093 ﬁgmentum.
549 1067 558 1084 ›
584 1058 644 1085 Non
671 1057 729 1084 hinc
747 1056 815 1084 dicit
843 1056 940 1084 tollens

148 1102 256 1129 arbitrii
282 1103 442 1131 libertatem
454 1124 461 1136 ,
495 1103 608 1131 minime
620 1103 742 1138 gentium
758 1123 765 1134 ,
780 1102 828 1130 sed
846 1106 940 1130 osten-

148 1146 217 1174 dens
228 1148 301 1182 quod
315 1149 445 1176 omnibus
457 1149 546 1177 modis
573 1149 630 1176 Deo
645 1148 839 1182 obtemperare
855 1155 940 1182 opor—

149 1197 216 1224 ῑεθι.
243 1201 400 1229 quanquam
416 1202 513 1222 eorum
543 1202 604 1230 quze
630 1194 701 1221 ﬁunt
720 1194 843 1221 rationes
862 1194 940 1229 igno-

149 1243 242 1264 remus
261 1246 268 1266 :
282 1238 355 1273 quod
372 1239 400 1266 in
414 1239 542 1274 petendis
558 1243 606 1266 aut
619 1246 674 1265 non
702 1238 829 1273 petendis
845 1246 858 1265 a
884 1238 940 1266 Deo

150 1281 303 1311 rationibus
312 1291 463 1319 eorumque
480 1283 654 1319 contingunt,
671 1284 752 1319 332
765 1283 939 1311 obedientem

149 1333 210 1356 eSSe
221 1329 592 1364 convcnitquemadmodum
609 1329 697 1355 lutum
708 1333 750 1355 est
767 1328 859 1363 ﬁgulo.
874 1337 883 1354 ι
898 1328 939 1355 An

150 1385 205 1404 non
221 1377 303 1404 habet
315 1380 478 1411 potestatem
495 1375 595 1410 ﬁgulus
617 1375 679 1402 luti.
699 1383 709 1399 ι
724 1374 822 1406 Habet,
838 1374 938 1409 inquit,

152 1426 317 1457 potestatem
334 1422 417 1453 Deus,
433 1420 481 1455 qui
495 1420 596 1447 excitat
613 1424 748 1453 mortuos,
762 1425 792 1447 ut
811 1420 862 1448 hos
878 1421 939 1455 qui-

150 1467 214 1494 dem
229 1467 261 1494 ad
276 1466 390 1502 gloriam
401 1466 512 1497 excitet,
531 1465 593 1492 illos
606 1472 672 1493 vero
688 1465 723 1493 ad
738 1465 937 1498 confusionem,

148 1513 225 1548 juxta
250 1512 459 1547 congruentiam
475 1519 570 1538 eorum
584 1519 646 1546 quae
659 1511 694 1538 ab
711 1519 878 1546 unoquoque
888 1511 939 1539 ho-

150 1560 224 1586 mine
234 1563 294 1585 aeta
308 1562 374 1585 sunt
387 1558 415 1584 in
426 1557 492 1584 vita.
516 1557 556 1584 lla
573 1557 657 1585 habet
678 1557 758 1585 divus
772 1557 936 1590 Methodius,

149 1604 225 1631 libro
241 1603 278 1630 De
289 1603 490 1630 resurrectione.
507 1611 516 1628 ι
531 1603 612 1630 Aliud
628 1603 740 1638 quidem
751 1603 837 1630 vasin
853 1603 940 1630 hono-

150 1657 220 1682 rem,
242 1649 317 1677 aliud
332 1656 398 1676 vero
416 1648 443 1675 in
472 1648 661 1684 ignominiam.
680 1658 689 1674 ι
713 1649 772 1676 Νοη
793 1649 865 1683 quod
890 1649 939 1676 hos

149 1694 261 1729 quidem
282 1694 380 1725 honos,
405 1694 474 1720 alios
499 1701 565 1720 vero
584 1693 760 1721 malosfaciat
772 1694 859 1721 Deus.
887 1694 939 1721 Ne-

150 1746 300 1773 quaquam,
317 1738 364 1765 sed
376 1742 474 1765 cuncta
502 1738 550 1765 Dei
562 1746 646 1773 opera
659 1739 730 1766 bona
743 1744 817 1771 sunt,
830 1739 938 1773 etquod

150 1784 185 1811 ad
201 1792 230 1811 se
254 1784 364 1815 attinet,
392 1783 444 1810 hoc
459 1788 511 1815 est.
526 1784 603 1820 juxta
622 1792 702 1810 suum
730 1784 816 1819 ipsius
848 1785 939 1811 consi-

151 1829 221 1857 lium
250 1836 283 1856 ac
308 1829 486 1860 voluntatem.
518 1837 613 1856 omnes
639 1830 721 1857 vellet
744 1831 843 1865 probos
868 1838 938 1863 esse,

152 1874 294 1901 studiosos
308 1882 340 1901 ac
354 1874 448 1902 ﬁdeles
465 1880 472 1901 :
487 1874 534 1902 sed
546 1875 629 1901 veluti
649 1882 682 1901 ex
701 1879 835 1909 potestate
857 1883 939 1910 quam

153 1919 237 1946 habet
253 1919 326 1947 Deus
356 1924 386 1947 ut
414 1920 497 1948 faciat
526 1928 586 1955 quae
605 1921 733 1953 voluerit,
750 1921 803 1949 hoc
824 1921 858 1948 ab
880 1923 940 1956 ipso

150 1966 255 1993 dictum
297 1970 351 1993 est.
376 1966 494 1994 Pulchre
523 1970 614 1993 autent
640 1973 671 1993 ac
696 1966 827 1994 decenter
848 1968 940 1994 omnia

150 2011 226 2043 facit,
245 2019 402 2046 quanquam
415 2019 466 2039 nos
480 2019 577 2038 causas
610 2011 779 2046 ignoremus.
810 2017 838 2040 et
867 2013 905 2040 ait
931 2019 938 2039 :

151 2056 388 2089 Quemadmodum
416 2057 516 2091 ﬁgulus
545 2056 620 2090 quod
646 2057 704 2084 vult
730 2057 805 2090 facit,
837 2059 940 2085 lutum-

150 2109 204 2137 que
216 2102 286 2129 nihil
300 2101 469 2130 contradicit
498 2106 545 2129 aut
559 2102 716 2130 sciscitatur
731 2111 737 2129 :
757 2103 794 2130 ita
810 2111 834 2130 ηε
845 2111 898 2138 quc
913 2108 941 2131 tu

990 913 1137 944 τουτέστιν,
1155 914 1169 940 ὁ
1191 914 1417 948 ἀντιτασσόμενος
1431 914 1480 941 καὶ
1496 915 1630 949 ὲρευνῶν;
1645 915 1746 942 Καλὸν
1761 914 1801 940 δὲ

990 957 1030 990 τὸ,
1045 967 1055 984 ι
1074 959 1109 985 Σὺ
1129 959 1170 990 τίς
1184 958 1220 992 εἷς
1237 968 1247 985 ι
1265 959 1412 991 Κοινωνὺς,
1429 961 1522 995 φησὶν,
1536 959 1559 986 εἷ
1567 961 1615 995 τῆς
1626 961 1715 996 ἀρχῆς
1731 960 1801 987 αὒ-

990 1002 1045 1037 τῷ;
1067 1003 1134 1029 ἀλλὰ
1150 1005 1247 1039 κριτής
1261 1013 1304 1036 τις
1329 1002 1367 1037 εἷ;
1390 1014 1398 1030 ι
1419 1005 1464 1040 Μὴ
1483 1007 1542 1040 ἐρεῖ
1553 1005 1583 1031 τὸ
1608 1005 1748 1040 πλάσμα;
1784 1015 1796 1030 ι

991 1048 1028 1074 υύ
1045 1049 1075 1075 τὸ
1089 1049 1259 1081 αὑτεξουσίον
1266 1050 1384 1085 ἀναιρῶν
1391 1050 1464 1083 λέγει
1477 1051 1576 1083 ταῦτα,
1589 1051 1680 1085 ἄπαγε
1691 1052 1697 1077 ί
1710 1051 1799 1077 ἀλλὰ

989 1094 1094 1125 δεικνὺς
1110 1095 1147 1126 ὡς
1172 1096 1240 1121 πᾶσι
1269 1096 1380 1130 τρόποις
1406 1095 1459 1131 χρὴ
1479 1095 1619 1122 πείθεσθαι
1645 1096 1686 1131 τῷ
1705 1096 1782 1130 Θεῷ

989 1142 1042 1169 κᾶν
1056 1143 1198 1177 ἀγνοῶμεν
1214 1144 1277 1174 τοὺς
1302 1143 1397 1177 λόγους
1412 1143 1467 1171 τῶν
1495 1145 1656 1179 γινομένων,
1685 1145 1730 1176 die
1758 1146 1796 1170 ὲν

989 1188 1027 1222 τῷ
1044 1196 1076 1221 γε
1094 1189 1220 1215 ἀπαιτεῖν
1237 1189 1290 1215 τῶν
1309 1189 1460 1224 γινομένων
1475 1190 1591 1222 εὐθύνας
1607 1191 1652 1217 τὸν
1674 1190 1748 1217 Θεὸν
1770 1191 1790 1225 ἦ

990 1233 1028 1268 μὴ
1040 1234 1176 1265 ἀπαιτεῖν,
1193 1235 1338 1262 πεπεῖσθαι
1355 1236 1497 1271 προσήκει,
1513 1235 1637 1272 καθάπερ
1660 1237 1674 1263 ὀ
1691 1236 1793 1271 πηλὸς

989 1279 1028 1314 τῷ
1043 1281 1167 1314 κεραμεῖ.
1183 1289 1192 1306 ι
1213 1281 1249 1307 Ἢ
1263 1281 1313 1307 οὐκ
1327 1281 1383 1315 ἔχει
1396 1280 1537 1316 ὲξουσίαν;
1556 1292 1564 1308 ι
1578 1282 1665 1317 Ἔχει,
1680 1283 1789 1317 φησὶν.

990 1323 1113 1356 ἐξουσίαν
1125 1326 1139 1351 ὁ
1155 1325 1220 1357 Θεὸς
1241 1326 1255 1352 ὁ
1279 1326 1393 1361 ἐγείρων
1411 1326 1475 1358 τοὺς
1492 1328 1617 1363 νεκροὺς,
1631 1328 1697 1359 τοὺς
1726 1328 1790 1363 μὲν

989 1369 1028 1400 εἰς
1037 1368 1126 1402 δόξαν,
1139 1371 1201 1402 τοὺς
1217 1371 1246 1397 δὲ
1263 1372 1303 1402 είς
1331 1371 1463 1407 αἰσχύνην
1492 1373 1607 1408 ἐγεῖραι,
1629 1374 1700 1399 κατά
1725 1375 1789 1409 τὴν

989 1413 1134 1448 ἀναλογίαν
1149 1414 1203 1441 τῶν
1214 1415 1321 1451 ἑκάστῳ
1336 1416 1471 1452 ἀνθρώπῳ
1483 1417 1668 1453 βεϐιωμένων.
1681 1419 1786 1451 Οὕτως

989 1460 1003 1486 ὁ
1016 1460 1045 1486 ἑν
1059 1460 1147 1494 ἁγίοις
1157 1461 1288 1492 Μεθόδιος
1308 1462 1336 1488 έν
1348 1462 1386 1497 τῷ
1401 1463 1472 1496 Περὶ
1484 1463 1680 1497 ἀναστάσεως
1693 1464 1786 1500 λόγῳ.

992 1514 1001 1531 ι
1034 1507 1068 1532 Ὃ
1090 1506 1139 1541 μὲν
1162 1507 1202 1538 εἰς
1225 1507 1308 1542 τιμὴν
1327 1508 1438 1542 σκεῦος,
1468 1509 1482 1535 ὂ
1505 1509 1532 1536 δὲ
1552 1511 1591 1540 είς
1618 1511 1743 1546 ἀτιμίαν.
1772 1522 1783 1536 ι

991 1551 1048 1578 Οὐκ
1071 1551 1167 1588 ἐπειδὴ
1182 1553 1245 1584 τοὺς
1265 1553 1315 1588 μὲν
1330 1553 1460 1588 ἀγαθοὺς,
1476 1555 1538 1586 τοὺς
1551 1555 1580 1582 δὲ
1595 1556 1624 1582 οὐ
1638 1556 1785 1587 τοιούτους

992 1598 1065 1623 ποιεῖ
1082 1598 1096 1623 ὁ
1110 1598 1188 1630 Θεὸς,
1205 1598 1313 1632 ἀπαγει
1331 1599 1400 1626 ἀλλὰ
1419 1600 1506 1627 πάντα
1531 1601 1581 1636 μὲν
1595 1601 1629 1628 τὰ
1643 1602 1692 1628 τοῦ
1705 1603 1781 1629 Θεοῦ

992 1644 1108 1678 χρηστά,
1124 1644 1194 1678 πρὸς
1208 1645 1313 1676 πάντας
1331 1646 1419 1678 κοινὰ,
1436 1647 1483 1674 καὶ
1497 1647 1527 1674 τό
1548 1655 1580 1682 γε
1593 1645 1660 1683 ἧκον
1675 1649 1716 1680 εἰς
1730 1651 1785 1675 αὐ-

991 1689 1047 1721 τὸν,
1061 1690 1184 1717 τουτέστι
1209 1691 1280 1718 κατά
1296 1692 1345 1727 τὴν
1360 1693 1458 1719 ἑαυτοῦ
1473 1693 1569 1728 βουλὴν
1588 1693 1635 1720 καὶ
1654 1693 1782 1729 θέλησιν,

991 1734 1116 1761 έῦούλετο
1141 1736 1245 1767 πάντας
1262 1737 1437 1772 εὐδοκιμεῖν,
1467 1738 1515 1764 καὶ
1536 1738 1682 1774 ἐναρέτους
1705 1737 1780 1766 εἶναι

991 1781 1039 1807 καὶ
1053 1781 1175 1812 πιστούς.
1198 1782 1268 1808 Ἀλλ’
1287 1782 1326 1814 ὡς
1346 1783 1415 1818 πρὸς
1431 1783 1479 1819 τὴν
1497 1783 1620 1816 ἐξουσίαν
1641 1785 1674 1819 ἢν
1690 1784 1750 1820 ἔχει
1767 1788 1781 1812 ὁ

991 1826 1056 1858 Θεὸς
1075 1828 1160 1853 ποιεῖν
1174 1828 1192 1855 ἃ
1206 1827 1340 1862 βούλεται,
1355 1829 1432 1856 τοῦτο
1446 1830 1520 1864 αὐτῷ
1531 1831 1649 1866 εἴρηται.
1663 1832 1781 1861 Πάντω;

991 1872 1020 1898 δὲ
1034 1873 1125 1904 καλῶς
1139 1875 1187 1900 καὶ
1193 1874 1352 1909 πρεπόντως
1361 1876 1444 1908 ποιεῖ,
1453 1875 1505 1902 κᾶν
1517 1877 1598 1911 ἡμεῖς
1609 1876 1671 1907 τοὺς
1680 1876 1781 1910 λόγους

991 1919 1192 1954 άγνοῶμεν,καί
1203 1928 1294 1955 φησιν·
1305 1921 1409 1957 Ὠσπερ
1418 1923 1431 1947 ὁ
1439 1923 1576 1957 κεραμεὺς
1586 1922 1600 1948 ὃ
1609 1922 1681 1949 θέλει
1694 1925 1778 1953 ποιεῖ.

992 1967 1038 1992 καὶ
1053 1967 1067 1992 ὀ
1079 1966 1162 2001 πηλὸς
1170 1967 1247 1993 οὐδὲν
1264 1967 1426 2002 ἀντιλέγειῆ
1442 1969 1670 2003 περιεργάζεται·
1688 1969 1781 2000 οὕτως

993 2011 1060 2046 μηδὲ
1069 2012 1113 2044 σὺ,
1125 2013 1202 2047 φησι,
1222 2014 1414 2048 περιεργάζου,
1423 2015 1439 2048 ἢ
1451 2015 1555 2048 ἀγνοῶν
1571 2015 1743 2049 δυσχέραινε,
1762 2016 1780 2041 ά

991 2058 1024 2084 ἂν
1039 2059 1053 2084 ὁ
1069 2058 1133 2090 Θεός
1148 2067 1177 2085 σε
1191 2060 1296 2093 ἀγνοεῖν
1314 2060 1453 2094 βούληται.
1466 2061 1518 2086 Καὶ
1536 2061 1631 2094 ἄγνοια
1651 2070 1694 2088 σοι
1706 2063 1780 2089 πάν-

994 2112 1048 2135 τως
1063 2104 1207 2139 συμφέρεν
1224 2104 1240 2139 ἢ
1257 2105 1310 2140 γὰρ
1320 2105 1352 2131 ἂν
1362 2105 1502 2140 ἐδιδάχθης
1517 2108 1556 2138 εἰς
1567 2106 1584 2133 ἀ
1594 2108 1644 2134 οὐκ
1661 2109 1778 2142 Εμαθτς,

149 2146 258 2174 curiose
272 2148 404 2175 scruteris
427 2152 475 2174 aut
495 2147 654 2175 discutieris
670 2148 742 2182 quod
757 2148 803 2175 illa
820 2149 930 2183 ignores
961 2157 1023 2184 quae
1048 2150 1120 2177 Deus
1149 2154 1174 2177 te
1193 2151 1311 2177 voluerit
1331 2151 1468 2186 ignorare.
1493 2152 1600 2179 Etenim
1622 2153 1779 2188 ignorantia

151 2192 199 2218 tibi
221 2193 334 2219 omnino
347 2193 421 2227 utilis
432 2199 473 2220 est
488 2197 496 2219 ‘.
511 2193 614 2228 alioqui
626 2192 741 2220 edoctus
755 2201 830 2220 esses
847 2193 875 2220 in
892 2194 935 2221 his
954 2202 1015 2229 quae
1032 2203 1086 2222 non
1098 2195 1276 2230 intelligeres.

186 2238 231 2270 ΙΧ,
245 2239 340 2266 22-24.
359 2238 435 2272 Quod
450 2240 474 2266 si
498 2239 568 2266 Deus
591 2239 678 2266 uolens
700 2240 834 2267 ostendere
856 2241 937 2273 iram,

1026 2243 1061 2269 El
1081 2242 1116 2268 δὲ
1134 2243 1230 2269 θέλων
1249 2244 1265 2268 ό
1284 2242 1355 2275 Θεὸς
1374 2243 1565 2275 ἐνδείξασθαι
1587 2245 1643 2278 τὴν
1666 2246 1776 2280 ὀργὴν,

149 2289 172 2310 et
185 2288 274 2310 notam
290 2284 376 2318 facere
388 2286 533 2320 potentiam
544 2293 632 2316 suam,
646 2287 709 2312 tulit
725 2287 809 2313 multa
821 2287 941 2322 longani-

149 2330 242 2355 mitate
258 2337 324 2356 vasa
335 2331 382 2356 ira:
411 2335 548 2365 apparata
573 2332 600 2358 in
614 2333 751 2359 interitum
762 2341 772 2365 ;
783 2337 807 2359 et
822 2337 850 2359 ut
863 2338 940 2360 notas

150 2376 246 2410 faceret
259 2376 365 2402 diuitias
372 2375 463 2410 gloria:
478 2385 534 2403 sure
556 2377 583 2403 in
599 2386 663 2404 vasa
677 2379 867 2407 misericordiw
881 2388 940 2415 qua:

149 2422 312 2456 prwparavit
331 2422 357 2448 in
377 2421 492 2455 gloriam
505 2431 514 2450 :
527 2431 592 2458 quos
618 2427 643 2450 et
667 2425 780 2456 vocavit,
812 2425 940 2451 nimirum

152 2475 198 2494 nos
233 2475 243 2494 .'
283 2476 336 2494 non
369 2469 455 2495 solum
482 2477 514 2496 ea:
540 2469 650 2502 Judwis,
682 2478 772 2497 verum
797 2471 877 2497 etiam
911 2477 943 2497 ea:

151 2513 280 2547 ιιιηιίίνιιε.

185 2558 433 2594 Longanimitatcm
459 2560 545 2587 voluit
556 2561 717 2594 Ostendere,
734 2561 782 2589 sed
809 2561 874 2596 quia
889 2561 937 2587 Dei

148 2604 357 2640 longanimitate
367 2605 400 2633 ad
414 2606 497 2633 vitam
507 2606 668 2641 flagitiosum
685 2608 787 2634 abusus
796 2612 848 2638 est,
861 2606 940 2634 dein-

149 2656 212 2684 ceps
231 2649 314 2677 etiam
327 2650 394 2678 iram
412 2650 542 2678 ostendit.
559 2660 567 2676 ι
581 2650 761 2685 Videjudicia
774 2649 831 2677 Dei.
852 2659 862 2675 ι
883 2649 938 2676 Ali-

150 2700 200 2722 ter.
224 2697 276 2724 Per
289 2697 342 2724 hoc
356 2697 430 2732 quod
443 2697 482 2724 ait
498 2705 505 2724 :
520 2706 530 2722 ι
552 2696 631 2729 Quod
646 2697 670 2724 si
692 2697 765 2723 Deus
783 2697 878 2723 volens
894 2703 938 2723 os-

150 2744 274 2777 tendere,
291 2754 300 2770 ›
315 2749 362 2771 aut
372 2745 449 2779 prius
461 2748 653 2778 argumentum
665 2743 798 2775 declarat,
812 2743 937 2778 pluribus

151 2790 218 2817 illud
235 2790 354 2817 dilatatis
378 2790 607 2820 acmanifcstans,
633 2794 681 2816 aut
706 2790 814 2824 proprie
839 2789 872 2816 ad
905 2797 936 2817 ea

150 2843 210 2870 qua:
224 2836 297 2863 dicta
317 2842 382 2864 sunt
416 2837 533 2863 alterum
548 2835 663 2869 inducit,
677 2837 750 2872 quod
770 2836 859 2864 eidem
878 2844 936 2864 scr-

990 2288 1039 2315 καὶ
1054 2288 1196 2323 γνωρίσαι
1214 2288 1246 2314 τὸ
1258 2287 1389 2314 δυνατὸν
1399 2289 1501 2321 αὑτοῦ,
1520 2290 1648 2325 ἤνεγκεν
1662 2292 1779 2320 erch-

990 2334 1031 2368 λῇ
1054 2335 1240 2368 μακροθυμίᾳ
1264 2334 1358 2367 σκεύη
1380 2334 1471 2369 ὀργῆς
1495 2337 1716 2371 κατηρτισμένα
1733 2341 1778 2371 εις

991 2379 1160 2406 ἀπώλειανο
1189 2378 1238 2404 και
1267 2378 1318 2404 ἵνα
1337 2380 1468 2413 γνωρίσῃ
1488 2380 1542 2406 τὸν
1565 2381 1699 2409 πλοῦτον
1721 2382 1777 2416 τῆς

991 2423 1085 2456 δόξης
1095 2422 1188 2449 αὐτοῦ
1203 2422 1253 2449 ἐπὶ
1270 2423 1365 2455 σκεύη
1380 2423 1488 2456 ἐλέους
1512 2423 1532 2450 ἂ
1549 2426 1778 2461 προητοίμασεν

991 2469 1034 2500 εις
1057 2467 1167 2498 δόξαν·
1189 2467 1243 2500 οὓς
1270 2467 1320 2494 καὶ
1341 2467 1499 2500 ἐκάλεσεν,
1518 2468 1657 2503 ἡμᾶς,οὑ
1678 2473 1777 2506 μόνον

991 2513 1026 2545 ἐξ
1046 2512 1208 2544 Ἰουδαίων,
1227 2512 1308 2539 ἀλλὰ
1328 2513 1378 2539 καὶ
1396 2513 1431 2544 ἐξ
1457 2513 1562 2541 ἐθνῶν.

1026 2558 1227 2593 Μακροθυμίαν
1249 2559 1382 2594 ἠθέλησεν
1412 2559 1592 2593 ἐνδείξασθαι,
1606 2561 1663 2588 ἀλλ’
1681 2563 1775 2598 ἐπειδὴ

989 2605 1029 2635 εις
1050 2603 1180 2630 ἀπόνοιαν
1208 2605 1240 2639 τῇ
1265 2605 1441 2640 μακροθυμίᾳ
1467 2605 1513 2633 τοῦ
1531 2607 1599 2633 Θεοῦ
1628 2608 1775 2643 ἐχρήσατο,

989 2651 1036 2676 καὶ
1064 2650 1156 2676 λοιπὴν
1180 2651 1264 2686 ὀργὴν
1285 2651 1444 2684 ἐνεδείξατο.
1461 2662 1470 2678 ι
1491 2653 1561 2688 Ὅρα
1589 2654 1625 2680 τὰ
1648 2655 1773 2689 κρίματα

990 2695 1037 2722 τοῦ
1056 2695 1135 2723 Θεοῦ.
1151 2706 1160 2722 ι
1172 2712 1206 2717 -—
1223 2697 1278 2724 Kal
1292 2697 1402 2730 ἄλλως.
1418 2697 1518 2734 [ΦΩΤ.]
1534 2699 1579 2731 Τὸ,
1600 2708 1610 2725 ι
1630 2700 1660 2726 El
1683 2700 1712 2727 δὲ
1729 2700 1774 2727 θέ-

990 2741 1043 2769 λων
1059 2743 1073 2768 ὁ
1089 2743 1154 2774 Θεὸς
1168 2743 1348 2775 ἐνδείξασθαι,
1365 2753 1375 2770 ι
1403 2744 1419 2779 ἥ
1437 2744 1484 2770 τοῦ
1503 2745 1554 2780 πρὸ
1571 2745 1654 2772 αὑτοῦ
1669 2746 1774 2781 ἐπιχει-

991 2789 1113 2825 ρήματος
1139 2790 1224 2823 ἐστινι
1235 2788 1438 2823 ὲξαγγελτιχδν,
1463 2791 1508 2817 διὰ
1533 2791 1663 2818 πλειόνων
1685 2792 1774 2819 ἐκεῖνο

991 2836 1125 2862 πλατύνον
1137 2835 1184 2862 καὶ
1198 2834 1380 2870 ἀπαγγέλλον,
1396 2835 1413 2870 ἢ
1430 2836 1502 2867 ἰδίως
1516 2836 1584 2871 πρὸς
1600 2838 1654 2869 τοῖς
1663 2837 1774 2873 εἰρημέ-
