1889 3055
169 169 223 200 5ξῦ

704 170 902 200 (ECUMENII
922 170 1066 201 TRICCl-E
1082 170 1254 201 EPJSCOI’I

1744 178 1801 207 526

169 230 250 251 verso
268 222 337 249 ﬁunt
350 221 413 249 ﬁdei
428 229 459 249 ac
475 222 634 266 Etangelii?
649 223 750 250 Verum
769 223 888 250 dicimus
904 223 944 258 pri

1018 222 1062 249 οὐκ
1076 222 1127 257 ἔφη
1147 223 1190 249 διὰ
1212 224 1261 257 τῆς
1278 223 1395 256 πίστεως
1411 224 1465 251 τῶν
1483 225 1511 257 ἐξ
1527 227 1610 253 ἐθνῶν
1634 229 1810 264 παρειζηλοῦν

167 277 243 296 mum
261 268 334 303 quod
357 276 412 295 non
427 268 538 299 dixerit.
564 277 614 303 per
628 269 708 296 ﬁdem
730 277 827 295 eorum
853 269 899 304 qui
924 277 957 296 ex

166 314 297 349 gentibus
319 318 400 340 erant
419 313 529 340 Judteos
551 314 585 341 ad
608 314 792 341 aemulandum
813 315 959 348 provocari

165 360 208 386 vel
226 359 338 390 imitari,
352 358 399 385 sed
412 366 461 393 per
472 359 524 385 hoc
536 359 608 393 quod
627 365 722 394 gentes
734 360 957 395 gloriﬁcarentur

166 412 193 432 ct
208 405 396 432 laudarentur.
413 404 505 432 Gloria
522 405 596 432 enim
616 410 644 432 et
660 405 720 433 laus
737 406 858 441 gentium
879 406 959 433 insti-

165 456 260 485 gatura
271 454 331 476 erat
347 450 408 477 illos
420 453 448 476 et
462 450 496 476 ad
507 451 711 478 aemulationem
726 458 757 478 ac
774 451 955 479 imitationem

165 499 360 530 provocatura.
375 495 433 522 Non
453 499 517 522 sunt
535 496 627 530 itaque
642 497 779 523 contraria
798 497 832 523 ad
848 504 876 524 se
890 497 958 524 invi-

164 549 224 568 cem
241 549 301 576 quae
317 541 388 568 dicta
403 545 477 568 sunt.
492 542 620 569 Secundo
634 547 726 569 autem
740 552 746 569 :
758 543 854 578 Neque
868 552 957 571 enun-

166 587 258 614 tiativc
276 587 346 614 dixit
362 587 436 622 quod
463 587 498 614 ad
519 588 705 615 mmulandum
732 587 957 622 provocabantur

162 633 260 664 Judaei,
283 633 331 660 sed
347 633 475 668 ambigue
486 634 629 666 vacillans,
650 634 794 660 aitenim:
817 643 825 658 ι
843 633 870 660 Si
885 641 958 668 quo-

163 678 244 705 modo
259 678 291 705 ad
311 678 494 705 aemulandum
518 687 665 713 provocem
684 686 795 706 carnem
812 687 900 706 meam
919 688 925 704 :
944 688 952 705 ι

162 732 193 750 ac
209 724 230 750 si
246 723 321 750 dicat
342 733 348 750 :
367 733 375 749 ι
391 723 532 750 Forsitan»
547 724 589 750 vel
604 724 738 751 Fortassis
755 723 811 751 ﬁet.
829 724 959 757 Quamvis

162 769 246 795 etiam
261 768 378 795 dixisset
399 776 448 802 per
466 769 575 795 illorum
598 769 690 799 ﬁdem,
709 773 738 796 et
754 777 809 796 non
828 777 878 804 per
892 770 952 804 glo-

161 814 230 840 riam
248 819 276 840 et
294 813 388 840 laudes
411 813 443 840 ad
468 814 654 841 aemulandum
674 814 819 848 provocari
833 814 953 846 Judazos,

164 867 254 894 neque
276 859 313 886 ita
336 867 427 886 sermo
451 859 503 886 sibi
529 864 672 894 pugnaret.
697 858 805 887 Etenim
836 867 886 894 per
901 860 952 886 hoc

1011 270 1058 295 καὶ
1081 270 1221 304 μιμεῖσθαι
1241 271 1305 301 τοὺς
1321 270 1475 303 Ἰουδαίους,
1500 273 1567 299 ἀλλὰ
1586 274 1630 300 διὰ
1649 274 1678 301 τὺ
1697 275 1811 308 δοξάζεο

1012 313 1073 340 σθαι
1086 314 1195 346 αὐτοὺς,
1213 315 1257 341 διὰ
1274 315 1304 342 to
1320 316 1499 344 ἐπαινεῖσθαι.
1521 319 1553 344 'H
1564 319 1619 354 γὰρ
1642 320 1705 353 δόξα
1728 322 1776 348 καί
1795 323 1810 348 ὁ

1014 359 1124 391 ἔπαινος
1138 361 1152 386 ὁ
1167 361 1207 391 εἰς
1223 361 1285 392 τοὺς
1301 360 1330 393 ἐξ
1347 361 1443 395 ἐθνῶν,
1467 363 1619 398 ἀνερεθίσει
1635 366 1734 397 αὐτοὺς
1759 367 1808 393 καὶ

1009 406 1050 436 εἰς
1067 405 1146 440 ζῆλον
1162 407 1208 432 καὶ
1225 407 1341 441 μίμησιν
1363 409 1560 442 παρακαλέσει,
1574 410 1644 436 ὥστε
1656 412 1706 438 οὐκ
1724 413 1808 438 ἐναν-

1010 451 1055 476 τία
1071 451 1143 476 ἐστὶν
1168 451 1293 486 ἀλλήλοις
1312 452 1347 479 τὰ
1373 453 1515 489 εἰρημένα.
1540 456 1671 492 Δεύτερον
1688 457 1725 488 δὲ,
1743 458 1808 484 οὐδὲ

1011 496 1081 522 κατὰ
1097 497 1248 530 ἀπόφανσιν
1264 497 1325 533 ἔφη,
1352 499 1393 525 ὅτι
1421 501 1666 535 παραζηλώσωςιν
1693 503 1718 528 οι
1737 503 1808 529 Ἰου-

1011 542 1090 570 δαῖοι.
1104 543 1161 569 ἀλλ’
1177 543 1335 578 ἀμφιϐόλως
1349 545 1492 578 διστάζων.
1514 548 1561 574 «Et
1576 556 1634 580 πως
1645 549 1708 583 γὰρ,
1725 551 1804 583 φησι,

1012 588 1203 623 παραζηλώσω
1224 599 1274 624 μου
1295 590 1344 626 τὴν
1361 592 1459 626 σάρκα.
1481 601 1491 618 ι
1520 590 1592 625 Οἷον,
1611 594 1699 625 Ἴσως,
1720 595 1804 630 τάχα.

1012 633 1093 659 Ὥστε
1117 634 1140 659 εί
1150 635 1196 660 καί
1210 635 1253 661 διὰ
1272 636 1321 670 τῆς
1339 637 1427 663 αὐτῶν
1444 638 1571 669 πίστεως,
1584 639 1643 673 οὐχὶ
1656 639 1683 665 δὲ
1697 640 1740 666 διὰ
1754 642 1806 675 τῆς

1009 678 1088 712 δῦξης
1104 680 1150 706 καὶ
1162 680 1217 706 τῶν
1237 681 1356 708 ἐπαίνων
1374 682 1451 716 ἔλεγε
1471 684 1646 718 παραζηλοῦν
1661 686 1804 716 1435;102—

1010 723 1110 757 δαίους,
1126 727 1180 752 οὐδ’
1197 727 1282 758 οὕτως
1300 729 1425 763 ἐμάχετο.
1443 729 1491 756 Διὰ
1504 730 1552 764 μὲν
1572 731 1625 766 γὰρ
1640 731 1685 757 τοῦ
1699 733 1802 762 εἰπεῖν,

1013 778 1021 793 ¹
1041 769 1149 804 Ἐχθροὶ
1178 771 1213 797 δι’
1241 773 1322 806 ὑμᾶς,
1340 783 1348 799 ι
1369 774 1422 799 τῶν
1439 775 1573 801 Ἰουδαίων
1597 777 1646 810 τὴν
1672 777 1803 803 ἀπιστίαν

1009 813 1093 847 λέγει,
1111 816 1158 842 καὶ
1182 816 1231 851 τὴν
1249 818 1348 848 αἰτίαν,
1366 818 1399 844 δι’
1422 819 1455 854 ἦν
1476 820 1653 855 σφοδρότερον
1677 822 1804 856 ἀπεχθά-

1009 869 1099 888 νονται
1119 864 1151 897 τῇ
1170 864 1270 890 πίπτει.
1284 865 1333 890 Διὰ
1351 865 1378 891 δὲ
1393 865 1450 897 τοῦ,
1469 875 1478 891 ‹
1491 866 1524 892 Εἴ
1538 876 1593 898 πως
1608 866 1804 902 παραζηλώσω

162 904 236 937 quod
251 903 290 930 ait
306 913 312 930 :
333 913 341 929 ι
363 904 468 930 Inimici
486 909 599 939 propter
615 912 673 936 vos,
698 914 707 929 ι
729 904 946 931 incredulitatem

1018 915 1058 932 tou
1076 908 1124 941 τὴν
1142 910 1238 942 σάρκα,
1257 919 1265 934 ι
1285 911 1332 943 τὴν
1351 910 1418 936 ἰδίαν
1433 911 1602 938 ἐνδείκνυται
1618 913 1735 947 σπουδὴν
1752 914 1804 939 καὶ

162 949 229 976 dicit
241 949 398 977 Judteorum
414 954 441 976 et
456 957 564 976 causam
580 955 694 984 propter
709 958 789 984 quam
803 951 952 978 vehemen-

161 994 218 1021 tius
243 994 308 1021 odio
330 994 463 1021 haberent
487 994 578 1021 (idem.
603 995 655 1021 Per
679 995 747 1022 illud
767 999 870 1026 autem,
892 1005 900 1020 ι
924 995 953 1023 Si

161 1049 216 1074 quo
227 1040 306 1067 modo
316 1040 349 1067 ad
357 1040 539 1067 :emnlandum
548 1048 694 1075 provocem
705 1049 816 1068 carnem
828 1049 927 1074 meam,
942 1051 951 1068 ›

161 1094 239 1112 suum
262 1086 383 1114 studiu-n
400 1086 520 1113 ostendit
541 1086 684 1121 animique
701 1087 950 1122 promptitudinem

160 1139 242 1165 quam
261 1131 379 1158 habebat
402 1136 433 1157 ut
455 1132 544 1159 salvos
571 1131 674 1159 faceret
695 1132 742 1166 qui
767 1140 800 1159 ex
824 1133 952 1167 gentibus

159 1186 248 1208 erant.
267 1181 300 1207 Et
318 1185 418 1215 praeter
434 1188 464 1207 ea
480 1188 540 1215 qua-
552 1180 625 1207 dicta
640 1184 719 1211 sunt,
740 1188 830 1215 neque
850 1181 886 1207 ita
900 1189 952 1215 pu-

159 1231 273 1261 gnarent
293 1227 361 1253 dicti
393 1234 544 1257 sermones.
577 1227 685 1253 etiamsi
707 1230 857 1261 utrumque
875 1226 946 1253 adir-

159 1273 259 1300 mando
269 1273 392 1300 dixisset.
406 1272 480 1299 Nihil
493 1267 566 1299 enim
580 1276 686 1299 vetaret
708 1272 842 1306 quosdam
853 1279 949 1298 eorum

160 1319 206 1353 qui
222 1319 408 1346 credidissent
430 1318 574 1353 instigatos
592 1318 676 1345 fuisse
692 1318 818 1351 gentium
837 1317 901 1349 (ide,
922 1322 953 1344 ut

159 1365 357 1392 :mnularentur
369 1369 396 1392 et
420 1365 566 1392 crederent
582 1373 588 1390 :
608 1372 773 1399 rursumque
789 1365 890 1391 multos
903 1364 951 1398 qui

160 1419 213 1437 non
230 1410 415 1442 crediderant,
437 1410 625 1445 indignatione
638 1414 666 1437 et
678 1410 741 1437 odio
754 1409 886 1436 adversus
903 1417 952 1436 eos

163 1457 209 1491 qui
226 1465 241 1484 e
256 1457 384 1491 gentibus
394 1461 481 1490 erant,
495 1457 622 1484 duriores
637 1457 792 1484 l‘aclosesse
804 1455 949 1489 minusque

159 1505 306 1531 credentes
328 1504 492 1539 evangelicae
517 1502 707 1538 prtedicationi
736 1511 742 1528 :
769 1502 854 1529 veluti
884 1502 950 1535 ipsis

159 1557 268 1584 quoque
286 1549 369 1576 rebus
394 1553 436 1577 est
463 1548 567 1575 videre.
586 1547 728 1581 Siquidem
745 1547 771 1574 hi
788 1547 835 1581 qui
855 1551 950 1580 gentes

159 1595 317 1625 imitantur,
333 1595 470 1622 accedunt
494 1593 529 1620 ad
552 1593 631 1620 ﬁdem
649 1598 676 1620 et
696 1593 763 1619 salvi
789 1592 879 1618 ﬁunt:
900 1591 948 1626 qui
962 1589 982 1617 C

157 1649 224 1669 vero
249 1642 292 1669 his
312 1642 504 1677 indignantur,
528 1640 750 1668 vehementiores
775 1639 879 1666 inimici
908 1639 971 1666 lidei
996 1639 1211 1666 constituuntur.

1003 953 1167 987 προθυμίαν,
1184 955 1216 989 ῆν
1229 953 1301 989 εἶχεν
1314 956 1353 985 εἰς
1379 956 1408 981 τὸ
1420 956 1504 982 σῶσαι
1522 958 1583 987 τῡϋς
1595 957 1625 989 ἐξ
1649 957 1798 985 Ἰουδαίων.

1004 998 1058 1024 Καὶ
1071 998 1154 1032 χωρὶς
1166 999 1194 1024 δὲ
1207 1000 1260 1024 τῶν
1273 1000 1434 1034 εἰρημένων,
1463 1001 1518 1027 οὐδ’
1529 1002 1616 1034 οὓτως
1631 1004 1752 1038 ἐμάχετο
1765 1005 1801 1030 τὲι

1006 1043 1145 1078 λεχθέντα,
1163 1044 1215 1070 κᾶν
1230 1045 1313 1078 ἆμςω
1338 1046 1527 1079 ἁποιραντικῶς
1547 1047 1648 1082 εἴρητο.
1669 1049 1723 1074 Καὶ
1741 1049 1798 1084 γὰρ

1002 1089 1077 1114 οὐδὲν
1094 1089 1205 1120 ἐκώλυε,
1228 1090 1302 1120 τινας
1319 1091 1367 1123 μὲν
1388 1091 1442 1116 τῶν
1455 1093 1675 1119 πεπιστευκότων
1699 1095 1800 1127 ἀνερε-

1002 1134 1143 1166 θισοέντας
1160 1136 1191 1170 τῇ
1208 1135 1296 1161 πίστει
1319 1135 1372 1162 τῶν
1400 1136 1495 1168 ἐθνῶν,
1524 1138 1723 1173 παραζηλῶσαι
1749 1142 1800 1166 καὶ

1002 1180 1156 1211 πιστεῦσαι,
1168 1181 1214 1207 καὶ
1226 1181 1279 1206 τῶν
1291 1181 1327 1216 μὴ
1340 1183 1560 1209 πεπιστευκότων
1578 1183 1658 1210 πάλιν
1668 1184 1795 1216 πολλοὺς,

1001 1226 1136 1262 ἀπεχθείᾳ
1151 1227 1198 1253 καὶ
1215 1227 1287 1261 μίσει
1305 1227 1342 1262 τῷ
1355 1227 1421 1263 πρὸς
1438 1229 1501 1260 τοὺς
1522 1229 1550 1260 ἐξ
1565 1229 1659 1260 ἐθνῶν,
1676 1231 1781 1266 σκληρο

999 1271 1094 1305 τέρους
1115 1271 1161 1297 καὶ
1188 1271 1404 1307 ἁπειθεστέρους
1425 1273 1551 1306 γενέσθαι
1569 1274 1605 1308 τῷ
1623 1275 1797 1310 εὐαγγελικῷ

1001 1318 1170 1353 κηρύγματι,
1187 1317 1224 1349 ὡς
1237 1317 1310 1344 ἐστιν
1332 1318 1378 1344 καὶ
1399 1318 1443 1344 ἐπ’
1457 1319 1546 1345 αὐτῶν
1563 1319 1628 1346 ἰδεῖν
1643 1320 1696 1346 τῶν
1720 1329 1796 1356 πρα-

1004 1363 1128 1397 γμάτων.
1159 1363 1190 1388 υἱ
1210 1362 1260 1397 μὲν
1291 1363 1345 1397 γὰρ
1371 1363 1535 1398 μιμούμενοι
1565 1364 1628 1395 τοὺς
1651 1364 1681 1396 ὲε
1696 1365 1794 1397 ἐθνῶν,

1000 1409 1195 1444 πρυσέρχονται
1215 1409 1247 1442 τῇ
1263 1408 1352 1434 πίστει
1369 1409 1415 1434 καὶ
1428 1408 1576 1440 σώζονται·
1595 1411 1617 1435 oi
1642 1410 1670 1436 δὲ
1685 1411 1796 1442 coiret;

1000 1454 1226 1488 ἀπεχθανόμενοι,
1241 1454 1432 1488 σφροδρότεροι
1443 1454 1535 1490 ἐχθροὶ
1549 1456 1597 1482 καὶ
1605 1456 1655 1490 τῆς
1671 1456 1795 1488 πίστεως

1001 1499 1187 1525 καθίστανται.
1205 1508 1214 1524 ‹
1229 1498 1306 1525 Κατὰ
1321 1498 1412 1533 δὲτὴν
1440 1499 1564 1534 ἐκλογήν.
1591 1510 1600 1526 ι
1619 1501 1699 1527 Κατὰ
1719 1501 1746 1527 δὲ
1761 1502 1794 1528 τὸ

1000 1545 1155 1579 ἐκλελέχθαι
1167 1545 1230 1576 τοὺς
1243 1545 1364 1579 πατέρας
1389 1545 1478 1572 αὐτῶν
1492 1546 1544 1572 ὑπὸ
1559 1546 1638 1579 Θεοῦ,
1654 1548 1795 1581 ἀγαπητοί

999 1591 1077 1618 εἰσιν.

1255 1648 1263 1665 ι
1290 1638 1449 1666 Secundum
1463 1639 1627 1667 electionem
1650 1645 1754 1674 autem,
1781 1649 1790 1664 ι

157 1695 256 1723 nempe
271 1689 334 1723 quia
350 1694 442 1723 patres
453 1694 551 1714 eorum
567 1686 648 1713 electi
662 1690 728 1713 sunt
743 1693 758 1712 a
772 1685 838 1716 Deo,
855 1685 949 1713 dilecti
965 1690 1039 1713 sunt.
1075 1680 1082 1687 ’

196 1780 208 1800 ι
220 1773 334 1806 Propter
346 1772 451 1798 Patres.
465 1779 473 1796 ι
494 1769 574 1805 360
594 1769 698 1797 Deinde
713 1769 843 1805 quoniam
862 1769 890 1797 in
904 1770 946 1796 in-

158 1819 320 1846 credulitate
327 1820 548 1851 permanserunt,
560 1820 587 1842 et
596 1815 631 1842 ob
639 1816 691 1843 hoc
703 1815 795 1843 dilecti
806 1823 859 1843 non
869 1819 944 1847 sunt,

158 1872 254 1892 secure
269 1864 385 1897 loquens
397 1861 464 1888 dicit
485 1869 492 1888 :
516 1871 524 1887 ‹
538 1862 653 1896 Propter
664 1865 767 1896 patres.
783 1871 791 1887 I
809 1862 848 1888 Ac
863 1861 885 1888 si
903 1861 945 1888 di-

159 1916 234 1938 ceret
250 1919 256 1936 :
272 1909 432 1942 Quanquam
448 1907 499 1942 ipsi
518 1912 629 1943 propter
641 1907 862 1935 incredulitatem
874 1907 944 1934 dile-

160 1958 196 1984 cti
209 1964 262 1983 non
277 1955 343 1985 sint,
357 1959 481 1988 attamen.
490 1959 604 1989 propter
616 1959 710 1989 patres
718 1953 809 1981 adhuc
825 1954 945 1988 diligun-

159 2011 222 2034 tur:
254 2002 326 2029 unde
352 2006 381 2029 et
404 2001 521 2028 salutem
555 2002 705 2036 recipiunt.
733 2010 742 2027 t
772 2002 808 2028 Et
835 2001 944 2028 vocatio

158 2050 216 2076 Dei.
251 2057 260 2074 ›
294 2048 375 2075 Facta
403 2048 534 2075 videlicet
559 2048 633 2074 circa
658 2055 745 2082 genus
775 2047 944 2075 Judaorum.

160 2105 168 2119 ‹
186 2093 421 2127 Quemadmodum
437 2093 512 2120 enim
527 2097 555 2120 et
565 2100 614 2120 vos
631 2093 780 2127 aliquando
805 2091 944 2119 increduli

157 2141 249 2167 fuistis
269 2140 334 2168 Deo.
354 2149 363 2166 ι
378 2139 505 2167 Ostendit
524 2139 570 2166 hic
583 2143 679 2174 gentes
699 2139 818 2173 primum
837 2142 948 2165 vocatas

156 2186 252 2218 fuisse,
277 2185 376 2212 deinde
400 2184 531 2219 quoniam
554 2191 610 2210 non
635 2182 945 2214 obedierunt,_1ud:e05

158 2230 378 2258 miscricordiam
395 2233 569 2261 consecutos,
588 2233 650 2263 post
674 2228 732 2255 haec
747 2235 857 2254 rursum
873 2227 944 2254 idem

158 2286 171 2304 e
183 2278 293 2304 diverso
309 2276 482 2310 contingere.
496 2275 611 2307 Quando
624 2274 737 2308 quidem
753 2273 825 2301 enim
847 2274 945 2300 nolue-

157 2329 222 2350 runt
241 2322 328 2350 Judaei
350 2321 477 2353 credere,
492 2321 585 2348 denuo
601 2324 704 2347 vocata:
718 2325 783 2347 sunt
799 2323 905 2354 gentes,
918 2323 945 2346 et

157 2369 278 2396 secundo
291 2372 395 2395 vocatae
416 2366 595 2394 crediderunt
611 2373 618 2392 :
636 2365 664 2391 id
679 2369 770 2392 tamen
787 2372 842 2391 non
855 2364 887 2391 ad
898 2365 946 2392 Ju-

159 2416 282 2441 dzeoruni
298 2413 388 2447 vergit
406 2412 581 2447 ejectionem,
597 2410 645 2437 sed
661 2415 691 2437 ut
705 2410 756 2445 ipsi
771 2418 880 2445 quoque
894 2410 946 2436 mi-

157 2458 336 2486 serit'ordiam
363 2461 583 2490 consequantur.
615 2465 623 2481 I
638 2455 793 2490 Aliquando
809 2454 946 2482 increduli

157 2506 258 2532 ruistis.
283 2514 292 2529 ι
318 2503 370 2530 Per
393 2502 451 2529 haec
475 2502 586 2529 Judaeos
605 2501 639 2528 ad
660 2502 741 2529 tidem
761 2502 788 2528 in
805 2501 944 2528 Christum

157 2549 493 2583 adhortaturzsimulque
515 2548 615 2575 bonam
639 2548 680 2574 eis
702 2556 779 2582 spem
804 2547 895 2578 oﬂ‘ert,
913 2554 945 2573 ac

157 2605 267 2624 omnem
289 2597 379 2624 elevat
402 2595 546 2630 pudorem.
570 2595 608 2622 Ne
625 2595 740 2629 pudore.
765 2593 864 2627 inquit,
886 2592 943 2619 suf-

155 2643 289 2675 l'nndaris.
311 2642 363 2669 etsi
381 2641 542 2668 incredulus
568 2641 644 2667 fuisti
660 2639 849 2666 utaccederes
866 2646 873 2664 :
894 2645 943 2664 ne-

155 2699 209 2725 que
225 2690 356 2724 desperes
374 2687 447 2722 quod
471 2687 577 2714 tardius
596 2686 721 2717 accedas,
738 2692 797 2711 sero
815 2684 879 2711 licet
896 2684 945 2710 ad-

156 2735 277 2766 veniens,
290 2733 510 2761 misericordiam
523 2731 712 2765 consequeris.
728 2729 835 2756 Etenim
848 2734 943 2764 gentes

155 2782 238 2809 etiam
253 2788 314 2807 cum
332 2783 436 2806 vocatae
458 2780 551 2804 essent
572 2776 692 2811 primum
710 2775 861 2802 incredulae
881 2775 941 2802 fue-

156 2831 220 2854 runt
249 2831 276 2853 at
295 2832 369 2852 nunc
391 2822 582 2854 crediderunt,
606 2829 697 2856 neque
718 2820 822 2856 pudore
835 2820 941 2848 aﬂ'ecue

156 2876 219 2901 sunt
231 2871 266 2899 ob
282 2869 401 2904 priorem
419 2867 651 2900 incredulitatem,
665 2875 753 2903 neque
764 2875 797 2894 ex
810 2866 940 2895 tarditate

963 2251 983 2277 Ι)

1036 1769 1101 1796 «Διὰ
1112 1770 1174 1801 τοὺς
1191 1769 1344 1803 Πατέρας;›
1363 1767 1532 1804 [ΟΙΚΟΥΜ.]
1546 1767 1611 1794 Εἶτα
1623 1768 1717 1804 ἐπειδὴ
1727 1769 1792 1795 ἐνα-

1001 1816 1208 1850 πομεμενήκασι
1217 1815 1250 1849 τῇ
1259 1814 1382 1850 ἀπιστίᾳ.
1392 1814 1438 1840 καὶ
1447 1813 1490 1839 διὰ
1498 1813 1578 1839 τοῦτο
1584 1814 1633 1839 οὐκ
1644 1814 1712 1840 εἰσὶν
1719 1814 1792 1847 ἁγα‹

1001 1862 1092 1896 πητοὶ,
1106 1859 1234 1894 ἀσφαλῶς
1245 1858 1342 1891 λαλῶν,
1354 1859 1430 1893 φησὶ,
1444 1859 1508 1885 «Διὰ
1516 1859 1579 1889 τοὺς
1589 1859 1738 1893 πατέρας,›
1750 1859 1791 1891 ὡς

1000 1907 1024 1932 εί
1041 1904 1129 1932 εἶπεν·
1139 1906 1169 1932 Et
1179 1905 1226 1932 καὶ
1239 1905 1315 1932 αὐτοὶ
1328 1905 1372 1931 διὰ
1381 1905 1429 1937 τὴν
1441 1904 1568 1931 ἀπιστίαν
1577 1905 1626 1931 οὐκ
1637 1905 1789 1940 ἀγαπητοὶ,

999 1951 1042 1978 διὰ
1055 1952 1145 1986 μέντοι
1154 1951 1216 1982 τοὺς
1225 1950 1343 1985 πατέρας
1352 1950 1391 1976 ἐτι
1400 1950 1570 1984 ἀγαπῶνται,
1579 1950 1639 1976 ὅθεν
1649 1950 1694 1976 καὶ
1703 1959 1791 1985 σωτη-

999 1999 1059 2033 ρίαν
1069 1997 1233 2032 ἐκδέχονται.
1246 2005 1255 2022 t
1267 1996 1321 2022 Καὶ
1333 1997 1349 2031 ἡ
1359 1996 1455 2030 κλῆσις
1464 1995 1510 2022 τοῦ
1525 1996 1618 2024 Θεοῦ.»
1635 1996 1666 2022 Ἦ
1674 1997 1791 2030 γενομέ-

997 2052 1039 2078 νη,
1056 2043 1134 2077 φησὶ,
1147 2043 1212 2077 περὶ
1229 2042 1258 2068 τὸ
1275 2041 1350 2073 ἔθνος
1367 2041 1421 2068 τῶν
1434 2041 1580 2068 Ἰουδαίων.
1596 2041 1717 2076 «Ὠσπερ
1731 2042 1788 2077 γὰρ

996 2090 1045 2117 καὶ
1054 2090 1132 2124 ὑμεῖς
1141 2097 1205 2116 ποτε
1212 2088 1379 2123 ὴπειοὴσατε
1390 2087 1429 2121 τῷ
1441 2087 1510 2121 Θεῷ.
1517 2096 1526 2112 ι
1539 2087 1678 2113 Δείκνυσιν
1687 2087 1769 2114 ὲνταῦ
1777 2103 1787 2108 -

1001 2137 1035 2162 θα
1046 2137 1108 2168 τοὺς
1119 2135 1149 2167 ἐξ
1164 2135 1247 2161 ἐθνῶν
1265 2134 1397 2168 πρότερον
1412 2133 1606 2167 κεκλημένους,
1621 2131 1679 2160 εἶτα
1692 2135 1787 2169 ἐπειδη

996 2183 1045 2217 οὐχ
1059 2183 1227 2216 ὑπήκουσαν,
1253 2181 1316 2211 τοὺς
1333 2179 1475 2210 Ἰουδαίους
1491 2179 1661 2213 ὲλεηῦὲντας.
1682 2181 1739 2206 Καὶ
1753 2181 1785 2206 τὸ

999 2228 1065 2255 αὐτὸ
1083 2227 1164 2254 πάλιν
1192 2225 1298 2260 συμϐὰν
1324 2224 1392 2259 μετὰ
1415 2224 1511 2251 ταῦτα.
1536 2223 1644 2258 Ἐπειδὴ
1662 2225 1714 2258 γὰρ
1735 2225 1787 2252 οὐκ

998 2274 1133 2309 ἠθέλησαν
1155 2273 1180 2298 οἱ
1201 2272 1322 2298 Ἰουδαῖοι
1345 2270 1498 2301 πιστεῦσαι,
1524 2271 1605 2296 πάλιν
1627 2271 1727 2305 ἐκλήθη
1751 2273 1786 2297 τα

997 2319 1071 2354 ἔθνη,
1087 2320 1134 2345 καὶ
1161 2317 1303 2351 κληθέντα.
1334 2315 1364 2341 τδ
1388 2315 1514 2350 δεύτερον
1537 2315 1711 2346 ἐπίστευσαν,
1726 2316 1785 2341 ἀλλ’

997 2365 1047 2391 οὐκ
1075 2365 1114 2395 είς
1128 2365 1178 2398 τὴν
1199 2361 1312 2395 ἐκϐολὴν
1340 2361 1394 2387 τῶν
1418 2360 1553 2387 Ἰουδαίων
1577 2361 1700 2395 τελευτᾷ,
1721 2361 1787 2387 ἀλλ’

997 2409 1037 2440 είς
1070 2410 1098 2434 te
1113 2408 1159 2434 καὶ
1178 2406 1275 2436 αὐτοὺς
1288 2405 1429 2440 ἐλεηθῆναι
1459 2405 1548 2432 πάλιν.
1571 2415 1579 2431 ι
1612 2407 1680 2432 Ποτὲ
1704 2407 1786 2440 ἠπει-

997 2454 1108 2488 θήσατε.
1125 2462 1136 2479 ι
1161 2467 1195 2473 -
1218 2451 1317 2487 [ΦΩΤ.]
1338 2451 1523 2487 Προτρέπεται
1553 2451 1617 2482 τοὺς
1640 2452 1787 2483 Ἰουδαίους

997 2499 1043 2524 ὲπὶ
1067 2499 1116 2533 τὴν
1141 2499 1180 2528 είς
1202 2497 1320 2532 Χριστὸν
1348 2497 1439 2523 πίστιν
1459 2497 1503 2523 διὰ
1527 2497 1639 2528 τούτων,
1658 2497 1703 2523 καὶ
1725 2497 1786 2531 ἅμα

997 2544 1117 2579 χρηστὰς
1130 2544 1221 2574 αὐτοῖς
1246 2543 1354 2574 ἐλπίδας
1381 2541 1526 2573 ὑποτείνει,
1550 2543 1596 2569 καὶ
1625 2543 1716 2568 πᾶσαν
1737 2544 1785 2569 αἰ-

997 2589 1096 2624 σχύνην
1111 2590 1225 2624 ἀναιρεῖ.
1242 2589 1288 2623 Μὴ
1302 2589 1459 2623 αἰσχυνθῇς,
1477 2590 1554 2623 φησὶ,
1567 2589 1618 2615 κᾶν
1628 2589 1786 2624 ἡπείθησας

999 2635 1165 2669 προσελθεῖν,
1179 2634 1240 2669 μηδ’
1260 2634 1412 2668 ἁπελπίσῃς
1428 2634 1465 2665 ὡς
1486 2634 1646 2668 βραδύτερον
1663 2643 1785 2668 προσερ-

995 2681 1119 2716 χόμενος,
1129 2679 1212 2715 τεύξῃ
1225 2679 1272 2706 καὶ
1285 2679 1333 2713 ὀψὲ
1349 2678 1466 2715 προσιὼν
1480 2679 1526 2705 τοῦ
1538 2680 1638 2710 ἐλέους.
1657 2680 1711 2706 Καὶ
1726 2682 1784 2715 γὰρ

994 2727 1087 2753 καὶτὰ
1110 2726 1172 2760 ἔθνη
1204 2725 1347 2759 κληθέντα,
1375 2724 1527 2759 ἠπείθησαν
1546 2725 1689 2759 πρότερον,
1714 2726 1785 2752 ἀλλὰ

995 2773 1041 2800 νῦν
1070 2772 1245 2802 ἐπίστευσαν,
1268 2771 1336 2805 μήτε
1358 2770 1407 2805 τὴν
1434 2770 1581 2806 προτέραν,
1603 2771 1785 2806 αἰσχυνθέντα

994 2817 1148 2849 ἀπείθειαν,
1167 2816 1231 2851 μήθ’
1247 2816 1299 2842 ὑπὸ
1324 2816 1374 2850 τῆς
1388 2815 1553 2850 βραδυτῆτος
1567 2817 1607 2847 είς
1628 2818 1677 2851 τὴν
1693 2825 1785 2852 σωτη-

996 2865 1055 2901 ρίαν
1067 2862 1332 2899 παρεμποδισθέντα.
1342 2862 1412 2897 Μηό’
1422 2862 1503 2894 αὐτὸς
1516 2862 1615 2896 τοίνυν,
1624 2859 1646 2890 ὦ
1656 2862 1781 2896 Ἰουδαῖε,
