1889 3055
115 165 167 197 561

649 165 846 196 COMMENT.
866 165 905 195 lN
921 165 1036 196 EPIST.
1053 166 1102 196 AD
1125 165 1217 196 ROM.

1698 168 1750 198 562

114 221 192 257 θητε,
222 220 427 257 παρακαλοῦσιν
461 221 534 255 ὑμᾶς
563 220 683 255 (αὐτοῦς
707 221 761 256 γὰρ
784 221 860 254 sic?!

1001 221 1034 251 is.
1049 221 1200 248 obseCrant
1218 229 1279 251 vos.
1304 221 1378 256 (nam
1406 221 1481 255 ipsos
1498 221 1605 249 inducit
1621 225 1697 257 quasi
1715 224 1747 250 ad

115 267 164 301 τὴν
181 267 323 302 ίκετηρίαν
335 266 534 302 ποιουμένους),
551 267 624 298 ὅπως
645 267 722 298 ἀξίαν
742 267 831 293 αὐτῶν
846 275 908 301 μετ-

116 312 213 348 έλθητε
238 313 386 340 πολιτείαν.
401 327 435 333 -
459 312 559 349 [ΦΩΤ.]
578 322 587 338 ι
609 313 787 348 Παραστῆσαι
800 313 834 339 τὰ
849 312 909 339 σώ-

120 366 193 392 ματα
210 358 298 394 υμῶν.
313 368 322 384 ι
341 359 387 390 Εἰς
408 359 442 385 τὰ
459 358 506 384 δύο
522 359 719 393 προτρέπεται,
737 360 776 390 είς
794 358 842 394 τὴν
860 358 908 385 τοῦ

117 403 177 438 βίου
190 405 362 439 ἐπιμέλειαν,
379 405 427 432 καὶ
446 406 486 437 είς
503 405 552 439 τὴν
572 405 623 440 τῆς
645 406 763 437 πίστεως
780 405 907 440 σπουδήν.

118 451 157 476 Δι’
183 447 221 477 ὧν
246 451 295 486 μὲν
316 451 370 485 γάρ
395 459 472 485 φησι,
502 461 511 477 1
532 452 712 487 Ιιαραστῆσαι
730 452 764 478 τὰ
795 451 909 486 σώματα

118 496 207 529 ὑμῶν,
227 506 237 522 ι
256 497 302 522 καὶ
325 496 400 530 ἑξῆς,
422 496 537 531 ἀρίστην
554 497 743 524 πολιτεύεσθαι
771 499 907 532 παραινεῖ.

117 542 164 568 Δι’
177 538 215 568 ὦν
226 542 265 574 δὲ,
281 551 290 567 1
307 542 362 577 Τὴν
378 542 488 576 λογικὴν
504 543 629 578 λατρείαν
643 544 728 578 ὑμῶν.
744 553 753 569 ι
767 544 843 578 φησὶ,
860 544 909 578 τὴν

117 587 252 622 ὀρθότητα
267 588 315 622 τῆς
331 588 447 620 πίστεως
467 588 575 615 διώκειν
589 590 689 621 absab;
703 590 823 618 ἀπαιτεῖ.
841 592 909 625 Προ-

118 634 210 669 τίθησι
231 635 259 660 δὲ
276 634 310 661 τὰ
325 635 374 668 τῆς
389 634 537 666 πολιτείας,
555 635 649 669 ἐπειδὴ
668 635 706 670 τῷ
721 635 835 673 καθαρῷ
848 636 907 671 βίῳ,

117 681 166 706 καὶ
186 682 200 706 ό
218 681 265 715 τῆς
285 681 425 713 εὐσεϐείας
448 682 605 708 ἀκολουθεῖν
631 682 708 708 εἴωθε
733 683 820 716 λόγος.
837 683 908 717 Ὅρα

117 726 144 753 δε
166 726 225 758 πῶς
241 725 318 753 εἶπεν
329 727 414 762 ἄμφω
437 727 545 761 εὐφυῶς
568 729 616 754 καὶ
632 728 762 763 δριμέως.
791 738 800 754 1
821 730 908 763 Παρα-

121 771 239 805 στήςατε
254 772 319 807 γὰρ,
337 771 414 806 φησὶ,
429 772 464 798 τὰ
480 772 592 807 σώματα
605 772 693 807 ὑμῶν,
705 772 799 799 θυσίαν
807 772 906 804 ζῶσαν,

117 817 210 850 ἁγίαν,
233 817 379 851 εὐάρεστον
403 817 443 852 τῷ
467 817 538 852 Θεῷ.
557 827 566 844 ι
598 816 665 845 Εἶτα
696 819 733 853 μὴ
761 819 907 853 ἀρκεσθεὶς

117 864 236 896 τούτοις,
253 863 350 897 ἐπάγει
370 864 416 890 καὶ
429 864 533 898 ἕτερον.
551 865 649 895 Ποῖονς
670 874 679 890 1
705 864 783 891 Kal-:31
799 865 848 899 τὴν
867 865 910 891 λο-

117 911 201 945 γικὴν
221 909 351 946 λατρείαν
376 910 464 944 ὑμῶν,
479 919 488 935 ι
505 911 582 945 φησὶ,
596 910 731 942 τουτέστι,
753 911 831 937 Κατὰ
846 911 908 942 τοὺς
925 901 946 928 Β

116 957 226 991 ἐκείνης
242 956 352 991 νόμους,
371 956 525 991 συμφώνως
541 956 632 992 ἐκείνῃ
649 957 696 983 καὶ
711 958 771 983 κατ’
789 957 908 992 εκείνην,

117 1003 148 1029 ὲν
175 1003 273 1037 μηδενὶ
297 1002 495 1036 διαφωνοῦντες
518 1003 598 1038 αὐτῇ.
631 1003 717 1029 Τοῦτο
743 1004 798 1038 γάρ
824 1004 908 1036 ἑστιν,

117 1047 199 1081 ἁγίαν
221 1047 269 1074 καὶ
297 1047 387 1079 ζῶσαν
404 1048 450 1074 καὶ
465 1048 612 1082 εὐάρεστον
627 1049 665 1083 τῷ
678 1049 737 1084 Θεῷ
750 1049 847 1076 Θυσίαν
861 1057 911 1075 πα-

118 1093 256 1128 ραστῆσαι
270 1093 308 1128 τῷ
333 1096 439 1128 σώματι
452 1093 540 1129 ἡμῶν,
556 1094 586 1120 τὸ
601 1095 684 1129 μηδὲν
703 1095 755 1127 ἔξω
769 1095 823 1122 τῶν
841 1095 911 1122 κατὰ

116 1138 168 1172 τὴν
188 1137 317 1172 λατρείαν
346 1137 424 1173 ἡμῶν
445 1138 682 1173 νομοθετηθέντων
711 1139 911 1167 πολιτεύεσθαι.

117 1184 164 1209 Δεῖ
171 1182 226 1219 γὰρ
242 1183 336 1218 ἄμφω,
352 1184 401 1218 τὴν
419 1183 511 1210 πίστιν
522 1184 560 1218 τῷ
576 1184 637 1218 βίῳ,
655 1184 702 1210 καὶ
716 1184 761 1210 τὸν
774 1184 832 1219 βίον
847 1193 910 1211 συν-

117 1229 262 1263 ομολογεῖν
277 1230 311 1264 τῇ
328 1229 428 1256 πίστει.
448 1229 554 1265 Ὠσπερ
568 1230 621 1265 γὰρ
634 1230 649 1256 ὁ
670 1230 761 1256 πίστιν
780 1230 911 1265 ἐπαγγει-

117 1273 235 1308 λάμενος
248 1274 341 1310 ὀρθὴν,
359 1275 458 1309 φαῦλος
471 1275 498 1302 δὲ
509 1276 554 1302 τὸν
567 1276 677 1310 τρίπον,
686 1275 719 1302 δι’
733 1272 771 1302 ὧν
783 1277 909 1311 πράττει,

118 1320 168 1356 τὴν
182 1321 327 1356 ὁμολογίαν
342 1322 447 1357 ἐλέγχει
460 1322 508 1357 τῆς
518 1322 645 1354 πίστεως·
657 1321 744 1355 οὕτως
755 1324 802 1350 καὶ
811 1324 825 1350 ὁ
839 1324 910 1358 πρά-

119 1365 174 1398 ξεις
190 1366 414 1401 ἐπιδεικνύμενος
437 1367 554 1401 ἀγαθὰς.
585 1367 676 1394 πίστιν
701 1368 730 1395 δι
752 1369 911 1404 πρεσϐεύων

118 1413 249 1448 δυσσεϐῆ,
265 1413 299 1439 δι’
315 1409 353 1440 ὧν
369 1413 504 1445 δυσσεϐεῖ,
518 1415 566 1440 καὶ
581 1414 630 1445 τὰς
646 1414 760 1449 πράξεις
775 1415 911 1449 φαυλίζει,

119 1459 167 1485 καὶ
181 1458 355 1493 θριαμὸεύει,
372 1459 474 1494 μηδένα
485 1459 592 1494 καρπδν
607 1459 701 1490 αὑταῖς
715 1461 814 1487 ἐνεῖναι
831 1469 911 1487 πνευ-

123 1504 248 1538 ματικόν.
267 1505 313 1531 Δεῖ
335 1504 390 1538 ἄρα
409 1503 610 1536 πολιτεύεσθαι,
634 1506 706 1532 κατὰ
722 1506 772 1540 τὴν
798 1506 912 1541 λογικὴν

118 1549 247 1584 λατρείαν
258 1550 346 1585 ἡμῶν.
362 1559 370 1576 1
388 1550 494 1578 Ζῶσαν.
515 1560 524 1576 ι
541 1551 651 1587 Ἐπειδὴ
664 1550 737 1584 εἷπε,
752 1562 762 1577 1
778 1553 909 1584 Θυσίαν.»
925 1565 949 1595 c

122 1597 166 1622 ἶνα
181 1596 219 1632 μή
233 1604 275 1628 τις
287 1596 396 1632 νομίσῃ,
423 1596 464 1623 ὅτι
478 1597 658 1629 Καταστάξαι
673 1598 786 1630 ἑαυτοὺς
803 1599 912 1626 κελευό-

121 1641 203 1676 μιθα,
215 1642 353 1676 ιπήγαγε,
371 1650 381 1667 1
397 1642 502 1669 Ζῶσαν.
533 1650 543 1668 ι
558 1642 620 1674 [ιὼς
647 1642 675 1669 δὲ
690 1643 767 1670 ἔσται
786 1643 866 1671 θυσία
881 1645 912 1671 τὸ

120 1685 221 1720 exitu;
242 1685 402 1721 ’θράτωσαν
411 1686 480 1722 ὀρθὰ
493 1687 517 1713 oi
532 1687 677 1722 ὀφθαλμοί.
694 1687 725 1715 Ἦ
743 1689 854 1722 γλῶσσα
865 1690 912 1716 καὶ

119 1732 136 1766 ὴ
152 1731 214 1767 χεὶρ
227 1751 236 1764 ,
253 1732 270 1767 ἡ
286 1732 336 1765 μὲν
353 1733 393 1763 είς
409 1732 546 1767 ὑμνῳδίαν
562 1732 640 1763 Θεοῦ,
663 1734 678 1766 ἡ
692 1734 720 1760 δὲ
734 1735 774 1766 εις
802 1735 912 1767 ἐντολὰς

119 1777 300 1812 ἀσχολείσθω,
311 1778 472 1812 καὶγίνεται
484 1778 569 1810 οὕτως
576 1779 735 1810 ποιούντων,
747 1781 825 1806 θυσία
839 1780 912 1813 ζῶσα

119 1822 152 1848 τὸ
163 1823 250 1858 σῶμα.
267 1833 277 1849 1
297 1823 400 1858 Ἀγίαν.
419 1832 428 1850 ι
442 1823 560 1860 Διαιρῶν
571 1824 674 1859 ταύτην
686 1825 737 1860 τὴν
751 1825 846 1852 θυσίαν
858 1825 913 1853 ἀπὺ

119 1868 173 1904 τῆς
186 1868 347 1904 Ἰουδαϊκῆς,
365 1869 458 1904 φησὶν,
475 1878 485 1895 1
513 1869 617 1903 Ἁγίαν,
630 1870 789 1905 εὐάρεστον,
806 1872 853 1897 καὶ
867 1871 912 1899 λο-

121 1915 204 1948 γικήν
214 1924 223 1940 ι
247 1913 280 1941 Ἦ
293 1915 348 1949 γὰρ
365 1915 500 1950 Ὶουδαῖκὴ
513 1915 656 1950 σωματικὴ
670 1914 748 1948 οὖσα,
764 1917 793 1942 οὗ
808 1917 911 1952 σφόδρα

119 1957 155 1995 ἦν
170 1959 236 1993 ἁγία
251 1960 297 1986 καὶ
308 1960 465 1995 εὐάρεστος,
485 1959 524 1992 ὡς
538 1960 623 1994 ἄλογα
641 1961 752 1988 θύουσα.
769 1961 825 1997 Τὴν
837 1963 912 1996 λογι.

121 2004 175 2032 xiv
189 2004 328 2039 λατρείαν.
346 2014 355 2030 ι
371 2005 428 2039 Τὴν
448 2005 647 2040 πνευματικὴν,
670 2006 747 2041 φησὶ,
764 2006 911 2039 διακονίαν,

121 2049 172 2085 τὴν
186 2050 257 2077 κατὰ
272 2050 389 2085 Χριστὸν
401 2049 548 2082 πολιτείαν,
565 2051 603 2082 ὡς
619 2051 644 2077 εί
658 2049 751 2078 εἶπεν·
766 2053 912 2087 Παραστή-

125 2104 190 2122 σατε
203 2095 238 2122 τὰ
254 2096 368 2131 σώματα
382 2096 459 2130 ὑμῶν
477 2096 584 2129 θυσίαν,
597 2097 640 2123 διὰ
650 2097 761 2132 λογικῆς
776 2097 912 2133 λατρείας,

123 2141 259 2174 τουτέστι,
272 2142 321 2176 τῆς
328 2142 546 2177 ἁναιμάκτου.Ἦ
554 2143 594 2169 ὄτι
605 2143 808 2177 Προσενέγκατε
819 2143 913 2171 θυσίαν

123 2187 227 2220 ζῶσαν.
249 2188 294 2214 καὶ
309 2188 358 2223 τὴν
382 2188 495 2222 λογικὴν
521 2187 660 2223 λατρείαν.
686 2189 740 2216 ἀπὸ
764 2189 853 2216 κοινοῦ
869 2190 912 2223 τὺ,

962 274 1010 294 eos
1027 267 1073 294 ﬁat
1095 266 1272 302 supplicatio)
1291 271 1320 294 ut
1333 267 1366 294 ad
1387 267 1500 301 dignum
1523 267 1577 294 illis
1598 276 1746 296 conversa-

964 313 1064 340 tionem
1082 313 1237 340 transeatis.
1255 322 1264 338 1
1283 313 1317 340 Ut
1329 313 1473 347 praebentis
1489 321 1603 348 corpora
1615 319 1716 340 vestra.
1735 323 1743 338 ι

961 359 1001 386 Ad
1019 359 1074 385 duo
1089 359 1273 386 exhortatur:
1291 366 1390 393 nempe
1412 359 1446 385 ad
1469 359 1532 386 vitae
1554 367 1648 386 curam
1667 363 1695 386 et
1716 360 1750 386 ad

963 403 1024 430 ﬁdei
1038 403 1174 430 studium.
1190 402 1238 429 His
1247 402 1320 430 enim
1331 410 1393 437 qua:
1403 402 1470 429 dicit
1487 411 1494 430 :
1509 403 1558 431 «Ut
1569 403 1726 437 prabeatis,
1740 413 1750 428 ι

961 450 1018 477 sive
1032 448 1187 476 exbibeatis
1207 457 1215 474 1
1234 456 1351 483 corpora
1368 455 1470 479 vestra,
1483 453 1537 476 etc.
1557 457 1565 474 ι
1581 448 1690 483 Optima
1708 449 1750 475 vi-

963 500 989 523 ta
1006 495 1136 522 admonet
1145 502 1206 522 esse
1222 494 1450 521 conversandum.
1467 494 1520 521 Per
1531 494 1556 520 id
1570 499 1661 521 autem
1677 495 1749 530 quod

962 542 1038 568 addit
1055 551 1062 568 z
1082 549 1091 566 1
1114 540 1286 567 Rationalem
1303 540 1408 566 cultum
1421 543 1570 571 vestrum,»
1588 540 1709 574 postulat
1721 546 1751 567 ut

963 587 1026 613 ﬁdei
1043 585 1239 613 rectitudinem
1263 590 1478 620 prosequantur.
1504 585 1640 620 Prmpunit
1658 590 1749 612 autem

962 642 1023 668 quae
1046 633 1267 660 conversationis
1290 637 1355 660 sunt
1370 642 1375 660 :
1390 633 1519 667 quoniam
1544 633 1628 660 vitam
1654 642 1749 668 pttram

962 679 1073 713 pietatis
1083 686 1193 713 quoque
1207 685 1298 705 sermo
1313 678 1390 713 sequi
1404 679 1483 705 solet.
1498 679 1566 705 Vide
1579 683 1670 706 autem
1683 687 1751 714 quo-

962 724 1045 751 modo
1065 729 1215 758 utrumque
1231 723 1299 750 scite
1313 727 1341 750 et
1358 728 1438 750 acute
1457 723 1569 750 dixerit.
1586 733 1595 749 1
1616 724 1749 754 Prtebete.

963 771 1063 806 inquit,
1081 777 1199 805 corpora
1214 775 1305 796 vestra
1323 770 1439 796 hostiam
1452 769 1601 801 viventem.
1616 774 1749 800 sanctam.

963 818 1019 844 Deo
1040 817 1279 851 bencplaccntem.
1303 826 1311 842 ι
1332 816 1436 843 Deinde
1452 816 1494 843 his
1515 824 1569 843 non
1591 821 1749 848 contentus,

964 863 1094 890 nimirum
1111 863 1226 889 hostium
1241 862 1390 891 viventem.
1404 866 1538 891 sanctam.
1552 862 1608 889 Deo
1622 862 1752 897 benepla‘

961 914 1080 940 centem,
1101 909 1175 936 aliud
1190 909 1274 936 etiam
1290 908 1424 943 adiungit.
1441 908 1578 941 Quidnam
1599 909 1666 935 illud
1691 909 1750 936 est?

963 965 973 981 1
991 955 1149 983 Secundum
1165 956 1340 986 rationalem.
1356 955 1457 990 inquit,
1472 955 1575 982 cultum
1588 961 1723 986 vestrum.
1739 964 1750 981 ι

962 1002 1014 1029 hoc
1036 1007 1090 1034 est,
1118 1001 1270 1029 secundum
1290 1001 1365 1028 illius
1387 1001 1485 1037 legem,
1513 1000 1693 1028 conformiter
1715 1001 1747 1028 al

961 1047 1035 1074 illam
1053 1052 1080 1074 et
1097 1047 1250 1074 secundant
1266 1047 1363 1074 illam:
1380 1046 1407 1074 in
1432 1047 1508 1074 nullo
1527 1046 1560 1073 ab
1577 1054 1610 1073 ea
1625 1045 1751 1073 diﬁiden-

962 1097 1012 1119 tes.
1028 1092 1094 1119 Nam
1111 1092 1164 1119 hoc
1181 1097 1232 1122 est,
1250 1092 1378 1119 Sanctam
1392 1096 1421 1119 et
1438 1091 1577 1118 viventem
1593 1095 1620 1117 et
1636 1091 1691 1118 Deo
1703 1090 1752 1118 be-

962 1137 1151 1172 neplacentetn
1176 1138 1294 1164 hostiam
1319 1145 1420 1172 corpus
1445 1141 1572 1165 nostrum
1597 1136 1748 1167 exhibere,

961 1184 1066 1210 cultutn
1087 1189 1212 1210 nOSIrum
1226 1184 1252 1210 in
1270 1183 1347 1211 nullo
1362 1183 1465 1210 versari
1482 1187 1559 1210 extra
1570 1190 1602 1210 ea
1619 1190 1681 1217 quae
1690 1189 1753 1209 san-

960 1229 1013 1256 cita
1029 1232 1104 1255 sunt.
1123 1229 1279 1263 Utrumquo
1296 1228 1371 1256 enim
1393 1232 1505 1262 oportet
1531 1232 1558 1254 et
1578 1227 1659 1254 ﬁdem
1679 1227 1751 1256 vitta,

960 1279 988 1302 et
1001 1274 1082 1301 vitam
1099 1274 1161 1301 ﬁdei
1176 1281 1236 1301 essu
1258 1274 1440 1301 conformem.
1453 1273 1596 1308 Siquidem
1618 1272 1751 1307 quemad-

963 1321 1074 1348 modum
1091 1321 1114 1348 is
1125 1321 1172 1356 qui
1185 1325 1287 1348 reetam
1303 1320 1437 1348 obtulerit
1453 1319 1545 1353 ﬁdem,
1566 1319 1588 1346 si
1607 1327 1708 1354 pravus
1718 1320 1754 1346 sit

962 1368 1098 1400 moribus,
1112 1368 1244 1403 operibus
1255 1368 1313 1396 suis
1322 1368 1526 1396 confessionem
1535 1366 1660 1394 accusari
1673 1366 1753 1393 ﬁdei:

961 1414 999 1441 ita
1016 1414 1099 1441 etiam
1118 1414 1166 1449 qui
1185 1414 1273 1442 bonas
1290 1413 1404 1441 exhibet
1423 1413 1611 1448 operationes,
1626 1413 1649 1439 si
1672 1411 1753 1438 ﬁdem

962 1460 1075 1495 impiam
1095 1465 1236 1495 praeponat
1256 1469 1263 1487 :
1286 1459 1369 1495 365
1392 1467 1456 1487 cum
1473 1459 1575 1493 impius
1598 1458 1646 1489 sit.
1670 1458 1754 1485 etiam

963 1506 1089 1532 actiones
1105 1505 1250 1540 depravat.
1274 1512 1307 1532 ac
1328 1504 1452 1539 divulgat
1477 1504 1585 1530 nullum
1601 1502 1642 1529 eis
1664 1502 1754 1529 inesse

965 1551 1085 1578 fructum
1105 1551 1290 1585 spiritualem.
1306 1551 1422 1584 Oportet
1446 1557 1513 1584 ergo
1533 1548 1692 1576 conversari
1709 1555 1754 1576 se-

965 1596 1086 1625 cundum
1102 1596 1263 1624 rationalem
1279 1595 1383 1624 cultum
1395 1600 1530 1622 nostrum.
1547 1604 1556 1620 1
1573 1594 1727 1622 Viventem.
1744 1603 1752 1618 ι

963 1642 1031 1676 Quia
1046 1642 1154 1669 dixerat
1170 1651 1180 1668 1
1197 1641 1331 1673 Hostiam,
1349 1651 1359 1667 ο
1375 1649 1410 1668 ne
1423 1641 1487 1676 quis
1496 1640 1667 1667 existimaret
1680 1640 1753 1674 quod

964 1696 1016 1716 nos
1032 1689 1107 1724 ipsos
1129 1689 1294 1724 juberemur
1317 1687 1444 1723 jugulare
1471 1690 1501 1714 et
1520 1686 1675 1717 immolare,
1689 1685 1754 1712 sub-

961 1735 1054 1770 junxit
1074 1744 1083 1761 1
1101 1735 1258 1762 Viventem.
1280 1744 1290 1761 ι
1309 1734 1369 1767 Quo
1383 1738 1475 1761 autem
1490 1732 1573 1760 modo
1585 1732 1639 1759 erit
1651 1739 1752 1766 corpus

964 1779 1074 1806 hostia?
1092 1778 1211 1806 Videant
1233 1786 1295 1814 quae
1314 1782 1389 1805 recta
1414 1782 1480 1805 sunt
1498 1777 1571 1804 oculi
1589 1776 1703 1811 :lingua
1724 1781 1751 1802 et

964 1833 1074 1858 manus,
1088 1825 1135 1852 illa
1147 1824 1259 1860 quidem
1279 1825 1307 1852 in
1319 1825 1367 1852 Dei
1384 1824 1526 1855 laudibus,
1541 1823 1600 1850 haec
1612 1827 1710 1850 autem,
1724 1822 1751 1848 in

964 1871 1110 1906 praeceptis
1117 1875 1310 1898 exerceantur.
1323 1871 1389 1904 Quae
1400 1871 1423 1898 si
1439 1871 1475 1898 ita
1489 1870 1566 1900 ﬁant.
1577 1876 1680 1904 corpus
1691 1868 1754 1895 viva

963 1916 1083 1944 efﬁcitur
1107 1916 1208 1943 hostia.
1225 1925 1234 1942 1
1254 1915 1392 1943 Sanctam.
1412 1925 1422 1941 ι
1438 1915 1514 1942 Hanc
1528 1915 1647 1942 hostiam
1667 1921 1682 1941 a
1706 1913 1754 1941 .lu-

964 1962 1044 1990 daica
1069 1962 1267 1990 disterminans
1286 1961 1354 1988 dicit
1374 1971 1384 1987 1
1405 1961 1544 1993 Sanctam,
1571 1960 1754 1995 bcneplacen-

964 2012 1019 2036 tem
1040 2012 1069 2036 et
1090 2008 1265 2035 rationalem.
1288 2017 1297 2033 ›
1319 2007 1433 2035 Iudaica
1447 2007 1522 2034 enim
1543 2014 1606 2034 cum
1620 2012 1752 2040 corporea

964 2059 1048 2085 esset,
1065 2062 1119 2081 non
1137 2054 1285 2081 admodum
1304 2058 1398 2081 sancta
1412 2058 1473 2080 erat
1491 2058 1538 2080 aut
1554 2052 1750 2086 beneplacens,

964 2105 1058 2134 utpote
1075 2100 1244 2127 irrationalia
1256 2105 1377 2126 mactans
1402 2109 1410 2124 1
1425 2099 1598 2126 Rationalem
1608 2099 1724 2125 cultum.
1739 2110 1748 2122 ι

965 2144 1125 2179 Spirituale,
1144 2144 1244 2179 inquit,
1261 2144 1436 2179 obsequium,
1451 2143 1690 2171 conversationem
1706 2150 1752 2169 se.

965 2191 1086 2218 cundum
1103 2191 1244 2218 Christum
1267 2199 1274 2217 :
1291 2198 1323 2218 ac
1343 2191 1366 2218 si
1385 2191 1500 2217 dixisset
1515 2198 1522 2216 :
1538 2190 1673 2216 Exhibcte
1691 2197 1752 2216 cor—

123 2233 343 2266 Προσενέγκατι.
364 2234 444 2262 σ.Καὶ
460 2234 498 2270 μὴ
514 2233 750 2268 συσχηματίζεσθε
775 2234 814 2269 τῷ
831 2235 869 2260 alt

1005 2244 1031 2262 ra
1045 2239 1136 2262 vestra
1157 2235 1273 2262 hostiam
1297 2242 1346 2268 per
1365 2233 1527 2260 rationalem
1553 2233 1674 2264 cultum,
1697 2233 1751 2259 hoc

122 2278 222 2313 τούτῳ.
241 2287 250 2303 ι
268 2278 322 2305 Καὶ
345 2278 403 2310 πῶς
424 2279 457 2306 ἄν
479 2287 522 2311 τις
548 2279 645 2306 ἑαυτὸν
669 2279 840 2315 προσενέγκῃ
866 2280 913 2307 θυ-

124 2324 187 2350 σίαν
202 2323 303 2357 ζῶσαν;
316 2324 395 2356 [Ιῶςς
412 2325 473 2359 «Μὴ
491 2324 737 2360 συσχηματίζεσθε,
755 2334 764 2350 ι
778 2325 911 2357 τουτέστι.

125 2369 173 2402 Μὴ
201 2367 318 2395 τυποῦτε
341 2369 455 2401 ἑαυτοὺς
479 2370 549 2396 κατὰ
569 2370 600 2396 τδ
622 2371 715 2405 σχῆμα
737 2370 784 2396 τοῦ
807 2371 912 2405 κόσμου

123 2414 233 2441 τούτου·
256 2415 332 2442 οὐδὲν
358 2415 413 2450 γὰρ
439 2416 514 2449 ὑγιις
539 2415 626 2452 ἔχειῆ
647 2417 770 2450 μόνιμον.
798 2416 844 2442 Διὸ
867 2416 913 2443 καὶ

125 2460 219 2494 σχῆμα
229 2460 295 2486 αὐτὸ
305 2460 392 2490 καλεῖ,
403 2461 490 2495 δηλῶν
497 2461 528 2487 τὸ
540 2461 576 2496 μὴ
587 2461 675 2495 μένον.
684 2461 769 2488 Τοῦτο
778 2461 804 2487 δὲ
817 2462 911 2493 εἰπὼν,

123 2507 201 2541 δηλοῖ
229 2507 259 2534 τὸ
287 2507 431 2542 ἐπίκηρον.
451 2507 487 2533 Ἢ
507 2507 549 2533 ὅτι
578 2506 623 2541 Μὴ
651 2506 911 2540 συμμεταὸάλ).εσοε

124 2554 181 2584 τοῖς
197 2553 313 2588 καιροῖς.
331 2567 367 2572 -
383 2553 506 2584 Ἄλλως.
531 2551 631 2588 [ΦΩΤ.]
652 2551 754 2583 Είπὼν,
772 2560 781 2577 1
803 2551 848 2587 Μὴ
864 2560 912 2578 συ-

125 2599 328 2634 σχηματίζεσθε
338 2598 568 2634 τῷαίῶνιτοὺτῳ.
584 2606 594 2622 ›
607 2597 790 2631 τουτίστι,Μὴ
806 2605 912 2631 συμμε-

123 2645 290 2672 ταϐάλλεσθε
300 2645 346 2671 καὶ
356 2653 411 2679 cup.
415 2643 591 2678 μετατίθεσθε
599 2644 656 2674 ταῖς
665 2643 788 2670 διδασκαὶ
796 2644 848 2674 ίαις
857 2644 912 2670 τῶν

125 2693 158 2719 ὲκ
172 2691 219 2718 τοῦ
241 2692 338 2722 αίῶνος
360 2691 456 2718 τούτου
470 2691 518 2717 τοῦ
532 2691 639 2725 ῥέοντος
650 2691 696 2716 καὶ
705 2690 753 2724 οὺχ
767 2690 912 2725 ἱσταμένου

125 2738 177 2771 τὴν
195 2736 370 2764 διδασκαλίαν
387 2737 590 2772 προσαγόντων,
613 2735 698 2762 Ἰοῦτο
712 2735 795 2761 εἰπὼν
815 2736 858 2762 ἶνα
874 2737 912 2771 μή

125 2790 199 2814 τινες
222 2781 278 2809 τῶν
292 2782 426 2809 Ἰουδαίων
442 2782 565 2814 εἴπωσιν,
590 2781 695 2809 Οὐκοῦν
713 2781 767 2808 οὐδ’
781 2781 848 2812 ὅλως
873 2782 912 2808 δετ

126 2827 199 2860 ἡμᾶς
217 2825 409 2859 μετατίθεσθαι
426 2826 474 2853 καὶ
496 2826 782 2861 μετασχηματίζεσθαι
793 2826 846 2852 ἀπὸ
863 2829 911 2861 τῆς

127 2871 349 2907 παραδεδομένης
361 2872 427 2907 ἡμῖν
439 2871 492 2898 ἀπὸ
511 2871 556 2898 τοῦ
573 2872 655 2906 νόμον
666 2871 855 2904 διδασκαλίαςς
869 2871 911 2898 διὶ

963 2286 1016 2312 est.
1041 2281 1101 2308 sine
1125 2280 1258 2315 sanguine
1275 2280 1334 2306 :vel
1357 2279 1454 2306 oﬂ‘erte
1479 2278 1597 2305 hostiam
1612 2279 1750 2305 viventem

963 2331 993 2355 et
1016 2326 1176 2354 rationalem
1198 2325 1320 2358 cultum;
1355 2332 1370 2352 a
1396 2324 1537 2352 communi
1560 2324 1634 2351 enim
1666 2331 1751 2351 sensu

964 2372 1148 2408 supplendum
1160 2375 1202 2399 est
1215 2371 1314 2407 offerte.
1333 2379 1342 2397 1
1363 2370 1398 2397 Et
1412 2377 1447 2396 ne
1461 2369 1671 2404 oonﬁguretnini
1686 2369 1751 2396 huic

963 2419 1074 2446 saeculo.
1104 2427 1113 2444 ι
1141 2417 1174 2444 Et
1194 2416 1333 2452 quomodo
1346 2416 1466 2450 seipsum
1483 2414 1598 2446 oll'cret,
1615 2415 1750 2450 quispiam

964 2465 1082 2492 hostiam
1102 2463 1211 2495 vivam;
1241 2461 1404 2495 Quomodo?
1431 2470 1440 2486 1
1470 2460 1509 2488 Ne
1524 2460 1750 2495 conﬁguretnini,

965 2511 1016 2537 hoc
1033 2515 1085 2542 est,
1098 2517 1132 2536 ne
1149 2508 1270 2543 ﬁguretis
1285 2514 1334 2534 vos
1345 2507 1418 2542 ipsos
1431 2507 1508 2541 juxta
1525 2506 1641 2541 ﬁguram
1655 2506 1749 2532 mundi

965 2555 1057 2590 hujus,
1071 2555 1140 2582 nihil
1161 2554 1235 2581 enim
1261 2560 1358 2580 sanum
1379 2551 1464 2578 habet
1488 2552 1533 2578 vel
1551 2551 1670 2578 stabile:
1688 2550 1750 2577 ideo

963 2609 1074 2636 quoque
1092 2600 1206 2635 ﬁgurant
1219 2603 1298 2626 vocat
1314 2598 1356 2630 id,
1376 2597 1533 2633 signiﬁcans
1550 2605 1605 2623 non
1624 2603 1748 2627 manere;

963 2652 991 2674 et
1014 2646 1067 2673 hoc
1092 2644 1211 2672 dicendo
1236 2644 1411 2678 fragilitatem
1437 2641 1561 2668 denotat.
1582 2654 1616 2659 --
1638 2638 1693 2669 Vel,
1711 2639 1749 2666 No

964 2692 1045 2720 simul
1058 2699 1121 2719 cum
1138 2690 1310 2725 temporibus
1331 2686 1564 2716 transmutemini.
1586 2685 1646 2712 Alio
1662 2684 1747 2711 modo.

964 2736 1086 2764 Dicendo
1111 2744 1119 2763 :
1136 2744 1145 2761 1
1168 2735 1207 2762 Ne
1229 2733 1439 2769 contiguremini
1458 2731 1523 2758 huic
1541 2729 1653 2761 szeculo,
1670 2738 1678 2753 ι
1697 2729 1749 2756 hoc

964 2781 1101 2816 signiﬁcat
1116 2788 1123 2806 :
1138 2779 1178 2807 Ne
1202 2777 1411 2807 commutemini
1427 2779 1475 2802 aut
1489 2772 1571 2801 simul
1599 2771 1748 2800 transtera-

965 2827 1033 2854 mini
1049 2833 1111 2853 cum
1127 2824 1262 2852 doctrinis
1281 2830 1376 2851 eorum
1393 2821 1439 2857 qui
1455 2818 1608 2847 doctrinam
1630 2817 1751 2845 aﬁerum

964 2880 997 2900 ex
1012 2872 1112 2899 scculo
1128 2870 1180 2898 hoc
1194 2870 1296 2898 ﬁuentc
1313 2875 1363 2895 nec
1378 2871 1566 2902 permanente.
1586 2865 1643 2894 Hoc
1664 2863 1751 2894 dicto,
