1889 3055
150 145 202 175 563

679 144 878 175 (ECUMENII
897 144 1043 175 TRICCE
1059 144 1230 177 EPISCOPI

1717 145 1771 175 561

147 208 182 228 ne
194 199 305 235 quidam
325 199 482 228 Iudaeorum
495 198 618 226 dicerent
635 206 641 224 :
656 198 742 234 igitur
762 206 853 233 neque
868 207 928 227 om-

997 199 1060 226 οὖτο
1075 199 1184 233 ἐπάγει,
1203 208 1212 225 ι
1232 198 1312 226 Ἀλλὰ
1329 198 1567 234 μεταμορφοῦσθε,
1589 208 1598 224 ι
1617 200 1771 232 τουτέστιν,

147 246 214 274 nino
229 252 279 272 nos
293 248 403 279 oportet
417 243 558 272 transferri
574 248 620 270 aut
637 244 824 278 transﬁgurari
841 252 856 271 a
875 249 929 271 tra-

147 292 204 319 dita
224 291 305 318 nobis
329 291 356 318 in
381 291 440 325 lege
465 289 589 317 doctrina
608 299 615 316 :
639 293 785 325 propterea
806 290 900 317 subdit
920 299 926 316 :

151 347 158 362 ι
181 337 235 364 Sed
261 335 504 364 transformcmini.
521 344 530 360 ›
547 334 604 362 Hoc
623 340 676 365 est,
701 339 811 370 Oportet
825 343 873 362 vos
886 343 929 362 se-

147 383 269 410 cundum
295 382 343 408 Dei
370 381 538 408 voluntatem
562 380 716 407 transferri.
740 381 864 415 Magnum
887 386 929 408 est

147 433 238 455 autem
254 427 402 454 discrimen
421 426 554 453 doctrinae
569 434 630 461 quas
643 433 658 453 a
671 426 775 452 mundo
791 430 833 453 est
843 430 870 452 et
883 433 929 453 sa-

147 473 257 508 pientiae
271 481 331 508 qua:
344 477 386 500 est
405 472 556 499 secundum
570 472 618 499 Dei
633 471 813 499 voluntatem.
834 471 868 498 Et
884 471 930 498 illa

147 519 258 554 quidem
273 519 359 554 ipsam
374 525 484 552 quoque
507 518 621 552 legalem
643 517 757 552 ﬁguram
781 517 882 552 perdit,
901 517 929 543 in

146 565 227 591 aliam
255 563 371 591 miseria:
394 568 442 591 aut
463 563 649 597 corruptionis
669 562 783 589 formam
797 562 900 588 ducens
921 570 929 588 :

146 612 206 638 haec
220 615 312 638 autem
329 611 417 638 solum
430 618 484 637 non
500 609 590 644 perdit
607 609 674 643 legis
690 608 803 643 ﬁguram
819 607 852 640 (si
867 607 930 642 qui-

146 657 208 683 dem
223 656 320 691 legalia
338 656 366 683 in
381 655 467 690 tigura
480 659 508 682 et
526 660 588 689 typo
605 662 636 681 ac
652 654 747 681 umbra
763 653 865 687 erant),
879 652 927 680 sed

146 702 238 737 potius
257 702 348 729 reddit
369 701 458 736 ipsum
479 700 644 727 meliorem:
663 707 734 730 eam,
759 707 820 734 quae
841 706 856 725 a
869 698 928 733 iege

145 748 252 782 reliqua
267 752 336 778 erat,
352 747 467 774 formam
479 751 508 773 et
524 745 758 780 pulchritudinem
771 744 882 778 explens
897 751 928 770 ac

145 795 303 830 periiciens,
320 794 382 821 ideo
395 798 468 820 recte
485 793 523 820 ait
549 801 555 818 :

147 842 201 869 hoc
223 846 315 868 autem
340 839 414 868 salus
428 847 461 867 ac
483 839 628 874 perfectio.

984 245 1024 271 ὅτι
1033 245 1078 270 Δεῖ
1091 245 1162 279 ὑμᾶς
1173 244 1244 271 κατὰ
1263 244 1294 270 τὸ
1305 244 1411 278 θέλημα
1424 244 1471 271 τοῦ
1482 244 1550 271 Θεοῦ
1562 246 1771 279 μετατίθεσθαι.

983 290 1053 316 Πολὺ
1070 290 1098 316 δὲ
1115 290 1146 316 τὸ
1161 290 1241 324 μέσον
1255 290 1303 325 τῆς
1317 290 1371 316 ἀπὸ
1389 291 1436 316 τοῦ
1454 291 1558 325 κόσμου
1579 291 1769 322 διδασκαλίας.

983 336 1029 362 καὶ
1050 335 1099 369 τῆς
1123 335 1195 361 κατὰ
1213 335 1243 361 τὸ
1262 335 1367 369 Θέλημα
1388 335 1435 362 τοῦ
1453 336 1520 362 Θεοῦ
1549 337 1660 371 σοφίας,
1677 337 1732 362 Καὶ
1755 339 1772 372 ἡ

985 380 1034 415 μὲν
1045 381 1091 406 καὶ
1116 380 1182 406 αὐτὸ
1211 380 1241 406 τὸ
1266 381 1359 415 σχῆμα
1376 381 1407 407 τὸ
1427 381 1538 416 νομικὸν
1554 382 1712 413 ἀπόλλυσιν,
1730 384 1772 414 εἰς

983 427 1047 453 ἄλλο
1091 427 1183 462 σχῆμα
1223 427 1322 458 κακίας
1361 427 1407 454 καὶ
1457 428 1606 462 διαφθορᾶς
1642 428 1770 462 ἆγοασα,

983 474 998 508 ἡ
1012 473 1040 500 δὲ
1050 473 1080 500 οὐ
1099 474 1178 508 μόνον
1189 473 1238 500 οὐκ
1253 473 1384 500 ἀπόλλυσι
1398 474 1485 509 τοίνξῦ
1503 474 1585 508 νόμου
1611 475 1705 509 σχῆμα
1731 476 1773 508 (ἓν

984 500 1104 554 σχήματί
1122 519 1176 554 γὰρ
1185 520 1231 546 καὶ
1242 519 1318 554 τύπῳ
1331 519 1378 546 καὶ
1391 500 1499 552 “Er-.3:
1514 500 1559 546 τοῦ
1575 500 1770 554 νόμουυὺτεῆχρ-
1811 514 1815 517 ⁷

984 565 1053 598 χεν),
1070 563 1137 590 ἀλλὰ
1153 564 1200 590 καὶ
1217 563 1316 598 βελτιοί
1334 564 1410 593 αὐτὸ,
1435 564 1483 598 τὴν
1508 564 1671 599 λειπομένην
1695 564 1772 599 αὐτῷ

987 608 1096 643 μορφὴν
1121 609 1212 634 καὶτὸ
1234 608 1342 639 κάλλος,
1371 609 1559 643 ἀπαρτίζουεα
1584 609 1631 635 καὶ
1648 609 1772 643 ἀναπλη-

982 654 1076 689 ροῦσα.
1090 655 1134 681 Διδ
1144 655 1243 686 καλῶς,
1259 664 1268 680 ‹
1283 655 1328 690 Μὴ
1339 655 1585 689 συσχηματίζεσθε,
1597 655 1691 690 φησὶν,
1704 655 1773 681 ἀλλὰ

983 698 1223 733 μεταμορφοῦσθε.
1241 708 1250 724 ›
1268 699 1304 725 Τὸ
1321 699 1370 734 μὲν
1385 699 1440 734 γάρ
1458 699 1532 725 ἐστιν
1545 699 1678 730 ἀπώλεια,
1699 699 1730 725 τὸ
1743 699 1774 725 δὲ

983 744 1103 778 σωτηρία
1134 745 1181 770 καὶ
1210 744 1357 778 τελειότης.

591 802 599 818 ι
619 792 658 819 Ne
670 791 888 827 couﬁguremini,
903 789 952 818 sed
971 790 1221 823 transformemini;
1244 800 1252 816 ι
1274 791 1354 826 365
1379 799 1442 818 nam
1468 791 1535 818 illud
1557 792 1687 826 perditio,
1714 797 1768 824 est,

185 907 194 923 ι
211 897 265 924 Sed
289 895 534 924 transformemini.
555 905 564 922 ι
582 895 675 922 Mundi
690 902 790 922 vocans
806 895 929 929 tiguram,

1021 902 1029 918 ι
1041 892 1122 919 Ἀλλὰ
1133 893 1385 929 μεταμορφοῦσθε.»
1397 893 1433 920 Τὸ
1444 894 1490 920 τοῦ
1501 894 1604 929 κόσμου
1617 895 1711 930 σχῆμα
1721 903 1772 922 κα-

147 943 258 970 virtutis
280 942 395 969 formam
420 941 503 974 dicit,
530 941 678 968 ostendens
701 940 853 968 naturalem
874 940 933 975 ejus

147 986 393 1022 pulchritudinem.
413 995 422 1012 ι
438 986 490 1013 Per
504 985 707 1012 renovationem
727 994 736 1011 ι
755 984 932 1022 Quandoqui-

147 1032 210 1059 dem
226 1031 249 1058 is
263 1031 310 1066 qui
325 1031 462 1058 humanus
478 1035 542 1063 est;
560 1037 614 1057 non
630 1034 720 1065 potest
734 1037 787 1057 non
808 1036 932 1064 peccare,

147 1079 208 1105 ait:
237 1078 348 1104 Renova
373 1084 480 1112 semper
504 1076 679 1111 temetipsum
699 1083 750 1111 per
769 1076 933 1110 resipiscen-

147 1124 223 1150 tiam.
237 1123 309 1150 Nihil
319 1123 390 1150 enim
404 1123 472 1150 adeo
486 1122 603 1149 animam
620 1129 772 1156 corpusque
790 1121 932 1153 inveterat,

147 1173 229 1203 atque
247 1171 401 1203 peceatum.
427 1177 436 1193 ι
455 1168 490 1196 Ut
506 1167 638 1202 probetis.
662 1177 671 1193 ι
692 1167 746 1194 Aut
768 1167 820 1194 hoc
842 1166 931 1194 dicit:

150 1216 291 1242 Itenovare
307 1218 338 1241 ut
352 1213 442 1240 discas
457 1213 523 1248 quid
539 1213 606 1240 utile
620 1213 655 1240 sit
669 1233 676 1245 ,
700 1217 727 1239 ct
743 1221 803 1247 qua:
818 1213 866 1239 Dei
886 1219 934 1239 vo-

147 1261 248 1288 luntas.
269 1269 278 1286 (
298 1259 332 1287 Et
351 1259 543 1294 beneplacens.
563 1268 572 1285 »
592 1259 631 1286 Ad
649 1258 757 1286 Iudaeos
778 1265 932 1285 sermonem

147 1306 243 1341 dirigit
257 1305 304 1340 qui
320 1305 406 1340 legem
424 1305 562 1332 habebant
581 1313 587 1320 ·
607 1303 702 1331 dicens
718 1303 790 1338 quod
803 1303 845 1330 lex
860 1303 907 1330 Dei
921 1303 932 1328 ?

147 1360 212 1379 sane
227 1351 337 1386 quidem
352 1351 480 1378 voluntas
492 1355 560 1382 erat,
573 1355 601 1377 at
614 1357 666 1376 non
686 1349 870 1384 bencplacens
884 1356 933 1375 ne-

147 1405 202 1432 que
213 1397 341 1432 perfecta,
358 1396 405 1424 sed
420 1396 455 1423 ob
466 1400 596 1428 vestram,
607 1395 706 1430 inquit,
717 1394 930 1422 imbecillitatem

147 1444 290 1478 permissa,
315 1442 436 1477 perfecta
458 1445 549 1469 autem
567 1445 595 1468 et
611 1441 802 1476 beneplacens,
830 1447 930 1467 novum

147 1493 189 1516 εει
207 1493 412 1516 testamentum.

181 1534 241 1567 XII,
255 1534 281 1561 5.
300 1533 363 1561 Dico
381 1534 450 1560 enim
464 1541 510 1568 per
526 1533 642 1568 gratiam
663 1539 718 1568 qua:
731 1532 794 1559 data
814 1536 852 1558 est
868 1532 930 1558 mihi

148 1579 251 1606 cuilibet
279 1580 395 1607 uersanti
416 1579 485 1606 inter
505 1587 559 1611 vos,
575 1586 608 1605 ne
627 1579 681 1613 quis
708 1579 831 1613 επεν-οων
854 1585 931 1604 sensu

147 1625 220 1652 ultra
239 1633 317 1660 quam
328 1629 429 1659 oportet
440 1632 516 1651 sensu
531 1625 626 1659 eﬂ'ern',
641 1624 687 1651 sed
701 1624 796 1650 sentiat
811 1624 843 1650 de
859 1631 887 1650 se
898 1624 933 1650 ad

148 1671 312 1702 modestiam,
324 1675 352 1697 ut
362 1671 452 1705 cuique
459 1670 527 1696 Deus
536 1671 650 1704 partitus
658 1673 695 1696 est
707 1668 930 1702 mensuram/Mei.

183 1713 251 1742 Cum
279 1714 406 1749 superius
437 1714 573 1742 dixisset:
603 1723 612 1740 ι
648 1714 700 1741 Per
731 1713 931 1745 miserationes,

148 1767 233 1786 nunc.
245 1768 306 1785 ι--ι
316 1759 368 1786 Per
378 1760 492 1795 gratiam
505 1759 553 1792 ait,
569 1759 604 1786 ob
619 1758 932 1792 modestiamnscipsum

149 1812 320 1840 nequaquam
339 1805 391 1832 [ide
409 1805 522 1840 digitum
538 1805 696 1832 existimans
713 1804 746 1832 ad
768 1804 932 1839 persuaden-

148 1852 225 1878 dum.
252 1851 397 1885 Propterea
422 1851 560 1878 interdum
589 1851 701 1885 quidem
732 1849 930 1882 miserationes,

149 1896 314 1932 quandoque
334 1903 401 1924 vero
415 1896 530 1930 gratiam
551 1896 689 1931 producit.
711 1896 807 1924 Dicens
829 1899 931 1927 autem,

152 1951 161 1967 ι
178 1942 231 1969 Per
247 1941 372 1976 gratiam.
397 1951 406 1967 ι
426 1941 474 1968 Dei
497 1941 629 1968 beneﬁcia
644 1941 782 1969 memoriae
800 1941 931 1975 suggerit.

152 1996 161 2012 ι
179 1986 298 2014 Cuilibct
311 1987 431 2014 versanti
445 1987 515 2014 inter
528 1995 586 2014 vos.
601 1997 611 2012 ι
626 1987 703 2020 Quod
717 1987 755 2014 ait
769 1996 776 2013 :
793 1996 802 2012 ι
813 1986 933 2014 Cuilibet

149 2031 269 2058 versanti
287 2031 359 2058 inter
374 2039 432 2063 vos,
451 2041 462 2056 ι
490 2032 572 2059 variis
594 2032 683 2059 modis
698 2032 812 2066 intelligi
830 2036 930 2066 potest.

149 2076 209 2109 Vel,
219 2076 281 2103 dico
294 2076 408 2104 cuilibet
417 2077 535 2104 versanti
548 2078 620 2104 inter
633 2085 690 2110 vos,
699 2077 727 2104 id
738 2081 790 2109 est,
805 2077 933 2105 omnibus

148 2122 222 2153 dico,
234 2129 330 2150 omnes
341 2122 486 2156 admoneo,
495 2127 523 2150 et
537 2123 608 2150 hanc
619 2127 780 2158 potestatem
796 2131 829 2150 ex
845 2123 932 2159 gratia

148 2167 246 2195 habeo.
269 2168 327 2200 Vel,
344 2168 406 2196 dico
424 2177 431 2195 :
451 2169 490 2196 Ne
507 2169 660 2197 ederamini
677 2177 759 2197 sensu
777 2177 827 2204 per
846 2169 931 2196 ullunt

983 939 1046 970 λῶν,
1056 939 1104 974 τὴν
1113 940 1162 974 τῆς
1175 940 1276 975 ἀρετῆς
1286 940 1393 975 μορφὴν
1405 940 1493 971 καλεῖ,
1502 940 1608 972 δεικνὺς
1620 941 1649 967 τὺ
1656 941 1772 975 φυσικὸν

983 985 1067 1019 αὐτῆς
1079 985 1187 1016 κάλλος.
1205 985 1258 1020 «Τῇ
1277 985 1486 1013 ἀνακαινώσει.)
1506 986 1614 1022 Ἐπειδὴ
1627 987 1773 1022 ἄνθρωπον

984 1029 1049 1056 ὅντα
1057 1030 1106 1057 οὐκ
1121 1030 1177 1057 ἔστι
1191 1030 1228 1066 μὴ
1239 1031 1384 1066 ἁμαρτεῖν,
1403 1032 1496 1066 φησὶν,
1509 1032 1659 1058 ἀνακαίνου
1674 1040 1777 1059 σαυτον

983 1075 1027 1102 διὰ
1037 1076 1179 1110 μετανοίας
1190 1077 1242 1103 ἀεί.
1253 1077 1335 1104 Οὐδὲν
1346 1077 1400 1113 γὰρ
1410 1077 1496 1110 οὕτως
1508 1078 1618 1105 παλαιοῐ
1626 1078 1715 1113 ψυχὴν
1726 1079 1774 1105 καὶ

984 1122 1073 1156 σῶμα,
1087 1121 1125 1153 ὡς
1140 1122 1271 1157 ἁμαρτία.
1292 1131 1301 1148 ι
1315 1123 1360 1154 Et;
1373 1124 1403 1149 τδ
1423 1123 1590 1158 δοκιμάζειν.
1607 1133 1615 1150 ι
1636 1124 1671 1150 Ἢ
1693 1124 1775 1150 τοῦτό

983 1176 1076 1203 φησιν,
1093 1168 1324 1203 ἀνακαινωθῆναι,
1347 1169 1410 1196 Ἐὰν
1426 1169 1514 1206 μάοῃς
1533 1169 1559 1196 τί
1572 1170 1603 1196 τὸ
1619 1169 1774 1204 συμφέρον,

983 1215 1029 1240 καὶ
1043 1215 1068 1240 τί
1082 1214 1111 1240 τὸ
1126 1214 1285 1249 Θέληματοῦ
1301 1214 1378 1241 Θεοῦ.
1395 1225 1403 1240 ι
1421 1216 1474 1242 Καὶ
1495 1216 1653 1250 εὐάρεστον.
1671 1225 1680 1241 ι
1700 1216 1774 1250 Πρὸς

990 1260 1131 1290 Ἰουδαίους
1149 1260 1331 1292 ἀποτείνεται,
1358 1261 1455 1292 οἵτινες
1481 1262 1584 1296 εἴχοντο
1614 1261 1659 1287 τοῦ
1675 1261 1772 1295 νόμου.

982 1304 1078 1338 λέγων,
1097 1305 1136 1331 ὅτι
1154 1305 1209 1332 Καὶ
1223 1306 1237 1331 ὁ
1251 1306 1333 1340 νόμος
1350 1306 1409 1340 μὲν,
1429 1307 1535 1341 θέλημα
1554 1305 1588 1342 ἦν
1614 1307 1692 1338 Θεοῦ,
1713 1307 1773 1333 ἀλλ’

982 1349 1032 1376 οὐκ
1046 1350 1203 1384 εὐάρεστον,
1214 1351 1275 1377 οὒτε
1287 1351 1400 1383 τέλειον,
1417 1353 1485 1379 ἀλλὰ
1500 1353 1545 1378 διὰ
1554 1353 1603 1388 τὴν
1615 1353 1772 1385 ἀσθένειαν,

983 1394 1076 1429 φησιν,
1094 1395 1170 1429 ὑμῶν
1183 1396 1371 1431 συγχωρηθὲν.
1382 1397 1490 1424 Τέλειον
1503 1398 1531 1424 δὲ
1549 1399 1594 1424 καὶ
1605 1399 1771 1434 εὐάρεστον,

982 1441 999 1475 ὴ
1019 1441 1075 1467 Νέα
1092 1441 1175 1476 Διαοή
1182 1451 1225 1477 κη.

1020 1526 1101 1561 Λέγω
1112 1526 1168 1561 γὰρ
1182 1526 1231 1553 διὰ
1256 1526 1312 1561 τῆς
1340 1528 1460 1561 χάριτος
1476 1527 1531 1561 τῆς
1557 1527 1698 1562 δοθείσης
1719 1537 1776 1562 μοι

983 1573 1071 1600 παντὶ
1083 1572 1123 1605 τῷ
1133 1573 1194 1599 ὄντι
1206 1573 1241 1599 ἐν
1251 1572 1331 1607 ὑμῖν,
1346 1573 1390 1607 μὴ
1406 1573 1604 1608 ὑπερφρονεῖν
1616 1575 1683 1608 παρ’
1694 1574 1712 1600 θ
1725 1575 1779 1602 δεῖ

983 1620 1114 1654 φρονεῖν,
1126 1619 1206 1646 ἀλλὰ
1216 1619 1338 1653 φρονεῖν
1355 1621 1398 1652 εἰς
1413 1620 1445 1646 τὸ
1456 1619 1632 1654 σωφρονεῖν,
1653 1620 1775 1653 ἑκάστῳ

982 1666 1022 1699 ὡς
1033 1667 1050 1692 ὁ
1062 1665 1133 1698 Θεὸς
1149 1664 1266 1698 ἐμέρισε
1278 1665 1390 1699 μέτρον
1407 1665 1546 1698 πίστεως.

1020 1709 1104 1740 Ἀνω,
1116 1708 1178 1735 «Διὰ
1189 1709 1242 1734 τῶν
1250 1708 1410 1743 οἰκτιρμῶν,
1419 1718 1427 1733 ι
1439 1708 1568 1744 εἰρηκὼς,
1576 1708 1635 1740 νῦν,
1650 1710 1712 1736 (Διὰ
1719 1709 1772 1744 τῆς

983 1753 1102 1788 χάριτος,
1120 1762 1129 1779 ι
1140 1753 1232 1788 φησὶν,
1241 1753 1358 1787 οὐδαμοῦ
1371 1752 1526 1784 ἀξιόπιστον
1546 1752 1643 1780 ἑαυτὸν
1653 1753 1773 1788 νομίζων

982 1799 1026 1826 διὰ
1038 1799 1286 1834 ταπεινοφροσύνην
1300 1799 1367 1834 πρδς
1387 1799 1417 1825 τὸ
1437 1800 1539 1825 πεῖσαι.
1553 1798 1603 1825 Διὰ
1613 1799 1692 1826 τοῦτο
1703 1799 1773 1826 ποτὲ

985 1844 1034 1880 μὲν
1052 1845 1115 1875 τοὺς
1131 1845 1301 1879 οἰκτιρμοὺς,
1318 1844 1384 1870 ποτὲ
1410 1844 1438 1870 δὲ
1457 1844 1507 1879 τὴν
1524 1844 1603 1879 χάριν
1621 1844 1772 1879 προϐάλλε-

982 1899 1036 1917 ται.
1054 1889 1144 1916 Εἰπὼν
1163 1889 1202 1921 δὲ,
1223 1889 1287 1915 ista
1298 1889 1474 1924 τῆςχὰριτος,
1491 1898 1501 1915 ι
1517 1889 1572 1916 τῶν
1603 1891 1772 1925 εὐεργεσιῶν

983 1935 1241 1970 ὑπομιμνήσκειτοῦ
1253 1935 1330 1962 Θεοῦ.
1345 1944 1353 1959 ι
1367 1936 1450 1961 Παντὶ
1460 1935 1498 1969 τῷ
1514 1935 1571 1961 ὄντι
1589 1935 1618 1961 ὲν
1634 1936 1724 1970 ὑμῖν.)
1735 1951 1774 1958 -

984 1981 1085 2017 [ΦΩΤ.1
1096 1982 1142 2012 Τὸ,
1153 1991 1162 2006 Ι
1169 1981 1253 2006 Παντὶ
1260 1980 1298 2015 τῷ
1305 1980 1360 2007 ὄντι
1370 1982 1398 2006 έν
1406 1981 1479 2014 ὑμῖν,
1487 1990 1495 2006 ι
1505 1980 1640 2015 διαφόρως
1652 1982 1772 2016 ἐγχωρεῖ

984 2026 1123 2061 νοηθῆναι.
1139 2026 1174 2052 Ἤ
1183 2026 1223 2051 ὃτι
1234 2026 1313 2059 Λέγω
1326 2027 1406 2051 παντὶ
1415 2025 1514 2060 τῷόντι
1526 2027 1553 2051 ὲν
1561 2026 1635 2060 ὑμῖν,
1645 2027 1769 2052 τουτέστι

983 2072 1054 2098 Πᾶσι
1067 2071 1147 2105 λέγω,
1161 2071 1228 2097 πᾶσι
1247 2071 1382 2106 παραινῶ,
1395 2072 1442 2097 καὶ
1460 2071 1563 2106 ταύτην
1575 2072 1624 2104 τὴν
1642 2070 1768 2103 ἐξουσίαν

985 2117 1017 2142 ὲκ
1034 2117 1082 2151 τῆς
1100 2116 1209 2151 χάριτος
1219 2116 1281 2151 ἔχω.
1301 2116 1347 2147 Ἣ,
1359 2116 1437 2149 Λέγω
1449 2116 1486 2150 μὴ
1500 2117 1681 2151 ὑπερφρονεῖν
1697 2117 1769 2151 ὑμᾶς

983 2162 1012 2188 ὲν
1024 2162 1105 2188 παντὶ
1119 2161 1268 2197 χαρίσματι
1279 2161 1318 2196 τῷ
1333 2161 1388 2188 δντι
1404 2163 1432 2187 ὲν
1446 2162 1518 2196 ὑμῖν.
1531 2162 1639 2196 Ταύτην
1651 2162 1705 2197 γὰρ
1720 2162 1769 2197 τὴν

148 2212 249 2241 donum
270 2213 329 2241 sive
352 2213 467 2249 gratiam
491 2222 572 2249 supra
597 2214 749 2249 quemlibet
776 2219 929 2242 versantem

994 2208 1086 2235 ζννοιαν
1101 2209 1148 2235 καὶ
1166 2208 1199 2234 τὰ
1217 2208 1372 2242 ἐπαγόμενα
1389 2207 1472 2240 δηλοῖ,
1487 2209 1515 2233 ὲν
1525 2205 1564 2239 οἷς
1580 2216 1662 2242 φησιν
1687 2207 1769 2234 Ἐκά-

148 2258 220 2285 inter
245 2265 302 2285 vos.
319 2258 433 2292 (Graeca
456 2258 529 2286 enim
559 2264 708 2294 utrumque
742 2267 852 2287 sensum
880 2259 930 2286 ad-

148 2304 260 2331 mittunt
284 2303 356 2337 λέγω
372 2305 454 2331 παντὶ
468 2304 506 2336 τῷ
526 2305 583 2332 δντι
602 2313 631 2332 εν
644 2306 709 2340 ὑμῖν
735 2305 772 2341 μὴ
791 2307 930 2341 ὑπερφρο-

148 2347 224 2378 νεῖν.)
238 2347 317 2374 Hunc
328 2355 447 2382 namque
459 2348 627 2376 intellectum
643 2349 764 2377 indicant
777 2350 859 2378 etiam
870 2358 931 2385 quae

148 2392 314 2425 eubduntur,
330 2393 432 2427 quibus
446 2393 482 2420 ait
498 2402 505 2420 :
523 2404 531 2420 ι
551 2394 586 2421 Ut
600 2395 700 2430 cuique
719 2396 790 2424 Deus
813 2397 931 2431 partitus

147 2444 199 2472 est,
212 2449 220 2464 ι
230 2442 285 2467 etc.
300 2438 454 2466 Admodum
470 2443 560 2467 autem
573 2441 710 2475 sapienter
724 2449 756 2469 ac
769 2442 929 2477 prudenter,

147 2483 339 2511 adm'mitu'us
362 2491 411 2511 eos
433 2491 468 2511 ne
489 2491 570 2512 sensu
589 2485 746 2519 eﬂ‘erretur,
770 2487 928 2520 praeposuit,

149 2539 159 2556 ι
175 2529 223 2557 Per
242 2531 356 2564 gratiam
371 2529 429 2557 Dei.
445 2539 454 2556 ι
469 2529 602 2563 Quoniam
617 2532 690 2559 enim
706 2532 843 2566 aliquibus
858 2532 930 2558 acci-

146 2575 187 2602 dit
199 2579 230 2612 ut
236 2574 401 2602 admoneant
413 2583 445 2602 ac
457 2577 615 2611 praecipiant
627 2584 660 2603 ex
671 2577 754 2609 fastu,
773 2576 929 2611 huiusmodi

146 2622 326 2657 cogitationes
341 2623 530 2657 praevertenda
544 2623 659 2651 curavit.
681 2623 740 2650 Non
761 2627 812 2655 est,
830 2623 928 2658 inquit,

145 2674 177 2693 ex
190 2674 251 2694 meo
270 2666 370 2694 altectu
384 2671 413 2694 ut
427 2675 475 2694 vos
493 2667 666 2700 admoneam,
683 2675 732 2702 per
752 2667 798 2695 Dei
815 2669 929 2702 gratiam

145 2712 197 2739 hoc
209 2712 289 2745 facio,
299 2712 355 2747 ipse
365 2713 522 2747 jubel,ejus
535 2718 700 2748 praeceptum
715 2713 823 2748 impleo.
840 2714 928 2748 Opor-

145 2761 184 2784 tet
195 2758 285 2792 itaque
300 2758 490 2792 obtemperare
501 2762 529 2785 et
546 2765 599 2785 non
611 2766 773 2794 repugnare.
792 2769 801 2785 (
815 2760 854 2787 Ne
867 2761 929 2795 quis

143 2802 274 2829 etleralur
292 2810 386 2830 sensu.
407 2812 416 2829 ι
435 2803 474 2830 De
495 2803 579 2830 animi
600 2804 732 2832 modestia
757 2806 927 2833 exhortatur.

144 2846 203 2875 Non
231 2848 302 2876 ultra
326 2855 484 2877 mensuram
500 2848 534 2878 de
560 2849 640 2878 nobis
657 2849 739 2887 366
766 2852 916 2879 sentiamus

985 2261 1039 2287 στῳ
1053 2252 1090 2283 ὡς
1106 2253 1120 2278 6
1143 2251 1209 2282 Θεὸς
1236 2252 1358 2286 ἐμέρισε,
1375 2260 1384 2277 ι
1405 2252 1452 2278 καὶ
1475 2251 1548 2286 ἑξῆς.
1562 2252 1654 2285 regem;
1668 2251 1764 2278 δὲλίαν

983 2300 1030 2325 καὶ
1056 2297 1172 2328 συνετῶς
1188 2297 1333 2332 προέταξε,
1350 2297 1454 2332 μέλλων
1470 2298 1568 2329 αὐτοὺς
1578 2297 1713 2324 νουθετεῖν
1728 2299 1768 2328 εἰς

982 2345 1013 2371 τὸ
1034 2345 1071 2380 μὴ
1085 2344 1275 2378 ὑπερφρονεῖν,
1285 2343 1324 2374 τὸ,
1342 2352 1352 2368 ι
1365 2343 1414 2369 Διὰ
1426 2344 1472 2378 τῆς
1485 2344 1595 2379 χάριτος
1603 2345 1649 2370 τοῦ
1659 2345 1738 2372 Θεοῦ.
1755 2355 1764 2371 ι

989 2389 1097 2424 Ἐπειδὴ
1108 2389 1162 2424 γὰρ
1178 2389 1264 2415 καὶτὸ
1281 2388 1417 2416 νουθετεῖν
1435 2390 1482 2416 καὶ
1492 2390 1657 2423 ἐπιτάττειν,
1677 2390 1768 2422 ἄλλοις

984 2430 1067 2464 ένίοτε
1080 2437 1109 2470 ἐξ
1122 2437 1330 2472 ὑπερφροσύνης
1359 2437 1473 2470 γίνεται,
1502 2436 1647 2471 προλαϐὼν
1672 2436 1768 2462 ἰάσατο

982 2483 1046 2513 τοὺς
1063 2483 1200 2513 τοιούτους
1211 2482 1366 2516 λογισμούς.
1377 2482 1434 2508 Οὐκ
1448 2482 1516 2511 ἐστι,
1530 2482 1625 2516 φησὶν,
1654 2481 1684 2515 ἐξ
1696 2482 1767 2516 ἐμῆς

983 2529 1107 2565 ὁρμῆςτὸ
1116 2527 1251 2554 νουθετεῖν
1265 2529 1347 2562 ὑμᾶς.
1360 2527 1408 2554 Διὰ
1419 2528 1467 2562 τῆς
1478 2527 1588 2563 χάριτος
1604 2527 1682 2553 τοῦτο
1695 2528 1766 2553 ποιῶ

982 2574 1030 2600 τοῦ
1047 2573 1221 2606 Θεοῦ.Δὺτδς
1244 2574 1361 2600 κελεύει.
1379 2573 1466 2600 Αὑτοῦ
1492 2573 1633 2608 ἐπίταγμα
1656 2573 1765 2608 πληρῶ.

982 2621 1029 2646 Δεῖ
1046 2617 1093 2646 οὖν
1117 2619 1260 2646 πείθεσθαι
1276 2620 1324 2646 καὶ
1340 2618 1377 2654 μὴ
1391 2618 1552 2652 ἀντιλέγειν.
1579 2627 1588 2644 ι
1615 2619 1660 2653 Μὴ
1681 2619 1768 2654 ὕπερ-

982 2667 1117 2700 φρονεῐν.»
1135 2666 1266 2700 Παραινεῖ
1278 2666 1342 2700 περὶ
1359 2665 1617 2700 ταπεινοφροσύνης,
1634 2666 1672 2700 μὴ
1688 2665 1766 2701 παρὰ

982 2714 1016 2740 τὰ
1031 2713 1127 2750 μέτρα,
1147 2713 1223 2749 φησὶ,
1241 2713 1394 2748 φρονῶμεν.

1007 2759 1092 2786 Τοῦτο
1102 2759 1154 2794 γὰρ
1170 2759 1260 2790 ἀνοίας
1273 2759 1424 2793 ἢάπςνοίας
1435 2758 1519 2785 ἐστίν.
1534 2767 1544 2783 ι
1563 2757 1642 2784 Ἀλλὰ
1654 2759 1766 2793 φρονεῖν

981 2806 1022 2836 εἰς
1050 2806 1080 2832 τὸ
1095 2806 1255 2840 σωφρονεῖν.
1274 2814 1283 2830 ι
1299 2805 1432 2840 Φρόνησιν
1461 2805 1515 2840 γὰρ
1545 2804 1689 2839 ἐλάϐομεν,
1714 2805 1765 2840 οὐχ

983 2852 1028 2878 ἵνα
1053 2852 1093 2883 εἰς
1110 2851 1241 2878 ἀπόνοιαν
1256 2851 1324 2886 αὐτῇ
1340 2850 1517 2885 χρησώμεθα,
1532 2850 1578 2878 καὶ
1592 2850 1763 2886 μωράνωμεν
