  <div class='ocr_page' id='page_1' title='image "/cluster/home/n/w/nwhite01/storage/ocr_20150623/118/njp.32101077772992/439.png"; bbox 0 0 1889 3055; ppageno 0'>
   <div class='ocr_carea' id='block_1_1' title="bbox 170 138 223 170">
    <p class='ocr_par' dir='ltr' id='par_1_1' title="bbox 170 138 223 170">
     <span class='ocr_line' id='line_1_1' title="bbox 170 138 223 170; baseline 0.019 -1"><span class='ocrx_word' id='word_1_1' title='bbox 170 138 223 170; x_wconf 70' lang='grc' dir='ltr'><strong>5ιὸ7</strong></span> 
     </span>
    </p>
   </div>
   <div class='ocr_carea' id='block_1_2' title="bbox 701 142 1255 177">
    <p class='ocr_par' dir='ltr' id='par_1_2' title="bbox 701 142 1255 177">
     <span class='ocr_line' id='line_1_2' title="bbox 701 142 1255 177; baseline 0.011 -6"><span class='ocrx_word' id='word_1_2' title='bbox 701 142 899 173; x_wconf 68' lang='lat' dir='ltr'><strong>(ECUMENII</strong></span> <span class='ocrx_word' id='word_1_3' title='bbox 917 142 1064 174; x_wconf 61' lang='lat' dir='ltr'><strong>TRICCYE</strong></span> <span class='ocrx_word' id='word_1_4' title='bbox 1084 145 1255 177; x_wconf 86' lang='lat' dir='ltr'><strong>EPISCOPI</strong></span> 
     </span>
    </p>
   </div>
   <div class='ocr_carea' id='block_1_3' title="bbox 1744 149 1802 181">
    <p class='ocr_par' dir='ltr' id='par_1_3' title="bbox 1744 149 1802 181">
     <span class='ocr_line' id='line_1_3' title="bbox 1744 149 1802 181; baseline -0.017 0"><span class='ocrx_word' id='word_1_5' title='bbox 1744 149 1802 181; x_wconf 72' lang='lat'><strong>563</strong></span> 
     </span>
    </p>
   </div>
   <div class='ocr_carea' id='block_1_4' title="bbox 169 197 960 242">
    <p class='ocr_par' dir='ltr' id='par_1_4' title="bbox 169 197 959 233">
     <span class='ocr_line' id='line_1_4' title="bbox 169 197 959 233; baseline 0.004 -9"><span class='ocrx_word' id='word_1_6' title='bbox 169 203 235 232; x_wconf 83' lang='lat' dir='ltr'><strong>puta</strong></span> <span class='ocrx_word' id='word_1_7' title='bbox 252 205 259 224; x_wconf 91' lang='lat'><strong>:</strong></span> <span class='ocrx_word' id='word_1_8' title='bbox 276 197 339 225; x_wconf 84' lang='lat' dir='ltr'><strong>Sive</strong></span> <span class='ocrx_word' id='word_1_9' title='bbox 353 197 526 233; x_wconf 79' lang='lat' dir='ltr'><strong>prophetiam</strong></span> <span class='ocrx_word' id='word_1_10' title='bbox 549 198 613 233; x_wconf 90' lang='lat' dir='ltr'><strong>quis</strong></span> <span class='ocrx_word' id='word_1_11' title='bbox 628 199 736 231; x_wconf 81' lang='lat' dir='ltr'><strong>habeat,</strong></span> <span class='ocrx_word' id='word_1_12' title='bbox 759 200 817 227; x_wconf 79' lang='lat' dir='ltr'><strong>sive</strong></span> <span class='ocrx_word' id='word_1_13' title='bbox 836 201 959 228; x_wconf 70' lang='lat' dir='ltr'><strong>ministe-</strong></span> 
     </span>
    </p>
   </div>
   <div class='ocr_carea' id='block_1_5' title="bbox 1021 197 1802 242">
    <p class='ocr_par' dir='ltr' id='par_1_5' title="bbox 1021 204 1802 242">
     <span class='ocr_line' id='line_1_5' title="bbox 1021 204 1802 242; baseline 0.005 -13"><span class='ocrx_word' id='word_1_14' title='bbox 1021 204 1111 238; x_wconf 65' lang='grc' dir='ltr'>ἱήματι</span> <span class='ocrx_word' id='word_1_15' title='bbox 1141 204 1234 236; x_wconf 70' lang='grc' dir='ltr'>Οὕτως</span> <span class='ocrx_word' id='word_1_16' title='bbox 1244 204 1290 231; x_wconf 80' lang='grc' dir='ltr'>οὖν</span> <span class='ocrx_word' id='word_1_17' title='bbox 1299 204 1352 231; x_wconf 82' lang='grc' dir='ltr'><strong>ἀπὸ</strong></span> <span class='ocrx_word' id='word_1_18' title='bbox 1367 205 1455 232; x_wconf 85' lang='grc' dir='ltr'>κοινοῦ</span> <span class='ocrx_word' id='word_1_19' title='bbox 1467 206 1506 237; x_wconf 81' lang='grc' dir='ltr'><strong>τὺ,</strong></span> <span class='ocrx_word' id='word_1_20' title='bbox 1519 215 1528 232; x_wconf 78' lang='grc' dir='ltr'><strong>ι</strong></span> <span class='ocrx_word' id='word_1_21' title='bbox 1544 207 1682 242; x_wconf 76' lang='grc' dir='ltr'>Ἔχοντες,</span> <span class='ocrx_word' id='word_1_22' title='bbox 1698 215 1708 233; x_wconf 75' lang='grc' dir='ltr'><strong>ι</strong></span> <span class='ocrx_word' id='word_1_23' title='bbox 1727 209 1802 234; x_wconf 76' lang='grc' dir='ltr'>κατὰ</span> 
     </span>
    </p>
   </div>
   <div class='ocr_carea' id='block_1_6' title="bbox 167 242 954 278">
    <p class='ocr_par' dir='ltr' id='par_1_6' title="bbox 167 242 954 278">
     <span class='ocr_line' id='line_1_6' title="bbox 167 242 954 278; baseline 0.004 -8"><span class='ocrx_word' id='word_1_24' title='bbox 167 243 241 270; x_wconf 83' lang='lat' dir='ltr'><strong>rium</strong></span> <span class='ocrx_word' id='word_1_25' title='bbox 266 242 329 278; x_wconf 85' lang='lat' dir='ltr'><strong>quis</strong></span> <span class='ocrx_word' id='word_1_26' title='bbox 351 243 460 271; x_wconf 82' lang='lat' dir='ltr'><strong>habeat.</strong></span> <span class='ocrx_word' id='word_1_27' title='bbox 481 243 509 270; x_wconf 88' lang='lat' dir='ltr'><strong>ld</strong></span> <span class='ocrx_word' id='word_1_28' title='bbox 530 248 620 271; x_wconf 88' lang='lat' dir='ltr'><strong>autem</strong></span> <span class='ocrx_word' id='word_1_29' title='bbox 638 249 764 278; x_wconf 79' lang='lat' dir='ltr'><strong>vocatur,</strong></span> <span class='ocrx_word' id='word_1_30' title='bbox 782 253 796 272; x_wconf 86' lang='lat' dir='ltr'><strong>a</strong></span> <span class='ocrx_word' id='word_1_31' title='bbox 815 247 954 273; x_wconf 91' lang='lat' dir='ltr'><strong>communi</strong></span> 
     </span>
    </p>
   </div>
   <div class='ocr_carea' id='block_1_7' title="bbox 169 290 956 327">
    <p class='ocr_par' dir='ltr' id='par_1_7' title="bbox 169 290 956 327">
     <span class='ocr_line' id='line_1_7' title="bbox 169 290 956 327; baseline 0.003 -11"><span class='ocrx_word' id='word_1_32' title='bbox 169 297 251 316; x_wconf 76' lang='lat' dir='ltr'><strong>sensu</strong></span> <span class='ocrx_word' id='word_1_33' title='bbox 266 290 394 324; x_wconf 90' lang='lat' dir='ltr'><strong>repetitio</strong></span> <span class='ocrx_word' id='word_1_34' title='bbox 407 294 435 317; x_wconf 89' lang='lat' dir='ltr'><strong>et</strong></span> <span class='ocrx_word' id='word_1_35' title='bbox 444 290 527 317; x_wconf 88' lang='lat' dir='ltr'><strong>etiam</strong></span> <span class='ocrx_word' id='word_1_36' title='bbox 544 298 668 325; x_wconf 81' lang='lat' dir='ltr'><strong>zeugma,</strong></span> <span class='ocrx_word' id='word_1_37' title='bbox 680 292 742 326; x_wconf 86' lang='lat' dir='ltr'><strong>quia</strong></span> <span class='ocrx_word' id='word_1_38' title='bbox 752 292 842 327; x_wconf 69' lang='lat' dir='ltr'><strong>jungit</strong></span> <span class='ocrx_word' id='word_1_39' title='bbox 852 292 956 326; x_wconf 88' lang='lat' dir='ltr'><strong>plurale</strong></span> 
     </span>
    </p>
   </div>
   <div class='ocr_carea' id='block_1_8' title="bbox 169 335 954 372">
    <p class='ocr_par' dir='ltr' id='par_1_8' title="bbox 169 335 954 372">
     <span class='ocr_line' id='line_1_8' title="bbox 169 335 954 372; baseline 0.003 -10"><span class='ocrx_word' id='word_1_40' title='bbox 169 335 312 370; x_wconf 82' lang='lat' dir='ltr'><strong>singulari,</strong></span> <span class='ocrx_word' id='word_1_41' title='bbox 323 339 351 362; x_wconf 90' lang='lat' dir='ltr'><strong>et</strong></span> <span class='ocrx_word' id='word_1_42' title='bbox 364 335 538 370; x_wconf 88' lang='lat' dir='ltr'><strong>participium</strong></span> <span class='ocrx_word' id='word_1_43' title='bbox 552 336 647 363; x_wconf 82' lang='lat' dir='ltr'><strong>verbo.</strong></span> <span class='ocrx_word' id='word_1_44' title='bbox 660 337 698 364; x_wconf 85' lang='lat' dir='ltr'><strong>Ita</strong></span> <span class='ocrx_word' id='word_1_45' title='bbox 711 345 775 372; x_wconf 76' lang='lat' dir='ltr'><strong>ergo</strong></span> <span class='ocrx_word' id='word_1_46' title='bbox 788 345 802 364; x_wconf 90' lang='lat' dir='ltr'><strong>a</strong></span> <span class='ocrx_word' id='word_1_47' title='bbox 818 338 954 364; x_wconf 87' lang='lat' dir='ltr'><strong>communi</strong></span> 
     </span>
    </p>
   </div>
   <div class='ocr_carea' id='block_1_9' title="bbox 169 381 954 418">
    <p class='ocr_par' dir='ltr' id='par_1_9' title="bbox 169 381 954 418">
     <span class='ocr_line' id='line_1_9' title="bbox 169 381 954 418; baseline 0.003 -10"><span class='ocrx_word' id='word_1_48' title='bbox 169 389 251 408; x_wconf 89' lang='lat' dir='ltr'><strong>sensu</strong></span> <span class='ocrx_word' id='word_1_49' title='bbox 278 386 390 415; x_wconf 87' lang='lat' dir='ltr'><strong>accepta</strong></span> <span class='ocrx_word' id='word_1_50' title='bbox 417 381 511 409; x_wconf 82' lang='lat' dir='ltr'><strong>dictio.</strong></span> <span class='ocrx_word' id='word_1_51' title='bbox 532 391 541 407; x_wconf 81' lang='grc' dir='ltr'><strong>ι</strong></span> <span class='ocrx_word' id='word_1_52' title='bbox 559 382 697 410; x_wconf 84' lang='lat' dir='ltr'><strong>Habentes</strong></span> <span class='ocrx_word' id='word_1_53' title='bbox 715 393 724 409; x_wconf 77' lang='grc' dir='ltr'><strong>ι</strong></span> <span class='ocrx_word' id='word_1_54' title='bbox 741 384 817 418; x_wconf 80' lang='lat' dir='ltr'><strong>juxta</strong></span> <span class='ocrx_word' id='word_1_55' title='bbox 843 392 954 418; x_wconf 71' lang='lat' dir='ltr'><strong>zeugma</strong></span> 
     </span>
    </p>
   </div>
   <div class='ocr_carea' id='block_1_10' title="bbox 171 425 955 463">
    <p class='ocr_par' dir='ltr' id='par_1_10' title="bbox 171 425 955 463">
     <span class='ocr_line' id='line_1_10' title="bbox 171 425 955 463; baseline 0.005 -12"><span class='ocrx_word' id='word_1_56' title='bbox 171 425 277 459; x_wconf 83' lang='lat' dir='ltr'><strong>perﬁcit</strong></span> <span class='ocrx_word' id='word_1_57' title='bbox 296 426 403 452; x_wconf 85' lang='lat' dir='ltr'><strong>tandem</strong></span> <span class='ocrx_word' id='word_1_58' title='bbox 416 434 447 453; x_wconf 82' lang='lat' dir='ltr'><strong>ea</strong></span> <span class='ocrx_word' id='word_1_59' title='bbox 473 426 578 454; x_wconf 79' lang='lat' dir='ltr'><strong>ratione</strong></span> <span class='ocrx_word' id='word_1_60' title='bbox 605 429 780 460; x_wconf 79' lang='lat' dir='ltr'><strong>sententiam,</strong></span> <span class='ocrx_word' id='word_1_61' title='bbox 807 429 955 463; x_wconf 79' lang='lat' dir='ltr'><strong>impletque</strong></span> 
     </span>
    </p>
   </div>
   <div class='ocr_carea' id='block_1_11' title="bbox 170 470 951 508">
    <p class='ocr_par' dir='ltr' id='par_1_11' title="bbox 170 470 951 508">
     <span class='ocr_line' id='line_1_11' title="bbox 170 470 951 508; baseline 0.005 -11"><span class='ocrx_word' id='word_1_62' title='bbox 170 470 239 497; x_wconf 88' lang='lat' dir='ltr'><strong>loca.</strong></span> <span class='ocrx_word' id='word_1_63' title='bbox 261 470 340 498; x_wconf 85' lang='lat' dir='ltr'><strong>Modo</strong></span> <span class='ocrx_word' id='word_1_64' title='bbox 354 475 445 498; x_wconf 86' lang='lat' dir='ltr'><strong>autem</strong></span> <span class='ocrx_word' id='word_1_65' title='bbox 464 472 597 500; x_wconf 74' lang='lat' dir='ltr'><strong>tlefectiro</strong></span> <span class='ocrx_word' id='word_1_66' title='bbox 611 481 706 500; x_wconf 82' lang='lat' dir='ltr'><strong>rursus</strong></span> <span class='ocrx_word' id='word_1_67' title='bbox 721 473 890 508; x_wconf 78' lang='lat' dir='ltr'><strong>elliguratur.</strong></span> <span class='ocrx_word' id='word_1_68' title='bbox 907 475 951 501; x_wconf 85' lang='lat' dir='ltr'><strong>[)e-</strong></span> 
     </span>
    </p>
   </div>
   <div class='ocr_carea' id='block_1_12' title="bbox 168 515 955 554">
    <p class='ocr_par' dir='ltr' id='par_1_12' title="bbox 168 515 955 554">
     <span class='ocr_line' id='line_1_12' title="bbox 168 515 955 554; baseline 0.004 -12"><span class='ocrx_word' id='word_1_69' title='bbox 168 515 225 543; x_wconf 77' lang='lat' dir='ltr'><strong>ficit</strong></span> <span class='ocrx_word' id='word_1_70' title='bbox 245 517 317 543; x_wconf 88' lang='lat' dir='ltr'><strong>enim</strong></span> <span class='ocrx_word' id='word_1_71' title='bbox 333 517 474 552; x_wconf 71' lang='lat' dir='ltr'><strong>quidpiam</strong></span> <span class='ocrx_word' id='word_1_72' title='bbox 495 517 527 544; x_wconf 89' lang='lat' dir='ltr'><strong>ad</strong></span> <span class='ocrx_word' id='word_1_73' title='bbox 551 519 636 553; x_wconf 80' lang='lat' dir='ltr'><strong>ipsam</strong></span> <span class='ocrx_word' id='word_1_74' title='bbox 652 521 795 547; x_wconf 69' lang='lat' dir='ltr'><strong>sententiae</strong></span> <span class='ocrx_word' id='word_1_75' title='bbox 808 519 955 554; x_wconf 62' lang='lat' dir='ltr'><strong>perfectio-</strong></span> 
     </span>
    </p>
   </div>
   <div class='ocr_carea' id='block_1_13' title="bbox 169 562 954 599">
    <p class='ocr_par' dir='ltr' id='par_1_13' title="bbox 169 562 954 599">
     <span class='ocr_line' id='line_1_13' title="bbox 169 562 954 599; baseline 0.005 -12"><span class='ocrx_word' id='word_1_76' title='bbox 169 569 230 588; x_wconf 90' lang='lat' dir='ltr'><strong>nem</strong></span> <span class='ocrx_word' id='word_1_77' title='bbox 249 569 256 593; x_wconf 87' lang='lat'><strong>;</strong></span> <span class='ocrx_word' id='word_1_78' title='bbox 274 566 338 596; x_wconf 89' lang='lat' dir='ltr'><strong>puta</strong></span> <span class='ocrx_word' id='word_1_79' title='bbox 352 569 358 588; x_wconf 94' lang='lat'>:</span> <span class='ocrx_word' id='word_1_80' title='bbox 374 562 480 590; x_wconf 78' lang='lat' dir='ltr'><strong>Maneat</strong></span> <span class='ocrx_word' id='word_1_81' title='bbox 491 563 608 597; x_wconf 86' lang='lat' dir='ltr'><strong>quisque</strong></span> <span class='ocrx_word' id='word_1_82' title='bbox 623 563 649 590; x_wconf 91' lang='lat' dir='ltr'><strong>in</strong></span> <span class='ocrx_word' id='word_1_83' title='bbox 664 565 737 591; x_wconf 88' lang='lat' dir='ltr'><strong>dono</strong></span> <span class='ocrx_word' id='word_1_84' title='bbox 748 565 819 599; x_wconf 87' lang='lat' dir='ltr'><strong>quod</strong></span> <span class='ocrx_word' id='word_1_85' title='bbox 832 565 954 599; x_wconf 83' lang='lat' dir='ltr'><strong>accepit:</strong></span> 
     </span>
    </p>
   </div>
   <div class='ocr_carea' id='block_1_14' title="bbox 169 605 956 643">
    <p class='ocr_par' dir='ltr' id='par_1_14' title="bbox 169 605 956 643">
     <span class='ocr_line' id='line_1_14' title="bbox 169 605 956 643; baseline 0.006 -12"><span class='ocrx_word' id='word_1_86' title='bbox 169 610 236 632; x_wconf 84' lang='lat' dir='ltr'><strong>aut:</strong></span> <span class='ocrx_word' id='word_1_87' title='bbox 254 605 406 633; x_wconf 86' lang='lat' dir='ltr'><strong>Contentus</strong></span> <span class='ocrx_word' id='word_1_88' title='bbox 417 607 452 634; x_wconf 90' lang='lat' dir='ltr'><strong>sit</strong></span> <span class='ocrx_word' id='word_1_89' title='bbox 469 615 476 638; x_wconf 90' lang='lat'><strong>;</strong></span> <span class='ocrx_word' id='word_1_90' title='bbox 495 612 563 634; x_wconf 88' lang='lat' dir='ltr'><strong>aut:</strong></span> <span class='ocrx_word' id='word_1_91' title='bbox 583 608 622 635; x_wconf 84' lang='lat' dir='ltr'><strong>E0</strong></span> <span class='ocrx_word' id='word_1_92' title='bbox 639 609 735 635; x_wconf 90' lang='lat' dir='ltr'><strong>ordine</strong></span> <span class='ocrx_word' id='word_1_93' title='bbox 751 610 891 643; x_wconf 83' lang='lat' dir='ltr'><strong>procedat,</strong></span> <span class='ocrx_word' id='word_1_94' title='bbox 913 609 956 636; x_wconf 73' lang='lat' dir='ltr'><strong>vel</strong></span> 
     </span>
    </p>
   </div>
   <div class='ocr_carea' id='block_1_15' title="bbox 168 650 957 689">
    <p class='ocr_par' dir='ltr' id='par_1_15' title="bbox 168 650 957 689">
     <span class='ocr_line' id='line_1_15' title="bbox 168 650 957 689; baseline 0.004 -11"><span class='ocrx_word' id='word_1_95' title='bbox 168 650 243 678; x_wconf 81' lang='lat' dir='ltr'><strong>aliud</strong></span> <span class='ocrx_word' id='word_1_96' title='bbox 256 651 432 686; x_wconf 89' lang='lat' dir='ltr'><strong>hujusmodi;</strong></span> <span class='ocrx_word' id='word_1_97' title='bbox 450 653 534 680; x_wconf 77' lang='lat' dir='ltr'><strong>veluti</strong></span> <span class='ocrx_word' id='word_1_98' title='bbox 549 663 556 681; x_wconf 86' lang='lat'>:</span> <span class='ocrx_word' id='word_1_99' title='bbox 575 654 638 681; x_wconf 79' lang='lat' dir='ltr'><strong>Sive</strong></span> <span class='ocrx_word' id='word_1_100' title='bbox 650 654 820 688; x_wconf 83' lang='lat' dir='ltr'><strong>prophetiam</strong></span> <span class='ocrx_word' id='word_1_101' title='bbox 834 655 896 689; x_wconf 87' lang='lat' dir='ltr'><strong>quis</strong></span> <span class='ocrx_word' id='word_1_102' title='bbox 909 655 957 681; x_wconf 90' lang='lat' dir='ltr'><strong>ha-</strong></span> 
     </span>
    </p>
   </div>
   <div class='ocr_carea' id='block_1_16' title="bbox 168 696 956 735">
    <p class='ocr_par' dir='ltr' id='par_1_16' title="bbox 168 696 956 735">
     <span class='ocr_line' id='line_1_16' title="bbox 168 696 956 735; baseline 0.005 -12"><span class='ocrx_word' id='word_1_103' title='bbox 168 696 232 724; x_wconf 85' lang='lat' dir='ltr'><strong>beat</strong></span> <span class='ocrx_word' id='word_1_104' title='bbox 256 698 313 725; x_wconf 71' lang='lat' dir='ltr'><strong>sive</strong></span> <span class='ocrx_word' id='word_1_105' title='bbox 340 698 536 731; x_wconf 78' lang='lat' dir='ltr'><strong>ministerium,</strong></span> <span class='ocrx_word' id='word_1_106' title='bbox 565 704 673 727; x_wconf 85' lang='lat' dir='ltr'><strong>maneat</strong></span> <span class='ocrx_word' id='word_1_107' title='bbox 696 701 813 735; x_wconf 90' lang='lat' dir='ltr'><strong>quisque</strong></span> <span class='ocrx_word' id='word_1_108' title='bbox 835 709 842 727; x_wconf 89' lang='lat'><strong>:</strong></span> <span class='ocrx_word' id='word_1_109' title='bbox 863 704 890 726; x_wconf 81' lang='lat' dir='ltr'><strong>et</strong></span> <span class='ocrx_word' id='word_1_110' title='bbox 909 700 956 735; x_wconf 88' lang='lat' dir='ltr'><strong>qui</strong></span> 
     </span>
    </p>
   </div>
   <div class='ocr_carea' id='block_1_17' title="bbox 170 743 957 781">
    <p class='ocr_par' dir='ltr' id='par_1_17' title="bbox 170 743 957 781">
     <span class='ocr_line' id='line_1_17' title="bbox 170 743 957 781; baseline 0.005 -12"><span class='ocrx_word' id='word_1_111' title='bbox 170 743 340 777; x_wconf 80' lang='lat' dir='ltr'><strong>prophetiam</strong></span> <span class='ocrx_word' id='word_1_112' title='bbox 355 744 446 775; x_wconf 86' lang='lat' dir='ltr'><strong>habet,</strong></span> <span class='ocrx_word' id='word_1_113' title='bbox 456 749 482 771; x_wconf 88' lang='lat' dir='ltr'><strong>et</strong></span> <span class='ocrx_word' id='word_1_114' title='bbox 494 745 540 779; x_wconf 92' lang='lat' dir='ltr'><strong>qui</strong></span> <span class='ocrx_word' id='word_1_115' title='bbox 554 745 745 778; x_wconf 83' lang='lat' dir='ltr'><strong>ministerium,</strong></span> <span class='ocrx_word' id='word_1_116' title='bbox 757 751 784 773; x_wconf 89' lang='lat' dir='ltr'><strong>et</strong></span> <span class='ocrx_word' id='word_1_117' title='bbox 797 747 842 781; x_wconf 85' lang='lat' dir='ltr'><strong>qui</strong></span> <span class='ocrx_word' id='word_1_118' title='bbox 855 747 957 774; x_wconf 83' lang='lat' dir='ltr'><strong>doctri-</strong></span> 
     </span>
    </p>
   </div>
   <div class='ocr_carea' id='block_1_18' title="bbox 170 790 957 827">
    <p class='ocr_par' dir='ltr' id='par_1_18' title="bbox 170 790 957 827">
     <span class='ocr_line' id='line_1_18' title="bbox 170 790 957 827; baseline 0.005 -12"><span class='ocrx_word' id='word_1_119' title='bbox 170 796 243 821; x_wconf 88' lang='lat' dir='ltr'><strong>nam,</strong></span> <span class='ocrx_word' id='word_1_120' title='bbox 265 793 291 816; x_wconf 73' lang='lat' dir='ltr'><strong>cz</strong></span> <span class='ocrx_word' id='word_1_121' title='bbox 306 790 352 824; x_wconf 85' lang='lat' dir='ltr'><strong>qui</strong></span> <span class='ocrx_word' id='word_1_122' title='bbox 368 791 597 822; x_wconf 71' lang='lat' dir='ltr'><strong>exhortationem.</strong></span> <span class='ocrx_word' id='word_1_123' title='bbox 614 792 731 826; x_wconf 89' lang='lat' dir='ltr'><strong>denique</strong></span> <span class='ocrx_word' id='word_1_124' title='bbox 747 793 774 819; x_wconf 92' lang='lat' dir='ltr'><strong>in</strong></span> <span class='ocrx_word' id='word_1_125' title='bbox 792 793 864 819; x_wconf 89' lang='lat' dir='ltr'><strong>dono</strong></span> <span class='ocrx_word' id='word_1_126' title='bbox 880 793 957 827; x_wconf 88' lang='lat' dir='ltr'><strong>quis-</strong></span> 
     </span>
    </p>
   </div>
   <div class='ocr_carea' id='block_1_19' title="bbox 169 834 956 872">
    <p class='ocr_par' dir='ltr' id='par_1_19' title="bbox 169 834 956 872">
     <span class='ocr_line' id='line_1_19' title="bbox 169 834 956 872; baseline 0.006 -13"><span class='ocrx_word' id='word_1_127' title='bbox 169 841 223 867; x_wconf 87' lang='lat' dir='ltr'><strong>que</strong></span> <span class='ocrx_word' id='word_1_128' title='bbox 236 834 308 868; x_wconf 91' lang='lat' dir='ltr'><strong>quod</strong></span> <span class='ocrx_word' id='word_1_129' title='bbox 325 835 440 869; x_wconf 86' lang='lat' dir='ltr'><strong>accepit.</strong></span> <span class='ocrx_word' id='word_1_130' title='bbox 454 836 488 862; x_wconf 90' lang='lat' dir='ltr'><strong>Et</strong></span> <span class='ocrx_word' id='word_1_131' title='bbox 506 836 637 870; x_wconf 78' lang='lat' dir='ltr'><strong>frequens</strong></span> <span class='ocrx_word' id='word_1_132' title='bbox 649 841 690 864; x_wconf 91' lang='lat' dir='ltr'><strong>est</strong></span> <span class='ocrx_word' id='word_1_133' title='bbox 703 837 796 864; x_wconf 85' lang='lat' dir='ltr'><strong>talium</strong></span> <span class='ocrx_word' id='word_1_134' title='bbox 809 845 874 865; x_wconf 90' lang='lat' dir='ltr'><strong>usus</strong></span> <span class='ocrx_word' id='word_1_135' title='bbox 885 837 956 872; x_wconf 86' lang='lat' dir='ltr'><strong>apud</strong></span> 
     </span>
    </p>
   </div>
   <div class='ocr_carea' id='block_1_20' title="bbox 169 878 961 910">
    <p class='ocr_par' dir='ltr' id='par_1_20' title="bbox 169 878 961 910">
     <span class='ocr_line' id='line_1_20' title="bbox 169 878 961 910; baseline 0.004 -6"><span class='ocrx_word' id='word_1_136' title='bbox 169 878 264 905; x_wconf 85' lang='lat' dir='ltr'><strong>divum</strong></span> <span class='ocrx_word' id='word_1_137' title='bbox 273 879 397 906; x_wconf 85' lang='lat' dir='ltr'><strong>Paulum.</strong></span> <span class='ocrx_word' id='word_1_138' title='bbox 406 880 460 908; x_wconf 84' lang='lat' dir='ltr'><strong>Nec</strong></span> <span class='ocrx_word' id='word_1_139' title='bbox 471 881 578 908; x_wconf 82' lang='lat' dir='ltr'><strong>mireris</strong></span> <span class='ocrx_word' id='word_1_140' title='bbox 586 882 607 908; x_wconf 88' lang='lat' dir='ltr'><strong>si</strong></span> <span class='ocrx_word' id='word_1_141' title='bbox 617 890 677 908; x_wconf 91' lang='lat' dir='ltr'><strong>cum</strong></span> <span class='ocrx_word' id='word_1_142' title='bbox 691 882 749 909; x_wconf 74' lang='lat' dir='ltr'><strong>hzec</strong></span> <span class='ocrx_word' id='word_1_143' title='bbox 759 890 812 909; x_wconf 89' lang='lat' dir='ltr'><strong>non</strong></span> <span class='ocrx_word' id='word_1_144' title='bbox 823 883 961 910; x_wconf 64' lang='lat' dir='ltr'><strong>didicerit,</strong></span> 
     </span>
    </p>
   </div>
   <div class='ocr_carea' id='block_1_21' title="bbox 171 925 961 963">
    <p class='ocr_par' dir='ltr' id='par_1_21' title="bbox 171 925 961 963">
     <span class='ocr_line' id='line_1_21' title="bbox 171 925 961 963; baseline 0.005 -12"><span class='ocrx_word' id='word_1_145' title='bbox 171 925 273 952; x_wconf 81' lang='lat' dir='ltr'><strong>talibus</strong></span> <span class='ocrx_word' id='word_1_146' title='bbox 283 925 319 952; x_wconf 88' lang='lat' dir='ltr'><strong>sit</strong></span> <span class='ocrx_word' id='word_1_147' title='bbox 335 934 412 954; x_wconf 89' lang='lat' dir='ltr'><strong>usus.</strong></span> <span class='ocrx_word' id='word_1_148' title='bbox 427 927 454 953; x_wconf 90' lang='lat' dir='ltr'><strong>Si</strong></span> <span class='ocrx_word' id='word_1_149' title='bbox 466 927 576 961; x_wconf 90' lang='lat' dir='ltr'><strong>quidem</strong></span> <span class='ocrx_word' id='word_1_150' title='bbox 599 928 684 962; x_wconf 76' lang='lat' dir='ltr'><strong>gratia</strong></span> <span class='ocrx_word' id='word_1_151' title='bbox 707 936 768 962; x_wconf 66' lang='lat' dir='ltr'><strong>qua?</strong></span> <span class='ocrx_word' id='word_1_152' title='bbox 785 929 888 963; x_wconf 80' lang='lat' dir='ltr'><strong>majora</strong></span> <span class='ocrx_word' id='word_1_153' title='bbox 910 928 961 955; x_wconf 85' lang='lat' dir='ltr'><strong>tri—</strong></span> 
     </span>
    </p>
   </div>
   <div class='ocr_carea' id='block_1_22' title="bbox 171 969 961 1007">
    <p class='ocr_par' dir='ltr' id='par_1_22' title="bbox 171 969 961 1007">
     <span class='ocr_line' id='line_1_22' title="bbox 171 969 961 1007; baseline 0.003 -10"><span class='ocrx_word' id='word_1_154' title='bbox 171 969 241 1002; x_wconf 86' lang='lat' dir='ltr'><strong>buit,</strong></span> <span class='ocrx_word' id='word_1_155' title='bbox 259 971 340 998; x_wconf 90' lang='lat' dir='ltr'><strong>etiam</strong></span> <span class='ocrx_word' id='word_1_156' title='bbox 358 971 501 998; x_wconf 87' lang='lat' dir='ltr'><strong>humilium</strong></span> <span class='ocrx_word' id='word_1_157' title='bbox 517 973 700 1007; x_wconf 72' lang='lat' dir='ltr'><strong>cognitionem</strong></span> <span class='ocrx_word' id='word_1_158' title='bbox 718 972 876 1006; x_wconf 82' lang='lat' dir='ltr'><strong>frequentrr</strong></span> <span class='ocrx_word' id='word_1_159' title='bbox 890 980 961 1007; x_wconf 67' lang='lat' dir='ltr'><strong>pra:-</strong></span> 
     </span>
    </p>
   </div>
   <div class='ocr_carea' id='block_1_23' title="bbox 171 1017 961 1054">
    <p class='ocr_par' dir='ltr' id='par_1_23' title="bbox 171 1017 961 1054">
     <span class='ocr_line' id='line_1_23' title="bbox 171 1017 961 1054; baseline 0.004 -11"><span class='ocrx_word' id='word_1_160' title='bbox 171 1021 234 1044; x_wconf 83' lang='lat' dir='ltr'><strong>stat.</strong></span> <span class='ocrx_word' id='word_1_161' title='bbox 248 1017 308 1044; x_wconf 85' lang='lat' dir='ltr'><strong>Non</strong></span> <span class='ocrx_word' id='word_1_162' title='bbox 322 1017 394 1052; x_wconf 92' lang='lat' dir='ltr'><strong>quod</strong></span> <span class='ocrx_word' id='word_1_163' title='bbox 408 1018 465 1046; x_wconf 58' lang='lat' dir='ltr'><strong>hac</strong></span> <span class='ocrx_word' id='word_1_164' title='bbox 473 1026 600 1054; x_wconf 78' lang='lat' dir='ltr'><strong>magnum</strong></span> <span class='ocrx_word' id='word_1_165' title='bbox 613 1019 716 1053; x_wconf 81' lang='lat' dir='ltr'><strong>aliquid</strong></span> <span class='ocrx_word' id='word_1_166' title='bbox 727 1019 791 1046; x_wconf 86' lang='lat' dir='ltr'><strong>sint.</strong></span> <span class='ocrx_word' id='word_1_167' title='bbox 805 1019 875 1052; x_wconf 87' lang='lat' dir='ltr'><strong>Quid</strong></span> <span class='ocrx_word' id='word_1_168' title='bbox 887 1019 961 1046; x_wconf 89' lang='lat' dir='ltr'><strong>enim</strong></span> 
     </span>
    </p>
   </div>
   <div class='ocr_carea' id='block_1_24' title="bbox 171 1064 961 1098">
    <p class='ocr_par' dir='ltr' id='par_1_24' title="bbox 171 1064 961 1098">
     <span class='ocr_line' id='line_1_24' title="bbox 171 1064 961 1098; baseline 0.003 -9"><span class='ocrx_word' id='word_1_169' title='bbox 171 1067 215 1090; x_wconf 87' lang='lat' dir='ltr'><strong>est</strong></span> <span class='ocrx_word' id='word_1_170' title='bbox 243 1068 425 1098; x_wconf 64' lang='lat' dir='ltr'><strong>praeterquam</strong></span> <span class='ocrx_word' id='word_1_171' title='bbox 445 1064 522 1091; x_wconf 89' lang='lat' dir='ltr'><strong>labor</strong></span> <span class='ocrx_word' id='word_1_172' title='bbox 544 1072 576 1092; x_wconf 87' lang='lat' dir='ltr'><strong>ac</strong></span> <span class='ocrx_word' id='word_1_173' title='bbox 602 1064 712 1092; x_wconf 84' lang='lat' dir='ltr'><strong>nomina</strong></span> <span class='ocrx_word' id='word_1_174' title='bbox 736 1064 892 1097; x_wconf 84' lang='lat' dir='ltr'><strong>hominum,</strong></span> <span class='ocrx_word' id='word_1_175' title='bbox 915 1064 961 1098; x_wconf 92' lang='lat' dir='ltr'><strong>qui</strong></span> 
     </span>
    </p>
   </div>
   <div class='ocr_carea' id='block_1_25' title="bbox 172 1108 962 1145">
    <p class='ocr_par' dir='ltr' id='par_1_25' title="bbox 172 1108 962 1145">
     <span class='ocr_line' id='line_1_25' title="bbox 172 1108 962 1145; baseline 0 -9"><span class='ocrx_word' id='word_1_176' title='bbox 172 1108 245 1136; x_wconf 85' lang='lat' dir='ltr'><strong>circa</strong></span> <span class='ocrx_word' id='word_1_177' title='bbox 262 1109 396 1137; x_wconf 89' lang='lat' dir='ltr'><strong>dictiones</strong></span> <span class='ocrx_word' id='word_1_178' title='bbox 406 1114 433 1137; x_wconf 88' lang='lat' dir='ltr'><strong>et</strong></span> <span class='ocrx_word' id='word_1_179' title='bbox 443 1109 560 1145; x_wconf 74' lang='lat' dir='ltr'><strong>syllabas</strong></span> <span class='ocrx_word' id='word_1_180' title='bbox 570 1117 720 1145; x_wconf 87' lang='lat' dir='ltr'><strong>earumque</strong></span> <span class='ocrx_word' id='word_1_181' title='bbox 735 1110 962 1145; x_wconf 87' lang='lat' dir='ltr'><strong>compositionem</strong></span> 
     </span>
    </p>
   </div>
   <div class='ocr_carea' id='block_1_26' title="bbox 173 1154 962 1191">
    <p class='ocr_par' dir='ltr' id='par_1_26' title="bbox 173 1154 962 1191">
     <span class='ocr_line' id='line_1_26' title="bbox 173 1154 962 1191; baseline 0.005 -11"><span class='ocrx_word' id='word_1_182' title='bbox 173 1154 276 1181; x_wconf 88' lang='lat' dir='ltr'><strong>curiosi</strong></span> <span class='ocrx_word' id='word_1_183' title='bbox 294 1159 357 1182; x_wconf 83' lang='lat' dir='ltr'><strong>sunt</strong></span> <span class='ocrx_word' id='word_1_184' title='bbox 372 1155 513 1182; x_wconf 83' lang='lat' dir='ltr'><strong>et.amii?</strong></span> <span class='ocrx_word' id='word_1_185' title='bbox 534 1156 594 1182; x_wconf 89' lang='lat' dir='ltr'><strong>Non</strong></span> <span class='ocrx_word' id='word_1_186' title='bbox 611 1163 677 1191; x_wconf 81' lang='lat' dir='ltr'><strong>ergo</strong></span> <span class='ocrx_word' id='word_1_187' title='bbox 696 1156 738 1183; x_wconf 85' lang='lat' dir='ltr'><strong>his</strong></span> <span class='ocrx_word' id='word_1_188' title='bbox 758 1164 824 1184; x_wconf 85' lang='lat' dir='ltr'><strong>usus</strong></span> <span class='ocrx_word' id='word_1_189' title='bbox 841 1161 883 1184; x_wconf 91' lang='lat' dir='ltr'><strong>est</strong></span> <span class='ocrx_word' id='word_1_190' title='bbox 900 1162 962 1184; x_wconf 89' lang='lat' dir='ltr'><strong>tan-</strong></span> 
     </span>
    </p>
   </div>
   <div class='ocr_carea' id='block_1_27' title="bbox 172 1200 963 1236">
    <p class='ocr_par' dir='ltr' id='par_1_27' title="bbox 172 1200 963 1236">
     <span class='ocr_line' id='line_1_27' title="bbox 172 1200 963 1236; baseline 0.004 -9"><span class='ocrx_word' id='word_1_191' title='bbox 172 1208 254 1236; x_wconf 86' lang='lat' dir='ltr'><strong>quam</strong></span> <span class='ocrx_word' id='word_1_192' title='bbox 267 1200 324 1228; x_wconf 68' lang='lat' dir='ltr'><strong>bmc</strong></span> <span class='ocrx_word' id='word_1_193' title='bbox 336 1208 433 1236; x_wconf 78' lang='lat' dir='ltr'><strong>magna</strong></span> <span class='ocrx_word' id='word_1_194' title='bbox 448 1201 571 1236; x_wconf 59' lang='lat' dir='ltr'><strong>quaedam</strong></span> <span class='ocrx_word' id='word_1_195' title='bbox 587 1201 643 1229; x_wconf 88' lang='lat' dir='ltr'><strong>sint</strong></span> <span class='ocrx_word' id='word_1_196' title='bbox 657 1211 662 1228; x_wconf 95' lang='lat'><strong>:</strong></span> <span class='ocrx_word' id='word_1_197' title='bbox 679 1202 726 1229; x_wconf 82' lang='lat' dir='ltr'><strong>sed</strong></span> <span class='ocrx_word' id='word_1_198' title='bbox 738 1207 768 1230; x_wconf 89' lang='lat' dir='ltr'><strong>ut</strong></span> <span class='ocrx_word' id='word_1_199' title='bbox 784 1210 832 1230; x_wconf 88' lang='lat' dir='ltr'><strong>eos</strong></span> <span class='ocrx_word' id='word_1_200' title='bbox 845 1203 963 1230; x_wconf 82' lang='lat' dir='ltr'><strong>confun-</strong></span> 
     </span>
    </p>
   </div>
   <div class='ocr_carea' id='block_1_28' title="bbox 172 1245 962 1282">
    <p class='ocr_par' dir='ltr' id='par_1_28' title="bbox 172 1245 962 1282">
     <span class='ocr_line' id='line_1_28' title="bbox 172 1245 962 1282; baseline 0.004 -10"><span class='ocrx_word' id='word_1_201' title='bbox 172 1245 250 1273; x_wconf 89' lang='lat' dir='ltr'><strong>deret</strong></span> <span class='ocrx_word' id='word_1_202' title='bbox 263 1245 310 1280; x_wconf 94' lang='lat' dir='ltr'><strong>qui</strong></span> <span class='ocrx_word' id='word_1_203' title='bbox 326 1246 361 1273; x_wconf 91' lang='lat' dir='ltr'><strong>ob</strong></span> <span class='ocrx_word' id='word_1_204' title='bbox 377 1246 429 1273; x_wconf 90' lang='lat' dir='ltr'><strong>ista</strong></span> <span class='ocrx_word' id='word_1_205' title='bbox 447 1247 594 1281; x_wconf 91' lang='lat' dir='ltr'><strong>plurimum</strong></span> <span class='ocrx_word' id='word_1_206' title='bbox 613 1247 792 1280; x_wconf 83' lang='lat' dir='ltr'><strong>extolluntur,</strong></span> <span class='ocrx_word' id='word_1_207' title='bbox 809 1255 912 1282; x_wconf 87' lang='lat' dir='ltr'><strong>eosque</strong></span> <span class='ocrx_word' id='word_1_208' title='bbox 929 1248 962 1275; x_wconf 87' lang='lat' dir='ltr'><strong>ad</strong></span> 
     </span>
    </p>
   </div>
   <div class='ocr_carea' id='block_1_29' title="bbox 173 1291 964 1328">
    <p class='ocr_par' dir='ltr' id='par_1_29' title="bbox 173 1291 964 1328">
     <span class='ocr_line' id='line_1_29' title="bbox 173 1291 964 1328; baseline 0.004 -10"><span class='ocrx_word' id='word_1_209' title='bbox 173 1291 260 1318; x_wconf 88' lang='lat' dir='ltr'><strong>animi</strong></span> <span class='ocrx_word' id='word_1_210' title='bbox 284 1292 447 1320; x_wconf 84' lang='lat' dir='ltr'><strong>modestiam</strong></span> <span class='ocrx_word' id='word_1_211' title='bbox 467 1293 624 1320; x_wconf 85' lang='lat' dir='ltr'><strong>revocando</strong></span> <span class='ocrx_word' id='word_1_212' title='bbox 644 1292 828 1325; x_wconf 78' lang='lat' dir='ltr'><strong>lucrifaceret,</strong></span> <span class='ocrx_word' id='word_1_213' title='bbox 841 1301 896 1328; x_wconf 89' lang='lat' dir='ltr'><strong>quo</strong></span> <span class='ocrx_word' id='word_1_214' title='bbox 908 1301 964 1321; x_wconf 65' lang='lat' dir='ltr'><strong>sum</strong></span> 
     </span>
    </p>
   </div>
   <div class='ocr_carea' id='block_1_30' title="bbox 172 1337 964 1373">
    <p class='ocr_par' dir='ltr' id='par_1_30' title="bbox 172 1337 964 1373">
     <span class='ocr_line' id='line_1_30' title="bbox 172 1337 964 1373; baseline 0.003 -9"><span class='ocrx_word' id='word_1_215' title='bbox 172 1342 301 1373; x_wconf 86' lang='lat' dir='ltr'><strong>parerent</strong></span> <span class='ocrx_word' id='word_1_216' title='bbox 312 1338 501 1365; x_wconf 83' lang='lat' dir='ltr'><strong>admonitioni.</strong></span> <span class='ocrx_word' id='word_1_217' title='bbox 511 1337 606 1366; x_wconf 83' lang='lat' dir='ltr'><strong>Omnia</strong></span> <span class='ocrx_word' id='word_1_218' title='bbox 614 1338 688 1366; x_wconf 90' lang='lat' dir='ltr'><strong>enim</strong></span> <span class='ocrx_word' id='word_1_219' title='bbox 700 1338 815 1373; x_wconf 81' lang='lat' dir='ltr'><strong>impigre</strong></span> <span class='ocrx_word' id='word_1_220' title='bbox 824 1339 964 1373; x_wconf 63' lang='lat' dir='ltr'><strong>aggredie«</strong></span> 
     </span>
    </p>
   </div>
   <div class='ocr_carea' id='block_1_31' title="bbox 173 1383 963 1416">
    <p class='ocr_par' dir='ltr' id='par_1_31' title="bbox 173 1383 963 1416">
     <span class='ocr_line' id='line_1_31' title="bbox 173 1383 963 1416; baseline 0.003 -6"><span class='ocrx_word' id='word_1_221' title='bbox 173 1383 256 1411; x_wconf 88' lang='lat' dir='ltr'><strong>batur</strong></span> <span class='ocrx_word' id='word_1_222' title='bbox 272 1384 384 1416; x_wconf 84' lang='lat' dir='ltr'><strong>Paulus,</strong></span> <span class='ocrx_word' id='word_1_223' title='bbox 401 1384 550 1412; x_wconf 90' lang='lat' dir='ltr'><strong>dummodo</strong></span> <span class='ocrx_word' id='word_1_224' title='bbox 563 1384 678 1411; x_wconf 79' lang='lat' dir='ltr'><strong>salutem</strong></span> <span class='ocrx_word' id='word_1_225' title='bbox 696 1383 780 1411; x_wconf 80' lang='lat' dir='ltr'><strong>[erret</strong></span> <span class='ocrx_word' id='word_1_226' title='bbox 794 1384 963 1412; x_wconf 85' lang='lat' dir='ltr'><strong>hominibus.</strong></span> 
     </span>
    </p>
   </div>
   <div class='ocr_carea' id='block_1_32' title="bbox 173 1427 963 1463">
    <p class='ocr_par' dir='ltr' id='par_1_32' title="bbox 173 1427 963 1463">
     <span class='ocr_line' id='line_1_32' title="bbox 173 1427 963 1463; baseline 0.003 -8"><span class='ocrx_word' id='word_1_227' title='bbox 173 1427 237 1455; x_wconf 89' lang='lat' dir='ltr'><strong>ldeo</strong></span> <span class='ocrx_word' id='word_1_228' title='bbox 261 1436 370 1463; x_wconf 88' lang='lat' dir='ltr'><strong>quoque</strong></span> <span class='ocrx_word' id='word_1_229' title='bbox 399 1429 546 1456; x_wconf 88' lang='lat' dir='ltr'><strong>citationes</strong></span> <span class='ocrx_word' id='word_1_230' title='bbox 571 1428 740 1463; x_wconf 85' lang='lat' dir='ltr'><strong>peeticorum</strong></span> <span class='ocrx_word' id='word_1_231' title='bbox 763 1429 917 1455; x_wconf 87' lang='lat' dir='ltr'><strong>carminum</strong></span> <span class='ocrx_word' id='word_1_232' title='bbox 935 1433 963 1457; x_wconf 87' lang='lat' dir='ltr'><strong>et</strong></span> 
     </span>
    </p>
   </div>
   <div class='ocr_carea' id='block_1_33' title="bbox 173 1473 965 1508">
    <p class='ocr_par' dir='ltr' id='par_1_33' title="bbox 173 1473 965 1508">
     <span class='ocr_line' id='line_1_33' title="bbox 173 1473 965 1508; baseline 0 -7"><span class='ocrx_word' id='word_1_233' title='bbox 173 1473 274 1501; x_wconf 67' lang='lat' dir='ltr'><strong>Graecae</strong></span> <span class='ocrx_word' id='word_1_234' title='bbox 292 1474 424 1507; x_wconf 70' lang='lat' dir='ltr'><strong>historiae,</strong></span> <span class='ocrx_word' id='word_1_235' title='bbox 440 1475 640 1508; x_wconf 90' lang='lat' dir='ltr'><strong>innumeraque</strong></span> <span class='ocrx_word' id='word_1_236' title='bbox 656 1474 812 1508; x_wconf 72' lang='lat' dir='ltr'><strong>huiusmodi</strong></span> <span class='ocrx_word' id='word_1_237' title='bbox 827 1482 882 1501; x_wconf 88' lang='lat' dir='ltr'><strong>non</strong></span> <span class='ocrx_word' id='word_1_238' title='bbox 897 1482 965 1501; x_wconf 93' lang='lat' dir='ltr'><strong>cun-</strong></span> 
     </span>
    </p>
   </div>
   <div class='ocr_carea' id='block_1_34' title="bbox 175 1518 964 1554">
    <p class='ocr_par' dir='ltr' id='par_1_34' title="bbox 175 1518 964 1554">
     <span class='ocr_line' id='line_1_34' title="bbox 175 1518 964 1554; baseline 0 -9"><span class='ocrx_word' id='word_1_239' title='bbox 175 1523 266 1546; x_wconf 87' lang='lat' dir='ltr'><strong>ctatur</strong></span> <span class='ocrx_word' id='word_1_240' title='bbox 281 1519 414 1554; x_wconf 85' lang='lat' dir='ltr'><strong>proferre,</strong></span> <span class='ocrx_word' id='word_1_241' title='bbox 424 1519 506 1546; x_wconf 90' lang='lat' dir='ltr'><strong>modo</strong></span> <span class='ocrx_word' id='word_1_242' title='bbox 516 1519 596 1546; x_wconf 89' lang='lat' dir='ltr'><strong>etiam</strong></span> <span class='ocrx_word' id='word_1_243' title='bbox 611 1526 659 1553; x_wconf 84' lang='lat' dir='ltr'><strong>per</strong></span> <span class='ocrx_word' id='word_1_244' title='bbox 672 1519 730 1546; x_wconf 76' lang='lat' dir='ltr'><strong>haac</strong></span> <span class='ocrx_word' id='word_1_245' title='bbox 741 1518 860 1553; x_wconf 85' lang='lat' dir='ltr'><strong>aliquam</strong></span> <span class='ocrx_word' id='word_1_246' title='bbox 873 1522 964 1553; x_wconf 88' lang='lat' dir='ltr'><strong>speret</strong></span> 
     </span>
    </p>
   </div>
   <div class='ocr_carea' id='block_1_35' title="bbox 175 1563 965 1598">
    <p class='ocr_par' dir='ltr' id='par_1_35' title="bbox 175 1563 965 1598">
     <span class='ocr_line' id='line_1_35' title="bbox 175 1563 965 1598; baseline 0 -8"><span class='ocrx_word' id='word_1_247' title='bbox 175 1564 318 1591; x_wconf 88' lang='lat' dir='ltr'><strong>hominum</strong></span> <span class='ocrx_word' id='word_1_248' title='bbox 335 1564 457 1598; x_wconf 83' lang='lat' dir='ltr'><strong>arripere</strong></span> <span class='ocrx_word' id='word_1_249' title='bbox 474 1564 599 1590; x_wconf 88' lang='lat' dir='ltr'><strong>salutem.</strong></span> <span class='ocrx_word' id='word_1_250' title='bbox 616 1563 706 1598; x_wconf 71' lang='lat' dir='ltr'><strong>Papre,</strong></span> <span class='ocrx_word' id='word_1_251' title='bbox 723 1568 844 1598; x_wconf 88' lang='lat' dir='ltr'><strong>quantus</strong></span> <span class='ocrx_word' id='word_1_252' title='bbox 857 1563 965 1590; x_wconf 86' lang='lat' dir='ltr'><strong>animus</strong></span> 
     </span>
    </p>
   </div>
   <div class='ocr_carea' id='block_1_36' title="bbox 176 1609 965 1645">
    <p class='ocr_par' dir='ltr' id='par_1_36' title="bbox 176 1609 965 1645">
     <span class='ocr_line' id='line_1_36' title="bbox 176 1609 965 1645; baseline -0.003 -7"><span class='ocrx_word' id='word_1_253' title='bbox 176 1618 208 1638; x_wconf 83' lang='lat' dir='ltr'><strong>ac</strong></span> <span class='ocrx_word' id='word_1_254' title='bbox 221 1610 343 1638; x_wconf 88' lang='lat' dir='ltr'><strong>studium</strong></span> <span class='ocrx_word' id='word_1_255' title='bbox 359 1611 366 1637; x_wconf 77' lang='grc' dir='ltr'><strong>ί</strong></span> <span class='ocrx_word' id='word_1_256' title='bbox 383 1610 464 1645; x_wconf 78' lang='lat'><strong>368</strong></span> <span class='ocrx_word' id='word_1_257' title='bbox 480 1610 551 1638; x_wconf 86' lang='lat' dir='ltr'><strong>Bene</strong></span> <span class='ocrx_word' id='word_1_258' title='bbox 565 1615 655 1637; x_wconf 92' lang='lat' dir='ltr'><strong>autem</strong></span> <span class='ocrx_word' id='word_1_259' title='bbox 669 1615 697 1637; x_wconf 91' lang='lat' dir='ltr'><strong>et</strong></span> <span class='ocrx_word' id='word_1_260' title='bbox 711 1609 757 1636; x_wconf 88' lang='lat' dir='ltr'><strong>tali</strong></span> <span class='ocrx_word' id='word_1_261' title='bbox 774 1617 840 1637; x_wconf 87' lang='lat' dir='ltr'><strong>usus</strong></span> <span class='ocrx_word' id='word_1_262' title='bbox 855 1614 965 1637; x_wconf 87' lang='lat' dir='ltr'><strong>estser-</strong></span> 
     </span>
    </p>
   </div>
   <div class='ocr_carea' id='block_1_37' title="bbox 175 1654 966 1691">
    <p class='ocr_par' dir='ltr' id='par_1_37' title="bbox 175 1654 966 1691">
     <span class='ocr_line' id='line_1_37' title="bbox 175 1654 966 1691; baseline -0.001 -8"><span class='ocrx_word' id='word_1_263' title='bbox 175 1663 288 1683; x_wconf 85' lang='lat' dir='ltr'><strong>menum</strong></span> <span class='ocrx_word' id='word_1_264' title='bbox 303 1663 414 1691; x_wconf 78' lang='lat' dir='ltr'><strong>genere,</strong></span> <span class='ocrx_word' id='word_1_265' title='bbox 427 1659 456 1681; x_wconf 86' lang='lat' dir='ltr'><strong>et</strong></span> <span class='ocrx_word' id='word_1_266' title='bbox 472 1662 581 1682; x_wconf 83' lang='lat' dir='ltr'><strong>rursum</strong></span> <span class='ocrx_word' id='word_1_267' title='bbox 597 1655 747 1690; x_wconf 87' lang='lat' dir='ltr'><strong>apostolico</strong></span> <span class='ocrx_word' id='word_1_268' title='bbox 761 1662 793 1681; x_wconf 89' lang='lat' dir='ltr'><strong>ac</strong></span> <span class='ocrx_word' id='word_1_269' title='bbox 809 1654 926 1689; x_wconf 89' lang='lat' dir='ltr'><strong>simplici</strong></span> <span class='ocrx_word' id='word_1_270' title='bbox 937 1659 966 1682; x_wconf 90' lang='lat' dir='ltr'><strong>et</strong></span> 
     </span>
    </p>
   </div>
   <div class='ocr_carea' id='block_1_38' title="bbox 176 1700 964 1737">
    <p class='ocr_par' dir='ltr' id='par_1_38' title="bbox 176 1700 964 1737">
     <span class='ocr_line' id='line_1_38' title="bbox 176 1700 964 1737; baseline -0.003 -8"><span class='ocrx_word' id='word_1_271' title='bbox 176 1709 309 1737; x_wconf 74' lang='lat' dir='ltr'><strong>generoso</strong></span> <span class='ocrx_word' id='word_1_272' title='bbox 325 1709 356 1728; x_wconf 89' lang='lat' dir='ltr'><strong>ac</strong></span> <span class='ocrx_word' id='word_1_273' title='bbox 372 1700 514 1728; x_wconf 68' lang='lat' dir='ltr'><strong>ilPaborato</strong></span> <span class='ocrx_word' id='word_1_274' title='bbox 528 1700 687 1728; x_wconf 85' lang='lat' dir='ltr'><strong>charactere</strong></span> <span class='ocrx_word' id='word_1_275' title='bbox 703 1707 759 1727; x_wconf 89' lang='lat' dir='ltr'><strong>non</strong></span> <span class='ocrx_word' id='word_1_276' title='bbox 773 1700 901 1727; x_wconf 88' lang='lat' dir='ltr'><strong>abstinet.</strong></span> <span class='ocrx_word' id='word_1_277' title='bbox 914 1700 964 1727; x_wconf 87' lang='lat' dir='ltr'><strong>Et-</strong></span> 
     </span>
    </p>
   </div>
   <div class='ocr_carea' id='block_1_39' title="bbox 175 1745 964 1780">
    <p class='ocr_par' dir='ltr' id='par_1_39' title="bbox 175 1745 964 1780">
     <span class='ocr_line' id='line_1_39' title="bbox 175 1745 964 1780; baseline -0.003 -6"><span class='ocrx_word' id='word_1_278' title='bbox 175 1748 250 1774; x_wconf 90' lang='lat' dir='ltr'><strong>enim</strong></span> <span class='ocrx_word' id='word_1_279' title='bbox 274 1747 296 1774; x_wconf 79' lang='lat' dir='ltr'><strong>si</strong></span> <span class='ocrx_word' id='word_1_280' title='bbox 316 1753 451 1780; x_wconf 86' lang='lat' dir='ltr'><strong>nusquam</strong></span> <span class='ocrx_word' id='word_1_281' title='bbox 472 1745 516 1773; x_wconf 86' lang='lat' dir='ltr'><strong>his</strong></span> <span class='ocrx_word' id='word_1_282' title='bbox 536 1753 602 1773; x_wconf 88' lang='lat' dir='ltr'><strong>usus</strong></span> <span class='ocrx_word' id='word_1_283' title='bbox 622 1745 729 1778; x_wconf 80' lang='lat' dir='ltr'><strong>fuisset,</strong></span> <span class='ocrx_word' id='word_1_284' title='bbox 749 1746 796 1780; x_wconf 89' lang='lat' dir='ltr'><strong>qui</strong></span> <span class='ocrx_word' id='word_1_285' title='bbox 817 1745 888 1772; x_wconf 91' lang='lat' dir='ltr'><strong>nihil</strong></span> <span class='ocrx_word' id='word_1_286' title='bbox 909 1752 964 1772; x_wconf 91' lang='lat' dir='ltr'><strong>non</strong></span> 
     </span>
    </p>
   </div>
   <div class='ocr_carea' id='block_1_40' title="bbox 175 1790 964 1825">
    <p class='ocr_par' dir='ltr' id='par_1_40' title="bbox 175 1790 964 1825">
     <span class='ocr_line' id='line_1_40' title="bbox 175 1790 964 1825; baseline -0.003 -5"><span class='ocrx_word' id='word_1_287' title='bbox 175 1793 289 1824; x_wconf 84' lang='lat' dir='ltr'><strong>audent,</strong></span> <span class='ocrx_word' id='word_1_288' title='bbox 297 1790 545 1825; x_wconf 84' lang='lat' dir='ltr'><strong>impossibilitatem</strong></span> <span class='ocrx_word' id='word_1_289' title='bbox 555 1798 587 1818; x_wconf 88' lang='lat' dir='ltr'><strong>ac</strong></span> <span class='ocrx_word' id='word_1_290' title='bbox 594 1790 760 1825; x_wconf 85' lang='lat' dir='ltr'><strong>imperitiam</strong></span> <span class='ocrx_word' id='word_1_291' title='bbox 769 1795 964 1818; x_wconf 80' lang='lat' dir='ltr'><strong>causarentur:</strong></span> 
     </span>
    </p>
   </div>
   <div class='ocr_carea' id='block_1_41' title="bbox 176 1836 963 1873">
    <p class='ocr_par' dir='ltr' id='par_1_41' title="bbox 176 1836 963 1873">
     <span class='ocr_line' id='line_1_41' title="bbox 176 1836 963 1873; baseline -0.003 -8"><span class='ocrx_word' id='word_1_292' title='bbox 176 1837 398 1873; x_wconf 89' lang='lat' dir='ltr'><strong>quandoquidem</strong></span> <span class='ocrx_word' id='word_1_293' title='bbox 416 1836 499 1864; x_wconf 89' lang='lat' dir='ltr'><strong>etiam</strong></span> <span class='ocrx_word' id='word_1_294' title='bbox 514 1844 588 1864; x_wconf 89' lang='lat' dir='ltr'><strong>nunc</strong></span> <span class='ocrx_word' id='word_1_295' title='bbox 605 1836 717 1871; x_wconf 87' lang='lat' dir='ltr'><strong>quidem</strong></span> <span class='ocrx_word' id='word_1_296' title='bbox 734 1837 796 1864; x_wconf 87' lang='lat' dir='ltr'><strong>talia</strong></span> <span class='ocrx_word' id='word_1_297' title='bbox 812 1844 866 1863; x_wconf 90' lang='lat' dir='ltr'><strong>non</strong></span> <span class='ocrx_word' id='word_1_298' title='bbox 882 1837 963 1864; x_wconf 86' lang='lat' dir='ltr'><strong>intel-</strong></span> 
     </span>
    </p>
   </div>
   <div class='ocr_carea' id='block_1_42' title="bbox 176 1883 966 1920">
    <p class='ocr_par' dir='ltr' id='par_1_42' title="bbox 176 1883 966 1920">
     <span class='ocr_line' id='line_1_42' title="bbox 176 1883 966 1920; baseline -0.003 -8"><span class='ocrx_word' id='word_1_299' title='bbox 176 1886 303 1920; x_wconf 78' lang='lat' dir='ltr'><strong>ligentcs.</strong></span> <span class='ocrx_word' id='word_1_300' title='bbox 322 1883 411 1918; x_wconf 91' lang='lat' dir='ltr'><strong>ipsum</strong></span> <span class='ocrx_word' id='word_1_301' title='bbox 428 1883 611 1919; x_wconf 82' lang='lat' dir='ltr'><strong>ignorantiam</strong></span> <span class='ocrx_word' id='word_1_302' title='bbox 633 1883 791 1919; x_wconf 85' lang='lat' dir='ltr'><strong>hujusmodi</strong></span> <span class='ocrx_word' id='word_1_303' title='bbox 806 1891 897 1910; x_wconf 90' lang='lat' dir='ltr'><strong>rerum</strong></span> <span class='ocrx_word' id='word_1_304' title='bbox 918 1883 966 1910; x_wconf 90' lang='lat' dir='ltr'><strong>ha-</strong></span> 
     </span>
    </p>
   </div>
   <div class='ocr_carea' id='block_1_43' title="bbox 175 1928 965 1964">
    <p class='ocr_par' dir='ltr' id='par_1_43' title="bbox 175 1928 965 1964">
     <span class='ocr_line' id='line_1_43' title="bbox 175 1928 965 1964; baseline -0.001 -8"><span class='ocrx_word' id='word_1_305' title='bbox 175 1930 269 1957; x_wconf 82' lang='lat' dir='ltr'><strong>buisse</strong></span> <span class='ocrx_word' id='word_1_306' title='bbox 276 1928 461 1963; x_wconf 88' lang='lat' dir='ltr'><strong>suspicantur,</strong></span> <span class='ocrx_word' id='word_1_307' title='bbox 471 1936 539 1964; x_wconf 85' lang='lat' dir='ltr'><strong>quas</strong></span> <span class='ocrx_word' id='word_1_308' title='bbox 548 1935 599 1956; x_wconf 88' lang='lat' dir='ltr'><strong>nec</strong></span> <span class='ocrx_word' id='word_1_309' title='bbox 612 1928 663 1964; x_wconf 82' lang='lat' dir='ltr'><strong>ipsi</strong></span> <span class='ocrx_word' id='word_1_310' title='bbox 670 1928 965 1963; x_wconf 53' lang='lat' dir='ltr'><strong>intelligunt.;Rursum</strong></span> 
     </span>
    </p>
   </div>
   <div class='ocr_carea' id='block_1_44' title="bbox 177 1974 966 2011">
    <p class='ocr_par' dir='ltr' id='par_1_44' title="bbox 177 1974 966 2011">
     <span class='ocr_line' id='line_1_44' title="bbox 177 1974 966 2011; baseline -0.004 -8"><span class='ocrx_word' id='word_1_311' title='bbox 177 1984 245 2004; x_wconf 77' lang='lat' dir='ltr'><strong>vero</strong></span> <span class='ocrx_word' id='word_1_312' title='bbox 255 1975 277 2003; x_wconf 88' lang='lat' dir='ltr'><strong>si</strong></span> <span class='ocrx_word' id='word_1_313' title='bbox 291 1979 424 2011; x_wconf 87' lang='lat' dir='ltr'><strong>perpetuo</strong></span> <span class='ocrx_word' id='word_1_314' title='bbox 433 1975 477 2002; x_wconf 87' lang='lat' dir='ltr'><strong>his</strong></span> <span class='ocrx_word' id='word_1_315' title='bbox 489 1975 586 2002; x_wconf 81' lang='lat' dir='ltr'><strong>fuisset</strong></span> <span class='ocrx_word' id='word_1_316' title='bbox 598 1982 664 2002; x_wconf 87' lang='lat' dir='ltr'><strong>usus</strong></span> <span class='ocrx_word' id='word_1_317' title='bbox 679 1995 685 2006; x_wconf 86' lang='lat'><strong>,</strong></span> <span class='ocrx_word' id='word_1_318' title='bbox 697 1974 839 2002; x_wconf 86' lang='lat' dir='ltr'><strong>character</strong></span> <span class='ocrx_word' id='word_1_319' title='bbox 855 1978 966 2009; x_wconf 87' lang='lat' dir='ltr'><strong>aposto-</strong></span> 
     </span>
    </p>
   </div>
   <div class='ocr_carea' id='block_1_45' title="bbox 176 2020 966 2056">
    <p class='ocr_par' dir='ltr' id='par_1_45' title="bbox 176 2020 966 2056">
     <span class='ocr_line' id='line_1_45' title="bbox 176 2020 966 2056; baseline -0.001 -7"><span class='ocrx_word' id='word_1_320' title='bbox 176 2022 247 2050; x_wconf 82' lang='lat' dir='ltr'><strong>licus</strong></span> <span class='ocrx_word' id='word_1_321' title='bbox 262 2021 333 2048; x_wconf 90' lang='lat' dir='ltr'><strong>inter</strong></span> <span class='ocrx_word' id='word_1_322' title='bbox 350 2021 470 2056; x_wconf 69' lang='lat' dir='ltr'><strong>abiectos</strong></span> <span class='ocrx_word' id='word_1_323' title='bbox 487 2021 645 2048; x_wconf 88' lang='lat' dir='ltr'><strong>haberetur.</strong></span> <span class='ocrx_word' id='word_1_324' title='bbox 661 2021 816 2048; x_wconf 79' lang='lat' dir='ltr'><strong>Prudenter</strong></span> <span class='ocrx_word' id='word_1_325' title='bbox 830 2020 923 2055; x_wconf 85' lang='lat' dir='ltr'><strong>itaque</strong></span> <span class='ocrx_word' id='word_1_326' title='bbox 934 2029 966 2048; x_wconf 86' lang='lat' dir='ltr'><strong>ac</strong></span> 
     </span>
    </p>
   </div>
   <div class='ocr_carea' id='block_1_46' title="bbox 178 2058 966 2102">
    <p class='ocr_par' dir='ltr' id='par_1_46' title="bbox 178 2058 966 2102">
     <span class='ocr_line' id='line_1_46' title="bbox 178 2058 966 2102; baseline -0.004 -7"><span class='ocrx_word' id='word_1_327' title='bbox 178 2066 383 2102; x_wconf 84' lang='lat' dir='ltr'><strong>sapientissime</strong></span> <span class='ocrx_word' id='word_1_328' title='bbox 403 2058 737 2101; x_wconf 46' lang='lat' dir='ltr'><strong>utrumque-dijudicavit.</strong></span> <span class='ocrx_word' id='word_1_329' title='bbox 759 2066 813 2093; x_wconf 85' lang='lat' dir='ltr'><strong>Illis</strong></span> <span class='ocrx_word' id='word_1_330' title='bbox 829 2065 966 2100; x_wconf 84' lang='lat' dir='ltr'><strong>siquidem</strong></span> 
     </span>
    </p>
   </div>
   <div class='ocr_carea' id='block_1_47' title="bbox 178 2111 966 2144">
    <p class='ocr_par' dir='ltr' id='par_1_47' title="bbox 178 2111 966 2144">
     <span class='ocr_line' id='line_1_47' title="bbox 178 2111 966 2144; baseline -0.004 -4"><span class='ocrx_word' id='word_1_331' title='bbox 178 2121 244 2140; x_wconf 92' lang='lat' dir='ltr'><strong>usus</strong></span> <span class='ocrx_word' id='word_1_332' title='bbox 259 2117 311 2144; x_wconf 88' lang='lat' dir='ltr'><strong>est,</strong></span> <span class='ocrx_word' id='word_1_333' title='bbox 328 2116 358 2139; x_wconf 91' lang='lat' dir='ltr'><strong>ut</strong></span> <span class='ocrx_word' id='word_1_334' title='bbox 375 2111 547 2139; x_wconf 84' lang='lat' dir='ltr'><strong>manifestum</strong></span> <span class='ocrx_word' id='word_1_335' title='bbox 564 2111 676 2143; x_wconf 81' lang='lat' dir='ltr'><strong>faceret,</strong></span> <span class='ocrx_word' id='word_1_336' title='bbox 696 2111 799 2138; x_wconf 80' lang='lat' dir='ltr'><strong>volenti</strong></span> <span class='ocrx_word' id='word_1_337' title='bbox 815 2111 893 2138; x_wconf 78' lang='lat' dir='ltr'><strong>facile</strong></span> <span class='ocrx_word' id='word_1_338' title='bbox 906 2118 966 2138; x_wconf 87' lang='lat' dir='ltr'><strong>esse</strong></span> 
     </span>
    </p>
   </div>
   <div class='ocr_carea' id='block_1_48' title="bbox 177 2157 968 2193">
    <p class='ocr_par' dir='ltr' id='par_1_48' title="bbox 177 2157 968 2193">
     <span class='ocr_line' id='line_1_48' title="bbox 177 2157 968 2193; baseline -0.003 -7"><span class='ocrx_word' id='word_1_339' title='bbox 177 2167 257 2187; x_wconf 93' lang='lat' dir='ltr'><strong>usum</strong></span> <span class='ocrx_word' id='word_1_340' title='bbox 271 2158 401 2186; x_wconf 88' lang='lat' dir='ltr'><strong>similium</strong></span> <span class='ocrx_word' id='word_1_341' title='bbox 412 2157 540 2193; x_wconf 88' lang='lat' dir='ltr'><strong>quodque</strong></span> <span class='ocrx_word' id='word_1_342' title='bbox 548 2165 579 2184; x_wconf 89' lang='lat' dir='ltr'><strong>ea</strong></span> <span class='ocrx_word' id='word_1_343' title='bbox 590 2165 645 2184; x_wconf 91' lang='lat' dir='ltr'><strong>non</strong></span> <span class='ocrx_word' id='word_1_344' title='bbox 655 2157 803 2192; x_wconf 81' lang='lat' dir='ltr'><strong>ignoraret.</strong></span> <span class='ocrx_word' id='word_1_345' title='bbox 815 2157 968 2185; x_wconf 82' lang='lat' dir='ltr'><strong>Permansit</strong></span> 
     </span>
    </p>
   </div>
   <div class='ocr_carea' id='block_1_49' title="bbox 178 2203 966 2239">
    <p class='ocr_par' dir='ltr' id='par_1_49' title="bbox 178 2203 966 2239">
     <span class='ocr_line' id='line_1_49' title="bbox 178 2203 966 2239; baseline -0.004 -7"><span class='ocrx_word' id='word_1_346' title='bbox 178 2210 269 2233; x_wconf 82' lang='lat' dir='ltr'><strong>autem</strong></span> <span class='ocrx_word' id='word_1_347' title='bbox 289 2205 316 2232; x_wconf 89' lang='lat' dir='ltr'><strong>in</strong></span> <span class='ocrx_word' id='word_1_348' title='bbox 331 2204 482 2239; x_wconf 84' lang='lat' dir='ltr'><strong>apostolico</strong></span> <span class='ocrx_word' id='word_1_349' title='bbox 501 2203 671 2235; x_wconf 82' lang='lat' dir='ltr'><strong>charactere,</strong></span> <span class='ocrx_word' id='word_1_350' title='bbox 685 2211 849 2238; x_wconf 77' lang='lat' dir='ltr'><strong>generosum</strong></span> <span class='ocrx_word' id='word_1_351' title='bbox 867 2207 894 2229; x_wconf 90' lang='lat' dir='ltr'><strong>et</strong></span> <span class='ocrx_word' id='word_1_352' title='bbox 908 2203 966 2230; x_wconf 89' lang='lat' dir='ltr'><strong>ine-</strong></span> 
     </span>
    </p>
   </div>
   <div class='ocr_carea' id='block_1_50' title="bbox 176 2248 965 2285">
    <p class='ocr_par' dir='ltr' id='par_1_50' title="bbox 176 2248 965 2285">
     <span class='ocr_line' id='line_1_50' title="bbox 176 2248 965 2285; baseline -0.004 -7"><span class='ocrx_word' id='word_1_353' title='bbox 176 2251 331 2278; x_wconf 89' lang='lat' dir='ltr'><strong>laboratum</strong></span> <span class='ocrx_word' id='word_1_354' title='bbox 345 2257 377 2277; x_wconf 90' lang='lat' dir='ltr'><strong>ac</strong></span> <span class='ocrx_word' id='word_1_355' title='bbox 397 2258 495 2285; x_wconf 91' lang='lat' dir='ltr'><strong>purum</strong></span> <span class='ocrx_word' id='word_1_356' title='bbox 515 2257 681 2280; x_wconf 83' lang='lat' dir='ltr'><strong>sermonem,</strong></span> <span class='ocrx_word' id='word_1_357' title='bbox 696 2249 809 2284; x_wconf 80' lang='lat' dir='ltr'><strong>ejusque</strong></span> <span class='ocrx_word' id='word_1_358' title='bbox 827 2248 965 2284; x_wconf 87' lang='lat' dir='ltr'><strong>propriam</strong></span> 
     </span>
    </p>
   </div>
   <div class='ocr_carea' id='block_1_51' title="bbox 178 2295 966 2330">
    <p class='ocr_par' dir='ltr' id='par_1_51' title="bbox 178 2295 966 2330">
     <span class='ocr_line' id='line_1_51' title="bbox 178 2295 966 2330; baseline -0.004 -6"><span class='ocrx_word' id='word_1_359' title='bbox 178 2302 303 2325; x_wconf 85' lang='lat' dir='ltr'><strong>naturam</strong></span> <span class='ocrx_word' id='word_1_360' title='bbox 320 2297 346 2324; x_wconf 94' lang='lat' dir='ltr'><strong>in</strong></span> <span class='ocrx_word' id='word_1_361' title='bbox 359 2296 463 2323; x_wconf 85' lang='lat' dir='ltr'><strong>honore</strong></span> <span class='ocrx_word' id='word_1_362' title='bbox 475 2296 588 2322; x_wconf 79' lang='lat' dir='ltr'><strong>habens.</strong></span> <span class='ocrx_word' id='word_1_363' title='bbox 600 2295 655 2323; x_wconf 92' lang='lat' dir='ltr'><strong>Cur</strong></span> <span class='ocrx_word' id='word_1_364' title='bbox 670 2302 736 2330; x_wconf 79' lang='lat' dir='ltr'><strong>ergo</strong></span> <span class='ocrx_word' id='word_1_365' title='bbox 752 2300 779 2322; x_wconf 92' lang='lat' dir='ltr'><strong>et</strong></span> <span class='ocrx_word' id='word_1_366' title='bbox 799 2295 896 2329; x_wconf 86' lang='lat' dir='ltr'><strong>reliqui</strong></span> <span class='ocrx_word' id='word_1_367' title='bbox 909 2295 966 2322; x_wconf 89' lang='lat' dir='ltr'><strong>suis</strong></span> 
     </span>
    </p>
   </div>
   <div class='ocr_carea' id='block_1_52' title="bbox 178 2339 967 2370">
    <p class='ocr_par' dir='ltr' id='par_1_52' title="bbox 178 2339 967 2370">
     <span class='ocr_line' id='line_1_52' title="bbox 178 2339 967 2370; baseline -0.003 -1"><span class='ocrx_word' id='word_1_368' title='bbox 178 2341 354 2370; x_wconf 83' lang='lat' dir='ltr'><strong>sermonibus</strong></span> <span class='ocrx_word' id='word_1_369' title='bbox 364 2340 427 2368; x_wconf 85' lang='lat' dir='ltr'><strong>talia</strong></span> <span class='ocrx_word' id='word_1_370' title='bbox 439 2348 494 2366; x_wconf 90' lang='lat' dir='ltr'><strong>non</strong></span> <span class='ocrx_word' id='word_1_371' title='bbox 508 2340 772 2367; x_wconf 86' lang='lat' dir='ltr'><strong>intermiseuerunt?</strong></span> <span class='ocrx_word' id='word_1_372' title='bbox 786 2339 890 2368; x_wconf 78' lang='lat' dir='ltr'><strong>Suﬂicit</strong></span> <span class='ocrx_word' id='word_1_373' title='bbox 902 2341 967 2367; x_wconf 92' lang='lat' dir='ltr'><strong>huic</strong></span> 
     </span>
    </p>
   </div>
   <div class='ocr_carea' id='block_1_53' title="bbox 179 2385 966 2421">
    <p class='ocr_par' dir='ltr' id='par_1_53' title="bbox 179 2385 966 2421">
     <span class='ocr_line' id='line_1_53' title="bbox 179 2385 966 2421; baseline -0.001 -7"><span class='ocrx_word' id='word_1_374' title='bbox 179 2387 261 2414; x_wconf 86' lang='lat' dir='ltr'><strong>etiam</strong></span> <span class='ocrx_word' id='word_1_375' title='bbox 273 2386 358 2419; x_wconf 81' lang='lat' dir='ltr'><strong>solus,</strong></span> <span class='ocrx_word' id='word_1_376' title='bbox 374 2385 407 2412; x_wconf 89' lang='lat' dir='ltr'><strong>ad</strong></span> <span class='ocrx_word' id='word_1_377' title='bbox 423 2386 622 2413; x_wconf 86' lang='lat' dir='ltr'><strong>ostendendum</strong></span> <span class='ocrx_word' id='word_1_378' title='bbox 640 2386 713 2420; x_wconf 90' lang='lat' dir='ltr'><strong>quod</strong></span> <span class='ocrx_word' id='word_1_379' title='bbox 730 2386 784 2414; x_wconf 89' lang='lat' dir='ltr'><strong>illis</strong></span> <span class='ocrx_word' id='word_1_380' title='bbox 799 2394 908 2421; x_wconf 88' lang='lat' dir='ltr'><strong>quoque</strong></span> <span class='ocrx_word' id='word_1_381' title='bbox 927 2386 966 2413; x_wconf 89' lang='lat' dir='ltr'><strong>l&#39;a-</strong></span> 
     </span>
    </p>
   </div>
   <div class='ocr_carea' id='block_1_54' title="bbox 179 2431 966 2467">
    <p class='ocr_par' dir='ltr' id='par_1_54' title="bbox 179 2431 966 2467">
     <span class='ocr_line' id='line_1_54' title="bbox 179 2431 966 2467; baseline -0.003 -7"><span class='ocrx_word' id='word_1_382' title='bbox 179 2433 231 2460; x_wconf 86' lang='lat' dir='ltr'><strong>cile</strong></span> <span class='ocrx_word' id='word_1_383' title='bbox 243 2432 328 2459; x_wconf 82' lang='lat' dir='ltr'><strong>fuerit</strong></span> <span class='ocrx_word' id='word_1_384' title='bbox 341 2431 393 2459; x_wconf 74' lang='lat' dir='ltr'><strong>an</strong></span> <span class='ocrx_word' id='word_1_385' title='bbox 405 2431 512 2458; x_wconf 83' lang='lat' dir='ltr'><strong>ellicere</strong></span> <span class='ocrx_word' id='word_1_386' title='bbox 536 2432 557 2459; x_wconf 88' lang='lat' dir='ltr'><strong>si</strong></span> <span class='ocrx_word' id='word_1_387' title='bbox 574 2432 725 2460; x_wconf 79' lang='lat' dir='ltr'><strong>voluissent</strong></span> <span class='ocrx_word' id='word_1_388' title='bbox 743 2442 750 2460; x_wconf 90' lang='lat'><strong>:</strong></span> <span class='ocrx_word' id='word_1_389' title='bbox 769 2439 924 2467; x_wconf 86' lang='lat' dir='ltr'><strong>quanquam</strong></span> <span class='ocrx_word' id='word_1_390' title='bbox 939 2432 966 2459; x_wconf 90' lang='lat' dir='ltr'><strong>in</strong></span> 
     </span>
    </p>
   </div>
   <div class='ocr_carea' id='block_1_55' title="bbox 180 2477 966 2512">
    <p class='ocr_par' dir='ltr' id='par_1_55' title="bbox 180 2477 966 2512">
     <span class='ocr_line' id='line_1_55' title="bbox 180 2477 966 2512; baseline -0.004 -6"><span class='ocrx_word' id='word_1_391' title='bbox 180 2479 288 2506; x_wconf 91' lang='lat' dir='ltr'><strong>illorum</strong></span> <span class='ocrx_word' id='word_1_392' title='bbox 314 2477 396 2505; x_wconf 77' lang='lat' dir='ltr'><strong>etiam</strong></span> <span class='ocrx_word' id='word_1_393' title='bbox 413 2477 537 2512; x_wconf 87' lang='lat' dir='ltr'><strong>epistolis</strong></span> <span class='ocrx_word' id='word_1_394' title='bbox 554 2478 628 2511; x_wconf 87' lang='lat' dir='ltr'><strong>talia,</strong></span> <span class='ocrx_word' id='word_1_395' title='bbox 646 2478 710 2506; x_wconf 85' lang='lat' dir='ltr'><strong>licet</strong></span> <span class='ocrx_word' id='word_1_396' title='bbox 733 2478 833 2510; x_wconf 88' lang='lat' dir='ltr'><strong>rarius,</strong></span> <span class='ocrx_word' id='word_1_397' title='bbox 846 2477 966 2512; x_wconf 89' lang='lat' dir='ltr'><strong>reperire</strong></span> 
     </span>
    </p>
   </div>
   <div class='ocr_carea' id='block_1_56' title="bbox 179 2523 966 2554">
    <p class='ocr_par' dir='ltr' id='par_1_56' title="bbox 179 2523 966 2554">
     <span class='ocr_line' id='line_1_56' title="bbox 179 2523 966 2554; baseline -0.006 -1"><span class='ocrx_word' id='word_1_398' title='bbox 179 2530 230 2553; x_wconf 87' lang='lat' dir='ltr'><strong>est.</strong></span> <span class='ocrx_word' id='word_1_399' title='bbox 247 2525 275 2552; x_wconf 89' lang='lat' dir='ltr'><strong>Si</strong></span> <span class='ocrx_word' id='word_1_400' title='bbox 291 2532 357 2552; x_wconf 85' lang='lat' dir='ltr'><strong>vero</strong></span> <span class='ocrx_word' id='word_1_401' title='bbox 372 2532 434 2552; x_wconf 91' lang='lat' dir='ltr'><strong>cum</strong></span> <span class='ocrx_word' id='word_1_402' title='bbox 456 2524 559 2552; x_wconf 87' lang='lat' dir='ltr'><strong>dicitur</strong></span> <span class='ocrx_word' id='word_1_403' title='bbox 574 2533 581 2552; x_wconf 89' lang='lat'><strong>:</strong></span> <span class='ocrx_word' id='word_1_404' title='bbox 601 2534 611 2550; x_wconf 75' lang='grc' dir='ltr'><strong>ι</strong></span> <span class='ocrx_word' id='word_1_405' title='bbox 626 2523 765 2552; x_wconf 78' lang='lat' dir='ltr'><strong>[labentes</strong></span> <span class='ocrx_word' id='word_1_406' title='bbox 780 2523 851 2550; x_wconf 82' lang='lat' dir='ltr'><strong>dona</strong></span> <span class='ocrx_word' id='word_1_407' title='bbox 863 2543 870 2554; x_wconf 85' lang='lat'><strong>,</strong></span> <span class='ocrx_word' id='word_1_408' title='bbox 889 2532 898 2548; x_wconf 74' lang='grc' dir='ltr'><strong>ι</strong></span> <span class='ocrx_word' id='word_1_409' title='bbox 916 2529 966 2549; x_wconf 88' lang='lat' dir='ltr'><strong>ne-</strong></span> 
     </span>
    </p>
   </div>
   <div class='ocr_carea' id='block_1_57' title="bbox 181 2569 966 2606">
    <p class='ocr_par' dir='ltr' id='par_1_57' title="bbox 181 2569 966 2606">
     <span class='ocr_line' id='line_1_57' title="bbox 181 2569 966 2606; baseline -0.005 -8"><span class='ocrx_word' id='word_1_410' title='bbox 181 2579 316 2606; x_wconf 89' lang='lat' dir='ltr'><strong>quaquam</strong></span> <span class='ocrx_word' id='word_1_411' title='bbox 340 2571 537 2606; x_wconf 87' lang='lat' dir='ltr'><strong>quiescendum</strong></span> <span class='ocrx_word' id='word_1_412' title='bbox 555 2571 593 2598; x_wconf 87' lang='lat' dir='ltr'><strong>sit</strong></span> <span class='ocrx_word' id='word_1_413' title='bbox 615 2578 702 2604; x_wconf 84' lang='lat' dir='ltr'><strong>usque</strong></span> <span class='ocrx_word' id='word_1_414' title='bbox 725 2569 758 2596; x_wconf 88' lang='lat' dir='ltr'><strong>ad</strong></span> <span class='ocrx_word' id='word_1_415' title='bbox 782 2577 844 2596; x_wconf 90' lang='lat' dir='ltr'><strong>eum</strong></span> <span class='ocrx_word' id='word_1_416' title='bbox 865 2569 966 2601; x_wconf 87' lang='lat' dir='ltr'><strong>loemn,</strong></span> 
     </span>
    </p>
   </div>
   <div class='ocr_carea' id='block_1_58' title="bbox 185 2614 967 2652">
    <p class='ocr_par' dir='ltr' id='par_1_58' title="bbox 185 2614 967 2652">
     <span class='ocr_line' id='line_1_58' title="bbox 185 2614 967 2652; baseline -0.008 -7"><span class='ocrx_word' id='word_1_417' title='bbox 185 2627 194 2644; x_wconf 77' lang='grc' dir='ltr'><strong>ι</strong></span> <span class='ocrx_word' id='word_1_418' title='bbox 210 2617 368 2645; x_wconf 87' lang='lat' dir='ltr'><strong>Benedicite</strong></span> <span class='ocrx_word' id='word_1_419' title='bbox 385 2617 615 2652; x_wconf 88' lang='lat' dir='ltr'><strong>persequentibus</strong></span> <span class='ocrx_word' id='word_1_420' title='bbox 628 2623 686 2647; x_wconf 89' lang='lat' dir='ltr'><strong>vos,</strong></span> <span class='ocrx_word' id='word_1_421' title='bbox 708 2615 760 2642; x_wconf 85' lang='lat' dir='ltr'><strong>alia</strong></span> <span class='ocrx_word' id='word_1_422' title='bbox 774 2614 885 2649; x_wconf 87' lang='lat' dir='ltr'><strong>quidem</strong></span> <span class='ocrx_word' id='word_1_423' title='bbox 902 2622 967 2641; x_wconf 88' lang='lat' dir='ltr'><strong>sen-</strong></span> 
     </span>
    </p>
   </div>
   <div class='ocr_carea' id='block_1_59' title="bbox 182 2661 968 2700">
    <p class='ocr_par' dir='ltr' id='par_1_59' title="bbox 182 2661 968 2700">
     <span class='ocr_line' id='line_1_59' title="bbox 182 2661 968 2700; baseline -0.006 -9"><span class='ocrx_word' id='word_1_424' title='bbox 182 2664 266 2691; x_wconf 87' lang='lat' dir='ltr'><strong>tentia</strong></span> <span class='ocrx_word' id='word_1_425' title='bbox 279 2668 411 2700; x_wconf 76' lang='lat' dir='ltr'><strong>emerget,</strong></span> <span class='ocrx_word' id='word_1_426' title='bbox 431 2669 460 2691; x_wconf 89' lang='lat' dir='ltr'><strong>et</strong></span> <span class='ocrx_word' id='word_1_427' title='bbox 479 2663 561 2690; x_wconf 93' lang='lat' dir='ltr'><strong>unius</strong></span> <span class='ocrx_word' id='word_1_428' title='bbox 575 2663 706 2689; x_wconf 83' lang='lat' dir='ltr'><strong>duntaxat</strong></span> <span class='ocrx_word' id='word_1_429' title='bbox 723 2661 815 2696; x_wconf 73' lang='lat' dir='ltr'><strong>ﬁgura:</strong></span> <span class='ocrx_word' id='word_1_430' title='bbox 833 2661 968 2695; x_wconf 80' lang='lat' dir='ltr'><strong>composi-</strong></span> 
     </span>
    </p>
   </div>
   <div class='ocr_carea' id='block_1_60' title="bbox 181 2707 967 2744">
    <p class='ocr_par' dir='ltr' id='par_1_60' title="bbox 181 2707 967 2744">
     <span class='ocr_line' id='line_1_60' title="bbox 181 2707 967 2744; baseline -0.001 -9"><span class='ocrx_word' id='word_1_431' title='bbox 181 2709 220 2736; x_wconf 89' lang='lat' dir='ltr'><strong>tio</strong></span> <span class='ocrx_word' id='word_1_432' title='bbox 233 2710 287 2738; x_wconf 79' lang='lat' dir='ltr'><strong>erit</strong></span> <span class='ocrx_word' id='word_1_433' title='bbox 308 2709 357 2738; x_wconf 71' lang='lat' dir='ltr'><strong>aed</strong></span> <span class='ocrx_word' id='word_1_434' title='bbox 391 2710 424 2736; x_wconf 94' lang='lat' dir='ltr'><strong>ad</strong></span> <span class='ocrx_word' id='word_1_435' title='bbox 442 2709 568 2744; x_wconf 88' lang='lat' dir='ltr'><strong>spiritum</strong></span> <span class='ocrx_word' id='word_1_436' title='bbox 587 2708 668 2734; x_wconf 91' lang='lat' dir='ltr'><strong>nimis</strong></span> <span class='ocrx_word' id='word_1_437' title='bbox 684 2712 812 2742; x_wconf 86' lang='lat' dir='ltr'><strong>protensa</strong></span> <span class='ocrx_word' id='word_1_438' title='bbox 828 2707 967 2742; x_wconf 83' lang='lat' dir='ltr'><strong>periodus.</strong></span> 
     </span>
    </p>
   </div>
   <div class='ocr_carea' id='block_1_61' title="bbox 184 2753 968 2791">
    <p class='ocr_par' dir='ltr' id='par_1_61' title="bbox 184 2753 968 2791">
     <span class='ocr_line' id='line_1_61' title="bbox 184 2753 968 2791; baseline 0 -10"><span class='ocrx_word' id='word_1_439' title='bbox 184 2765 193 2781; x_wconf 74' lang='grc' dir='ltr'><strong>ι</strong></span> <span class='ocrx_word' id='word_1_440' title='bbox 211 2755 368 2783; x_wconf 74' lang='lat' dir='ltr'><strong>Secundum</strong></span> <span class='ocrx_word' id='word_1_441' title='bbox 391 2755 518 2791; x_wconf 72' lang='lat' dir='ltr'><strong>gratiam.</strong></span> <span class='ocrx_word' id='word_1_442' title='bbox 545 2763 555 2780; x_wconf 76' lang='grc' dir='ltr'><strong>ι</strong></span> <span class='ocrx_word' id='word_1_443' title='bbox 571 2753 599 2781; x_wconf 91' lang='lat' dir='ltr'><strong>Si</strong></span> <span class='ocrx_word' id='word_1_444' title='bbox 615 2754 687 2780; x_wconf 85' lang='lat' dir='ltr'><strong>Deus</strong></span> <span class='ocrx_word' id='word_1_445' title='bbox 700 2753 810 2780; x_wconf 77' lang='lat' dir='ltr'><strong>donavit</strong></span> <span class='ocrx_word' id='word_1_446' title='bbox 823 2773 830 2786; x_wconf 86' lang='lat'><strong>,</strong></span> <span class='ocrx_word' id='word_1_447' title='bbox 849 2753 914 2788; x_wconf 87' lang='lat' dir='ltr'><strong>quid</strong></span> <span class='ocrx_word' id='word_1_448' title='bbox 939 2758 968 2781; x_wconf 90' lang='lat' dir='ltr'><strong>tu</strong></span> 
     </span>
    </p>
   </div>
   <div class='ocr_carea' id='block_1_62' title="bbox 180 2799 967 2836">
    <p class='ocr_par' dir='ltr' id='par_1_62' title="bbox 180 2799 967 2836">
     <span class='ocr_line' id='line_1_62' title="bbox 180 2799 967 2836; baseline -0.003 -9"><span class='ocrx_word' id='word_1_449' title='bbox 180 2801 320 2828; x_wconf 70' lang='lat' dir='ltr'><strong>extolleris</strong></span> <span class='ocrx_word' id='word_1_450' title='bbox 333 2802 339 2828; x_wconf 88' lang='lat' dir='ltr'><strong>l</strong></span> <span class='ocrx_word' id='word_1_451' title='bbox 357 2808 448 2836; x_wconf 89' lang='lat' dir='ltr'><strong>neque</strong></span> <span class='ocrx_word' id='word_1_452' title='bbox 461 2799 534 2828; x_wconf 86' lang='lat' dir='ltr'><strong>enim</strong></span> <span class='ocrx_word' id='word_1_453' title='bbox 550 2804 626 2827; x_wconf 93' lang='lat' dir='ltr'><strong>tuum</strong></span> <span class='ocrx_word' id='word_1_454' title='bbox 641 2804 745 2826; x_wconf 88' lang='lat' dir='ltr'><strong>rectum</strong></span> <span class='ocrx_word' id='word_1_455' title='bbox 757 2807 824 2834; x_wconf 84' lang='lat' dir='ltr'><strong>opus</strong></span> <span class='ocrx_word' id='word_1_456' title='bbox 839 2804 902 2826; x_wconf 91' lang='lat' dir='ltr'><strong>sunt</strong></span> <span class='ocrx_word' id='word_1_457' title='bbox 912 2799 967 2834; x_wconf 80' lang='lat' dir='ltr'><strong>ipsa</strong></span> 
     </span>
    </p>
   </div>
   <div class='ocr_carea' id='block_1_63' title="bbox 181 2846 964 2882">
    <p class='ocr_par' dir='ltr' id='par_1_63' title="bbox 181 2846 964 2882">
     <span class='ocr_line' id='line_1_63' title="bbox 181 2846 964 2882; baseline -0.001 -9"><span class='ocrx_word' id='word_1_458' title='bbox 181 2846 254 2873; x_wconf 80' lang='lat' dir='ltr'><strong>dono</strong></span> <span class='ocrx_word' id='word_1_459' title='bbox 269 2855 274 2873; x_wconf 96' lang='lat'><strong>:</strong></span> <span class='ocrx_word' id='word_1_460' title='bbox 303 2857 311 2873; x_wconf 80' lang='grc' dir='ltr'><strong>ι</strong></span> <span class='ocrx_word' id='word_1_461' title='bbox 328 2847 388 2880; x_wconf 84' lang='lat' dir='ltr'><strong>Dei,</strong></span> <span class='ocrx_word' id='word_1_462' title='bbox 407 2847 505 2882; x_wconf 90' lang='lat' dir='ltr'><strong>inquit,</strong></span> <span class='ocrx_word' id='word_1_463' title='bbox 521 2847 623 2875; x_wconf 86' lang='lat' dir='ltr'><strong>donum</strong></span> <span class='ocrx_word' id='word_1_464' title='bbox 644 2851 694 2874; x_wconf 84' lang='lat' dir='ltr'><strong>est.</strong></span> <span class='ocrx_word' id='word_1_465' title='bbox 715 2855 724 2872; x_wconf 86' lang='grc'><strong>›</strong></span> <span class='ocrx_word' id='word_1_466' title='bbox 741 2861 774 2867; x_wconf 91' lang='lat'><strong>——</strong></span> <span class='ocrx_word' id='word_1_467' title='bbox 791 2856 799 2872; x_wconf 70' lang='grc' dir='ltr'><strong>ι</strong></span> <span class='ocrx_word' id='word_1_468' title='bbox 816 2846 935 2873; x_wconf 66' lang='lat' dir='ltr'><strong>Diversa.</strong></span> <span class='ocrx_word' id='word_1_469' title='bbox 956 2856 964 2871; x_wconf 70' lang='grc' dir='ltr'><strong>ι</strong></span> 
     </span>
    </p>
   </div>
   <div class='ocr_carea' id='block_1_64' title="bbox 1006 247 1801 287">
    <p class='ocr_par' dir='ltr' id='par_1_64' title="bbox 1006 247 1801 287">
     <span class='ocr_line' id='line_1_64' title="bbox 1006 247 1801 287; baseline 0.005 -13"><span class='ocrx_word' id='word_1_470' title='bbox 1006 248 1037 274; x_wconf 70' lang='grc' dir='ltr'><strong>τὸ</strong></span> <span class='ocrx_word' id='word_1_471' title='bbox 1049 247 1156 283; x_wconf 77' lang='grc' dir='ltr'>ζεῦγμα</span> <span class='ocrx_word' id='word_1_472' title='bbox 1173 249 1392 284; x_wconf 76' lang='grc' dir='ltr'>λαμϐανόμενον,</span> <span class='ocrx_word' id='word_1_473' title='bbox 1409 251 1617 287; x_wconf 80' lang='grc' dir='ltr'><strong>ἀπηρτισμένην</strong></span> <span class='ocrx_word' id='word_1_474' title='bbox 1631 252 1703 279; x_wconf 81' lang='grc' dir='ltr'>κατὰ</span> <span class='ocrx_word' id='word_1_475' title='bbox 1719 252 1801 278; x_wconf 80' lang='grc' dir='ltr'>τοῦτο</span> 
     </span>
    </p>
   </div>
   <div class='ocr_carea' id='block_1_65' title="bbox 1006 293 1803 330">
    <p class='ocr_par' dir='ltr' id='par_1_65' title="bbox 1006 293 1803 330">
     <span class='ocr_line' id='line_1_65' title="bbox 1006 293 1803 330; baseline 0.005 -12"><span class='ocrx_word' id='word_1_476' title='bbox 1006 293 1075 324; x_wconf 81' lang='grc' dir='ltr'>τέως</span> <span class='ocrx_word' id='word_1_477' title='bbox 1098 294 1147 328; x_wconf 80' lang='grc' dir='ltr'>τὴν</span> <span class='ocrx_word' id='word_1_478' title='bbox 1159 293 1262 320; x_wconf 75' lang='grc' dir='ltr'>ἔννοιαν</span> <span class='ocrx_word' id='word_1_479' title='bbox 1277 295 1324 321; x_wconf 78' lang='grc' dir='ltr'>καὶ</span> <span class='ocrx_word' id='word_1_480' title='bbox 1337 294 1371 321; x_wconf 73' lang='grc' dir='ltr'><strong>τὰ</strong></span> <span class='ocrx_word' id='word_1_481' title='bbox 1400 296 1487 329; x_wconf 75' lang='grc' dir='ltr'>χωρία</span> <span class='ocrx_word' id='word_1_482' title='bbox 1507 297 1588 322; x_wconf 79' lang='grc' dir='ltr'>ποιεῖ.</span> <span class='ocrx_word' id='word_1_483' title='bbox 1619 296 1803 330; x_wconf 80' lang='grc' dir='ltr'>Ἑλλειπτικῷ</span> 
     </span>
    </p>
   </div>
   <div class='ocr_carea' id='block_1_66' title="bbox 1006 339 1801 376">
    <p class='ocr_par' dir='ltr' id='par_1_66' title="bbox 1006 339 1801 376">
     <span class='ocr_line' id='line_1_66' title="bbox 1006 339 1801 376; baseline 0.003 -11"><span class='ocrx_word' id='word_1_484' title='bbox 1006 339 1033 365; x_wconf 77' lang='grc' dir='ltr'>δὲ</span> <span class='ocrx_word' id='word_1_485' title='bbox 1051 339 1131 366; x_wconf 82' lang='grc' dir='ltr'>πάλιν</span> <span class='ocrx_word' id='word_1_486' title='bbox 1156 339 1362 374; x_wconf 72' lang='grc' dir='ltr'>ἐσχημάτισται,</span> <span class='ocrx_word' id='word_1_487' title='bbox 1390 340 1430 366; x_wconf 81' lang='grc' dir='ltr'><strong>ὅτι</strong></span> <span class='ocrx_word' id='word_1_488' title='bbox 1443 340 1530 367; x_wconf 79' lang='grc' dir='ltr'>λείπει</span> <span class='ocrx_word' id='word_1_489' title='bbox 1546 349 1572 367; x_wconf 88' lang='grc' dir='ltr'><strong>τι</strong></span> <span class='ocrx_word' id='word_1_490' title='bbox 1589 341 1656 376; x_wconf 65' lang='grc' dir='ltr'>πρὸς</span> <span class='ocrx_word' id='word_1_491' title='bbox 1683 341 1801 367; x_wconf 75' lang='grc' dir='ltr'><strong>αὐτο-τέο</strong></span> 
     </span>
    </p>
   </div>
   <div class='ocr_carea' id='block_1_67' title="bbox 1006 383 1799 420">
    <p class='ocr_par' dir='ltr' id='par_1_67' title="bbox 1006 383 1799 420">
     <span class='ocr_line' id='line_1_67' title="bbox 1006 383 1799 420; baseline 0.004 -11"><span class='ocrx_word' id='word_1_492' title='bbox 1006 385 1110 410; x_wconf 80' lang='grc' dir='ltr'>τέλειαν</span> <span class='ocrx_word' id='word_1_493' title='bbox 1124 385 1170 411; x_wconf 81' lang='grc' dir='ltr'><strong>τοῦ</strong></span> <span class='ocrx_word' id='word_1_494' title='bbox 1186 386 1330 420; x_wconf 79' lang='grc' dir='ltr'>νοήματος.</span> <span class='ocrx_word' id='word_1_495' title='bbox 1345 383 1406 411; x_wconf 79' lang='grc' dir='ltr'><strong>υἵον</strong></span> <span class='ocrx_word' id='word_1_496' title='bbox 1420 385 1461 418; x_wconf 78' lang='grc' dir='ltr'><strong>τὸ,</strong></span> <span class='ocrx_word' id='word_1_497' title='bbox 1476 386 1588 412; x_wconf 77' lang='grc' dir='ltr'>Μενέτω</span> <span class='ocrx_word' id='word_1_498' title='bbox 1605 387 1634 412; x_wconf 86' lang='grc' dir='ltr'>ὲν</span> <span class='ocrx_word' id='word_1_499' title='bbox 1659 383 1682 419; x_wconf 87' lang='grc' dir='ltr'><strong>ᾧ</strong></span> <span class='ocrx_word' id='word_1_500' title='bbox 1699 386 1799 412; x_wconf 71' lang='grc' dir='ltr'>ἔλαϐεν</span> 
     </span>
    </p>
   </div>
   <div class='ocr_carea' id='block_1_68' title="bbox 1007 430 1803 466">
    <p class='ocr_par' dir='ltr' id='par_1_68' title="bbox 1007 430 1803 466">
     <span class='ocr_line' id='line_1_68' title="bbox 1007 430 1803 466; baseline 0.001 -10"><span class='ocrx_word' id='word_1_501' title='bbox 1007 430 1121 461; x_wconf 70' lang='grc' dir='ltr'>ἕκαστος</span> <span class='ocrx_word' id='word_1_502' title='bbox 1136 431 1295 464; x_wconf 75' lang='grc' dir='ltr'>χαρίσματι.</span> <span class='ocrx_word' id='word_1_503' title='bbox 1311 431 1339 466; x_wconf 81' lang='grc' dir='ltr'>ἢ,</span> <span class='ocrx_word' id='word_1_504' title='bbox 1358 431 1516 466; x_wconf 82' lang='grc' dir='ltr'>Ἀρκείσθω,</span> <span class='ocrx_word' id='word_1_505' title='bbox 1533 431 1560 466; x_wconf 83' lang='grc' dir='ltr'>ἢ,</span> <span class='ocrx_word' id='word_1_506' title='bbox 1575 432 1730 465; x_wconf 84' lang='grc' dir='ltr'>Στοιχείτω.</span> <span class='ocrx_word' id='word_1_507' title='bbox 1743 432 1760 466; x_wconf 70' lang='grc' dir='ltr'>ἦ</span> <span class='ocrx_word' id='word_1_508' title='bbox 1773 440 1803 457; x_wconf 88' lang='grc' dir='ltr'><strong>τι</strong></span> 
     </span>
    </p>
   </div>
   <div class='ocr_carea' id='block_1_69' title="bbox 1006 475 1804 513">
    <p class='ocr_par' dir='ltr' id='par_1_69' title="bbox 1006 475 1804 513">
     <span class='ocr_line' id='line_1_69' title="bbox 1006 475 1804 513; baseline 0.001 -10"><span class='ocrx_word' id='word_1_509' title='bbox 1006 477 1136 504; x_wconf 86' lang='grc' dir='ltr'>τοιοῦτον.</span> <span class='ocrx_word' id='word_1_510' title='bbox 1154 475 1229 510; x_wconf 77' lang='grc' dir='ltr'>Οἷον,</span> <span class='ocrx_word' id='word_1_511' title='bbox 1242 478 1304 504; x_wconf 75' lang='grc' dir='ltr'>Εἴτε</span> <span class='ocrx_word' id='word_1_512' title='bbox 1317 479 1484 513; x_wconf 61' lang='grc' dir='ltr'>προφητείαν</span> <span class='ocrx_word' id='word_1_513' title='bbox 1498 478 1554 513; x_wconf 72' lang='grc' dir='ltr'>ἔχει</span> <span class='ocrx_word' id='word_1_514' title='bbox 1566 487 1618 509; x_wconf 71' lang='grc' dir='ltr'>τις,</span> <span class='ocrx_word' id='word_1_515' title='bbox 1636 479 1689 505; x_wconf 73' lang='grc' dir='ltr'>εἴτε</span> <span class='ocrx_word' id='word_1_516' title='bbox 1705 479 1720 505; x_wconf 89' lang='grc' dir='ltr'><strong>δ</strong></span> <span class='ocrx_word' id='word_1_517' title='bbox 1734 487 1804 504; x_wconf 76' lang='grc' dir='ltr'>ακο-</span> 
     </span>
    </p>
   </div>
   <div class='ocr_carea' id='block_1_70' title="bbox 1006 522 1802 559">
    <p class='ocr_par' dir='ltr' id='par_1_70' title="bbox 1006 522 1802 559">
     <span class='ocr_line' id='line_1_70' title="bbox 1006 522 1802 559; baseline 0.001 -12"><span class='ocrx_word' id='word_1_518' title='bbox 1006 522 1076 554; x_wconf 84' lang='grc' dir='ltr'>νίαν,</span> <span class='ocrx_word' id='word_1_519' title='bbox 1095 523 1198 557; x_wconf 78' lang='grc' dir='ltr'><strong>μενέτω</strong></span> <span class='ocrx_word' id='word_1_520' title='bbox 1221 523 1346 555; x_wconf 75' lang='grc' dir='ltr'>ἕκαστος,</span> <span class='ocrx_word' id='word_1_521' title='bbox 1365 525 1410 549; x_wconf 68' lang='grc' dir='ltr'>καὶ</span> <span class='ocrx_word' id='word_1_522' title='bbox 1430 524 1444 549; x_wconf 79' lang='grc' dir='ltr'><strong>ὸ</strong></span> <span class='ocrx_word' id='word_1_523' title='bbox 1458 524 1508 558; x_wconf 79' lang='grc' dir='ltr'><strong>τὴν</strong></span> <span class='ocrx_word' id='word_1_524' title='bbox 1530 524 1700 559; x_wconf 75' lang='grc' dir='ltr'><strong>προφητείαν</strong></span> <span class='ocrx_word' id='word_1_525' title='bbox 1715 524 1802 557; x_wconf 76' lang='grc' dir='ltr'>ἔχων,</span> 
     </span>
    </p>
   </div>
   <div class='ocr_carea' id='block_1_71' title="bbox 1007 567 1805 602">
    <p class='ocr_par' dir='ltr' id='par_1_71' title="bbox 1007 567 1805 602">
     <span class='ocr_line' id='line_1_71' title="bbox 1007 567 1805 602; baseline -0.001 -8"><span class='ocrx_word' id='word_1_526' title='bbox 1007 567 1054 594; x_wconf 76' lang='grc' dir='ltr'>καὶ</span> <span class='ocrx_word' id='word_1_527' title='bbox 1073 568 1086 593; x_wconf 86' lang='grc' dir='ltr'><strong>ό</strong></span> <span class='ocrx_word' id='word_1_528' title='bbox 1110 568 1159 602; x_wconf 81' lang='grc' dir='ltr'>τὴν</span> <span class='ocrx_word' id='word_1_529' title='bbox 1174 567 1321 598; x_wconf 80' lang='grc' dir='ltr'><strong>διακονίαν,</strong></span> <span class='ocrx_word' id='word_1_530' title='bbox 1349 568 1396 594; x_wconf 68' lang='grc' dir='ltr'>καὶ</span> <span class='ocrx_word' id='word_1_531' title='bbox 1422 569 1436 594; x_wconf 81' lang='grc' dir='ltr'><strong><em>ὁ</em></strong></span> <span class='ocrx_word' id='word_1_532' title='bbox 1458 569 1508 602; x_wconf 77' lang='grc' dir='ltr'>τὴν</span> <span class='ocrx_word' id='word_1_533' title='bbox 1537 568 1713 595; x_wconf 72' lang='grc' dir='ltr'><strong>διδασκαλίαν</strong></span> <span class='ocrx_word' id='word_1_534' title='bbox 1752 568 1805 594; x_wconf 77' lang='grc' dir='ltr'>καὶ</span> 
     </span>
    </p>
   </div>
   <div class='ocr_carea' id='block_1_72' title="bbox 1007 611 1806 649">
    <p class='ocr_par' dir='ltr' id='par_1_72' title="bbox 1007 611 1806 649">
     <span class='ocr_line' id='line_1_72' title="bbox 1007 611 1806 649; baseline 0.003 -10"><span class='ocrx_word' id='word_1_535' title='bbox 1007 614 1021 639; x_wconf 83' lang='grc' dir='ltr'><strong><em>ὁ</em></strong></span> <span class='ocrx_word' id='word_1_536' title='bbox 1044 613 1094 646; x_wconf 84' lang='grc' dir='ltr'>τὴν</span> <span class='ocrx_word' id='word_1_537' title='bbox 1121 613 1293 648; x_wconf 81' lang='grc' dir='ltr'>παράκλησιν</span> <span class='ocrx_word' id='word_1_538' title='bbox 1325 614 1414 649; x_wconf 79' lang='grc' dir='ltr'>ἔχων,</span> <span class='ocrx_word' id='word_1_539' title='bbox 1441 614 1535 645; x_wconf 73' lang='grc' dir='ltr'>ἁπλῶς</span> <span class='ocrx_word' id='word_1_540' title='bbox 1559 615 1690 647; x_wconf 73' lang='grc' dir='ltr'>ἕκαστος,</span> <span class='ocrx_word' id='word_1_541' title='bbox 1720 616 1750 641; x_wconf 85' lang='grc' dir='ltr'>ὲν</span> 
     </span>
    </p>
   </div>
   <div class='ocr_carea' id='block_1_73' title="bbox 1008 657 1807 694">
    <p class='ocr_par' dir='ltr' id='par_1_73' title="bbox 1008 657 1807 694">
     <span class='ocr_line' id='line_1_73' title="bbox 1008 657 1807 694; baseline 0.003 -11"><span class='ocrx_word' id='word_1_542' title='bbox 1008 657 1086 684; x_wconf 77' lang='grc' dir='ltr'>ἔλαὸε</span> <span class='ocrx_word' id='word_1_543' title='bbox 1097 658 1254 693; x_wconf 78' lang='grc' dir='ltr'><strong>χαρίσματι.</strong></span> <span class='ocrx_word' id='word_1_544' title='bbox 1267 658 1320 684; x_wconf 72' lang='lat' dir='ltr'><strong>Kal.</strong></span> <span class='ocrx_word' id='word_1_545' title='bbox 1332 658 1375 684; x_wconf 81' lang='grc' dir='ltr'>πολ</span> <span class='ocrx_word' id='word_1_546' title='bbox 1381 659 1413 693; x_wconf 83' lang='grc' dir='ltr'>λὴ</span> <span class='ocrx_word' id='word_1_547' title='bbox 1424 659 1495 684; x_wconf 76' lang='grc' dir='ltr'>ἐστιν</span> <span class='ocrx_word' id='word_1_548' title='bbox 1507 658 1585 692; x_wconf 82' lang='grc' dir='ltr'>ἡτῶν</span> <span class='ocrx_word' id='word_1_549' title='bbox 1597 660 1726 685; x_wconf 73' lang='grc' dir='ltr'>τοιούτων</span> <span class='ocrx_word' id='word_1_550' title='bbox 1735 658 1807 694; x_wconf 80' lang='grc' dir='ltr'>χρῆ-</span> 
     </span>
    </p>
   </div>
   <div class='ocr_carea' id='block_1_74' title="bbox 1009 703 1806 740">
    <p class='ocr_par' dir='ltr' id='par_1_74' title="bbox 1009 703 1806 740">
     <span class='ocr_line' id='line_1_74' title="bbox 1009 703 1806 740; baseline 0.001 -11"><span class='ocrx_word' id='word_1_551' title='bbox 1009 711 1050 734; x_wconf 82' lang='grc' dir='ltr'><strong>σις</strong></span> <span class='ocrx_word' id='word_1_552' title='bbox 1066 705 1140 737; x_wconf 69' lang='grc' dir='ltr'>παρὰ</span> <span class='ocrx_word' id='word_1_553' title='bbox 1154 703 1192 737; x_wconf 85' lang='grc' dir='ltr'><strong>τῷ</strong></span> <span class='ocrx_word' id='word_1_554' title='bbox 1207 703 1466 739; x_wconf 74' lang='grc' dir='ltr'>ΘαυμασίῳΠαύλῳ.</span> <span class='ocrx_word' id='word_1_555' title='bbox 1482 705 1537 731; x_wconf 74' lang='grc' dir='ltr'><strong>Καὶ</strong></span> <span class='ocrx_word' id='word_1_556' title='bbox 1556 705 1593 740; x_wconf 84' lang='grc' dir='ltr'>μὴ</span> <span class='ocrx_word' id='word_1_557' title='bbox 1614 704 1758 739; x_wconf 72' lang='grc' dir='ltr'>θαυμάσῃς</span> <span class='ocrx_word' id='word_1_558' title='bbox 1779 704 1806 730; x_wconf 79' lang='grc' dir='ltr'><strong>ει</strong></span> 
     </span>
    </p>
   </div>
   <div class='ocr_carea' id='block_1_75' title="bbox 1007 746 1806 784">
    <p class='ocr_par' dir='ltr' id='par_1_75' title="bbox 1007 746 1806 784">
     <span class='ocr_line' id='line_1_75' title="bbox 1007 746 1806 784; baseline 0.001 -11"><span class='ocrx_word' id='word_1_559' title='bbox 1007 747 1115 782; x_wconf 79' lang='grc' dir='ltr'>ἀμαθὴς</span> <span class='ocrx_word' id='word_1_560' title='bbox 1145 746 1183 773; x_wconf 77' lang='grc' dir='ltr'><strong>ὢν</strong></span> <span class='ocrx_word' id='word_1_561' title='bbox 1204 747 1317 778; x_wconf 77' lang='grc' dir='ltr'>τούτων,</span> <span class='ocrx_word' id='word_1_562' title='bbox 1331 748 1466 782; x_wconf 73' lang='grc' dir='ltr'><strong>ἐκέχρητο</strong></span> <span class='ocrx_word' id='word_1_563' title='bbox 1481 748 1596 779; x_wconf 75' lang='grc' dir='ltr'>τούτοις.</span> <span class='ocrx_word' id='word_1_564' title='bbox 1631 749 1662 776; x_wconf 79' lang='grc'><strong>’11</strong></span> <span class='ocrx_word' id='word_1_565' title='bbox 1677 749 1732 784; x_wconf 72' lang='grc' dir='ltr'><strong>γὰρ</strong></span> <span class='ocrx_word' id='word_1_566' title='bbox 1752 748 1806 782; x_wconf 79' lang='grc' dir='ltr'><strong>χά-</strong></span> 
     </span>
    </p>
   </div>
   <div class='ocr_carea' id='block_1_76' title="bbox 1014 792 1807 827">
    <p class='ocr_par' dir='ltr' id='par_1_76' title="bbox 1014 792 1807 827">
     <span class='ocr_line' id='line_1_76' title="bbox 1014 792 1807 827; baseline 0.001 -9"><span class='ocrx_word' id='word_1_567' title='bbox 1014 801 1056 827; x_wconf 85' lang='grc' dir='ltr'><strong>ρις</strong></span> <span class='ocrx_word' id='word_1_568' title='bbox 1075 793 1092 826; x_wconf 81' lang='grc' dir='ltr'><strong>ἡ</strong></span> <span class='ocrx_word' id='word_1_569' title='bbox 1109 792 1143 818; x_wconf 82' lang='grc' dir='ltr'><strong>τὰ</strong></span> <span class='ocrx_word' id='word_1_570' title='bbox 1166 792 1252 827; x_wconf 80' lang='grc' dir='ltr'>μείζω</span> <span class='ocrx_word' id='word_1_571' title='bbox 1265 792 1432 827; x_wconf 80' lang='grc' dir='ltr'>χορηγοῦσα,</span> <span class='ocrx_word' id='word_1_572' title='bbox 1449 794 1496 820; x_wconf 75' lang='grc' dir='ltr'>καὶ</span> <span class='ocrx_word' id='word_1_573' title='bbox 1509 795 1561 820; x_wconf 82' lang='grc' dir='ltr'>τῶν</span> <span class='ocrx_word' id='word_1_574' title='bbox 1573 794 1690 820; x_wconf 82' lang='grc' dir='ltr'>εὐτελῶν</span> <span class='ocrx_word' id='word_1_575' title='bbox 1702 793 1807 820; x_wconf 72' lang='grc' dir='ltr'><strong>πο).λά-</strong></span> 
     </span>
    </p>
   </div>
   <div class='ocr_carea' id='block_1_77' title="bbox 1009 836 1799 872">
    <p class='ocr_par' dir='ltr' id='par_1_77' title="bbox 1009 836 1799 872">
     <span class='ocr_line' id='line_1_77' title="bbox 1009 836 1799 872; baseline 0.003 -10"><span class='ocrx_word' id='word_1_576' title='bbox 1009 837 1168 871; x_wconf 83' lang='grc' dir='ltr'>κιςπαρεῖχε</span> <span class='ocrx_word' id='word_1_577' title='bbox 1182 837 1231 870; x_wconf 86' lang='grc' dir='ltr'>τὴν</span> <span class='ocrx_word' id='word_1_578' title='bbox 1244 836 1354 870; x_wconf 87' lang='grc' dir='ltr'>γνῶσιν,</span> <span class='ocrx_word' id='word_1_579' title='bbox 1368 838 1416 872; x_wconf 83' lang='grc' dir='ltr'><strong>ούχ</strong></span> <span class='ocrx_word' id='word_1_580' title='bbox 1431 838 1468 868; x_wconf 84' lang='grc' dir='ltr'><strong>ὡς</strong></span> <span class='ocrx_word' id='word_1_581' title='bbox 1478 838 1547 872; x_wconf 83' lang='grc' dir='ltr'>μέγα</span> <span class='ocrx_word' id='word_1_582' title='bbox 1561 847 1586 864; x_wconf 89' lang='grc' dir='ltr'><strong>τι</strong></span> <span class='ocrx_word' id='word_1_583' title='bbox 1599 838 1703 865; x_wconf 83' lang='grc' dir='ltr'>τούτων</span> <span class='ocrx_word' id='word_1_584' title='bbox 1712 839 1799 871; x_wconf 80' lang='grc' dir='ltr'>ὑπαρ-</span> 
     </span>
    </p>
   </div>
   <div class='ocr_carea' id='block_1_78' title="bbox 980 879 1808 918">
    <p class='ocr_par' dir='ltr' id='par_1_78' title="bbox 980 879 1808 918">
     <span class='ocr_line' id='line_1_78' title="bbox 980 879 1808 918; baseline 0.001 -11"><span class='ocrx_word' id='word_1_585' title='bbox 980 879 1000 903; x_wconf 81' lang='grc' dir='ltr'>υ</span> <span class='ocrx_word' id='word_1_586' title='bbox 1015 881 1125 916; x_wconf 75' lang='grc' dir='ltr'>χόντων.</span> <span class='ocrx_word' id='word_1_587' title='bbox 1139 881 1172 907; x_wconf 80' lang='grc' dir='ltr'>Τί</span> <span class='ocrx_word' id='word_1_588' title='bbox 1209 881 1262 916; x_wconf 73' lang='grc' dir='ltr'><strong>γὰρ</strong></span> <span class='ocrx_word' id='word_1_589' title='bbox 1282 881 1315 908; x_wconf 72' lang='grc' dir='ltr'>ἂν</span> <span class='ocrx_word' id='word_1_590' title='bbox 1330 882 1377 908; x_wconf 77' lang='grc' dir='ltr'>καὶ</span> <span class='ocrx_word' id='word_1_591' title='bbox 1389 881 1430 916; x_wconf 74' lang='grc' dir='ltr'>εἴη</span> <span class='ocrx_word' id='word_1_592' title='bbox 1448 883 1511 918; x_wconf 73' lang='grc' dir='ltr'>περὶ</span> <span class='ocrx_word' id='word_1_593' title='bbox 1526 883 1612 914; x_wconf 77' lang='grc' dir='ltr'><strong>λέξεις</strong></span> <span class='ocrx_word' id='word_1_594' title='bbox 1633 883 1680 910; x_wconf 68' lang='grc' dir='ltr'>καὶ</span> <span class='ocrx_word' id='word_1_595' title='bbox 1704 882 1808 908; x_wconf 82' lang='grc' dir='ltr'>συλλα-</span> 
     </span>
    </p>
   </div>
   <div class='ocr_carea' id='block_1_79' title="bbox 1012 927 1808 963">
    <p class='ocr_par' dir='ltr' id='par_1_79' title="bbox 1012 927 1808 963">
     <span class='ocr_line' id='line_1_79' title="bbox 1012 927 1808 963; baseline -0.001 -10"><span class='ocrx_word' id='word_1_596' title='bbox 1012 927 1062 958; x_wconf 76' lang='grc' dir='ltr'>ϐὰς</span> <span class='ocrx_word' id='word_1_597' title='bbox 1090 927 1137 953; x_wconf 72' lang='grc' dir='ltr'>καὶ</span> <span class='ocrx_word' id='word_1_598' title='bbox 1163 927 1212 960; x_wconf 80' lang='grc' dir='ltr'><strong>τὴν</strong></span> <span class='ocrx_word' id='word_1_599' title='bbox 1235 927 1338 953; x_wconf 81' lang='grc' dir='ltr'>τούτων</span> <span class='ocrx_word' id='word_1_600' title='bbox 1380 928 1516 962; x_wconf 73' lang='grc' dir='ltr'>συνθήκην</span> <span class='ocrx_word' id='word_1_601' title='bbox 1547 929 1808 963; x_wconf 79' lang='grc' dir='ltr'>μικρολογουμὲνων</span> 
     </span>
    </p>
   </div>
   <div class='ocr_carea' id='block_1_80' title="bbox 1012 973 1808 1008">
    <p class='ocr_par' dir='ltr' id='par_1_80' title="bbox 1012 973 1808 1008">
     <span class='ocr_line' id='line_1_80' title="bbox 1012 973 1808 1008; baseline -0.003 -8"><span class='ocrx_word' id='word_1_602' title='bbox 1012 973 1162 1008; x_wconf 75' lang='grc' dir='ltr'>ἀνθρώπων</span> <span class='ocrx_word' id='word_1_603' title='bbox 1181 973 1261 1004; x_wconf 70' lang='grc' dir='ltr'>πόνος</span> <span class='ocrx_word' id='word_1_604' title='bbox 1270 973 1317 999; x_wconf 69' lang='grc' dir='ltr'><strong>καὶ</strong></span> <span class='ocrx_word' id='word_1_605' title='bbox 1329 973 1449 1008; x_wconf 70' lang='grc' dir='ltr'>ὀνύματα</span> <span class='ocrx_word' id='word_1_606' title='bbox 1467 983 1473 1006; x_wconf 92' lang='grc'><strong>;</strong></span> <span class='ocrx_word' id='word_1_607' title='bbox 1490 974 1605 1006; x_wconf 80' lang='grc' dir='ltr'>Οῦκουν,</span> <span class='ocrx_word' id='word_1_608' title='bbox 1620 975 1657 1001; x_wconf 73' lang='grc' dir='ltr'>ὡς</span> <span class='ocrx_word' id='word_1_609' title='bbox 1674 974 1808 1008; x_wconf 71' lang='grc' dir='ltr'>μεγάλων</span> 
     </span>
    </p>
   </div>
   <div class='ocr_carea' id='block_1_81' title="bbox 1012 1018 1807 1055">
    <p class='ocr_par' dir='ltr' id='par_1_81' title="bbox 1012 1018 1807 1055">
     <span class='ocr_line' id='line_1_81' title="bbox 1012 1018 1807 1055; baseline 0.001 -10"><span class='ocrx_word' id='word_1_610' title='bbox 1012 1019 1092 1045; x_wconf 74' lang='grc' dir='ltr'>τινῶν</span> <span class='ocrx_word' id='word_1_611' title='bbox 1122 1018 1225 1045; x_wconf 81' lang='grc' dir='ltr'>τούτων</span> <span class='ocrx_word' id='word_1_612' title='bbox 1260 1019 1343 1045; x_wconf 76' lang='grc' dir='ltr'>ὀντων</span> <span class='ocrx_word' id='word_1_613' title='bbox 1370 1019 1503 1055; x_wconf 76' lang='grc' dir='ltr'><strong>ἐκέχρητο</strong></span> <span class='ocrx_word' id='word_1_614' title='bbox 1527 1020 1642 1052; x_wconf 76' lang='grc' dir='ltr'>τούτοις,</span> <span class='ocrx_word' id='word_1_615' title='bbox 1677 1020 1734 1046; x_wconf 82' lang='grc' dir='ltr'>ἀλλ’</span> <span class='ocrx_word' id='word_1_616' title='bbox 1763 1019 1807 1051; x_wconf 80' lang='grc' dir='ltr'><strong>είς</strong></span> 
     </span>
    </p>
   </div>
   <div class='ocr_carea' id='block_1_82' title="bbox 1011 1065 1806 1100">
    <p class='ocr_par' dir='ltr' id='par_1_82' title="bbox 1011 1065 1806 1100">
     <span class='ocr_line' id='line_1_82' title="bbox 1011 1065 1806 1100; baseline -0.001 -9"><span class='ocrx_word' id='word_1_617' title='bbox 1011 1065 1042 1091; x_wconf 82' lang='grc' dir='ltr'>τὸ</span> <span class='ocrx_word' id='word_1_618' title='bbox 1054 1065 1243 1098; x_wconf 75' lang='grc' dir='ltr'>καταισχύνειν</span> <span class='ocrx_word' id='word_1_619' title='bbox 1276 1065 1339 1096; x_wconf 77' lang='grc' dir='ltr'>τοὺς</span> <span class='ocrx_word' id='word_1_620' title='bbox 1355 1065 1400 1091; x_wconf 66' lang='grc' dir='ltr'><strong>ἐπὶ</strong></span> <span class='ocrx_word' id='word_1_621' title='bbox 1416 1066 1470 1096; x_wconf 78' lang='grc' dir='ltr'>τοῖς</span> <span class='ocrx_word' id='word_1_622' title='bbox 1480 1065 1610 1098; x_wconf 72' lang='grc' dir='ltr'><strong>τοιούτοις</strong></span> <span class='ocrx_word' id='word_1_623' title='bbox 1641 1066 1711 1100; x_wconf 75' lang='grc' dir='ltr'>μέγα</span> <span class='ocrx_word' id='word_1_624' title='bbox 1732 1073 1806 1099; x_wconf 83' lang='grc' dir='ltr'>φρο-</span> 
     </span>
    </p>
   </div>
   <div class='ocr_carea' id='block_1_83' title="bbox 1013 1109 1805 1145">
    <p class='ocr_par' dir='ltr' id='par_1_83' title="bbox 1013 1109 1805 1145">
     <span class='ocr_line' id='line_1_83' title="bbox 1013 1109 1805 1145; baseline -0.003 -8"><span class='ocrx_word' id='word_1_625' title='bbox 1013 1110 1135 1141; x_wconf 77' lang='grc' dir='ltr'>νοῦντας,</span> <span class='ocrx_word' id='word_1_626' title='bbox 1149 1111 1195 1136; x_wconf 74' lang='grc' dir='ltr'>καὶ</span> <span class='ocrx_word' id='word_1_627' title='bbox 1208 1109 1338 1144; x_wconf 76' lang='grc' dir='ltr'>κερδῆσαι</span> <span class='ocrx_word' id='word_1_628' title='bbox 1354 1110 1453 1141; x_wconf 68' lang='grc' dir='ltr'>αὐτοὺς</span> <span class='ocrx_word' id='word_1_629' title='bbox 1468 1111 1507 1142; x_wconf 83' lang='grc' dir='ltr'><strong>είς</strong></span> <span class='ocrx_word' id='word_1_630' title='bbox 1535 1110 1805 1145; x_wconf 64' lang='grc' dir='ltr'><strong>ταπεινοφροσύνην,</strong></span> 
     </span>
    </p>
   </div>
   <div class='ocr_carea' id='block_1_84' title="bbox 1013 1155 1808 1190">
    <p class='ocr_par' dir='ltr' id='par_1_84' title="bbox 1013 1155 1808 1190">
     <span class='ocr_line' id='line_1_84' title="bbox 1013 1155 1808 1190; baseline 0.001 -9"><span class='ocrx_word' id='word_1_631' title='bbox 1013 1156 1059 1182; x_wconf 78' lang='grc' dir='ltr'>καὶ</span> <span class='ocrx_word' id='word_1_632' title='bbox 1086 1156 1209 1190; x_wconf 78' lang='grc' dir='ltr'>ὑπακοὴν</span> <span class='ocrx_word' id='word_1_633' title='bbox 1233 1155 1282 1189; x_wconf 75' lang='grc' dir='ltr'>τῆς</span> <span class='ocrx_word' id='word_1_634' title='bbox 1313 1155 1396 1182; x_wconf 76' lang='grc' dir='ltr'>αὑτοῦ</span> <span class='ocrx_word' id='word_1_635' title='bbox 1429 1156 1584 1187; x_wconf 74' lang='grc' dir='ltr'>νουθεσίας.</span> <span class='ocrx_word' id='word_1_636' title='bbox 1618 1157 1720 1182; x_wconf 75' lang='grc' dir='ltr'>Ἀοκνα</span> <span class='ocrx_word' id='word_1_637' title='bbox 1747 1156 1808 1190; x_wconf 74' lang='grc' dir='ltr'>γὰρ</span> 
     </span>
    </p>
   </div>
   <div class='ocr_carea' id='block_1_85' title="bbox 1014 1200 1803 1235">
    <p class='ocr_par' dir='ltr' id='par_1_85' title="bbox 1014 1200 1803 1235">
     <span class='ocr_line' id='line_1_85' title="bbox 1014 1200 1803 1235; baseline -0.003 -8"><span class='ocrx_word' id='word_1_638' title='bbox 1014 1200 1136 1235; x_wconf 75' lang='grc' dir='ltr'>ὑπῆρχεν</span> <span class='ocrx_word' id='word_1_639' title='bbox 1156 1200 1264 1226; x_wconf 74' lang='grc' dir='ltr'>ἅπαντα</span> <span class='ocrx_word' id='word_1_640' title='bbox 1278 1200 1386 1235; x_wconf 82' lang='grc' dir='ltr'><strong>Παύλῳ,</strong></span> <span class='ocrx_word' id='word_1_641' title='bbox 1403 1200 1457 1235; x_wconf 84' lang='grc' dir='ltr'>ὅσῳ</span> <span class='ocrx_word' id='word_1_642' title='bbox 1472 1200 1609 1235; x_wconf 78' lang='grc' dir='ltr'>σωτηρίαν</span> <span class='ocrx_word' id='word_1_643' title='bbox 1625 1200 1722 1235; x_wconf 74' lang='grc' dir='ltr'>ἔφερεν</span> <span class='ocrx_word' id='word_1_644' title='bbox 1749 1201 1803 1226; x_wconf 85' lang='grc' dir='ltr'><strong>ἁν-</strong></span> 
     </span>
    </p>
   </div>
   <div class='ocr_carea' id='block_1_86' title="bbox 1014 1245 1806 1281">
    <p class='ocr_par' dir='ltr' id='par_1_86' title="bbox 1014 1245 1806 1281">
     <span class='ocr_line' id='line_1_86' title="bbox 1014 1245 1806 1281; baseline 0 -10"><span class='ocrx_word' id='word_1_645' title='bbox 1014 1246 1143 1280; x_wconf 81' lang='grc' dir='ltr'>θρὼποις.</span> <span class='ocrx_word' id='word_1_646' title='bbox 1158 1245 1204 1271; x_wconf 69' lang='grc' dir='ltr'>Διὸ</span> <span class='ocrx_word' id='word_1_647' title='bbox 1225 1246 1272 1271; x_wconf 79' lang='grc' dir='ltr'>καὶ</span> <span class='ocrx_word' id='word_1_648' title='bbox 1296 1246 1407 1281; x_wconf 76' lang='grc' dir='ltr'><strong>χρήσεις</strong></span> <span class='ocrx_word' id='word_1_649' title='bbox 1436 1246 1585 1280; x_wconf 78' lang='grc' dir='ltr'><strong>ποιητικῶν</strong></span> <span class='ocrx_word' id='word_1_650' title='bbox 1612 1246 1723 1280; x_wconf 79' lang='grc' dir='ltr'>στίχων,</span> <span class='ocrx_word' id='word_1_651' title='bbox 1753 1246 1806 1272; x_wconf 72' lang='grc' dir='ltr'>καὶ</span> 
     </span>
    </p>
   </div>
   <div class='ocr_carea' id='block_1_87' title="bbox 1015 1291 1808 1326">
    <p class='ocr_par' dir='ltr' id='par_1_87' title="bbox 1015 1291 1808 1326">
     <span class='ocr_line' id='line_1_87' title="bbox 1015 1291 1808 1326; baseline -0.003 -8"><span class='ocrx_word' id='word_1_652' title='bbox 1015 1291 1134 1326; x_wconf 71' lang='grc' dir='ltr'>ἱστορίας</span> <span class='ocrx_word' id='word_1_653' title='bbox 1156 1291 1325 1326; x_wconf 76' lang='grc' dir='ltr'>Ἑλληνικὰς,</span> <span class='ocrx_word' id='word_1_654' title='bbox 1346 1291 1393 1317; x_wconf 74' lang='grc' dir='ltr'>καὶ</span> <span class='ocrx_word' id='word_1_655' title='bbox 1412 1291 1497 1326; x_wconf 85' lang='grc' dir='ltr'>μυρία</span> <span class='ocrx_word' id='word_1_656' title='bbox 1519 1291 1634 1318; x_wconf 73' lang='grc' dir='ltr'>τοιαῦτα</span> <span class='ocrx_word' id='word_1_657' title='bbox 1655 1291 1706 1318; x_wconf 81' lang='grc' dir='ltr'><strong>οὐκ</strong></span> <span class='ocrx_word' id='word_1_658' title='bbox 1725 1291 1808 1317; x_wconf 73' lang='grc' dir='ltr'>ὀκνεῖ</span> 
     </span>
    </p>
   </div>
   <div class='ocr_carea' id='block_1_88' title="bbox 1014 1337 1807 1373">
    <p class='ocr_par' dir='ltr' id='par_1_88' title="bbox 1014 1337 1807 1373">
     <span class='ocr_line' id='line_1_88' title="bbox 1014 1337 1807 1373; baseline 0 -9"><span class='ocrx_word' id='word_1_659' title='bbox 1014 1337 1203 1373; x_wconf 75' lang='grc' dir='ltr'>προκομίζειν,</span> <span class='ocrx_word' id='word_1_660' title='bbox 1219 1338 1252 1364; x_wconf 84' lang='grc' dir='ltr'>ἂν</span> <span class='ocrx_word' id='word_1_661' title='bbox 1270 1338 1350 1372; x_wconf 86' lang='grc' dir='ltr'>μόνον</span> <span class='ocrx_word' id='word_1_662' title='bbox 1365 1337 1413 1364; x_wconf 76' lang='grc' dir='ltr'>καὶ</span> <span class='ocrx_word' id='word_1_663' title='bbox 1425 1338 1469 1365; x_wconf 74' lang='grc' dir='ltr'><strong>διὰ</strong></span> <span class='ocrx_word' id='word_1_664' title='bbox 1480 1337 1582 1364; x_wconf 73' lang='grc' dir='ltr'>τούτων</span> <span class='ocrx_word' id='word_1_665' title='bbox 1606 1338 1710 1369; x_wconf 74' lang='grc' dir='ltr'>ἐλπίζει</span> <span class='ocrx_word' id='word_1_666' title='bbox 1738 1337 1807 1364; x_wconf 73' lang='grc' dir='ltr'>τινὰ</span> 
     </span>
    </p>
   </div>
   <div class='ocr_carea' id='block_1_89' title="bbox 1015 1381 1806 1417">
    <p class='ocr_par' dir='ltr' id='par_1_89' title="bbox 1015 1381 1806 1417">
     <span class='ocr_line' id='line_1_89' title="bbox 1015 1381 1806 1417; baseline -0.001 -9"><span class='ocrx_word' id='word_1_667' title='bbox 1015 1382 1152 1416; x_wconf 74' lang='grc' dir='ltr'>σωτηρίαν</span> <span class='ocrx_word' id='word_1_668' title='bbox 1165 1382 1316 1416; x_wconf 80' lang='grc' dir='ltr'>ἀνθρώπων</span> <span class='ocrx_word' id='word_1_669' title='bbox 1333 1382 1468 1417; x_wconf 84' lang='grc' dir='ltr'>ἁρπάσαι.</span> <span class='ocrx_word' id='word_1_670' title='bbox 1479 1382 1564 1408; x_wconf 69' lang='grc' dir='ltr'>Βαὸσιὶ</span> <span class='ocrx_word' id='word_1_671' title='bbox 1573 1382 1622 1416; x_wconf 81' lang='grc' dir='ltr'>τῆς</span> <span class='ocrx_word' id='word_1_672' title='bbox 1633 1381 1806 1416; x_wconf 71' lang='grc' dir='ltr'><strong>τηλικαύτης</strong></span> 
     </span>
    </p>
   </div>
   <div class='ocr_carea' id='block_1_90' title="bbox 1014 1426 1805 1463">
    <p class='ocr_par' dir='ltr' id='par_1_90' title="bbox 1014 1426 1805 1463">
     <span class='ocr_line' id='line_1_90' title="bbox 1014 1426 1805 1463; baseline -0.003 -9"><span class='ocrx_word' id='word_1_673' title='bbox 1014 1427 1102 1463; x_wconf 74' lang='grc' dir='ltr'>ψυχῆς</span> <span class='ocrx_word' id='word_1_674' title='bbox 1111 1428 1157 1454; x_wconf 67' lang='grc' dir='ltr'>καὶ</span> <span class='ocrx_word' id='word_1_675' title='bbox 1174 1427 1290 1461; x_wconf 81' lang='grc' dir='ltr'><strong>σπουδῆς</strong></span> <span class='ocrx_word' id='word_1_676' title='bbox 1306 1427 1419 1459; x_wconf 78' lang='grc' dir='ltr'>ίΚαλῶς</span> <span class='ocrx_word' id='word_1_677' title='bbox 1439 1427 1466 1453; x_wconf 76' lang='grc' dir='ltr'>δὲ</span> <span class='ocrx_word' id='word_1_678' title='bbox 1491 1427 1537 1453; x_wconf 79' lang='grc' dir='ltr'>καὶ</span> <span class='ocrx_word' id='word_1_679' title='bbox 1553 1427 1592 1462; x_wconf 82' lang='grc' dir='ltr'>τῷ</span> <span class='ocrx_word' id='word_1_680' title='bbox 1615 1426 1728 1461; x_wconf 76' lang='grc' dir='ltr'>τοιούτῳ</span> <span class='ocrx_word' id='word_1_681' title='bbox 1753 1426 1805 1452; x_wconf 72' lang='grc' dir='ltr'><strong>κέ-</strong></span> 
     </span>
    </p>
   </div>
   <div class='ocr_carea' id='block_1_91' title="bbox 1015 1472 1806 1509">
    <p class='ocr_par' dir='ltr' id='par_1_91' title="bbox 1015 1472 1806 1509">
     <span class='ocr_line' id='line_1_91' title="bbox 1015 1472 1806 1509; baseline -0.003 -9"><span class='ocrx_word' id='word_1_682' title='bbox 1015 1482 1115 1509; x_wconf 88' lang='grc' dir='ltr'>χρηται</span> <span class='ocrx_word' id='word_1_683' title='bbox 1125 1473 1179 1500; x_wconf 87' lang='grc' dir='ltr'>τῶν</span> <span class='ocrx_word' id='word_1_684' title='bbox 1194 1473 1281 1507; x_wconf 85' lang='grc' dir='ltr'>λόγων</span> <span class='ocrx_word' id='word_1_685' title='bbox 1296 1473 1374 1503; x_wconf 72' lang='grc' dir='ltr'>εῖδει.</span> <span class='ocrx_word' id='word_1_686' title='bbox 1391 1473 1438 1499; x_wconf 73' lang='grc' dir='ltr'>καὶ</span> <span class='ocrx_word' id='word_1_687' title='bbox 1461 1473 1552 1506; x_wconf 82' lang='grc' dir='ltr'>πάλιν,</span> <span class='ocrx_word' id='word_1_688' title='bbox 1576 1472 1624 1498; x_wconf 76' lang='grc' dir='ltr'>τοῦ</span> <span class='ocrx_word' id='word_1_689' title='bbox 1655 1472 1806 1499; x_wconf 76' lang='grc' dir='ltr'>ἀποστολι-</span> 
     </span>
    </p>
   </div>
   <div class='ocr_carea' id='block_1_92' title="bbox 1016 1518 1805 1554">
    <p class='ocr_par' dir='ltr' id='par_1_92' title="bbox 1016 1518 1805 1554">
     <span class='ocr_line' id='line_1_92' title="bbox 1016 1518 1805 1554; baseline -0.004 -7"><span class='ocrx_word' id='word_1_690' title='bbox 1016 1519 1064 1547; x_wconf 81' lang='grc' dir='ltr'>κοῦ</span> <span class='ocrx_word' id='word_1_691' title='bbox 1082 1519 1128 1546; x_wconf 75' lang='grc' dir='ltr'>καὶ</span> <span class='ocrx_word' id='word_1_692' title='bbox 1142 1518 1227 1546; x_wconf 79' lang='grc' dir='ltr'>ἁπλοῦ</span> <span class='ocrx_word' id='word_1_693' title='bbox 1243 1520 1289 1545; x_wconf 71' lang='grc' dir='ltr'>καὶ</span> <span class='ocrx_word' id='word_1_694' title='bbox 1298 1519 1424 1553; x_wconf 75' lang='grc' dir='ltr'><strong>εὐγενοῦς</strong></span> <span class='ocrx_word' id='word_1_695' title='bbox 1451 1519 1500 1545; x_wconf 77' lang='grc' dir='ltr'>καὶ</span> <span class='ocrx_word' id='word_1_696' title='bbox 1524 1519 1689 1554; x_wconf 75' lang='grc' dir='ltr'>ἀπεριέργου</span> <span class='ocrx_word' id='word_1_697' title='bbox 1715 1527 1805 1553; x_wconf 81' lang='grc' dir='ltr'>χαρα-</span> 
     </span>
    </p>
   </div>
   <div class='ocr_carea' id='block_1_93' title="bbox 1016 1564 1807 1600">
    <p class='ocr_par' dir='ltr' id='par_1_93' title="bbox 1016 1564 1807 1600">
     <span class='ocr_line' id='line_1_93' title="bbox 1016 1564 1807 1600; baseline -0.004 -9"><span class='ocrx_word' id='word_1_698' title='bbox 1016 1566 1117 1600; x_wconf 81' lang='grc' dir='ltr'>κτῆρος</span> <span class='ocrx_word' id='word_1_699' title='bbox 1134 1565 1183 1592; x_wconf 79' lang='grc' dir='ltr'>οὐκ</span> <span class='ocrx_word' id='word_1_700' title='bbox 1198 1565 1355 1599; x_wconf 79' lang='grc' dir='ltr'>ἀφίσταται.</span> <span class='ocrx_word' id='word_1_701' title='bbox 1371 1564 1402 1591; x_wconf 88' lang='lat' dir='ltr'><strong>E!</strong></span> <span class='ocrx_word' id='word_1_702' title='bbox 1427 1565 1476 1599; x_wconf 85' lang='grc' dir='ltr'>μὲν</span> <span class='ocrx_word' id='word_1_703' title='bbox 1504 1565 1558 1599; x_wconf 75' lang='grc' dir='ltr'><strong>γὰρ</strong></span> <span class='ocrx_word' id='word_1_704' title='bbox 1582 1564 1714 1595; x_wconf 74' lang='grc' dir='ltr'><strong>οὐδ’ὃλως</strong></span> <span class='ocrx_word' id='word_1_705' title='bbox 1740 1564 1807 1589; x_wconf 79' lang='grc' dir='ltr'><strong>ἐκέ-</strong></span> 
     </span>
    </p>
   </div>
   <div class='ocr_carea' id='block_1_94' title="bbox 1016 1609 1807 1648">
    <p class='ocr_par' dir='ltr' id='par_1_94' title="bbox 1016 1609 1807 1648">
     <span class='ocr_line' id='line_1_94' title="bbox 1016 1609 1807 1648; baseline -0.005 -10"><span class='ocrx_word' id='word_1_706' title='bbox 1016 1621 1101 1648; x_wconf 87' lang='grc' dir='ltr'>χρητο</span> <span class='ocrx_word' id='word_1_707' title='bbox 1112 1612 1226 1643; x_wconf 83' lang='grc' dir='ltr'>τούτοις,</span> <span class='ocrx_word' id='word_1_708' title='bbox 1253 1611 1404 1645; x_wconf 81' lang='grc' dir='ltr'>ἀδυναμίαν</span> <span class='ocrx_word' id='word_1_709' title='bbox 1425 1611 1458 1637; x_wconf 85' lang='grc' dir='ltr'>ἂν</span> <span class='ocrx_word' id='word_1_710' title='bbox 1482 1611 1507 1637; x_wconf 84' lang='grc' dir='ltr'><strong>οῑ</strong></span> <span class='ocrx_word' id='word_1_711' title='bbox 1535 1610 1623 1637; x_wconf 78' lang='grc' dir='ltr'>πάντα</span> <span class='ocrx_word' id='word_1_712' title='bbox 1646 1609 1807 1644; x_wconf 74' lang='grc' dir='ltr'>τολμῶντες</span> 
     </span>
    </p>
   </div>
   <div class='ocr_carea' id='block_1_95' title="bbox 1017 1653 1806 1690">
    <p class='ocr_par' dir='ltr' id='par_1_95' title="bbox 1017 1653 1806 1690">
     <span class='ocr_line' id='line_1_95' title="bbox 1017 1653 1806 1690; baseline -0.004 -8"><span class='ocrx_word' id='word_1_713' title='bbox 1017 1657 1063 1683; x_wconf 78' lang='grc' dir='ltr'>καὶ</span> <span class='ocrx_word' id='word_1_714' title='bbox 1083 1655 1238 1690; x_wconf 72' lang='grc' dir='ltr'>ἰδιωτισμδν</span> <span class='ocrx_word' id='word_1_715' title='bbox 1254 1655 1410 1690; x_wconf 71' lang='grc' dir='ltr'>ᾐτιάσαντο,</span> <span class='ocrx_word' id='word_1_716' title='bbox 1429 1655 1495 1681; x_wconf 72' lang='grc' dir='ltr'><strong>ὅπου</strong></span> <span class='ocrx_word' id='word_1_717' title='bbox 1515 1654 1563 1681; x_wconf 74' lang='grc' dir='ltr'><strong>καὶ</strong></span> <span class='ocrx_word' id='word_1_718' title='bbox 1587 1653 1634 1680; x_wconf 85' lang='grc' dir='ltr'><strong>νῦν</strong></span> <span class='ocrx_word' id='word_1_719' title='bbox 1659 1661 1732 1684; x_wconf 75' lang='grc' dir='ltr'>τινες</span> <span class='ocrx_word' id='word_1_720' title='bbox 1764 1653 1806 1688; x_wconf 78' lang='grc' dir='ltr'>μὴ</span> 
     </span>
    </p>
   </div>
   <div class='ocr_carea' id='block_1_96' title="bbox 1018 1698 1806 1736">
    <p class='ocr_par' dir='ltr' id='par_1_96' title="bbox 1018 1698 1806 1736">
     <span class='ocr_line' id='line_1_96' title="bbox 1018 1698 1806 1736; baseline -0.005 -8"><span class='ocrx_word' id='word_1_721' title='bbox 1018 1702 1153 1733; x_wconf 82' lang='grc' dir='ltr'>συνιέντες</span> <span class='ocrx_word' id='word_1_722' title='bbox 1161 1703 1196 1727; x_wconf 67' lang='grc' dir='ltr'>τὰ</span> <span class='ocrx_word' id='word_1_723' title='bbox 1209 1701 1333 1733; x_wconf 73' lang='grc' dir='ltr'>τοιαῦτα,</span> <span class='ocrx_word' id='word_1_724' title='bbox 1350 1701 1478 1736; x_wconf 81' lang='grc' dir='ltr'>ἀπειρίαν</span> <span class='ocrx_word' id='word_1_725' title='bbox 1496 1700 1576 1727; x_wconf 72' lang='grc' dir='ltr'>αὑτὸν</span> <span class='ocrx_word' id='word_1_726' title='bbox 1594 1700 1649 1726; x_wconf 82' lang='grc' dir='ltr'>τῶν</span> <span class='ocrx_word' id='word_1_727' title='bbox 1673 1698 1806 1725; x_wconf 80' lang='grc' dir='ltr'><strong>τοιούτων</strong></span> 
     </span>
    </p>
   </div>
   <div class='ocr_carea' id='block_1_97' title="bbox 1016 1743 1805 1782">
    <p class='ocr_par' dir='ltr' id='par_1_97' title="bbox 1016 1743 1805 1782">
     <span class='ocr_line' id='line_1_97' title="bbox 1016 1743 1805 1782; baseline -0.004 -9"><span class='ocrx_word' id='word_1_728' title='bbox 1016 1747 1088 1782; x_wconf 79' lang='grc' dir='ltr'>ἔχειν</span> <span class='ocrx_word' id='word_1_729' title='bbox 1101 1746 1130 1779; x_wconf 79' lang='grc' dir='ltr'>ἐξ</span> <span class='ocrx_word' id='word_1_730' title='bbox 1155 1743 1192 1773; x_wconf 77' lang='grc' dir='ltr'><strong>ὢν</strong></span> <span class='ocrx_word' id='word_1_731' title='bbox 1217 1746 1359 1772; x_wconf 77' lang='grc' dir='ltr'>ούδ¹αὺτοὶ</span> <span class='ocrx_word' id='word_1_732' title='bbox 1385 1747 1519 1776; x_wconf 78' lang='grc' dir='ltr'>συνιᾶσιν,</span> <span class='ocrx_word' id='word_1_733' title='bbox 1551 1745 1805 1780; x_wconf 70' lang='grc' dir='ltr'>ὑπολαμϐάνουσιν.</span> 
     </span>
    </p>
   </div>
   <div class='ocr_carea' id='block_1_98' title="bbox 1017 1790 1806 1825">
    <p class='ocr_par' dir='ltr' id='par_1_98' title="bbox 1017 1790 1806 1825">
     <span class='ocr_line' id='line_1_98' title="bbox 1017 1790 1806 1825; baseline -0.003 -7"><span class='ocrx_word' id='word_1_734' title='bbox 1017 1790 1048 1819; x_wconf 77' lang='lat' dir='ltr'><strong>El</strong></span> <span class='ocrx_word' id='word_1_735' title='bbox 1060 1792 1082 1818; x_wconf 76' lang='grc' dir='ltr'>δ’</span> <span class='ocrx_word' id='word_1_736' title='bbox 1097 1792 1129 1819; x_wconf 80' lang='grc' dir='ltr'>αὖ</span> <span class='ocrx_word' id='word_1_737' title='bbox 1142 1792 1222 1819; x_wconf 78' lang='grc' dir='ltr'>πάλιν</span> <span class='ocrx_word' id='word_1_738' title='bbox 1231 1791 1337 1822; x_wconf 81' lang='grc' dir='ltr'>τούτοις</span> <span class='ocrx_word' id='word_1_739' title='bbox 1353 1791 1499 1823; x_wconf 75' lang='grc' dir='ltr'>διαπαντὸς</span> <span class='ocrx_word' id='word_1_740' title='bbox 1511 1792 1617 1825; x_wconf 73' lang='grc' dir='ltr'>ἐχρῆτο,</span> <span class='ocrx_word' id='word_1_741' title='bbox 1631 1791 1645 1816; x_wconf 85' lang='grc'>6</span> <span class='ocrx_word' id='word_1_742' title='bbox 1658 1790 1806 1817; x_wconf 74' lang='grc' dir='ltr'>ἀποστολι-</span> 
     </span>
    </p>
   </div>
   <div class='ocr_carea' id='block_1_99' title="bbox 1017 1836 1806 1874">
    <p class='ocr_par' dir='ltr' id='par_1_99' title="bbox 1017 1836 1806 1874">
     <span class='ocr_line' id='line_1_99' title="bbox 1017 1836 1806 1874; baseline -0.005 -8"><span class='ocrx_word' id='word_1_743' title='bbox 1017 1839 1064 1870; x_wconf 74' lang='grc' dir='ltr'><strong>κδς</strong></span> <span class='ocrx_word' id='word_1_744' title='bbox 1077 1838 1219 1874; x_wconf 81' lang='grc' dir='ltr'>χαρακτὴρ</span> <span class='ocrx_word' id='word_1_745' title='bbox 1233 1839 1329 1868; x_wconf 78' lang='grc' dir='ltr'>ἐντοῖς</span> <span class='ocrx_word' id='word_1_746' title='bbox 1352 1838 1576 1873; x_wconf 82' lang='grc' dir='ltr'>παρεωραμένοις</span> <span class='ocrx_word' id='word_1_747' title='bbox 1613 1836 1727 1863; x_wconf 76' lang='grc' dir='ltr'>ἐτίθετο,</span> <span class='ocrx_word' id='word_1_748' title='bbox 1755 1838 1806 1862; x_wconf 88' lang='grc' dir='ltr'><strong>Δι-</strong></span> 
     </span>
    </p>
   </div>
   <div class='ocr_carea' id='block_1_100' title="bbox 1017 1882 1807 1921">
    <p class='ocr_par' dir='ltr' id='par_1_100' title="bbox 1017 1882 1807 1921">
     <span class='ocr_line' id='line_1_100' title="bbox 1017 1882 1807 1921; baseline -0.004 -10"><span class='ocrx_word' id='word_1_749' title='bbox 1017 1885 1118 1921; x_wconf 85' lang='grc' dir='ltr'>ῄτησεν</span> <span class='ocrx_word' id='word_1_750' title='bbox 1134 1882 1180 1911; x_wconf 74' lang='grc' dir='ltr'>οὖν</span> <span class='ocrx_word' id='word_1_751' title='bbox 1193 1883 1311 1914; x_wconf 81' lang='grc' dir='ltr'>συνετῶς</span> <span class='ocrx_word' id='word_1_752' title='bbox 1327 1883 1374 1909; x_wconf 73' lang='grc' dir='ltr'><strong>καὶ</strong></span> <span class='ocrx_word' id='word_1_753' title='bbox 1390 1883 1534 1916; x_wconf 70' lang='grc' dir='ltr'>πανσόφως</span> <span class='ocrx_word' id='word_1_754' title='bbox 1543 1883 1637 1917; x_wconf 53' lang='grc' dir='ltr'><strong>ᾶμῖςω.</strong></span> <span class='ocrx_word' id='word_1_755' title='bbox 1652 1882 1807 1916; x_wconf 78' lang='grc' dir='ltr'>Ἐχρήσατο</span> 
     </span>
    </p>
   </div>
   <div class='ocr_carea' id='block_1_101' title="bbox 1019 1926 1806 1966">
    <p class='ocr_par' dir='ltr' id='par_1_101' title="bbox 1019 1926 1806 1966">
     <span class='ocr_line' id='line_1_101' title="bbox 1019 1926 1806 1966; baseline -0.006 -8"><span class='ocrx_word' id='word_1_756' title='bbox 1019 1931 1070 1965; x_wconf 82' lang='grc' dir='ltr'>μὲν</span> <span class='ocrx_word' id='word_1_757' title='bbox 1085 1931 1139 1966; x_wconf 79' lang='grc' dir='ltr'>γὰρ</span> <span class='ocrx_word' id='word_1_758' title='bbox 1154 1931 1279 1960; x_wconf 72' lang='grc' dir='ltr'>ἐκείνοις,</span> <span class='ocrx_word' id='word_1_759' title='bbox 1292 1929 1362 1955; x_wconf 81' lang='grc' dir='ltr'>ὥστε</span> <span class='ocrx_word' id='word_1_760' title='bbox 1386 1929 1470 1960; x_wconf 77' lang='grc' dir='ltr'>δεῖξαι</span> <span class='ocrx_word' id='word_1_761' title='bbox 1500 1929 1588 1963; x_wconf 73' lang='grc' dir='ltr'>ῥᾴδιον</span> <span class='ocrx_word' id='word_1_762' title='bbox 1616 1926 1686 1954; x_wconf 83' lang='grc' dir='ltr'>εἶναι</span> <span class='ocrx_word' id='word_1_763' title='bbox 1709 1927 1806 1963; x_wconf 72' lang='grc' dir='ltr'>βουλο-</span> 
     </span>
    </p>
   </div>
   <div class='ocr_carea' id='block_1_102' title="bbox 1022 1973 1806 2012">
    <p class='ocr_par' dir='ltr' id='par_1_102' title="bbox 1022 1973 1806 2012">
     <span class='ocr_line' id='line_1_102' title="bbox 1022 1973 1806 2012; baseline -0.005 -9"><span class='ocrx_word' id='word_1_764' title='bbox 1022 1977 1098 2012; x_wconf 86' lang='grc' dir='ltr'>μένῳ</span> <span class='ocrx_word' id='word_1_765' title='bbox 1112 1977 1142 2003; x_wconf 78' lang='grc' dir='ltr'><strong>τὺ</strong></span> <span class='ocrx_word' id='word_1_766' title='bbox 1153 1974 1285 2007; x_wconf 75' lang='grc' dir='ltr'>τοιοῦτον,</span> <span class='ocrx_word' id='word_1_767' title='bbox 1314 1975 1360 2000; x_wconf 76' lang='grc' dir='ltr'><strong>καὶ</strong></span> <span class='ocrx_word' id='word_1_768' title='bbox 1375 1976 1423 2001; x_wconf 69' lang='grc' dir='ltr'><strong>οὐκ</strong></span> <span class='ocrx_word' id='word_1_769' title='bbox 1441 1975 1543 2007; x_wconf 78' lang='grc' dir='ltr'>ἀγνοεῖ.</span> <span class='ocrx_word' id='word_1_770' title='bbox 1571 1973 1709 2008; x_wconf 80' lang='grc' dir='ltr'>Ἐνέμεινε</span> <span class='ocrx_word' id='word_1_771' title='bbox 1720 1974 1749 2000; x_wconf 68' lang='grc' dir='ltr'>δὲ</span> <span class='ocrx_word' id='word_1_772' title='bbox 1765 1974 1806 2010; x_wconf 83' lang='grc' dir='ltr'><strong>τῷ</strong></span> 
     </span>
    </p>
   </div>
   <div class='ocr_carea' id='block_1_103' title="bbox 1018 2019 1805 2057">
    <p class='ocr_par' dir='ltr' id='par_1_103' title="bbox 1018 2019 1805 2057">
     <span class='ocr_line' id='line_1_103' title="bbox 1018 2019 1805 2057; baseline -0.006 -7"><span class='ocrx_word' id='word_1_773' title='bbox 1018 2022 1188 2057; x_wconf 79' lang='grc' dir='ltr'>ἀποστολικῷ</span> <span class='ocrx_word' id='word_1_774' title='bbox 1201 2022 1367 2057; x_wconf 74' lang='grc' dir='ltr'>χαρακτῆρι,</span> <span class='ocrx_word' id='word_1_775' title='bbox 1380 2021 1428 2055; x_wconf 84' lang='grc' dir='ltr'>τὴν</span> <span class='ocrx_word' id='word_1_776' title='bbox 1437 2020 1577 2053; x_wconf 72' lang='grc' dir='ltr'>εὐγένειαν</span> <span class='ocrx_word' id='word_1_777' title='bbox 1593 2020 1640 2046; x_wconf 76' lang='grc' dir='ltr'>καὶ</span> <span class='ocrx_word' id='word_1_778' title='bbox 1663 2019 1693 2046; x_wconf 68' lang='grc' dir='ltr'>τὸ</span> <span class='ocrx_word' id='word_1_779' title='bbox 1728 2020 1805 2046; x_wconf 82' lang='grc' dir='ltr'>ἀπε-</span> 
     </span>
    </p>
   </div>
   <div class='ocr_carea' id='block_1_104' title="bbox 1020 2066 1805 2106">
    <p class='ocr_par' dir='ltr' id='par_1_104' title="bbox 1020 2066 1805 2106">
     <span class='ocr_line' id='line_1_104' title="bbox 1020 2066 1805 2106; baseline -0.004 -9"><span class='ocrx_word' id='word_1_780' title='bbox 1020 2071 1128 2106; x_wconf 81' lang='grc' dir='ltr'>ρίεργον</span> <span class='ocrx_word' id='word_1_781' title='bbox 1137 2070 1183 2096; x_wconf 75' lang='grc' dir='ltr'>καὶ</span> <span class='ocrx_word' id='word_1_782' title='bbox 1198 2069 1317 2103; x_wconf 69' lang='grc' dir='ltr'>καθαρὸν</span> <span class='ocrx_word' id='word_1_783' title='bbox 1331 2069 1378 2095; x_wconf 78' lang='grc' dir='ltr'><strong>καὶ</strong></span> <span class='ocrx_word' id='word_1_784' title='bbox 1392 2068 1522 2101; x_wconf 67' lang='grc' dir='ltr'>αὐτοφυὲς</span> <span class='ocrx_word' id='word_1_785' title='bbox 1537 2067 1584 2094; x_wconf 68' lang='grc' dir='ltr'><strong>τοῦ</strong></span> <span class='ocrx_word' id='word_1_786' title='bbox 1598 2067 1678 2100; x_wconf 86' lang='grc' dir='ltr'>λόγου</span> <span class='ocrx_word' id='word_1_787' title='bbox 1703 2066 1805 2100; x_wconf 81' lang='grc' dir='ltr'>τιμῶν.</span> 
     </span>
    </p>
   </div>
   <div class='ocr_carea' id='block_1_105' title="bbox 1019 2113 1806 2150">
    <p class='ocr_par' dir='ltr' id='par_1_105' title="bbox 1019 2113 1806 2150">
     <span class='ocr_line' id='line_1_105' title="bbox 1019 2113 1806 2150; baseline -0.005 -8"><span class='ocrx_word' id='word_1_788' title='bbox 1019 2116 1051 2142; x_wconf 89' lang='grc' dir='ltr'>Τί</span> <span class='ocrx_word' id='word_1_789' title='bbox 1066 2115 1112 2142; x_wconf 79' lang='grc' dir='ltr'>οὖν</span> <span class='ocrx_word' id='word_1_790' title='bbox 1125 2115 1162 2150; x_wconf 81' lang='grc' dir='ltr'>μὴ</span> <span class='ocrx_word' id='word_1_791' title='bbox 1175 2115 1222 2142; x_wconf 66' lang='grc' dir='ltr'>καὶ</span> <span class='ocrx_word' id='word_1_792' title='bbox 1241 2116 1264 2141; x_wconf 90' lang='grc' dir='ltr'><strong>οἱ</strong></span> <span class='ocrx_word' id='word_1_793' title='bbox 1280 2114 1369 2141; x_wconf 76' lang='grc' dir='ltr'>λοιποὶ</span> <span class='ocrx_word' id='word_1_794' title='bbox 1388 2113 1474 2143; x_wconf 74' lang='grc' dir='ltr'>οὕτως</span> <span class='ocrx_word' id='word_1_795' title='bbox 1487 2115 1549 2144; x_wconf 72' lang='grc' dir='ltr'>τοὺς</span> <span class='ocrx_word' id='word_1_796' title='bbox 1567 2113 1672 2140; x_wconf 76' lang='grc' dir='ltr'>ἑαυτῶν</span> <span class='ocrx_word' id='word_1_797' title='bbox 1687 2113 1806 2147; x_wconf 82' lang='grc' dir='ltr'>κατέμι-</span> 
     </span>
    </p>
   </div>
   <div class='ocr_carea' id='block_1_106' title="bbox 1020 2157 1806 2196">
    <p class='ocr_par' dir='ltr' id='par_1_106' title="bbox 1020 2157 1806 2196">
     <span class='ocr_line' id='line_1_106' title="bbox 1020 2157 1806 2196; baseline -0.005 -8"><span class='ocrx_word' id='word_1_798' title='bbox 1020 2162 1067 2194; x_wconf 77' lang='grc' dir='ltr'>ξαν</span> <span class='ocrx_word' id='word_1_799' title='bbox 1078 2162 1193 2195; x_wconf 81' lang='grc' dir='ltr'>λόγοι)ς;</span> <span class='ocrx_word' id='word_1_800' title='bbox 1217 2162 1309 2196; x_wconf 83' lang='grc' dir='ltr'>Ἀρκεί</span> <span class='ocrx_word' id='word_1_801' title='bbox 1323 2161 1369 2186; x_wconf 64' lang='grc' dir='ltr'><strong>καλ⁸</strong></span> <span class='ocrx_word' id='word_1_802' title='bbox 1387 2157 1464 2190; x_wconf 72' lang='grc' dir='ltr'>οὗτος</span> <span class='ocrx_word' id='word_1_803' title='bbox 1477 2160 1556 2194; x_wconf 75' lang='grc' dir='ltr'>μόνος</span> <span class='ocrx_word' id='word_1_804' title='bbox 1576 2159 1672 2190; x_wconf 79' lang='grc' dir='ltr'>δεῖξαι.</span> <span class='ocrx_word' id='word_1_805' title='bbox 1692 2159 1732 2185; x_wconf 85' lang='grc' dir='ltr'>ὃτι</span> <span class='ocrx_word' id='word_1_806' title='bbox 1756 2159 1806 2185; x_wconf 79' lang='grc' dir='ltr'><strong>κά-</strong></span> 
     </span>
    </p>
   </div>
   <div class='ocr_carea' id='block_1_107' title="bbox 979 2203 1806 2242">
    <p class='ocr_par' dir='ltr' id='par_1_107' title="bbox 979 2203 1806 2242">
     <span class='ocr_line' id='line_1_107' title="bbox 979 2203 1806 2242; baseline -0.004 -9"><span class='ocrx_word' id='word_1_807' title='bbox 979 2209 1005 2238; x_wconf 90' lang='lat' dir='ltr'>D</span> <span class='ocrx_word' id='word_1_808' title='bbox 1019 2206 1118 2238; x_wconf 82' lang='grc' dir='ltr'>κείνοις</span> <span class='ocrx_word' id='word_1_809' title='bbox 1134 2203 1329 2242; x_wconf 72' lang='grc' dir='ltr'>ρᾄνῆνεῖττερ</span> <span class='ocrx_word' id='word_1_810' title='bbox 1343 2205 1484 2231; x_wconf 73' lang='grc' dir='ltr'>ὲῦούλοντο</span> <span class='ocrx_word' id='word_1_811' title='bbox 1508 2205 1605 2230; x_wconf 76' lang='grc' dir='ltr'>ποιεῖν.</span> <span class='ocrx_word' id='word_1_812' title='bbox 1631 2203 1728 2230; x_wconf 77' lang='grc' dir='ltr'>Καίτοι</span> <span class='ocrx_word' id='word_1_813' title='bbox 1757 2203 1806 2230; x_wconf 78' lang='grc' dir='ltr'><strong>καὶ</strong></span> 
     </span>
    </p>
   </div>
   <div class='ocr_carea' id='block_1_108' title="bbox 1019 2249 1804 2284">
    <p class='ocr_par' dir='ltr' id='par_1_108' title="bbox 1019 2249 1804 2284">
     <span class='ocr_line' id='line_1_108' title="bbox 1019 2249 1804 2284; baseline -0.006 -4"><span class='ocrx_word' id='word_1_814' title='bbox 1019 2254 1047 2280; x_wconf 82' lang='grc' dir='ltr'>ὲν</span> <span class='ocrx_word' id='word_1_815' title='bbox 1058 2255 1118 2284; x_wconf 86' lang='grc' dir='ltr'>ταῖς</span> <span class='ocrx_word' id='word_1_816' title='bbox 1130 2253 1240 2279; x_wconf 77' lang='grc' dir='ltr'>ἐκείνων</span> <span class='ocrx_word' id='word_1_817' title='bbox 1253 2250 1408 2280; x_wconf 69' lang='grc' dir='ltr'>ἐπιστολαῖς</span> <span class='ocrx_word' id='word_1_818' title='bbox 1422 2250 1537 2279; x_wconf 77' lang='grc' dir='ltr'>Ξστιν,εί</span> <span class='ocrx_word' id='word_1_819' title='bbox 1549 2249 1595 2275; x_wconf 68' lang='grc' dir='ltr'>καὶ</span> <span class='ocrx_word' id='word_1_820' title='bbox 1607 2249 1804 2284; x_wconf 65' lang='grc' dir='ltr'>σπανιώτερον,</span> 
     </span>
    </p>
   </div>
   <div class='ocr_carea' id='block_1_109' title="bbox 1019 2295 1801 2330">
    <p class='ocr_par' dir='ltr' id='par_1_109' title="bbox 1019 2295 1801 2330">
     <span class='ocr_line' id='line_1_109' title="bbox 1019 2295 1801 2330; baseline -0.008 -4"><span class='ocrx_word' id='word_1_821' title='bbox 1019 2299 1054 2326; x_wconf 74' lang='grc' dir='ltr'>τὰ</span> <span class='ocrx_word' id='word_1_822' title='bbox 1083 2298 1194 2325; x_wconf 74' lang='grc' dir='ltr'>τοιαῦτα</span> <span class='ocrx_word' id='word_1_823' title='bbox 1206 2298 1305 2330; x_wconf 79' lang='grc' dir='ltr'>εύρεῐν.</span> <span class='ocrx_word' id='word_1_824' title='bbox 1317 2296 1348 2322; x_wconf 81' lang='grc' dir='ltr'><strong>Εἰ</strong></span> <span class='ocrx_word' id='word_1_825' title='bbox 1359 2295 1434 2327; x_wconf 73' lang='grc' dir='ltr'>δὲτὸ,</span> <span class='ocrx_word' id='word_1_826' title='bbox 1448 2305 1456 2321; x_wconf 78' lang='grc' dir='ltr'><strong>ι</strong></span> <span class='ocrx_word' id='word_1_827' title='bbox 1470 2295 1774 2330; x_wconf 74' lang='grc' dir='ltr'>Ἔχοντεςχαρίσματα,</span> <span class='ocrx_word' id='word_1_828' title='bbox 1791 2304 1801 2321; x_wconf 73' lang='grc' dir='ltr'><strong><em>ι</em></strong></span> 
     </span>
    </p>
   </div>
   <div class='ocr_carea' id='block_1_110' title="bbox 1020 2341 1805 2381">
    <p class='ocr_par' dir='ltr' id='par_1_110' title="bbox 1020 2341 1805 2381">
     <span class='ocr_line' id='line_1_110' title="bbox 1020 2341 1805 2381; baseline -0.008 -9"><span class='ocrx_word' id='word_1_829' title='bbox 1020 2344 1146 2381; x_wconf 72' lang='grc' dir='ltr'>μηδαμοῦ</span> <span class='ocrx_word' id='word_1_830' title='bbox 1162 2341 1362 2373; x_wconf 80' lang='grc' dir='ltr'>ἀναπαυστέον,</span> <span class='ocrx_word' id='word_1_831' title='bbox 1379 2341 1460 2376; x_wconf 77' lang='grc' dir='ltr'>μέχρι</span> <span class='ocrx_word' id='word_1_832' title='bbox 1480 2341 1539 2372; x_wconf 86' lang='grc' dir='ltr'>τοῦ,</span> <span class='ocrx_word' id='word_1_833' title='bbox 1559 2351 1567 2366; x_wconf 77' lang='grc' dir='ltr'><strong>ι</strong></span> <span class='ocrx_word' id='word_1_834' title='bbox 1582 2341 1724 2374; x_wconf 80' lang='grc' dir='ltr'>Εὑλογεῖτε</span> <span class='ocrx_word' id='word_1_835' title='bbox 1740 2341 1805 2372; x_wconf 82' lang='grc' dir='ltr'>τοὺς</span> 
     </span>
    </p>
   </div>
   <div class='ocr_carea' id='block_1_111' title="bbox 1019 2386 1805 2422">
    <p class='ocr_par' dir='ltr' id='par_1_111' title="bbox 1019 2386 1805 2422">
     <span class='ocr_line' id='line_1_111' title="bbox 1019 2386 1805 2422; baseline -0.006 -5"><span class='ocrx_word' id='word_1_836' title='bbox 1019 2390 1166 2420; x_wconf 77' lang='grc' dir='ltr'>διώκοντας</span> <span class='ocrx_word' id='word_1_837' title='bbox 1191 2389 1273 2422; x_wconf 76' lang='grc' dir='ltr'>ὑμᾶς,</span> <span class='ocrx_word' id='word_1_838' title='bbox 1291 2396 1300 2412; x_wconf 77' lang='grc' dir='ltr'><strong><em>ι</em></strong></span> <span class='ocrx_word' id='word_1_839' title='bbox 1316 2387 1383 2422; x_wconf 80' lang='grc' dir='ltr'>ἄλλη</span> <span class='ocrx_word' id='word_1_840' title='bbox 1405 2387 1454 2421; x_wconf 80' lang='grc' dir='ltr'>μὲν</span> <span class='ocrx_word' id='word_1_841' title='bbox 1468 2387 1573 2413; x_wconf 77' lang='grc' dir='ltr'>διάνοια</span> <span class='ocrx_word' id='word_1_842' title='bbox 1591 2386 1735 2421; x_wconf 79' lang='grc' dir='ltr'>ἀνακύψει,</span> <span class='ocrx_word' id='word_1_843' title='bbox 1753 2395 1805 2422; x_wconf 83' lang='grc' dir='ltr'><strong>μο-</strong></span> 
     </span>
    </p>
   </div>
   <div class='ocr_carea' id='block_1_112' title="bbox 1023 2432 1805 2471">
    <p class='ocr_par' dir='ltr' id='par_1_112' title="bbox 1023 2432 1805 2471">
     <span class='ocr_line' id='line_1_112' title="bbox 1023 2432 1805 2471; baseline -0.006 -7"><span class='ocrx_word' id='word_1_844' title='bbox 1023 2435 1238 2471; x_wconf 79' lang='grc' dir='ltr'>νοσχημάτιστος</span> <span class='ocrx_word' id='word_1_845' title='bbox 1252 2434 1274 2460; x_wconf 88' lang='grc' dir='ltr'>δ’</span> <span class='ocrx_word' id='word_1_846' title='bbox 1291 2434 1308 2468; x_wconf 75' lang='grc' dir='ltr'>ἡ</span> <span class='ocrx_word' id='word_1_847' title='bbox 1322 2432 1448 2464; x_wconf 77' lang='grc' dir='ltr'>σύνταξις</span> <span class='ocrx_word' id='word_1_848' title='bbox 1475 2432 1561 2463; x_wconf 71' lang='grc' dir='ltr'>ἔσται,</span> <span class='ocrx_word' id='word_1_849' title='bbox 1585 2432 1625 2463; x_wconf 77' lang='grc' dir='ltr'>εἰς</span> <span class='ocrx_word' id='word_1_850' title='bbox 1656 2432 1766 2466; x_wconf 80' lang='grc' dir='ltr'>πνεῦμα</span> <span class='ocrx_word' id='word_1_851' title='bbox 1775 2433 1805 2459; x_wconf 68' lang='grc' dir='ltr'>δὲ</span> 
     </span>
    </p>
   </div>
   <div class='ocr_carea' id='block_1_113' title="bbox 1017 2477 1803 2515">
    <p class='ocr_par' dir='ltr' id='par_1_113' title="bbox 1017 2477 1803 2515">
     <span class='ocr_line' id='line_1_113' title="bbox 1017 2477 1803 2515; baseline -0.005 -7"><span class='ocrx_word' id='word_1_852' title='bbox 1017 2481 1076 2508; x_wconf 81' lang='grc' dir='ltr'>λίαν</span> <span class='ocrx_word' id='word_1_853' title='bbox 1089 2482 1105 2515; x_wconf 81' lang='grc' dir='ltr'>ἡ</span> <span class='ocrx_word' id='word_1_854' title='bbox 1125 2479 1249 2514; x_wconf 78' lang='grc' dir='ltr'>περίοδος</span> <span class='ocrx_word' id='word_1_855' title='bbox 1265 2478 1467 2513; x_wconf 82' lang='grc' dir='ltr'>ἀποτεταμένη.</span> <span class='ocrx_word' id='word_1_856' title='bbox 1490 2487 1498 2502; x_wconf 81' lang='grc' dir='ltr'><strong>ι</strong></span> <span class='ocrx_word' id='word_1_857' title='bbox 1517 2477 1596 2504; x_wconf 71' lang='grc' dir='ltr'>Κατὰ</span> <span class='ocrx_word' id='word_1_858' title='bbox 1612 2478 1661 2511; x_wconf 80' lang='grc' dir='ltr'>τὴν</span> <span class='ocrx_word' id='word_1_859' title='bbox 1685 2477 1776 2512; x_wconf 82' lang='grc' dir='ltr'>χάριν.</span> <span class='ocrx_word' id='word_1_860' title='bbox 1792 2486 1803 2504; x_wconf 71' lang='grc' dir='ltr'><strong>ο</strong></span> 
     </span>
    </p>
   </div>
   <div class='ocr_carea' id='block_1_114' title="bbox 1018 2523 1805 2560">
    <p class='ocr_par' dir='ltr' id='par_1_114' title="bbox 1018 2523 1805 2560">
     <span class='ocr_line' id='line_1_114' title="bbox 1018 2523 1805 2560; baseline -0.008 -6"><span class='ocrx_word' id='word_1_861' title='bbox 1018 2529 1050 2554; x_wconf 79' lang='lat' dir='ltr'><strong>Et</strong></span> <span class='ocrx_word' id='word_1_862' title='bbox 1065 2529 1078 2554; x_wconf 85' lang='grc' dir='ltr'>ὁ</span> <span class='ocrx_word' id='word_1_863' title='bbox 1094 2527 1159 2557; x_wconf 74' lang='grc' dir='ltr'>Θεὸς</span> <span class='ocrx_word' id='word_1_864' title='bbox 1171 2526 1327 2560; x_wconf 76' lang='grc' dir='ltr'>ἐχαρίσατο,</span> <span class='ocrx_word' id='word_1_865' title='bbox 1341 2525 1373 2550; x_wconf 72' lang='grc' dir='ltr'>σὺ</span> <span class='ocrx_word' id='word_1_866' title='bbox 1391 2525 1416 2550; x_wconf 85' lang='grc' dir='ltr'><strong>τί</strong></span> <span class='ocrx_word' id='word_1_867' title='bbox 1438 2524 1510 2559; x_wconf 78' lang='grc' dir='ltr'>μέγα</span> <span class='ocrx_word' id='word_1_868' title='bbox 1536 2524 1660 2559; x_wconf 76' lang='grc' dir='ltr'>φρονεῖς;</span> <span class='ocrx_word' id='word_1_869' title='bbox 1691 2523 1729 2558; x_wconf 82' lang='grc' dir='ltr'>μὴ</span> <span class='ocrx_word' id='word_1_870' title='bbox 1749 2523 1805 2558; x_wconf 79' lang='grc' dir='ltr'><strong>γὰρ</strong></span> 
     </span>
    </p>
   </div>
   <div class='ocr_carea' id='block_1_115' title="bbox 1019 2569 1805 2606">
    <p class='ocr_par' dir='ltr' id='par_1_115' title="bbox 1019 2569 1805 2606">
     <span class='ocr_line' id='line_1_115' title="bbox 1019 2569 1805 2606; baseline -0.006 -7"><span class='ocrx_word' id='word_1_871' title='bbox 1019 2573 1065 2600; x_wconf 81' lang='grc' dir='ltr'><strong>σὺν</strong></span> <span class='ocrx_word' id='word_1_872' title='bbox 1080 2571 1248 2606; x_wconf 77' lang='grc' dir='ltr'>κατόρθωμα</span> <span class='ocrx_word' id='word_1_873' title='bbox 1263 2572 1296 2598; x_wconf 74' lang='grc' dir='ltr'>τὰ</span> <span class='ocrx_word' id='word_1_874' title='bbox 1311 2571 1467 2605; x_wconf 77' lang='grc' dir='ltr'>χαρίσματα</span> <span class='ocrx_word' id='word_1_875' title='bbox 1480 2578 1488 2600; x_wconf 86' lang='lat'><strong>;</strong></span> <span class='ocrx_word' id='word_1_876' title='bbox 1510 2569 1602 2598; x_wconf 74' lang='grc' dir='ltr'><strong>ιθξοῦ.</strong></span> <span class='ocrx_word' id='word_1_877' title='bbox 1618 2569 1711 2604; x_wconf 67' lang='grc' dir='ltr'>φησιν,</span> <span class='ocrx_word' id='word_1_878' title='bbox 1725 2571 1742 2603; x_wconf 83' lang='grc' dir='ltr'>ἡ</span> <span class='ocrx_word' id='word_1_879' title='bbox 1759 2569 1805 2595; x_wconf 83' lang='grc' dir='ltr'>δό-</span> 
     </span>
    </p>
   </div>
   <div class='ocr_carea' id='block_1_116' title="bbox 1021 2615 1806 2652">
    <p class='ocr_par' dir='ltr' id='par_1_116' title="bbox 1021 2615 1806 2652">
     <span class='ocr_line' id='line_1_116' title="bbox 1021 2615 1806 2652; baseline -0.009 -6"><span class='ocrx_word' id='word_1_880' title='bbox 1021 2619 1295 2652; x_wconf 75' lang='grc' dir='ltr'><strong>σις.›-‹Διάφορα.›</strong></span> <span class='ocrx_word' id='word_1_881' title='bbox 1317 2616 1413 2646; x_wconf 79' lang='grc' dir='ltr'>Καλῶς</span> <span class='ocrx_word' id='word_1_882' title='bbox 1434 2615 1474 2647; x_wconf 68' lang='grc' dir='ltr'><strong>το,</strong></span> <span class='ocrx_word' id='word_1_883' title='bbox 1490 2625 1499 2639; x_wconf 74' lang='grc' dir='ltr'><strong>ι</strong></span> <span class='ocrx_word' id='word_1_884' title='bbox 1511 2615 1659 2650; x_wconf 72' lang='grc' dir='ltr'>Διάφορα.»</span> <span class='ocrx_word' id='word_1_885' title='bbox 1675 2615 1718 2641; x_wconf 76' lang='grc' dir='ltr'>ἵνα</span> <span class='ocrx_word' id='word_1_886' title='bbox 1729 2615 1806 2651; x_wconf 75' lang='grc' dir='ltr'><strong>δεῖξῃ</strong></span> 
     </span>
    </p>
   </div>
   <div class='ocr_carea' id='block_1_117' title="bbox 1019 2661 1804 2700">
    <p class='ocr_par' dir='ltr' id='par_1_117' title="bbox 1019 2661 1804 2700">
     <span class='ocr_line' id='line_1_117' title="bbox 1019 2661 1804 2700; baseline -0.005 -8"><span class='ocrx_word' id='word_1_887' title='bbox 1019 2667 1049 2692; x_wconf 63' lang='grc' dir='ltr'><strong>οὔ</strong></span> <span class='ocrx_word' id='word_1_888' title='bbox 1063 2665 1093 2692; x_wconf 80' lang='grc' dir='ltr'><strong>τὸ</strong></span> <span class='ocrx_word' id='word_1_889' title='bbox 1108 2665 1156 2700; x_wconf 79' lang='grc' dir='ltr'>μὲν</span> <span class='ocrx_word' id='word_1_890' title='bbox 1171 2665 1252 2699; x_wconf 79' lang='grc' dir='ltr'>μέγα,</span> <span class='ocrx_word' id='word_1_891' title='bbox 1266 2663 1296 2689; x_wconf 75' lang='grc' dir='ltr'><strong>τὸ</strong></span> <span class='ocrx_word' id='word_1_892' title='bbox 1306 2663 1333 2689; x_wconf 79' lang='grc' dir='ltr'>δὲ</span> <span class='ocrx_word' id='word_1_893' title='bbox 1345 2662 1452 2696; x_wconf 82' lang='grc' dir='ltr'>μικρόν.</span> <span class='ocrx_word' id='word_1_894' title='bbox 1476 2661 1589 2694; x_wconf 79' lang='grc' dir='ltr'>Μεγάλα</span> <span class='ocrx_word' id='word_1_895' title='bbox 1609 2662 1663 2695; x_wconf 77' lang='grc' dir='ltr'><strong>γὰρ</strong></span> <span class='ocrx_word' id='word_1_896' title='bbox 1683 2661 1804 2692; x_wconf 74' lang='grc' dir='ltr'>ᾶπαντα.</span> 
     </span>
    </p>
   </div>
   <div class='ocr_carea' id='block_1_118' title="bbox 1020 2707 1808 2743">
    <p class='ocr_par' dir='ltr' id='par_1_118' title="bbox 1020 2707 1808 2743">
     <span class='ocr_line' id='line_1_118' title="bbox 1020 2707 1808 2743; baseline -0.009 -4"><span class='ocrx_word' id='word_1_897' title='bbox 1020 2711 1088 2738; x_wconf 76' lang='grc' dir='ltr'>ἀλλὰ</span> <span class='ocrx_word' id='word_1_898' title='bbox 1099 2711 1208 2737; x_wconf 76' lang='grc' dir='ltr'>ποικίλα</span> <span class='ocrx_word' id='word_1_899' title='bbox 1221 2711 1267 2736; x_wconf 73' lang='grc' dir='ltr'>καὶ</span> <span class='ocrx_word' id='word_1_900' title='bbox 1279 2708 1405 2743; x_wconf 69' lang='grc' dir='ltr'>ἁρμόδια.</span> <span class='ocrx_word' id='word_1_901' title='bbox 1417 2717 1426 2733; x_wconf 76' lang='grc' dir='ltr'><strong>ι</strong></span> <span class='ocrx_word' id='word_1_902' title='bbox 1439 2707 1516 2734; x_wconf 75' lang='grc' dir='ltr'>Κατὰ</span> <span class='ocrx_word' id='word_1_903' title='bbox 1532 2707 1677 2741; x_wconf 79' lang='grc' dir='ltr'>ἀναλογίαν</span> <span class='ocrx_word' id='word_1_904' title='bbox 1694 2709 1743 2742; x_wconf 75' lang='grc' dir='ltr'>τῆς</span> <span class='ocrx_word' id='word_1_905' title='bbox 1761 2709 1808 2735; x_wconf 85' lang='grc' dir='ltr'>τιί.</span> 
     </span>
    </p>
   </div>
   <div class='ocr_carea' id='block_1_119' title="bbox 1022 2752 1804 2788">
    <p class='ocr_par' dir='ltr' id='par_1_119' title="bbox 1022 2752 1804 2788">
     <span class='ocr_line' id='line_1_119' title="bbox 1022 2752 1804 2788; baseline -0.004 -5"><span class='ocrx_word' id='word_1_906' title='bbox 1022 2765 1117 2788; x_wconf 81' lang='grc' dir='ltr'>στεως.</span> <span class='ocrx_word' id='word_1_907' title='bbox 1135 2765 1144 2781; x_wconf 76' lang='grc' dir='ltr'><strong>ι</strong></span> <span class='ocrx_word' id='word_1_908' title='bbox 1166 2755 1223 2781; x_wconf 71' lang='grc' dir='ltr'><strong>Νῦν</strong></span> <span class='ocrx_word' id='word_1_909' title='bbox 1237 2754 1374 2780; x_wconf 73' lang='grc' dir='ltr'>δείκνυσιν</span> <span class='ocrx_word' id='word_1_910' title='bbox 1387 2753 1428 2779; x_wconf 79' lang='grc' dir='ltr'>ὅτι</span> <span class='ocrx_word' id='word_1_911' title='bbox 1451 2752 1505 2778; x_wconf 80' lang='grc' dir='ltr'>τῶν</span> <span class='ocrx_word' id='word_1_912' title='bbox 1531 2753 1681 2780; x_wconf 76' lang='grc' dir='ltr'>δοκούντων</span> <span class='ocrx_word' id='word_1_913' title='bbox 1709 2753 1804 2787; x_wconf 72' lang='grc' dir='ltr'>μειζό-</span> 
     </span>
    </p>
   </div>
   <div class='ocr_carea' id='block_1_120' title="bbox 1021 2798 1805 2836">
    <p class='ocr_par' dir='ltr' id='par_1_120' title="bbox 1021 2798 1805 2836">
     <span class='ocr_line' id='line_1_120' title="bbox 1021 2798 1805 2836; baseline -0.004 -8"><span class='ocrx_word' id='word_1_914' title='bbox 1021 2812 1073 2829; x_wconf 87' lang='grc' dir='ltr'><strong>νων</strong></span> <span class='ocrx_word' id='word_1_915' title='bbox 1093 2800 1283 2836; x_wconf 70' lang='grc' dir='ltr'>χαρισμάτων,</span> <span class='ocrx_word' id='word_1_916' title='bbox 1308 2798 1529 2833; x_wconf 75' lang='grc' dir='ltr'>οίλαμῦἀνοντέ,</span> <span class='ocrx_word' id='word_1_917' title='bbox 1551 2799 1620 2825; x_wconf 78' lang='grc' dir='ltr'>εἰσιν</span> <span class='ocrx_word' id='word_1_918' title='bbox 1637 2798 1720 2825; x_wconf 79' lang='grc' dir='ltr'>αἴτιοι</span> <span class='ocrx_word' id='word_1_919' title='bbox 1735 2799 1805 2834; x_wconf 76' lang='grc' dir='ltr'>πρὸς</span> 
     </span>
    </p>
   </div>
   <div class='ocr_carea' id='block_1_121' title="bbox 1022 2843 1806 2880">
    <p class='ocr_par' dir='ltr' id='par_1_121' title="bbox 1022 2843 1806 2880">
     <span class='ocr_line' id='line_1_121' title="bbox 1022 2843 1806 2880; baseline -0.004 -7"><span class='ocrx_word' id='word_1_920' title='bbox 1022 2848 1052 2874; x_wconf 62' lang='grc' dir='ltr'>τὸ</span> <span class='ocrx_word' id='word_1_921' title='bbox 1066 2847 1167 2873; x_wconf 61' lang='lat' dir='ltr'><strong>hihi-1.</strong></span> <span class='ocrx_word' id='word_1_922' title='bbox 1186 2845 1216 2871; x_wconf 83' lang='grc' dir='ltr'><strong>Εἰ</strong></span> <span class='ocrx_word' id='word_1_923' title='bbox 1239 2845 1292 2880; x_wconf 71' lang='grc' dir='ltr'>γὰρ</span> <span class='ocrx_word' id='word_1_924' title='bbox 1304 2845 1350 2871; x_wconf 74' lang='grc' dir='ltr'>καὶ</span> <span class='ocrx_word' id='word_1_925' title='bbox 1371 2844 1450 2880; x_wconf 80' lang='grc' dir='ltr'>χάρις</span> <span class='ocrx_word' id='word_1_926' title='bbox 1470 2845 1539 2877; x_wconf 69' lang='grc' dir='ltr'>ἐστὶ,</span> <span class='ocrx_word' id='word_1_927' title='bbox 1559 2843 1684 2871; x_wconf 82' lang='grc' dir='ltr'>τοσοῦτον</span> <span class='ocrx_word' id='word_1_928' title='bbox 1712 2844 1806 2879; x_wconf 74' lang='grc' dir='ltr'>μέντοι</span> 
     </span>
    </p>
   </div>
  </div>
