1889 3055
83 136 141 168 569

621 137 812 169 COMMENT.
826 139 867 168 ΙΝ
888 139 1007 169 EPIST.
1026 139 1076 168 AD
1096 138 1186 170 ROM.

1661 142 1714 174 570

87 191 212 226 ἐπιρρεῖ,
229 191 292 217 ὅσον
304 189 337 217 ἂν
351 190 420 228 εὕρῃ
429 191 526 223 σκεῦος
544 192 699 227 ἐπιτήδειον
726 193 806 220 ἑαυτὸ
825 202 876 219 κα-

940 194 1001 221 lene
1020 194 1059 220 ait
1075 194 1194 226 diversa,
1211 199 1241 221 ut
1255 194 1380 222 ostendat
1392 202 1446 222 non
1462 195 1515 223 hoc
1526 194 1638 230 quidem
1655 203 1715 223 ma-

85 237 224 270 ταστῆσαι
242 237 287 264 διὰ
305 237 356 271 τῆς
377 237 507 269 πίστεως.
527 238 591 265 Εἴτε
615 239 784 274 προφητείαν
808 239 877 266 κατὰ

89 284 141 317 τὴν
174 283 329 317 ἀναλογίαν
356 284 408 319 τῆς
439 285 558 316 πίστεως
578 286 687 321 ἔχομεν.
716 286 809 321 φησὶν,
826 287 880 312 εἴτε

86 329 228 356 διακονίαν
276 329 354 356 De“
390 339 443 364 τις,
489 332 583 367 φησίν.
613 331 643 358 'H
674 332 797 359 διακονία
833 341 879 365 γε-

87 377 165 402 νινόν
190 376 216 402 τί
236 377 307 402 ἐστι.
322 377 418 403 Πάντα
444 377 498 411 γὰρ
525 378 565 409 είς
600 377 740 404 διακονίαν
780 378 881 404 δίδοται

87 421 122 447 τὰ
144 422 318 456 χαρίσματα.
354 422 456 449 Λοιπὸν
482 422 511 449 δὲ
540 424 586 449 καὶ
613 425 669 455 τοῖς
686 424 805 454 είδικοῖς
832 425 879 450 t1:-

88 466 246 501 εξὲρχεται,
265 467 328 494 Εἴτε
343 468 484 494 διακονίαν
499 468 579 495 ἔλαδέ
593 470 684 500 τις.ὲν
705 471 737 504 τῇ
757 469 881 504 διακονίᾳ

90 511 210 546 μενέτω,
227 512 395 546 φησίν.Εἱ”τε
423 515 436 540 ὁ
452 513 585 540 διδάσκων
611 514 702 544 ἔλαϐε.
729 517 806 549 φησὶ,
830 514 880 548 χά-

88 565 176 591 ρισμα
194 557 380 592 διδασκαλίας,
392 559 446 586 ἀπὸ
463 559 554 586 κοινοῦ
568 559 607 591 rb,
632 570 641 585 ι
655 560 777 587 Μενέτω.
794 570 803 586 ι
819 560 880 587 Εἴτε

88 603 102 628 ὁ
115 605 296 637 παρακαλῶν,
311 605 443 639 χάρισμα,
460 606 552 640 φησὶν,
570 605 648 632 ἔλαϐε
670 606 879 642 παρακλήσεως,

90 647 119 673 ἐν
132 649 166 682 τῇ
181 648 352 683 παρακλήσει
364 650 477 683 μενέτω.

930 248 1024 275 gnum,
1040 240 1106 267 illud
1118 248 1184 267 vero
1199 248 1329 274 parvum;
1341 248 1402 267 nam
1413 241 1504 268 omnia
1519 248 1614 275 magna
1628 245 1692 267 sunt
1707 249 1713 267 :

931 286 978 312 sed
986 286 1059 312 varia
1066 293 1126 312 esse
1135 290 1161 311 ct
1170 293 1299 320 congrua.
1309 286 1388 313 Juxta
1395 286 1602 321 proportionem
1614 285 1686 312 ﬁdei.
1703 294 1712 310 ι

931 331 1009 358 Nunc
1022 339 1083 357 cum
1105 331 1174 357 dona
1191 331 1291 365 majora
1307 331 1444 362 videntur,
1461 331 1590 362 ostendit,
1607 337 1655 357 eos
1668 329 1717 364 qui

932 377 1072 411 accipiunt
1088 376 1114 403 in
1129 385 1211 403 causa
1224 385 1285 403 esse
1305 377 1377 411 quod
1398 377 1563 411 acceperint.
1581 376 1647 403 Nam
1664 375 1715 402 etsi

932 422 1017 456 gratia
1031 423 1076 454 sit,
1091 426 1194 450 tantum
1212 426 1300 448 tamen
1315 421 1414 454 inﬂuit,
1428 425 1560 456 quantum
1581 420 1718 448 invenerit

933 476 980 494 vas
993 475 1052 495 sese
1068 472 1161 502 aptum
1176 476 1224 502 per
1237 468 1316 495 ﬁdem
1328 468 1506 495 constituere.
1522 467 1584 495 Sive
1597 467 1717 502 prophe-

933 513 998 539 tiam
1022 513 1098 547 jnxta
1125 514 1331 548 proportionem
1360 514 1421 540 ﬁdei
1451 513 1593 543 habemus.
1618 513 1717 546 inquit.

916 560 990 600 'sive
1003 559 1184 586 ministerium
1199 560 1260 594 quis
1277 560 1422 594 acceperit.
1437 559 1619 586 ministerium
1638 566 1721 593 gene-

933 604 989 631 rale
1004 605 1133 638 quiddam
1150 609 1192 632 est
1206 614 1212 632 ι
1235 606 1327 632 omnia
1343 605 1478 639 siquidem
1493 605 1565 632 dona
1582 604 1615 631 ad
1636 603 1720 631 mini-

933 650 1048 676 sterium
1072 649 1134 677 data
1149 654 1220 676 sunt.
1241 650 1376 677 Caeterum
1390 658 1439 684 per
1459 650 1587 684 specialia
1608 656 1718 684 quoque

91 693 232 722 edisserit.
253 694 315 722 Sive
332 696 516 722 ministerium
534 697 597 731 quis
611 697 759 732 acceperit,
783 697 810 724 in
832 695 986 723 ministerio
1003 700 1122 728 maneat,
1153 696 1252 731 inquit.
1283 696 1346 723 Sive
1384 696 1432 730 qui
1458 696 1537 722 docet
1581 696 1718 729 acceperit

89 739 225 767 doctrina:
247 740 368 767 donum:
388 749 403 767 a
429 742 570 769 communi
588 750 668 769 sensu
690 747 782 777 repete
798 752 807 768 ι
828 742 946 769 Maneat.
962 751 971 767 ι
989 741 1052 768 Sive
1066 741 1112 776 qui
1134 741 1296 768 exhortatur
1323 741 1460 776 acceperit
1488 741 1589 768 donum
1622 741 1722 768 exhor-

90 787 218 820 tationis,
235 787 262 814 in
273 788 463 816 exhortatione
477 794 597 817 maneat.

133 833 166 860 '0
181 833 373 867 μεταδιδοὺς,
387 835 423 861 ἐν
438 835 594 869 ἁπλότητι,
616 837 632 862 ό
646 835 877 869 προϊστάμενος,

966 834 1048 869 369
1061 834 1117 865 XII.
1134 834 1210 861 8-12.
1225 833 1276 867 Qui
1290 834 1420 869 imparlit,
1434 835 1461 861 in
1472 833 1644 867 simplicitate
1655 840 1663 858 .'
1676 835 1722 867 qui

88 879 125 906 ἐν
157 879 292 914 σπουδῇ,
325 882 342 906 ό
363 881 468 912 ἐλεῶν,
488 881 695 915 ὲνΙλαρόῖητι.
722 882 755 909 Ἦ
780 881 879 916 ἀγάπη

87 925 308 958 ἀνιιπόκριτοςσ
323 926 567 960 ἀποστυγοῦντες
595 927 628 953 τὸ
645 928 795 960 πονηρόν·
812 928 882 953 κολ-

87 972 218 1004 λώμενοι
232 971 273 1004 τῷ
288 972 397 1006 ἀγαθῷ.
415 974 436 999 Τ
436 972 454 1006 ᾗ
466 973 651 1007 φιλαδελφίᾳ
663 975 703 1006 εις
720 972 882 1005 ἀλλήλους

88 1018 302 1052 φιλόστοργοι·
319 1017 355 1052 τῇ
378 1018 447 1052 τιμῇ
470 1019 628 1052 ἀλλήλους
654 1019 881 1054 προηγούμενοι·

90 1064 127 1098 τῇ
146 1063 270 1097 σπουδῇ
282 1063 324 1097 μὴ
349 1064 493 1098 ὀκνηροί·
521 1064 561 1096 τῷ
592 1065 735 1098 πνεύματι
756 1063 880 1096 ζέοντες·

89 1108 130 1141 τῷ
144 1109 244 1142 Κυρίῳ
254 1108 452 1141 δουλεύοντες
464 1117 471 1124 ·
487 1108 523 1141 τῇ
541 1109 642 1135 ἐλπίδι
657 1110 823 1144 χαίροντες-υ
843 1108 880 1142 τῇ

89 1155 194 1188 θλίψει
215 1154 436 1189 ὑπομένοντες·
452 1154 489 1189 τῇ
512 1155 670 1189 προσευχῇ
698 1163 882 1190 προσκαρτε-

90 1201 220 1236 ροῦντες
225 1221 231 1227 .

129 1244 231 1281 [ΦΩΤᾹ
246 1245 345 1272 Λοιπὸν
359 1245 506 1278 δείκνυσιν,
527 1246 568 1273 δτι
580 1247 605 1272 οὶ
623 1246 717 1278 κακῶς
732 1248 789 1279 τοῖς
800 1246 880 1282 χαρί-

93 1299 180 1326 σμασι
192 1290 340 1326 χρώμενοι.
351 1291 471 1326 ἀνόνητα
482 1292 552 1318 αὐτὰ
565 1292 700 1319 ποιοῦσιν.
717 1302 726 1318 ι
745 1292 789 1318 Ἐν
800 1291 883 1318 ἁπλό-

91 1344 166 1370 τητι.
186 1345 196 1361 ι
220 1336 328 1371 Ἐπειδὴ
339 1337 373 1362 τὰ
387 1337 556 1372 χαρίσματα,
576 1338 592 1372 ἢ
609 1338 637 1364 ὲν
652 1337 725 1364 δόσει
739 1338 789 1373 τὴν
803 1337 884 1373 εὐέρ-

93 1389 173 1415 γειαν
186 1381 478 1414 αὖτύνὲπιδείκνυσιν,
495 1382 512 1418 ἢ
524 1384 553 1409 ὲν
567 1383 730 1418 προστασία,
742 1383 758 1418 ἢ
768 1384 796 1409 ὲν
805 1383 883 1418 ἐλέῳ,

95 1427 190 1460 φησὶν,
207 1426 404 1461 ῶιοῦχὰπλῶς
414 1427 500 1453 ταῦτα
512 1427 553 1453 δεῖ
574 1427 720 1459 ἐπιτελεῖν,
733 1427 800 1453 ἀλλὰ
815 1428 883 1454 διδό-

93 1481 140 1498 ναι
157 1472 207 1506 μὲν
227 1473 295 1507 μετὰ
309 1473 459 1508 ἁπλότητος
479 1473 526 1500 καὶ
543 1475 641 1508 χαρᾶς,
657 1474 705 1508 οὐχ
720 1473 757 1504 ὡς
772 1473 885 1508 ζημιού-

95 1517 177 1551 μενύν
189 1525 230 1546 τι.
247 1516 315 1543 ἀλλὰ
328 1518 427 1551 μᾶλλον
443 1518 629 1553 κερδαίνοντα,
643 1519 690 1545 καὶ
703 1519 884 1553 προΐστασθαι

97 1562 134 1597 μὴ
155 1562 277 1597 ἀμελῶς,
291 1563 349 1589 ἀλλ’
366 1563 403 1594 ὡς
416 1564 485 1598 ὑπὲρ
502 1564 600 1590 ἑαυτοῦ
622 1564 816 1596 σπουδάζοντα,
839 1565 885 1590 καὶ⁸

95 1609 181 1635 ἐλεεῖν
202 1609 302 1643 ἱλαρῶς
323 1609 370 1635 καὶ
380 1608 563 1644 εὐθύμως,ὡς
579 1610 660 1636 αὐτόν
677 1619 703 1636 τι
727 1612 887 1646 καρπούμε-

95 1663 149 1682 νον.
161 1656 260 1681 Ἔσται
269 1654 391 1681 δὲταῦτα
404 1655 462 1687 πῶς
474 1663 482 1687 ;
504 1656 553 1681 “Av
568 1656 680 1689 ἀγάπην
689 1655 795 1690 ἔχωμεν
818 1656 886 1688 πρὸς

94 1701 239 1734 ἀλλήλους,
259 1701 370 1735 ἀγάπην
384 1700 412 1727 δὲ
433 1701 470 1736 μὴ
486 1701 683 1736 πεπλασμένην
699 1701 745 1727 καὶ
767 1702 796 1727 ὲν
816 1702 885 1728 ὑπο-

96 1747 198 1780 κρίσει,
220 1746 277 1773 ἀλλ“
292 1747 429 1773 ἀπλαστον
445 1747 492 1773 καὶ
509 1747 690 1782 ἀνυπόκριτον
712 1747 758 1773 καὶ
768 1747 885 1777 τελείαν,

96 1792 260 1826 καὶάληθῶς
270 1793 390 1826 ἀγάπην.
412 1801 421 1817 t
440 1792 483 1818 Ἐν
504 1793 618 1827 σπουδῇ.
632 1802 640 1818 ι
659 1793 695 1820 Οὐ
722 1793 776 1827 γὰρ
805 1794 888 1828 ἀρκεῖ

96 1839 127 1864 τὸ
151 1839 307 1874 προστῆναι
328 1839 419 1872 μόνον.
433 1848 441 1864 ι
463 1839 507 1865 Ἐν
527 1839 674 1874 ἱλαρότητι.
697 1848 706 1864 ι
732 1839 826 1874 Μὴὼς
839 1840 888 1873 ζη-

98 1884 247 1918 μιούμενος
268 1884 348 1914 ἐλεεῖ,
369 1884 427 1910 ἀλλ’
450 1884 487 1915 ὼς
504 1885 584 1915 αὐτὸς
603 1884 703 1918 μᾶλλον
729 1884 887 1918 κερδαίνων.

98 1929 195 1955 Ἔνθεν
221 1930 274 1964 γὰρ
293 1929 462 1964 συμϐήσεται
475 1929 505 1955 τὸ
524 1930 624 1964 ἱλαρόν.
642 1939 651 1955 ι
671 1930 705 1956 Ἠ
735 1930 829 1964 ἀγάπη
842 1929 889 1955 ἀν-

96 1975 245 2010 υπόκριτος
263 1974 342 2006 ἔστω,
366 1985 375 2000 ι
393 1976 470 2010 φησὶ,
485 1976 522 2009 μὴ
542 1975 655 2010 πλάσμα
681 1976 803 2009 ἀγάπης,
822 1975 890 2001 ἀλλὰ

96 2020 192 2054 ἀγάπη
223 2019 380 2054 εἰλικρινής.
392 2016 443 2050 Ἦς
458 2018 551 2054 οὔσης,
568 2019 750 2054 κατορθοῦται
761 2019 795 2045 τὰ
814 2020 890 2053 εἰρη-

98 2066 178 2100 μένα.
207 2074 215 2090 ι
227 2065 456 2099 ’Λποστυγοῦντες
466 2065 496 2091 τὸ
504 2066 631 2100 πονηρόν.
649 2076 658 2091 ›
672 2067 717 2100 Μὴ
738 2066 817 2100 μόνον
836 2067 891 2092 ἁτε-

98 2113 228 2147 εχόμενοι
243 2111 289 2137 τοῦ
302 2111 431 2146 πονηροῦ,
443 2111 509 2137 ἀλλὰ
526 2112 572 2138 καὶ
583 2112 643 2138 λίαν
659 2111 799 2146 μισοῦντες
814 2111 889 2138 αὑτό.

96 2158 184 2184 Τοῦτο
199 2158 254 2192 γὰρ
266 2157 341 2191 δηλοί
359 2157 389 2183 τὺ
403 2157 474 2184 ἀπό.
488 2158 525 2184 Οὐ
544 2158 598 2192 γὰρ
612 2155 682 2188 εἷπε,
695 2157 889 2191 στυγοῦντες.

96 2203 164 2231 Εἷτά
187 2212 265 2238 φησι,
286 2204 331 2237 Μὴ
350 2203 430 2238 μόνον
457 2205 560 2238 μισεῖτε
575 2204 606 2229 τὸ
625 2203 753 2238 πονηρὸν,
767 2203 889 2229 ἀλλὰκαὶ

95 2250 191 2285 ἔχεσθε
199 2249 246 2275 τοῦ
253 2249 367 2283 ἀγαθοῦ.
379 2249 416 2275 Τὸ
423 2249 462 2280 δὲ,
474 2257 483 2274 ι
490 2248 663 2283 κολλώμενοι,
671 2258 679 2273 ι
690 2248 738 2283 τὴν
749 2249 816 2284 πρὸς
824 2248 890 2275 αὐτὸ

97 2296 220 2323 διάθεσιν
230 2296 371 2329 ἐμφαίνει.
394 2305 402 2320 t
421 2295 595 2330 Κολλώμενοι
613 2295 651 2330 τῷ
678 2294 783 2329 ἀγαθῷ.
802 2305 812 2320 ι
830 2295 889 2321 Ἐνι

96 2340 151 2375 γὰρ
163 2337 234 2366 εἶναι
251 2339 362 2373 ἀγάπην
384 2340 432 2366 καὶ
446 2339 492 2366 ἐπὶ
505 2340 638 2374 αἰσχροῖς.
658 2340 706 2365 Διὰ
721 2339 799 2365 τοῦτο
817 2337 888 2371 εἷπε,

96 2387 210 2414 Μισεῖτε
221 2385 251 2412 τὸ
262 2385 391 2420 πονηρόν.
408 2386 468 2416 Πῶς
477 2385 706 2420 ἕστικολληῡῆναι
721 2384 759 2420 τῷ
776 2385 887 2419 ἀγαοῷ;

97 2431 142 2459 Ἐν
154 2433 188 2466 τῇ
199 2431 373 2467 φιλαδελφία,
392 2432 470 2466 φησὶ,
485 2432 620 2463 τουτέστι,
640 2431 684 2457 διὰ
696 2432 743 2466 τῆς
759 2431 889 2465 φιλαδελ-

97 2478 174 2512 φίας.
190 2486 199 2503 1
218 2477 356 2511 Ὲντούτψ
368 2477 420 2511 γὰρ
432 2477 592 2511 γνώσονται,
605 2478 651 2504 ἐὰν
666 2479 790 2510 ἀγαπᾶτε
805 2478 889 2512 ἀλλή-

97 2523 174 2555 λους.
189 2533 199 2549 ι
225 2523 254 2550 '0
275 2523 304 2549 δὲ
323 2523 448 2558 μαθητὴς
463 2523 604 2557 φυλάττων
618 2524 651 2549 τὰ
666 2523 830 2559 μαθήματα,
846 2532 892 2549 κε-

97 2570 229 2604 κόλληται
249 2570 295 2596 καὶ
321 2570 424 2604 ἥνωται
440 2569 479 2604 τῷ
508 2569 670 2604 διδασκάλῳ.
686 2570 754 2604 ὅπερ
775 2569 834 2595 ἐστὶ
862 2569 892 2594 τὸ

98 2616 206 2650 κυρίως
221 2615 335 2649 ἀγαθὸν,
355 2617 369 2642 ό
397 2615 499 2650 Κύριος
514 2616 592 2651 ἡμῶν
612 2615 715 2650 Ἰησοῦς
732 2616 745 2641 ὁ
763 2614 890 2649 Χριστός.

103 2662 186 2689 Ἀλλὰ
201 2662 282 2688 πόθεν
297 2661 394 2695 φύεται
413 2663 430 2696 ἡ
447 2661 608 2695 φιλαδελφία
627 2669 634 2694 ;
654 2662 735 2688 πόθεν
756 2660 816 2686 ἔστι
842 2659 890 2694 θη-

99 2709 183 2744 ράσαι
195 2707 299 2742 ταύτην
311 2716 318 2740 ;
331 2707 380 2734 Ἐκ
396 2707 443 2734 τοῦ
458 2707 638 2743 προηγεῖσθαι
655 2707 796 2741 ἀλλήλους,
812 2705 890 2740 φησι,

98 2756 130 2790 τῇ
155 2755 232 2789 τιμῇ.
254 2753 299 2785 '0;
330 2753 439 2789 ἀληθῶς
462 2754 517 2788 γὰρ
545 2754 631 2790 ἀρχὴν
655 2753 789 2786 λαμϐάνει
815 2751 891 2785 φιλία

152 2842 176 2858 υ
191 2841 270 2870 Joatt.
288 2850 346 2878 uti,
367 2842 413 2870 55.

931 886 1036 916 prwesl,
1045 881 1070 907 in
1080 881 1218 907 sedulitate
1229 890 1237 908 :
1247 882 1292 914 qui
1304 882 1450 911 miseretur.
1460 882 1486 907 in
1493 880 1637 907 hilaritate.
1651 879 1725 906 Ditt-

933 928 982 953 ttio
996 935 1047 953 non
1060 927 1093 953 sit
1106 927 1233 952 simulata
1245 935 1254 953 :
1268 927 1326 952 sitis
1335 927 1393 953 odio
1405 929 1586 961 prosequentes
1600 925 1700 952 malum
1713 932 1722 950 .'

934 972 1095 998 art/umentes
1114 971 1189 998 bono.
1212 971 1341 997 Fraterno
1359 971 1488 997 charitate
1511 970 1546 996 ad
1569 974 1658 996 "tutuo
1681 978 1724 996 vos

933 1017 1096 1051 diligendum
1115 1017 1240 1052 propensi
1256 1025 1262 1042 :
1280 1017 1378 1043 honore
1395 1016 1464 1042 alius
1478 1015 1562 1042 alium
1576 1015 1724 1050 prtereden-

934 1065 970 1088 tcs
988 1070 996 1088 :
1011 1062 1099 1087 studio
1124 1070 1175 1088 non
1195 1069 1306 1096 segnes:
1327 1062 1423 1096 spiritu
1445 1061 1573 1095 ferventes
1589 1068 1597 1086 :
1612 1059 1724 1086 Domino

931 1109 1094 1135 servientes:
1117 1115 1161 1141 spe
1179 1107 1343 1142 gaudentes:
1365 1107 1392 1134 in
1413 1107 1552 1142 afﬂictione
1575 1106 1724 1140 patientes:

934 1155 1051 1181 orationi
1070 1154 1211 1180 instantes.

969 1244 1094 1272 Ostendit
1111 1243 1242 1279 deinceps
1259 1243 1331 1278 quod
1355 1244 1426 1270 male
1448 1242 1529 1270 donis
1549 1247 1668 1274 utentes,
1687 1242 1726 1270 fa.

934 1291 1011 1318 ciunt
1021 1298 1052 1318 ea
1069 1289 1186 1316 inutilia.
1207 1299 1216 1315 ι
1234 1290 1262 1316 lu
1278 1289 1462 1323 simplicitate.
1479 1297 1488 1313 ι
1506 1288 1639 1321 Quoniam
1654 1288 1726 1314 dnna

934 1336 976 1363 vel
993 1336 1019 1362 in
1033 1334 1201 1369 impatiendo
1217 1342 1294 1361 suam
1304 1333 1453 1360 ostendunt
1463 1332 1620 1364 cﬁicacinm,
1636 1332 1678 1359 vel
1698 1332 1726 1359 in

934 1380 1115 1416 praesidendo,
1137 1380 1180 1406 vel
1203 1380 1231 1406 in
1242 1379 1408 1412 miserando,
1423 1378 1490 1405 dicit
1508 1378 1581 1413 quod
1603 1385 1657 1404 non
1679 1382 1725 1404 ut-

934 1434 1043 1461 cunque
1061 1427 1118 1453 hzec
1132 1426 1263 1453 exhibere
1279 1429 1406 1460 oporteat
1422 1432 1428 1450 :
1445 1424 1490 1452 sed
1505 1424 1569 1451 dare
1582 1431 1643 1451 cum
1662 1424 1727 1450 sim-

935 1473 1054 1508 plicitate
1075 1477 1103 1499 et
1121 1472 1221 1507 gaudio
1239 1481 1244 1499 :
1270 1480 1324 1499 non
1350 1476 1379 1498 ut
1402 1471 1504 1505 aliquid
1531 1470 1605 1505 quod
1627 1470 1728 1496 dmnno

936 1519 1045 1549 aﬁiciat,
1058 1519 1105 1545 sed
1119 1519 1191 1552 quod
1206 1519 1312 1545 lucrum
1330 1518 1420 1552 potius
1435 1517 1532 1544 aﬁ'crat
1550 1526 1555 1543 :
1569 1521 1596 1544 et
1610 1524 1728 1551 prmesse

935 1572 991 1591 non
1009 1565 1190 1599 negligenter,
1205 1563 1253 1590 sed
1264 1563 1342 1598 quasi
1354 1563 1388 1590 de
1403 1563 1494 1596 seipse
1506 1562 1627 1589 studium
1642 1561 1727 1588 hahe-

937 1614 996 1636 ret:
1011 1615 1141 1643 przetcrea
1155 1608 1279 1635 misereri
1294 1607 1417 1634 hilariter
1427 1611 1608 1642 promptoque
1624 1606 1727 1637 animo,

936 1656 1015 1695 quasi
1042 1655 1069 1681 id
1101 1655 1221 1681 fructum
1252 1654 1415 1681 nonnullum
1442 1651 1548 1680 atterat.
1585 1651 1728 1684 Quomodo

937 1708 1030 1730 autem
1048 1703 1107 1730 hrec
1125 1702 1229 1729 erunt?
1247 1701 1275 1728 Si
1296 1701 1471 1728 dilectionem
1488 1699 1638 1726 habeamus
1655 1698 1728 1725 inter

937 1757 989 1776 nos
1006 1753 1150 1775 mutuam:
1176 1747 1351 1774 dilectionem
1375 1750 1466 1772 autem
1493 1752 1547 1771 non
1575 1744 1664 1771 ﬁctam
1682 1747 1730 1770 aut

938 1795 1104 1825 simulatam,
1118 1793 1165 1820 scd
1181 1793 1284 1828 absque
1298 1793 1405 1820 fictione
1422 1797 1450 1819 et
1467 1791 1652 1822 simulatione,
1666 1798 1729 1826 pet:-

939 1842 1092 1875 i'cctamque
1115 1845 1143 1867 et
1166 1848 1231 1867 vere
1248 1840 1434 1867 dilectionem.
1458 1847 1467 1864 ι
1486 1838 1515 1865 In
1533 1837 1688 1865 sedulitate.
1716 1845 1725 1861 ι

939 1886 1033 1920 Neque
1048 1886 1121 1912 euitn
1145 1884 1245 1912 suﬁ'icit
1266 1888 1369 1911 tantum
1386 1890 1512 1918 praeesse.
1531 1891 1539 1907 ι
1561 1882 1587 1908 In
1605 1880 1729 1908 hilarita-

941 1937 978 1959 te.
996 1941 1004 1957 ι
1023 1932 1081 1958 Non
1096 1931 1173 1965 quasi
1194 1930 1323 1957 damnum
1342 1929 1479 1963 recipiens
1495 1928 1527 1954 ad
1543 1926 1728 1954 miserandum

941 1982 1095 2009 moveatur,
1113 1977 1159 2004 sed
1175 1977 1253 2010 quasi
1266 1976 1324 2010 ipse
1337 1975 1427 2010 politis
1440 1975 1544 2001 lucrum
1560 1973 1650 2000 faciat.
1665 1972 1730 1999 lude

941 2025 1014 2052 enim
1037 2024 1176 2058 continget
1195 2023 1330 2049 hilaritas.
1348 2031 1357 2047 ι
1378 2021 1493 2048 Dilectio
1512 2027 1567 2046 non
1593 2019 1628 2046 sit
1645 2018 1731 2045 simu-

941 2071 1006 2102 lata,
1024 2080 1031 2096 I
1051 2074 1098 2097 aut
1111 2070 1210 2101 fucata,
1226 2076 1279 2095 non
1294 2068 1368 2095 ﬁctio
1379 2067 1545 2098 dilectionis,
1561 2065 1607 2092 sed
1622 2065 1730 2092 sincera

943 2115 1054 2142 dilectio
1069 2123 1076 2141 ε
1098 2122 1151 2149 qua
1169 2117 1311 2148 prmsente,
1336 2117 1409 2139 recte
1428 2111 1593 2138 exhibentur
1611 2109 1655 2136 illa
1671 2117 1730 2143 qua:

907 2178 929 2205 Β
944 2162 1015 2188 dicta
1029 2165 1102 2188 sum.
1121 2169 1129 2185 t
1147 2159 1212 2186 Sitis
1226 2159 1290 2185 odio
1303 2161 1501 2192 prosequentes
1515 2156 1625 2182 malum.
1645 2164 1653 2180 I
1670 2154 1730 2205 Non

943 2208 1031 2235 solum
1046 2215 1060 2233 a
1072 2206 1144 2233 malo
1168 2205 1348 2235 abstinentes,
1362 2203 1409 2230 sed
1427 2202 1492 2229 illud
1503 2201 1651 2236 plurimum
1666 2199 1731 2226 odio

943 2254 1086 2282 habentes,
1113 2251 1195 2285 idque
1223 2249 1286 2276 facit
1308 2248 1465 2284 praepositio
1485 2248 1539 2273 ἀπὸ
1562 2247 1588 2273 ἱη
1611 2246 1731 2273 dictione

943 2298 1171 2331 ἀποστυγοῦντες.
1195 2295 1296 2322 Deinde
1314 2295 1370 2321 ait:
1393 2294 1452 2320 Non
1479 2293 1560 2319 modo
1582 2299 1731 2326 prosequa-

944 2344 1009 2372 mini
1032 2344 1132 2370 malum
1153 2342 1226 2373 odio,
1244 2348 1340 2368 verum
1356 2340 1438 2367 etiam
1461 2338 1622 2366 adhaareatis
1641 2337 1730 2370 honr),

943 2399 992 2426 per
1017 2390 1070 2416 hoc
1090 2393 1180 2415 autem
1203 2387 1375 2414 aﬁ‘ectionem
1399 2385 1432 2412 ad
1461 2385 1562 2411 bonum
1585 2383 1729 2417 signiﬁcat.

946 2445 954 2461 ι
974 2434 1152 2461 Adhzercntcs
1169 2432 1252 2459 bono.
1270 2441 1278 2457 ι
1296 2430 1402 2458 Accidit
1415 2429 1488 2456 enim
1506 2433 1533 2455 et
1552 2428 1586 2454 de
1604 2427 1731 2461 turpibus

943 2488 1003 2507 esse
1031 2479 1206 2506 dilectionem
1230 2487 1236 2504 :
1267 2481 1414 2511 propterea
1439 2474 1509 2501 dixit
1535 2473 1599 2500 odio
1629 2473 1731 2499 habere

943 2524 1016 2559 quod
1027 2524 1129 2550 malum
1139 2528 1191 2550 est.
1199 2521 1342 2555 Quomodo
1353 2520 1487 2555 contingit
1497 2520 1635 2546 adhaarcre
1647 2517 1731 2544 hono?

944 2571 1074 2597 Fraterno
1086 2569 1229 2599 charitate,
1242 2567 1340 2601 inquit,
1351 2567 1408 2593 sive
1421 2573 1468 2598 per
1480 2565 1627 2592 fraternam
1639 2562 1730 2590 chari-

945 2620 1038 2641 tatem.
1055 2613 1105 2640 Per
1121 2613 1174 2639 hoc
1188 2612 1261 2639 enim
1277 2615 1453 2646 cognoscent.
1470 2610 1568 2644 inquit.
1589 2608 1660 2642 quod
1677 2606 1730 2632 mei

945 2660 1005 2688 sitis
1020 2658 1147 2692 discipuli
1164 2658 1186 2684 si
1201 2657 1352 2684 dilexeritis
1365 2665 1412 2683 vos
1433 2656 1549 2682 invicem
1565 2654 1598 2679 ".
1619 2662 1628 2678 ι
1647 2653 1731 2679 Porro

945 2704 1096 2739 discipulus
1110 2703 1156 2738 qui
1172 2703 1315 2730 doctrinas
1338 2705 1438 2731 servat,
1457 2700 1578 2728 adhmret
1592 2704 1624 2724 ac
1637 2696 1730 2722 unitus

944 2753 986 2776 est
1001 2746 1172 2783 praeceptori,
1186 2746 1233 2781 qui
1250 2746 1360 2781 proprie
1376 2746 1463 2772 bonus
1473 2748 1516 2771 est
1531 2748 1558 2770 et
1575 2742 1662 2776 ipsum
1678 2740 1730 2767 ho-
