1889 3055
73 146 123 178 573

604 147 799 178 COMMENT.
816 148 857 178 IN
877 148 993 178 EPIST.
1024 150 1070 179 AD
1091 149 1182 180 ROM.
1638 154 1670 184 57

71 200 114 226 τὸν
128 198 254 233 ἀδελφὸν,
267 199 319 226 κᾶν
338 199 421 236 πένης
497 201 574 227 Ἐπεὶ
600 203 636 236 μὴ
662 202 719 228 ἔστι
743 202 855 228 πλούτου

927 203 1019 230 ’eluti:
1036 203 1064 231 Si
1077 211 1202 240 magnum
1221 205 1298 232 ducis
1315 206 1430 241 teipsum
1447 216 1452 234 :
1470 208 1548 235 talem
1565 208 1650 236 ducas
1664 211 1693 236 el

71 247 116 273 καὶ
133 246 229 277 πενίας
256 246 391 280 διάκρισις
407 248 485 282 παρὰ
506 248 575 281 Θεῷ.
591 249 654 280 Πῶς
667 249 690 276 δ’
706 250 738 276 ἂν
753 251 856 283 γένοιτό

72 300 112 318 σοι
125 300 222 325 τουτο;
246 292 310 318 Ἐὰν
336 293 374 327 μὴ
401 295 503 328 φρονῇς
528 294 592 328 περὶ
617 295 729 322 σεαυτοῦ
755 295 854 330 ὑψηλὰ,

71 338 138 364 ἀλλὰ
156 337 286 374 συμφέρῃ
297 339 344 364 καὶ
357 339 502 374 συναπάγῃ
520 341 577 371 τοῖς
588 342 738 372 ταπειναῖς,
758 341 805 367 καὶ
816 342 855 373 εἰς

70 383 119 417 τὴν
132 383 245 409 ἐκείνων
267 384 485 420 συγκαταϐαενῃς
508 385 655 413 εὐτέλειαν.
678 385 724 412 Ἐκ
740 387 770 421 δὴ
795 387 856 413 τού-

70 437 122 454 των
147 428 179 454 τὸ
211 428 325 463 φύσημα
348 429 394 455 καὶ
413 429 462 464 τὴν
487 430 641 462 κενοδοξίαν
665 431 754 457 αὐτῶν
769 441 856 458 κατα-

72 473 186 500 στέλλει.
209 473 288 504 Εἰκὸς
300 474 354 508 γὰρ
367 472 400 509 ἦν
414 475 512 506 αὐτοὺς
530 475 574 502 διὰ
591 476 639 512 τὴν
662 477 750 509 πόλιν,
768 477 856 512 τούτῳ

70 520 171 546 ἁλῶναι
187 520 233 546 και
248 520 408 554 κατέχεσθαι
421 521 458 556 τῷ
476 521 568 548 πάθει.
585 522 644 557 «Μὴ
663 522 771 556 γίνεσθε
787 524 855 558 φρό-

71 574 142 599 νιμοι
159 566 224 600 παρ’
235 567 368 598 ἑαυτοῖς.»
382 567 522 599 Τουτέστι,
535 568 580 602 Μὴ
596 569 706 603 ἡγεῖσθε
728 567 797 596 εῖναι
811 578 856 595 σο-

71 613 124 646 φοὶ,
137 613 185 638 καὶ
201 613 314 646 μηδενὸς
328 614 462 647 νοήματος
477 615 586 645 ἐνδεεῖς.
600 616 669 650 Φησὶ
679 616 733 651 γὰρ
754 618 769 651 ἡ
786 617 856 651 Γρα-

71 659 106 691 φή
124 665 132 672 ο
156 667 166 682 ι
181 658 248 684 Οὐαὶ
264 659 287 684 οι
315 660 418 685 συνετοὶ
438 660 503 694 παρ’
525 661 643 692 ἑαυτοῖς,
666 662 711 688 καὶ
741 663 855 688 ἐνώπιον

70 702 158 728 αὐτῶν
176 703 384 738 ἐπιστήμονες.»
412 714 421 730 ι
434 705 525 731 Kcibe
546 706 607 732 ἀντὶ
625 707 736 734 κακοῦ.)
755 708 785 734 Et
801 709 855 743 γὰρ

69 747 168 782 ιιειτδς
197 749 242 775 καὶ
269 749 359 780 ἄθλιος
377 751 392 777 ὀ
417 750 502 777 ποιῶν
526 751 556 777 τὸ
582 752 676 783 κακὸν,
699 753 742 780 ἵνα
771 755 797 780 τί
817 754 853 789 μὴ

69 791 181 826 φεύγεις
191 793 240 828 τὴν
254 794 370 828 μίμησιν
384 795 438 821 τῶν
450 795 552 826 κακῶν,
566 796 633 823 ἀλλὰ
647 797 686 832 τῷ
698 798 855 832 ἀμύνασθαι

67 837 159 872 ἔνοχον
180 839 277 865 σαυτὸν
291 839 422 875 καθιστᾷς
442 842 488 867 καὶ
505 843 632 869 κοινωνὸν
646 844 695 877 τῆς
710 844 853 876 ἀσεϐείας

71 892 80 909 ι
95 884 296 918 Προνοοὺμενοι
320 885 422 912 καλὰ.)
443 886 528 913 Τοῦτό
545 896 637 922 φησιν,
658 889 698 915 ὅτι
724 889 855 924 Πρόνοιαν

69 929 190 956 ποιεῖσθε
207 929 255 956 τοῦ
268 930 345 959 καλοὶ
369 932 523 965 φαίνεσθαι,
540 934 569 960 ἐν
586 934 625 969 τῷ
644 934 738 970 μηδενὶ
754 936 854 962 διδόναι

67 976 152 1010 ψόγου
179 977 324 1012 πρόφασιν.
339 992 375 998 —-
388 978 423 1004 Ἣ
441 979 535 1014 ἐπειδὴ
557 980 613 1007 ἂνω
638 978 709 1012 εἷπε,
730 990 738 1006 ι
754 981 856 1015 Μηδενὶ

68 1022 153 1048 κακὸν
174 1022 237 1049 ἀντὶ
252 1023 337 1050 κακοῦ
354 1024 550 1058 ἁποδιδόντες,ι
574 1025 735 1060 προσέθεικε
750 1028 797 1053 καὶ
813 1027 853 1057 τὸ,

70 1069 291 1103 ιΠρονοούμενοι
309 1070 407 1096 καλά.»
437 1070 481 1102 Ὠς
503 1073 528 1097 ει
553 1071 656 1105 ἔλεγεν,
685 1073 742 1099 Οὐκ
763 1073 854 1108 ἀρκεῖ,

69 1114 151 1149 μόνον
173 1115 204 1140 τὸ
232 1115 269 1149 μὴ
289 1115 441 1142 ἀποδιδόναι
462 1116 544 1149 κακὰ,
569 1117 638 1144 ἀλλὰ
664 1118 704 1144 δεῖ
725 1118 771 1144 καὶ
789 1127 852 1152 προ-

68 1162 138 1188 νοεῖν
164 1161 211 1187 τοῦ
237 1161 397 1195 ποιήσαντος
414 1163 487 1197 ἡμᾶς
509 1163 634 1193 κακῶς.)
656 1163 710 1188 Καὶ
736 1164 788 1198 γὰρ
809 1164 854 1190 καὶ

67 1207 135 1237 ἄνω.
150 1207 202 1233 οὐκ
229 1207 349 1242 ἠρκέσθη
366 1207 405 1242 τῷ
427 1209 463 1241 μὴ
481 1208 651 1242 καταρᾶσθαι
665 1209 728 1240 τοὺς
742 1209 853 1235 διώκον-

66 1261 127 1283 τας,
148 1252 216 1278 ἀλλὰ
235 1253 282 1279 καὶ
294 1253 414 1286 εὐλογεῖν
433 1253 609 1288 προσέταξεν.
629 1263 638 1279 σ
655 1254 685 1280 Ei
700 1253 812 1281 δυνατὸν
825 1254 855 1281 τὸ

68 1298 97 1331 ἐξ
114 1298 221 1333 ὑμῶν.»
242 1299 318 1324 Ἐστι
329 1298 383 1334 γὰρ
396 1299 441 1325 ὅτε
457 1299 488 1325 οὺ
507 1298 619 1326 δυνατὸν
638 1300 701 1326 ἔνθα
730 1300 794 1334 περὶ
810 1300 855 1326 εὐ-

69 1344 178 1374 σεϐείας
199 1345 213 1370 ὁ
227 1343 314 1377 λόγος.
337 1343 466 1370 Auno-31:0
487 1342 574 1376 εἶπεν,
595 1345 640 1371 ιΕὶ
654 1345 775 1371 δυνατόν.
790 1355 798 1370 ι
818 1345 854 1372 Τὸ

66 1389 105 1420 δὲ,
125 1397 135 1413 ί
147 1387 193 1420 Ἐξ
205 1387 308 1422 ὑμῶν,ι
321 1388 455 1420 τουτέστι,
472 1388 506 1415 Σὺ
516 1389 545 1415 τὸ
561 1389 606 1415 σὸν
620 1390 742 1424 ποίησον,
759 1391 805 1416 καὶ
817 1390 854 1424 μὴ

68 1434 216 1469 παράσχῃς
243 1433 341 1469 ἔχθρας
369 1433 496 1469 ἀφορμὴν
526 1434 563 1470 μὴ
588 1435 709 1469 Ἕλληνι,
734 1436 771 1471 μὴ
789 1436 855 1463 ‘lou-

65 1480 146 1515 δαίῳ.
163 1480 248 1506 Τοῦτο
262 1479 315 1515 γὰρ
331 1480 361 1506 τὸ
376 1480 446 1514 μετὰ
463 1481 580 1511 πάντων,
602 1481 734 1513 τουτέστι,
750 1482 853 1507 πιστῶν

906 248 1019 276 fratrem
1037 253 1132 282 tuum,
1157 250 1263 277 etiamsi
1285 259 1390 286 pauper
1413 252 1459 285 sit,
1479 254 1607 287 quoniam
1637 262 1692 282 non

905 295 1112 322 estdivitiarum
1122 304 1154 323 ae
1166 297 1333 330 paupertatis
1347 298 1493 325 discrimen
1509 301 1579 334 apud
1594 300 1690 327 D:-um.

905 340 965 373 Quo
984 346 1075 368 autem
1098 342 1179 368 modo
1191 341 1256 380 _tieri
1272 343 1323 369 hoc
1339 344 1453 377 potest?
1469 344 1496 371 Si
1518 353 1571 371 non
1590 345 1693 372 sentias

906 386 938 412 de
949 391 974 413 te
985 387 1044 420 ipso
1057 387 1196 418 sublimia,
1211 389 1258 414 sed
1273 389 1424 416 conferaris
1437 395 1464 417 et
1476 391 1692 418 acciimmodcris

906 432 1066 464 humilibus,
1083 437 1110 459 et
1124 433 1150 459 in
1163 433 1271 460 illorum
1285 434 1488 461 condescendas
1499 436 1690 469 abjectionem.

905 477 953 504 llis
971 486 1035 505 sane
1051 478 1175 504 timorem
1189 487 1221 506 ae
1236 487 1331 506 vanam
1347 481 1460 515 gloriam
1482 481 1590 507 illorum
1608 481 1692 515 repri-

906 524 964 550 mit.
982 524 1136 551 Verisimile
1146 525 1218 551 enim
1233 532 1288 551 erat
1308 525 1368 552 illos
1386 531 1497 560 propter
1512 534 1588 552 suam
1602 527 1692 553 civita-

906 572 970 597 tein.
989 573 1082 602 captos
1100 576 1159 595 esse
1180 577 1211 595 ac
1225 569 1343 596 detineri
1364 570 1415 597 hoc
1431 571 1537 597 affectu.
1555 580 1563 595 ι
1581 571 1618 597 Ne
1631 572 1692 598 sitis

906 613 1055 647 prudentes
1070 614 1140 647 apud
1152 615 1348 648 xosmetipsos.
1370 625 1378 639 ι
1396 615 1451 642 Hoc
1476 621 1516 642 est
1537 624 1570 642 ne
1585 616 1692 642 duratis

905 666 954 685 vos
966 659 1039 693 ipsos
1052 667 1112 686 esse
1128 660 1267 694 sapientes
1282 665 1307 686 et
1320 661 1422 687 nullius
1438 661 1553 687 consilio
1570 666 1690 695 egentes.

908 712 918 728 ‹
937 703 982 730 Vte
1004 703 1173 737 sapientibus
1193 705 1263 739 apud
1279 706 1383 739 scipsos
1397 712 1424 733 et
1441 715 1531 734 coram
1551 708 1617 734 facie
1642 716 1690 734 sua

906 749 1089 782 prudentibus
1102 749 1134 776 ".
1156 759 1164 774 ι
1184 765 1218 771 -
1233 760 1242 775 ι
1264 751 1361 777 Malum
1386 760 1434 786 pro
1451 752 1532 778 malo.
1555 762 1564 778 ι
1584 753 1650 779 Nam
1669 753 1691 779 si

907 794 1105 827 vituperandus
1125 803 1156 821 ac
1172 796 1254 822 miser
1267 801 1309 823 est
1324 797 1372 830 qui
1390 797 1492 823 malum
1512 797 1586 828 facit,
1607 806 1691 831 quare

906 847 960 866 non
979 839 1048 875 fugis
1060 842 1191 868 malorum
1204 842 1385 870 imitationem
1398 844 1410 870 ‘.'
1426 844 1477 871 Sed
1493 849 1520 871 ut
1537 849 1564 872 te
1578 845 1692 871 ulcisca-

908 886 955 916 ris.
982 887 1130 914 obnoxium
1157 889 1302 915 constituis
1327 889 1500 923 temetipsum
1527 898 1559 917 ae
1588 890 1692 917 soeiurn

907 930 1062 964 impietatis.
1076 932 1254 959 Providentes
1267 933 1336 960 bona
1365 942 1372 958 ι
1389 933 1533 960 llocdieit:
1548 934 1693 961 Providete

908 981 936 1002 ut
958 976 1020 1002 boni
1041 977 1192 1011 appareatis
1210 986 1216 1004 :
1235 982 1264 1004 ut
1285 978 1312 1005 in
1335 979 1411 1006 nullo
1432 979 1602 1007 occasionem
1623 979 1694 1006 dctis

906 1023 1080 1056 vituperandi
1102 1031 1159 1050 vos.
1175 1039 1209 1044 —-
1223 1024 1282 1057 Vel,
1301 1031 1444 1060 postquam
1459 1026 1587 1060 superius
1614 1025 1692 1052 dixit.

909 1077 917 1093 t
934 1069 1005 1095 Nulli
1019 1069 1119 1095 malum
1134 1077 1183 1104 pro
1195 1070 1266 1097 malo
1281 1071 1436 1104 reddentes,
1452 1082 1462 1098 ι
1474 1071 1670 1098 addiditetiam
1685 1080 1692 1097 :

910 1124 919 1139 ‹
934 1114 1111 1141 Providentes
1121 1115 1190 1142 bona
1202 1123 1209 1147 ;
1223 1125 1232 1140 ι
1251 1120 1378 1150 tanquam
1388 1117 1498 1144 dixisset
1515 1126 1521 1143 :
1542 1118 1612 1145 .Non
1628 1118 1694 1144 satis

905 1165 947 1187 est
960 1164 1065 1186 tantum
1079 1168 1132 1186 non
1144 1161 1258 1188 reddere
1270 1162 1350 1194 mala,
1361 1162 1408 1190 sed
1417 1168 1523 1197 oportet
1534 1171 1642 1197 quoque
1656 1163 1693 1189 illi

905 1205 1050 1240 providere
1065 1206 1112 1240 qui
1127 1207 1262 1234 malefacit
1277 1207 1367 1234 nobis.
1381 1218 1390 1234 ι
1408 1209 1473 1235 Nam
1484 1213 1511 1235 et
1527 1209 1553 1235 in
1570 1209 1695 1244 superio-

907 1251 983 1278 ribus
996 1251 1128 1278 nonsatis
1143 1252 1179 1278 illi
1196 1252 1257 1283 fuit,
1272 1261 1306 1279 ne,
1317 1253 1511 1281 maledicerent
1528 1262 1695 1288 persequen-

908 1296 990 1327 tibus,
1007 1296 1054 1323 sed
1069 1297 1151 1323 etiam
1165 1297 1329 1325 benedicere
1341 1299 1431 1333 jussit.
1451 1299 1498 1326 «Si
1515 1299 1645 1333 possibile
1654 1304 1695 1326 est

906 1347 1038 1376 quantum
1058 1350 1091 1369 ex
1108 1343 1186 1370 vobis
1200 1348 1252 1370 est.
1271 1353 1280 1369 ι
1301 1344 1408 1371 Accidit
1423 1345 1495 1371 enim
1512 1345 1650 1372 interdum
1666 1349 1696 1371 ut

906 1388 1034 1422 possibile
1045 1396 1098 1415 non
1111 1389 1157 1420 sit,
1171 1389 1217 1415 tibi
1233 1389 1266 1415 de
1280 1389 1380 1424 pietate
1394 1398 1484 1417 sermo
1497 1395 1554 1423 est;
1569 1396 1695 1425 propter-

905 1441 937 1461 ea
959 1434 1049 1461 dixit:
1077 1444 1086 1460 ι
1114 1434 1142 1461 Si
1164 1435 1293 1469 possibile
1322 1440 1374 1462 est.
1396 1445 1404 1461 ι
1425 1451 1460 1455 -
1477 1446 1486 1461 ι
1505 1435 1641 1468 Quantum
1663 1446 1697 1464 ex

907 1479 984 1506 vobis
1005 1483 1058 1506 est.
1077 1488 1086 1505 ι
1111 1479 1167 1506 Hoc
1182 1484 1234 1512 est,
1250 1485 1278 1506 tu
1291 1480 1363 1514 quod
1379 1485 1454 1507 tuum
1468 1485 1510 1507 est
1526 1481 1625 1508 facito:
1650 1489 1696 1508 ne-

67 1526 116 1552 καὶ
141 1525 273 1552 ἀπίστων.
294 1535 303 1551 ι
320 1525 365 1560 Μὴ
390 1526 504 1556 ἑαυτοὺς
524 1525 720 1557 ἐκδικοῦντες.»
748 1527 855 1562 Ἐπειδὴ

927 1533 960 1552 ue
976 1524 1125 1551 inimicitia:
1142 1532 1235 1551 ansam
1251 1525 1371 1559 pratbcus
1387 1525 1467 1560 372
1482 1530 1529 1552 attt
1545 1526 1638 1553 Grofco
1650 1531 1698 1554 aut

65 1572 146 1598 τοῦτο
177 1570 401 1603 ἀκόλουθον,,τὺν
427 1571 590 1606 ἠδικημένον
606 1572 728 1603 ὲκδικξας
752 1574 854 1607 τυχεῖν,

66 1618 147 1644 τοῦτο
163 1617 230 1644 αὐτὸ
250 1616 450 1650 ἐπαγγέλλεταί
469 1625 520 1648 σοι,
547 1617 625 1651 φησὶ,
650 1617 688 1651 μὴ
709 1617 856 1652 ὲκδικήσῃς

67 1663 195 1695 σεαυτὸν,
208 1662 256 1689 καὶ
266 1663 280 1689 ό
291 1662 357 1694 Θεὸς
377 1671 407 1688 σε
422 1663 532 1689 ὲκδικεῖ,
548 1663 612 1688 Δότε
627 1663 692 1696 γὰρ,
712 1663 790 1697 φησὶ,
812 1663 856 1688 τό·

66 1718 118 1736 πον
132 1709 182 1735 καὶ
193 1708 285 1744 χώραν
299 1710 331 1743 τῇ
347 1708 416 1744 ὀργῇ
431 1708 478 1734 τοῦ
495 1708 562 1734 Θεοῦ
577 1707 674 1736 ὲλοεῖν.
692 1709 741 1735 “Av
755 1709 809 1743 γὰρ
823 1709 855 1735 σὺ

67 1754 217 1790 ὲκδικήσῃς
236 1753 359 1785 σεαυτὸν,
384 1753 498 1780 ἐλθοῦσα
526 1754 542 1788 ἡ
558 1753 626 1788 ὀργὴ
644 1753 692 1780 τοῦ
713 1753 792 1784 Θεοῦ,
808 1753 857 1788 οὐχ

66 1801 124 1832 ἔξει
135 1799 227 1835 χώραν
243 1799 289 1826 τοῦ
313 1799 466 1831 ἐκδικῆσαι,
482 1799 523 1825 ὅτι
535 1799 716 1833 προεδίκησας
734 1800 855 1826 σεαυτόν.

66 1847 101 1872 Et
113 1847 168 1880 γὰρ
181 1845 214 1871 σὺ
230 1845 266 1880 μὴ
281 1844 383 1880 ἀμύνῃ,
397 1844 456 1879 ἥξει
479 1845 495 1879 ἡ
522 1844 600 1879 ὀργή.
614 1859 649 1864 —
667 1843 857 1880 [ΙΩΔΝΝ()Ι“.]

74 1891 185 1926 Ἐπειδὴ
214 1891 242 1917 δὲ
266 1890 345 1917 τοῦτο
377 1889 493 1925 μάλιστα
518 1891 532 1916 ὁ
564 1889 702 1924 ἀδικηθεὶς
730 1888 858 1924 ἐπιθυμεῖ

68 1938 136 1964 ἰδεῖν
152 1937 273 1968 ἐκδικίας
289 1936 383 1963 ἑαυτὸν
407 1935 590 1966 ἀπολαύοντα,
606 1935 685 1962 τοῦτο
699 1935 773 1970 αὑτῴ
790 1935 858 1970 μετὰ

66 1983 168 2016 πολλῆς
179 1982 271 2008 δίδωσι
285 1981 452 2016 περιουσίας.
469 1981 517 2007 “Av
537 1981 590 2015 γὰρ
609 1980 688 2012 αὐτὸς
706 1981 743 2015 μὴ
756 1980 857 2016 ἀμύνῃ,

66 2029 134 2058 Θεὸς
152 2028 228 2054 ἔσται
250 2027 408 2062 ὁτιμωρός.
433 2025 612 2061 Συγχώρησον
635 2025 680 2052 οὖν
709 2026 783 2061 αὺτῴ
807 2026 856 2052 ἐπ-

66 2072 198 2106 εξελθεῖν.
215 2072 301 2099 Τοῦτο
324 2072 378 2106 γὰρ
393 2071 433 2104 τὸ,
461 2081 468 2097 ι
483 2072 546 2098 Δότε
562 2071 644 2098 τόπον
665 2073 697 2106 τῇ
712 2073 779 2106 ὀργῇ
795 2082 804 2097 ›
824 2087 858 2092 -

70 2129 80 2144 ‹
94 2119 253 2153 Γέγραπται
268 2117 332 2152 γάρ.
348 2127 357 2143 ι
377 2116 627 2152 Παραμυοούμενος
642 2117 723 2142 πλέον
742 2117 786 2143 τὸν
801 2117 858 2151 ἣδι-

68 2161 201 2196 κημένον,
218 2161 306 2196 ἤγαγε
323 2162 372 2195 τὴν
396 2161 557 2196 μαρτυρίαν.
576 2169 585 2186 t
596 2160 673 2195 Ἐμοὶ
688 2161 854 2196 ὲκόίκησις,ι

67 2207 204 2238 τουτέστι,
226 2207 295 2240 Παρ¹
315 2207 403 2242 ὲμοὶή
420 2206 568 2240 ἐκδίκησις.

907 1570 1011 1597 Iudaeo.
1037 1570 1064 1596 Id
1092 1570 1165 1596 enim
1192 1574 1233 1597 est
1258 1570 1330 1604 quod
1355 1570 1392 1596 ait
1413 1578 1420 1601 ς
1449 1580 1457 1595 ε
1474 1570 1541 1598 Cum
1570 1572 1697 1599 onmibus

908 1623 1006 1650 nempe
1023 1615 1150 1642 fidelibus
1165 1621 1192 1642 et
1208 1615 1390 1642 inﬁdelibus.)
1407 1630 1442 1635 —-
1459 1625 1467 1641 ι
1487 1616 1546 1642 Non
1563 1625 1611 1644 vos
1623 1617 1698 1651 ipsos

909 1661 1082 1687 ulciscentes.
1105 1671 1113 1686 ι
1131 1660 1359 1694 Quandoquidem
1375 1661 1427 1688 hoc
1443 1669 1615 1696 consequens
1627 1667 1696 1694 erat,

908 1714 971 1734 eum
992 1707 1038 1741 qui
1067 1707 1165 1742 injuria
1186 1707 1301 1734 allectus
1325 1711 1398 1734 esset
1417 1707 1549 1734 ultionem
1576 1709 1696 1742 assequi,

909 1752 960 1779 hoc
989 1752 1089 1786 ipsum,
1115 1752 1214 1786 inquit,
1243 1752 1291 1779 tibi
1321 1753 1488 1787 prazcipitur,
1516 1762 1550 1780 ne
1580 1754 1697 1788 teipsum

909 1798 1059 1828 ulciscaris,
1074 1803 1102 1824 et
1118 1797 1187 1824 Deus
1203 1803 1228 1824 te
1248 1798 1404 1825 ulciscetur.
1417 1798 1483 1825 Nam
1498 1799 1570 1831 date,
1591 1800 1639 1831 ait,
1658 1799 1699 1826 Ιοε

908 1852 970 1871 cum
983 1852 1014 1870 ac
1025 1843 1142 1876 spatium
1161 1849 1189 1870 ut
1209 1843 1248 1870 ira
1269 1844 1316 1870 Dei
1333 1845 1434 1871 veniat.
1451 1845 1477 1872 Si
1491 1845 1564 1871 enim
1580 1846 1697 1879 teipsum

909 1889 982 1915 ultus
998 1888 1094 1919 fueris,
1109 1886 1154 1914 ubi
1169 1887 1276 1914 venerit
1290 1887 1329 1913 ira
1339 1888 1398 1918 Dei,
1414 1888 1503 1914 locum
1518 1896 1571 1914 non
1586 1888 1698 1915 habebit

909 1934 1040 1960 ultionem
1054 1933 1261 1966 sumendi.quia
1274 1932 1390 1966 primum
1404 1933 1476 1959 ultus
1484 1941 1513 1958 es
1523 1933 1698 1967 temetipsum

909 1979 981 2013 quod
993 1980 1014 2005 si
1033 1984 1060 2005 tu
1075 1987 1129 2005 non
1143 1978 1275 2010 vindices,
1292 1978 1332 2005 ira
1346 1978 1445 2005 veniet.
1460 1979 1593 2011 Quoniam
1606 1983 1696 2004 aulem

910 2025 933 2052 is
951 2024 998 2059 qui
1015 2024 1114 2059 injuria
1130 2024 1245 2051 aﬁ’ectus
1265 2028 1325 2056 est,
1342 2023 1395 2050 hoc
1413 2025 1528 2050 maxime
1543 2023 1636 2050 videre
1651 2023 1700 2049 de-

909 2069 1023 2100 siderat,
1039 2077 1136 2103 nempe
1159 2068 1278 2103 seipsum
1293 2069 1395 2095 ultione
1415 2068 1486 2094 frui:
1505 2068 1556 2094 hoc
1571 2068 1621 2102 ipsi
1635 2075 1697 2094 etim

910 2123 1006 2149 magna
1024 2115 1122 2142 tribuit
1137 2115 1273 2149 largitate.
1293 2114 1359 2140 Nam
1376 2113 1398 2140 si
1421 2114 1477 2148 ipse
1497 2121 1550 2140 non
1567 2113 1697 2145 vindicet,

910 2160 983 2187 Deus
998 2161 1071 2187 ultor
1084 2160 1148 2187 erit.
1165 2160 1298 2186 Permitte
1308 2160 1390 2194 igitur
1404 2159 1442 2185 illi
1459 2163 1488 2185 ut
1501 2159 1631 2188 vindicet.
1647 2159 1699 2184 hoc

877 2203 898 2228 D
912 2211 954 2232 est
968 2205 1042 2231 enim
1055 2203 1128 2238 quod
1142 2203 1200 2230 ait:
1228 2211 1237 2227 ί
1256 2203 1323 2229 Date
1338 2203 1430 2229 locum
1444 2201 1502 2228 irae.
1516 2209 1525 2225 ι
1542 2216 1576 2220 -
1594 2210 1603 2225 ‹
1623 2200 1698 2226 Seri-

68 2257 148 2286 ptum
160 2257 202 2279 est
216 2252 301 2278 enim.
316 2261 325 2277 ι
336 2251 403 2278 Eum
414 2251 460 2286 qui
475 2251 574 2286 injuria
585 2250 699 2278 aﬂ‘ectus
731 2255 773 2278 est
805 2251 891 2286 magis
909 2249 1076 2277 consolando
1088 2269 1096 2282 ,
1137 2247 1267 2283 produxit
1312 2247 1458 2281 Scriptum
1501 2245 1698 2272 testimonium-

72 2307 80 2322 ι
99 2297 168 2324 Mihi
183 2298 263 2331 ultio,
283 2307 292 2324 ι
312 2297 339 2324 id
350 2302 403 2331 est,
423 2297 494 2332 apud
508 2304 552 2324 me
563 2300 606 2324 est
620 2296 699 2324 ultio.

109 2359 180 2386 Ἐὰν
193 2356 248 2386 οὖν
269 2357 357 2392 πεινᾷ
375 2359 392 2385 ὁ
411 2358 517 2392 ἐχθρός
536 2365 605 2391 σου,
622 2357 730 2392 ψώμιζε
753 2359 857 2385 αὐτόν’

69 2406 125 2432 ἐὰν
137 2403 222 2438 διψᾷ,
239 2403 337 2433 πότιζε
348 2404 451 2430 αὐτόν.
469 2403 559 2430 Τοῦτο
570 2403 625 2437 γὰρ
637 2404 739 2435 ποιῶν,
752 2403 859 2436 ἄνθρα-

71 2459 128 2483 κας
151 2449 246 2483 πυρὸς
267 2449 432 2481 σωρεύσεις
447 2448 497 2474 ἐπὶ
521 2447 579 2481 τὴν
598 2448 735 2482 κεφαλὴν
753 2448 857 2475 αὐτοῦ.

70 2494 118 2528 Μὴ
140 2492 212 2520 νικῶ
229 2493 288 2520 ὑπὸ
301 2492 354 2520 τοῦ
367 2492 472 2525 κακοῦ,
487 2492 567 2519 ἀλλὰ
576 2492 646 2519 νίκα
658 2492 744 2526 ἐν’τῷ
760 2492 859 2527 ἀγαθῷ

70 2543 103 2569 τὸ
121 2541 228 2568 κακόν.

105 2587 153 2621 Μὴ
181 2587 269 2621 μόνον,
287 2586 373 2621 φησὶ,
398 2585 554 2621 εἰρηνεύετε
577 2586 623 2612 καὶ
647 2585 684 2620 μὴ
707 2585 857 2619 ἀμύνεσθε,

71 2632 141 2658 ἀλλὰ
156 2632 203 2658 καὶ
226 2632 409 2666 εὐεργετεῖτε,
429 2631 587 2666 τρέφοντες,
605 2631 772 2662 ποτιζοντες.
788 2629 859 2657 Εἶτα

71 2678 166 2712 ἐπειδὴ
185 2677 253 2713 βαρὺ
278 2675 312 2712 ἦν
335 2677 366 2704 τὺ
387 2678 630 2712 προσταττόμενον,
648 2676 746 2710 ἐπάγει
772 2685 860 2711 παρα-

72 2723 244 2759 μυθούμενος
269 2723 314 2750 τὸν
337 2723 511 2758 ἠδικημένον,
534 2723 631 2757 λέγων,
652 2722 738 2749 Τοῦτο
763 2723 859 2754 ποιῶν,

71 2769 128 2805 πῦρ
155 2769 230 2805 αὐτῷ
257 2769 408 2804 σωρεύσεις
433 2770 479 2795 ἐπὶ
499 2769 548 2804 τὴν
575 2769 706 2804 κεφαλήν.
723 2768 778 2795 Καὶ
801 2767 860 2802 ἅμα

105 2862 130 2878 ⁵³
143 2862 196 2888 Isa.
211 2869 237 2894 ν,
248 2860 294 2894 ‘Zl,

947 2357 1006 2388 XII,
1023 2356 1068 2389 νο,
1085 2356 1130 2383 21.
1151 2355 1179 2383 Si
1194 2356 1276 2390 igitur
1302 2355 1384 2381 esurit
1407 2354 1527 2381 inimicus
1547 2358 1617 2384 tuus,
1643 2353 1699 2380 ciba

911 2403 1009 2430 illum:
1023 2403 1046 2429 si
1058 2403 1122 2434 sitit,
1139 2403 1171 2428 da
1190 2401 1230 2428 illi
1244 2405 1345 2436 potum.
1359 2400 1414 2427 Hoc
1433 2400 1500 2427 enim
1517 2399 1624 2433 faciens,
1643 2407 1701 2425 nr-

911 2450 988 2476 bones
1006 2448 1073 2484 ignis
1087 2447 1234 2474 cumulabis
1251 2447 1278 2474 in
1300 2451 1379 2482 caput
1391 2447 1481 2481 ipsius.
1500 2445 1538 2472 Ne
1559 2446 1700 2472 t’incarisa

912 2494 993 2526 malo,
1006 2493 1051 2521 sed
1064 2494 1136 2520 vince
1147 2493 1212 2520 bona
1225 2492 1337 2519 malum.

944 2585 1002 2611 Non
1016 2585 1115 2616 solum,
1132 2583 1231 2618 inquit,
1244 2581 1270 2609 in
1289 2589 1355 2616 pace
1369 2581 1463 2614 vivite,
1474 2589 1507 2608 ne
1523 2588 1570 2606 vos
1584 2579 1698 2606 ulcisca-

910 2631 988 2663 mini,
997 2631 1043 2658 sed
1058 2634 1085 2657 et
1094 2629 1257 2657 benefacite.
1266 2628 1371 2654 alentes
1382 2635 1413 2654 ac
1425 2631 1519 2662 potum
1531 2626 1697 2652 tribuentes.

909 2676 1011 2704 Deinde
1022 2676 1085 2710 quia
1100 2682 1182 2710 grave
1193 2677 1253 2701 erat
1266 2673 1338 2708 quod
1350 2672 1569 2707 przecipiebatur,
1583 2669 1700 2704 subjun-

908 2722 948 2757 git
967 2722 1135 2749 consolando
1156 2728 1219 2748 eum
1236 2719 1283 2755 qui
1307 2719 1420 2746 atl‘eetus
1444 2722 1486 2744 est
1504 2715 1613 2752 injuria.
1640 2714 1697 2740 iloc

910 2767 1013 2794 iaciens
1036 2767 1125 2802 ignem
1143 2766 1182 2794 illi
1204 2764 1358 2793 cumulabis
1380 2763 1406 2789 in
1432 2766 1513 2796 caput
1529 2770 1536 2789 :
1555 2760 1697 2794 Simulque
