1889 3055
188 136 240 167 579

716 128 916 161 (ECUMENII
935 126 1081 157 TRICCE
1097 124 1269 156 EPISCOPI

1751 122 1814 153 530

189 197 308 225 namque
324 188 446 217 laudabit
459 193 485 216 te
505 187 576 223 quod
593 187 695 214 bonum
712 190 754 212 est
770 184 928 215 facientem,
945 187 975 210 ut

1059 190 1072 207 ν
1086 180 1151 216 γὰρ,
1167 180 1258 214 φησιν,
1273 178 1410 205 ἐπαινέσει
1430 186 1458 204 σε
1480 178 1510 204 τὸ
1530 178 1632 213 ἀγαθὸν
1646 177 1823 212 apicem-:1.

190 237 240 263 tibi
256 236 337 264 etiam
354 240 551 269 cooperaturus
565 233 601 260 sil.
610 236 638 259 et
648 231 778 259 auxilium
792 230 975 264 praestiturus.

193 282 333 317 Siquidem
350 282 432 308 tintor
445 279 553 306 occasio
569 279 617 305 tibi
638 277 755 305 allii-itur
771 276 842 303 bene
855 275 976 302 vivendi.

193 327 234 354 0b
255 327 280 353 id
303 331 395 353 autem
410 325 478 351 dixit
493 332 555 351 eum
571 324 618 350 Dei
635 323 792 349 ministrum
807 329 867 348 esse
881 321 915 347 ad
930 321 975 348 bo-

194 364 259 399 num
275 381 280 397 :
297 372 359 404 quia
379 370 516 397 subservit
534 369 580 395 Dei
599 368 714 396 consilio
729 368 843 394 laudans
857 367 943 393 bonos
952 370 980 393 et.

195 418 281 444 malos
292 417 408 450 puniens
423 424 430 441 :
446 417 515 442 sicut
528 419 557 441 et
569 415 642 441 Dens
657 414 838 441 consimiliter
853 413 926 440 facit.
941 413 980 439 Ex

195 463 247 490 hoc
261 467 351 490 anteiit
368 466 392 488 te
408 462 439 488 a-l
453 461 554 487 bonum
568 460 682 494 impellit
693 459 898 487 etexhortatur.
913 458 979 485 Nam

195 507 247 534 hoc
258 506 401 541 signiﬁcat.
420 515 428 529 ι
441 506 487 532 Est
501 505 548 531 libi
561 507 592 531 ad
607 505 718 531 bonum.
735 514 744 530 ι
760 505 792 531 Et
809 504 868 534 tibi,
881 503 979 538 inquit,

196 551 322 578 minister
339 555 380 576 est
395 550 427 577 ad
445 550 558 581 bonum,
573 557 634 576 cum
647 549 775 575 videlicet
790 549 837 575 Dei
854 549 889 575 sit
901 548 982 574 mini-

197 601 262 622 ster.
290 595 348 627 Quo
370 599 460 622 autent
482 594 562 621 modo
587 594 635 621 tibi
660 594 784 620 ntinister
803 593 871 620 est?
899 592 983 620 Malos

197 641 356 676 prohibens.
375 645 402 666 et
422 644 618 666 noeumentum
637 639 709 674 quod
734 639 782 666 tibi
811 639 844 665 ab
862 638 915 665 illis
935 639 984 664 im-

197 686 330 720 pendebat
347 686 485 715 aul'erens.
504 685 684 719 prmbensque
701 685 876 711 securitatem
893 688 922 710 ut
942 683 982 710 fa-

198 731 254 757 cias
278 732 391 757 bonum.
413 730 530 756 lnservit
550 735 639 756 autem
659 730 708 756 tibi
729 730 762 756 ad
785 729 885 756 bonum
902 728 983 754 etiam

199 776 245 802 ubi
261 781 286 802 te
308 781 419 810 propter
436 775 505 802 mala
521 775 664 806 terruerit,
683 783 779 802 arcens
801 779 826 801 te
843 775 877 801 ab
892 774 945 801 illis
958 779 986 801 et

199 822 348 846 exhortans
364 821 395 846 ad
418 820 556 846 virtutem.
574 820 707 846 Prmtcrca
726 827 791 846 vero
805 825 833 846 et
848 819 986 845 honorans

1026 228 1067 254 ὅτι
1079 227 1111 262 δὴ
1125 227 1171 253 καὶ
1188 225 1341 261 συμπράξει
1357 233 1397 251 σοι
1412 226 1480 260 πρὸς
1494 225 1580 252 τοῦτο.
1607 226 1637 252 '0
1653 225 1708 260 γὰρ
1730 225 1825 259 φόϐος

1028 272 1164 307 πρόφασις
1188 281 1228 298 σοι
1245 271 1348 305 γίνεται
1373 271 1422 297 τοῦ
1447 271 1538 302 καλῶς
1556 271 1641 306 βιοῦν.
1667 271 1718 298 Διὰ
1732 271 1827 297 τοῦτο

1027 319 1056 346 δὲ
1069 316 1140 350 εἷπε,
1163 317 1231 344 Θεοῦ
1259 317 1340 343 αὐτὸν
1362 316 1430 343 εἶναι
1452 317 1574 343 διάκονον
1593 318 1633 348 εἰς
1653 317 1682 343 τὸ
1698 316 1825 351 ἀγαθὸν.

1028 365 1069 391 ὅτι
1081 365 1199 391 διακονεῖ
1210 364 1242 398 τῇ
1258 362 1337 398 βουλῇ
1353 362 1398 388 τοῦ
1414 362 1493 395 Θεοῦ,
1507 364 1570 393 τοὺς
1595 362 1712 396 ἀγαθοὺς
1733 363 1827 388 ἐπαι-

1029 410 1092 442 νῶν,
1109 409 1235 440 καὶτοὺς
1257 409 1359 440 κακοὺς
1381 408 1516 440 κολάζων,
1536 409 1574 439 ὡς
1593 410 1606 435 ὁ
1627 409 1693 439 Θεὸς
1714 409 1827 443 ὁμοίως

1030 454 1111 479 ποιεῖ.
1146 453 1194 479 Ἐκ
1216 452 1243 478 δὲ
1268 452 1361 479 τούτου
1383 453 1424 483 εἰς
1452 453 1554 486 ἀγαθόν
1573 461 1602 479 σε
1629 453 1744 479 συνωθεῖ
1768 453 1827 479 καὶ

1031 498 1190 533 προτρέπει.
1207 497 1292 523 Τοῦτο
1305 497 1359 532 γὰρ
1371 497 1456 531 λέγει·
1477 498 1573 524 «Ἔστι
1586 506 1626 524 σοι
1641 499 1681 529 εἰς
1702 498 1733 524 τὸ
1747 498 1825 530 ἀγα·

1032 541 1254 578 ϐάν.)-ῘΦΩΤ.]
1273 543 1328 569 Καὶ
1344 543 1394 574 σοὶ,
1419 543 1511 578 φησὶν,
1525 543 1582 569 ἐστι
1596 543 1719 573 διάκονος
1733 544 1776 573 εἰς
1787 542 1824 568 τὸ

1032 587 1144 621 ἀγαθὸν,
1170 588 1215 614 τοῦ
1230 588 1297 614 Θεοῦ
1316 588 1436 623 δηλονότι
1452 589 1575 620 διάκονος
1591 589 1731 623 ὑπάρχων.
1755 587 1824 618 Πῶς

1033 634 1060 660 δέ
1076 634 1133 660 ἐστι
1147 642 1186 660 σοι
1201 633 1339 666 διάκονος;
1363 633 1475 660 κωλύων
1489 634 1553 665 τοὺς
1575 635 1686 665 κακοὺς.
1706 633 1754 660 καὶ
1769 633 1826 668 τὴν

1034 679 1081 706 ἀπ’
1101 679 1189 705 αὐτῶν
1215 679 1317 714 βλάϐην
1345 688 1385 706 σοι
1412 680 1621 714 ἀφαιρούμενος,
1651 680 1699 706 καὶ
1725 679 1827 706 ἄδειαν

1035 724 1162 760 παρέχων
1179 725 1218 756 εἰς
1231 726 1260 751 τὸ
1274 727 1360 751 ποιεῖν
1376 734 1406 752 σε
1422 725 1452 752 τὸ
1471 725 1582 760 ἀγαθόν.
1599 727 1724 751 Διακονεῖ
1735 726 1763 751 δέ
1779 733 1828 751 σοι

1035 771 1074 802 εἰς
1090 771 1118 797 τὸ
1134 771 1246 804 ἀγαθὸν,
1273 772 1320 798 καὶ
1336 772 1400 798 ὅταν
1425 780 1454 797 σε
1475 772 1522 797 ἐπὶ
1542 772 1597 803 τοῖς
1617 772 1710 802 κακοῖς
1735 771 1826 804 φοϐῇ.

1037 816 1197 843 ἀνακόπτων
1217 825 1246 842 σε
1264 816 1377 848 ἐκεῖθεν,
1394 817 1441 843 καὶ
1457 817 1675 851 προτρεπόμενος
1691 816 1734 841 ἐπ’
1754 815 1828 849 ἀρε-

201 872 234 891 ac
247 864 410 898 suscipiens.
426 865 458 890 ad
472 865 524 891 hoc
540 864 626 898 ipsum
640 864 809 890 exhortatur.
825 873 834 888 ‹
848 863 876 890 Si
893 868 984 890 autem

1059 863 1096 897 ἣν.
1111 863 1172 889 Ἔτι
1195 862 1223 888 δὲ
1248 863 1295 888 καὶ
1310 862 1398 896 τιμῶν
1413 862 1461 888 καὶ
1475 862 1684 896 ἀποδεχόμενος,
1700 861 1826 895 προτρέ-

201 909 273 944 quod
288 910 387 936 malum
400 916 440 936 est
449 909 557 941 feceris,
570 910 644 935 time.
662 919 670 934 ι
688 909 781 942 Itaque
793 909 918 943 princeps
932 916 986 935 non

201 959 243 981 est
259 962 340 981 causa
357 954 473 984 timoris.
488 954 534 980 sed
550 954 650 979 malum
665 960 735 987 opus
748 958 795 980 aut
812 953 899 988 ipsum
918 954 988 980 male

202 1000 320 1035 operari.
339 1009 347 1024 ι
359 1000 418 1026 Non
433 1000 506 1026 enim
523 999 622 1026 frustra
638 999 757 1033 gladium
771 1003 866 1033 gestat.
884 1008 892 1024 ι
907 998 989 1025 Vides

203 1046 339 1080 quomodo
353 1051 381 1072 et
391 1045 531 1072 subditum
546 1045 674 1072 terrtterit
687 1049 714 1071 et
730 1045 882 1079 principem
903 1053 990 1071 arma-

202 1092 274 1118 verit
289 1091 299 1117 ?
316 1090 381 1117 Nam
395 1091 441 1117 Dei
455 1091 579 1118 minister
590 1096 641 1117 est.
657 1089 707 1123 Qui
721 1091 793 1117 enim
809 1091 879 1117 male
895 1091 990 1117 viven-

203 1141 245 1162 tes
265 1136 353 1170 punit.
371 1136 424 1163 Deo
442 1136 579 1162 mini-[rat
594 1136 626 1163 ad
647 1136 726 1162 iram.
751 1135 827 1163 Sicut
851 1136 990 1162 ministrat

206 1181 260 1208 Deo
284 1182 397 1208 laudans
414 1182 501 1208 bonos
517 1202 524 1212 ,
543 1182 578 1208 ita
598 1187 624 1208 et
644 1182 760 1217 puniens
782 1180 880 1214 malos:
906 1181 989 1209 Deam

205 1226 337 1258 imitri-ur,
355 1226 531 1254 iratusmalis
546 1230 647 1262 eosque
668 1228 792 1262 puniens.
815 1228 842 1254 Si
859 1228 930 1254 enitn
943 1228 990 1254 Dei

202 1273 331 1299 minister
346 1277 398 1304 est,
411 1273 432 1299 si
452 1273 559 1299 Iaudem
576 1273 690 1300 babebis
701 1281 734 1300 ex
748 1273 792 1299 illa
808 1281 814 1299 :
831 1280 883 1299 non
902 1273 990 1299 solum

205 1322 311 1352 oportet
324 1323 436 1353 propter
447 1319 514 1345 iram
527 1326 587 1352 quae
601 1326 633 1344 ex
645 1326 676 1345 ea
690 1319 991 1353 adversusdelinquen-

208 1367 260 1389 tem
273 1364 460 1398 consequitur.
473 1364 553 1390 subdi
569 1363 618 1394 illi,
632 1365 678 1390 sed
692 1364 776 1390 multo
791 1365 876 1399 magis
890 1372 990 1392 conve-

207 1409 247 1436 nit
261 1414 388 1444 tanquam
404 1410 450 1436 Dei
471 1409 638 1441 ministrum,
651 1414 678 1436 et
692 1415 818 1444 tanquam
832 1411 991 1438 collaudan-

206 1459 261 1482 tcm
274 1459 300 1482 et
312 1456 346 1482 ad
360 1456 487 1482 virtutem
499 1459 672 1482 exercentem
690 1455 795 1482 ltonore
811 1456 920 1492 dignum
941 1457 992 1484 du-

207 1508 278 1528 cere.
307 1501 388 1536 376
413 1501 521 1527 Etenim
545 1501 567 1527 si
596 1501 678 1528 etiam
715 1502 807 1528 nullus
837 1507 909 1529 esset
933 1504 992 1538 ejus

208 1546 300 1578 timor,
316 1551 446 1580 provocat
464 1551 552 1573 tanten
564 1547 730 1574 conscientia
746 1551 775 1573 ut
790 1548 952 1575 obediamus
963 1556 995 1576 ac

209 1590 396 1624 subjiciamur.
423 1590 513 1623 Quare
535 1599 646 1619 necesse
675 1592 784 1627 subjici.
811 1593 927 1620 Necesse
954 1598 996 1621 est

209 1634 303 1668 igitur,
322 1635 419 1670 inquit,
439 1636 610 1670 principibus
628 1637 737 1671 subjici,
753 1645 808 1664 non
826 1638 914 1664 solum
934 1647 997 1673 pro-

209 1685 271 1714 pter
295 1680 363 1707 iram
387 1681 444 1712 Dei.
466 1690 527 1716 quat
547 1684 678 1711 adversus
695 1685 755 1712 illis
770 1691 933 1720 provocatur
949 1687 995 1721 qui

210 1733 264 1751 non
279 1726 436 1754 subduntur
449 1729 587 1762 potestati.
615 1739 624 1754 ι
641 1730 693 1757 Sed
708 1731 789 1757 etiam
805 1736 916 1766 propter
932 1740 998 1759 con-

211 1769 366 1797 scientiam.
385 1781 393 1796 D
414 1771 470 1798 [loc
485 1777 537 1805 est,
551 1781 584 1800 ne
600 1774 720 1801 videaris
735 1775 902 1803 conscientia
922 1784 999 1804 care-

211 1821 252 1844 rc,
265 1818 291 1840 et
308 1815 431 1849 ingratus
445 1824 475 1844 ac
491 1818 612 1851 perlidus
626 1826 696 1850 esse,
711 1820 756 1854 qui
774 1820 844 1847 bene
857 1822 888 1848 de
905 1826 930 1848 te
942 1830 999 1849 me-

211 1859 266 1886 rito
286 1867 317 1887 ac
331 1860 377 1887 Dei
396 1862 522 1889 ministro
545 1871 598 1890 non
611 1864 748 1892 subdaris.
765 1866 893 1894 Plurimis
912 1867 998 1901 siqui-

211 1903 273 1931 dem
299 1904 440 1933 beneﬁciis
465 1906 586 1935 atliciunt
606 1916 655 1936 nos
677 1910 837 1944 principes:
863 1919 924 1938 nam
951 1920 999 1946 per

211 1957 260 1977 eos
275 1951 329 1976 vita
345 1956 437 1978 nostra
451 1953 576 1980 consistit
595 1962 602 1980 :
619 1962 652 1981 eo
668 1957 739 1989 quod
760 1956 813 1983 nisi
827 1957 878 1991 ipsi
896 1962 998 1987 essent.

212 1996 304 2022 omnia
327 1997 466 2030 perirent:
481 1998 514 2025 iis
533 1999 579 2032 qui
596 2002 764 2033 potentiores
785 2006 860 2034 sunt,
883 2002 999 2036 piscium

213 2040 240 2066 in
257 2041 377 2073 modum,
395 2043 515 2070 minores
529 2044 735 2072 devorantibus.
761 2055 769 2071 ι
786 2046 874 2073 Etiam
889 2052 1000 2081 propter

213 2086 421 2114 conscientiam.
445 2097 454 2113 ι
475 2088 590 2122 Propter
604 2089 671 2116 iram
687 2090 809 2124 quidem,
824 2092 899 2126 pravi
919 2093 1001 2119 etiatn

213 2131 337 2159 nolentes
361 2133 539 2160 subduntur:
567 2140 679 2169 propter
704 2136 899 2164 conscientiam
923 2145 999 2169 vero,

1038 914 1083 932 πει
1100 907 1141 937 εἰς
1155 906 1221 932 αὐτὸ
1233 906 1324 933 τοῦτο.
1345 916 1352 932 ι
1372 907 1435 933 Ἐὰν
1453 907 1482 933 δὲ
1498 907 1528 932 τὸ
1549 906 1632 933 κακὸν
1656 906 1755 936 ποιεῖς,
1773 913 1829 938 φο-

1039 952 1114 979 ϐοῦ.)
1131 953 1188 979 Οὐκ
1210 953 1262 988 ἄρα
1284 954 1298 979 ό
1317 953 1406 987 ἄρχων
1424 954 1509 983 αῐτιος
1530 953 1576 979 τοῦ
1596 952 1690 987 φόϐου,
1706 951 1776 978 ἀλλὰ
1794 951 1831 977 τὸ

1040 997 1168 1032 πράττειν
1189 997 1292 1028 κακῶς.
1312 1007 1320 1023 ι
1334 999 1371 1024 υὺ
1393 998 1447 1033 γὰρ
1462 999 1524 1032 εἰκῆ
1550 997 1598 1032 τὴν
1616 997 1755 1032 μάχαιραν
1774 1005 1830 1030 φει-

1041 1043 1108 1077 ρεῖ.»
1134 1042 1214 1077 Ὁρᾷς
1232 1043 1290 1074 πῶς
1312 1042 1428 1077 ἐφόϐησε
1451 1044 1500 1076 μὲν
1531 1042 1576 1068 τὸν
1599 1042 1729 1076 ὑπήκοον,
1756 1042 1831 1067 καῦ-

1040 1089 1142 1115 ὠπλισε
1156 1089 1183 1114 δὲ
1194 1088 1237 1114 τὸν
1255 1089 1390 1123 ἄρχοντα;
1409 1088 1477 1114 Θεοῦ
1489 1089 1542 1124 γὰρ
1557 1088 1680 1119 διάκονός
1693 1089 1779 1114 ἐστιν.
1795 1087 1829 1113 ’0

1040 1135 1093 1168 γὰρ
1113 1133 1175 1165 τοὺς
1198 1134 1289 1166 κακῶς
1311 1133 1437 1168 βιοῦντας
1457 1133 1671 1168 τιμωρούμενος,
1689 1132 1749 1167 Θεῴ
1763 1133 1829 1158 δια-

1041 1181 1113 1207 κονεῖ
1127 1182 1166 1211 εἰς
1192 1181 1286 1215 ὀργήν.
1305 1181 1401 1211 Καθὼς
1430 1181 1548 1207 διακονεί
1569 1180 1608 1214 τῷ
1627 1179 1687 1214 Θεῷ
1701 1179 1829 1206 ἐπαινῶν

1041 1226 1102 1257 τοὺς
1117 1226 1245 1259 ἀγαθοὺς,
1268 1226 1354 1256 οὕτως
1374 1227 1437 1258 τοὺς
1455 1227 1556 1257 κακοὺς
1572 1225 1705 1257 κολὰζιιιν,
1734 1226 1832 1259 μιμεῖ-

1041 1279 1085 1297 ται
1104 1271 1180 1302 Θεὸν,
1209 1271 1385 1307 ὀργιζόμενος
1410 1273 1466 1304 τοῖς
1491 1273 1618 1306 πονηροῖς
1643 1273 1690 1298 καὶ
1702 1271 1831 1303 κολάζων

1042 1317 1149 1347 αὑτούέ.
1164 1317 1194 1343 Et
1209 1317 1261 1352 γὰρ
1278 1317 1400 1346 διάκονός
1419 1319 1476 1343 ἐστι
1495 1317 1574 1350 Θεοῦ,
1587 1318 1611 1343 εἰ
1631 1316 1741 1343 ἔπαινον
1755 1316 1833 1347 ἕξεις

1043 1363 1073 1395 ἐξ
1089 1364 1184 1397 aiax-71;,
1201 1364 1231 1389 οὑ
1253 1363 1331 1398 μόνον
1347 1363 1386 1389 δεῖ
1400 1363 1443 1390 διὰ
1456 1363 1505 1398 τὴν
1530 1363 1559 1395 ἐξ
1574 1363 1658 1397 αὐτῆς
1676 1363 1763 1396 ὀργὴν
1783 1363 1832 1393 ἑγ-

1042 1410 1187 1443 γινομένην
1207 1410 1263 1440 τοῖς
1286 1409 1503 1443 ἁμαρτάνουσιν,
1530 1408 1727 1435 ὑποτάσσεσθαι
1746 1408 1832 1442 αὐτῇ,

1043 1455 1111 1482 ἀλλά
1135 1463 1166 1488 γε
1191 1455 1258 1482 πολὺ
1285 1455 1383 1489 μᾶλλον
1408 1456 1551 1490 προσήκει,
1578 1455 1624 1481 καὶ
1652 1454 1689 1486 ὼ;
1704 1454 1832 1481 διάκονον

1044 1499 1122 1531 Θεοῦ,
1138 1499 1230 1530 miti);
1244 1499 1407 1526 ἐπαινοῦσαν
1420 1500 1466 1525 καὶ
1487 1499 1683 1533 ἐπαλείφουσαν
1701 1499 1744 1525 ἐπ’
1763 1500 1832 1533 ἀρε-

1044 1547 1104 1580 τὴν,
1121 1547 1204 1580 τιμῆς
1218 1546 1300 1581 αὐτὴν
1314 1545 1414 1577 ἀξιοῦν.
1429 1547 1482 1572 Καὶ
1497 1546 1551 1581 γὰρ
1563 1546 1615 1572 κᾶν
1637 1543 1760 1581 μηδεὶςῇ
1779 1546 1832 1579 φό-

1046 1592 1091 1623 ϐος
1106 1592 1184 1630 atati}.
1202 1592 1218 1626 ὴ
1233 1592 1383 1626 συνείδησις
1403 1593 1443 1622 εἰς
1466 1593 1589 1625 ὑπακοὴν
1603 1591 1686 1626 αὐτῆς
1701 1591 1749 1617 καὶ
1764 1591 1834 1617 ὑπο-

1046 1639 1132 1673 σαγὴν
1167 1638 1359 1672 προτρέπεται.
1389 1638 1435 1664 Διὸ
1475 1638 1581 1672 ἀνάγκη
1615 1637 1831 1664 ὑποτάσσεσθαι.

1052 1684 1170 1718 ’Λνάγκη
1183 1681 1240 1715 οὖν,
1255 1684 1331 1718 φησι,
1342 1685 1399 1714 τοῖς
1416 1683 1544 1718 ἄρχουσιν
1569 1683 1779 1713 ὑποτάσσεσθαι,
1799 1684 1832 1709 οὐ

1049 1730 1128 1764 μόνον
1143 1729 1186 1756 διὰ
1198 1730 1247 1763 τὴν
1259 1729 1344 1764 ὀργὴν
1356 1728 1402 1755 τοῦ
1417 1729 1483 1755 Θεοῦ
1495 1728 1543 1764 τὴν
1558 1729 1628 1755 κατὰ
1641 1729 1694 1755 τῶν
1709 1729 1747 1764 μὴ
1765 1729 1834 1755 ὑπη-

1046 1777 1220 1809 τασσομένων
1242 1776 1275 1810 τῇ
1300 1775 1370 1810 ἀρχῇ
1397 1775 1554 1810 γινομένην,
1583 1784 1593 1800 ε
1610 1775 1690 1802 Ἀλλὰ
1715 1776 1765 1801 καὶ
1788 1776 1834 1802 διὰ

1047 1821 1095 1855 τὴν
1107 1820 1269 1853 συνείδησιν.
1286 1828 1296 1845 ο
1314 1820 1469 1852 Τουτέστιν,
1494 1820 1537 1846 ἵνα
1563 1820 1600 1855 μὴ
1618 1820 1696 1856 δόξῃς
1722 1821 1834 1846 (15'2st-

1047 1868 1126 1902 δητός
1139 1876 1179 1898 τις
1193 1866 1261 1894 εἶναι
1276 1868 1322 1893 καὶ
1340 1868 1485 1901 ἀγνώμων,
1513 1867 1553 1901 τῷ
1578 1868 1710 1902 εὐεργέτῃ
1730 1869 1778 1894 καὶ
1794 1868 1834 1899 τῷ

1048 1912 1163 1948 διακόνῳ
1181 1912 1227 1938 τοῦ
1240 1912 1306 1938 Θεοῦ
1327 1912 1365 1947 μὴ
1380 1912 1607 1947 ὑποτασσόμενος.
1630 1912 1763 1945 Μεγάλως
1778 1912 1833 1947 γὰρ

1050 1958 1239 1993 εὐεργετοῦσιν
1258 1958 1331 1993 ἡμᾶς
1357 1959 1381 1984 ot
1405 1958 1544 1993 ἄρχοντες.
1568 1959 1606 1984 Δι’
1631 1958 1720 1984 αὐτῶν
1739 1959 1795 1994 γὰρ
1819 1959 1834 1983 ὁ

1051 2003 1107 2038 βίος
1121 2003 1199 2038 ἡμῶν
1214 2003 1381 2030 συνίσταται.
1401 2003 1445 2034 Ὠς
1464 2004 1529 2037 εἴγε
1550 2004 1587 2038 μὴ
1601 2002 1680 2038 ἦσαν,
1695 2005 1786 2030 πάντα
1800 2003 1834 2030 ἂν

1050 2048 1145 2083 ᾣχετο,
1158 2049 1212 2074 τῶν
1226 2049 1418 2085 δυνατωτέρων
1442 2051 1504 2079 τοὺς
1526 2050 1733 2084 ἀσθενεστέρους
1749 2058 1834 2076 κατα-

1051 2094 1194 2125 πινόντων,
1213 2094 1290 2128 δίκην
1308 2094 1417 2128 ἰχθύων.
1439 2104 1448 2119 ἰ
1464 2095 1518 2121 Καὶ
1528 2095 1569 2121 διὰ
1581 2095 1629 2129 τὴν
1643 2094 1805 2128 συνείδησιν.
1821 2104 1829 2119 ι

1051 2139 1101 2165 Διὰ
1119 2140 1168 2174 μὲν
1193 2139 1241 2174 τὴν
1259 2140 1355 2174 ὀργὴν,
1369 2141 1392 2166 οἱ
1410 2139 1505 2174 φαῦλοι
1523 2141 1569 2166 καὶ
1581 2140 1619 2175 μὴ
1634 2140 1754 2171 θέλοντες
1769 2140 1834 2166 ὑπο-

214 2177 261 2210 qui
281 2178 359 2211 probi
376 2183 439 2205 sunt
463 2185 559 2214 sponte
578 2180 658 2208 subdi
684 2182 896 2210 debentetcum
918 2183 988 2210 attint

1059 2187 1208 2216 τάσσονται,
1237 2185 1281 2211 διὰ
1305 2185 1333 2210 δὲ
1356 2185 1405 2220 τὴν
1430 2185 1601 2220 συνείδησιν,
1628 2185 1780 2219 ὀφείλουσιν
1811 2186 1834 2212 οἱ

213 2222 363 2250 alacritate.

249 2322 316 2349 Xlll.
330 2323 346 2349 ὃ
363 2323 388 2349 8.
404 2323 538 2359 Siquidem
554 2327 635 2353 etiam
650 2330 757 2362 propter
771 2328 818 2355 hoc
834 2329 931 2356 tributa
945 2329 1000 2356 sol-

213 2369 281 2395 vitis.
305 2368 374 2395 Nam
397 2371 511 2397 ministri
528 2371 576 2397 Dei
588 2377 660 2404 sunt,
677 2373 704 2399 in
727 2374 774 2399 hoc
789 2375 876 2409 ipsum
898 2375 1002 2401 incum-

214 2415 312 2439 bentes.
331 2413 440 2440 Reddite
456 2424 518 2450 ergo
538 2418 657 2444 omnibus
676 2418 761 2445 debila
774 2427 783 2445 :
802 2420 843 2445 cui
864 2420 1000 2452 tributum,

214 2459 359 2490 tributum;
376 2460 416 2486 cui
426 2462 547 2496 vectigal,
559 2463 690 2498 vectigal;
703 2465 745 2490 cui
760 2465 847 2495 timor,
863 2465 1001 2492 timorem:

214 2504 257 2530 cui
269 2505 361 2536 honor,
384 2505 518 2533 honorem.
533 2507 639 2534 Nemini
651 2509 795 2544 quidquam
809 2509 931 2541 debeatis,
954 2510 1004 2535 nisi

214 2550 260 2576 Itoc
277 2553 304 2576 ut
316 2558 360 2577 vos
377 2559 467 2578 mutuo
483 2552 611 2588 diligatis.

249 2640 284 2668 Et
298 2641 376 2673 adeo,
396 2642 496 2676 inquit,
511 2651 606 2669 verum
621 2648 663 2670 est
674 2643 746 2677 quod
758 2632 919 2670 beneﬁcium
932 2650 1002 2678 pra:-

215 2691 288 2714 stent
304 2691 463 2721 potestates,
478 2688 550 2722 quod
570 2689 632 2715 ideo
644 2689 727 2715 etiam
741 2688 842 2715 tributa
865 2689 1002 2722 penditis:

216 2738 344 2766 tanquam
365 2734 575 2768 gubernationis
597 2741 627 2760 ac
653 2734 830 2768 providentia:
853 2735 1003 2762 mercedem

217 2778 380 2812 praebentes.
397 2788 406 2804 ε
420 2779 486 2806 Nam
502 2779 620 2805 ministri
636 2779 684 2805 Dei
698 2783 772 2806 sttnt.
793 2788 801 2804 ›
820 2779 875 2806 lloc
892 2785 942 2811 est,
957 2780 1004 2806 Dei

217 2822 320 2850 subditi
335 2827 362 2850 et
381 2824 408 2850 in
424 2825 476 2852 hoc
493 2824 550 2852 Deo
565 2824 754 2852 ministrantes
772 2835 778 2852 ;
796 2830 826 2853 ut
848 2826 930 2852 vestri
956 2834 1004 2852 ru-

1052 2232 1191 2258 σπουδαῖιι
1221 2231 1329 2260 ἑκόντες
1364 2231 1412 2257 καὶ
1439 2231 1487 2258 σὺν
1521 2231 1658 2266 προθυμίᾳ
1685 2232 1834 2259 ὑποτάσσε-

1052 2277 1124 2303 σθαι.

1088 2322 1138 2349 Διὰ
1150 2322 1237 2348 τοῦτο
1254 2321 1308 2356 γὰρ
1330 2322 1378 2348 καὶ
1401 2323 1513 2357 φόρους
1528 2321 1649 2350 τελεῖτε.
1665 2323 1835 2358 Λειτοιιρπυι

1053 2370 1107 2403 γὰρ
1123 2369 1196 2395 Θεοῦ
1212 2369 1302 2399 εΙσὶν,
1317 2370 1360 2401 εὶς
1378 2369 1450 2395 αὐτὸ
1473 2369 1561 2396 τοῦτο
1576 2370 1834 2403 προσκαρτεροῦν-

1052 2422 1111 2446 τες.
1132 2414 1268 2440 Ἀπόδοτε
1282 2412 1338 2440 οὖν
1353 2414 1427 2440 πᾶσι
1443 2414 1496 2447 τὰς
1511 2415 1643 2448 ὀρειλὰς,
1659 2413 1698 2446 τῷ
1711 2415 1766 2440 τὸν
1784 2415 1836 2448 φό-

1049 2468 1116 2494 ρον,
1147 2459 1199 2485 τὸν
1225 2461 1328 2493 ρφον,
1355 2459 1395 2491 τῷ
1413 2460 1465 2486 τᾶν
1484 2461 1588 2493 φόϐον,
1605 2461 1658 2486 τὸν
1674 2461 1780 2494 φόϐον,
1799 2459 1835 2492 τῷ

1053 2504 1086 2531 τὸ
1102 2504 1198 2536 τέλος,
1220 2504 1253 2530 τὸ
1279 2505 1374 2536 τέλος,
1397 2504 1435 2537 τῷ
1452 2505 1509 2538 τὴν
1535 2506 1634 2539 τιμὴν,
1657 2504 1714 2538 τὴν
1737 2506 1834 2539 τιμήν.

1054 2550 1164 2584 Μηδενὶ
1177 2551 1272 2585 μηδὲν
1292 2551 1436 2585 ὀφείλετε,
1451 2553 1478 2577 ει
1494 2551 1537 2585 μὴ
1561 2552 1594 2578 τὸ
1608 2549 1728 2586 ἀγαπᾷν
1745 2551 1836 2584 ἀλ.ἰή-

1054 2597 1138 2628 λους.

1093 2642 1147 2668 Καὶ
1173 2641 1310 2674 τοσοῦτον,
1340 2641 1431 2676 φησὶν,
1451 2643 1642 2676 εὐεργετοῦσιν
1665 2643 1692 2668 αἱ
1707 2642 1834 2674 ἐξουσίαι,

1056 2687 1097 2713 ὅτι
1114 2687 1161 2713 καὶ
1184 2688 1284 2721 φόρους
1301 2686 1422 2719 τελεῖτε,
1450 2687 1544 2721 μισθὸν
1569 2687 1664 2722 ὥσπερ
1687 2689 1736 2721 τῆς
1758 2688 1835 2721 κηδε-

1058 2733 1149 2767 μονίας
1167 2733 1214 2758 καὶ
1237 2734 1285 2766 τῆς
1308 2733 1435 2766 προνοίας
1453 2733 1629 2767 παρέχοντες.
1653 2743 1662 2758 ι
1677 2733 1834 2767 Λοιτουργοὶ

1057 2779 1110 2812 γὰρ
1125 2777 1193 2804 Θεοῦ
1207 2778 1287 2803 εἰσι.»
1312 2778 1468 2811 Τουτέστιν,
1483 2779 1616 2814 ὑπουργοὶ
1629 2779 1697 2805 Θεοῦ
1718 2780 1765 2805 καὶ
1781 2779 1836 2804 λε.-

1058 2824 1236 2859 τουργοῦντες
1251 2824 1308 2858 Θεῷ
1321 2825 1359 2856 εἰς
1374 2826 1404 2851 τὸ
1418 2825 1569 2859 φροντίζειν
1583 2824 1660 2861 ἡμῶν
1678 2825 1716 2856 ὡς
1732 2826 1746 2851 ὁ
1764 2825 1834 2855 Θεός.
