1889 3055
65 164 120 196 585

592 163 782 195 COMMENT.
803 162 842 192 IN
858 162 978 193 EPIST.
1001 165 1049 194 AD
1068 165 1162 196 ROM.

1638 164 1691 197 586

66 229 128 256 νης,
144 221 192 248 καὶ
210 219 311 251 παντὸς
331 219 478 255 προσώπου
492 221 731 255 περιαιρούμενον,
745 221 792 248 καὶ
806 220 851 255 τῆς

909 224 995 249 stersa
1009 231 1016 255 ;
1033 227 1060 249 et
1071 222 1187 257 caligine
1195 229 1256 257 quin
1264 221 1478 257 cogitationibus
1488 221 1690 250 obtendebatur

65 265 289 301 ἐπιπροσθούσης
304 265 402 300 ἀχλύος
427 265 483 296 τοῖς
498 265 639 300 λογισμοῖς
648 265 852 301 ἐκκαθαιρομέ-

66 321 127 346 νης.
143 311 303 346 Συνετμήοη
318 308 376 342 οὖν,
387 311 508 346 φησὶν,ή
524 309 581 344 νὺξ,
601 311 751 345 τουτέστιν,
769 311 783 338 ό
798 311 854 346 βίος

64 359 158 393 ἡμῶν,
189 357 238 383 καὶ
262 357 366 391 ἐγγίζει
389 357 419 383 τὸ
446 356 535 389 τέλος,
555 357 617 392 ἦτοι
647 358 663 392 ἡ
691 358 783 393 ἡμέρα
802 358 853 393 ήδη

66 403 214 438 πλησιάζει
228 402 279 437 τῆς
286 402 415 438 τελευτῆς
432 402 481 429 καὶ
493 403 545 437 τῆς
564 403 782 436 άνταποδόςεως.
793 404 853 438 Χρὴ

65 449 110 476 οὖν
122 450 172 475 καὶ
181 449 226 476 διὰ
244 448 331 475 ταῦτα
351 450 442 475 πᾶσαν
457 448 568 483 ἐντολὴν
587 449 736 484 προθύμως
765 450 853 476 ἐπιτε-

65 495 132 526 λεῖν,
143 495 258 529 ἀγαπᾷν
270 494 410 530 ἀλλήλους,
425 494 579 521 ἀποδιδόναι
592 495 658 521 πᾶσι
671 494 719 526 τὰς
732 495 853 529 ὀφειλάς,

66 539 270 566 ὑποτάσσεσθαι
298 539 358 570 ταῖς
376 539 484 574 ἀρχαῖς.
513 539 568 566 Καὶ
586 538 641 574 γὰρ
673 539 720 566 καὶ
733 539 824 574 ὀλίγος
839 540 854 565 ὁ

66 585 149 616 πόνος
161 585 222 620 ήδη,
235 584 286 611 οὐκ
301 585 341 615 εις
362 585 449 619 μῆκος
468 585 492 612 οί
510 585 626 619 ἀγῶνες,
651 585 679 612 et
692 595 719 612 τι
733 587 780 612 καὶ
799 586 854 613 δέοι

65 629 267 663 ἀγωνίσασθαι.
297 629 475 657 ὲκτείνονται.
493 630 584 666 Βρσχὺ
605 630 660 666 γὰρ
677 630 737 657 λίαν
757 631 853 665 γέγονε

66 676 97 701 τὸ
111 675 221 702 στάδιον
236 676 286 710 τῆς
303 675 376 709 ζωῆς
388 675 478 709 ὴμῶν.
498 676 601 710 Μηδεὶς
612 675 740 709 ὸκνείτω,
753 676 854 708 πάντες

66 720 273 755 σπουδάσωμεν.
288 729 297 745 ι
319 720 389 754 Ὦρα
405 721 478 755 ἡμᾶς
493 721 555 756 ἤδη.
576 730 585 747 ι
604 721 712 755 Ἑγγῦς,
732 722 809 756 φησὶ,
824 721 854 748 τὸ

66 765 154 797 τέλος,
172 766 221 792 καὶ
237 765 276 792 δεῖ
290 766 364 800 ἡμᾶς
378 766 538 800 ἐπείγεσθαι
551 767 590 798 εἰς
608 767 658 802 τὴν
674 766 728 793 τῶν
743 767 854 802 ἀγαθῶν

65 812 157 847 ἔργων
172 811 315 847 ἐργασίαν.
335 820 345 837 ι
370 811 415 844 Ἐξ
434 810 519 839 ὕπνου
536 811 693 847 ἐγερθῆναι.
711 821 721 838 ι
733 811 789 847 Τῆς
803 814 853 848 ρᾳ-

66 857 169 892 θυμίας
194 857 356 891 ἀναστῆναι.
374 866 382 882 ι
402 856 460 884 Νῦν
495 858 550 893 γὰρ
579 858 727 893 ἐγγύτερον
742 859 822 893 ἡμῶν
838 860 854 893 ἠ

906 272 1065 302 expurgata.
1088 267 1181 303 Itaque
1210 268 1381 301 abbreviata,
1409 267 1509 302 inquit,
1523 272 1566 295 est
1580 271 1645 301 nox,
1663 269 1689 296 id

905 317 959 345 est,
979 313 1035 340 vita
1057 318 1152 340 nostra
1171 321 1203 341 ac
1225 313 1288 341 finis
1310 321 1397 349 prope
1413 317 1456 341 est
1474 321 1481 339 :
1499 313 1552 340 hoc
1562 318 1614 345 est,
1631 314 1690 341 dies

889 375 896 382 ι
905 358 960 393 jam
979 359 1184 394 appropinquat
1207 359 1305 387 mortis
1318 367 1350 387 ac
1362 359 1564 386 retributionis.
1574 358 1690 394 Oportet

906 404 990 440 igitur
1005 405 1076 432 hanc
1089 405 1173 432 etiam
1186 405 1222 432 ob
1232 413 1343 433 causam
1358 410 1484 440 prompto
1507 405 1600 433 animo
1622 413 1691 440 pra»

905 454 1016 486 ceptum
1033 458 1116 478 omne
1131 450 1274 485 perlicere,
1290 451 1405 485 diligere
1424 451 1552 482 invicem.
1575 450 1691 478 reddere

905 494 1035 522 omnibus
1052 494 1156 527 debita,
1167 493 1248 522 subdi
1267 494 1460 529 potestatibus.
1474 494 1617 529 Siquidem
1629 502 1690 529 par—

906 546 958 566 vus
980 547 1091 574 quoque
1107 547 1182 566 nunc
1200 539 1279 566 labor
1305 544 1348 567 est
1362 548 1369 565 :
1387 547 1443 566 non
1457 539 1485 566 in
1501 539 1612 574 longum
1625 547 1690 574 pro-

906 584 1057 611 tenduntur
1074 585 1236 618 certamina,
1252 584 1317 612 licet
1327 585 1468 620 paululum
1479 590 1586 612 certare
1606 593 1690 620 opor-

907 634 973 657 teat.
989 630 1057 658 Nam
1069 630 1217 658 admodum
1229 631 1310 658 breve
1324 630 1426 658 factum
1443 635 1485 658 est
1493 631 1612 659 stadium
1628 632 1690 659 vitae

906 680 1007 703 nostra:
1022 683 1122 703 :nemo
1139 680 1294 708 cunctetur,
1309 684 1405 704 omnes
1423 677 1546 704 studium
1558 675 1690 704 adhibea-

906 728 977 746 mus.
999 729 1008 745 ι
1031 720 1110 753 Quod
1125 720 1193 747 hora
1219 720 1254 748 sit
1270 728 1321 748 nos
1334 721 1400 756 jam.
1417 730 1426 747 ι
1450 720 1478 748 In
1492 722 1628 756 proximo,
1645 722 1688 749 in-

905 766 976 800 quit,
992 771 1035 793 est
1048 766 1121 799 linis,
1133 770 1161 793 et
1174 766 1210 793 ita
1226 773 1276 793 nos
1293 774 1442 801 properare
1459 771 1568 801 oportet
1579 767 1611 794 ad
1625 775 1690 801 ope-

906 813 1039 839 rationem
1050 811 1186 839 honorum
1194 819 1320 846 operum.
1335 820 1344 836 ι
1359 813 1379 837 Δ
1392 812 1658 846 somnoexpergisci.
1679 822 1687 838 ι

906 856 928 882 Α
945 856 1060 891 segnitie
1083 863 1243 891 exsurgere.
1268 865 1278 882 ι
1303 855 1382 883 Nunc
1412 855 1486 882 enim
1513 857 1626 891 propior
1649 862 1691 884 est

68 904 204 938 σωτηρία.
222 902 299 929 »Τοῦ
317 903 372 937 γὰρ
401 903 535 938 παρόντος
563 903 622 938 βίου
651 904 851 940 ὁποσυρομένοι

909 907 1002 929 nostra
1034 901 1118 928 salus.
1138 911 1147 928 ι
1175 902 1332 929 Praesertim
1367 901 1440 936 quod
1467 902 1523 929 vita
1547 902 1689 937 paululum

66 948 139 975 κατὰ
159 948 268 984 μικρὸν,
290 948 437 985 ιγγύτερος
449 950 462 975 ὁ
476 949 526 984 τῆς
535 949 713 981 ἀναστάσεως
741 950 789 978 καὶ
802 951 853 986 τῆς

65 994 206 1030 σωτηρίας
223 994 302 1029 ὴμῶν
310 994 414 1028 γίνεται
425 995 532 1030 καιρδς,
550 996 622 1030 παρῦ
633 996 677 1022 ὅτε
695 996 744 1030 τὴν
761 997 852 1032 ἀρχὴν

65 1039 186 1075 ῆλθομεν
202 1041 243 1071 εἰς
259 1039 307 1076 τὴν
324 1040 425 1067 πίστιν.
445 1049 454 1066 ι
481 1040 511 1067 Ἦ
523 1041 654 1076 σωτηρία.
673 1051 683 1068 ι
707 1042 769 1068 Ἐὰν
780 1039 854 1078 ὦμεν

65 1085 103 1117 ὡς
118 1085 160 1111 δεῖ
174 1084 443 1120 παρεσκευασμένοι,
459 1086 593 1121 σωτήριος
612 1087 678 1122 ἡμῖν
693 1086 794 1123 ἔσταιὴ
805 1088 854 1123 τῆς

65 1130 184 1164 κρίσεως
199 1129 307 1164 ἡμέρα·
326 1129 379 1156 εἰδὲ
404 1129 453 1165 μὴ,
473 1130 603 1165 ὀλέθριος.
619 1131 692 1166 Πλὴν
721 1132 802 1163 αὖτις
823 1133 854 1158 ἐκ

65 1175 121 1201 τῶν
135 1174 328 1210 χρηστατέρων
339 1174 414 1209 δηλοί
436 1174 485 1210 τὴν
505 1175 614 1210 ἡμέραν
639 1176 757 1211 ἐκείνην.
779 1185 788 1202 ι
819 1177 854 1203 "II

65 1221 111 1247 ὅτε
123 1219 341 1255 ἐπιστεύσαμεν.
362 1230 372 1246 ι
399 1220 479 1252 Εἰκὸς
495 1219 528 1256 ἦν
547 1221 659 1252 τούτους
672 1222 700 1248 έν
713 1222 784 1257 ἀρχῇ
804 1222 853 1257 μὲν

64 1264 104 1295 ὡς
117 1265 233 1300 νεαροὺς
249 1265 330 1298 ζέειν,
344 1264 391 1292 νῦν
404 1265 432 1291 δὲ
445 1264 688 1301 ἀπομεμαράνθαι.
705 1265 791 1292 Τοῦτο
806 1266 853 1292 οὖν

67 1310 228 1342 αἰνίττεται,
240 1310 381 1341 ὁτιὊσον,
395 1311 749 1347 φησὶν,ὲγγύτερονήμῶνή
765 1321 853 1348 σωτη-

68 1355 124 1390 ρία,
141 1356 290 1388 τουτέστιν,
308 1357 322 1383 ὸ
337 1357 385 1392 τῆς
399 1356 516 1392 κρίσεως
529 1357 625 1392 καιρὸς
638 1359 684 1385 καὶ
705 1359 849 1395 σωτήριος,

67 1401 232 1434 σπουδάζειν
245 1401 349 1438 μᾶλλον
366 1402 498 1438 προσήκει
520 1403 536 1438 ἢ
551 1402 693 1439 ῥᾳθυμεῖν.

107 1492 140 1519 Ἡ
154 1491 215 1523 νὺξ
224 1492 406 1527 προέκοψεν,
418 1493 437 1528 ὴ
456 1493 488 1520 δὲ
503 1494 597 1529 ἡμέρα
611 1502 744 1531 ηττικεν.
766 1497 853 1524 Ἀπο-

65 1537 184 1572 θώμεθα
201 1535 257 1565 οὖν
275 1538 310 1565 τὰ
324 1538 396 1574 ἔργα
409 1539 462 1566 τοῦ
484 1541 625 1574 σκότους,
652 1542 702 1569 καί
721 1542 853 1570 ἐνδυσώ-

63 1585 141 1618 μεθα
150 1583 186 1610 τὰ
200 1583 281 1610 ὅπλα
303 1584 356 1611 τοῦ
375 1585 482 1619 φωτὸς,
503 1587 543 1619 ὡς
562 1587 597 1613 ἐν
616 1587 711 1622 ἡμέρᾳ
735 1590 851 1624 εὐσχη-

63 1631 165 1664 μόνως
177 1630 438 1666 περιπατήσωμεν.
465 1632 513 1666 Μὴ
538 1632 646 1667 κώμοις
664 1634 713 1660 καὶ
736 1635 851 1669 μέθαις,

63 1675 107 1710 μὴ
117 1676 232 1709 κοίταις
256 1676 306 1702 καὶ
334 1676 516 1712 ἀσελγείαις,
538 1678 581 1713 μὴ
609 1679 681 1713 ἔριδι
698 1680 745 1707 καὶ
764 1680 850 1714 ζήλῳ.

72 1722 155 1749 Ἀλλ’
164 1723 336 1751 ἐνδύσασθε
345 1724 399 1751 τὸν
409 1725 517 1758 Κύριον
525 1725 643 1758 Ἰησοῦν
650 1727 788 1760 Χριστόν.
797 1727 851 1755 Καὶ

65 1766 122 1802 τῆς
139 1769 252 1803 σαρκὸς
269 1770 414 1803 πρόνοιαν
424 1771 467 1805 μὴ
479 1770 612 1799 ποιεῖσθε
625 1772 669 1804 εις
683 1772 850 1807 ἐπιθυμίας.

106 1823 116 1840 ι
141 1814 174 1841 'H
189 1815 237 1848 νὺξ
253 1815 416 1850 προέκοψεν.
434 1825 443 1841 ι
461 1816 555 1843 Νύκτα
578 1816 623 1843 τὸν
638 1817 759 1852 παρόντα
775 1819 853 1845 καλεί

66 1858 136 1894 βίον.
167 1861 252 1887 Οὐδὲν
282 1861 337 1896 γὰρ
364 1861 511 1896 ὀνειράτων
532 1862 654 1898 διαφέρει
671 1863 706 1890 τὰ
721 1864 750 1890 ὲν
766 1864 850 1900 αὐτῷ.

72 1904 200 1939 Ἦμέραν
211 1905 240 1931 δὲ
255 1905 301 1932 τδν
318 1905 449 1940 μέλλοντα
469 1907 575 1942 χρόνον,
589 1908 634 1934 διὰ
648 1908 677 1934 τὺ
694 1909 728 1935 τὰ
743 1910 852 1944 κρυπτὰ

65 1950 96 1975 ὲν
108 1949 185 1984 αὐτῷ
200 1950 394 1985 φανεροῢσθαι.
419 1960 428 1977 ι
458 1951 636 1986 ’Δποθώμεοα
661 1951 708 1980 οὖν
731 1954 764 1980 τά
784 1954 852 1989 ἔργα

65 1995 115 2022 τοῦ
133 1996 256 2027 σκότους.
278 2005 288 2022 ι
308 1997 397 2032 Ἔργα
427 1997 541 2029 σκότους
562 1999 638 2033 φησὶ,
654 1999 703 2031 τὰς
731 2001 852 2036 πονηρὰς

65 2041 195 2075 πράξεις,
207 2042 278 2069 ὅπλα
290 2043 319 2069 δὲ
336 2043 425 2077 φωτὸς
456 2043 504 2078 τὴν
535 2044 645 2079 ἀρετήν.
669 2044 712 2076 Ὠς
727 2045 776 2080 μὲν
805 2045 852 2072 οὖν

64 2087 148 2120 ὅπλα,
163 2087 359 2123 ἀσφαλίζεται·
373 2089 411 2121 ὡς
429 2089 457 2115 δὲ
474 2089 572 2124 φωτὸς,
599 2089 763 2126 λαμπρύνει.
779 2100 789 2117 ι
809 2091 853 2123 Ὠς

65 2133 97 2160 ὲν
111 2133 206 2169 ἡμέρᾳ
227 2134 415 2169 εὐσχημόνως.
438 2143 447 2160 ι
466 2150 501 2155 -
515 2134 616 2172 [ΦΩΤ.]
641 2136 685 2167 Ὧς
703 2136 753 2171 ἤδη
782 2145 852 2173 παρς

66 2178 163 2213 οὔσης,
188 2179 227 2211 ὡς
247 2180 426 2215 ἐνεστηκυίας
441 2182 490 2216 τῆς
503 2181 563 2208 ὅσον
573 2180 649 2208 οὔπω
665 2182 854 2217 παρεσομένης

67 2227 188 2261 ἡμέρας,
212 2225 284 2254 οὕτω
306 2227 530 2263 πολιτευσώμεθα
556 2228 742 2263 εὐσχημόνως.
774 2229 806 2255 Τί
826 2230 854 2257 δέ
871 2245 893 2273 D

67 2273 126 2299 ἔστι
143 2273 184 2305 τὸ,
199 2281 208 2299 ι
226 2273 420 2309 Εὺσχημόνως,
443 2283 452 2299 ι
475 2273 622 2308 ἑρμηνεύει
642 2274 722 2305 αὐτὸς
734 2275 854 2308 ἐπάγων,

71 2327 81 2343 ι
102 2319 149 2354 Μὴ
162 2318 278 2354 κώμοις,
297 2328 307 2345 ι
323 2320 368 2346 καὶ
382 2319 455 2354 ἑξῆς.
472 2328 481 2345 ι
499 2319 681 2354 Εύσχημόνως
700 2329 710 2345 ι
726 2320 755 2347 δέ
775 2329 853 2354 φησι,

68 2363 128 2392 λίαν
143 2365 293 2399 ἐντρέπων,
315 2366 356 2392 ὅτι
371 2365 395 2391 εί
413 2366 460 2392 καὶ
490 2365 528 2401 μὴ
547 2366 657 2397 κόλασις
681 2363 716 2401 ἦν
742 2367 854 2393 ἀποκει-

70 2409 139 2444 μένη
154 2410 209 2440 τοῖς
228 2410 428 2445 ἁμαρτάνουσι,
446 2411 494 2437 καλ⁸
508 2411 657 2443 ἀπόλαυσις
671 2412 727 2443 τοῖς
755 2419 855 2447 κατορ-

51 2454 173 2487 ιθοῦσιν,
191 2454 244 2480 εδει
258 2455 288 2481 τὸ
304 2456 418 2490 αἰσχρὸν
441 2456 488 2482 καὶ
522 2456 645 2491 ἀπρεπὲς
662 2456 710 2482 καὶ
735 2456 856 2492 ἀσχημο-

68 2499 131 2526 νοῦν
150 2499 313 2535 φεὺγοντας,
332 2500 442 2536 ἔχεσθαι
463 2502 511 2536 τῆς
542 2501 653 2537 ἀρετῆς.
671 2502 735 2528 Ὀτε
761 2502 790 2528 δὲ
810 2503 856 2530 καὶ

68 2547 101 2573 τὰ
116 2546 235 2582 ρηθέντα
250 2547 375 2582 ἐκατέρῳ
394 2547 445 2583 βίῳ
462 2548 614 2580 ἀκολουθεῖ,
627 2547 654 2574 τί
672 2548 726 2584 χρὴ
750 2550 854 2582 ποιεϊνς

72 2602 82 2619 ι
100 2593 348 2628 Περιπατήσωμεν.
373 2603 382 2620 ι
401 2595 475 2620 ΙἈνω
491 2593 608 2630 εἰρηκὼς
621 2594 726 2629 μέλλειν
739 2595 788 2630 τὴν
806 2595 856 2631 τῆς

69 2638 188 2673 κρίσεως
216 2639 332 2673 ἡμέραν,
363 2640 412 2666 νῦν
442 2640 525 2674 αὐτὴν
548 2640 675 2675 ἐφίστησι
692 2640 790 2673 ίπτοῶν
810 2641 856 2668 τὸν

69 2685 219 2720 ἀκροατήν.
237 2680 272 2711 Τὸ
285 2684 325 2716 δὲ,
344 2694 354 2712 ι
389 2686 638 2720 Περιπατὴσωμιν,
669 2695 679 2712 ι
713 2686 854 2722 ἀνεπαχθῆ

70 2732 144 2758 ποιεῖ
154 2731 199 2758 τὸν
213 2731 303 2765 λόγον.
320 2733 376 2758 Καὶ
392 2732 446 2767 γὰρ
462 2732 559 2758 ἑαυτὸν
574 2731 678 2767 ἔμιξεν.
701 2741 710 2758 ι
737 2731 782 2767 Μὴ
797 2732 854 2758 κώ-

71 2785 133 2811 μοις
158 2777 208 2804 καὶ
225 2778 332 2812 μέθαις.
354 2787 363 2802 ι
378 2778 415 2804 Οὐ
443 2778 473 2804 τὸ
492 2778 589 2811 πίνειν,
607 2777 675 2804 ἀλλὰ
685 2777 715 2804 τδ
745 2777 855 2813 μεθύειν

70 2822 184 2849 κωλύει.
200 2822 303 2857 κῶμος
317 2823 345 2849 δέ
361 2823 429 2854 ἔστι,
451 2824 484 2850 τὰ
501 2825 570 2858 μετὰ
583 2823 668 2859 μέθης
688 2824 735 2851 καὶ
749 2823 854 2859 ὕϐρεως

72 2868 193 2904 ᾄσματα,
207 2868 222 2895 ὃ
239 2868 285 2894 καὶ
301 2869 440 2903 παροινία
454 2869 574 2903 λέγεται.
587 2878 596 2894 ι
609 2869 850 2906 Καὶάσιλγείαις.»

231 2926 367 2956 Ριτιιοι..
389 2926 445 2956 (in.
468 2927 609 2959 CXVIII.

907 952 1034 979 retracta,
1062 947 1176 982 propius
1196 948 1316 975 efﬁcitur
1341 952 1449 983 tempus
1478 948 1690 975 resurrectionis

906 1001 939 1021 ac
961 993 1059 1021 salutis
1080 998 1192 1026 nostrze,
1212 1001 1296 1028 quam
1309 998 1367 1020 tum
1383 1001 1447 1020 cum
1460 994 1540 1021 initio
1561 994 1690 1022 venimus

905 1039 938 1066 ad
949 1038 1057 1065 ﬁdem.»
1077 1047 1086 1064 ι
1101 1038 1206 1066 διιιυεη
1218 1038 1395 1070 Siluerimus,
1409 1042 1567 1072 utoportet,
1582 1045 1689 1072 praepa~

906 1085 970 1117 rati,
994 1085 1122 1112 salutaris
1151 1084 1231 1112 nobis
1249 1084 1302 1111 erit
1317 1083 1415 1119 judicii
1430 1084 1489 1111 dies
1506 1093 1512 1110 :
1532 1084 1574 1111 sin
1584 1087 1689 1116 autem,

906 1128 1087 1163 perniciosus.
1096 1129 1117 1156 Α
1128 1129 1362 1156 eommodioribus
1375 1133 1464 1156 tamen
1474 1129 1630 1156 diemillum
1642 1128 1691 1155 de-

906 1175 1040 1202 nominat.
1073 1185 1082 1200 ι
1096 1175 1182 1208 Quam
1204 1180 1261 1201 tum
1278 1183 1340 1202 eum
1356 1174 1545 1202 eredebamus.
1560 1183 1568 1199 ι
1588 1173 1690 1201 νει-ἱείο

906 1221 969 1248 mile
985 1225 1038 1252 est,
1057 1221 1130 1256 quod
1142 1221 1169 1247 hi
1186 1221 1263 1248 initio
1281 1221 1391 1255 quidem
1406 1226 1535 1255 tanquam
1562 1225 1688 1248 recentes

905 1267 933 1293 in
951 1266 1003 1294 ﬁde
1024 1267 1172 1298 fervorem,
1197 1267 1370 1301 postmodum
1387 1275 1452 1293 vero
1469 1267 1687 1302 Ianguescerent.

905 1313 957 1340 hoc
970 1320 1036 1348 ergo
1049 1321 1121 1340 nunc
1137 1313 1255 1340 latenter
1271 1313 1372 1345 innuit,
1384 1319 1415 1339 ac
1431 1313 1452 1340 si
1470 1313 1544 1340 dicat
1560 1322 1566 1339 :
1580 1312 1689 1346 Quanto

905 1358 1088 1394 propinquior
1108 1363 1149 1386 est
1166 1365 1239 1385 nunc
1253 1362 1348 1385 nostra
1369 1358 1454 1390 salus,
1471 1357 1553 1392 380
1566 1357 1618 1385 hoc
1635 1362 1688 1389 est,

901 1405 998 1440 judicii
1011 1405 1071 1432 dies
1086 1404 1226 1437 salutaris,
1241 1404 1327 1439 magis
1341 1403 1488 1439 diligentes
1502 1410 1563 1431 esse
1581 1407 1691 1438 oportet

904 1455 933 1478 et
944 1459 998 1478 non
1017 1458 1115 1486 segnes
1127 1450 1208 1477 elIici.

940 1493 1010 1526 XIII,
1028 1493 1119 1521 12-14.
1132 1493 1190 1521 Nox
1204 1494 1346 1528 praeessit,
1365 1494 1419 1520 dies
1432 1498 1520 1521 autem
1539 1494 1690 1529 appropin-

905 1540 1005 1571 quavit.
1014 1539 1177 1575 Abjiciamus
1189 1539 1269 1574 igitur
1279 1547 1359 1574 opera
1374 1539 1549 1571 tenebrarum,
1558 1543 1582 1566 et
1595 1540 1692 1566 indua-

907 1593 966 1612 mnr
983 1593 1060 1612 arma
1088 1584 1153 1611 lucis
1172 1593 1180 1612 :
1196 1588 1324 1619 tanquam
1345 1584 1372 1610 in
1394 1585 1436 1611 die
1449 1585 1554 1612 honeste
1574 1585 1691 1612 ambule-

908 1640 965 1658 mus
988 1630 1047 1658 Non
1059 1631 1291 1658 comessationibus
1305 1635 1328 1656 et
1342 1631 1523 1663 ebrietatibus,
1545 1639 1597 1658 non
1618 1632 1689 1658 cubi-

907 1676 975 1702 libus
992 1680 1015 1702 et
1034 1676 1198 1707 libidinibus,
1213 1684 1264 1702 non
1275 1676 1441 1702 contentione
1454 1680 1479 1702 et
1500 1676 1667 1704 wmulatione
1680 1685 1690 1709 ;

906 1723 952 1749 sed
963 1722 1104 1749 induimini
1122 1721 1262 1748 Dominum
1282 1721 1372 1748 Iesum
1387 1720 1522 1748 Christum
1537 1729 1547 1754 ;
1560 1726 1583 1748 et
1601 1724 1690 1749 carni:

906 1777 998 1795 curam
1014 1776 1046 1794 ne
1057 1768 1169 1802 feceritis
1181 1767 1214 1794 ad
1225 1767 1457 1802 concupiscentiae.

944 1824 952 1840 ι
967 1813 1025 1841 Nox
1038 1813 1188 1848 praecessit.
1206 1823 1216 1839 ι
1230 1813 1342 1840 Noctem
1371 1817 1450 1840 vocat
1464 1818 1626 1848 praesentem
1648 1815 1690 1842 vi-

907 1859 1055 1895 tam,quod
1068 1859 1135 1886 nihil
1149 1859 1283 1886 asomniis
1297 1858 1426 1885 diﬂerant
1439 1867 1500 1893 qua:
1515 1859 1542 1886 in
1558 1867 1590 1886 ea
1606 1864 1689 1892 sunt;

906 1905 977 1933 diem
1003 1912 1069 1932 vero
1089 1910 1199 1939 tempus
1215 1904 1350 1936 futurum,
1373 1904 1447 1938 quod
1473 1905 1500 1932 in
1514 1913 1548 1932 eo
1575 1906 1690 1933 manife-

907 1951 1007 1978 standa
1022 1951 1077 1978 sint
1092 1951 1226 1978 occulta.»
1242 1949 1411 1985 Abjieiamus
1422 1950 1506 1985 igitur
1517 1958 1600 1986 opera
1612 1955 1690 1979 tene-

906 1997 1027 2024 brarum.
1042 2006 1050 2021 ι
1060 1995 1147 2031 Opera
1159 1995 1336 2022 tenebrarum
1357 1995 1425 2023 dicit
1440 2004 1536 2030 pravas
1547 1997 1688 2031 actiones;

907 2051 982 2071 arma
996 2051 1061 2070 vero
1074 2043 1154 2074 lueis,
1182 2041 1323 2068 virtutem.
1349 2041 1458 2069 Etenim
1473 2042 1500 2069 in
1517 2043 1629 2070 modum
1646 2051 1690 2070 ar-

907 2097 1025 2121 morum.
1038 2088 1157 2124 protegit
1170 2087 1325 2114 hominem:
1338 2088 1372 2115 ad
1384 2088 1495 2115 modum
1504 2093 1596 2116 autem
1608 2089 1689 2122 lueis,

908 2137 1033 2165 illustra;x
1052 2144 1061 2160 ι
1083 2134 1224 2169 Tanquam
1253 2134 1280 2161 in
1293 2133 1337 2160 die
1351 2133 1476 2161 honeste.
1500 2143 1508 2160 I
1530 2134 1612 2168 Quasi
1634 2136 1689 2170 jam

907 2185 1053 2217 praesente,
1084 2185 1213 2215 tanquam
1241 2179 1372 2211 instante,
1396 2184 1528 2214 quantum
1556 2180 1690 2207 hactenus

909 2234 1059 2262 nunquam,
1081 2226 1176 2253 futuro
1202 2224 1257 2257 die,
1283 2224 1320 2251 ita
1338 2225 1453 2252 honeste
1481 2232 1689 2254 conversemur.

906 2273 976 2306 Quid
989 2273 1025 2300 sit
1038 2275 1128 2299 autem
1148 2280 1157 2296 ι
1177 2270 1307 2302 Honeste,
1322 2279 1331 2295 ι
1349 2270 1544 2305 interpretatur
1559 2270 1616 2305 ipse
1626 2271 1690 2298 sub-

907 2317 998 2344 dendo
1018 2325 1025 2343 :
1051 2316 1110 2343 Non
1131 2314 1386 2346 eomessationibus,
1413 2324 1422 2340 ι
1441 2319 1469 2342 et
1483 2320 1590 2342 caetera.
1605 2315 1690 2342 Porro

908 2366 982 2388 recte
996 2359 1144 2388 admodum
1159 2359 1238 2391 dicit,
1258 2367 1267 2384 ι
1285 2359 1414 2386 lloneste.
1432 2367 1440 2384 ι
1458 2359 1526 2386 Nam
1541 2359 1606 2386 licet
1621 2367 1689 2394 sup-

907 2407 1018 2442 plicium
1046 2413 1102 2432 non
1118 2409 1191 2432 esset
1211 2406 1360 2439 repositum
1375 2404 1609 2439 delinquentibus,
1637 2413 1688 2434 nec

907 2453 1001 2480 iruitio
1019 2457 1093 2480 recte
1109 2451 1290 2486 operantibus
1307 2459 1314 2479 :
1331 2455 1472 2486 oporteret
1486 2451 1687 2486 turpitudinem

907 2504 935 2526 et
951 2498 1150 2533 impudicitiam
1172 2505 1204 2524 ac
1225 2495 1448 2524 inverecundiam
1471 2496 1576 2532 fugere,
1591 2502 1619 2524 et
1633 2498 1689 2525 vir-

908 2545 958 2571 tuti
969 2544 1117 2571 adhaerere.
1129 2542 1197 2569 Cum
1208 2547 1298 2569 autem
1310 2549 1340 2568 ea
1350 2549 1410 2576 qua:
1424 2541 1496 2568 dicta
1508 2546 1572 2569 sunt
1585 2547 1690 2570 utram-

906 2599 960 2626 que
988 2594 1139 2625 sequantur
1166 2589 1266 2620 vitam,
1296 2588 1533 2623 quidnamli‘acere
1552 2591 1688 2624 oportet?

910 2647 919 2664 ι
935 2637 1125 2664 Ambulemus.
1143 2644 1152 2661 ι
1168 2635 1219 2663 Ubi
1231 2634 1358 2669 superius
1374 2635 1489 2662 dixisset
1502 2635 1625 2662 futurum
1645 2636 1688 2670 ju-

906 2683 972 2710 dicii
985 2682 1068 2712 diem,
1083 2681 1172 2716 ipsum
1188 2688 1261 2707 nunc
1272 2680 1349 2715 ponit
1361 2680 1397 2707 ob
1408 2680 1514 2711 oculos,
1531 2679 1684 2707 auditorem

906 2729 1045 2756 territans.
1064 2728 1164 2755 Dicens
1187 2731 1290 2758 autem,
1317 2736 1326 2752 ι
1347 2726 1556 2758 Ambulemus,x
1581 2733 1687 2752 sermo-

906 2782 968 2802 nem
978 2773 1079 2801 invidia
1089 2781 1183 2800 carere
1195 2772 1269 2803 l'aeit.
1285 2772 1404 2807 seipsum
1418 2772 1500 2798 etiam
1517 2771 1685 2799 immiscens.

909 2831 918 2846 ι
938 2821 997 2848 Non
1011 2819 1259 2847 comessationibus
1273 2823 1300 2846 et
1314 2817 1504 2845 ebrietatibus.
1525 2826 1532 2841 ι
1550 2817 1608 2844 Non
1626 2825 1689 2852 pro-

909 2867 985 2895 hibet
1000 2866 1105 2899 bibere,
1116 2865 1163 2893 sed
1176 2864 1306 2892 inebriari
1318 2873 1326 2898 ;
1337 2863 1429 2898 κῶμος
1442 2868 1533 2890 autem
1547 2864 1690 2892 cantilenae

1436 2919 1470 2950 19
