1889 3055
199 155 256 186 ’5η

736 154 917 185 (ECUMENI
924 154 935 183 ι
954 153 1100 183 'l‘RlCCzE
1118 151 1288 182 EPISCOI‘I

1787 153 1841 183 533

203 212 338 239 dicuntur
363 219 426 246 qua:
440 212 514 239 inter
531 211 710 239 vinolentiam
724 216 752 239 et
764 211 944 246 petulantiam
956 218 1000 238 rc-

1084 213 1090 238 )
1118 212 1168 247 τὴν
1200 211 1274 246 μῖξιν
1303 210 1422 245 ἀναιρεῖ,
1442 209 1510 237 ἀλλὰ
1539 209 1589 245 τὴν
1603 210 1744 245 πορνείαν.
1763 219 1773 236 ι
1794 210 1842 244 Μὴ

203 259 342 289 teruntur.
357 260 387 288 id
406 265 498 289 autem
510 260 592 288 etiam
607 260 737 296 παροινία
751 260 918 295 appellatur.
938 269 947 285 ι
963 259 997 286 Ει

205 306 379 334 libidinibus.
398 316 407 332 ι
432 307 493 334 Νοη
517 314 626 334 omnem
649 306 721 334 tollit
731 306 922 339 concubitum,
948 305 997 334 sed

205 356 345 387 stuprum.
365 361 375 378 ι
394 351 455 380 Non
466 353 644 380 contentione
654 357 683 381 et
696 353 881 380 aemulatione.
903 362 913 378 ι
928 352 998 380 Con-

209 399 330 426 tentione
338 398 404 426 dicit
411 398 445 426 de
456 398 506 432 ira,
515 398 689 427 aemulatione
695 407 763 427 vero
773 399 807 427 de
820 399 933 427 invidia.
943 397 997 426 Sed

207 444 354 473 induimini
373 444 519 472 Dominum
529 444 623 472 Jesum
637 444 788 473 Christum.
801 454 810 471 ›
824 444 891 472 Nam
903 444 951 480 qui
963 444 999 472 il-

205 491 263 518 lum
274 490 373 525 induit,
383 491 504 526 undique
514 491 644 519 virtutem
652 490 746 519 habet.
753 486 897 525 Qtiomodo
906 496 998 519 autem

208 537 267 572 ipse
282 536 438 565 induendus
450 537 512 565 est?
526 536 555 565 Si
568 537 650 566 nobis
665 537 757 565 omnia
770 538 817 570 sit,
838 538 955 566 interius
973 541 1000 565 et

201 583 330 611 exterius
341 589 478 618 apparens
495 583 522 611 in
541 583 631 611 nobis.
649 583 735 611 Vocat
747 587 838 611 autem
856 583 1002 611 indumen-

204 633 277 661 tum,
295 637 438 664 nunquam
452 629 487 657 ab
495 636 529 657 eo
543 629 672 657 deiicere.
695 640 705 656 ι
720 630 754 657 Ει
761 630 855 658 carnis
870 637 976 658 curam.
990 639 999 656 ι

205 674 286 710 381
305 675 405 703 Dicens
426 683 483 702 non
507 680 636 711 oportere
658 683 768 704 carnem
792 684 892 704 curare
915 677 959 703 vel
971 676 998 703 ei

206 720 364 754 providere,
374 719 499 755 adiunxit
510 729 516 747 :
529 729 539 746 ι
555 721 597 748 Ad
610 721 868 756 concupiscentias;
884 731 893 747 ι
905 729 940 749 ne
952 729 998 748 ar-

207 765 320 793 bitreris
334 766 409 801 quod
421 774 474 794 nec
492 767 519 793 in
534 767 702 795 necessariis
716 772 843 802 oporteat
852 775 904 795 nos
918 767 996 795 carni

1046 259 1125 294 ἐριδι.
1141 265 1204 283 i—t
1224 255 1313 292 Ἔριδι
1330 265 1339 281 i
1357 255 1421 290 περὶ
1436 255 1523 290 θυμοῦ
1540 254 1633 289 λέγει·
1648 265 1658 281 ι
1678 254 1754 290 ζήλῳ
1776 265 1786 281 ι
1799 254 1841 287 δὲ,

1046 304 1112 339 περὶ
1127 301 1287 338 βασκανίας.
1302 310 1311 327 ι
1322 300 1393 328 Ἀλλ’
1404 300 1553 328 ἐνδύσασθε
1562 301 1609 327 τὸν
1618 300 1722 337 Κύριον
1735 300 1843 336 Ἰησοῦν

1046 348 1175 386 Χριστόν.
1197 357 1206 374 i
1235 347 1264 374 '0
1275 347 1330 382 γὰρ
1354 346 1436 373 αὑτὸν
1466 345 1661 381 ἐνδεδυμένος,
1689 346 1746 382 ἔχει
1774 346 1844 373 καθ-

1047 397 1108 424 όλου
1125 397 1175 430 τὴν
1188 395 1301 431 ἀρετήν.
1318 393 1380 425 Πῶς
1394 393 1422 420 δὲ
1440 393 1522 420 αὑτὸν
1539 393 1681 426 ὲνδυτέον;
1698 392 1731 420 Et
1751 393 1844 420 πάντα

1048 444 1115 479 ἡμῖν
1129 441 1210 474 αὐτὸς
1229 442 1283 477 εἴη,
1302 441 1403 468 ἔσωθεν
1423 440 1472 467 καὶ
1494 440 1596 472 ἔξωθεν
1614 441 1644 467 ὲν
1661 440 1728 475 ἡμῖν
1744 439 1843 474 φαινό-

1050 498 1141 526 μενος.
1154 489 1192 516 Τὸ
1203 489 1232 516 δὲ
1251 487 1320 524 μηδέ
1333 495 1399 514 ποτε
1411 486 1494 514 αὐτοῦ
1511 486 1721 519 ἀπολείπεσθαι,
1738 486 1842 520 ἔνδυμα

1050 535 1138 564 καλεῖ.
1156 544 1166 562 ι
1188 535 1244 561 Καὶ
1259 534 1308 569 τῆς
1321 533 1422 569 σαρκὸς
1437 533 1577 569 πρόνοιαν.
1596 531 1711 559 »Εἰπὼν
1732 531 1771 567 μὴ
1785 531 1842 558 δεῖν

1052 582 1178 618 προνοεῖν
1203 580 1254 615 τῆς
1283 579 1395 616 σαρκὸς,
1418 579 1528 613 ἐπάγει,
1549 589 1559 605 ι
1578 579 1627 609 Et;
1646 578 1805 614 ἐπιθυμίας,
1830 587 1839 604 ι

1053 630 1096 656 ἵνα
1109 629 1146 664 μὴ
1161 627 1276 664 νομίσῃς
1287 629 1330 655 ὅτι
1342 627 1403 654 οὐδὲ
1420 627 1449 653 ὲν
1468 627 1526 658 τοῖς
1539 625 1701 660 ἀναγκαίοις
1711 625 1754 652 δεῖ
1767 626 1841 661 ἡμᾶς

1051 673 1224 710 προνοεῖσθαι
1239 674 1289 708 τῆς
1306 673 1418 709 σαρκὸς,
1431 669 1487 699 οἷον
1503 673 1533 699 ὲν
1549 672 1650 707 βρώσει
1664 672 1680 707 ἢ
1696 672 1841 707 ἔνδύματι.

1051 719 1220 755 Προνοητέον
1228 719 1373 754 τοιγαροῦν
1387 719 1472 754 αὐτῆς
1489 718 1557 754 πρὸς
1570 718 1712 754 διαμονὴν,
1723 720 1755 746 οὐ
1773 718 1843 755 πρὸς

1049 765 1206 800 ἀσελγείας.

205 813 363 847 providere,
374 817 441 848 puta
457 813 484 841 in
496 813 559 842 cibo
568 822 600 842 ac
612 814 784 843 indumento.
795 815 997 843 Providendum
1016 819 1060 843 est
1087 814 1172 849 igitur
1186 813 1225 841 illi
1242 813 1275 840 ad
1292 814 1523 848 permanentiam,
1539 821 1595 842 non
1607 813 1641 841 ad
1661 813 1805 842 libidines.

242 858 312 893 XIV,
332 860 392 888 1-4.
413 860 484 888 Eum
500 866 589 889 autem
606 863 651 898 qui
666 863 787 898 inﬁrmus
799 867 836 890 est
851 863 903 898 ﬁde
920 872 998 891 assu-

1087 864 1144 890 Τὸν
1163 862 1197 889 δὲ
1211 862 1401 890 ἀσθενοῦντα
1428 862 1465 896 τῇ
1481 863 1582 890 πίστει
1609 861 1843 897 προσλαμϐάνε-

208 907 282 939 mite,
313 914 364 934 non
383 908 417 934 ad
435 907 638 941 dijudicationes
655 909 873 944 disceptationum
890 929 897 936 .
924 909 998 937 Alius

207 952 312 987 quidem
329 952 411 979 credit
431 953 528 988 qumvis
543 953 643 980 edenda
659 961 668 980 :
683 953 753 980 alius
775 957 875 987 autem,
888 955 932 989 qui
958 955 1000 981 in-

206 998 301 1032 ﬁrmus
313 1002 362 1032 est,
381 997 455 1026 olera
471 999 534 1026 edit.
549 998 600 1031 Qui
610 999 673 1032 edit,
690 1007 742 1027 non
765 1001 882 1027 edentem
898 1009 931 1028 ne
958 1001 1000 1027 de-

207 1046 324 1078 spiciat;
341 1049 365 1072 et
379 1046 423 1080 qui
438 1054 491 1073 non
505 1045 569 1078 edit,
584 1045 705 1072 edentem
722 1054 774 1073 non
790 1047 913 1082 judicet;
929 1046 999 1074 Deus

207 1091 278 1118 enim
297 1090 374 1118 illum
394 1092 548 1127 assumpsit.
560 1091 597 1119 Tu
622 1092 680 1127 quis
703 1100 729 1119 es
743 1093 787 1127 qui
804 1093 911 1128 judieas
931 1093 996 1120 alie-

208 1145 271 1164 num
304 1137 459 1172 famulum?
491 1137 606 1173 Propria
631 1138 746 1165 Domino
761 1143 816 1166 atat
839 1145 887 1167 aut
916 1140 997 1167 cadit.

206 1182 350 1211 Staluetur
367 1189 456 1212 autem
475 1193 485 1218 ;
512 1193 574 1212 nam
588 1190 678 1220 potens
704 1189 742 1212 est
755 1185 826 1213 Deus
837 1189 953 1213 statuere
964 1185 1000 1213 il-

208 1229 273 1256 tum.

242 1275 374 1303 Nonnulli
401 1275 449 1311 qui
471 1283 505 1302 ex
519 1275 622 1303 Judteis
633 1274 820 1308 crediderant,
833 1276 886 1311 legi
909 1276 1000 1304 adhuc

206 1321 390 1354 adhzerentes,
399 1321 500 1349 multas
506 1329 584 1349 escas
591 1321 835 1355 abominabantur,
845 1322 929 1349 veluti
940 1329 1001 1349 car-

208 1375 258 1396 nes
274 1367 420 1403 porcinas:
436 1373 473 1400 et,
488 1375 523 1395 ne
535 1367 673 1395 manifesti
686 1368 792 1400 tierent,
809 1368 866 1395 sola
881 1367 1001 1396 edebant

208 1414 295 1448 olera,
312 1419 343 1442 ut
355 1415 546 1450 temperantiae
567 1415 711 1443 videretur
721 1421 783 1442 esse
797 1414 956 1442 observatio
972 1419 1001 1443 et

208 1469 263 1489 non
281 1461 354 1497 quod
367 1461 609 1490 abominarentur.
626 1462 711 1489 Erant
727 1465 819 1489 autem
829 1466 858 1489 et
868 1461 914 1489 alii
931 1461 1002 1490 iide-

208 1507 249 1534 les
268 1514 302 1534 ex
318 1507 433 1540 Iudaeis,
462 1507 508 1542 qui
526 1514 589 1534 cum
613 1507 731 1534 ﬁrmiter
751 1506 947 1540 credidissent,
961 1507 1001 1534 ci-

209 1552 259 1580 bos
278 1561 334 1580 non
352 1553 546 1580 observabant.
566 1552 607 1580 Ad
620 1553 673 1581 bos
687 1553 772 1588 igitur
786 1552 913 1580 sinceros
933 1552 1001 1581 ﬁde-
1014 1543 1035 1572 (ἶ

207 1599 251 1626 les
275 1605 434 1626 sermonem
464 1598 600 1634 dirigens,
618 1598 781 1634 perstringit
793 1605 842 1625 eos
862 1598 912 1633 qui
922 1598 999 1626 cibos

201 1644 452 1677 .abominabantur,
479 1644 605 1672 infirmos
620 1644 674 1672 [ide
687 1644 840 1680 appellans.
857 1643 926 1672 Vide
949 1651 999 1671 au-

209 1695 264 1718 tem
274 1690 341 1717 mihi
351 1690 529 1726 prudentiam
540 1694 566 1718 et
583 1690 732 1717 eﬂicaciam
747 1698 780 1717 ac
799 1689 999 1725 providentiam

203 1737 299 1768 Pauli,
329 1737 449 1772 benigne
468 1737 657 1771 corripiteum
672 1736 720 1771 qui
740 1735 916 1764 discernebat
928 1736 1001 1763 inter

209 1782 288 1810 cibos
306 1791 313 1809 :
330 1782 396 1809 hinc
407 1781 533 1817 quidem,
551 1790 586 1810 ne
603 1782 626 1810 si
639 1782 726 1810 solam
761 1782 888 1810 intendat
907 1782 1001 1818 objur-

204 1828 358 1864 gationem,
373 1829 496 1857 resiliat:
513 1829 589 1856 illinc
599 1836 667 1856 vero
681 1836 716 1856 ne
730 1828 802 1856 bene
819 1836 898 1864 agere
909 1828 1001 1856 videa-

207 1880 265 1908 tur,
278 1875 300 1902 si
317 1879 427 1902 maneat
442 1882 498 1902 non
511 1879 669 1911 correptus.
700 1874 764 1902 Ideo
778 1875 817 1902 ait
836 1884 842 1901 :
862 1874 1000 1902 Assumite

209 1929 285 1954 eum,
301 1920 366 1956 quia
396 1920 523 1949 inﬁrmus
533 1925 585 1949 est.
604 1920 644 1949 Ne
668 1920 775 1956 judices
790 1928 854 1948 enm
871 1930 878 1947 :
896 1921 1001 1956 quare?

209 1968 269 1996 Non
285 1968 359 2003 quod
377 1968 448 1995 male
470 1975 527 1996 non
545 1972 608 2003 agat
624 1976 632 1995 :
648 1967 695 1995 sed
712 1967 786 2002 quod
799 1967 882 1995 alium
900 1967 1001 1995 habeat

207 2015 357 2042 Dominum
392 2015 440 2050 qui
474 2015 564 2049 ipsum
596 2014 713 2049 judicet.
743 2015 795 2041 Per
827 2014 879 2041 hoc
916 2014 1000 2042 etiam

208 2067 274 2086 eum
299 2058 479 2091 consolando,
512 2064 543 2085 ut
563 2057 694 2091 diximus,
721 2058 756 2086 de
786 2066 842 2085 non
869 2058 999 2086 condem-

210 2105 303 2133 nando
315 2105 440 2140 proximo
459 2113 465 2132 :
483 2113 647 2140 rursumque
671 2104 740 2132 dans
756 2105 908 2141 intelligere
926 2106 1001 2141 quod

209 2151 263 2179 etsi
277 2151 322 2179 hic
336 2151 413 2178 illum
430 2159 485 2178 non
505 2151 622 2186 judicet,
634 2150 742 2186 judicio
758 2155 850 2178 tamen
865 2152 1002 2180 obnoxius

209 2203 253 2226 est
271 2198 294 2225 is
310 2198 358 2233 qui
383 2196 460 2224 cibos
485 2197 624 2224 observat.
653 2196 858 2231 Propemodum
881 2197 999 2225 dicens:

203 2245 370 2280 Quanquam
385 2244 469 2271 etiam
494 2243 539 2271 hic
554 2248 579 2271 te
595 2251 649 2270 non
664 2242 781 2278 judicet,
797 2243 945 2270 Dominum
960 2248 1000 2271 la-

212 2299 274 2318 men
300 2291 386 2318 babes
413 2290 461 2325 qui
474 2295 500 2317 te
513 2290 620 2325 iudicet
639 2299 646 2316 :
669 2290 731 2317 ideo
747 2295 773 2316 te
789 2289 823 2317 ab
840 2289 999 2325 hujusmodi

210 2336 381 2372 parcimonia
404 2343 436 2363 ac
448 2335 530 2363 sorde
555 2339 668 2370 oportet
692 2334 841 2362 abstinere.
869 2335 1001 2362 Prohibet

211 2389 303 2410 autem
317 2389 351 2409 ne
364 2381 398 2409 de
411 2382 483 2409 cibis
497 2381 567 2408 alius
579 2380 662 2408 alium
683 2380 789 2416 judicet
806 2390 812 2407 :
828 2388 861 2408 ne
876 2380 949 2408 circa
964 2380 998 2407 ti-

210 2428 254 2455 dci
267 2427 346 2454 initia
362 2427 396 2454 de
412 2427 456 2454 liis
470 2426 671 2454 contendentes
686 2434 718 2454 ac
733 2427 864 2458 rixantes.
875 2427 903 2454 in
923 2427 999 2462 peri-

210 2473 303 2501 culum
311 2480 345 2500 ex
359 2472 412 2500 hoc
418 2472 553 2506 venirent,
566 2480 599 2500 ue
611 2472 694 2500 etiam
703 2472 775 2500 circa
786 2473 907 2499 laetitiam
919 2472 1002 2499 dissi-

209 2517 310 2545 derent
327 2525 334 2544 :
352 2517 434 2552 382
450 2521 478 2544 et
490 2517 518 2544 in
533 2525 566 2545 eo
583 2517 657 2552 quod
672 2525 780 2545 summa
804 2520 873 2548 erat,
902 2523 1001 2551 nempe

206 2565 265 2592 tide
279 2564 308 2592 in
321 2563 474 2597 Christum,
490 2563 620 2591 damnum
636 2567 808 2598 paterentur.
820 2562 891 2595 Quid
901 2562 1002 2597 igitur?

211 2610 240 2639 Si
255 2617 331 2638 nunc
342 2609 487 2637 videamus
505 2610 579 2637 circa
596 2609 674 2637 cibos
686 2608 816 2636 Judaicas
825 2607 999 2635 observatio-

204 2664 259 2684 mes
275 2660 443 2688 servantem,
475 2663 568 2683 annon
595 2653 857 2682 condemnabimus?
872 2652 998 2681 Maxime.

209 2702 354 2737 Quomodo
368 2710 435 2737 ergo
456 2702 516 2728 ait:
537 2711 546 2726 ι
563 2700 602 2727 Ne
616 2699 746 2735 judicelis
762 2703 792 2726 ut
816 2707 871 2726 non
891 2698 998 2734 judice-

206 2748 337 2776 ,miniw?
349 2758 357 2773 ι
369 2747 428 2774 Non
444 2746 479 2773 de
495 2746 547 2773 ﬁde
557 2750 604 2772 aut
615 2745 649 2772 de
658 2745 701 2772 his
715 2751 776 2779 qua:
792 2744 825 2771 ad
837 2743 919 2771 ﬁdem
929 2751 997 2771 con-

209 2795 302 2822 ferunt
330 2798 441 2828 oportet
456 2793 509 2820 hoc
523 2791 659 2827 accipere.
673 2791 751 2820 Absit
765 2792 771 2818 l
789 2790 883 2828 Neque
899 2790 933 2818 de
951 2790 996 2818 his

262 2889 294 2904 “‘
311 2886 407 2915 Matth.
421 2894 471 2921 vn,
487 2886 511 2914 1.

1050 911 1115 942 σθε,
1144 908 1187 944 μὴ
1214 909 1258 941 εις
1285 908 1453 943 διακρίσεις
1479 908 1645 943 λογισμῶν.
1664 908 1784 943 ὀςμὲν
1797 915 1844 934 πι-

1049 956 1151 984 στεύει
1177 954 1286 990 φαγεῖν
1320 954 1431 988 πάντα,
1462 956 1478 982 d
1509 954 1544 981 δὲ
1567 954 1707 982 ἀσθενῶν
1722 954 1846 989 λάχανα

1049 1001 1155 1029 ἐσθίει.
1191 1001 1224 1027 '0
1239 1001 1352 1027 ἐσθίων
1375 1000 1430 1027 τὸν
1450 999 1494 1036 μὴ
1511 1000 1654 1028 ἐσθίοντα
1662 1000 1705 1036 μὴ
1724 1001 1847 1033 ἐξουθεο

1050 1048 1149 1081 νείτω,
1178 1047 1228 1074 καὶ
1251 1048 1268 1074 ὀ
1287 1046 1331 1081 μὴ
1360 1046 1481 1080 ἐσθίων,
1494 1047 1549 1073 τὸν
1563 1047 1706 1074 ἐσθίοντα
1723 1047 1768 1082 μὴ
1784 1055 1847 1082 κρι-

1049 1094 1134 1121 νέτω.
1159 1093 1190 1120 '0
1208 1092 1281 1126 Θεὸς
1293 1092 1348 1128 γὰρ
1363 1092 1458 1120 αὐτὸν
1469 1092 1684 1127 προσελάὅετο.
1698 1093 1742 1120 Σὺ
1757 1093 1804 1126 τίς
1819 1093 1846 1119 ει

1050 1141 1067 1168 δ
1079 1141 1189 1175 κρίνων
1202 1139 1364 1173 ἀλλότριον
1381 1138 1516 1172 οἱκέτην;
1528 1138 1569 1171 τῷ
1583 1139 1648 1171 ιδῐῳ
1658 1138 1758 1172 Κυρίῳ
1771 1139 1847 1171 στή-

1050 1193 1094 1212 κει
1110 1185 1130 1219 ἢ
1141 1185 1253 1211 πίπτει.
1263 1182 1450 1217 Σταθήσετιιι
1472 1183 1516 1211 δέ.
1533 1183 1667 1217 Δυνατός
1683 1183 1739 1218 γάρ
1759 1184 1846 1210 ἐστιν

1051 1229 1068 1258 δ
1082 1231 1156 1264 Θεὸς
1169 1230 1283 1265 στῆσαι
1296 1230 1401 1257 αὐτόν.

1084 1274 1177 1304 Ἷισαν
1196 1276 1224 1303 δέ
1241 1284 1312 1308 τινες
1323 1275 1353 1309 ἐξ
1368 1275 1503 1303 Ἰουδαίων
1516 1277 1721 1309 πιστεύσαντες.
1744 1277 1847 1308 οἵτινες

1050 1323 1090 1350 ἔτι
1106 1322 1153 1350 τοῦ
1169 1323 1253 1358 νόμου
1270 1322 1405 1358 ἐχόμενοι,
1419 1322 1506 1350 πολλὰ
1523 1323 1577 1351 τῶν
1596 1323 1752 1360 βρωμάτων
1766 1324 1847 1350 ἐσδε-

1051 1368 1193 1400 λύσσοντο,
1208 1366 1265 1394 οἷον
1282 1368 1373 1404 χοίρια
1384 1368 1464 1403 κρέα.
1484 1367 1540 1395 Καὶ
1554 1368 1598 1395 διὰ
1615 1368 1644 1394 rb
1665 1368 1703 1404 μὴ
1719 1367 1847 1402 γίνεσθαι

1051 1413 1136 1449 δῆλοι,
1166 1413 1272 1448 λάχανα
1297 1413 1392 1448 ηπθιον
1408 1413 1489 1448 μόνα,
1517 1413 1562 1440 ἵνα
1585 1412 1649 1449 δόξῃ
1665 1413 1846 1449 ἐγκρατείας,

1051 1461 1119 1488 ἀλλὰ
1137 1460 1174 1496 μὴ
1192 1459 1344 1495 βδελυγμοῦ
1364 1456 1434 1486 εἶναι
1453 1460 1470 1495 ἡ
1491 1460 1695 1495 παρατήρησις.
1714 1457 1810 1487 Ἦσαν
1818 1461 1847 1488 δὲ

1052 1508 1099 1535 καὶ
1109 1507 1185 1534 ἄλλοι
1200 1506 1254 1533 ἀπὸ
1276 1506 1412 1533 Ἰουδαίων
1447 1506 1548 1539 πιστοὶ,
1577 1506 1602 1532 οἳ
1621 1506 1737 1542 ἑδραίως
1762 1515 1847 1534 πεπι-

1054 1553 1209 1586 στευκότες,
1227 1552 1256 1579 οὐ
1275 1551 1479 1588 παρετηροῦντο
1488 1552 1523 1579 τὰ
1540 1552 1682 1588 βρώματα,
1701 1553 1777 1589 Πρὸς
1786 1554 1849 1580 τού-

1052 1609 1115 1632 τους
1140 1599 1286 1635 τοιγαροῦν
1317 1599 1477 1633 εἰλικρινεῖς
1493 1599 1608 1631 πιστοὺς
1621 1600 1775 1627 ἀποτείνων
1801 1601 1848 1627 τὸν

1053 1647 1142 1681 λόγον,
1157 1646 1213 1673 τῶν
1227 1646 1262 1672 τὰ
1278 1645 1413 1681 βρώματα
1422 1645 1642 1682 βδελυττομένων
1656 1646 1847 1679 καθάπτεται,

1053 1692 1235 1724 ἀσθενοῦντας
1265 1692 1357 1719 καλῶν
1385 1693 1419 1728 τῇ
1442 1692 1591 1720 πίστει.--
1606 1693 1710 1730 [ΦΩΤ.]
1723 1694 1797 1729 Ὂρα
1820 1695 1848 1720 δέ

1055 1747 1101 1774 μοι
1117 1738 1147 1765 τὸ
1158 1738 1270 1766 συνετὸν
1290 1738 1338 1766 καὶ
1360 1738 1585 1774 δραστήριον,κα“ι
1598 1740 1779 1775 προνοητικὸν
1798 1741 1848 1768 τοῦ

1055 1782 1175 1810 Παύλου.
1200 1782 1390 1818 Δεξιούμενος,
1404 1783 1568 1819 ἐπιπλήττει
1590 1785 1636 1811 τὸν
1648 1786 1703 1817 τοῖς
1717 1785 1849 1821 βρώμασι

1054 1827 1274 1863 διακρινόμενον,
1296 1828 1327 1854 τὸ
1356 1828 1416 1864 μὲν,
1432 1829 1478 1855 ἵνα
1495 1829 1533 1865 μὴ
1548 1830 1741 1866 ἁποσκιρτήσῃ
1755 1831 1847 1867 ἀκρὰ-

1054 1883 1100 1900 sou
1115 1874 1162 1900 τοῦ
1178 1874 1290 1909 ἐλέγχου
1302 1876 1524 1911 προτεινομένου,
1541 1876 1572 1903 τὸ
1590 1877 1629 1910 δὲ,
1645 1876 1689 1904 ἵνα
1712 1878 1749 1913 μὴ
1780 1878 1849 1914 δόξῃ

1054 1920 1137 1947 καλὸν
1154 1922 1242 1948 ποιεῖν
1257 1921 1452 1956 ἀνεπιτίμητος
1469 1921 1567 1957 μένων.
1584 1923 1642 1955 Διὸ,
1660 1923 1847 1959 Προσλαμὸᾰι-

1054 1967 1132 1994 νεσθε
1148 1967 1239 2000 αὑτὸν,
1258 1967 1352 2003 φησὶν,
1369 1958 1409 1994 δτι
1425 1968 1542 2003 ἀσθενής
1577 1969 1662 1996 ἐστιν.
1680 1969 1726 2004 Μὴ
1746 1958 1847 2006 κρίνῃς

1056 2012 1149 2044 αὑτὸν,
1165 2012 1359 2048 φησί.,Διατί;
1375 2014 1432 2048 Οὐχ
1444 2012 1525 2040 ὅτιού
1539 2015 1611 2040 ποιεῖ
1625 2014 1721 2047 κακὸν,
1734 2015 1793 2041 ἀλλ’
1803 2016 1848 2043 ὅτι

1055 2057 1157 2092 Κύριον
1173 2057 1229 2092 ἔχει
1258 2057 1347 2090 ἄλλον,
1366 2057 1412 2084 τὸν
1430 2058 1558 2092 κρίνοντα
1570 2058 1663 2091 αὐτὸν,
1678 2059 1768 2094 τούτῳ
1796 2061 1847 2086 καὶ

1055 2103 1158 2145 ἐκεῖνον
1171 2096 1478 2138 παραμυθοῦμενος,ὼς
1493 2103 1610 2138 ἔφημεν,
1632 2104 1678 2130 ἐπὶ
1690 2103 1729 2138 τῷ
1743 2103 1781 2140 μὴ
1795 2113 1847 2131 και

1054 2147 1232 2184 τακρίνεσθαι
1248 2147 1300 2174 ὑπὸ
1310 2147 1356 2174 τοῦ
1366 2148 1491 2184 πλησίον,
1517 2149 1563 2175 καὶ
1584 2149 1673 2180 διδοὺς
1697 2149 1781 2176 πάλιν
1802 2150 1846 2176 ὲν-

1055 2194 1135 2225 νοεῖν,
1169 2193 1210 2220 ὅτι
1237 2193 1289 2219 κᾶν
1304 2189 1382 2225 οὗτος
1404 2193 1485 2220 αὑτὸν
1497 2193 1527 2220 οὐ
1547 2193 1641 2230 κρίνῃ,
1657 2193 1715 2221 ἀλλ’
1731 2193 1779 2221 οὖν
1793 2195 1846 2221 ὑπὸ

1055 2239 1143 2275 κρῖμά
1165 2240 1234 2271 ἐστι,
1260 2239 1508 2275 παρατηρούμενος
1523 2239 1558 2266 τὰ
1572 2239 1715 2276 βρώματα.
1733 2241 1764 2267 Et
1790 2241 1845 2275 γὰρ

1055 2286 1102 2314 καὶ
1115 2283 1193 2318 οὗτος
1205 2286 1236 2313 οὐ
1248 2286 1335 2321 κρίνει
1350 2294 1391 2319 σε,
1422 2285 1670 2321 μονονουχὶὶέγων,
1689 2286 1747 2313 ἀλλ’
1771 2286 1847 2322 ἔχεις

1054 2333 1157 2366 Κύριον
1176 2332 1222 2360 τὸν
1253 2332 1381 2368 κρίνοντά
1391 2341 1432 2359 σε.
1461 2332 1507 2359 ait
1528 2332 1570 2358 δεῖ
1591 2341 1621 2359 σε
1640 2332 1690 2368 τῆς
1712 2333 1846 2369 τοιαύτης

1053 2378 1224 2414 ἀποσχέσθαι
1246 2379 1453 2415 σμικρολογίας.
1477 2379 1585 2406 Κωλύει
1603 2379 1631 2405 δὲ
1650 2379 1715 2414 περὶ
1730 2379 1846 2416 βρωμά-

1053 2435 1108 2453 των
1124 2426 1229 2463 κρίνειν
1244 2427 1387 2462 ἀλλήλους,
1406 2427 1450 2454 ἴνα
1467 2428 1505 2464 μὴ
1520 2428 1580 2454 κατ’
1609 2427 1698 2463 ἀρχὰς
1721 2426 1773 2461 τῆς
1800 2427 1846 2454 πε-

1055 2479 1139 2503 στεως
1155 2472 1220 2506 περὶ
1232 2471 1323 2498 ταῦτα
1341 2472 1479 2507 ἐρίζοντες
1492 2471 1540 2498 καὶ
1558 2471 1788 2506 φιλονεικοῦντες,
1814 2472 1845 2498 ἐκ

1055 2516 1151 2545 τούτου
1168 2517 1215 2543 καὶ
1241 2518 1281 2549 εἰς
1301 2517 1372 2544 αὐτὰ
1390 2517 1426 2543 τὰ
1457 2518 1553 2554 καίρια
1582 2517 1726 2552 διαστῆναι
1753 2518 1845 2544 κινδυ-

1053 2562 1180 2592 νεύσωσι.
1204 2562 1295 2589 καὶτὸ
1314 2563 1475 2597 κεφάλαιον,
1488 2563 1573 2598 αὐτὴν
1588 2562 1638 2597 τὴν
1666 2563 1706 2595 εἰς
1725 2562 1845 2598 Χριστὸν

1053 2608 1145 2636 πίστιν
1172 2607 1346 2645 ζημιωθῶσι.
1362 2608 1394 2635 Τί
1411 2606 1458 2636 οὖν
1474 2617 1482 2642 ;
1497 2609 1530 2636 ἂν
1545 2608 1644 2643 [δωμεν
1657 2608 1706 2636 νῦν
1722 2609 1790 2644 περὶ
1812 2609 1845 2635 τὰ

1053 2653 1188 2690 βρώματα
1199 2654 1355 2686 Ἰουδαϊκῶς
1374 2654 1633 2690 παρατηρούμενον,
1650 2654 1681 2681 οὺ
1705 2654 1745 2690 μὴ
1762 2663 1845 2682 κατα-

1052 2699 1207 2735 κρίνωμεν;
1220 2699 1275 2726 Καὶ
1291 2699 1407 2734 μάλιστά
1422 2708 1464 2734 γε.
1481 2700 1544 2732 Πῶς
1553 2699 1600 2727 οὖν
1612 2709 1689 2736 φησι,
1708 2700 1770 2736 (Μὴ
1784 2701 1844 2737 κρί-

1051 2754 1121 2780 νετε,
1133 2746 1182 2772 καὶ
1191 2746 1221 2773 οὺ
1234 2746 1272 2781 μὴ
1285 2746 1427 2782 κριθῆτε;›
1439 2748 1476 2773 Οὐ
1489 2747 1554 2782 περὶ
1566 2748 1616 2782 τῆς
1626 2746 1746 2778 πίστεως
1759 2746 1776 2782 ἢ
1791 2745 1843 2773 τῶν

1050 2793 1091 2824 εἰς
1122 2791 1215 2818 πίστιν
1243 2791 1456 2826 συντελούντων,
1481 2793 1561 2819 τοῦτο
1575 2793 1616 2819 δεῖ
1647 2792 1843 2828 ὲκλαμσὰνειν.
