1889 3055
79 157 139 190 589

620 164 811 196 COMMENT.
834 166 874 196 IN
895 167 1014 198 EPIST.
1037 169 1087 198 AD
1108 170 1200 200 ROM.

1661 178 1716 209 59f)

78 218 134 253 (μὴ
151 219 259 252 γένοιτο
275 220 306 252 ί),
323 220 384 248 οὐδὲ
404 221 467 257 περὶ
485 222 539 249 τῶν
555 222 666 259 ἀναίδην
679 226 848 261 πραττομένυ

946 228 973 254 ui
986 228 1061 256 nullo
1075 229 1181 264 pudore
1191 230 1312 259 absurda
1334 235 1495 268 perpetrant
1510 244 1517 261 :
1534 235 1581 263 sed
1595 235 1628 264 de
1645 244 1712 272 ope-

77 264 206 298 ἀτόπων,
217 265 286 292 ἀλλὰ
301 266 365 302 περὶ
375 266 430 294 τῶν
453 268 525 295 κατά
543 268 589 295 τὸν
607 268 665 304 βίον
681 270 781 306 ἔργων,
810 273 873 308 περὶ

75 310 135 337 τῶν
149 311 370 347 ὑπονοουμένων,
386 314 450 348 περὶ
468 314 534 348 τῶν,
545 315 582 346 ὡς
599 316 681 348 αὐτὸς
693 317 707 343 ὁ
734 318 874 354 Δεσπότης

75 355 144 390 ἔφη,
162 356 286 391 κάρφους
298 358 377 391 λόγον
386 359 514 394 ἑχόντων.
533 361 601 396 Περὶ
621 361 727 390 τούτων
744 364 797 399 γὰρ
825 366 873 392 καὶ

75 401 134 428 τῶν
151 403 294 436 τοιούτων,
310 403 372 430 οὐδὲ
390 405 478 440 στόμα
499 405 594 442 διᾶραι
617 407 668 439 δεῖ,
683 409 732 436 καὶ
755 409 874 444 μάλιστα

74 445 119 478 οἷς
137 449 365 484 συμπαρατίθησι
383 450 423 485 τῷ
452 453 646 488 προειρημένῳ
659 456 801 492 κεφαλαίῳ
826 457 874 484 καὶ

73 493 184 529 ἕτερον.
201 495 256 521 Καί
274 504 369 531 φησιν,
385 498 426 523 ὅτι
442 498 473 524 οὐ
490 499 572 534 μόνον
601 501 649 528 ὲπὶ
671 502 719 530 τοῦ
738 512 868 541 προειρη-

75 539 162 574 μένου
175 540 205 566 of;
219 541 260 567 δεῖ
273 544 452 578 κατακρίνειν
481 546 529 572 καὶ
559 546 713 580 ὲξονθενεϊν
739 550 785 576 τὸν
807 539 874 586 an,

75 583 147 615 σὶον,
165 584 224 611 ἀλλ’
241 585 301 612 οὐδὲ
317 586 364 613 ἐπὶ
378 587 426 614 τοῦ
443 588 562 624 ῥηθῆναι
578 591 734 626 μέλλοντος.
748 595 826 622 Ἐστι
843 583 872 623 δὲ

73 628 158 655 τοῦτο
172 630 305 657 τοιοῦτοψ
330 631 362 659 Oi
381 633 431 667 μὲν
447 634 554 670 ἡμέραν
573 637 637 672 παρ’
650 639 757 674 ἡμέραν
766 641 872 675 ἤσθιον,

72 673 99 698 οἱ
131 674 161 700 δὲ
177 674 239 701 καθ’
259 676 379 712 ἡμέραν,
404 679 488 714 Φησὶν
505 679 562 713 οὗν,
582 682 622 709 ὅτι
637 683 667 710 οὑ
695 673 736 711 δεῖ
746 673 806 713 οὐδὲ
823 688 872 714 ἐπὶ

71 719 179 747 τούτων
192 722 297 756 κρίνειν
310 723 358 750 καὶ
375 726 553 762 κατακρίνειν
571 728 703 764 ἀλλήλους
716 739 723 745 ·
745 731 808 758 οὔτε
825 733 872 760 τὶν

72 765 203 793 ἐσθίοντα
214 775 220 782 ·
239 769 365 803 νηστεύει
381 770 437 806 γὰρ
449 772 463 798 ὁ
492 772 606 809 πλησίον
623 776 671 802 καὶ
699 776 869 812 ἀγαθοποιεί,

72 812 162 838 ποιῶν
177 813 244 840 αὐτὸ
258 814 302 841 διὰ
317 815 364 842 τὸν
375 816 442 843 Θεόν
454 826 461 834 '
475 819 538 846 οὒτε
551 820 632 848 πάλιν
646 822 692 849 τὸν
702 824 871 859 νηστεύοντα

70 857 115 884 δεῖ
125 860 305 895 κατακρίνειν
318 862 364 888 τὸν
377 863 415 898 μὴ
428 865 595 899 νηστεύοντα
611 868 682 903 παρ’
701 869 808 904 ἡμέραν
819 879 824 886 ·
839 872 869 898 οὐ

70 905 127 939 γὰρ
152 907 315 941 νομοθεσίας
341 910 418 936 ἐστὶν
432 930 440 943 ,
467 911 511 938 ἳνα
533 914 724 951 ὴπαράσασις
751 918 867 956 προξενῇ
886 907 905 934 Β

71 951 174 986 κρῖμα,
191 952 260 979 ἀλλὰ
276 954 361 990 μόνης
373 958 572 993 προαιρέσεως.
594 970 604 986 ε
621 962 666 997 Μὴ
698 963 739 994 είς
761 951 868 1000 διακρίῖ

70 1005 129 1029 σεις
148 998 346 1035 διαλογισμῶν.
362 1011 372 1028 ι
391 1003 449 1030 Μία
465 1004 515 1039 μὲν
531 1006 593 1033 κατ’
605 1007 696 1037 αὐτῶν
716 998 867 1046 πληγὴίτὺ

68 1044 170 1076 εἰπεῖν,
200 1046 382 1080 ἀσθενοῦντας
410 1051 443 1085 τῇ
466 1051 568 1079 πίστει.
602 1054 723 1090 Δευτέρα
755 1044 807 1089 δὲ,
824 1057 865 1090 τὸ,

72 1100 79 1114 ι
99 1091 362 1128 ΙΙροσλαμϐάνεσθε.
380 1104 390 1122 ι
411 1097 603 1135 Δείκνυσιγὰρ
637 1101 739 1134 αὐτοὺς
764 1103 866 1138 πολλῆς

68 1135 219 1170 δεομένους
242 1139 414 1174 ἐπιμελείας.
438 1142 535 1178 Τρίτη,
561 1144 602 1177 τὸ,
616 1154 625 1171 1
645 1146 690 1181 Μή
706 1148 746 1179 είς
758 1135 863 1185 διακρί-

69 1189 129 1212 σεις
161 1183 388 1220 διαλογισμῶν.»
420 1188 502 1224 Δηλοτ
517 1190 573 1226 γάρ
603 1192 731 1221 τοσοῦτον
765 1183 866 1228 αὐτοὺς

68 1228 229 1262 πταίοντας,
261 1231 300 1263 ὡς
325 1233 373 1260 καὶ
390 1235 453 1266 τοὺς
471 1237 670 1271 κοινωνοῦντας
695 1241 790 1273 αὐτοῖς
815 1244 864 1278 τῆς

68 1273 162 1306 φιλίας
178 1274 378 1311 διακρίνεσθαι,
393 1279 440 1306 καὶ
455 1281 632 1316 χωρίζεσθαι.
654 1293 664 1310 t
687 1285 734 1317 Ὃς
753 1285 803 1321 μὲν
817 1273 863 1313 πίέ

68 1319 160 1347 στεόει
176 1323 274 1356 φαγεῖν
291 1323 389 1352 πάντα.
404 1335 414 1351 ι
426 1326 454 1353 ’0
471 1327 521 1362 μὲν
539 1329 704 1364 εἰλικρινῶς,
719 1319 797 1366 φήσὶ,
818 1342 863 1360 πι-

68 1365 175 1392 στεύων
203 1367 249 1395 καὶ
265 1369 402 1405 μηδεμίαν
429 1371 499 1408 ἔχων
524 1374 673 1412 Ἰουδαῖκὴν
703 1365 864 1415 παρατήρη-

67 1419 121 1443 σιν,
149 1413 240 1440 πάντα
272 1415 445 1450 ἁδδελύκτως
478 1419 574 1448 ἐσθίει.
612 1413 861 1459 ’Δνακηρὺττεινδὲ

65 1457 151 1484 αὑτὸν
161 1459 216 1486 ἀπὸ
230 1461 280 1496 τῆς
301 1462 428 1496 πίστεως.
447 1474 456 1490 ι
477 1465 506 1493 '0
516 1466 544 1493 δέ
563 1477 572 1493 ι
587 1476 630 1502 γε,
645 1457 723 1504 φησί,
739 1471 803 1508 περὶ
813 1472 862 1508 τὴν

66 1504 160 1531 πίστιν
180 1515 190 1532 ι
205 1507 337 1542 ἀσθενῶν,
358 1509 464 1546 λάχανα
490 1513 588 1541 ἐσθίει.
608 1524 618 1541 ι
640 1515 684 1542 Ἐν
706 1504 797 1553 ταντῷ
808 1504 857 1546 χοὶι

64 1551 201 1587 διελέγχει
219 1553 314 1587 αὐτὸν,
329 1556 372 1582 ὅτι
388 1557 423 1584 δι’
450 1559 501 1586 οὐκ
528 1560 731 1599 ἐπαινουμένην
757 1551 860 1601 ἂνκρά-

63 1607 144 1625 τειαν
170 1600 258 1627 ἐσθίει
281 1602 315 1630 τὰ
334 1603 451 1639 λάχανα,
475 1605 526 1632 κᾶν
556 1606 635 1634 τοῦτο
666 1608 859 1646 ὑποκρίνηται,

65 1646 137 1673 ἀλλὰ
153 1647 224 1675 κατὰ
239 1649 383 1678 ἀσθένειαν
399 1652 527 1686 πίστεως.
546 1664 556 1680 α
581 1655 609 1681 '0
634 1656 744 1690 tcﬁtmv,
760 1658 806 1684 τδν
821 1659 860 1695 μὴ

64 1692 193 1720 ἐσθίοντα
228 1695 266 1732 μὴ
295 1696 482 1730 ἐξουθενείτω.
503 1710 512 1727 ι
542 1702 601 1728 Οὐκ
633 1700 706 1736 εἶπε,
735 1692 862 1740 Διορθούξ

64 1738 132 1771 σθω²
160 1739 238 1772 ἀλλὰ,
258 1750 268 1767 ε
283 1742 330 1778 Μὴ
347 1743 533 1779 ἐξουθενείτω,
547 1755 556 1772 ι
572 1747 679 1780 δεικνὺς
690 1749 730 1776 ὅτι
741 1738 860 1785 καταγέ-

63 1783 151 1812 >αστα
170 1787 296 1822 πράττει.
313 1798 324 1815 ι
363 1791 411 1817 Δεῖ
425 1791 479 1826 γὰρ
498 1793 581 1820 αὑτὸν
607 1794 760 1829 ἀδελφικῶς
791 1783 860 1832 διορ‹

63 1831 190 1866 θςῦσθαι,
219 1834 265 1861 καὶ
293 1835 342 1872 οὐχ
369 1836 407 1869 ὡς
431 1838 577 1872 βδελυκτὸν
601 1840 764 1872 ὶξουθενεϊν.
785 1852 794 1868 ι
812 1844 858 1879 Μὴ

61 1877 251 1909 ἐξουθενείτω.
272 1890 282 1907 ι
298 1881 405 1917 Ὠσπερ
420 1883 475 1918 γὰρ
489 1885 513 1911 ot
523 1884 568 1911 διὰ
584 1885 675 1913 πίστιν
688 1886 854 1922 ἀδιακρίτως

62 1925 155 1952 πάντα
172 1926 319 1961 ἐσθίοντες,
330 1927 491 1960 ἔξουθένουν
507 1931 570 1962 τοὺς
582 1934 857 1969 παρατηρουμένους,

60 1969 148 2003 οὕτως
180 1972 281 1999 ἐκεῖνοι
297 1973 410 2007 τούτους
439 1975 477 2007 ὡς
494 1977 722 2012 γαττριμάργους
739 1978 855 2014 ἔκρινον.

93 2070 169 2104 Ὅρα
182 2070 222 2097 δέ·
241 2072 304 2099 Ἐπὶ
318 2072 372 2099 τῶν
387 2073 532 2101 ἐσθιόντων
544 2075 638 2109 εἰπὼν,
659 2084 668 2101 ι
681 2076 709 2102 Ὀ
722 2076 788 2108 Θεὸς
803 2076 857 2112 γὰρ

59 2116 142 2142 αὐτὸν
158 2117 352 2151 προσελάϐετο,
368 2128 376 2144 t
397 2120 443 2146 ἐπὶ
463 2119 519 2146 τῶν
543 2122 798 2158 παρατηρουμένων
812 2124 856 2149 οὑ-

57 2161 101 2188 δὲν
115 2162 241 2189 τοιοῦτον
271 2161 360 2192 εἶπεν,
382 2174 392 2190 ‹
415 2165 445 2192 '0
461 2165 526 2198 Θεὸς
551 2167 605 2203 γὰρ
619 2167 699 2194 αὑτὸν
722 2169 856 2204 προσελά-

57 2207 132 2235 ϐετο.
146 2218 156 2234 ι
179 2208 210 2235 '0
224 2209 291 2242 Θεὸς
306 2210 360 2246 γὰρ
376 2211 469 2243 αὑτὸν,
482 2213 561 2248 φησι,
578 2213 645 2248 πρὸς
656 2214 752 2241 ἑαυτὸν
765 2215 855 2249 ἐφειλ-

57 2253 174 2287 κύσατο,
203 2255 251 2281 καὶ
280 2255 420 2288 ἀπήλλαξε
443 2257 535 2292 πάσης
559 2258 711 2293 Ἰουδαϊκῆς
726 2268 849 2295 παρατη-
869 2263 889 2289 h

58 2299 175 2333 ρήσεως.
199 2314 234 2320 -—-
250 2299 398 2338 [ΣΕΥΗΡ.]
436 2302 466 2330 ’0
491 2304 520 2330 δὲ
537 2304 646 2339 οἰκέτης
674 2305 804 2340 Χριστοῦ,
821 2306 851 2333 ὃν

56 2345 244 2378 προσελάϐετο
257 2347 271 2373 ὸ
283 2347 414 2381 Χριστὸς,
441 2349 588 2385 ἀλλότριός
617 2351 675 2377 ἐστι
693 2351 741 2377 τοῦ
755 2351 848 2386 νόμου.

57 2391 102 2423 Τίς
117 2392 166 2419 οὖν
181 2391 207 2418 εἷ
222 2393 236 2418 ὀ
258 2393 361 2427 κρίνων
390 2394 445 2421 ἀπὸ
469 2396 517 2422 τοῦ
547 2395 631 2431 νόμου
644 2396 690 2423 τὸν
705 2400 753 2424 τοῦ
767 2397 849 2431 νόμου

56 2437 214 2473 ἀλλότριον;
244 2439 300 2466 «Σὺ
315 2439 356 2471 τίς
370 2439 395 2466 εἷ
409 2441 422 2467 ὁ
438 2441 556 2475 κρίνων;
578 2451 586 2468 ι
615 2443 686 2477 Πρὸς
717 2443 762 2470 τὸν
783 2443 847 2470 είλι-

56 2483 136 2517 κρινῆ
172 2484 269 2510 πιστὸν
286 2485 300 2510 ὸ
315 2484 394 2518 λόγος
412 2485 496 2520 αὐτῷ.
523 2486 571 2513 Ἐκ
591 2487 619 2513 δὲ
636 2488 731 2515 τούτου
756 2489 846 2524 δῆλον,

56 2527 94 2554 ὅτι
122 2529 152 2555 οὔ
177 2529 258 2564 μόνον
275 2529 446 2563 ὲξουθὲνουν,
463 2531 532 2558 ἀλλὰ
549 2532 596 2558 καὶ
610 2533 718 2568 ἔκρινον
734 2534 797 2565 τοὺς
810 2534 844 2560 τὰ

56 2574 159 2609 λάχανα
176 2575 328 2608 ἐσθίοντας.
342 2586 351 2602 ι
366 2577 521 2613 Ἀλλότριον
534 2577 655 2613 οἰκέτην.
672 2589 681 2603 ι
696 2579 748 2605 Τοῦ
766 2579 845 2611 Θεοῦ,

56 2622 147 2654 φησιν,
176 2621 245 2652 ἔστι,
280 2622 327 2649 καὶ
346 2622 386 2657 τῷ
407 2623 467 2659 Θεῷ
493 2623 618 2658 διαφέρει
642 2623 690 2650 καὶ
707 2624 723 2658 ή
743 2624 847 2656 πτῶσις

55 2667 134 2694 αὑτοῦ
158 2668 234 2704 καὶὴ
251 2668 372 2704 ἔγερσις.
390 2669 447 2696 Οὐκ
462 2669 556 2705 ἐπειδὴ
573 2667 620 2696 οὖν
632 2670 682 2696 οὐκ
695 2669 758 2702 ἄξια
775 2672 849 2697 ποιεῖ

55 2714 256 2749 κατακρίσεως,
270 2715 308 2750 μὴ
321 2716 396 2751 κρῖνε
417 2716 509 2748 αὑτὸν,
527 2716 620 2750 φησὶν,
637 2716 694 2742 ἀλλ’
709 2716 749 2742 ὅτι
765 2717 843 2743 ἀλλός

55 2760 126 2794 τριός
149 2760 224 2787 ἐστιν
242 2762 364 2796 οἰκέτης,
381 2771 389 2787 ι
401 2762 571 2798 Σταθήσεται
583 2762 622 2790 δέ.
639 2772 648 2788 ι
661 2762 746 2790 Πάλιν
757 2763 840 2798 πλήτ-

55 2812 92 2831 τει
115 2806 180 2838 τοὺς
206 2806 334 2839 ἀσθενεῖς
365 2808 413 2834 καὶ
445 2808 709 2844 παρατηρουμένους
727 2808 760 2835 τὰ
772 2808 843 2842 3pc!)—

57 2859 135 2885 ματα.
162 2853 255 2880 Εἰπὼν
286 2853 360 2888 γὰρ,
391 2863 399 2878 ε
428 2854 596 2888 Σταθήτεται
615 2874 621 2885 ,
647 2863 656 2879 t
690 2853 767 2887 δηλοῖ
795 2855 839 2880 ὅτι

928 273 1006 301 ribus
1022 274 1095 302 circa
1110 275 1206 308 vitam,
1219 276 1253 304 de
1266 277 1309 304 his
1321 285 1381 313 quae
1393 278 1421 305 in
1436 279 1596 315 suspicione
1608 281 1713 310 haben-

928 323 995 346 tur:
1013 319 1048 347 de
1061 320 1105 347 his
1129 328 1191 356 quae
1217 323 1244 349 in
1262 323 1374 351 modum
1394 324 1507 354 festuca:
1532 331 1608 360 sunt,
1632 333 1716 363 prout

927 365 986 400 ipse
999 366 1133 394 Dominus
1146 367 1265 401 dicebat,
1278 369 1312 397 de
1328 370 1372 398 bis
1382 372 1455 399 enim
1467 380 1500 400 ac
1511 372 1650 402 similibus
1665 382 1717 403 ne-

926 419 980 446 que
995 419 1026 438 os
1039 412 1147 447 aperire
1166 420 1276 449 oportet
1293 425 1299 443 :
1318 421 1346 444 et
1363 418 1480 446 maxime
1491 420 1565 454 quod
1581 422 1716 456 przedicto

926 457 1008 492 capiti
1024 458 1141 486 alterum
1155 468 1266 496 quoque
1279 462 1356 491 addit
1367 463 1472 497 dicens,
1489 473 1544 494 non
1561 467 1588 495 in
1604 475 1638 495 eo
1653 474 1715 496 tan-

927 505 984 529 tum
1007 504 1082 538 quod
1102 506 1247 540 puditum
1269 512 1312 536 est
1340 517 1395 537 uon
1413 516 1543 544 oportere
1557 514 1714 548 proximum

926 552 1104 577 contemnere
1119 555 1168 579 aut
1181 553 1385 583 condemnare:
1398 557 1445 584 sed
1457 565 1548 593 neque
1558 559 1584 586 in
1594 567 1628 587 eo
1639 561 1715 596 quod

925 595 1061 628 sequitur.
1078 596 1126 624 Est
1149 602 1241 625 autem
1257 599 1325 627 illud
1340 601 1404 629 tale.
1420 602 1473 630 Alii
1487 604 1599 639 quidem
1614 605 1714 634 distin-

924 640 976 666 ctis
986 648 1035 668 seu
1047 641 1245 672 discriminatis
1259 645 1358 674 diebus
1371 647 1502 684 edebant,
1517 650 1562 678 alii
1575 659 1640 680 vero
1655 652 1715 680 sin»

924 686 1006 720 gulis.
1034 687 1108 716 Dicit
1131 697 1197 725 ergo
1221 692 1294 726 quod
1318 700 1353 720 ne
1377 693 1406 721 in
1420 694 1464 723 his
1477 696 1588 731 quidem
1603 703 1714 734 oportet

924 739 1021 761 mutuo
1035 735 1162 770 judicare
1175 739 1419 769 autcondemnarc
1433 742 1565 775 invicem,
1582 753 1673 781 neque
1691 747 1714 775 is

924 779 972 814 qui
984 780 1052 814 edit,
1069 782 1187 810 alterum
1215 786 1393 814 condemnet.
1408 788 1519 824 Jejunat
1532 791 1607 818 enim
1620 779 1713 827 proxi-

924 831 985 851 mus
1006 830 1034 852 et
1063 825 1211 861 benefacit,
1237 835 1299 856 cum
1322 830 1375 858 hoc
1396 831 1451 867 agit
1477 838 1591 869 propter
1614 825 1712 866 Deum.

923 869 1018 905 Neque
1038 879 1148 900 rursum
1176 874 1200 901 is
1226 875 1274 910 qui
1297 876 1406 912 jejunat
1430 879 1615 909 condemnare
1631 882 1714 911 debet

921 915 998 944 illum
1010 918 1121 953 quinon
1131 920 1237 955 jejunat
1251 921 1451 952 discriminatis
1464 925 1565 955 diebus
1580 927 1644 963 (hoc
1659 934 1711 962 est,

920 962 967 996 qui
993 962 1110 998 singulis
1123 964 1221 993 diebus
1235 966 1318 1001 edit);
1335 975 1390 995 non
1405 969 1480 997 enim
1493 973 1624 1008 praecepti
1644 973 1713 1009 legis

919 1011 972 1036 est.
994 1013 1024 1036 ut
1053 1011 1237 1046 transgressio
1260 1013 1396 1047 judicium
1424 1015 1532 1050 aﬁ'erat,
1558 1019 1607 1046 sed
1625 1020 1713 1047 solius

919 1054 1080 1083 voluntatis.
1111 1065 1120 1082 ι
1145 1057 1205 1085 Non
1230 1059 1263 1085 ad
1295 1059 1512 1095 dijudicationes
1535 1063 1713 1100 disceptatio-

923 1108 999 1128 num.
1021 1110 1030 1126 ι
1050 1101 1141 1129 Semel
1158 1103 1268 1138 quidem
1283 1105 1346 1133 {erit
1365 1106 1426 1134 illos
1436 1115 1499 1136 cum
1515 1109 1632 1142 diceret,
1645 1120 1654 1136 ι
1669 1111 1712 1138 1η‹

919 1146 1012 1173 ﬁrmos
1021 1147 1101 1180 ﬁde;i
1117 1149 1238 1176 secundo
1247 1151 1436 1183 vero.dicens.
1450 1154 1629 1183 «Assumiten
1641 1156 1709 1184 Nam

920 1192 1043 1219 ostendit
1061 1200 1110 1222 eos
1134 1195 1221 1222 multa
1247 1203 1314 1223 cura
1334 1204 1425 1232 egere.
1443 1198 1536 1227 Tertio
1564 1207 1627 1229 cum
1645 1203 1684 1231 ait
1700 1212 1707 1230 :

920 1247 929 1262 ‹
955 1238 1014 1266 Non
1034 1239 1068 1266 ad
1085 1239 1297 1275 dijudicationes
1319 1243 1564 1278 disceptationum.
1583 1256 1593 1273 ι
1616 1247 1709 1283 Siqui-

916 1284 978 1311 dem
993 1285 1021 1312 in
1038 1289 1143 1314 tantum
1155 1294 1204 1315 eos
1217 1288 1272 1316 labi
1289 1289 1434 1324 signiﬁcat,
1452 1297 1482 1319 ut
1499 1292 1539 1320 illi
1556 1293 1639 1321 etiam
1659 1295 1707 1330 qui

916 1337 979 1357 cum
1005 1331 1048 1359 eis
1071 1332 1098 1359 in
1118 1333 1240 1362 amicitia
1257 1336 1501 1365 communicabant
1519 1339 1708 1375 dijudicarent

915 1385 948 1404 ac
960 1380 1270 1413 separarentur.aAlius
1280 1382 1392 1416 quidem
1406 1383 1497 1412 credit
1506 1386 1611 1421 quavis
1622 1389 1708 1416 eden-

913 1423 958 1450 da.
972 1433 981 1450 ›
999 1423 1050 1457 Qui
1068 1425 1187 1458 sincere,
1205 1426 1305 1462 inquit,
1323 1428 1423 1462 credit,
1439 1430 1598 1467 nullamque
1623 1432 1708 1462 habet

912 1468 1054 1497 Iudaicam
1077 1470 1308 1506 observationem,
1323 1474 1415 1502 omnia
1430 1475 1489 1503 sine
1501 1477 1707 1508 abominatione

913 1513 981 1541 edit.
1003 1514 1185 1544 Commendat
1196 1521 1289 1546 autem
1308 1518 1398 1553 ipsum
1414 1527 1429 1548 a
1445 1521 1507 1550 ﬁde.
1528 1532 1538 1548 σ
1553 1523 1632 1552 Alius
1647 1531 1699 1552 au-

915 1564 969 1586 tem
985 1560 1031 1595 qui
1054 1561 1182 1591 inﬁrmus
1197 1568 1239 1591 est
1249 1564 1334 1598 (circa
1350 1565 1456 1602 ﬁdem),
1473 1568 1549 1596 olera
1562 1569 1630 1598 edit.
1648 1580 1658 1599 θ
1674 1572 1704 1601 in

914 1605 967 1633 hoc
980 1607 1064 1635 etiam
1077 1609 1257 1643 reprehendit
1267 1618 1342 1644 eum,
1354 1613 1428 1647 quod
1441 1620 1496 1641 non
1511 1614 1621 1643 laudata
1635 1617 1702 1645 abs-

915 1652 1030 1680 tinentia
1047 1655 1122 1682 olera
1132 1655 1238 1688 ederet,
1259 1664 1418 1693 quanquam
1437 1659 1491 1687 hoc
1508 1660 1634 1697 ﬁngeret,
1654 1663 1702 1690 sed

912 1697 975 1725 ﬁdei
989 1699 1159 1729 inﬁrmitate.
1177 1711 1185 1727 ε
1203 1701 1254 1735 Qui
1270 1703 1340 1736 edit,
1358 1711 1412 1732 non
1434 1705 1562 1734 edentem
1584 1715 1638 1735 non
1652 1708 1702 1737 de-

912 1743 1021 1778 spiciat.
1037 1754 1044 1770 ι
1061 1745 1119 1773 Νοη
1130 1746 1218 1774 dixit:
1231 1748 1369 1784 Corrigat.
1389 1750 1437 1777 sed
1456 1760 1466 1776 ‹
1479 1751 1518 1779 Ne
1530 1751 1674 1788 despiciat,
1689 1764 1699 1780 ι

911 1791 1060 1820 ostendens
1072 1793 1146 1827 quod
1172 1793 1289 1822 ridicule
1304 1795 1396 1823 iaciat.
1417 1796 1532 1832 Oportet
1542 1800 1616 1827 enim
1644 1800 1702 1829 l‘ra-

911 1839 990 1864 terne
1008 1838 1168 1872 emendare,
1188 1844 1217 1867 et
1250 1848 1305 1868 non
1330 1845 1460 1877 tanquam
1484 1844 1700 1875 abominandum

910 1882 1062 1917 despicere.
1078 1893 1087 1910 ‹
1103 1885 1142 1912 Ne
1162 1885 1308 1921 despiciat.
1326 1897 1335 1914 ο
1356 1888 1499 1924 Siquidem
1514 1892 1590 1919 velut
1605 1892 1632 1920 hi
1651 1895 1699 1928 qui

910 1936 959 1962 per
972 1928 1053 1956 ﬁdem
1074 1930 1194 1958 edebant
1207 1932 1298 1960 omnia
1312 1933 1373 1961 sine
1383 1935 1500 1969 judicio,
1510 1936 1701 1971 despiciebant

909 1974 1090 2004 observantes
1101 1976 1189 2009 cibos,
1206 1977 1242 2005 ita
1254 1978 1292 2005 illi
1311 1980 1361 2006 hos
1374 1984 1504 2016 tanquam
1518 1982 1618 2011 edaces
1633 1991 1700 2012 ven-

910 2020 999 2055 tuique
1014 2021 1124 2050 deditos
1139 2023 1310 2057 judicabant.

943 2066 1025 2102 383
1045 2067 1112 2095 Vide
1134 2072 1226 2096 autem
1260 2070 1333 2104 quod
1363 2071 1398 2097 de
1428 2072 1577 2102 edentibus
1605 2075 1694 2103 dixit:

911 2122 920 2139 ‹
939 2113 1010 2141 Deus
1029 2115 1101 2141 enim
1119 2115 1195 2143 illum
1212 2118 1360 2152 assumpsit
1376 2127 1383 2144 ι
1403 2128 1413 2144 ι
1431 2119 1466 2148 de
1483 2120 1696 2151 observantibus

907 2164 999 2186 autem
1014 2161 1091 2188 cibos
1103 2161 1171 2188 nihil
1188 2162 1241 2189 tale
1259 2162 1337 2190 dixit.
1356 2172 1365 2190 ‹
1384 2164 1456 2193 Deus
1471 2166 1544 2194 enim
1558 2167 1635 2195 illum
1650 2176 1696 2196 as-

907 2205 1035 2239 sumpsit.
1050 2215 1058 2231 »
1068 2206 1135 2232 Nam
1146 2206 1228 2238 Deus,
1239 2207 1340 2241 inquit,
1355 2208 1431 2235 illum
1444 2209 1478 2236 ad
1491 2217 1520 2237 se
1532 2212 1655 2244 attraxit,
1666 2218 1696 2241 et

907 2251 982 2278 omni
1020 2251 1133 2279 Judaica
1176 2252 1369 2281 observatione
1399 2255 1537 2284 liberavit.
1568 2257 1697 2286 Famulns

904 2297 1017 2330 Christi,
1030 2305 1110 2332 quem
1119 2297 1245 2326 Christus
1255 2299 1414 2334 assumpsit,
1426 2301 1533 2329 alienus
1545 2307 1587 2330 est
1598 2311 1613 2331 a
1624 2303 1693 2339 lege.

905 2342 972 2376 Quis
987 2351 1051 2378 ergo
1066 2351 1096 2371 es
1112 2349 1140 2370 tu
1159 2343 1207 2378 qui
1219 2352 1253 2371 ex
1269 2345 1328 2380 lege
1340 2345 1448 2380 judicas
1464 2355 1525 2375 eum
1542 2348 1589 2389 qui
1605 2357 1619 2376 a
1636 2349 1694 2385 lege

904 2389 1012 2417 alienus
1028 2390 1086 2417 est?
1103 2400 1113 2416 ‹
1133 2390 1174 2417 Tu
1191 2391 1254 2425 quis
1272 2399 1302 2418 es
1327 2392 1373 2427 qui
1387 2393 1513 2428 judicas?
1537 2404 1547 2421 ›
1568 2395 1609 2423 Ad
1629 2403 1693 2424 eum

905 2435 951 2469 qui
973 2435 1082 2463 sincere
1108 2436 1197 2464 credit
1220 2437 1271 2472 ipsi
1294 2445 1386 2465 sermo
1409 2444 1461 2466 est.
1483 2440 1568 2468 Porro
1589 2449 1621 2469 ex
1641 2442 1694 2469 hoc

905 2481 1081 2509 manifestum
1098 2487 1140 2510 est
1163 2483 1235 2517 quod
1258 2491 1312 2511 non
1327 2484 1416 2511 solum
1434 2485 1635 2521 despiciebant,
1650 2496 1694 2515 ve-

902 2535 962 2554 rum
974 2528 1056 2555 etiam
1070 2529 1230 2563 judicabant
1244 2536 1291 2557 eos
1302 2530 1350 2565 qui
1362 2531 1436 2558 olera
1446 2531 1574 2560 edebant.
1590 2542 1600 2559 ι
1620 2534 1693 2561 Alie-

902 2582 967 2602 num
986 2575 1128 2602 famulum.
1147 2585 1156 2601 ι
1176 2576 1235 2607 Dei,
1250 2576 1350 2611 inquit,
1367 2581 1419 2610 est,
1436 2582 1465 2605 et
1478 2579 1511 2606 ad
1526 2579 1611 2607 Deum
1627 2587 1691 2615 per-

903 2622 972 2647 tinct
994 2628 1074 2648 casus
1099 2621 1186 2656 ipsius
1210 2626 1258 2649 aut
1280 2622 1421 2650 excitatio.
1447 2623 1505 2651 Non
1529 2632 1594 2659 ergo
1616 2627 1690 2660 quod

900 2666 1132 2694 condemnatione
1151 2667 1233 2702 digna
1256 2676 1310 2695 uou
1326 2674 1396 2704 agat.
1419 2677 1453 2696 ne
1470 2670 1558 2705 ipsum
1575 2670 1690 2705 iudices,

901 2712 949 2739 sed
964 2713 1038 2747 quod
1051 2713 1159 2741 alienus
1173 2714 1209 2741 sit
1223 2714 1352 2742 famulus.
1369 2725 1377 2742 ι
1398 2715 1540 2743 Statuetur
1554 2721 1655 2744 autem.
1678 2727 1686 2743 ι

902 2760 1007 2787 Rursus
1028 2759 1152 2788 inﬁrmos
1167 2760 1239 2791 ferit,
1261 2769 1360 2796 nempe
1375 2763 1421 2796 qui
1439 2763 1516 2790 cibos
1532 2763 1688 2792 observant.

898 2806 997 2833 Dic-ens
1009 2806 1093 2839 enim,
1107 2815 1117 2832 ι
1134 2806 1287 2838 Statuetur,
1305 2816 1314 2832 ι
1334 2807 1454 2834 ostendit
1472 2808 1532 2836 illos
1550 2808 1688 2841 vacillare,

897 2852 979 2886 idque
991 2852 1060 2880 adeo
1077 2857 1105 2879 ut
1121 2853 1176 2880 Deo
1191 2853 1226 2880 sit
1239 2853 1305 2888 ipsis
1321 2860 1390 2886 opus
1403 2853 1449 2888 qui
1468 2862 1516 2883 eos
1530 2855 1686 2885 conﬁrmet.

57 2899 222 2935 σαλεῦονται,
256 2902 303 2929 καὶ
318 2901 456 2936 τοσοῦτον,
474 2902 510 2934 ὼς
529 2901 596 2928 Θεοῦ
611 2901 713 2929 δεῖσθαι
727 2901 975 2937 ςτερροποιοῦντος.
