1889 3055
176 153 232 186 591

185 258 257 285 alius
268 265 328 284 vero
337 256 442 290 judicat
454 262 558 282 omnem
571 254 651 280 diem.
668 252 850 288 Unusquisque
860 252 975 287 proprire

187 302 269 330 menti
284 301 444 336 satisfaciat.
459 299 510 332 Qui
528 303 604 326 curat
619 299 699 332 diem,
714 298 826 325 Domino
840 303 915 325 curat
928 306 936 325 :
951 302 976 324 et

186 348 232 382 qui
244 349 385 374 noneurat
397 345 477 377 diem,
490 343 603 370 Domino
616 351 670 370 non
682 347 768 370 curat.
784 342 835 376 Qui
850 343 913 376 edit,
926 342 977 370 Do-

187 393 258 419 mino
280 390 461 425 edit,-gratias
477 389 548 416 enim
569 389 625 424 agit
643 387 696 415 Deo
712 395 721 413 .'
738 392 762 414 et
781 388 825 423 qui
844 395 896 414 non
911 387 974 421 edit,

188 438 298 465 Domino
310 445 362 464 non
375 437 439 469 edit,
455 440 479 463 et
495 435 598 472 gratias
614 435 669 470 agit
683 434 748 462 Deo.

223 529 379 559 Verisimile
401 531 445 556 est
456 527 530 563 quod
547 527 673 555 nonnulli
687 526 737 562 qui
754 527 783 554 in
798 526 857 554 dies
867 526 976 562 jejuna~

187 577 254 604 bant
274 583 323 603 seu
346 573 532 607 abstinebam,
554 581 588 601 eo
612 577 734 608 tempore
757 572 981 600 condemnabam-

185 629 234 650 eos
252 621 299 657 qui
326 628 382 648 non
404 619 535 648 continue
551 619 730 647 abstinebant
746 627 752 645 :
769 619 870 654 quibus
891 619 977 646 inter-

185 668 254 697 dicit
276 675 310 696 ne
337 667 525 695 condemnem
556 671 604 694 aut
635 666 814 694 vehementer
837 670 975 694 accusent.

186 715 281 750 Nuper
300 714 375 743 enim
398 713 432 741 ad
456 713 538 741 ﬁdem
561 716 706 746 venerant,
727 717 754 740 et
772 713 920 740 verebatur
943 720 977 740 ne

186 762 273 790 multa
292 760 433 789 accusatio
443 767 491 788 eos
507 759 620 787 omnino
634 767 649 786 a
664 758 716 786 fide
733 763 883 794 separaret,
893 767 977 786 accu-

187 807 343 835 sationibus
376 806 410 833 ad
449 805 520 832 iram
545 809 719 840 provocatos.
747 813 757 830 ι
783 805 978 840 Unusquisque

189 853 308 889 propria:
320 852 416 881 menti.
434 861 443 878 ι
461 852 520 879 Non
532 851 566 879 de
578 851 707 879 omnibus
718 851 847 886 accipias,
859 860 869 877 ι
886 851 978 879 Unus-

189 899 309 934 quisque
330 898 448 934 propriaa
471 898 557 925 menti
580 897 741 931 satisfaciat,
759 907 768 924 ι
795 897 843 925 sed
871 897 905 925 de
922 897 980 925 solo
996 892 1017 920 Β

188 945 304 981 jejunio,
328 943 411 979 idque
434 943 684 971 condescendendo
705 943 754 976 ait,
779 943 844 978 quia
864 943 981 970 Romani

191 997 279 1025 nuper
308 989 372 1016 ﬁdei
399 989 584 1017 adhaeserant.
604 987 683 1022 Quod
709 988 732 1016 si
758 989 841 1016 etiam
869 989 903 1016 de
927 989 981 1016 ﬁde

190 1035 354 1070 praedictum
374 1035 491 1062 verbum
513 1034 667 1069 acceperis,
687 1038 745 1061 toto
767 1035 838 1062 C(elo
857 1034 980 1062 aberras.

190 1083 272 1112 Juxta
289 1082 429 1118 propriam
452 1086 545 1109 autem
559 1087 679 1109 mentem
696 1082 813 1117 quisque
830 1082 881 1109 sibi
899 1082 982 1110 satis-

191 1129 275 1157 faciat
301 1138 308 1156 τ
333 1129 377 1156 vel
399 1128 473 1164 quod
496 1128 651 1156 benefaciat
677 1129 700 1156 si
733 1135 841 1163 semper
865 1129 981 1164 jejunet,

191 1177 249 1204 sive
276 1176 414 1204 abstineat
433 1185 441 1203 :
461 1175 505 1203 vel
524 1175 599 1210 quod
623 1183 679 1202 non
706 1175 862 1203 henefaciat
884 1176 907 1203 si
927 1183 982 1203 non

192 1229 302 1257 semper
314 1221 431 1257 jejunet.
450 1230 460 1246 ι
480 1220 532 1254 Qui
547 1225 626 1248 curat
637 1221 721 1253 diem,
735 1221 853 1248 Domino
867 1225 954 1249 curat.
970 1230 980 1247 ι

191 1267 252 1295 Non
276 1271 319 1295 est
340 1267 394 1294 hoc
417 1266 534 1294 verbum
555 1266 589 1294 de
608 1266 671 1294 ﬁdei
693 1266 821 1302 dogmate
844 1267 984 1302 accipien-

193 1313 259 1341 dum
276 1321 283 1341 :
303 1313 329 1340 id
347 1312 422 1348 quod
444 1316 473 1340 et
494 1312 554 1348 ipse
575 1312 713 1348 praedixit.
732 1312 874 1347 Siquidem
895 1317 924 1340 et
940 1313 984 1341 hic

194 1364 223 1387 et
239 1359 285 1386 ille
306 1359 353 1386 uui
368 1358 527 1386 innituntur
540 1366 635 1393 scopo,
650 1360 749 1393 nempe
764 1358 858 1386 divino
873 1358 983 1386 honori.

193 1405 262 1432 Nam
291 1405 338 1440 qui
372 1404 445 1432 diem
474 1409 553 1432 curat
585 1403 737 1431 arbitratur
764 1411 793 1431 se
821 1403 871 1431 Dei
896 1404 983 1439 legem

195 1451 359 1483 obseruare;
375 1449 458 1485 384
471 1450 519 1484 qui
535 1457 601 1476 vero
610 1449 678 1477 .dies
691 1449 768 1477 nullo
784 1449 812 1477 in
831 1450 885 1477 hoc
901 1450 985 1478 habet

196 1497 368 1530 discrimine,
381 1503 491 1524 omnem
506 1496 580 1523 diem
594 1499 722 1531 tanquam
740 1504 755 1524 a
774 1496 828 1524 Deo
842 1497 984 1525 conditum

702 147 910 179 iECUMENlI
928 146 1073 177 ΤΒΙΕΟιἘ.
1091 145 1260 176 EPISCOPI

220 209 291 243 συν,
317 209 345 241 5,
366 208 394 237 6.
421 208 497 236 Alius
522 208 628 243 quidem
651 207 755 242 judicat
781 206 851 233 diem
870 214 887 232 α
905 205 947 232 die
968 209 1016 237 :A

1765 143 1827 175 592

1069 205 1122 237 Ὃς
1147 204 1206 238 μὲν
1225 203 1320 238 κρίνει
1346 201 1461 237 ἡμέραν
1486 202 1554 237 παρ’
1579 202 1704 238 ἡμέραν.
1727 206 1763 239 ὃς
1790 205 1830 232 δὲ

1028 250 1121 284 κρίνει
1140 249 1243 277 πᾶσαν
1261 249 1386 284 ἡμέραν.
1416 249 1563 282 Ἕκαστος
1581 249 1617 276 ἐν
1638 250 1678 283 τῷ
1696 251 1761 285 ίδΙῳ
1773 252 1831 278 νοτ

1028 296 1286 330 πληροφορείσθω.
1303 295 1335 321 '0
1354 294 1474 330 φρονῶν
1491 295 1548 329 τὴν
1570 296 1695 330 ἡμέραν,
1722 298 1830 331 Κυρίῳ

1030 341 1145 377 φρονεῖ,
1163 340 1214 367 καί
1228 342 1244 368 ὁ
1253 341 1296 376 μὴ
1314 340 1434 375 φρονῶν
1444 340 1502 375 τὴν
1519 341 1644 376 ἡμέραν,
1663 344 1762 378 Κυρίῳ
1786 345 1829 370 οὐ

1028 386 1142 422 φρονεῖ.
1158 387 1213 414 Καὶ
1226 388 1243 414 ό
1254 387 1373 419 ἐσθίων,
1395 387 1492 422 Κυρίῳ
1507 388 1601 415 ἐσθίει
1623 397 1630 404 ·
1647 391 1831 425 εὐχαριστεῖ

1029 434 1084 468 γὰρ
1094 434 1134 467 τῷ
1151 433 1213 466 Θεῷ
1225 441 1232 448 ·
1258 433 1308 461 καὶ
1322 435 1338 461 ὀ
1346 434 1389 468 μὴ
1401 434 1521 468 ἐσθίων,
1533 435 1631 470 Κυρίῳ
1645 438 1701 464 οὐκ
1712 436 1826 470 ἐσθίει,

1029 481 1079 507 καὶ
1095 480 1273 515 εὐχαριστεῖ
1282 480 1322 513 τῷ
1341 481 1412 514 Θεῷ.
1508 489 1510 491 ·

1060 525 1140 558 Είκδς
1159 523 1204 561 ἦν,
1219 526 1295 558 τινὰς
1310 527 1364 554 τῶν
1382 527 1500 563 συνεχῶς
1514 530 1709 564 νηστευόντων.
1737 540 1829 558 κατα..

1028 572 1133 608 κρίνειν
1147 572 1211 604 τοὺς
1227 573 1265 608 μὴ
1288 573 1408 608 συνεχῶς
1423 574 1614 610 νηστεύοντας,
1633 575 1674 608 οἷς
1688 577 1719 603 τὸ
1733 586 1827 604 κατει-

1030 620 1133 655 κρίνειν
1159 619 1206 646 καὶ
1231 620 1333 654 σφόδρα
1363 620 1490 654 ἐγκαλεῖν
1518 622 1700 657 ἀπαγορεύει.
1729 622 1826 651 Ἦσαν

1029 665 1084 700 γὰρ
1113 665 1239 701 νεηλυδες
1268 666 1298 692 ὲν
1328 667 1361 701 τῇ
1394 666 1494 699 πίστει,
1521 668 1569 694 καὶ
1597 668 1726 696 ἐδεδοίκει
1750 670 1791 706 μὴ
1809 672 1826 705 ἡ

1031 712 1115 748 πολλὴ
1127 712 1266 748 ἔγκλησις,
1275 712 1365 739 τέλεον
1373 713 1471 745 αὐτοὺς
1484 714 1620 750 ἀποσχίσῃ
1632 715 1681 750 τῆς
1691 715 1828 748 πίστεως,

1030 758 1205 793 ὀργισθέντας
1229 758 1290 790 ταῖς
1324 758 1497 794 ὲγκλήσεσιν.
1532 759 1693 792 «Ἕκαστος
1717 761 1747 787 ἐν
1785 761 1829 796 τῷ

1033 805 1089 840 ἰδίῳ
1107 805 1157 832 νοΐ.
1173 814 1182 830 ι
1202 804 1247 839 Μὴ
1263 804 1328 840 περὶ
1344 805 1454 832 πάντων
1470 805 1533 842 δέξῃ
1563 805 1604 838 τὸ,
1621 815 1630 832 ι
1644 807 1781 839 Ἕκαστος
1797 808 1829 834 έν

1031 852 1070 887 τῷ
1089 852 1145 887 ίδίῳ
1174 850 1214 877 νοῒ
1240 851 1486 887 πληροφορείσθω»
1509 860 1517 868 ’
1537 852 1596 879 ἀλλ’
1622 853 1669 879 ἐπὶ
1693 854 1829 888 νηστείας

1033 897 1122 932 μόνον,
1141 897 1187 923 καὶ
1201 895 1278 923 τοῦτο
1298 896 1536 930 συγκαταϐαίνων,
1551 898 1645 934 ἐπειδὴ
1658 898 1830 933 ἀρτιπαγεῖς

1032 940 1102 979 ἦσαν
1115 943 1145 969 ὲν
1162 944 1195 978 τῇ
1214 942 1305 969 πίστει
1322 943 1347 969 οἱ
1369 943 1512 978 Ῥωμαῖοι.
1547 943 1591 975 Ὠς
1615 944 1672 977 είγε
1692 945 1741 971 καὶ
1759 946 1831 981 περὶ

1032 989 1152 1020 πίστεως
1180 988 1243 1024 δέξῃ
1259 989 1288 1014 τδ
1302 988 1461 1024 εἰρημένον,
1488 989 1535 1016 τοῦ
1558 990 1661 1021 παντὸς
1679 990 1828 1023 ἐξέπεσες.

1032 1036 1112 1063 Κατὰ
1133 1035 1162 1062 δὲ
1190 1035 1236 1062 τὸν
1262 1035 1328 1062 ἴδιον
1352 1034 1554 1074 νοῦνιέκαστος
1583 1036 1828 1072 πληροφορείσθω,

1032 1082 1050 1118 ἢ
1063 1082 1103 1108 ὅτι
1131 1080 1223 1113 καλῶς
1249 1081 1323 1107 ποιεῖ
1345 1080 1486 1116 νηστεύων
1508 1081 1563 1114 ἀεὶ,
1577 1080 1593 1117 ἦ
1607 1082 1647 1108 ὅτι
1672 1083 1704 1109 οὐ
1732 1082 1831 1114 καλῶς

1034 1128 1118 1160 ποιεῖ,
1135 1127 1166 1154 οὺ
1183 1127 1321 1162 νηστεύων
1350 1126 1404 1154 ἀεί.
1424 1136 1433 1152 ι
1452 1127 1481 1153 Ὀ
1493 1127 1600 1163 φρονῶν
1629 1128 1678 1162 τὴν
1703 1129 1829 1164 ἡμέραν,

1034 1173 1130 1210 Κυρίῳ
1148 1174 1251 1209 φρονεῖ.
1269 1183 1278 1199 ι
1296 1173 1333 1200 οὐ
1349 1173 1458 1200 δεκτέον
1472 1173 1502 1200 τὸ
1519 1174 1603 1209 ῥητὸν
1631 1175 1678 1201 ἐπὶ
1690 1175 1830 1210 δόγματος

1034 1220 1162 1252 πίστεως.
1188 1220 1284 1255 Ὅμως
1314 1221 1362 1247 καὶ
1383 1220 1463 1252 αὐτὸς
1494 1222 1624 1256 προεῖπε.
1659 1222 1831 1258 Ἀμφότεροι

1034 1267 1100 1302 γὰρ,
1117 1263 1192 1298 οὗτός
1206 1275 1236 1292 τε
1255 1267 1391 1299 κακεῖνος,
1405 1266 1445 1293 ἑνὶ
1457 1267 1578 1302 χρῶνται
1591 1267 1696 1302 σκοπῷ,
1710 1269 1778 1303 τιμῇ
1795 1270 1830 1303 τῇ

1035 1312 1100 1348 περὶ
1120 1313 1165 1339 τὸν
1188 1312 1265 1339 Θεόν.
1280 1313 1357 1339 Ὅτε
1388 1313 1444 1348 γὰρ
1470 1313 1752 1348 παραφυλαττόμενος
1778 1314 1832 1349 τὴν

1035 1360 1158 1395 ἡμέραν,
1173 1359 1260 1386 οίεται
1272 1359 1340 1386 Θεοῦ
1360 1360 1443 1395 νόμον
1460 1359 1592 1396 πληροῦν·
1609 1361 1623 1387 ὅ
1633 1369 1661 1387 τε
1672 1361 1833 1396 ἀδιαφορῶν

1035 1405 1101 1441 περὶ
1129 1405 1219 1436 τοῦτο.
1237 1406 1328 1432 πᾶσαν
1341 1405 1380 1438 ὡς
1396 1406 1448 1433 ὑπὸ
1462 1406 1531 1433 Θεοῦ
1545 1406 1695 1442 γενομένην
1706 1408 1833 1442 ἡμέραν,

1035 1451 1070 1479 δι’
1086 1452 1182 1487 ὁμοίας
1203 1451 1261 1487 ἔχει
1278 1452 1373 1487 τιμῆς.
1389 1468 1423 1472 -
1435 1453 1564 1486 Ἄλλως.
1584 1452 1685 1489 [ΦΩΤ.]
1701 1453 1749 1486 Τὸ,
1771 1463 1781 1479 ι
1804 1454 1834 1480 ’0

1037 1498 1143 1534 φρονῶν
1154 1498 1203 1533 τὴν
1217 1499 1334 1534 ἡμέραν,
1350 1499 1445 1534 Κυρίῳ
1458 1500 1561 1534 φρονεῖ,
1574 1500 1620 1526 καὶ
1635 1499 1649 1526 ό
1668 1500 1705 1535 μὴ
1720 1501 1834 1535 φρονῶν

195 1543 279 1570 simili
295 1543 377 1571 habet
401 1543 429 1570 in
444 1543 560 1570 honore.
579 1556 613 1562 —
627 1542 716 1569 Aliud.
733 1541 810 1575 Quod
829 1543 868 1570 ait
885 1551 892 1570 :
911 1553 920 1568 ι
932 1543 972 1576 Qu

1064 1554 1088 1580 Ἰν
1117 1545 1235 1580 ἡμέραν,
1262 1545 1359 1580 Κυρίῳ
1374 1545 1404 1571 οὐ
1433 1546 1558 1580 φρονεί,ι
1588 1546 1707 1581 φανερὸν
1732 1547 1766 1573 ὲκ
1783 1547 1832 1572 to".

194 1593 273 1616 curat
288 1589 373 1621 diem,
389 1588 505 1616 Domino
522 1592 613 1620 curat,
627 1592 654 1615 et
669 1589 716 1623 qui
733 1596 789 1616 non
807 1593 887 1616 curat
901 1589 973 1616 diem

1064 1592 1239 1628 ροειρημένου
1264 1593 1331 1627 ἡμῖν
1362 1592 1402 1618 ὅτι
1427 1592 1508 1619 τοῦτο
1520 1592 1605 1626 λέγει,
1620 1593 1659 1619 ὃτι
1686 1593 1716 1619 Ὀ
1729 1593 1835 1628 κρίνων

195 1636 313 1664 Domino
334 1643 390 1663 non
413 1639 503 1667 curat,
530 1644 540 1660 ι
568 1634 746 1663 manifestum
772 1640 816 1663 est
837 1636 911 1671 quod
935 1635 976 1663 ho«

1064 1639 1087 1666 ιι
1112 1638 1286 1673 λογιζόμενος
1313 1637 1394 1664 καλὸν
1416 1636 1485 1665 εἷναι
1503 1638 1563 1665 καθ’
1586 1638 1693 1673 ἡμέραν
1720 1641 1835 1674 φαγεῖν,

197 1682 279 1710 nobis
302 1681 449 1717 signiﬁcet.
468 1680 520 1714 Qui
543 1681 650 1716 judicat
668 1686 699 1709 et
722 1682 862 1710 existimat
885 1683 976 1710 bonuu

1064 1684 1079 1719 ξ)
1094 1683 1190 1719 Κυρίῳ
1222 1684 1328 1719 φρονεῖ,
1348 1684 1498 1718 τουτέστιν,
1518 1685 1546 1710 ὲν
1558 1684 1653 1720 Κυρίῳ
1666 1685 1746 1712 τοῦτο
1756 1686 1836 1720 λογί-

195 1736 260 1756 essc
284 1729 359 1756 omni
378 1727 424 1755 die
446 1727 540 1759 edere,
559 1728 677 1755 Domino
694 1733 773 1756 curat
795 1738 802 1756 :
826 1729 879 1756 hoc
894 1729 976 1761 est,i1

1064 1738 1129 1761 arat,
1157 1729 1295 1756 τουτέστιν
1317 1729 1360 1756 διὰ
1383 1729 1430 1756 τὸν
1443 1729 1545 1765 Κύριον
1571 1730 1638 1757 αὐτὸ
1653 1732 1736 1757 ποιεῖ.
1752 1732 1836 1758 Καὶό

197 1775 314 1802 Domino
354 1775 408 1801 hoc
448 1774 609 1806 existimat,
633 1777 662 1801 et
698 1778 811 1809 propter
843 1775 976 1801 Dominun

1065 1775 1082 1809 ὴ
1111 1774 1213 1810 κρίνων
1236 1775 1326 1807 τοῦτο,
1346 1775 1412 1810 μηδὲ
1425 1775 1599 1811 λογιζόμενος
1621 1776 1661 1803 ὅτι
1675 1777 1759 1803 καλόν
1775 1778 1836 1804 ἐστι

197 1821 251 1848 hoc
270 1820 346 1848 facit.
369 1820 403 1847 Et
425 1819 473 1854 qui
500 1827 554 1846 non
578 1819 685 1855 judicat
702 1819 766 1852 hoc,
782 1827 871 1855 neque
889 1820 976 1847 bonus

1064 1821 1105 1848 σθ’
1128 1821 1236 1857 ἡμέραν
1265 1822 1375 1855 φαγεῖν,
1398 1821 1442 1848 διὰ
1457 1822 1504 1849 τὸν
1531 1822 1634 1857 Κύριον
1648 1823 1728 1850 τοῦτο
1743 1824 1836 1858 κρίνει

197 1867 350 1895 arbitratur
380 1866 455 1893 omni
485 1866 530 1893 die
559 1867 663 1899 edere,
697 1872 809 1901 propter
845 1866 976 1894 Dominus

1064 1866 1124 1893 αλδν
1153 1865 1223 1893 εἶναι
1250 1867 1297 1893 καὶ
1312 1866 1461 1901 λογίζεται.
1488 1868 1570 1895 Attia
1584 1868 1639 1903 γάρ
1662 1868 1736 1895 ἐστιν
1759 1869 1836 1904 αὐτῷ

200 1916 238 1942 ita
268 1914 374 1949 judicat
408 1916 436 1940 et
467 1913 631 1940 arbitratur.
659 1913 723 1941 Haec
757 1913 830 1941 enim
863 1913 976 1948 ρηοᾱίοι

1064 1910 1131 1938 αὔτα
1141 1911 1274 1946 εἰρημένα
1284 1910 1343 1944 τοῦ,
1363 1920 1372 1937 ι
1385 1911 1520 1943 ’Ἕκαστος
1537 1913 1566 1939 ὲν
1579 1913 1617 1948 τῷ
1634 1913 1691 1949 ἰδίῳ
1703 1913 1746 1940 νοῒ
1764 1914 1837 1950 πλη-

199 1963 264 1988 sunt
287 1959 338 1994 ipsi
364 1966 447 1986 causa
470 1964 500 1986 ut
525 1959 578 1986 hoc
604 1959 710 1995 judicet
737 1968 744 1986 :
770 1963 836 1994 puta
860 1963 890 1986 ut
910 1967 976 1987 unus

1064 1957 1224 1993 οφορείσθω.
1247 1967 1257 1984 ι
1274 1957 1337 1989 Πῶς
1362 1957 1451 1993 λέγεις
1477 1958 1567 1993 τοῦτο,
1597 1960 1707 1994 Παῦλες
1735 1961 1837 1992 Καλῶς

200 2006 318 2041 quisque
359 2005 477 2040 propriae
516 2005 602 2033 menti
645 2005 805 2032 satisfaciat.
851 2005 974 2039 Quomod

1064 2002 1132 2036 ἶπον,
1148 2004 1241 2039 φησὶν,
1269 2003 1365 2039 ἐπειδὴ
1378 2005 1424 2030 καὶ
1438 2005 1452 2031 ό
1468 2005 1607 2040 νηστεύων
1625 2005 1696 2041 ὑπὲρ
1713 2007 1836 2042 ἡμέραν,

196 2052 254 2078 hoc
288 2050 367 2082 dicis,
397 2050 496 2078 Paule?
519 2050 603 2082 Bene,
625 2050 725 2085 inquit,
752 2050 807 2077 dixi
832 2059 839 2078 :
864 2052 976 2086 quoniar

1064 2048 1228 2075 αἰόὲσθίων
1261 2048 1321 2075 καθ’
1347 2049 1466 2085 ἡμέραν,
1495 2050 1535 2081 εἰς
1556 2049 1707 2086 ἀρέσκειαν
1723 2052 1833 2087 Κυρίου

192 2102 229 2126 .ct
261 2098 310 2132 qui
341 2104 426 2132 super
460 2096 532 2124 diem
565 2097 672 2132 jejunat
706 2097 764 2124 sive
794 2097 936 2130 abstinet,
967 2105 976 2125 ε

1064 2095 1125 2122 οὖτο
1151 2094 1269 2126 ποιοῦσι.
1303 2096 1352 2122 καὶ
1368 2096 1399 2122 οὐ
1414 2095 1456 2122 δεῖ
1483 2095 1587 2131 κρίνειν
1613 2097 1682 2129 ὅλως
1701 2097 1838 2134 ἀλλήλους

195 2144 247 2180 qui
280 2143 338 2172 edit
368 2143 442 2170 omni
475 2142 531 2175 die,
560 2142 642 2170 ambo
672 2142 700 2170 in
728 2143 836 2170 Domini
863 2143 976 2178 placitui

1064 2141 1092 2167 πὶ
1118 2141 1215 2176 τούτῳ.
1232 2138 1298 2167 Εἶτα
1309 2141 1356 2168 καὶ
1365 2141 1553 2177 ἔπιτείνειτὴν
1565 2142 1667 2175 αἰτίαν,
1683 2143 1730 2170 καί
1746 2153 1816 2179 φησι
1830 2153 1836 2160 ·

195 2193 253 2220 hoc
272 2191 379 2219 faciunt
396 2199 403 2217 :
424 2197 476 2218 nec
497 2194 608 2225 oportet
628 2194 660 2217 ut
681 2190 716 2217 ob
739 2190 791 2217 hoc
815 2191 887 2218 alius
911 2191 976 2218 aliut

1064 2187 1102 2214 ἰαὶ
1116 2186 1170 2223 γὰρ
1183 2187 1197 2213 ό
1212 2187 1321 2219 ἐσθίων,
1335 2187 1493 2222 εὐχαριστεῖ
1504 2188 1543 2223 τῷ
1556 2188 1616 2222 Θεῷ
1630 2189 1659 2215 ὲν
1670 2188 1709 2224 τῷ
1721 2190 1836 2223 ἐσθίειν,

191 2238 257 2265 ,υΙΙο
288 2237 370 2265 modo
401 2236 517 2272 iudicet.
543 2236 654 2264 Deinde
681 2237 767 2264 etiam
801 2244 912 2265 causam
945 2237 976 2265 ad

1064 2242 1088 2260 τι
1103 2233 1203 2260 ἔδωκεν
1231 2232 1385 2268 ἀνθρώποις
1413 2233 1506 2268 πόρον,
1529 2234 1576 2260 καὶ
1597 2234 1740 2269 συνέχειαν
1751 2235 1836 2270 ζωῆς.

196 2284 240 2310 .dit
260 2283 379 2310 dicens:
395 2282 502 2308 Etenim
524 2282 548 2308 is
574 2282 622 2316 qui
639 2281 706 2314 edit,
728 2282 830 2317 gratias
850 2283 907 2318 agit
928 2283 976 2310 De(

1064 2280 1106 2306 ἰαὶ
1121 2281 1134 2306 ό
1147 2279 1285 2314 νηστεύων
1314 2279 1480 2314 εὐχαριστεῖ,
1499 2280 1540 2306 ὅτι
1562 2279 1661 2306 ἔδωκεν
1679 2281 1839 2316 ἀνθρώποις

194 2330 230 2356 in
252 2336 285 2356 eo
307 2328 382 2363 quod
403 2328 473 2360 edit,
493 2327 572 2362 quod
588 2327 750 2356 hominibus
766 2328 896 2356 tribuerit
910 2329 976 2357 facul

1064 2324 1199 2360 ιαρτερίαν
1225 2326 1272 2352 καὶ
1300 2325 1450 2360 ὑπομονὴν,
1472 2325 1521 2352 καὶ
1537 2325 1676 2361 μεθόδους,
1691 2328 1725 2354 δι’
1742 2324 1781 2354 ὧν
1797 2337 1839 2359 τις

197 2379 284 2406 .tatcs,
310 2374 413 2409 quibus
433 2374 518 2401 vitam
528 2374 734 2402 -contiuuarent
745 2384 760 2402 -:
776 2380 805 2404 et
826 2376 872 2411 qui
891 2377 976 2412 jejun:

1066 2371 1162 2399 ύναται
1190 2372 1381 2406 περιγενέσθαι
1392 2372 1447 2399 τῶν
1459 2373 1508 2408 τῆς
1523 2373 1625 2408 σαρκὸς
1634 2373 1740 2401 παθῶν.
1768 2376 1798 2401 ’0
1812 2377 1839 2403 δὲ

201 2425 250 2449 aut
271 2421 402 2454 abstinet,
425 2420 527 2456 gratias
548 2421 614 2456 agit,
635 2421 709 2457 quod
735 2422 894 2451 horninibus
912 2423 998 2450 absti-

197 2467 327 2494 nentiam
352 2466 461 2494 dederit
485 2475 520 2494 ac
543 2467 731 2502 tolerantiam,
749 2469 792 2496 his
810 2469 924 2504 insuper
940 2473 996 2496 tra-

202 2512 270 2539 ditis
281 2512 383 2547 quibus
401 2516 491 2546 potest
504 2512 640 2548 quispiam
655 2513 748 2541 carnis
763 2513 911 2540 devincere
928 2513 996 2540 aﬁ‘ev

203 2561 275 2585 ctus.
292 2556 344 2590 Qui
363 2564 429 2584 vero
444 2557 498 2584 alio
516 2558 615 2592 quovis
633 2558 716 2585 modo
731 2557 849 2585 edit-aut
864 2558 994 2592 abstinet,

201 2603 307 2638 judicio
326 2603 464 2631 obnoxius
489 2607 532 2632 est
550 2613 557 2630 :
574 2604 714 2639 quomodo
737 2603 851 2632 fuerunt
871 2604 996 2639 quaedam

199 2649 335 2677 haereses.
361 2649 425 2677 Haec
448 2658 514 2685 ergo
537 2651 572 2679 de
593 2651 743 2678 edentibus
766 2655 793 2678 et
808 2651 996 2686 jejunantibus

202 2695 262 2722 sive
285 2695 492 2723 abstinentibus
514 2696 625 2731 proprie
650 2696 828 2731 intelligenda
852 2701 917 2724 sunt
938 2707 945 2725 :
968 2702 995 2725 at

204 2749 260 2768 non
275 2741 308 2769 de
325 2741 471 2776 quibusvis
488 2741 560 2768 aliis.
577 2741 638 2769 Non
651 2742 725 2768 enim
745 2742 779 2769 ad
800 2743 892 2770 omnia
907 2750 995 2771 canon

206 2787 251 2813 hic
261 2787 391 2821 pertinet,
401 2787 462 2818 sed,
474 2790 504 2813 ut
514 2786 644 2820 diximus,
656 2787 784 2822 specialis
798 2793 850 2821 est,
862 2793 891 2816 et
906 2790 995 2817 solum

206 2832 259 2859 hoc
287 2833 396 2868 aliaque
422 2833 580 2867 huiusmodi
609 2833 816 2869 .complectitur.
851 2834 994 2870 Siquidem

207 2885 297 2912 neque
314 2878 341 2905 in
356 2883 519 2914 argumento
531 2879 612 2914 paulo
625 2884 689 2908 ante
701 2879 776 2909 dicto
789 2880 916 2916 quadrat,
927 2885 994 2916 puta

1048 2418 1138 2450 ἄλλως
1165 2427 1223 2450 πως
1239 2416 1340 2445 ἐσθίων
1360 2419 1376 2454 ἢ
1393 2419 1543 2454 νηστεύων,
1556 2420 1732 2455 κατάκριτος,
1744 2421 1840 2457 ὥσπερ

1049 2464 1103 2491 τῶν
1121 2463 1253 2499 αἱρέσεών
1279 2473 1362 2496 τινες.
1378 2464 1472 2492 Ταῦτα
1485 2462 1532 2491 οὖν
1546 2465 1610 2499 περὶ
1623 2465 1678 2492 τῶν
1693 2469 1840 2501 νηστευόν-

1047 2519 1112 2544 των,
1141 2513 1189 2538 καὶ
1220 2511 1364 2539 ἐσθιόντων
1379 2512 1471 2544 ίδικῶς
1485 2513 1647 2548 ὲκληπτέον,
1660 2513 1729 2540 ἀλλὰ
1741 2513 1780 2549 μὴ
1797 2514 1841 2540 ἐπὶ

1047 2557 1137 2585 ἄλλων
1162 2558 1255 2586 τινῶν.
1273 2559 1311 2585 Οὐ
1334 2559 1389 2595 γὰρ
1415 2560 1462 2586 ἐπὶ
1494 2560 1612 2587 πάνταό
1638 2559 1731 2586 κανὼν
1763 2557 1841 2592 οὗτος

1046 2604 1146 2640 διήκει,
1173 2603 1241 2637 ἀλλ’,
1260 2604 1298 2636 ὡς
1316 2604 1434 2640 ἔφημεν,
1463 2604 1547 2636 ίδικός
1576 2605 1662 2637 ἐστιν,
1678 2604 1725 2631 ἐπὶ
1742 2604 1840 2632 τούτου

1048 2650 1130 2685 μόνον
1147 2651 1194 2678 καὶ
1222 2651 1278 2678 τῶν
1300 2651 1401 2685 ὁμοίων
1424 2651 1708 2687 περιλαμϐανόμενος.
1728 2651 1776 2678 Διὸ
1788 2652 1841 2678 οὐδ’

1047 2696 1094 2722 ἐπὶ
1116 2695 1165 2722 τοῦ
1182 2696 1236 2732 πρὸ
1261 2696 1361 2731 μικροῦ
1379 2698 1530 2733 είρημένου
1547 2697 1698 2732 κεφαλαίου
1714 2698 1840 2733 ἁρμόζει,

1047 2738 1102 2769 οἷον
1124 2742 1171 2768 ἐπὶ
1192 2742 1239 2769 τοῦ
1273 2742 1303 2768 ὲν
1327 2743 1384 2774 τοῖς
1413 2742 1539 2778 βρώμασι
1553 2743 1773 2779 διακρινομένου.
1789 2745 1841 2771 Καὶ

1047 2788 1101 2823 γὰρ
1118 2789 1222 2819 ἐκεῖνος
1251 2788 1289 2823 μὴ
1313 2787 1422 2821 ἐσθίων,
1451 2789 1512 2824 οὐχὶ
1534 2789 1574 2821 είς
1599 2789 1678 2821 δόξαν
1694 2789 1747 2816 οὐκ
1758 2789 1842 2816 ὲσοίει

1047 2833 1095 2860 τοῦ
1114 2833 1245 2869 Χριστοῦ,
1261 2833 1319 2861 ἀλλ’
1334 2833 1372 2866 ὡς
1387 2834 1505 2869 ἀσθενὴς
1520 2835 1568 2862 καὶ
1593 2835 1761 2871 ἀστήρικτος
1771 2836 1800 2863 ὲν
1809 2836 1839 2869 τῇ

1047 2881 1149 2909 πίστει.
1174 2881 1244 2910 Ἀλλ’
1261 2882 1365 2909 ἐκεῖνον
1382 2881 1432 2917 μὲν
1446 2883 1477 2910 οὺ
1487 2872 1532 2909 δεῖ
1544 2881 1722 2916 κατακρίνειν
1735 2881 1781 2910 διὰ
1798 2881 1840 2909 τὸν
