  <div class='ocr_page' id='page_1' title='image "/cluster/home/n/w/nwhite01/storage/ocr_20150623/118/njp.32101077772992/453.png"; bbox 0 0 1889 3055; ppageno 0'>
   <div class='ocr_carea' id='block_1_1' title="bbox 199 196 254 228">
    <p class='ocr_par' dir='ltr' id='par_1_1' title="bbox 199 196 254 228">
     <span class='ocr_line' id='line_1_1' title="bbox 199 196 254 228; baseline 0.036 -2"><span class='ocrx_word' id='word_1_1' title='bbox 199 196 254 228; x_wconf 82' lang='grc'><strong>595</strong></span> 
     </span>
    </p>
   </div>
   <div class='ocr_carea' id='block_1_2' title="bbox 733 196 1286 247">
    <p class='ocr_par' dir='ltr' id='par_1_2' title="bbox 733 196 1286 247">
     <span class='ocr_line' id='line_1_2' title="bbox 733 196 1286 247; baseline 0.009 -22"><span class='ocrx_word' id='word_1_2' title='bbox 733 196 933 247; x_wconf 62' lang='grc' dir='ltr'><strong>(ΕΟΗΜῌΝΙΙ</strong></span> <span class='ocrx_word' id='word_1_3' title='bbox 947 198 1094 229; x_wconf 70' lang='lat' dir='ltr'><strong>TRICCIE</strong></span> <span class='ocrx_word' id='word_1_4' title='bbox 1113 200 1286 230; x_wconf 75' lang='lat' dir='ltr'><strong>EPISCOPI</strong></span> 
     </span>
    </p>
   </div>
   <div class='ocr_carea' id='block_1_3' title="bbox 1778 201 1831 232">
    <p class='ocr_par' dir='ltr' id='par_1_3' title="bbox 1778 201 1831 232">
     <span class='ocr_line' id='line_1_3' title="bbox 1778 201 1831 232; baseline -0.019 0"><span class='ocrx_word' id='word_1_5' title='bbox 1778 201 1831 232; x_wconf 77' lang='lat'><strong>596</strong></span> 
     </span>
    </p>
   </div>
   <div class='ocr_carea' id='block_1_4' title="bbox 198 253 984 296">
    <p class='ocr_par' dir='ltr' id='par_1_4' title="bbox 198 253 984 290">
     <span class='ocr_line' id='line_1_4' title="bbox 198 253 984 290; baseline 0.001 -9"><span class='ocrx_word' id='word_1_6' title='bbox 198 254 356 290; x_wconf 75' lang='lat' dir='ltr'><strong>proximum</strong></span> <span class='ocrx_word' id='word_1_7' title='bbox 373 257 421 280; x_wconf 90' lang='lat' dir='ltr'><strong>aut</strong></span> <span class='ocrx_word' id='word_1_8' title='bbox 445 253 596 288; x_wconf 90' lang='lat' dir='ltr'><strong>despicere.</strong></span> <span class='ocrx_word' id='word_1_9' title='bbox 617 263 624 278; x_wconf 82' lang='grc' dir='ltr'><strong>ι</strong></span> <span class='ocrx_word' id='word_1_10' title='bbox 649 253 716 280; x_wconf 82' lang='lat' dir='ltr'><strong>Nam</strong></span> <span class='ocrx_word' id='word_1_11' title='bbox 738 254 796 281; x_wconf 88' lang='lat' dir='ltr'><strong>sive</strong></span> <span class='ocrx_word' id='word_1_12' title='bbox 817 255 949 282; x_wconf 77' lang='lat' dir='ltr'><strong>vivamus.</strong></span> <span class='ocrx_word' id='word_1_13' title='bbox 974 265 984 281; x_wconf 81' lang='grc'><strong>›</strong></span> 
     </span>
    </p>
   </div>
   <div class='ocr_carea' id='block_1_5' title="bbox 1050 253 1830 296">
    <p class='ocr_par' dir='ltr' id='par_1_5' title="bbox 1050 255 1830 296">
     <span class='ocr_line' id='line_1_5' title="bbox 1050 255 1830 296; baseline 0.005 -13"><span class='ocrx_word' id='word_1_14' title='bbox 1050 257 1155 293; x_wconf 84' lang='grc' dir='ltr'>τλησίον</span> <span class='ocrx_word' id='word_1_15' title='bbox 1169 259 1185 294; x_wconf 84' lang='grc' dir='ltr'>ἢ</span> <span class='ocrx_word' id='word_1_16' title='bbox 1199 258 1360 291; x_wconf 80' lang='grc' dir='ltr'>ὲξουθενεῖν.</span> <span class='ocrx_word' id='word_1_17' title='bbox 1388 269 1397 285; x_wconf 81' lang='grc' dir='ltr'><strong>ι</strong></span> <span class='ocrx_word' id='word_1_18' title='bbox 1418 255 1479 288; x_wconf 71' lang='grc' dir='ltr'><strong>Ἐ’ἀν</strong></span> <span class='ocrx_word' id='word_1_19' title='bbox 1490 269 1520 287; x_wconf 84' lang='grc' dir='ltr'><strong>τε</strong></span> <span class='ocrx_word' id='word_1_20' title='bbox 1541 261 1595 296; x_wconf 78' lang='grc' dir='ltr'>γὰρ</span> <span class='ocrx_word' id='word_1_21' title='bbox 1607 260 1730 295; x_wconf 73' lang='grc' dir='ltr'>ζῶμεν.»</span> <span class='ocrx_word' id='word_1_22' title='bbox 1748 261 1830 295; x_wconf 80' lang='grc' dir='ltr'>Ζωῆς</span> 
     </span>
    </p>
   </div>
   <div class='ocr_carea' id='block_1_6' title="bbox 199 298 984 335">
    <p class='ocr_par' dir='ltr' id='par_1_6' title="bbox 199 298 984 335">
     <span class='ocr_line' id='line_1_6' title="bbox 199 298 984 335; baseline 0.003 -9"><span class='ocrx_word' id='word_1_23' title='bbox 199 301 259 335; x_wconf 85' lang='lat' dir='ltr'><strong>Ipse</strong></span> <span class='ocrx_word' id='word_1_24' title='bbox 276 299 411 335; x_wconf 83' lang='lat' dir='ltr'><strong>siquidem</strong></span> <span class='ocrx_word' id='word_1_25' title='bbox 431 299 505 327; x_wconf 87' lang='lat' dir='ltr'><strong>solus</strong></span> <span class='ocrx_word' id='word_1_26' title='bbox 527 298 588 326; x_wconf 77' lang='lat' dir='ltr'><strong>viuc</strong></span> <span class='ocrx_word' id='word_1_27' title='bbox 605 307 636 326; x_wconf 83' lang='lat' dir='ltr'><strong>ac</strong></span> <span class='ocrx_word' id='word_1_28' title='bbox 652 299 747 327; x_wconf 85' lang='lat' dir='ltr'><strong>mortis</strong></span> <span class='ocrx_word' id='word_1_29' title='bbox 767 300 849 328; x_wconf 85' lang='lat' dir='ltr'><strong>habet</strong></span> <span class='ocrx_word' id='word_1_30' title='bbox 863 305 984 335; x_wconf 83' lang='lat' dir='ltr'><strong>potesta-</strong></span> 
     </span>
    </p>
   </div>
   <div class='ocr_carea' id='block_1_7' title="bbox 199 344 981 373">
    <p class='ocr_par' dir='ltr' id='par_1_7' title="bbox 199 344 981 373">
     <span class='ocr_line' id='line_1_7' title="bbox 199 344 981 373; baseline 0.001 -1"><span class='ocrx_word' id='word_1_31' title='bbox 199 350 265 373; x_wconf 90' lang='lat' dir='ltr'><strong>tem.</strong></span> <span class='ocrx_word' id='word_1_32' title='bbox 293 354 301 370; x_wconf 88' lang='grc' dir='ltr'><strong>ι</strong></span> <span class='ocrx_word' id='word_1_33' title='bbox 324 345 353 372; x_wconf 88' lang='lat' dir='ltr'><strong>in</strong></span> <span class='ocrx_word' id='word_1_34' title='bbox 378 345 430 372; x_wconf 90' lang='lat' dir='ltr'><strong>hoc</strong></span> <span class='ocrx_word' id='word_1_35' title='bbox 452 344 526 371; x_wconf 91' lang='lat' dir='ltr'><strong>enim</strong></span> <span class='ocrx_word' id='word_1_36' title='bbox 547 344 673 372; x_wconf 74' lang='lat' dir='ltr'><strong>Christus</strong></span> <span class='ocrx_word' id='word_1_37' title='bbox 695 350 723 372; x_wconf 88' lang='lat' dir='ltr'><strong>et</strong></span> <span class='ocrx_word' id='word_1_38' title='bbox 748 350 874 373; x_wconf 90' lang='lat' dir='ltr'><strong>mortuus</strong></span> <span class='ocrx_word' id='word_1_39' title='bbox 895 350 947 373; x_wconf 87' lang='lat' dir='ltr'><strong>est.</strong></span> <span class='ocrx_word' id='word_1_40' title='bbox 972 356 981 372; x_wconf 82' lang='grc' dir='ltr'><strong>ι</strong></span> 
     </span>
    </p>
   </div>
   <div class='ocr_carea' id='block_1_8' title="bbox 199 392 984 428">
    <p class='ocr_par' dir='ltr' id='par_1_8' title="bbox 199 392 984 428">
     <span class='ocr_line' id='line_1_8' title="bbox 199 392 984 428; baseline -0.001 -7"><span class='ocrx_word' id='word_1_41' title='bbox 199 394 343 421; x_wconf 75' lang='lat' dir='ltr'><strong>Rationem</strong></span> <span class='ocrx_word' id='word_1_42' title='bbox 360 392 502 428; x_wconf 66' lang='lat' dir='ltr'><strong>subjunxit</strong></span> <span class='ocrx_word' id='word_1_43' title='bbox 519 399 569 419; x_wconf 89' lang='lat' dir='ltr'><strong>cur</strong></span> <span class='ocrx_word' id='word_1_44' title='bbox 588 400 639 419; x_wconf 86' lang='lat' dir='ltr'><strong>nos</strong></span> <span class='ocrx_word' id='word_1_45' title='bbox 658 396 686 420; x_wconf 88' lang='lat' dir='ltr'><strong>et</strong></span> <span class='ocrx_word' id='word_1_46' title='bbox 705 393 828 420; x_wconf 76' lang='lat' dir='ltr'><strong>viventes</strong></span> <span class='ocrx_word' id='word_1_47' title='bbox 842 397 870 420; x_wconf 89' lang='lat' dir='ltr'><strong>et</strong></span> <span class='ocrx_word' id='word_1_48' title='bbox 884 394 984 421; x_wconf 92' lang='lat' dir='ltr'><strong>mortui</strong></span> 
     </span>
    </p>
   </div>
   <div class='ocr_carea' id='block_1_9' title="bbox 197 438 984 471">
    <p class='ocr_par' dir='ltr' id='par_1_9' title="bbox 197 438 984 471">
     <span class='ocr_line' id='line_1_9' title="bbox 197 438 984 471; baseline 0 -5"><span class='ocrx_word' id='word_1_49' title='bbox 197 439 300 467; x_wconf 84' lang='lat' dir='ltr'><strong>Christi</strong></span> <span class='ocrx_word' id='word_1_50' title='bbox 317 439 414 466; x_wconf 89' lang='lat' dir='ltr'><strong>simus.</strong></span> <span class='ocrx_word' id='word_1_51' title='bbox 430 438 472 466; x_wconf 85' lang='lat' dir='ltr'><strong>Ad</strong></span> <span class='ocrx_word' id='word_1_52' title='bbox 486 438 543 466; x_wconf 60' lang='lat' dir='ltr'><strong>haec</strong></span> <span class='ocrx_word' id='word_1_53' title='bbox 557 444 650 466; x_wconf 82' lang='lat' dir='ltr'><strong>autem</strong></span> <span class='ocrx_word' id='word_1_54' title='bbox 668 438 749 466; x_wconf 84' lang='lat' dir='ltr'><strong>etiam</strong></span> <span class='ocrx_word' id='word_1_55' title='bbox 768 439 835 466; x_wconf 94' lang='lat' dir='ltr'><strong>illud</strong></span> <span class='ocrx_word' id='word_1_56' title='bbox 852 439 984 471; x_wconf 88' lang='lat' dir='ltr'><strong>ostendit,</strong></span> 
     </span>
    </p>
   </div>
   <div class='ocr_carea' id='block_1_10' title="bbox 198 484 986 519">
    <p class='ocr_par' dir='ltr' id='par_1_10' title="bbox 198 484 986 519">
     <span class='ocr_line' id='line_1_10' title="bbox 198 484 986 519; baseline 0.001 -8"><span class='ocrx_word' id='word_1_57' title='bbox 198 484 270 519; x_wconf 87' lang='lat' dir='ltr'><strong>quod</strong></span> <span class='ocrx_word' id='word_1_58' title='bbox 293 484 315 512; x_wconf 91' lang='lat' dir='ltr'><strong>si</strong></span> <span class='ocrx_word' id='word_1_59' title='bbox 339 488 414 511; x_wconf 82' lang='lat' dir='ltr'><strong>tanta</strong></span> <span class='ocrx_word' id='word_1_60' title='bbox 437 484 511 511; x_wconf 85' lang='lat' dir='ltr'><strong>circa</strong></span> <span class='ocrx_word' id='word_1_61' title='bbox 535 492 585 512; x_wconf 89' lang='lat' dir='ltr'><strong>nos</strong></span> <span class='ocrx_word' id='word_1_62' title='bbox 606 491 671 511; x_wconf 83' lang='lat' dir='ltr'><strong>usus</strong></span> <span class='ocrx_word' id='word_1_63' title='bbox 689 489 731 511; x_wconf 82' lang='lat' dir='ltr'><strong>est</strong></span> <span class='ocrx_word' id='word_1_64' title='bbox 755 484 937 519; x_wconf 83' lang='lat' dir='ltr'><strong>providentia,</strong></span> <span class='ocrx_word' id='word_1_65' title='bbox 956 490 986 512; x_wconf 90' lang='lat' dir='ltr'><strong>ut</strong></span> 
     </span>
    </p>
   </div>
   <div class='ocr_carea' id='block_1_11' title="bbox 197 529 983 565">
    <p class='ocr_par' dir='ltr' id='par_1_11' title="bbox 197 529 983 565">
     <span class='ocr_line' id='line_1_11' title="bbox 197 529 983 565; baseline -0.001 -7"><span class='ocrx_word' id='word_1_66' title='bbox 197 531 279 558; x_wconf 81' lang='lat' dir='ltr'><strong>etiam</strong></span> <span class='ocrx_word' id='word_1_67' title='bbox 311 529 532 565; x_wconf 77' lang='lat' dir='ltr'><strong>cruciﬁgeretur,</strong></span> <span class='ocrx_word' id='word_1_68' title='bbox 556 538 729 565; x_wconf 78' lang='lat' dir='ltr'><strong>nequaquam</strong></span> <span class='ocrx_word' id='word_1_69' title='bbox 760 537 811 557; x_wconf 84' lang='lat' dir='ltr'><strong>nos</strong></span> <span class='ocrx_word' id='word_1_70' title='bbox 839 530 983 565; x_wconf 83' lang='lat' dir='ltr'><strong>despiciet.</strong></span> 
     </span>
    </p>
   </div>
   <div class='ocr_carea' id='block_1_12' title="bbox 197 576 984 603">
    <p class='ocr_par' dir='ltr' id='par_1_12' title="bbox 197 576 984 603">
     <span class='ocr_line' id='line_1_12' title="bbox 197 576 984 603; baseline 0.001 -1"><span class='ocrx_word' id='word_1_71' title='bbox 197 576 264 603; x_wconf 81' lang='lat' dir='ltr'><strong>Nam</strong></span> <span class='ocrx_word' id='word_1_72' title='bbox 290 576 312 603; x_wconf 87' lang='lat' dir='ltr'><strong>si</strong></span> <span class='ocrx_word' id='word_1_73' title='bbox 334 576 422 603; x_wconf 88' lang='lat' dir='ltr'><strong>nostri</strong></span> <span class='ocrx_word' id='word_1_74' title='bbox 442 576 526 603; x_wconf 78' lang='lat' dir='ltr'><strong>etiam</strong></span> <span class='ocrx_word' id='word_1_75' title='bbox 553 576 620 603; x_wconf 89' lang='lat' dir='ltr'><strong>dum</strong></span> <span class='ocrx_word' id='word_1_76' title='bbox 643 576 745 603; x_wconf 82' lang='lat' dir='ltr'><strong>mortui</strong></span> <span class='ocrx_word' id='word_1_77' title='bbox 772 583 867 603; x_wconf 85' lang='lat' dir='ltr'><strong>sumus</strong></span> <span class='ocrx_word' id='word_1_78' title='bbox 890 584 984 603; x_wconf 89' lang='lat' dir='ltr'><strong>curam</strong></span> 
     </span>
    </p>
   </div>
   <div class='ocr_carea' id='block_1_13' title="bbox 197 621 986 657">
    <p class='ocr_par' dir='ltr' id='par_1_13' title="bbox 197 621 986 657">
     <span class='ocr_line' id='line_1_13' title="bbox 197 621 986 657; baseline 0 -8"><span class='ocrx_word' id='word_1_79' title='bbox 197 621 290 654; x_wconf 82' lang='lat' dir='ltr'><strong>habet,</strong></span> <span class='ocrx_word' id='word_1_80' title='bbox 310 622 397 649; x_wconf 89' lang='lat' dir='ltr'><strong>multo</strong></span> <span class='ocrx_word' id='word_1_81' title='bbox 411 622 498 657; x_wconf 79' lang='lat' dir='ltr'><strong>magis</strong></span> <span class='ocrx_word' id='word_1_82' title='bbox 511 622 577 649; x_wconf 90' lang='lat' dir='ltr'><strong>dum</strong></span> <span class='ocrx_word' id='word_1_83' title='bbox 592 622 720 650; x_wconf 87' lang='lat' dir='ltr'><strong>vivimus.</strong></span> <span class='ocrx_word' id='word_1_84' title='bbox 738 621 794 649; x_wconf 71' lang='lat' dir='ltr'><strong>l-loc</strong></span> <span class='ocrx_word' id='word_1_85' title='bbox 811 626 904 650; x_wconf 86' lang='lat' dir='ltr'><strong>autem</strong></span> <span class='ocrx_word' id='word_1_86' title='bbox 919 622 986 650; x_wconf 84' lang='lat' dir='ltr'><strong>dicit</strong></span> 
     </span>
    </p>
   </div>
   <div class='ocr_carea' id='block_1_14' title="bbox 196 667 985 703">
    <p class='ocr_par' dir='ltr' id='par_1_14' title="bbox 196 667 985 703">
     <span class='ocr_line' id='line_1_14' title="bbox 196 667 985 703; baseline 0.001 -9"><span class='ocrx_word' id='word_1_87' title='bbox 196 667 328 695; x_wconf 88' lang='lat' dir='ltr'><strong>adversus</strong></span> <span class='ocrx_word' id='word_1_88' title='bbox 348 675 397 695; x_wconf 86' lang='lat' dir='ltr'><strong>eos</strong></span> <span class='ocrx_word' id='word_1_89' title='bbox 418 668 464 703; x_wconf 87' lang='lat' dir='ltr'><strong>qui</strong></span> <span class='ocrx_word' id='word_1_90' title='bbox 479 668 664 695; x_wconf 78' lang='lat' dir='ltr'><strong>condemnant</strong></span> <span class='ocrx_word' id='word_1_91' title='bbox 677 668 750 703; x_wconf 91' lang='lat' dir='ltr'><strong>quod</strong></span> <span class='ocrx_word' id='word_1_92' title='bbox 767 667 938 695; x_wconf 89' lang='lat' dir='ltr'><strong>inﬁrmorum</strong></span> <span class='ocrx_word' id='word_1_93' title='bbox 958 668 985 695; x_wconf 92' lang='lat' dir='ltr'><strong>in</strong></span> 
     </span>
    </p>
   </div>
   <div class='ocr_carea' id='block_1_15' title="bbox 197 712 987 745">
    <p class='ocr_par' dir='ltr' id='par_1_15' title="bbox 197 712 987 745">
     <span class='ocr_line' id='line_1_15' title="bbox 197 712 987 745; baseline 0.001 -5"><span class='ocrx_word' id='word_1_94' title='bbox 197 712 250 740; x_wconf 96' lang='lat' dir='ltr'><strong>ﬁde</strong></span> <span class='ocrx_word' id='word_1_95' title='bbox 272 720 366 740; x_wconf 85' lang='lat' dir='ltr'><strong>curam</strong></span> <span class='ocrx_word' id='word_1_96' title='bbox 390 713 491 741; x_wconf 82' lang='lat' dir='ltr'><strong>habeat</strong></span> <span class='ocrx_word' id='word_1_97' title='bbox 511 714 594 745; x_wconf 89' lang='lat' dir='ltr'><strong>Deus,</strong></span> <span class='ocrx_word' id='word_1_98' title='bbox 611 714 646 741; x_wconf 87' lang='lat' dir='ltr'><strong>ob</strong></span> <span class='ocrx_word' id='word_1_99' title='bbox 667 714 828 741; x_wconf 89' lang='lat' dir='ltr'><strong>immensam</strong></span> <span class='ocrx_word' id='word_1_100' title='bbox 844 714 917 742; x_wconf 86' lang='lat' dir='ltr'><strong>circa</strong></span> <span class='ocrx_word' id='word_1_101' title='bbox 936 722 987 742; x_wconf 88' lang='lat' dir='ltr'><strong>nos</strong></span> 
     </span>
    </p>
   </div>
   <div class='ocr_carea' id='block_1_16' title="bbox 196 759 986 794">
    <p class='ocr_par' dir='ltr' id='par_1_16' title="bbox 196 759 986 794">
     <span class='ocr_line' id='line_1_16' title="bbox 196 759 986 794; baseline 0.001 -8"><span class='ocrx_word' id='word_1_102' title='bbox 196 759 410 793; x_wconf 74' lang='lat' dir='ltr'><strong>providentiam,</strong></span> <span class='ocrx_word' id='word_1_103' title='bbox 425 763 453 786; x_wconf 91' lang='lat' dir='ltr'><strong>et</strong></span> <span class='ocrx_word' id='word_1_104' title='bbox 467 767 530 787; x_wconf 86' lang='lat' dir='ltr'><strong>cum</strong></span> <span class='ocrx_word' id='word_1_105' title='bbox 544 760 590 794; x_wconf 89' lang='lat' dir='ltr'><strong>qui</strong></span> <span class='ocrx_word' id='word_1_106' title='bbox 604 759 657 787; x_wconf 81' lang='lat' dir='ltr'><strong>fide</strong></span> <span class='ocrx_word' id='word_1_107' title='bbox 672 760 788 794; x_wconf 78' lang='lat' dir='ltr'><strong>pusillus</strong></span> <span class='ocrx_word' id='word_1_108' title='bbox 800 764 843 787; x_wconf 87' lang='lat' dir='ltr'><strong>est</strong></span> <span class='ocrx_word' id='word_1_109' title='bbox 858 760 986 787; x_wconf 83' lang='lat' dir='ltr'><strong>adhorta-</strong></span> 
     </span>
    </p>
   </div>
   <div class='ocr_carea' id='block_1_17' title="bbox 198 805 986 838">
    <p class='ocr_par' dir='ltr' id='par_1_17' title="bbox 198 805 986 838">
     <span class='ocr_line' id='line_1_17' title="bbox 198 805 986 838; baseline 0.001 -6"><span class='ocrx_word' id='word_1_110' title='bbox 198 811 253 838; x_wconf 88' lang='lat' dir='ltr'><strong>tur,</strong></span> <span class='ocrx_word' id='word_1_111' title='bbox 265 805 336 833; x_wconf 82' lang='lat' dir='ltr'><strong>facta</strong></span> <span class='ocrx_word' id='word_1_112' title='bbox 351 805 549 833; x_wconf 89' lang='lat' dir='ltr'><strong>beneﬁciorum</strong></span> <span class='ocrx_word' id='word_1_113' title='bbox 561 805 610 833; x_wconf 85' lang='lat' dir='ltr'><strong>Dei</strong></span> <span class='ocrx_word' id='word_1_114' title='bbox 622 806 771 833; x_wconf 80' lang='lat' dir='ltr'><strong>mentione.</strong></span> <span class='ocrx_word' id='word_1_115' title='bbox 789 816 797 832; x_wconf 81' lang='grc' dir='ltr'><strong>ι</strong></span> <span class='ocrx_word' id='word_1_116' title='bbox 814 806 847 833; x_wconf 83' lang='lat' dir='ltr'><strong>Et</strong></span> <span class='ocrx_word' id='word_1_117' title='bbox 860 810 986 834; x_wconf 88' lang='lat' dir='ltr'><strong>mortuus</strong></span> 
     </span>
    </p>
   </div>
   <div class='ocr_carea' id='block_1_18' title="bbox 196 851 986 887">
    <p class='ocr_par' dir='ltr' id='par_1_18' title="bbox 196 851 986 887">
     <span class='ocr_line' id='line_1_18' title="bbox 196 851 986 887; baseline 0 -8"><span class='ocrx_word' id='word_1_118' title='bbox 196 855 239 879; x_wconf 75' lang='lat' dir='ltr'><strong>est</strong></span> <span class='ocrx_word' id='word_1_119' title='bbox 253 856 282 879; x_wconf 90' lang='lat' dir='ltr'><strong>et</strong></span> <span class='ocrx_word' id='word_1_120' title='bbox 301 851 461 880; x_wconf 81' lang='lat' dir='ltr'><strong>resurrexit.</strong></span> <span class='ocrx_word' id='word_1_121' title='bbox 485 862 492 877; x_wconf 83' lang='grc' dir='ltr'><strong>ι</strong></span> <span class='ocrx_word' id='word_1_122' title='bbox 511 852 588 885; x_wconf 88' lang='lat' dir='ltr'><strong>Quod</strong></span> <span class='ocrx_word' id='word_1_123' title='bbox 604 852 693 884; x_wconf 89' lang='lat' dir='ltr'><strong>nobis,</strong></span> <span class='ocrx_word' id='word_1_124' title='bbox 711 851 811 887; x_wconf 85' lang='lat' dir='ltr'><strong>inquit,</strong></span> <span class='ocrx_word' id='word_1_125' title='bbox 829 852 986 879; x_wconf 68' lang='lat' dir='ltr'><strong>dominare&lt;</strong></span> 
     </span>
    </p>
   </div>
   <div class='ocr_carea' id='block_1_19' title="bbox 197 898 986 933">
    <p class='ocr_par' dir='ltr' id='par_1_19' title="bbox 197 898 986 933">
     <span class='ocr_line' id='line_1_19' title="bbox 197 898 986 933; baseline 0.001 -8"><span class='ocrx_word' id='word_1_126' title='bbox 197 901 253 930; x_wconf 88' lang='lat' dir='ltr'><strong>tur,</strong></span> <span class='ocrx_word' id='word_1_127' title='bbox 268 898 346 933; x_wconf 88' lang='lat' dir='ltr'><strong>prius</strong></span> <span class='ocrx_word' id='word_1_128' title='bbox 360 898 418 933; x_wconf 90' lang='lat' dir='ltr'><strong>ipse</strong></span> <span class='ocrx_word' id='word_1_129' title='bbox 429 899 518 933; x_wconf 87' lang='lat' dir='ltr'><strong>justas</strong></span> <span class='ocrx_word' id='word_1_130' title='bbox 533 906 630 925; x_wconf 79' lang='lat' dir='ltr'><strong>causas</strong></span> <span class='ocrx_word' id='word_1_131' title='bbox 642 898 779 933; x_wconf 87' lang='lat' dir='ltr'><strong>deposuit.</strong></span> <span class='ocrx_word' id='word_1_132' title='bbox 798 907 807 924; x_wconf 81' lang='grc' dir='ltr'><strong>ι</strong></span> <span class='ocrx_word' id='word_1_133' title='bbox 824 898 860 926; x_wconf 90' lang='lat' dir='ltr'><strong>Ut</strong></span> <span class='ocrx_word' id='word_1_134' title='bbox 874 903 903 926; x_wconf 77' lang='lat' dir='ltr'><strong>et</strong></span> <span class='ocrx_word' id='word_1_135' title='bbox 916 898 986 926; x_wconf 83' lang='lat' dir='ltr'><strong>vivis</strong></span> 
     </span>
    </p>
   </div>
   <div class='ocr_carea' id='block_1_20' title="bbox 1035 303 1827 341">
    <p class='ocr_par' dir='ltr' id='par_1_20' title="bbox 1035 303 1827 341">
     <span class='ocr_line' id='line_1_20' title="bbox 1035 303 1827 341; baseline 0.003 -11"><span class='ocrx_word' id='word_1_136' title='bbox 1035 303 1090 339; x_wconf 81' lang='grc' dir='ltr'>γὰρ</span> <span class='ocrx_word' id='word_1_137' title='bbox 1124 304 1206 336; x_wconf 76' lang='grc' dir='ltr'>αὐτὸς</span> <span class='ocrx_word' id='word_1_138' title='bbox 1227 305 1274 331; x_wconf 75' lang='grc' dir='ltr'>καὶ</span> <span class='ocrx_word' id='word_1_139' title='bbox 1305 305 1422 332; x_wconf 77' lang='grc' dir='ltr'>θανάτου</span> <span class='ocrx_word' id='word_1_140' title='bbox 1458 305 1537 341; x_wconf 81' lang='grc' dir='ltr'><strong>μόνος</strong></span> <span class='ocrx_word' id='word_1_141' title='bbox 1553 306 1610 341; x_wconf 72' lang='grc' dir='ltr'>ἔχει</span> <span class='ocrx_word' id='word_1_142' title='bbox 1624 306 1673 341; x_wconf 81' lang='grc' dir='ltr'><strong>τὴν</strong></span> <span class='ocrx_word' id='word_1_143' title='bbox 1688 305 1827 338; x_wconf 74' lang='grc' dir='ltr'>ἐξουσίαν.</span> 
     </span>
    </p>
   </div>
   <div class='ocr_carea' id='block_1_21' title="bbox 1039 350 1830 386">
    <p class='ocr_par' dir='ltr' id='par_1_21' title="bbox 1039 350 1830 386">
     <span class='ocr_line' id='line_1_21' title="bbox 1039 350 1830 386; baseline 0.003 -11"><span class='ocrx_word' id='word_1_144' title='bbox 1039 358 1048 375; x_wconf 80' lang='grc' dir='ltr'><strong>ι</strong></span> <span class='ocrx_word' id='word_1_145' title='bbox 1065 350 1112 382; x_wconf 78' lang='lat' dir='ltr'><strong>Et;</strong></span> <span class='ocrx_word' id='word_1_146' title='bbox 1137 350 1216 377; x_wconf 82' lang='grc' dir='ltr'>τοῦτο</span> <span class='ocrx_word' id='word_1_147' title='bbox 1241 350 1295 386; x_wconf 86' lang='grc' dir='ltr'>γὰρ</span> <span class='ocrx_word' id='word_1_148' title='bbox 1318 350 1434 386; x_wconf 79' lang='grc' dir='ltr'>Χριστὸς</span> <span class='ocrx_word' id='word_1_149' title='bbox 1450 351 1497 378; x_wconf 76' lang='grc' dir='ltr'>καὶ</span> <span class='ocrx_word' id='word_1_150' title='bbox 1513 351 1643 378; x_wconf 80' lang='grc' dir='ltr'>ἀπέθανε.</span> <span class='ocrx_word' id='word_1_151' title='bbox 1657 361 1666 377; x_wconf 74' lang='grc' dir='ltr'><strong>ι</strong></span> <span class='ocrx_word' id='word_1_152' title='bbox 1684 351 1736 378; x_wconf 75' lang='grc' dir='ltr'><strong>Τὸν</strong></span> <span class='ocrx_word' id='word_1_153' title='bbox 1753 351 1830 385; x_wconf 60' lang='grc' dir='ltr'>λογιδ</span> 
     </span>
    </p>
   </div>
   <div class='ocr_carea' id='block_1_22' title="bbox 1037 395 1831 432">
    <p class='ocr_par' dir='ltr' id='par_1_22' title="bbox 1037 395 1831 432">
     <span class='ocr_line' id='line_1_22' title="bbox 1037 395 1831 432; baseline 0.004 -11"><span class='ocrx_word' id='word_1_154' title='bbox 1037 395 1104 430; x_wconf 82' lang='grc' dir='ltr'>σμὸν</span> <span class='ocrx_word' id='word_1_155' title='bbox 1128 396 1271 430; x_wconf 71' lang='grc' dir='ltr'>ἐπήγαγε,</span> <span class='ocrx_word' id='word_1_156' title='bbox 1297 396 1343 422; x_wconf 80' lang='grc' dir='ltr'>τοῦ</span> <span class='ocrx_word' id='word_1_157' title='bbox 1360 397 1406 423; x_wconf 76' lang='grc' dir='ltr'>καὶ</span> <span class='ocrx_word' id='word_1_158' title='bbox 1433 396 1538 429; x_wconf 86' lang='grc' dir='ltr'>ζῶντας</span> <span class='ocrx_word' id='word_1_159' title='bbox 1558 397 1632 432; x_wconf 79' lang='grc' dir='ltr'>ἡμᾶς</span> <span class='ocrx_word' id='word_1_160' title='bbox 1655 398 1702 424; x_wconf 79' lang='grc' dir='ltr'>καὶ</span> <span class='ocrx_word' id='word_1_161' title='bbox 1720 397 1831 424; x_wconf 80' lang='grc' dir='ltr'>ἀποθα-</span> 
     </span>
    </p>
   </div>
   <div class='ocr_carea' id='block_1_23' title="bbox 1036 440 1830 478">
    <p class='ocr_par' dir='ltr' id='par_1_23' title="bbox 1036 440 1830 478">
     <span class='ocr_line' id='line_1_23' title="bbox 1036 440 1830 478; baseline 0.003 -10"><span class='ocrx_word' id='word_1_162' title='bbox 1036 441 1130 473; x_wconf 82' lang='grc' dir='ltr'>νόντας</span> <span class='ocrx_word' id='word_1_163' title='bbox 1141 440 1210 468; x_wconf 80' lang='grc' dir='ltr'>εἶναι</span> <span class='ocrx_word' id='word_1_164' title='bbox 1240 441 1286 469; x_wconf 78' lang='grc' dir='ltr'>τοῦ</span> <span class='ocrx_word' id='word_1_165' title='bbox 1311 443 1443 477; x_wconf 79' lang='grc' dir='ltr'>Χριστοῦ.</span> <span class='ocrx_word' id='word_1_166' title='bbox 1460 443 1532 478; x_wconf 80' lang='grc' dir='ltr'>Πρὸς</span> <span class='ocrx_word' id='word_1_167' title='bbox 1544 443 1572 469; x_wconf 81' lang='grc' dir='ltr'><strong>δὲ</strong></span> <span class='ocrx_word' id='word_1_168' title='bbox 1586 443 1693 474; x_wconf 80' lang='grc' dir='ltr'><strong>τούτοις</strong></span> <span class='ocrx_word' id='word_1_169' title='bbox 1712 444 1830 470; x_wconf 80' lang='grc' dir='ltr'>κάκεῖνο</span> 
     </span>
    </p>
   </div>
   <div class='ocr_carea' id='block_1_24' title="bbox 1036 487 1829 524">
    <p class='ocr_par' dir='ltr' id='par_1_24' title="bbox 1036 487 1829 524">
     <span class='ocr_line' id='line_1_24' title="bbox 1036 487 1829 524; baseline 0.001 -11"><span class='ocrx_word' id='word_1_170' title='bbox 1036 487 1184 518; x_wconf 83' lang='grc' dir='ltr'>δείκνυσιν,</span> <span class='ocrx_word' id='word_1_171' title='bbox 1205 487 1258 519; x_wconf 81' lang='grc' dir='ltr'>ὅτι,</span> <span class='ocrx_word' id='word_1_172' title='bbox 1284 487 1377 522; x_wconf 74' lang='grc' dir='ltr'>φησὶν,</span> <span class='ocrx_word' id='word_1_173' title='bbox 1393 488 1424 514; x_wconf 79' lang='lat' dir='ltr'><strong>Ei</strong></span> <span class='ocrx_word' id='word_1_174' title='bbox 1437 487 1558 523; x_wconf 79' lang='grc' dir='ltr'><strong>τοσαύτῃ</strong></span> <span class='ocrx_word' id='word_1_175' title='bbox 1575 488 1639 524; x_wconf 75' lang='grc' dir='ltr'>περὶ</span> <span class='ocrx_word' id='word_1_176' title='bbox 1653 488 1728 523; x_wconf 82' lang='grc' dir='ltr'>ἡμᾶς</span> <span class='ocrx_word' id='word_1_177' title='bbox 1743 489 1829 522; x_wconf 72' lang='grc' dir='ltr'><strong>ἐχρή-</strong></span> 
     </span>
    </p>
   </div>
   <div class='ocr_carea' id='block_1_25' title="bbox 1037 533 1831 569">
    <p class='ocr_par' dir='ltr' id='par_1_25' title="bbox 1037 533 1831 569">
     <span class='ocr_line' id='line_1_25' title="bbox 1037 533 1831 569; baseline -0.001 -10"><span class='ocrx_word' id='word_1_178' title='bbox 1037 541 1102 559; x_wconf 86' lang='grc' dir='ltr'>σατο</span> <span class='ocrx_word' id='word_1_179' title='bbox 1126 534 1240 568; x_wconf 78' lang='grc' dir='ltr'><strong>προνοίᾳ</strong></span> <span class='ocrx_word' id='word_1_180' title='bbox 1263 533 1300 565; x_wconf 83' lang='grc' dir='ltr'>ὡς</span> <span class='ocrx_word' id='word_1_181' title='bbox 1325 533 1373 560; x_wconf 76' lang='grc' dir='ltr'>καὶ</span> <span class='ocrx_word' id='word_1_182' title='bbox 1396 534 1598 569; x_wconf 74' lang='grc' dir='ltr'><strong>σταυρωθῆναι,</strong></span> <span class='ocrx_word' id='word_1_183' title='bbox 1625 534 1676 560; x_wconf 84' lang='grc' dir='ltr'><strong>οὐκ</strong></span> <span class='ocrx_word' id='word_1_184' title='bbox 1693 533 1728 561; x_wconf 83' lang='grc' dir='ltr'><strong>ἂν</strong></span> <span class='ocrx_word' id='word_1_185' title='bbox 1748 533 1831 568; x_wconf 78' lang='grc' dir='ltr'>ἡμῶν</span> 
     </span>
    </p>
   </div>
   <div class='ocr_carea' id='block_1_26' title="bbox 1037 577 1830 614">
    <p class='ocr_par' dir='ltr' id='par_1_26' title="bbox 1037 577 1830 614">
     <span class='ocr_line' id='line_1_26' title="bbox 1037 577 1830 614; baseline 0.001 -11"><span class='ocrx_word' id='word_1_186' title='bbox 1037 577 1250 613; x_wconf 74' lang='grc' dir='ltr'>καταφρονήσει.</span> <span class='ocrx_word' id='word_1_187' title='bbox 1268 577 1300 604; x_wconf 85' lang='lat' dir='ltr'><strong>Et</strong></span> <span class='ocrx_word' id='word_1_188' title='bbox 1316 578 1370 614; x_wconf 81' lang='grc' dir='ltr'>γὰρ</span> <span class='ocrx_word' id='word_1_189' title='bbox 1395 579 1441 605; x_wconf 69' lang='grc' dir='ltr'><strong>καὶ</strong></span> <span class='ocrx_word' id='word_1_190' title='bbox 1455 579 1646 606; x_wconf 77' lang='grc' dir='ltr'><strong>ἀποθανόντων</strong></span> <span class='ocrx_word' id='word_1_191' title='bbox 1659 579 1741 614; x_wconf 87' lang='grc' dir='ltr'>ήμῶν</span> <span class='ocrx_word' id='word_1_192' title='bbox 1759 587 1830 613; x_wconf 82' lang='grc' dir='ltr'>προ-</span> 
     </span>
    </p>
   </div>
   <div class='ocr_carea' id='block_1_27' title="bbox 1037 623 1830 663">
    <p class='ocr_par' dir='ltr' id='par_1_27' title="bbox 1037 623 1830 663">
     <span class='ocr_line' id='line_1_27' title="bbox 1037 623 1830 663; baseline 0.009 -15"><span class='ocrx_word' id='word_1_193' title='bbox 1037 623 1102 655; x_wconf 87' lang='grc' dir='ltr'>νοεῖ,</span> <span class='ocrx_word' id='word_1_194' title='bbox 1139 623 1228 658; x_wconf 90' lang='grc' dir='ltr'>πολλῷ</span> <span class='ocrx_word' id='word_1_195' title='bbox 1260 624 1360 663; x_wconf 81' lang='grc' dir='ltr'>μᾶλλον</span> <span class='ocrx_word' id='word_1_196' title='bbox 1391 623 1512 655; x_wconf 81' lang='grc' dir='ltr'>ζώντων.</span> <span class='ocrx_word' id='word_1_197' title='bbox 1536 624 1620 651; x_wconf 81' lang='grc' dir='ltr'>Τοῦτο</span> <span class='ocrx_word' id='word_1_198' title='bbox 1639 625 1668 651; x_wconf 80' lang='grc' dir='ltr'>δὲ</span> <span class='ocrx_word' id='word_1_199' title='bbox 1683 624 1751 660; x_wconf 83' lang='grc' dir='ltr'>πρὸς</span> <span class='ocrx_word' id='word_1_200' title='bbox 1767 625 1830 655; x_wconf 67' lang='grc' dir='ltr'>τοὺς</span> 
     </span>
    </p>
   </div>
   <div class='ocr_carea' id='block_1_28' title="bbox 1037 668 1829 705">
    <p class='ocr_par' dir='ltr' id='par_1_28' title="bbox 1037 668 1829 705">
     <span class='ocr_line' id='line_1_28' title="bbox 1037 668 1829 705; baseline 0.001 -11"><span class='ocrx_word' id='word_1_201' title='bbox 1037 668 1253 704; x_wconf 73' lang='grc' dir='ltr'><strong>κατακρίνοντας</strong></span> <span class='ocrx_word' id='word_1_202' title='bbox 1281 669 1367 704; x_wconf 81' lang='grc' dir='ltr'><strong>λέγει,</strong></span> <span class='ocrx_word' id='word_1_203' title='bbox 1383 670 1425 696; x_wconf 84' lang='grc' dir='ltr'>ὅτι</span> <span class='ocrx_word' id='word_1_204' title='bbox 1445 670 1628 705; x_wconf 85' lang='grc' dir='ltr'>φροντισθῶσι</span> <span class='ocrx_word' id='word_1_205' title='bbox 1639 670 1716 705; x_wconf 84' lang='grc' dir='ltr'>παρὰ</span> <span class='ocrx_word' id='word_1_206' title='bbox 1731 669 1793 704; x_wconf 85' lang='grc' dir='ltr'><strong>Θεῷ</strong></span> <span class='ocrx_word' id='word_1_207' title='bbox 1806 671 1829 695; x_wconf 85' lang='grc' dir='ltr'><strong>οί</strong></span> 
     </span>
    </p>
   </div>
   <div class='ocr_carea' id='block_1_29' title="bbox 1036 713 1830 751">
    <p class='ocr_par' dir='ltr' id='par_1_29' title="bbox 1036 713 1830 751">
     <span class='ocr_line' id='line_1_29' title="bbox 1036 713 1830 751; baseline 0.003 -12"><span class='ocrx_word' id='word_1_208' title='bbox 1036 713 1161 746; x_wconf 81' lang='grc' dir='ltr'><strong>ἀσθενεῖς</strong></span> <span class='ocrx_word' id='word_1_209' title='bbox 1181 716 1214 749; x_wconf 87' lang='grc' dir='ltr'>τῇ</span> <span class='ocrx_word' id='word_1_210' title='bbox 1237 715 1340 747; x_wconf 80' lang='grc' dir='ltr'>πίστει,</span> <span class='ocrx_word' id='word_1_211' title='bbox 1374 715 1419 742; x_wconf 81' lang='grc' dir='ltr'><strong>διὰ</strong></span> <span class='ocrx_word' id='word_1_212' title='bbox 1439 717 1489 751; x_wconf 80' lang='grc' dir='ltr'>τὴν</span> <span class='ocrx_word' id='word_1_213' title='bbox 1503 717 1640 751; x_wconf 77' lang='grc' dir='ltr'>τοσαΰτην</span> <span class='ocrx_word' id='word_1_214' title='bbox 1665 716 1750 743; x_wconf 81' lang='grc' dir='ltr'>αὐτοῦ</span> <span class='ocrx_word' id='word_1_215' title='bbox 1764 717 1830 751; x_wconf 71' lang='grc' dir='ltr'>περὶ</span> 
     </span>
    </p>
   </div>
   <div class='ocr_carea' id='block_1_30' title="bbox 1038 759 1829 797">
    <p class='ocr_par' dir='ltr' id='par_1_30' title="bbox 1038 759 1829 797">
     <span class='ocr_line' id='line_1_30' title="bbox 1038 759 1829 797; baseline 0.003 -11"><span class='ocrx_word' id='word_1_216' title='bbox 1038 759 1142 792; x_wconf 82' lang='grc' dir='ltr'><strong>πάντας</strong></span> <span class='ocrx_word' id='word_1_217' title='bbox 1171 761 1301 797; x_wconf 83' lang='grc' dir='ltr'>πρόνοιαν</span> <span class='ocrx_word' id='word_1_218' title='bbox 1312 769 1319 776; x_wconf 92' lang='grc'><strong>·</strong></span> <span class='ocrx_word' id='word_1_219' title='bbox 1336 762 1385 789; x_wconf 75' lang='grc' dir='ltr'>καὶ</span> <span class='ocrx_word' id='word_1_220' title='bbox 1398 761 1444 789; x_wconf 80' lang='grc' dir='ltr'><strong>τὸν</strong></span> <span class='ocrx_word' id='word_1_221' title='bbox 1461 762 1634 796; x_wconf 80' lang='grc' dir='ltr'>όλιγόπιστον</span> <span class='ocrx_word' id='word_1_222' title='bbox 1644 762 1671 789; x_wconf 80' lang='grc' dir='ltr'><strong>δὲ</strong></span> <span class='ocrx_word' id='word_1_223' title='bbox 1686 763 1829 797; x_wconf 77' lang='grc' dir='ltr'><strong>ἐντρέπει,</strong></span> 
     </span>
    </p>
   </div>
   <div class='ocr_carea' id='block_1_31' title="bbox 1037 805 1830 843">
    <p class='ocr_par' dir='ltr' id='par_1_31' title="bbox 1037 805 1830 843">
     <span class='ocr_line' id='line_1_31' title="bbox 1037 805 1830 843; baseline 0.004 -12"><span class='ocrx_word' id='word_1_224' title='bbox 1037 805 1090 832; x_wconf 84' lang='grc' dir='ltr'><strong>τῶν</strong></span> <span class='ocrx_word' id='word_1_225' title='bbox 1105 805 1271 842; x_wconf 80' lang='grc' dir='ltr'>εὐεργεσιῶν</span> <span class='ocrx_word' id='word_1_226' title='bbox 1284 807 1505 843; x_wconf 76' lang='grc' dir='ltr'><strong>ὑπομιμνήσκων</strong></span> <span class='ocrx_word' id='word_1_227' title='bbox 1524 808 1571 835; x_wconf 83' lang='grc' dir='ltr'>τοῦ</span> <span class='ocrx_word' id='word_1_228' title='bbox 1585 808 1664 835; x_wconf 85' lang='grc' dir='ltr'>Θεοῦ.</span> <span class='ocrx_word' id='word_1_229' title='bbox 1680 817 1690 834; x_wconf 81' lang='grc' dir='ltr'><strong>ι</strong></span> <span class='ocrx_word' id='word_1_230' title='bbox 1704 809 1761 835; x_wconf 80' lang='lat' dir='ltr'><strong>Kal</strong></span> <span class='ocrx_word' id='word_1_231' title='bbox 1776 809 1830 834; x_wconf 81' lang='grc' dir='ltr'><strong>ἀπ-</strong></span> 
     </span>
    </p>
   </div>
   <div class='ocr_carea' id='block_1_32' title="bbox 1037 851 1831 890">
    <p class='ocr_par' dir='ltr' id='par_1_32' title="bbox 1037 851 1831 890">
     <span class='ocr_line' id='line_1_32' title="bbox 1037 851 1831 890; baseline 0.003 -12"><span class='ocrx_word' id='word_1_232' title='bbox 1037 851 1116 879; x_wconf 86' lang='grc' dir='ltr'>έθανε</span> <span class='ocrx_word' id='word_1_233' title='bbox 1140 853 1187 879; x_wconf 74' lang='grc' dir='ltr'>καὶ</span> <span class='ocrx_word' id='word_1_234' title='bbox 1202 852 1311 887; x_wconf 79' lang='grc' dir='ltr'>ἀνέστη.</span> <span class='ocrx_word' id='word_1_235' title='bbox 1327 863 1335 879; x_wconf 76' lang='grc' dir='ltr'><strong>ι</strong></span> <span class='ocrx_word' id='word_1_236' title='bbox 1358 853 1548 890; x_wconf 80' lang='grc' dir='ltr'><strong>Δικαιώματα,</strong></span> <span class='ocrx_word' id='word_1_237' title='bbox 1561 855 1639 890; x_wconf 69' lang='grc' dir='ltr'>φησὶ,</span> <span class='ocrx_word' id='word_1_238' title='bbox 1656 854 1831 890; x_wconf 82' lang='grc' dir='ltr'>προαπέθετο</span> 
     </span>
    </p>
   </div>
   <div class='ocr_carea' id='block_1_33' title="bbox 1036 897 1832 934">
    <p class='ocr_par' dir='ltr' id='par_1_33' title="bbox 1036 897 1832 934">
     <span class='ocr_line' id='line_1_33' title="bbox 1036 897 1832 934; baseline 0.003 -11"><span class='ocrx_word' id='word_1_239' title='bbox 1036 897 1085 932; x_wconf 81' lang='grc' dir='ltr'>τῆς</span> <span class='ocrx_word' id='word_1_240' title='bbox 1114 898 1251 933; x_wconf 75' lang='grc' dir='ltr'>ἡμετέρας</span> <span class='ocrx_word' id='word_1_241' title='bbox 1274 898 1445 932; x_wconf 79' lang='grc' dir='ltr'>δεσποτείας.</span> <span class='ocrx_word' id='word_1_242' title='bbox 1465 899 1548 927; x_wconf 76' lang='grc' dir='ltr'>«Ἵνα</span> <span class='ocrx_word' id='word_1_243' title='bbox 1576 900 1624 926; x_wconf 86' lang='lat' dir='ltr'><strong>xal</strong></span> <span class='ocrx_word' id='word_1_244' title='bbox 1649 899 1758 934; x_wconf 78' lang='grc' dir='ltr'>νεκρῶν</span> <span class='ocrx_word' id='word_1_245' title='bbox 1782 900 1832 926; x_wconf 78' lang='grc' dir='ltr'>καὶ</span> 
     </span>
    </p>
   </div>
   <div class='ocr_carea' id='block_1_34' title="bbox 196 942 984 981">
    <p class='ocr_par' dir='ltr' id='par_1_34' title="bbox 196 943 984 978">
     <span class='ocr_line' id='line_1_34' title="bbox 196 943 984 978; baseline 0.001 -8"><span class='ocrx_word' id='word_1_246' title='bbox 196 946 225 970; x_wconf 85' lang='lat' dir='ltr'><strong>et</strong></span> <span class='ocrx_word' id='word_1_247' title='bbox 242 943 357 970; x_wconf 81' lang='lat' dir='ltr'><strong>mortuis</strong></span> <span class='ocrx_word' id='word_1_248' title='bbox 372 943 540 971; x_wconf 88' lang='lat' dir='ltr'><strong>dominetur.</strong></span> <span class='ocrx_word' id='word_1_249' title='bbox 559 952 570 969; x_wconf 65' lang='grc' dir='ltr'><strong><em>υ</em></strong></span> <span class='ocrx_word' id='word_1_250' title='bbox 587 943 645 971; x_wconf 88' lang='lat' dir='ltr'><strong>lloc</strong></span> <span class='ocrx_word' id='word_1_251' title='bbox 656 948 708 976; x_wconf 89' lang='lat' dir='ltr'><strong>est,</strong></span> <span class='ocrx_word' id='word_1_252' title='bbox 727 944 827 971; x_wconf 84' lang='lat' dir='ltr'><strong>animis</strong></span> <span class='ocrx_word' id='word_1_253' title='bbox 844 948 873 971; x_wconf 85' lang='lat' dir='ltr'><strong>et</strong></span> <span class='ocrx_word' id='word_1_254' title='bbox 886 951 984 978; x_wconf 87' lang='lat' dir='ltr'><strong>corpo-</strong></span> 
     </span>
    </p>
   </div>
   <div class='ocr_carea' id='block_1_35' title="bbox 1050 942 1829 981">
    <p class='ocr_par' dir='ltr' id='par_1_35' title="bbox 1051 943 1829 981">
     <span class='ocr_line' id='line_1_35' title="bbox 1051 943 1829 981; baseline 0.003 -11"><span class='ocrx_word' id='word_1_255' title='bbox 1051 943 1143 970; x_wconf 86' lang='grc' dir='ltr'>ώντων</span> <span class='ocrx_word' id='word_1_256' title='bbox 1166 944 1309 981; x_wconf 73' lang='grc' dir='ltr'>κυριεύσῃ.</span> <span class='ocrx_word' id='word_1_257' title='bbox 1321 954 1330 971; x_wconf 80' lang='grc' dir='ltr'><strong>ι</strong></span> <span class='ocrx_word' id='word_1_258' title='bbox 1346 946 1486 979; x_wconf 82' lang='grc' dir='ltr'>Τουτέστι,</span> <span class='ocrx_word' id='word_1_259' title='bbox 1503 945 1597 981; x_wconf 84' lang='grc' dir='ltr'>ψυχῶν</span> <span class='ocrx_word' id='word_1_260' title='bbox 1611 947 1660 973; x_wconf 78' lang='grc' dir='ltr'><strong>καὶ</strong></span> <span class='ocrx_word' id='word_1_261' title='bbox 1678 947 1829 981; x_wconf 73' lang='grc' dir='ltr'>σωμάτων.</span> 
     </span>
    </p>
   </div>
   <div class='ocr_carea' id='block_1_36' title="bbox 198 986 983 1020">
    <p class='ocr_par' dir='ltr' id='par_1_36' title="bbox 198 986 983 1020">
     <span class='ocr_line' id='line_1_36' title="bbox 198 986 983 1020; baseline 0.005 -8"><span class='ocrx_word' id='word_1_262' title='bbox 198 986 275 1014; x_wconf 89' lang='lat' dir='ltr'><strong>ribus</strong></span> <span class='ocrx_word' id='word_1_263' title='bbox 290 995 297 1014; x_wconf 86' lang='lat'><strong>:</strong></span> <span class='ocrx_word' id='word_1_264' title='bbox 312 987 349 1014; x_wconf 91' lang='lat' dir='ltr'><strong>illi</strong></span> <span class='ocrx_word' id='word_1_265' title='bbox 368 988 441 1015; x_wconf 88' lang='lat' dir='ltr'><strong>enim</strong></span> <span class='ocrx_word' id='word_1_266' title='bbox 458 992 522 1015; x_wconf 90' lang='lat' dir='ltr'><strong>sunt</strong></span> <span class='ocrx_word' id='word_1_267' title='bbox 535 988 712 1020; x_wconf 87' lang='lat' dir='ltr'><strong>immortales,</strong></span> <span class='ocrx_word' id='word_1_268' title='bbox 727 989 778 1016; x_wconf 84' lang='lat' dir='ltr'><strong>ista</strong></span> <span class='ocrx_word' id='word_1_269' title='bbox 793 997 859 1016; x_wconf 89' lang='lat' dir='ltr'><strong>vero</strong></span> <span class='ocrx_word' id='word_1_270' title='bbox 879 994 983 1016; x_wconf 82' lang='lat' dir='ltr'><strong>morta-</strong></span> 
     </span>
    </p>
   </div>
   <div class='ocr_carea' id='block_1_37' title="bbox 197 1033 983 1063">
    <p class='ocr_par' dir='ltr' id='par_1_37' title="bbox 197 1033 983 1063">
     <span class='ocr_line' id='line_1_37' title="bbox 197 1033 983 1063; baseline 0.004 -4"><span class='ocrx_word' id='word_1_271' title='bbox 197 1033 243 1060; x_wconf 87' lang='lat' dir='ltr'><strong>lia.</strong></span> <span class='ocrx_word' id='word_1_272' title='bbox 268 1033 308 1060; x_wconf 90' lang='lat' dir='ltr'><strong>lta</strong></span> <span class='ocrx_word' id='word_1_273' title='bbox 332 1034 416 1062; x_wconf 85' lang='lat' dir='ltr'><strong>habet</strong></span> <span class='ocrx_word' id='word_1_274' title='bbox 436 1034 516 1062; x_wconf 89' lang='lat' dir='ltr'><strong>divus</strong></span> <span class='ocrx_word' id='word_1_275' title='bbox 535 1034 689 1062; x_wconf 82' lang='lat' dir='ltr'><strong>Methodius</strong></span> <span class='ocrx_word' id='word_1_276' title='bbox 709 1035 783 1062; x_wconf 88' lang='lat' dir='ltr'><strong>libro</strong></span> <span class='ocrx_word' id='word_1_277' title='bbox 803 1035 841 1062; x_wconf 81' lang='lat' dir='ltr'><strong>De</strong></span> <span class='ocrx_word' id='word_1_278' title='bbox 863 1043 983 1063; x_wconf 74' lang='lat' dir='ltr'><strong>resurre-</strong></span> 
     </span>
    </p>
   </div>
   <div class='ocr_carea' id='block_1_38' title="bbox 197 1080 292 1107">
    <p class='ocr_par' dir='ltr' id='par_1_38' title="bbox 197 1080 292 1107">
     <span class='ocr_line' id='line_1_38' title="bbox 197 1080 292 1107; baseline 0.011 -1"><span class='ocrx_word' id='word_1_279' title='bbox 197 1080 292 1107; x_wconf 79' lang='lat' dir='ltr'><strong>ctione.</strong></span> 
     </span>
    </p>
   </div>
   <div class='ocr_carea' id='block_1_39' title="bbox 232 1125 985 1162">
    <p class='ocr_par' dir='ltr' id='par_1_39' title="bbox 232 1125 985 1162">
     <span class='ocr_line' id='line_1_39' title="bbox 232 1125 985 1162; baseline 0.003 -10"><span class='ocrx_word' id='word_1_280' title='bbox 232 1125 301 1159; x_wconf 77' lang='lat' dir='ltr'><strong>XIV,</strong></span> <span class='ocrx_word' id='word_1_281' title='bbox 319 1125 414 1153; x_wconf 77' lang='lat' dir='ltr'><strong>l0-i3.</strong></span> <span class='ocrx_word' id='word_1_282' title='bbox 435 1126 473 1153; x_wconf 88' lang='lat' dir='ltr'><strong>Tu</strong></span> <span class='ocrx_word' id='word_1_283' title='bbox 494 1134 554 1153; x_wconf 81' lang='lat' dir='ltr'><strong>vero</strong></span> <span class='ocrx_word' id='word_1_284' title='bbox 575 1134 622 1153; x_wconf 86' lang='lat' dir='ltr'><strong>cur</strong></span> <span class='ocrx_word' id='word_1_285' title='bbox 634 1126 742 1162; x_wconf 69' lang='lat' dir='ltr'><strong>iudicas</strong></span> <span class='ocrx_word' id='word_1_286' title='bbox 759 1126 869 1161; x_wconf 80' lang='lat' dir='ltr'><strong>fratrem</strong></span> <span class='ocrx_word' id='word_1_287' title='bbox 890 1127 985 1154; x_wconf 80' lang='lat' dir='ltr'><strong>tuum?</strong></span> 
     </span>
    </p>
   </div>
   <div class='ocr_carea' id='block_1_40' title="bbox 199 1170 985 1207">
    <p class='ocr_par' dir='ltr' id='par_1_40' title="bbox 199 1170 985 1207">
     <span class='ocr_line' id='line_1_40' title="bbox 199 1170 985 1207; baseline 0.001 -8"><span class='ocrx_word' id='word_1_288' title='bbox 199 1170 251 1199; x_wconf 80' lang='lat' dir='ltr'><strong>Aut</strong></span> <span class='ocrx_word' id='word_1_289' title='bbox 273 1172 353 1198; x_wconf 84' lang='lat' dir='ltr'><strong>etiam</strong></span> <span class='ocrx_word' id='word_1_290' title='bbox 379 1176 406 1198; x_wconf 86' lang='lat' dir='ltr'><strong>tu</strong></span> <span class='ocrx_word' id='word_1_291' title='bbox 429 1180 478 1199; x_wconf 86' lang='lat' dir='ltr'><strong>cur</strong></span> <span class='ocrx_word' id='word_1_292' title='bbox 501 1172 610 1207; x_wconf 76' lang='lat' dir='ltr'><strong>despicis</strong></span> <span class='ocrx_word' id='word_1_293' title='bbox 633 1172 744 1207; x_wconf 79' lang='lat' dir='ltr'><strong>fratrem</strong></span> <span class='ocrx_word' id='word_1_294' title='bbox 766 1174 863 1201; x_wconf 81' lang='lat' dir='ltr'><strong>tuum?</strong></span> <span class='ocrx_word' id='word_1_295' title='bbox 890 1172 985 1200; x_wconf 68' lang='lat' dir='ltr'><strong>Omne:</strong></span> 
     </span>
    </p>
   </div>
   <div class='ocr_carea' id='block_1_41' title="bbox 196 1217 985 1254">
    <p class='ocr_par' dir='ltr' id='par_1_41' title="bbox 196 1217 985 1254">
     <span class='ocr_line' id='line_1_41' title="bbox 196 1217 985 1254; baseline 0.004 -11"><span class='ocrx_word' id='word_1_296' title='bbox 196 1217 265 1244; x_wconf 83' lang='lat' dir='ltr'><strong>cnim</strong></span> <span class='ocrx_word' id='word_1_297' title='bbox 282 1221 431 1245; x_wconf 69' lang='lat' dir='ltr'><strong>statuantur</strong></span> <span class='ocrx_word' id='word_1_298' title='bbox 452 1223 514 1246; x_wconf 84' lang='lat' dir='ltr'><strong>ante</strong></span> <span class='ocrx_word' id='word_1_299' title='bbox 533 1218 652 1246; x_wconf 79' lang='lat' dir='ltr'><strong>tribunal</strong></span> <span class='ocrx_word' id='word_1_300' title='bbox 673 1219 780 1246; x_wconf 73' lang='lat' dir='ltr'><strong>Christi.</strong></span> <span class='ocrx_word' id='word_1_301' title='bbox 799 1218 932 1254; x_wconf 80' lang='lat' dir='ltr'><strong>Scriptum</strong></span> <span class='ocrx_word' id='word_1_302' title='bbox 947 1224 985 1247; x_wconf 76' lang='lat' dir='ltr'><strong>ut</strong></span> 
     </span>
    </p>
   </div>
   <div class='ocr_carea' id='block_1_42' title="bbox 197 1262 985 1299">
    <p class='ocr_par' dir='ltr' id='par_1_42' title="bbox 197 1262 985 1299">
     <span class='ocr_line' id='line_1_42' title="bbox 197 1262 985 1299; baseline 0 -9"><span class='ocrx_word' id='word_1_303' title='bbox 197 1262 266 1290; x_wconf 76' lang='lat' dir='ltr'><strong>enim</strong></span> <span class='ocrx_word' id='word_1_304' title='bbox 279 1271 288 1290; x_wconf 90' lang='lat'><em>:</em></span> <span class='ocrx_word' id='word_1_305' title='bbox 302 1263 362 1290; x_wconf 82' lang='lat' dir='ltr'><strong>Vivo</strong></span> <span class='ocrx_word' id='word_1_306' title='bbox 370 1271 428 1298; x_wconf 77' lang='lat' dir='ltr'><strong>ego,</strong></span> <span class='ocrx_word' id='word_1_307' title='bbox 442 1264 506 1291; x_wconf 79' lang='lat' dir='ltr'><strong>dicit</strong></span> <span class='ocrx_word' id='word_1_308' title='bbox 521 1264 655 1291; x_wconf 74' lang='lat' dir='ltr'><strong>Dominus.</strong></span> <span class='ocrx_word' id='word_1_309' title='bbox 668 1264 732 1291; x_wconf 79' lang='lat' dir='ltr'><strong>Mihi</strong></span> <span class='ocrx_word' id='word_1_310' title='bbox 745 1272 799 1291; x_wconf 76' lang='lat' dir='ltr'><strong>sese</strong></span> <span class='ocrx_word' id='word_1_311' title='bbox 809 1265 895 1299; x_wconf 83' lang='lat' dir='ltr'><strong>ﬂectet</strong></span> <span class='ocrx_word' id='word_1_312' title='bbox 908 1271 985 1290; x_wconf 85' lang='lat' dir='ltr'><strong>omne</strong></span> 
     </span>
    </p>
   </div>
   <div class='ocr_carea' id='block_1_43' title="bbox 196 1310 985 1346">
    <p class='ocr_par' dir='ltr' id='par_1_43' title="bbox 196 1310 985 1346">
     <span class='ocr_line' id='line_1_43' title="bbox 196 1310 985 1346; baseline 0.003 -12"><span class='ocrx_word' id='word_1_313' title='bbox 196 1316 274 1344; x_wconf 85' lang='lat' dir='ltr'><strong>genu,</strong></span> <span class='ocrx_word' id='word_1_314' title='bbox 289 1313 314 1336; x_wconf 84' lang='lat' dir='ltr'><strong>et</strong></span> <span class='ocrx_word' id='word_1_315' title='bbox 326 1311 412 1338; x_wconf 79' lang='lat' dir='ltr'><strong>omnis</strong></span> <span class='ocrx_word' id='word_1_316' title='bbox 432 1310 522 1346; x_wconf 80' lang='lat' dir='ltr'><strong>lingua</strong></span> <span class='ocrx_word' id='word_1_317' title='bbox 540 1310 705 1341; x_wconf 79' lang='lat' dir='ltr'><strong>conﬁtebitur</strong></span> <span class='ocrx_word' id='word_1_318' title='bbox 721 1310 787 1337; x_wconf 80' lang='lat' dir='ltr'><strong>Deo.</strong></span> <span class='ocrx_word' id='word_1_319' title='bbox 804 1310 985 1345; x_wconf 76' lang='lat' dir='ltr'><strong>Unusquisque</strong></span> 
     </span>
    </p>
   </div>
   <div class='ocr_carea' id='block_1_44' title="bbox 196 1354 986 1391">
    <p class='ocr_par' dir='ltr' id='par_1_44' title="bbox 196 1354 986 1391">
     <span class='ocr_line' id='line_1_44' title="bbox 196 1354 986 1391; baseline 0 -10"><span class='ocrx_word' id='word_1_320' title='bbox 196 1355 278 1390; x_wconf 82' lang='lat' dir='ltr'><strong>igitur</strong></span> <span class='ocrx_word' id='word_1_321' title='bbox 304 1360 423 1383; x_wconf 69' lang='lat' dir='ltr'><strong>nostrum</strong></span> <span class='ocrx_word' id='word_1_322' title='bbox 448 1356 480 1383; x_wconf 87' lang='lat' dir='ltr'><strong>de</strong></span> <span class='ocrx_word' id='word_1_323' title='bbox 503 1357 588 1391; x_wconf 73' lang='lat' dir='ltr'><strong>seipse</strong></span> <span class='ocrx_word' id='word_1_324' title='bbox 613 1356 743 1383; x_wconf 82' lang='lat' dir='ltr'><strong>rationem</strong></span> <span class='ocrx_word' id='word_1_325' title='bbox 768 1355 840 1382; x_wconf 78' lang='lat' dir='ltr'><strong>dabit</strong></span> <span class='ocrx_word' id='word_1_326' title='bbox 861 1355 926 1382; x_wconf 86' lang='lat' dir='ltr'><strong>Deo.</strong></span> <span class='ocrx_word' id='word_1_327' title='bbox 946 1354 986 1381; x_wconf 83' lang='lat' dir='ltr'><strong>Ne</strong></span> 
     </span>
    </p>
   </div>
   <div class='ocr_carea' id='block_1_45' title="bbox 196 1400 985 1437">
    <p class='ocr_par' dir='ltr' id='par_1_45' title="bbox 196 1400 985 1437">
     <span class='ocr_line' id='line_1_45' title="bbox 196 1400 985 1437; baseline -0.001 -9"><span class='ocrx_word' id='word_1_328' title='bbox 196 1401 306 1436; x_wconf 64' lang='lat' dir='ltr'><strong>posthac</strong></span> <span class='ocrx_word' id='word_1_329' title='bbox 327 1402 408 1437; x_wconf 85' lang='lat' dir='ltr'><strong>igitur</strong></span> <span class='ocrx_word' id='word_1_330' title='bbox 431 1402 501 1430; x_wconf 71' lang='lat' dir='ltr'><strong>alius</strong></span> <span class='ocrx_word' id='word_1_331' title='bbox 527 1403 612 1429; x_wconf 84' lang='lat' dir='ltr'><strong>alium</strong></span> <span class='ocrx_word' id='word_1_332' title='bbox 627 1401 787 1436; x_wconf 69' lang='lat' dir='ltr'><strong>judiccmus,</strong></span> <span class='ocrx_word' id='word_1_333' title='bbox 807 1409 897 1428; x_wconf 77' lang='lat' dir='ltr'><strong>verum</strong></span> <span class='ocrx_word' id='word_1_334' title='bbox 919 1400 985 1428; x_wconf 86' lang='lat' dir='ltr'><strong>illud</strong></span> 
     </span>
    </p>
   </div>
   <div class='ocr_carea' id='block_1_46' title="bbox 196 1445 985 1483">
    <p class='ocr_par' dir='ltr' id='par_1_46' title="bbox 196 1445 985 1483">
     <span class='ocr_line' id='line_1_46' title="bbox 196 1445 985 1483; baseline 0.001 -10"><span class='ocrx_word' id='word_1_335' title='bbox 196 1445 313 1476; x_wconf 77' lang='lat' dir='ltr'><strong>iudicate</strong></span> <span class='ocrx_word' id='word_1_336' title='bbox 330 1448 414 1483; x_wconf 73' lang='lat' dir='ltr'><strong>magis</strong></span> <span class='ocrx_word' id='word_1_337' title='bbox 431 1456 462 1475; x_wconf 86' lang='lat' dir='ltr'><strong>ne</strong></span> <span class='ocrx_word' id='word_1_338' title='bbox 479 1451 597 1483; x_wconf 73' lang='lat' dir='ltr'><strong>portatur</strong></span> <span class='ocrx_word' id='word_1_339' title='bbox 615 1447 723 1483; x_wconf 73' lang='lat' dir='ltr'><strong>offensio</strong></span> <span class='ocrx_word' id='word_1_340' title='bbox 739 1447 818 1482; x_wconf 80' lang='lat' dir='ltr'><strong>fratri</strong></span> <span class='ocrx_word' id='word_1_341' title='bbox 835 1451 882 1474; x_wconf 84' lang='lat' dir='ltr'><strong>aut</strong></span> <span class='ocrx_word' id='word_1_342' title='bbox 902 1447 985 1482; x_wconf 76' lang='lat' dir='ltr'><strong>oﬂ&#39;en-</strong></span> 
     </span>
    </p>
   </div>
   <div class='ocr_carea' id='block_1_47' title="bbox 196 1490 325 1519">
    <p class='ocr_par' dir='ltr' id='par_1_47' title="bbox 196 1490 325 1519">
     <span class='ocr_line' id='line_1_47' title="bbox 196 1490 325 1519; baseline 0.008 -1"><span class='ocrx_word' id='word_1_343' title='bbox 196 1490 325 1519; x_wconf 69' lang='lat' dir='ltr'><strong>dicatum.</strong></span> 
     </span>
    </p>
   </div>
   <div class='ocr_carea' id='block_1_48' title="bbox 231 1584 986 1621">
    <p class='ocr_par' dir='ltr' id='par_1_48' title="bbox 231 1584 986 1621">
     <span class='ocr_line' id='line_1_48' title="bbox 231 1584 986 1621; baseline -0.003 -7"><span class='ocrx_word' id='word_1_344' title='bbox 231 1586 350 1614; x_wconf 76' lang='lat' dir='ltr'><strong>Rursum</strong></span> <span class='ocrx_word' id='word_1_345' title='bbox 371 1593 461 1614; x_wconf 88' lang='lat' dir='ltr'><strong>sermo</strong></span> <span class='ocrx_word' id='word_1_346' title='bbox 477 1585 516 1613; x_wconf 90' lang='lat' dir='ltr'><strong>illi</strong></span> <span class='ocrx_word' id='word_1_347' title='bbox 533 1590 575 1613; x_wconf 81' lang='lat' dir='ltr'><strong>est</strong></span> <span class='ocrx_word' id='word_1_348' title='bbox 593 1585 627 1613; x_wconf 83' lang='lat' dir='ltr'><strong>ad</strong></span> <span class='ocrx_word' id='word_1_349' title='bbox 643 1593 706 1614; x_wconf 90' lang='lat' dir='ltr'><strong>eum</strong></span> <span class='ocrx_word' id='word_1_350' title='bbox 726 1585 774 1621; x_wconf 91' lang='lat' dir='ltr'><strong>qui</strong></span> <span class='ocrx_word' id='word_1_351' title='bbox 796 1585 848 1613; x_wconf 86' lang='lat' dir='ltr'><strong>ﬁde</strong></span> <span class='ocrx_word' id='word_1_352' title='bbox 868 1584 986 1620; x_wconf 84' lang='lat' dir='ltr'><strong>pusillus</strong></span> 
     </span>
    </p>
   </div>
   <div class='ocr_carea' id='block_1_49' title="bbox 193 1631 982 1667">
    <p class='ocr_par' dir='ltr' id='par_1_49' title="bbox 193 1631 982 1667">
     <span class='ocr_line' id='line_1_49' title="bbox 193 1631 982 1667; baseline -0.001 -7"><span class='ocrx_word' id='word_1_353' title='bbox 193 1637 245 1660; x_wconf 86' lang='lat' dir='ltr'><strong>est.</strong></span> <span class='ocrx_word' id='word_1_354' title='bbox 265 1643 275 1659; x_wconf 84' lang='grc' dir='ltr'><strong>ι</strong></span> <span class='ocrx_word' id='word_1_355' title='bbox 297 1633 385 1661; x_wconf 86' lang='lat' dir='ltr'><strong>Etiam</strong></span> <span class='ocrx_word' id='word_1_356' title='bbox 404 1637 433 1660; x_wconf 90' lang='lat' dir='ltr'><strong>tu</strong></span> <span class='ocrx_word' id='word_1_357' title='bbox 453 1640 503 1660; x_wconf 91' lang='lat' dir='ltr'><strong>cur</strong></span> <span class='ocrx_word' id='word_1_358' title='bbox 520 1632 639 1667; x_wconf 77' lang='lat' dir='ltr'><strong>despicis</strong></span> <span class='ocrx_word' id='word_1_359' title='bbox 655 1632 768 1659; x_wconf 81' lang='lat' dir='ltr'><strong>fratrem</strong></span> <span class='ocrx_word' id='word_1_360' title='bbox 787 1632 880 1659; x_wconf 87' lang='lat' dir='ltr'><strong>tuum?</strong></span> <span class='ocrx_word' id='word_1_361' title='bbox 903 1641 912 1658; x_wconf 79' lang='grc' dir='ltr'><strong>ι</strong></span> <span class='ocrx_word' id='word_1_362' title='bbox 932 1631 982 1659; x_wconf 88' lang='lat' dir='ltr'><strong>llic</strong></span> 
     </span>
    </p>
   </div>
   <div class='ocr_carea' id='block_1_50' title="bbox 194 1672 982 1714">
    <p class='ocr_par' dir='ltr' id='par_1_50' title="bbox 194 1672 982 1714">
     <span class='ocr_line' id='line_1_50' title="bbox 194 1672 982 1714; baseline -0.005 -6"><span class='ocrx_word' id='word_1_363' title='bbox 194 1687 284 1708; x_wconf 83' lang='lat' dir='ltr'><strong>sermo</strong></span> <span class='ocrx_word' id='word_1_364' title='bbox 296 1680 330 1707; x_wconf 84' lang='lat' dir='ltr'><strong>ad</strong></span> <span class='ocrx_word' id='word_1_365' title='bbox 345 1688 409 1707; x_wconf 88' lang='lat' dir='ltr'><strong>eum</strong></span> <span class='ocrx_word' id='word_1_366' title='bbox 424 1679 472 1714; x_wconf 92' lang='lat' dir='ltr'><strong>qui</strong></span> <span class='ocrx_word' id='word_1_367' title='bbox 485 1678 538 1706; x_wconf 88' lang='lat' dir='ltr'><strong>ﬁde</strong></span> <span class='ocrx_word' id='word_1_368' title='bbox 554 1672 649 1706; x_wconf 84' lang='lat' dir='ltr'><strong>ﬁrmus</strong></span> <span class='ocrx_word' id='word_1_369' title='bbox 666 1681 709 1706; x_wconf 84' lang='lat' dir='ltr'><strong>est</strong></span> <span class='ocrx_word' id='word_1_370' title='bbox 723 1678 862 1713; x_wconf 74' lang='lat' dir='ltr'><strong>dirigitur.</strong></span> <span class='ocrx_word' id='word_1_371' title='bbox 876 1677 982 1704; x_wconf 83' lang='lat' dir='ltr'><strong>Fratris</strong></span> 
     </span>
    </p>
   </div>
   <div class='ocr_carea' id='block_1_51' title="bbox 196 1723 981 1758">
    <p class='ocr_par' dir='ltr' id='par_1_51' title="bbox 196 1723 981 1758">
     <span class='ocr_line' id='line_1_51' title="bbox 196 1723 981 1758; baseline -0.008 -3"><span class='ocrx_word' id='word_1_372' title='bbox 196 1731 290 1755; x_wconf 83' lang='lat' dir='ltr'><strong>autem</strong></span> <span class='ocrx_word' id='word_1_373' title='bbox 310 1726 424 1754; x_wconf 87' lang='lat' dir='ltr'><strong>nomine</strong></span> <span class='ocrx_word' id='word_1_374' title='bbox 441 1725 523 1753; x_wconf 86' lang='lat' dir='ltr'><strong>solvit</strong></span> <span class='ocrx_word' id='word_1_375' title='bbox 538 1725 592 1752; x_wconf 83' lang='lat' dir='ltr'><strong>illis</strong></span> <span class='ocrx_word' id='word_1_376' title='bbox 610 1724 826 1752; x_wconf 85' lang='lat' dir='ltr'><strong>contentionem.</strong></span> <span class='ocrx_word' id='word_1_377' title='bbox 842 1723 981 1758; x_wconf 86' lang='lat' dir='ltr'><strong>Scriptum</strong></span> 
     </span>
    </p>
   </div>
   <div class='ocr_carea' id='block_1_52' title="bbox 193 1768 983 1805">
    <p class='ocr_par' dir='ltr' id='par_1_52' title="bbox 193 1768 983 1805">
     <span class='ocr_line' id='line_1_52' title="bbox 193 1768 983 1805; baseline -0.008 -5"><span class='ocrx_word' id='word_1_378' title='bbox 193 1777 235 1800; x_wconf 81' lang='lat' dir='ltr'><strong>est</strong></span> <span class='ocrx_word' id='word_1_379' title='bbox 259 1772 334 1800; x_wconf 85' lang='lat' dir='ltr'><strong>enim</strong></span> <span class='ocrx_word' id='word_1_380' title='bbox 349 1780 357 1798; x_wconf 89' lang='lat'>:</span> <span class='ocrx_word' id='word_1_381' title='bbox 373 1781 383 1797; x_wconf 71' lang='grc' dir='ltr'><strong>ι</strong></span> <span class='ocrx_word' id='word_1_382' title='bbox 401 1771 469 1798; x_wconf 87' lang='lat' dir='ltr'><strong>Vivo</strong></span> <span class='ocrx_word' id='word_1_383' title='bbox 491 1777 552 1805; x_wconf 76' lang='lat' dir='ltr'><strong>ego,</strong></span> <span class='ocrx_word' id='word_1_384' title='bbox 573 1779 582 1796; x_wconf 70' lang='grc' dir='ltr'><strong>ι</strong></span> <span class='ocrx_word' id='word_1_385' title='bbox 599 1775 654 1798; x_wconf 87' lang='lat' dir='ltr'><strong>etc.</strong></span> <span class='ocrx_word' id='word_1_386' title='bbox 667 1770 783 1797; x_wconf 87' lang='lat' dir='ltr'><strong>Videtur</strong></span> <span class='ocrx_word' id='word_1_387' title='bbox 803 1768 914 1804; x_wconf 88' lang='lat' dir='ltr'><strong>quidem</strong></span> <span class='ocrx_word' id='word_1_388' title='bbox 933 1775 983 1802; x_wconf 78' lang='lat' dir='ltr'><strong>per</strong></span> 
     </span>
    </p>
   </div>
   <div class='ocr_carea' id='block_1_53' title="bbox 195 1815 983 1854">
    <p class='ocr_par' dir='ltr' id='par_1_53' title="bbox 195 1815 983 1854">
     <span class='ocr_line' id='line_1_53' title="bbox 195 1815 983 1854; baseline -0.006 -9"><span class='ocrx_word' id='word_1_389' title='bbox 195 1818 348 1854; x_wconf 65' lang='lat' dir='ltr'><strong>prophetia:</strong></span> <span class='ocrx_word' id='word_1_390' title='bbox 377 1816 572 1844; x_wconf 88' lang='lat' dir='ltr'><strong>deductionem</strong></span> <span class='ocrx_word' id='word_1_391' title='bbox 600 1816 634 1843; x_wconf 90' lang='lat' dir='ltr'><strong>ad</strong></span> <span class='ocrx_word' id='word_1_392' title='bbox 667 1815 830 1842; x_wconf 83' lang='lat' dir='ltr'><strong>modestiam</strong></span> <span class='ocrx_word' id='word_1_393' title='bbox 854 1821 983 1842; x_wconf 85' lang='lat' dir='ltr'><strong>revocare</strong></span> 
     </span>
    </p>
   </div>
   <div class='ocr_carea' id='block_1_54' title="bbox 194 1861 982 1896">
    <p class='ocr_par' dir='ltr' id='par_1_54' title="bbox 194 1861 982 1896">
     <span class='ocr_line' id='line_1_54' title="bbox 194 1861 982 1896; baseline -0.008 -4"><span class='ocrx_word' id='word_1_394' title='bbox 194 1864 314 1895; x_wconf 83' lang='lat' dir='ltr'><strong>ﬁdelem,</strong></span> <span class='ocrx_word' id='word_1_395' title='bbox 332 1870 367 1890; x_wconf 88' lang='lat' dir='ltr'><strong>ue</strong></span> <span class='ocrx_word' id='word_1_396' title='bbox 396 1862 578 1896; x_wconf 82' lang='lat' dir='ltr'><strong>iudaizantem</strong></span> <span class='ocrx_word' id='word_1_397' title='bbox 594 1861 771 1896; x_wconf 86' lang='lat' dir='ltr'><strong>despiceret:</strong></span> <span class='ocrx_word' id='word_1_398' title='bbox 793 1864 876 1888; x_wconf 88' lang='lat' dir='ltr'><strong>totam</strong></span> <span class='ocrx_word' id='word_1_399' title='bbox 892 1863 982 1887; x_wconf 87' lang='lat' dir='ltr'><strong>tamen</strong></span> 
     </span>
    </p>
   </div>
   <div class='ocr_carea' id='block_1_55' title="bbox 194 1906 982 1946">
    <p class='ocr_par' dir='ltr' id='par_1_55' title="bbox 194 1906 982 1946">
     <span class='ocr_line' id='line_1_55' title="bbox 194 1906 982 1946; baseline -0.005 -9"><span class='ocrx_word' id='word_1_400' title='bbox 194 1910 357 1946; x_wconf 87' lang='lat' dir='ltr'><strong>particulam</strong></span> <span class='ocrx_word' id='word_1_401' title='bbox 370 1909 450 1942; x_wconf 79' lang='lat' dir='ltr'><strong>dixit,</strong></span> <span class='ocrx_word' id='word_1_402' title='bbox 464 1909 524 1944; x_wconf 83' lang='lat' dir='ltr'><strong>ejus</strong></span> <span class='ocrx_word' id='word_1_403' title='bbox 535 1908 582 1944; x_wconf 93' lang='lat' dir='ltr'><strong>qui</strong></span> <span class='ocrx_word' id='word_1_404' title='bbox 595 1908 685 1936; x_wconf 86' lang='lat' dir='ltr'><strong>adhuc</strong></span> <span class='ocrx_word' id='word_1_405' title='bbox 694 1907 848 1943; x_wconf 86' lang='lat' dir='ltr'><strong>judaizaret</strong></span> <span class='ocrx_word' id='word_1_406' title='bbox 860 1906 982 1933; x_wconf 87' lang='lat' dir='ltr'><strong>animum</strong></span> 
     </span>
    </p>
   </div>
   <div class='ocr_carea' id='block_1_56' title="bbox 197 1952 983 1990">
    <p class='ocr_par' dir='ltr' id='par_1_56' title="bbox 197 1952 983 1990">
     <span class='ocr_line' id='line_1_56' title="bbox 197 1952 983 1990; baseline -0.005 -7"><span class='ocrx_word' id='word_1_407' title='bbox 197 1956 359 1983; x_wconf 88' lang='lat' dir='ltr'><strong>concutiens</strong></span> <span class='ocrx_word' id='word_1_408' title='bbox 374 1964 380 1982; x_wconf 94' lang='lat'>:</span> <span class='ocrx_word' id='word_1_409' title='bbox 398 1955 444 1983; x_wconf 92' lang='lat' dir='ltr'><strong>hic</strong></span> <span class='ocrx_word' id='word_1_410' title='bbox 461 1955 571 1990; x_wconf 90' lang='lat' dir='ltr'><strong>quidem</strong></span> <span class='ocrx_word' id='word_1_411' title='bbox 585 1954 684 1990; x_wconf 88' lang='lat' dir='ltr'><strong>judicii</strong></span> <span class='ocrx_word' id='word_1_412' title='bbox 698 1953 848 1985; x_wconf 86' lang='lat' dir='ltr'><strong>mentione,</strong></span> <span class='ocrx_word' id='word_1_413' title='bbox 864 1952 902 1980; x_wconf 89' lang='lat' dir='ltr'><strong>ibi</strong></span> <span class='ocrx_word' id='word_1_414' title='bbox 917 1959 983 1979; x_wconf 86' lang='lat' dir='ltr'><strong>vero</strong></span> 
     </span>
    </p>
   </div>
   <div class='ocr_carea' id='block_1_57' title="bbox 196 1999 981 2031">
    <p class='ocr_par' dir='ltr' id='par_1_57' title="bbox 196 1999 981 2031">
     <span class='ocr_line' id='line_1_57' title="bbox 196 1999 981 2031; baseline -0.005 -2"><span class='ocrx_word' id='word_1_415' title='bbox 196 2001 300 2030; x_wconf 84' lang='lat' dir='ltr'><strong>Christi</strong></span> <span class='ocrx_word' id='word_1_416' title='bbox 332 2001 476 2029; x_wconf 88' lang='lat' dir='ltr'><strong>beneﬁciis</strong></span> <span class='ocrx_word' id='word_1_417' title='bbox 503 2001 663 2029; x_wconf 70' lang='lat' dir='ltr'><strong>exhortans.</strong></span> <span class='ocrx_word' id='word_1_418' title='bbox 691 1999 800 2028; x_wconf 84' lang='lat' dir='ltr'><strong>Etenim</strong></span> <span class='ocrx_word' id='word_1_419' title='bbox 825 1999 848 2027; x_wconf 90' lang='lat' dir='ltr'><strong>si</strong></span> <span class='ocrx_word' id='word_1_420' title='bbox 876 2006 981 2031; x_wconf 87' lang='lat' dir='ltr'><strong>omnes,</strong></span> 
     </span>
    </p>
   </div>
   <div class='ocr_carea' id='block_1_58' title="bbox 195 2045 982 2081">
    <p class='ocr_par' dir='ltr' id='par_1_58' title="bbox 195 2045 982 2081">
     <span class='ocr_line' id='line_1_58' title="bbox 195 2045 982 2081; baseline -0.003 -7"><span class='ocrx_word' id='word_1_421' title='bbox 195 2047 296 2081; x_wconf 89' lang='lat' dir='ltr'><strong>inquit,</strong></span> <span class='ocrx_word' id='word_1_422' title='bbox 309 2051 373 2074; x_wconf 83' lang='lat' dir='ltr'><strong>ante</strong></span> <span class='ocrx_word' id='word_1_423' title='bbox 385 2047 526 2074; x_wconf 91' lang='lat' dir='ltr'><strong>Christum</strong></span> <span class='ocrx_word' id='word_1_424' title='bbox 539 2051 693 2074; x_wconf 86' lang='lat' dir='ltr'><strong>statuemur</strong></span> <span class='ocrx_word' id='word_1_425' title='bbox 707 2055 714 2073; x_wconf 88' lang='lat'><strong>:</strong></span> <span class='ocrx_word' id='word_1_426' title='bbox 731 2050 758 2073; x_wconf 93' lang='lat' dir='ltr'><strong>et</strong></span> <span class='ocrx_word' id='word_1_427' title='bbox 773 2046 842 2081; x_wconf 86' lang='lat' dir='ltr'><strong>ipse,</strong></span> <span class='ocrx_word' id='word_1_428' title='bbox 859 2053 915 2080; x_wconf 79' lang='lat' dir='ltr'><strong>non</strong></span> <span class='ocrx_word' id='word_1_429' title='bbox 927 2045 982 2078; x_wconf 87' lang='lat' dir='ltr'><strong>lex,</strong></span> 
     </span>
    </p>
   </div>
   <div class='ocr_carea' id='block_1_59' title="bbox 195 2091 984 2128">
    <p class='ocr_par' dir='ltr' id='par_1_59' title="bbox 195 2091 984 2128">
     <span class='ocr_line' id='line_1_59' title="bbox 195 2091 984 2128; baseline -0.003 -8"><span class='ocrx_word' id='word_1_430' title='bbox 195 2093 331 2120; x_wconf 84' lang='lat' dir='ltr'><strong>rationem</strong></span> <span class='ocrx_word' id='word_1_431' title='bbox 350 2101 364 2120; x_wconf 88' lang='lat' dir='ltr'><strong>a</strong></span> <span class='ocrx_word' id='word_1_432' title='bbox 385 2092 466 2120; x_wconf 86' lang='lat' dir='ltr'><strong>nobis</strong></span> <span class='ocrx_word' id='word_1_433' title='bbox 488 2092 580 2128; x_wconf 73' lang='lat' dir='ltr'><strong>exiget</strong></span> <span class='ocrx_word' id='word_1_434' title='bbox 596 2101 602 2119; x_wconf 93' lang='lat'><strong>:</strong></span> <span class='ocrx_word' id='word_1_435' title='bbox 620 2099 670 2119; x_wconf 92' lang='lat' dir='ltr'><strong>cur</strong></span> <span class='ocrx_word' id='word_1_436' title='bbox 687 2096 715 2119; x_wconf 91' lang='lat' dir='ltr'><strong>tu</strong></span> <span class='ocrx_word' id='word_1_437' title='bbox 733 2092 786 2126; x_wconf 69' lang='lat' dir='ltr'><strong>legi</strong></span> <span class='ocrx_word' id='word_1_438' title='bbox 806 2091 941 2123; x_wconf 64' lang='lat' dir='ltr'><strong>adh-sares,</strong></span> <span class='ocrx_word' id='word_1_439' title='bbox 956 2095 984 2118; x_wconf 91' lang='lat' dir='ltr'><strong>et</strong></span> 
     </span>
    </p>
   </div>
   <div class='ocr_carea' id='block_1_60' title="bbox 194 2137 984 2172">
    <p class='ocr_par' dir='ltr' id='par_1_60' title="bbox 194 2137 984 2172">
     <span class='ocr_line' id='line_1_60' title="bbox 194 2137 984 2172; baseline -0.004 -6"><span class='ocrx_word' id='word_1_440' title='bbox 194 2146 250 2166; x_wconf 86' lang='lat' dir='ltr'><strong>non</strong></span> <span class='ocrx_word' id='word_1_441' title='bbox 283 2137 426 2166; x_wconf 86' lang='lat' dir='ltr'><strong>Christum</strong></span> <span class='ocrx_word' id='word_1_442' title='bbox 459 2137 544 2165; x_wconf 87' lang='lat' dir='ltr'><strong>semel</strong></span> <span class='ocrx_word' id='word_1_443' title='bbox 578 2137 781 2172; x_wconf 79' lang='lat' dir='ltr'><strong>apprehendis?</strong></span> <span class='ocrx_word' id='word_1_444' title='bbox 803 2146 813 2163; x_wconf 83' lang='grc' dir='ltr'><strong>ι</strong></span> <span class='ocrx_word' id='word_1_445' title='bbox 835 2137 901 2164; x_wconf 80' lang='lat' dir='ltr'><strong>Mihi</strong></span> <span class='ocrx_word' id='word_1_446' title='bbox 924 2143 984 2164; x_wconf 89' lang='lat' dir='ltr'><strong>sese</strong></span> 
     </span>
    </p>
   </div>
   <div class='ocr_carea' id='block_1_61' title="bbox 194 2181 983 2219">
    <p class='ocr_par' dir='ltr' id='par_1_61' title="bbox 194 2181 983 2219">
     <span class='ocr_line' id='line_1_61' title="bbox 194 2181 983 2219; baseline -0.003 -9"><span class='ocrx_word' id='word_1_447' title='bbox 194 2183 287 2211; x_wconf 87' lang='lat' dir='ltr'><strong>ﬂectet</strong></span> <span class='ocrx_word' id='word_1_448' title='bbox 317 2191 399 2211; x_wconf 88' lang='lat' dir='ltr'><strong>omne</strong></span> <span class='ocrx_word' id='word_1_449' title='bbox 427 2191 509 2219; x_wconf 75' lang='lat' dir='ltr'><strong>genu.</strong></span> <span class='ocrx_word' id='word_1_450' title='bbox 534 2191 543 2208; x_wconf 73' lang='grc' dir='ltr'><strong>ι</strong></span> <span class='ocrx_word' id='word_1_451' title='bbox 569 2182 652 2218; x_wconf 77' lang='lat'><strong>387</strong></span> <span class='ocrx_word' id='word_1_452' title='bbox 673 2181 803 2210; x_wconf 89' lang='lat' dir='ltr'><strong>Omnium</strong></span> <span class='ocrx_word' id='word_1_453' title='bbox 830 2181 983 2209; x_wconf 89' lang='lat' dir='ltr'><strong>dominium</strong></span> 
     </span>
    </p>
   </div>
   <div class='ocr_carea' id='block_1_62' title="bbox 194 2228 983 2264">
    <p class='ocr_par' dir='ltr' id='par_1_62' title="bbox 194 2228 983 2264">
     <span class='ocr_line' id='line_1_62' title="bbox 194 2228 983 2264; baseline -0.001 -8"><span class='ocrx_word' id='word_1_454' title='bbox 194 2229 260 2257; x_wconf 87' lang='lat' dir='ltr'><strong>huic</strong></span> <span class='ocrx_word' id='word_1_455' title='bbox 273 2229 388 2257; x_wconf 84' lang='lat' dir='ltr'><strong>subesse</strong></span> <span class='ocrx_word' id='word_1_456' title='bbox 403 2233 561 2257; x_wconf 86' lang='lat' dir='ltr'><strong>attestatur.</strong></span> <span class='ocrx_word' id='word_1_457' title='bbox 581 2237 591 2254; x_wconf 81' lang='grc' dir='ltr'><strong>ι</strong></span> <span class='ocrx_word' id='word_1_458' title='bbox 613 2228 647 2256; x_wconf 84' lang='lat' dir='ltr'><strong>Et</strong></span> <span class='ocrx_word' id='word_1_459' title='bbox 659 2229 749 2256; x_wconf 89' lang='lat' dir='ltr'><strong>omnis</strong></span> <span class='ocrx_word' id='word_1_460' title='bbox 762 2228 854 2264; x_wconf 80' lang='lat' dir='ltr'><strong>lingua</strong></span> <span class='ocrx_word' id='word_1_461' title='bbox 869 2228 983 2256; x_wconf 89' lang='lat' dir='ltr'><strong>conﬁte-</strong></span> 
     </span>
    </p>
   </div>
   <div class='ocr_carea' id='block_1_63' title="bbox 192 2274 983 2310">
    <p class='ocr_par' dir='ltr' id='par_1_63' title="bbox 192 2274 983 2310">
     <span class='ocr_line' id='line_1_63' title="bbox 192 2274 983 2310; baseline -0.003 -7"><span class='ocrx_word' id='word_1_462' title='bbox 192 2276 278 2303; x_wconf 86' lang='lat' dir='ltr'><strong>bitur.</strong></span> <span class='ocrx_word' id='word_1_463' title='bbox 303 2285 314 2301; x_wconf 85' lang='grc' dir='ltr'><strong>ι</strong></span> <span class='ocrx_word' id='word_1_464' title='bbox 341 2275 456 2310; x_wconf 87' lang='lat' dir='ltr'><strong>Propria</strong></span> <span class='ocrx_word' id='word_1_465' title='bbox 480 2274 612 2302; x_wconf 82' lang='lat' dir='ltr'><strong>videlicet</strong></span> <span class='ocrx_word' id='word_1_466' title='bbox 635 2280 758 2309; x_wconf 75' lang='lat' dir='ltr'><strong>peccata,</strong></span> <span class='ocrx_word' id='word_1_467' title='bbox 781 2282 814 2302; x_wconf 84' lang='lat' dir='ltr'><strong>ex</strong></span> <span class='ocrx_word' id='word_1_468' title='bbox 838 2275 896 2309; x_wconf 90' lang='lat' dir='ltr'><strong>ipsa</strong></span> <span class='ocrx_word' id='word_1_469' title='bbox 917 2282 983 2302; x_wconf 92' lang='lat' dir='ltr'><strong>con-</strong></span> 
     </span>
    </p>
   </div>
   <div class='ocr_carea' id='block_1_64' title="bbox 192 2320 981 2356">
    <p class='ocr_par' dir='ltr' id='par_1_64' title="bbox 192 2320 981 2356">
     <span class='ocr_line' id='line_1_64' title="bbox 192 2320 981 2356; baseline 0 -8"><span class='ocrx_word' id='word_1_470' title='bbox 192 2320 320 2352; x_wconf 82' lang='lat' dir='ltr'><strong>scientia,</strong></span> <span class='ocrx_word' id='word_1_471' title='bbox 338 2326 468 2355; x_wconf 87' lang='lat' dir='ltr'><strong>tanquam</strong></span> <span class='ocrx_word' id='word_1_472' title='bbox 482 2321 596 2356; x_wconf 87' lang='lat' dir='ltr'><strong>proprio</strong></span> <span class='ocrx_word' id='word_1_473' title='bbox 609 2321 707 2356; x_wconf 89' lang='lat' dir='ltr'><strong>judici.</strong></span> <span class='ocrx_word' id='word_1_474' title='bbox 719 2336 754 2341; x_wconf 91' lang='lat'><strong>—-</strong></span> <span class='ocrx_word' id='word_1_475' title='bbox 769 2321 858 2348; x_wconf 79' lang='lat' dir='ltr'><strong>Aliud.</strong></span> <span class='ocrx_word' id='word_1_476' title='bbox 874 2321 981 2349; x_wconf 87' lang='lat' dir='ltr'><strong>Dictum</strong></span> 
     </span>
    </p>
   </div>
   <div class='ocr_carea' id='block_1_65' title="bbox 193 2366 982 2403">
    <p class='ocr_par' dir='ltr' id='par_1_65' title="bbox 193 2366 982 2403">
     <span class='ocr_line' id='line_1_65' title="bbox 193 2366 982 2403; baseline 0.001 -9"><span class='ocrx_word' id='word_1_477' title='bbox 193 2372 237 2394; x_wconf 83' lang='lat' dir='ltr'><strong>est</strong></span> <span class='ocrx_word' id='word_1_478' title='bbox 253 2366 288 2394; x_wconf 87' lang='lat' dir='ltr'><strong>de</strong></span> <span class='ocrx_word' id='word_1_479' title='bbox 308 2367 364 2394; x_wconf 84' lang='lat' dir='ltr'><strong>Deo</strong></span> <span class='ocrx_word' id='word_1_480' title='bbox 380 2367 460 2395; x_wconf 84' lang='lat' dir='ltr'><strong>Patre</strong></span> <span class='ocrx_word' id='word_1_481' title='bbox 475 2367 549 2402; x_wconf 92' lang='lat' dir='ltr'><strong>quod</strong></span> <span class='ocrx_word' id='word_1_482' title='bbox 565 2366 610 2394; x_wconf 91' lang='lat' dir='ltr'><strong>hic</strong></span> <span class='ocrx_word' id='word_1_483' title='bbox 630 2367 735 2394; x_wconf 92' lang='lat' dir='ltr'><strong>nullum</strong></span> <span class='ocrx_word' id='word_1_484' title='bbox 746 2367 862 2403; x_wconf 83' lang='lat' dir='ltr'><strong>judicat,</strong></span> <span class='ocrx_word' id='word_1_485' title='bbox 878 2368 925 2395; x_wconf 89' lang='lat' dir='ltr'><strong>sed</strong></span> <span class='ocrx_word' id='word_1_486' title='bbox 936 2368 982 2403; x_wconf 83' lang='lat' dir='ltr'><strong>ju-</strong></span> 
     </span>
    </p>
   </div>
   <div class='ocr_carea' id='block_1_66' title="bbox 192 2411 983 2448">
    <p class='ocr_par' dir='ltr' id='par_1_66' title="bbox 192 2411 983 2448">
     <span class='ocr_line' id='line_1_66' title="bbox 192 2411 983 2448; baseline 0.003 -10"><span class='ocrx_word' id='word_1_487' title='bbox 192 2411 296 2438; x_wconf 86' lang='lat' dir='ltr'><strong>dicium</strong></span> <span class='ocrx_word' id='word_1_488' title='bbox 323 2411 400 2438; x_wconf 87' lang='lat' dir='ltr'><strong>dedit</strong></span> <span class='ocrx_word' id='word_1_489' title='bbox 427 2411 534 2439; x_wconf 73' lang='lat' dir='ltr'><strong>Filio”.</strong></span> <span class='ocrx_word' id='word_1_490' title='bbox 561 2411 735 2439; x_wconf 77' lang='lat' dir='ltr'><strong>Manifestum</strong></span> <span class='ocrx_word' id='word_1_491' title='bbox 761 2421 826 2448; x_wconf 83' lang='lat' dir='ltr'><strong>ergo</strong></span> <span class='ocrx_word' id='word_1_492' title='bbox 851 2413 924 2448; x_wconf 81' lang='lat' dir='ltr'><strong>quod</strong></span> <span class='ocrx_word' id='word_1_493' title='bbox 949 2413 983 2440; x_wconf 89' lang='lat' dir='ltr'><strong>de</strong></span> 
     </span>
    </p>
   </div>
   <div class='ocr_carea' id='block_1_67' title="bbox 188 2456 981 2492">
    <p class='ocr_par' dir='ltr' id='par_1_67' title="bbox 188 2456 981 2492">
     <span class='ocr_line' id='line_1_67' title="bbox 188 2456 981 2492; baseline 0.001 -9"><span class='ocrx_word' id='word_1_494' title='bbox 188 2456 284 2492; x_wconf 83' lang='lat' dir='ltr'><strong>judice</strong></span> <span class='ocrx_word' id='word_1_495' title='bbox 299 2456 405 2484; x_wconf 86' lang='lat' dir='ltr'><strong>dictum</strong></span> <span class='ocrx_word' id='word_1_496' title='bbox 421 2456 506 2484; x_wconf 84' lang='lat' dir='ltr'><strong>fuerit</strong></span> <span class='ocrx_word' id='word_1_497' title='bbox 521 2465 536 2484; x_wconf 90' lang='lat' dir='ltr'><strong>a</strong></span> <span class='ocrx_word' id='word_1_498' title='bbox 554 2457 649 2490; x_wconf 85' lang='lat' dir='ltr'><strong>Paulo,</strong></span> <span class='ocrx_word' id='word_1_499' title='bbox 664 2467 673 2484; x_wconf 90' lang='grc'><em>‹</em></span> <span class='ocrx_word' id='word_1_500' title='bbox 690 2458 874 2486; x_wconf 89' lang='lat' dir='ltr'><strong>Conﬁtebitur</strong></span> <span class='ocrx_word' id='word_1_501' title='bbox 889 2459 956 2491; x_wconf 88' lang='lat' dir='ltr'><strong>Deo,</strong></span> <span class='ocrx_word' id='word_1_502' title='bbox 972 2469 981 2484; x_wconf 77' lang='grc' dir='ltr'><strong>ι</strong></span> 
     </span>
    </p>
   </div>
   <div class='ocr_carea' id='block_1_68' title="bbox 192 2502 985 2540">
    <p class='ocr_par' dir='ltr' id='par_1_68' title="bbox 192 2502 985 2540">
     <span class='ocr_line' id='line_1_68' title="bbox 192 2502 985 2540; baseline 0.001 -10"><span class='ocrx_word' id='word_1_503' title='bbox 192 2507 221 2530; x_wconf 87' lang='lat' dir='ltr'><strong>ct</strong></span> <span class='ocrx_word' id='word_1_504' title='bbox 239 2511 248 2529; x_wconf 80' lang='grc' dir='ltr'><strong>ι</strong></span> <span class='ocrx_word' id='word_1_505' title='bbox 272 2502 419 2530; x_wconf 79' lang='lat' dir='ltr'><strong>Rationem</strong></span> <span class='ocrx_word' id='word_1_506' title='bbox 434 2503 590 2532; x_wconf 86' lang='lat' dir='ltr'><strong>dabitDeo.</strong></span> <span class='ocrx_word' id='word_1_507' title='bbox 615 2513 624 2530; x_wconf 75' lang='grc' dir='ltr'><strong>ι</strong></span> <span class='ocrx_word' id='word_1_508' title='bbox 649 2505 744 2540; x_wconf 84' lang='lat' dir='ltr'><strong>Itaque</strong></span> <span class='ocrx_word' id='word_1_509' title='bbox 765 2504 891 2532; x_wconf 90' lang='lat' dir='ltr'><strong>Christus</strong></span> <span class='ocrx_word' id='word_1_510' title='bbox 912 2505 985 2532; x_wconf 89' lang='lat' dir='ltr'><strong>Deus</strong></span> 
     </span>
    </p>
   </div>
   <div class='ocr_carea' id='block_1_69' title="bbox 193 2548 985 2585">
    <p class='ocr_par' dir='ltr' id='par_1_69' title="bbox 193 2548 985 2585">
     <span class='ocr_line' id='line_1_69' title="bbox 193 2548 985 2585; baseline 0.001 -10"><span class='ocrx_word' id='word_1_511' title='bbox 193 2553 246 2580; x_wconf 83' lang='lat' dir='ltr'><strong>est,</strong></span> <span class='ocrx_word' id='word_1_512' title='bbox 263 2548 346 2576; x_wconf 82' lang='lat' dir='ltr'><strong>etiam</strong></span> <span class='ocrx_word' id='word_1_513' title='bbox 364 2549 387 2576; x_wconf 87' lang='lat' dir='ltr'><strong>si</strong></span> <span class='ocrx_word' id='word_1_514' title='bbox 403 2549 493 2576; x_wconf 91' lang='lat' dir='ltr'><strong>nolint</strong></span> <span class='ocrx_word' id='word_1_515' title='bbox 505 2549 591 2585; x_wconf 89' lang='lat' dir='ltr'><strong>impii.</strong></span> <span class='ocrx_word' id='word_1_516' title='bbox 609 2559 618 2576; x_wconf 85' lang='grc' dir='ltr'><strong>ι</strong></span> <span class='ocrx_word' id='word_1_517' title='bbox 635 2550 673 2578; x_wconf 88' lang='lat' dir='ltr'><strong>Ne</strong></span> <span class='ocrx_word' id='word_1_518' title='bbox 690 2550 804 2585; x_wconf 83' lang='lat' dir='ltr'><strong>posthac</strong></span> <span class='ocrx_word' id='word_1_519' title='bbox 819 2550 902 2584; x_wconf 77' lang='lat' dir='ltr'><strong>igitur</strong></span> <span class='ocrx_word' id='word_1_520' title='bbox 914 2550 985 2577; x_wconf 93' lang='lat' dir='ltr'><strong>alius</strong></span> 
     </span>
    </p>
   </div>
   <div class='ocr_carea' id='block_1_70' title="bbox 193 2594 980 2632">
    <p class='ocr_par' dir='ltr' id='par_1_70' title="bbox 193 2594 980 2632">
     <span class='ocr_line' id='line_1_70' title="bbox 193 2594 980 2632; baseline 0.001 -10"><span class='ocrx_word' id='word_1_521' title='bbox 193 2594 278 2622; x_wconf 84' lang='lat' dir='ltr'><strong>alium</strong></span> <span class='ocrx_word' id='word_1_522' title='bbox 291 2595 458 2630; x_wconf 70' lang='lat' dir='ltr'><strong>iudicemus.</strong></span> <span class='ocrx_word' id='word_1_523' title='bbox 482 2605 490 2622; x_wconf 76' lang='grc' dir='ltr'><strong>ι</strong></span> <span class='ocrx_word' id='word_1_524' title='bbox 507 2596 627 2624; x_wconf 81' lang='lat' dir='ltr'><strong>Rursum</strong></span> <span class='ocrx_word' id='word_1_525' title='bbox 644 2597 734 2632; x_wconf 89' lang='lat' dir='ltr'><strong>primo</strong></span> <span class='ocrx_word' id='word_1_526' title='bbox 748 2596 834 2623; x_wconf 68' lang='lat' dir='ltr'><strong>haeret</strong></span> <span class='ocrx_word' id='word_1_527' title='bbox 850 2596 980 2629; x_wconf 84' lang='lat' dir='ltr'><strong>sermoni,</strong></span> 
     </span>
    </p>
   </div>
   <div class='ocr_carea' id='block_1_71' title="bbox 191 2641 980 2677">
    <p class='ocr_par' dir='ltr' id='par_1_71' title="bbox 191 2641 980 2677">
     <span class='ocr_line' id='line_1_71' title="bbox 191 2641 980 2677; baseline 0.003 -9"><span class='ocrx_word' id='word_1_528' title='bbox 191 2649 226 2669; x_wconf 87' lang='lat' dir='ltr'><strong>ne</strong></span> <span class='ocrx_word' id='word_1_529' title='bbox 243 2641 340 2669; x_wconf 91' lang='lat' dir='ltr'><strong>timore</strong></span> <span class='ocrx_word' id='word_1_530' title='bbox 359 2641 486 2670; x_wconf 83' lang='lat' dir='ltr'><strong>videatur</strong></span> <span class='ocrx_word' id='word_1_531' title='bbox 503 2642 602 2670; x_wconf 81' lang='lat' dir='ltr'><strong>fecisse</strong></span> <span class='ocrx_word' id='word_1_532' title='bbox 617 2642 715 2677; x_wconf 84' lang='lat' dir='ltr'><strong>judicii</strong></span> <span class='ocrx_word' id='word_1_533' title='bbox 735 2642 915 2675; x_wconf 88' lang='lat' dir='ltr'><strong>mentionem,</strong></span> <span class='ocrx_word' id='word_1_534' title='bbox 933 2643 980 2670; x_wconf 91' lang='lat' dir='ltr'><strong>sed</strong></span> 
     </span>
    </p>
   </div>
   <div class='ocr_carea' id='block_1_72' title="bbox 190 2686 980 2723">
    <p class='ocr_par' dir='ltr' id='par_1_72' title="bbox 190 2686 980 2723">
     <span class='ocr_line' id='line_1_72' title="bbox 190 2686 980 2723; baseline 0.001 -9"><span class='ocrx_word' id='word_1_535' title='bbox 190 2687 310 2721; x_wconf 88' lang='lat' dir='ltr'><strong>quadam</strong></span> <span class='ocrx_word' id='word_1_536' title='bbox 332 2688 468 2716; x_wconf 87' lang='lat' dir='ltr'><strong>sermonis</strong></span> <span class='ocrx_word' id='word_1_537' title='bbox 483 2688 690 2723; x_wconf 87' lang='lat' dir='ltr'><strong>consequentia.</strong></span> <span class='ocrx_word' id='word_1_538' title='bbox 713 2696 722 2713; x_wconf 85' lang='grc' dir='ltr'><strong>ι</strong></span> <span class='ocrx_word' id='word_1_539' title='bbox 745 2686 783 2715; x_wconf 74' lang='lat' dir='ltr'><strong>Ne</strong></span> <span class='ocrx_word' id='word_1_540' title='bbox 805 2693 922 2722; x_wconf 85' lang='lat' dir='ltr'><strong>ponatur</strong></span> <span class='ocrx_word' id='word_1_541' title='bbox 938 2688 980 2716; x_wconf 86' lang='lat' dir='ltr'><strong>of-</strong></span> 
     </span>
    </p>
   </div>
   <div class='ocr_carea' id='block_1_73' title="bbox 190 2731 981 2767">
    <p class='ocr_par' dir='ltr' id='par_1_73' title="bbox 190 2731 981 2767">
     <span class='ocr_line' id='line_1_73' title="bbox 190 2731 981 2767; baseline 0.003 -8"><span class='ocrx_word' id='word_1_542' title='bbox 190 2731 290 2761; x_wconf 81' lang='lat' dir='ltr'><strong>fensio.</strong></span> <span class='ocrx_word' id='word_1_543' title='bbox 315 2743 324 2760; x_wconf 78' lang='grc' dir='ltr'><strong>ι</strong></span> <span class='ocrx_word' id='word_1_544' title='bbox 342 2733 399 2761; x_wconf 81' lang='lat' dir='ltr'><strong>Hoc</strong></span> <span class='ocrx_word' id='word_1_545' title='bbox 417 2739 446 2761; x_wconf 90' lang='lat' dir='ltr'><strong>et</strong></span> <span class='ocrx_word' id='word_1_546' title='bbox 469 2734 503 2761; x_wconf 84' lang='lat' dir='ltr'><strong>ad</strong></span> <span class='ocrx_word' id='word_1_547' title='bbox 523 2741 586 2761; x_wconf 89' lang='lat' dir='ltr'><strong>cum</strong></span> <span class='ocrx_word' id='word_1_548' title='bbox 609 2733 656 2767; x_wconf 92' lang='lat' dir='ltr'><strong>qui</strong></span> <span class='ocrx_word' id='word_1_549' title='bbox 674 2733 779 2760; x_wconf 83' lang='lat' dir='ltr'><strong>sincere</strong></span> <span class='ocrx_word' id='word_1_550' title='bbox 796 2732 885 2760; x_wconf 89' lang='lat' dir='ltr'><strong>ﬁdelis</strong></span> <span class='ocrx_word' id='word_1_551' title='bbox 897 2738 940 2761; x_wconf 91' lang='lat' dir='ltr'><strong>est</strong></span> <span class='ocrx_word' id='word_1_552' title='bbox 954 2738 981 2761; x_wconf 88' lang='lat' dir='ltr'><strong>et</strong></span> 
     </span>
    </p>
   </div>
   <div class='ocr_carea' id='block_1_74' title="bbox 191 2777 979 2814">
    <p class='ocr_par' dir='ltr' id='par_1_74' title="bbox 191 2777 979 2814">
     <span class='ocr_line' id='line_1_74' title="bbox 191 2777 979 2814; baseline 0.004 -11"><span class='ocrx_word' id='word_1_553' title='bbox 191 2777 224 2804; x_wconf 89' lang='lat' dir='ltr'><strong>ad</strong></span> <span class='ocrx_word' id='word_1_554' title='bbox 238 2778 315 2805; x_wconf 90' lang='lat' dir='ltr'><strong>illum</strong></span> <span class='ocrx_word' id='word_1_555' title='bbox 332 2778 380 2814; x_wconf 90' lang='lat' dir='ltr'><strong>qui</strong></span> <span class='ocrx_word' id='word_1_556' title='bbox 392 2779 485 2807; x_wconf 88' lang='lat' dir='ltr'><strong>adhuc</strong></span> <span class='ocrx_word' id='word_1_557' title='bbox 503 2777 627 2813; x_wconf 87' lang='lat' dir='ltr'><strong>judaizat</strong></span> <span class='ocrx_word' id='word_1_558' title='bbox 643 2781 762 2812; x_wconf 86' lang='lat' dir='ltr'><strong>aptatur.</strong></span> <span class='ocrx_word' id='word_1_559' title='bbox 776 2778 844 2805; x_wconf 82' lang='lat' dir='ltr'><strong>Nam</strong></span> <span class='ocrx_word' id='word_1_560' title='bbox 859 2784 886 2805; x_wconf 85' lang='lat' dir='ltr'><strong>et</strong></span> <span class='ocrx_word' id='word_1_561' title='bbox 897 2779 920 2805; x_wconf 89' lang='lat' dir='ltr'><strong>is</strong></span> <span class='ocrx_word' id='word_1_562' title='bbox 933 2779 979 2814; x_wconf 88' lang='lat' dir='ltr'><strong>qui</strong></span> 
     </span>
    </p>
   </div>
   <div class='ocr_carea' id='block_1_75' title="bbox 191 2823 979 2858">
    <p class='ocr_par' dir='ltr' id='par_1_75' title="bbox 191 2823 979 2858">
     <span class='ocr_line' id='line_1_75' title="bbox 191 2823 979 2858; baseline 0.004 -8"><span class='ocrx_word' id='word_1_563' title='bbox 191 2823 330 2856; x_wconf 79' lang='lat' dir='ltr'><strong>perfectus</strong></span> <span class='ocrx_word' id='word_1_564' title='bbox 348 2829 418 2858; x_wconf 89' lang='lat' dir='ltr'><strong>erat,</strong></span> <span class='ocrx_word' id='word_1_565' title='bbox 437 2824 629 2853; x_wconf 68' lang='lat' dir='ltr'><strong>odeudebatur</strong></span> <span class='ocrx_word' id='word_1_566' title='bbox 646 2825 837 2852; x_wconf 78' lang='lat' dir='ltr'><strong>observatione</strong></span> <span class='ocrx_word' id='word_1_567' title='bbox 853 2825 979 2853; x_wconf 86' lang='lat' dir='ltr'><strong>ciborum</strong></span> 
     </span>
    </p>
   </div>
   <div class='ocr_carea' id='block_1_76' title="bbox 244 2913 458 2946">
    <p class='ocr_par' dir='ltr' id='par_1_76' title="bbox 244 2913 458 2946">
     <span class='ocr_line' id='line_1_76' title="bbox 244 2913 458 2946; baseline 0.005 -7"><span class='ocrx_word' id='word_1_568' title='bbox 244 2914 266 2928; x_wconf 78' lang='lat'>”</span> <span class='ocrx_word' id='word_1_569' title='bbox 283 2914 362 2940; x_wconf 77' lang='lat' dir='ltr'><strong>Joan.</strong></span> <span class='ocrx_word' id='word_1_570' title='bbox 377 2921 403 2946; x_wconf 79' lang='grc' dir='ltr'><strong>ν,</strong></span> <span class='ocrx_word' id='word_1_571' title='bbox 413 2913 458 2940; x_wconf 75' lang='grc'><strong>22.</strong></span> 
     </span>
    </p>
   </div>
   <div class='ocr_carea' id='block_1_77' title="bbox 1034 990 1825 1028">
    <p class='ocr_par' dir='ltr' id='par_1_77' title="bbox 1034 990 1825 1028">
     <span class='ocr_line' id='line_1_77' title="bbox 1034 990 1825 1028; baseline 0.001 -12"><span class='ocrx_word' id='word_1_572' title='bbox 1034 990 1067 1016; x_wconf 83' lang='grc' dir='ltr'>Δί</span> <span class='ocrx_word' id='word_1_573' title='bbox 1081 990 1130 1025; x_wconf 81' lang='grc' dir='ltr'>μὲν</span> <span class='ocrx_word' id='word_1_574' title='bbox 1150 991 1203 1026; x_wconf 83' lang='grc' dir='ltr'>γάρ</span> <span class='ocrx_word' id='word_1_575' title='bbox 1219 992 1289 1018; x_wconf 88' lang='grc' dir='ltr'>είσιν</span> <span class='ocrx_word' id='word_1_576' title='bbox 1300 992 1442 1024; x_wconf 84' lang='grc' dir='ltr'>ἀθάνατοι,</span> <span class='ocrx_word' id='word_1_577' title='bbox 1456 992 1490 1019; x_wconf 80' lang='grc' dir='ltr'>τὰ</span> <span class='ocrx_word' id='word_1_578' title='bbox 1506 992 1535 1019; x_wconf 81' lang='grc' dir='ltr'><strong>δὲ</strong></span> <span class='ocrx_word' id='word_1_579' title='bbox 1552 992 1647 1028; x_wconf 79' lang='grc' dir='ltr'>θνητά.</span> <span class='ocrx_word' id='word_1_580' title='bbox 1663 991 1761 1024; x_wconf 80' lang='grc' dir='ltr'>Οὕτως</span> <span class='ocrx_word' id='word_1_581' title='bbox 1776 993 1825 1018; x_wconf 69' lang='grc' dir='ltr'>καὶ</span> 
     </span>
    </p>
   </div>
   <div class='ocr_carea' id='block_1_78' title="bbox 1034 1035 1776 1074">
    <p class='ocr_par' dir='ltr' id='par_1_78' title="bbox 1034 1035 1776 1074">
     <span class='ocr_line' id='line_1_78' title="bbox 1034 1035 1776 1074; baseline 0.003 -12"><span class='ocrx_word' id='word_1_582' title='bbox 1034 1036 1048 1062; x_wconf 88' lang='grc' dir='ltr'>ὁ</span> <span class='ocrx_word' id='word_1_583' title='bbox 1066 1035 1143 1070; x_wconf 84' lang='grc' dir='ltr'>ἆγιος</span> <span class='ocrx_word' id='word_1_584' title='bbox 1159 1037 1288 1069; x_wconf 81' lang='grc' dir='ltr'>Μεθόδιος</span> <span class='ocrx_word' id='word_1_585' title='bbox 1299 1039 1328 1064; x_wconf 85' lang='grc' dir='ltr'>ὲν</span> <span class='ocrx_word' id='word_1_586' title='bbox 1344 1038 1383 1074; x_wconf 89' lang='grc' dir='ltr'><strong>τῷ</strong></span> <span class='ocrx_word' id='word_1_587' title='bbox 1395 1038 1465 1072; x_wconf 73' lang='grc' dir='ltr'>Περὶ</span> <span class='ocrx_word' id='word_1_588' title='bbox 1475 1037 1676 1071; x_wconf 79' lang='grc' dir='ltr'>ἀναστάσεως</span> <span class='ocrx_word' id='word_1_589' title='bbox 1689 1037 1776 1072; x_wconf 82' lang='grc' dir='ltr'>λόγῳ.</span> 
     </span>
    </p>
   </div>
   <div class='ocr_carea' id='block_1_79' title="bbox 1070 1131 1830 1167">
    <p class='ocr_par' dir='ltr' id='par_1_79' title="bbox 1070 1131 1830 1167">
     <span class='ocr_line' id='line_1_79' title="bbox 1070 1131 1830 1167; baseline 0 -9"><span class='ocrx_word' id='word_1_590' title='bbox 1070 1131 1113 1158; x_wconf 88' lang='grc' dir='ltr'><strong>Σὺ</strong></span> <span class='ocrx_word' id='word_1_591' title='bbox 1128 1131 1162 1158; x_wconf 77' lang='grc' dir='ltr'><strong>δὲ</strong></span> <span class='ocrx_word' id='word_1_592' title='bbox 1172 1131 1201 1158; x_wconf 82' lang='grc' dir='ltr'><em>τί</em></span> <span class='ocrx_word' id='word_1_593' title='bbox 1219 1132 1332 1165; x_wconf 80' lang='grc' dir='ltr'>κρίνεις</span> <span class='ocrx_word' id='word_1_594' title='bbox 1360 1131 1413 1159; x_wconf 78' lang='grc' dir='ltr'><strong>τὸν</strong></span> <span class='ocrx_word' id='word_1_595' title='bbox 1441 1132 1577 1167; x_wconf 74' lang='grc' dir='ltr'>ἀδελφόν</span> <span class='ocrx_word' id='word_1_596' title='bbox 1598 1139 1676 1165; x_wconf 88' lang='grc' dir='ltr'>σου;</span> <span class='ocrx_word' id='word_1_597' title='bbox 1689 1132 1708 1166; x_wconf 76' lang='grc' dir='ltr'>ἢ</span> <span class='ocrx_word' id='word_1_598' title='bbox 1727 1131 1778 1159; x_wconf 76' lang='grc' dir='ltr'>καὶ</span> <span class='ocrx_word' id='word_1_599' title='bbox 1790 1132 1830 1158; x_wconf 83' lang='grc' dir='ltr'>σὺ</span> 
     </span>
    </p>
   </div>
   <div class='ocr_carea' id='block_1_80' title="bbox 1035 1176 1830 1212">
    <p class='ocr_par' dir='ltr' id='par_1_80' title="bbox 1035 1176 1830 1212">
     <span class='ocr_line' id='line_1_80' title="bbox 1035 1176 1830 1212; baseline 0.003 -9"><span class='ocrx_word' id='word_1_600' title='bbox 1035 1176 1063 1203; x_wconf 79' lang='grc' dir='ltr'><strong>τί</strong></span> <span class='ocrx_word' id='word_1_601' title='bbox 1088 1177 1258 1210; x_wconf 75' lang='grc' dir='ltr'><strong>ἐξουθενεῖς</strong></span> <span class='ocrx_word' id='word_1_602' title='bbox 1287 1178 1341 1204; x_wconf 82' lang='grc' dir='ltr'><strong>τὸν</strong></span> <span class='ocrx_word' id='word_1_603' title='bbox 1362 1177 1499 1212; x_wconf 67' lang='grc' dir='ltr'><em>ἀδελφόν</em></span> <span class='ocrx_word' id='word_1_604' title='bbox 1529 1186 1607 1210; x_wconf 81' lang='grc' dir='ltr'>σου;</span> <span class='ocrx_word' id='word_1_605' title='bbox 1634 1177 1752 1211; x_wconf 79' lang='grc' dir='ltr'><strong>Πάντες</strong></span> <span class='ocrx_word' id='word_1_606' title='bbox 1775 1177 1830 1212; x_wconf 73' lang='grc' dir='ltr'>γὰρ</span> 
     </span>
    </p>
   </div>
   <div class='ocr_carea' id='block_1_81' title="bbox 1035 1221 1828 1257">
    <p class='ocr_par' dir='ltr' id='par_1_81' title="bbox 1035 1221 1828 1257">
     <span class='ocr_line' id='line_1_81' title="bbox 1035 1221 1828 1257; baseline 0.003 -9"><span class='ocrx_word' id='word_1_607' title='bbox 1035 1222 1290 1255; x_wconf 77' lang='grc' dir='ltr'>παραστησόμεθα</span> <span class='ocrx_word' id='word_1_608' title='bbox 1321 1221 1359 1254; x_wconf 84' lang='grc' dir='ltr'>τῷ</span> <span class='ocrx_word' id='word_1_609' title='bbox 1372 1221 1487 1256; x_wconf 76' lang='grc' dir='ltr'>,βήματι</span> <span class='ocrx_word' id='word_1_610' title='bbox 1516 1222 1570 1249; x_wconf 78' lang='grc' dir='ltr'>τοῦ</span> <span class='ocrx_word' id='word_1_611' title='bbox 1596 1221 1739 1257; x_wconf 84' lang='grc' dir='ltr'>Χριστοῦ.</span> <span class='ocrx_word' id='word_1_612' title='bbox 1773 1223 1828 1250; x_wconf 77' lang='grc' dir='ltr'><strong>Γέ-</strong></span> 
     </span>
    </p>
   </div>
   <div class='ocr_carea' id='block_1_82' title="bbox 1037 1266 1829 1302">
    <p class='ocr_par' dir='ltr' id='par_1_82' title="bbox 1037 1266 1829 1302">
     <span class='ocr_line' id='line_1_82' title="bbox 1037 1266 1829 1302; baseline 0.004 -10"><span class='ocrx_word' id='word_1_613' title='bbox 1037 1274 1164 1301; x_wconf 73' lang='grc' dir='ltr'>γραπται</span> <span class='ocrx_word' id='word_1_614' title='bbox 1186 1267 1251 1300; x_wconf 73' lang='grc' dir='ltr'>γὰρ,</span> <span class='ocrx_word' id='word_1_615' title='bbox 1270 1266 1316 1293; x_wconf 86' lang='grc' dir='ltr'>Ζῶ</span> <span class='ocrx_word' id='word_1_616' title='bbox 1340 1266 1409 1301; x_wconf 73' lang='grc' dir='ltr'>ἐγὼ,</span> <span class='ocrx_word' id='word_1_617' title='bbox 1435 1268 1516 1301; x_wconf 71' lang='grc' dir='ltr'>,λέγει</span> <span class='ocrx_word' id='word_1_618' title='bbox 1541 1268 1658 1302; x_wconf 79' lang='grc' dir='ltr'>Κύριος,</span> <span class='ocrx_word' id='word_1_619' title='bbox 1689 1268 1734 1295; x_wconf 82' lang='grc' dir='ltr'>ὅτι</span> <span class='ocrx_word' id='word_1_620' title='bbox 1764 1267 1829 1302; x_wconf 73' lang='grc' dir='ltr'>ἐμοὶ</span> 
     </span>
    </p>
   </div>
   <div class='ocr_carea' id='block_1_83' title="bbox 1036 1312 1830 1349">
    <p class='ocr_par' dir='ltr' id='par_1_83' title="bbox 1036 1312 1830 1349">
     <span class='ocr_line' id='line_1_83' title="bbox 1036 1312 1830 1349; baseline 0.004 -10"><span class='ocrx_word' id='word_1_621' title='bbox 1036 1312 1146 1347; x_wconf 75' lang='grc' dir='ltr'>κάμψει</span> <span class='ocrx_word' id='word_1_622' title='bbox 1165 1312 1226 1341; x_wconf 84' lang='grc' dir='ltr'><em>πᾶν</em></span> <span class='ocrx_word' id='word_1_623' title='bbox 1241 1313 1326 1347; x_wconf 73' lang='grc' dir='ltr'>γόνυ,</span> <span class='ocrx_word' id='word_1_624' title='bbox 1341 1314 1391 1340; x_wconf 74' lang='grc' dir='ltr'><strong>καὶ</strong></span> <span class='ocrx_word' id='word_1_625' title='bbox 1407 1313 1491 1341; x_wconf 75' lang='grc' dir='ltr'>πᾶσα</span> <span class='ocrx_word' id='word_1_626' title='bbox 1504 1314 1629 1349; x_wconf 74' lang='grc' dir='ltr'>γλῶσσα</span> <span class='ocrx_word' id='word_1_627' title='bbox 1645 1313 1830 1349; x_wconf 70' lang='grc' dir='ltr'>ἐξομολογή-</span> 
     </span>
    </p>
   </div>
   <div class='ocr_carea' id='block_1_84' title="bbox 1036 1357 1827 1395">
    <p class='ocr_par' dir='ltr' id='par_1_84' title="bbox 1036 1357 1827 1395">
     <span class='ocr_line' id='line_1_84' title="bbox 1036 1357 1827 1395; baseline 0.001 -9"><span class='ocrx_word' id='word_1_628' title='bbox 1036 1366 1121 1386; x_wconf 80' lang='grc' dir='ltr'>σεται</span> <span class='ocrx_word' id='word_1_629' title='bbox 1144 1358 1183 1391; x_wconf 80' lang='grc' dir='ltr'>τῷ</span> <span class='ocrx_word' id='word_1_630' title='bbox 1203 1358 1274 1391; x_wconf 81' lang='grc' dir='ltr'>Θεῷ.</span> <span class='ocrx_word' id='word_1_631' title='bbox 1304 1357 1377 1394; x_wconf 74' lang='grc' dir='ltr'><strong>Ἆρα</strong></span> <span class='ocrx_word' id='word_1_632' title='bbox 1408 1358 1465 1387; x_wconf 79' lang='grc' dir='ltr'><strong>οὗν</strong></span> <span class='ocrx_word' id='word_1_633' title='bbox 1496 1360 1626 1394; x_wconf 80' lang='grc' dir='ltr'>ἕκαστος</span> <span class='ocrx_word' id='word_1_634' title='bbox 1650 1360 1736 1395; x_wconf 79' lang='grc' dir='ltr'>ἡμῶν</span> <span class='ocrx_word' id='word_1_635' title='bbox 1759 1361 1827 1394; x_wconf 75' lang='grc' dir='ltr'>περὶ</span> 
     </span>
    </p>
   </div>
   <div class='ocr_carea' id='block_1_85' title="bbox 1036 1403 1830 1439">
    <p class='ocr_par' dir='ltr' id='par_1_85' title="bbox 1036 1403 1830 1439">
     <span class='ocr_line' id='line_1_85' title="bbox 1036 1403 1830 1439; baseline 0.001 -8"><span class='ocrx_word' id='word_1_636' title='bbox 1036 1404 1145 1432; x_wconf 79' lang='grc' dir='ltr'>ἑαυτοῦ</span> <span class='ocrx_word' id='word_1_637' title='bbox 1153 1404 1248 1439; x_wconf 76' lang='grc' dir='ltr'>λόγον</span> <span class='ocrx_word' id='word_1_638' title='bbox 1263 1404 1354 1432; x_wconf 76' lang='grc' dir='ltr'>δώσει</span> <span class='ocrx_word' id='word_1_639' title='bbox 1371 1403 1411 1436; x_wconf 81' lang='grc' dir='ltr'>τῷ</span> <span class='ocrx_word' id='word_1_640' title='bbox 1426 1403 1496 1438; x_wconf 74' lang='grc' dir='ltr'>Θεῷ.</span> <span class='ocrx_word' id='word_1_641' title='bbox 1519 1404 1635 1439; x_wconf 81' lang='grc' dir='ltr'><strong>Μηκέτι</strong></span> <span class='ocrx_word' id='word_1_642' title='bbox 1654 1403 1712 1433; x_wconf 86' lang='grc' dir='ltr'><strong>οὖν</strong></span> <span class='ocrx_word' id='word_1_643' title='bbox 1730 1405 1830 1437; x_wconf 67' lang='grc' dir='ltr'><strong>ἀλλή-</strong></span> 
     </span>
    </p>
   </div>
   <div class='ocr_carea' id='block_1_86' title="bbox 1035 1449 1831 1485">
    <p class='ocr_par' dir='ltr' id='par_1_86' title="bbox 1035 1449 1831 1485">
     <span class='ocr_line' id='line_1_86' title="bbox 1035 1449 1831 1485; baseline 0.003 -10"><span class='ocrx_word' id='word_1_644' title='bbox 1035 1451 1111 1481; x_wconf 77' lang='grc' dir='ltr'>λους</span> <span class='ocrx_word' id='word_1_645' title='bbox 1134 1449 1291 1484; x_wconf 75' lang='grc' dir='ltr'>κρίνωμεν,</span> <span class='ocrx_word' id='word_1_646' title='bbox 1316 1449 1397 1477; x_wconf 75' lang='grc' dir='ltr'><em>ἀλλὰ</em></span> <span class='ocrx_word' id='word_1_647' title='bbox 1410 1449 1499 1477; x_wconf 84' lang='grc' dir='ltr'>τοῦτο</span> <span class='ocrx_word' id='word_1_648' title='bbox 1517 1450 1637 1484; x_wconf 81' lang='grc' dir='ltr'>κρίνατε</span> <span class='ocrx_word' id='word_1_649' title='bbox 1648 1449 1784 1485; x_wconf 72' lang='grc' dir='ltr'>μᾶλλον,</span> <span class='ocrx_word' id='word_1_650' title='bbox 1798 1450 1831 1477; x_wconf 84' lang='grc' dir='ltr'>τὸ</span> 
     </span>
    </p>
   </div>
   <div class='ocr_carea' id='block_1_87' title="bbox 1034 1494 1830 1531">
    <p class='ocr_par' dir='ltr' id='par_1_87' title="bbox 1034 1494 1830 1531">
     <span class='ocr_line' id='line_1_87' title="bbox 1034 1494 1830 1531; baseline 0.003 -10"><span class='ocrx_word' id='word_1_651' title='bbox 1034 1494 1077 1529; x_wconf 82' lang='grc' dir='ltr'>μὴ</span> <span class='ocrx_word' id='word_1_652' title='bbox 1099 1495 1211 1522; x_wconf 80' lang='grc' dir='ltr'><strong>τιθέναι</strong></span> <span class='ocrx_word' id='word_1_653' title='bbox 1238 1496 1418 1530; x_wconf 78' lang='grc' dir='ltr'>πρόσκομμα</span> <span class='ocrx_word' id='word_1_654' title='bbox 1438 1495 1478 1528; x_wconf 86' lang='grc' dir='ltr'>τῷ</span> <span class='ocrx_word' id='word_1_655' title='bbox 1499 1495 1620 1531; x_wconf 72' lang='grc' dir='ltr'><strong>ἀδελφῷ</strong></span> <span class='ocrx_word' id='word_1_656' title='bbox 1646 1496 1665 1530; x_wconf 81' lang='grc' dir='ltr'><em>ἡ</em></span> <span class='ocrx_word' id='word_1_657' title='bbox 1690 1496 1830 1523; x_wconf 80' lang='grc' dir='ltr'>σκάνδα-</span> 
     </span>
    </p>
   </div>
   <div class='ocr_carea' id='block_1_88' title="bbox 1036 1542 1104 1568">
    <p class='ocr_par' dir='ltr' id='par_1_88' title="bbox 1036 1542 1104 1568">
     <span class='ocr_line' id='line_1_88' title="bbox 1036 1542 1104 1568; baseline 0 -1"><span class='ocrx_word' id='word_1_658' title='bbox 1036 1542 1104 1568; x_wconf 78' lang='grc' dir='ltr'>λον.</span> 
     </span>
    </p>
   </div>
   <div class='ocr_carea' id='block_1_89' title="bbox 1074 1587 1830 1623">
    <p class='ocr_par' dir='ltr' id='par_1_89' title="bbox 1074 1587 1830 1623">
     <span class='ocr_line' id='line_1_89' title="bbox 1074 1587 1830 1623; baseline -0.003 -8"><span class='ocrx_word' id='word_1_659' title='bbox 1074 1587 1146 1623; x_wconf 85' lang='grc' dir='ltr'>Πρὸς</span> <span class='ocrx_word' id='word_1_660' title='bbox 1169 1587 1214 1614; x_wconf 85' lang='grc' dir='ltr'><strong>τὸν</strong></span> <span class='ocrx_word' id='word_1_661' title='bbox 1240 1587 1413 1622; x_wconf 83' lang='grc' dir='ltr'>ὸλιγόπιστον</span> <span class='ocrx_word' id='word_1_662' title='bbox 1439 1588 1520 1615; x_wconf 86' lang='grc' dir='ltr'>πάλιν</span> <span class='ocrx_word' id='word_1_663' title='bbox 1533 1587 1608 1623; x_wconf 81' lang='grc' dir='ltr'>αὐτῷ</span> <span class='ocrx_word' id='word_1_664' title='bbox 1621 1588 1733 1621; x_wconf 89' lang='grc' dir='ltr'>όλόγος.</span> <span class='ocrx_word' id='word_1_665' title='bbox 1753 1596 1764 1613; x_wconf 71' lang='grc' dir='ltr'><strong>ι</strong></span> <span class='ocrx_word' id='word_1_666' title='bbox 1777 1588 1830 1614; x_wconf 82' lang='grc' dir='ltr'><strong>Καὶ</strong></span> 
     </span>
    </p>
   </div>
   <div class='ocr_carea' id='block_1_90' title="bbox 1037 1633 1830 1669">
    <p class='ocr_par' dir='ltr' id='par_1_90' title="bbox 1037 1633 1830 1669">
     <span class='ocr_line' id='line_1_90' title="bbox 1037 1633 1830 1669; baseline -0.001 -9"><span class='ocrx_word' id='word_1_667' title='bbox 1037 1634 1069 1661; x_wconf 85' lang='grc' dir='ltr'><strong>σὺ</strong></span> <span class='ocrx_word' id='word_1_668' title='bbox 1088 1634 1116 1660; x_wconf 91' lang='grc' dir='ltr'><strong>τί</strong></span> <span class='ocrx_word' id='word_1_669' title='bbox 1127 1633 1278 1667; x_wconf 75' lang='grc' dir='ltr'><strong>ἐξουθενεῖς</strong></span> <span class='ocrx_word' id='word_1_670' title='bbox 1292 1634 1338 1660; x_wconf 75' lang='grc' dir='ltr'><strong>τὸν</strong></span> <span class='ocrx_word' id='word_1_671' title='bbox 1348 1633 1463 1668; x_wconf 79' lang='grc' dir='ltr'>ἀδελφόν</span> <span class='ocrx_word' id='word_1_672' title='bbox 1477 1642 1522 1660; x_wconf 86' lang='grc' dir='ltr'><strong>σου</strong></span> <span class='ocrx_word' id='word_1_673' title='bbox 1532 1642 1540 1666; x_wconf 86' lang='grc'>;</span> <span class='ocrx_word' id='word_1_674' title='bbox 1551 1643 1560 1659; x_wconf 80' lang='grc' dir='ltr'><strong>ι</strong></span> <span class='ocrx_word' id='word_1_675' title='bbox 1580 1633 1653 1669; x_wconf 81' lang='grc' dir='ltr'>Πρὸς</span> <span class='ocrx_word' id='word_1_676' title='bbox 1663 1634 1709 1659; x_wconf 78' lang='grc' dir='ltr'><strong>τὸν</strong></span> <span class='ocrx_word' id='word_1_677' title='bbox 1720 1633 1830 1669; x_wconf 83' lang='grc' dir='ltr'>ἑδραῖον</span> 
     </span>
    </p>
   </div>
   <div class='ocr_carea' id='block_1_91' title="bbox 1033 1675 1828 1715">
    <p class='ocr_par' dir='ltr' id='par_1_91' title="bbox 1033 1675 1828 1715">
     <span class='ocr_line' id='line_1_91' title="bbox 1033 1675 1828 1715; baseline -0.001 -9"><span class='ocrx_word' id='word_1_678' title='bbox 1033 1682 1067 1715; x_wconf 85' lang='grc' dir='ltr'>τῇ</span> <span class='ocrx_word' id='word_1_679' title='bbox 1080 1680 1171 1706; x_wconf 82' lang='grc' dir='ltr'>πίστει</span> <span class='ocrx_word' id='word_1_680' title='bbox 1180 1681 1193 1706; x_wconf 87' lang='grc' dir='ltr'><strong>ό</strong></span> <span class='ocrx_word' id='word_1_681' title='bbox 1206 1679 1285 1714; x_wconf 84' lang='grc' dir='ltr'>λόγος</span> <span class='ocrx_word' id='word_1_682' title='bbox 1307 1675 1395 1711; x_wconf 72' lang='grc' dir='ltr'>οὗτος.</span> <span class='ocrx_word' id='word_1_683' title='bbox 1409 1679 1455 1714; x_wconf 86' lang='grc' dir='ltr'><strong>Τῷ</strong></span> <span class='ocrx_word' id='word_1_684' title='bbox 1466 1679 1495 1706; x_wconf 82' lang='grc' dir='ltr'><strong>δὲ</strong></span> <span class='ocrx_word' id='word_1_685' title='bbox 1505 1679 1620 1714; x_wconf 79' lang='grc' dir='ltr'>ὀνόματι</span> <span class='ocrx_word' id='word_1_686' title='bbox 1634 1678 1681 1705; x_wconf 78' lang='grc' dir='ltr'>τοῦ</span> <span class='ocrx_word' id='word_1_687' title='bbox 1695 1679 1828 1713; x_wconf 80' lang='grc' dir='ltr'>ἀδελφοῦ,</span> 
     </span>
    </p>
   </div>
   <div class='ocr_carea' id='block_1_92' title="bbox 1033 1725 1832 1762">
    <p class='ocr_par' dir='ltr' id='par_1_92' title="bbox 1033 1725 1832 1762">
     <span class='ocr_line' id='line_1_92' title="bbox 1033 1725 1832 1762; baseline 0 -10"><span class='ocrx_word' id='word_1_688' title='bbox 1033 1725 1091 1752; x_wconf 87' lang='grc' dir='ltr'>λύει</span> <span class='ocrx_word' id='word_1_689' title='bbox 1106 1726 1197 1758; x_wconf 86' lang='grc' dir='ltr'>αὐτοῖς</span> <span class='ocrx_word' id='word_1_690' title='bbox 1210 1725 1260 1762; x_wconf 82' lang='grc' dir='ltr'>τὴν</span> <span class='ocrx_word' id='word_1_691' title='bbox 1272 1726 1340 1762; x_wconf 76' lang='grc' dir='ltr'>ἔριν.</span> <span class='ocrx_word' id='word_1_692' title='bbox 1361 1735 1370 1751; x_wconf 86' lang='grc' dir='ltr'><strong>ι</strong></span> <span class='ocrx_word' id='word_1_693' title='bbox 1383 1726 1426 1753; x_wconf 86' lang='grc' dir='ltr'>Ζῶ</span> <span class='ocrx_word' id='word_1_694' title='bbox 1445 1725 1510 1761; x_wconf 67' lang='grc' dir='ltr'>ἐγὼ,</span> <span class='ocrx_word' id='word_1_695' title='bbox 1526 1735 1535 1752; x_wconf 76' lang='grc' dir='ltr'><strong>ι</strong></span> <span class='ocrx_word' id='word_1_696' title='bbox 1552 1726 1599 1752; x_wconf 73' lang='grc' dir='ltr'>καὶ</span> <span class='ocrx_word' id='word_1_697' title='bbox 1607 1725 1641 1752; x_wconf 74' lang='grc' dir='ltr'>τὰ</span> <span class='ocrx_word' id='word_1_698' title='bbox 1655 1725 1732 1760; x_wconf 77' lang='grc' dir='ltr'>ἑξῆς.</span> <span class='ocrx_word' id='word_1_699' title='bbox 1748 1726 1832 1752; x_wconf 79' lang='grc' dir='ltr'>Δοκεῖ</span> 
     </span>
    </p>
   </div>
   <div class='ocr_carea' id='block_1_93' title="bbox 1037 1772 1829 1808">
    <p class='ocr_par' dir='ltr' id='par_1_93' title="bbox 1037 1772 1829 1808">
     <span class='ocr_line' id='line_1_93' title="bbox 1037 1772 1829 1808; baseline -0.001 -9"><span class='ocrx_word' id='word_1_700' title='bbox 1037 1773 1086 1808; x_wconf 73' lang='grc' dir='ltr'><strong>μὲν</strong></span> <span class='ocrx_word' id='word_1_701' title='bbox 1097 1772 1141 1799; x_wconf 80' lang='grc' dir='ltr'><strong>διὰ</strong></span> <span class='ocrx_word' id='word_1_702' title='bbox 1160 1774 1209 1806; x_wconf 84' lang='grc' dir='ltr'>τῆς</span> <span class='ocrx_word' id='word_1_703' title='bbox 1227 1772 1400 1807; x_wconf 82' lang='grc' dir='ltr'>παραγωγῆς</span> <span class='ocrx_word' id='word_1_704' title='bbox 1417 1774 1467 1806; x_wconf 86' lang='grc' dir='ltr'>τῆς</span> <span class='ocrx_word' id='word_1_705' title='bbox 1483 1772 1665 1807; x_wconf 78' lang='grc' dir='ltr'>προφητείας,</span> <span class='ocrx_word' id='word_1_706' title='bbox 1680 1772 1726 1798; x_wconf 81' lang='lat' dir='ltr'><strong>xal</strong></span> <span class='ocrx_word' id='word_1_707' title='bbox 1740 1781 1829 1799; x_wconf 79' lang='grc' dir='ltr'>κατα-</span> 
     </span>
    </p>
   </div>
   <div class='ocr_carea' id='block_1_94' title="bbox 1037 1816 1830 1852">
    <p class='ocr_par' dir='ltr' id='par_1_94' title="bbox 1037 1816 1830 1852">
     <span class='ocr_line' id='line_1_94' title="bbox 1037 1816 1830 1852; baseline 0.001 -9"><span class='ocrx_word' id='word_1_708' title='bbox 1037 1817 1157 1844; x_wconf 82' lang='grc' dir='ltr'>στέλλειν</span> <span class='ocrx_word' id='word_1_709' title='bbox 1181 1817 1227 1844; x_wconf 80' lang='grc' dir='ltr'><strong>τὸν</strong></span> <span class='ocrx_word' id='word_1_710' title='bbox 1246 1816 1353 1849; x_wconf 83' lang='grc' dir='ltr'>πιστὸν,</span> <span class='ocrx_word' id='word_1_711' title='bbox 1371 1817 1412 1848; x_wconf 76' lang='grc' dir='ltr'>εἰς</span> <span class='ocrx_word' id='word_1_712' title='bbox 1435 1817 1465 1843; x_wconf 82' lang='grc' dir='ltr'>τὺ</span> <span class='ocrx_word' id='word_1_713' title='bbox 1480 1817 1517 1852; x_wconf 81' lang='grc' dir='ltr'>μὴ</span> <span class='ocrx_word' id='word_1_714' title='bbox 1533 1818 1683 1849; x_wconf 80' lang='grc' dir='ltr'>ὲξουθενεῖν</span> <span class='ocrx_word' id='word_1_715' title='bbox 1698 1817 1746 1843; x_wconf 80' lang='grc' dir='ltr'>τὸν</span> <span class='ocrx_word' id='word_1_716' title='bbox 1762 1818 1830 1844; x_wconf 89' lang='grc' dir='ltr'>Ὶου-</span> 
     </span>
    </p>
   </div>
   <div class='ocr_carea' id='block_1_95' title="bbox 1034 1861 1829 1898">
    <p class='ocr_par' dir='ltr' id='par_1_95' title="bbox 1034 1861 1829 1898">
     <span class='ocr_line' id='line_1_95' title="bbox 1034 1861 1829 1898; baseline -0.001 -9"><span class='ocrx_word' id='word_1_717' title='bbox 1034 1863 1171 1895; x_wconf 82' lang='grc' dir='ltr'>δαΐζοντα,</span> <span class='ocrx_word' id='word_1_718' title='bbox 1187 1863 1258 1897; x_wconf 82' lang='grc' dir='ltr'>πλὴν</span> <span class='ocrx_word' id='word_1_719' title='bbox 1282 1862 1342 1889; x_wconf 82' lang='grc' dir='ltr'>ὅλον</span> <span class='ocrx_word' id='word_1_720' title='bbox 1352 1862 1382 1889; x_wconf 79' lang='grc' dir='ltr'>τὸ</span> <span class='ocrx_word' id='word_1_721' title='bbox 1398 1863 1499 1898; x_wconf 88' lang='grc' dir='ltr'>χωρίον</span> <span class='ocrx_word' id='word_1_722' title='bbox 1515 1861 1586 1897; x_wconf 81' lang='grc' dir='ltr'>εἶπε,</span> <span class='ocrx_word' id='word_1_723' title='bbox 1609 1863 1767 1890; x_wconf 79' lang='grc' dir='ltr'>κατασείων</span> <span class='ocrx_word' id='word_1_724' title='bbox 1782 1863 1829 1898; x_wconf 82' lang='grc' dir='ltr'><strong>τὴν</strong></span> 
     </span>
    </p>
   </div>
   <div class='ocr_carea' id='block_1_96' title="bbox 1034 1905 1828 1944">
    <p class='ocr_par' dir='ltr' id='par_1_96' title="bbox 1034 1905 1828 1944">
     <span class='ocr_line' id='line_1_96' title="bbox 1034 1905 1828 1944; baseline -0.001 -9"><span class='ocrx_word' id='word_1_725' title='bbox 1034 1908 1122 1944; x_wconf 81' lang='grc' dir='ltr'>ψυχὴν</span> <span class='ocrx_word' id='word_1_726' title='bbox 1150 1907 1198 1935; x_wconf 82' lang='grc' dir='ltr'>τοῦ</span> <span class='ocrx_word' id='word_1_727' title='bbox 1221 1908 1413 1940; x_wconf 84' lang='grc' dir='ltr'>Ίουδαΐζοντος</span> <span class='ocrx_word' id='word_1_728' title='bbox 1433 1908 1485 1940; x_wconf 79' lang='grc' dir='ltr'>ἐτι,</span> <span class='ocrx_word' id='word_1_729' title='bbox 1512 1905 1563 1935; x_wconf 83' lang='grc' dir='ltr'><strong>ὦδε</strong></span> <span class='ocrx_word' id='word_1_730' title='bbox 1591 1908 1641 1943; x_wconf 77' lang='grc' dir='ltr'>μὲν</span> <span class='ocrx_word' id='word_1_731' title='bbox 1667 1909 1699 1943; x_wconf 79' lang='grc' dir='ltr'>τῇ</span> <span class='ocrx_word' id='word_1_732' title='bbox 1732 1909 1828 1944; x_wconf 83' lang='grc' dir='ltr'>μνήμῃ</span> 
     </span>
    </p>
   </div>
   <div class='ocr_carea' id='block_1_97' title="bbox 1034 1953 1828 1990">
    <p class='ocr_par' dir='ltr' id='par_1_97' title="bbox 1034 1953 1828 1990">
     <span class='ocr_line' id='line_1_97' title="bbox 1034 1953 1828 1990; baseline 0 -10"><span class='ocrx_word' id='word_1_733' title='bbox 1034 1954 1083 1990; x_wconf 85' lang='grc' dir='ltr'>τῆς</span> <span class='ocrx_word' id='word_1_734' title='bbox 1106 1953 1234 1989; x_wconf 82' lang='grc' dir='ltr'>κρίσεως,</span> <span class='ocrx_word' id='word_1_735' title='bbox 1258 1953 1314 1981; x_wconf 79' lang='grc' dir='ltr'>ἄνω</span> <span class='ocrx_word' id='word_1_736' title='bbox 1327 1953 1354 1980; x_wconf 72' lang='grc' dir='ltr'><strong>δὲ</strong></span> <span class='ocrx_word' id='word_1_737' title='bbox 1383 1955 1445 1986; x_wconf 86' lang='grc' dir='ltr'>ταῖς</span> <span class='ocrx_word' id='word_1_738' title='bbox 1464 1953 1637 1989; x_wconf 81' lang='grc' dir='ltr'>εὐεργεσίαις</span> <span class='ocrx_word' id='word_1_739' title='bbox 1664 1953 1749 1980; x_wconf 70' lang='grc' dir='ltr'>αὐτοῦ</span> <span class='ocrx_word' id='word_1_740' title='bbox 1782 1953 1828 1980; x_wconf 82' lang='grc' dir='ltr'>τοῦ</span> 
     </span>
    </p>
   </div>
   <div class='ocr_carea' id='block_1_98' title="bbox 1034 1999 1829 2035">
    <p class='ocr_par' dir='ltr' id='par_1_98' title="bbox 1034 1999 1829 2035">
     <span class='ocr_line' id='line_1_98' title="bbox 1034 1999 1829 2035; baseline 0.001 -10"><span class='ocrx_word' id='word_1_741' title='bbox 1034 1999 1153 2034; x_wconf 73' lang='grc' dir='ltr'>Χριστοῦ</span> <span class='ocrx_word' id='word_1_742' title='bbox 1176 2000 1325 2034; x_wconf 75' lang='grc' dir='ltr'>ἐντρέπων.</span> <span class='ocrx_word' id='word_1_743' title='bbox 1340 1999 1371 2026; x_wconf 86' lang='lat' dir='ltr'><strong>El</strong></span> <span class='ocrx_word' id='word_1_744' title='bbox 1385 1999 1438 2035; x_wconf 84' lang='grc' dir='ltr'>γὰρ</span> <span class='ocrx_word' id='word_1_745' title='bbox 1452 1999 1490 2035; x_wconf 81' lang='grc' dir='ltr'>τῷ</span> <span class='ocrx_word' id='word_1_746' title='bbox 1501 1999 1621 2034; x_wconf 84' lang='grc' dir='ltr'>Χριστῷ,</span> <span class='ocrx_word' id='word_1_747' title='bbox 1634 2000 1711 2035; x_wconf 57' lang='grc' dir='ltr'>φησι,</span> <span class='ocrx_word' id='word_1_748' title='bbox 1726 2002 1829 2030; x_wconf 62' lang='grc' dir='ltr'>πάντες</span> 
     </span>
    </p>
   </div>
   <div class='ocr_carea' id='block_1_99' title="bbox 1037 2043 1827 2080">
    <p class='ocr_par' dir='ltr' id='par_1_99' title="bbox 1037 2043 1827 2080">
     <span class='ocr_line' id='line_1_99' title="bbox 1037 2043 1827 2080; baseline 0.001 -10"><span class='ocrx_word' id='word_1_749' title='bbox 1037 2043 1283 2080; x_wconf 80' lang='grc' dir='ltr'>παραστησόμεθα,</span> <span class='ocrx_word' id='word_1_750' title='bbox 1308 2045 1356 2071; x_wconf 73' lang='grc' dir='ltr'>καὶ</span> <span class='ocrx_word' id='word_1_751' title='bbox 1370 2043 1450 2076; x_wconf 73' lang='grc' dir='ltr'>αὐτὸς</span> <span class='ocrx_word' id='word_1_752' title='bbox 1477 2045 1561 2080; x_wconf 80' lang='grc' dir='ltr'>ἡμᾶς,</span> <span class='ocrx_word' id='word_1_753' title='bbox 1576 2046 1624 2072; x_wconf 78' lang='grc' dir='ltr'>καὶ</span> <span class='ocrx_word' id='word_1_754' title='bbox 1637 2045 1686 2080; x_wconf 77' lang='grc' dir='ltr'>οὐχ</span> <span class='ocrx_word' id='word_1_755' title='bbox 1700 2045 1714 2070; x_wconf 87' lang='grc' dir='ltr'><strong>ό</strong></span> <span class='ocrx_word' id='word_1_756' title='bbox 1731 2045 1827 2079; x_wconf 80' lang='grc' dir='ltr'>νόμος,</span> 
     </span>
    </p>
   </div>
   <div class='ocr_carea' id='block_1_100' title="bbox 1035 2091 1826 2127">
    <p class='ocr_par' dir='ltr' id='par_1_100' title="bbox 1035 2091 1826 2127">
     <span class='ocr_line' id='line_1_100' title="bbox 1035 2091 1826 2127; baseline 0 -9"><span class='ocrx_word' id='word_1_757' title='bbox 1035 2091 1149 2123; x_wconf 80' lang='grc' dir='ltr'>εὐθύνας</span> <span class='ocrx_word' id='word_1_758' title='bbox 1176 2091 1334 2126; x_wconf 78' lang='grc' dir='ltr'>ἀπαιτήσει·</span> <span class='ocrx_word' id='word_1_759' title='bbox 1350 2091 1377 2118; x_wconf 88' lang='grc' dir='ltr'><strong>τί</strong></span> <span class='ocrx_word' id='word_1_760' title='bbox 1398 2092 1430 2119; x_wconf 78' lang='grc' dir='ltr'>σὺ</span> <span class='ocrx_word' id='word_1_761' title='bbox 1448 2091 1497 2127; x_wconf 77' lang='grc' dir='ltr'><strong>ἔχῃ</strong></span> <span class='ocrx_word' id='word_1_762' title='bbox 1523 2091 1569 2118; x_wconf 74' lang='grc' dir='ltr'>τοῦ</span> <span class='ocrx_word' id='word_1_763' title='bbox 1603 2091 1696 2127; x_wconf 89' lang='grc' dir='ltr'>νόμου,</span> <span class='ocrx_word' id='word_1_764' title='bbox 1725 2092 1775 2118; x_wconf 76' lang='grc' dir='ltr'><strong>καὶ</strong></span> <span class='ocrx_word' id='word_1_765' title='bbox 1797 2093 1826 2118; x_wconf 79' lang='grc' dir='ltr'>οὺ</span> 
     </span>
    </p>
   </div>
   <div class='ocr_carea' id='block_1_101' title="bbox 1037 2137 1826 2174">
    <p class='ocr_par' dir='ltr' id='par_1_101' title="bbox 1037 2137 1826 2174">
     <span class='ocr_line' id='line_1_101' title="bbox 1037 2137 1826 2174; baseline 0.001 -10"><span class='ocrx_word' id='word_1_766' title='bbox 1037 2138 1164 2171; x_wconf 79' lang='grc' dir='ltr'>καθάπαξ</span> <span class='ocrx_word' id='word_1_767' title='bbox 1187 2138 1362 2174; x_wconf 77' lang='grc' dir='ltr'>ὲπιλαμὸἀνῃ</span> <span class='ocrx_word' id='word_1_768' title='bbox 1391 2137 1438 2165; x_wconf 82' lang='grc' dir='ltr'>τοῦ</span> <span class='ocrx_word' id='word_1_769' title='bbox 1467 2138 1604 2172; x_wconf 81' lang='grc' dir='ltr'>Χριστοῦ;</span> <span class='ocrx_word' id='word_1_770' title='bbox 1638 2149 1646 2163; x_wconf 87' lang='grc' dir='ltr'><strong>ι</strong></span> <span class='ocrx_word' id='word_1_771' title='bbox 1673 2139 1735 2165; x_wconf 89' lang='grc' dir='ltr'>Ὅτι</span> <span class='ocrx_word' id='word_1_772' title='bbox 1765 2139 1826 2173; x_wconf 74' lang='grc' dir='ltr'>ἐμοὶ</span> 
     </span>
    </p>
   </div>
   <div class='ocr_carea' id='block_1_102' title="bbox 1037 2184 1825 2220">
    <p class='ocr_par' dir='ltr' id='par_1_102' title="bbox 1037 2184 1825 2220">
     <span class='ocr_line' id='line_1_102' title="bbox 1037 2184 1825 2220; baseline 0.001 -10"><span class='ocrx_word' id='word_1_773' title='bbox 1037 2184 1140 2220; x_wconf 74' lang='grc' dir='ltr'>κάμψει</span> <span class='ocrx_word' id='word_1_774' title='bbox 1160 2185 1213 2212; x_wconf 81' lang='grc' dir='ltr'>πᾶν</span> <span class='ocrx_word' id='word_1_775' title='bbox 1231 2185 1306 2220; x_wconf 88' lang='grc' dir='ltr'>γόνυ.</span> <span class='ocrx_word' id='word_1_776' title='bbox 1326 2194 1335 2210; x_wconf 72' lang='grc' dir='ltr'><strong>ι</strong></span> <span class='ocrx_word' id='word_1_777' title='bbox 1353 2185 1409 2220; x_wconf 77' lang='grc' dir='ltr'><strong>Τὴν</strong></span> <span class='ocrx_word' id='word_1_778' title='bbox 1425 2184 1553 2211; x_wconf 77' lang='grc' dir='ltr'>ἁπάντων</span> <span class='ocrx_word' id='word_1_779' title='bbox 1572 2185 1646 2212; x_wconf 80' lang='grc' dir='ltr'>αὐτῶ</span> <span class='ocrx_word' id='word_1_780' title='bbox 1665 2185 1825 2212; x_wconf 77' lang='grc' dir='ltr'>δεσποτείαν</span> 
     </span>
    </p>
   </div>
   <div class='ocr_carea' id='block_1_103' title="bbox 1037 2230 1822 2266">
    <p class='ocr_par' dir='ltr' id='par_1_103' title="bbox 1037 2230 1822 2266">
     <span class='ocr_line' id='line_1_103' title="bbox 1037 2230 1822 2266; baseline 0 -10"><span class='ocrx_word' id='word_1_781' title='bbox 1037 2231 1180 2266; x_wconf 79' lang='grc' dir='ltr'>μαρτυρεῖ.</span> <span class='ocrx_word' id='word_1_782' title='bbox 1194 2239 1203 2256; x_wconf 84' lang='grc' dir='ltr'><strong>ι</strong></span> <span class='ocrx_word' id='word_1_783' title='bbox 1217 2230 1273 2258; x_wconf 77' lang='grc' dir='ltr'><strong>Καὶ</strong></span> <span class='ocrx_word' id='word_1_784' title='bbox 1283 2231 1358 2257; x_wconf 73' lang='grc' dir='ltr'>πᾶσα</span> <span class='ocrx_word' id='word_1_785' title='bbox 1371 2230 1479 2263; x_wconf 80' lang='grc' dir='ltr'>γλῶσσα</span> <span class='ocrx_word' id='word_1_786' title='bbox 1491 2230 1748 2265; x_wconf 73' lang='grc' dir='ltr'>ἐξομολογήσεται.»</span> <span class='ocrx_word' id='word_1_787' title='bbox 1767 2231 1822 2261; x_wconf 78' lang='grc' dir='ltr'><strong>Τὰς</strong></span> 
     </span>
    </p>
   </div>
   <div class='ocr_carea' id='block_1_104' title="bbox 1036 2268 1823 2312">
    <p class='ocr_par' dir='ltr' id='par_1_104' title="bbox 1036 2268 1823 2312">
     <span class='ocr_line' id='line_1_104' title="bbox 1036 2268 1823 2312; baseline 0 -9"><span class='ocrx_word' id='word_1_788' title='bbox 1036 2277 1139 2308; x_wconf 77' lang='grc' dir='ltr'>οἰκείας</span> <span class='ocrx_word' id='word_1_789' title='bbox 1168 2277 1306 2312; x_wconf 80' lang='grc' dir='ltr'>ἁμαρτίας</span> <span class='ocrx_word' id='word_1_790' title='bbox 1332 2277 1361 2309; x_wconf 79' lang='grc' dir='ltr'>ἐξ</span> <span class='ocrx_word' id='word_1_791' title='bbox 1390 2277 1472 2303; x_wconf 75' lang='grc' dir='ltr'>αὐτοῦ</span> <span class='ocrx_word' id='word_1_792' title='bbox 1496 2268 1542 2303; x_wconf 73' lang='grc' dir='ltr'><strong>τοῢ</strong></span> <span class='ocrx_word' id='word_1_793' title='bbox 1578 2276 1751 2309; x_wconf 76' lang='grc' dir='ltr'>συνειδότος,</span> <span class='ocrx_word' id='word_1_794' title='bbox 1778 2277 1823 2304; x_wconf 74' lang='grc' dir='ltr'>ἅτε</span> 
     </span>
    </p>
   </div>
   <div class='ocr_carea' id='block_1_105' title="bbox 1034 2321 1824 2357">
    <p class='ocr_par' dir='ltr' id='par_1_105' title="bbox 1034 2321 1824 2357">
     <span class='ocr_line' id='line_1_105' title="bbox 1034 2321 1824 2357; baseline -0.004 -8"><span class='ocrx_word' id='word_1_795' title='bbox 1034 2324 1127 2357; x_wconf 79' lang='grc' dir='ltr'>κριτῇ.</span> <span class='ocrx_word' id='word_1_796' title='bbox 1149 2336 1184 2342; x_wconf 92' lang='lat'><strong>--</strong></span> <span class='ocrx_word' id='word_1_797' title='bbox 1204 2323 1327 2354; x_wconf 76' lang='grc' dir='ltr'>Ἄλλως.</span> <span class='ocrx_word' id='word_1_798' title='bbox 1351 2321 1519 2357; x_wconf 78' lang='grc' dir='ltr'><strong>[ΟΙΚΟΥΜ.]</strong></span> <span class='ocrx_word' id='word_1_799' title='bbox 1542 2321 1658 2356; x_wconf 66' lang='grc' dir='ltr'>Εἴρηται</span> <span class='ocrx_word' id='word_1_800' title='bbox 1685 2322 1750 2356; x_wconf 73' lang='grc' dir='ltr'>περ).</span> <span class='ocrx_word' id='word_1_801' title='bbox 1779 2321 1824 2347; x_wconf 77' lang='grc' dir='ltr'>τοῦ</span> 
     </span>
    </p>
   </div>
   <div class='ocr_carea' id='block_1_106' title="bbox 1035 2366 1823 2402">
    <p class='ocr_par' dir='ltr' id='par_1_106' title="bbox 1035 2366 1823 2402">
     <span class='ocr_line' id='line_1_106' title="bbox 1035 2366 1823 2402; baseline -0.001 -9"><span class='ocrx_word' id='word_1_802' title='bbox 1035 2367 1101 2393; x_wconf 84' lang='grc' dir='ltr'>Θεοῦ</span> <span class='ocrx_word' id='word_1_803' title='bbox 1125 2367 1170 2394; x_wconf 71' lang='grc' dir='ltr'><strong>καὶ</strong></span> <span class='ocrx_word' id='word_1_804' title='bbox 1196 2367 1311 2402; x_wconf 73' lang='grc' dir='ltr'>Πατρὸς,</span> <span class='ocrx_word' id='word_1_805' title='bbox 1328 2367 1368 2393; x_wconf 84' lang='grc' dir='ltr'>ὅτι</span> <span class='ocrx_word' id='word_1_806' title='bbox 1385 2367 1465 2398; x_wconf 74' lang='grc' dir='ltr'>αὐτὸς</span> <span class='ocrx_word' id='word_1_807' title='bbox 1492 2368 1579 2401; x_wconf 86' lang='grc' dir='ltr'>κρίνει</span> <span class='ocrx_word' id='word_1_808' title='bbox 1606 2367 1711 2398; x_wconf 70' lang='grc' dir='ltr'>οὐδένα,</span> <span class='ocrx_word' id='word_1_809' title='bbox 1727 2367 1780 2402; x_wconf 80' lang='grc' dir='ltr'><strong>τὴν</strong></span> <span class='ocrx_word' id='word_1_810' title='bbox 1796 2366 1823 2392; x_wconf 82' lang='grc' dir='ltr'>δὲ</span> 
     </span>
    </p>
   </div>
   <div class='ocr_carea' id='block_1_107' title="bbox 1037 2410 1822 2448">
    <p class='ocr_par' dir='ltr' id='par_1_107' title="bbox 1037 2410 1822 2448">
     <span class='ocr_line' id='line_1_107' title="bbox 1037 2410 1822 2448; baseline 0 -10"><span class='ocrx_word' id='word_1_811' title='bbox 1037 2413 1127 2448; x_wconf 78' lang='grc' dir='ltr'>κρίσιν</span> <span class='ocrx_word' id='word_1_812' title='bbox 1158 2412 1257 2438; x_wconf 79' lang='grc' dir='ltr'>δέδωκε</span> <span class='ocrx_word' id='word_1_813' title='bbox 1287 2412 1325 2447; x_wconf 85' lang='grc' dir='ltr'>τῷ</span> <span class='ocrx_word' id='word_1_814' title='bbox 1357 2412 1423 2447; x_wconf 79' lang='grc' dir='ltr'>Υίῷ.</span> <span class='ocrx_word' id='word_1_815' title='bbox 1450 2412 1534 2447; x_wconf 84' lang='grc' dir='ltr'>Δῆλον</span> <span class='ocrx_word' id='word_1_816' title='bbox 1564 2410 1610 2438; x_wconf 84' lang='grc' dir='ltr'>οὖν</span> <span class='ocrx_word' id='word_1_817' title='bbox 1630 2411 1668 2443; x_wconf 82' lang='grc' dir='ltr'>ὡς</span> <span class='ocrx_word' id='word_1_818' title='bbox 1687 2412 1751 2446; x_wconf 73' lang='grc' dir='ltr'>περὶ</span> <span class='ocrx_word' id='word_1_819' title='bbox 1777 2411 1822 2438; x_wconf 75' lang='grc' dir='ltr'>τοῦ</span> 
     </span>
    </p>
   </div>
   <div class='ocr_carea' id='block_1_108' title="bbox 1033 2457 1823 2495">
    <p class='ocr_par' dir='ltr' id='par_1_108' title="bbox 1033 2457 1823 2495">
     <span class='ocr_line' id='line_1_108' title="bbox 1033 2457 1823 2495; baseline -0.003 -10"><span class='ocrx_word' id='word_1_820' title='bbox 1033 2458 1127 2495; x_wconf 79' lang='grc' dir='ltr'>κριτοῦ</span> <span class='ocrx_word' id='word_1_821' title='bbox 1156 2459 1265 2495; x_wconf 82' lang='grc' dir='ltr'>εἴρηται</span> <span class='ocrx_word' id='word_1_822' title='bbox 1292 2459 1331 2495; x_wconf 87' lang='grc' dir='ltr'>τῷ</span> <span class='ocrx_word' id='word_1_823' title='bbox 1360 2460 1459 2495; x_wconf 77' lang='grc' dir='ltr'>Παύλῳ</span> <span class='ocrx_word' id='word_1_824' title='bbox 1485 2460 1525 2491; x_wconf 70' lang='grc' dir='ltr'><strong>τὸ,</strong></span> <span class='ocrx_word' id='word_1_825' title='bbox 1545 2469 1554 2485; x_wconf 83' lang='grc' dir='ltr'><strong>ι</strong></span> <span class='ocrx_word' id='word_1_826' title='bbox 1576 2457 1823 2493; x_wconf 76' lang='grc' dir='ltr'>Ἐξομολογήσεται</span> 
     </span>
    </p>
   </div>
   <div class='ocr_carea' id='block_1_109' title="bbox 1032 2504 1823 2542">
    <p class='ocr_par' dir='ltr' id='par_1_109' title="bbox 1032 2504 1823 2542">
     <span class='ocr_line' id='line_1_109' title="bbox 1032 2504 1823 2542; baseline -0.003 -10"><span class='ocrx_word' id='word_1_827' title='bbox 1032 2506 1072 2541; x_wconf 80' lang='grc' dir='ltr'><strong>τῷ</strong></span> <span class='ocrx_word' id='word_1_828' title='bbox 1087 2505 1155 2540; x_wconf 86' lang='grc' dir='ltr'><strong>Θεῷ.</strong></span> <span class='ocrx_word' id='word_1_829' title='bbox 1171 2515 1180 2531; x_wconf 71' lang='grc' dir='ltr'><strong>ι</strong></span> <span class='ocrx_word' id='word_1_830' title='bbox 1197 2506 1252 2532; x_wconf 88' lang='lat' dir='ltr'><strong>Kal</strong></span> <span class='ocrx_word' id='word_1_831' title='bbox 1275 2506 1317 2538; x_wconf 73' lang='grc' dir='ltr'>τὸ,</span> <span class='ocrx_word' id='word_1_832' title='bbox 1335 2515 1344 2532; x_wconf 84' lang='grc' dir='ltr'><strong>ι</strong></span> <span class='ocrx_word' id='word_1_833' title='bbox 1356 2506 1442 2542; x_wconf 80' lang='grc' dir='ltr'>Λόγον</span> <span class='ocrx_word' id='word_1_834' title='bbox 1470 2505 1551 2532; x_wconf 76' lang='grc' dir='ltr'>δώσει</span> <span class='ocrx_word' id='word_1_835' title='bbox 1572 2505 1611 2540; x_wconf 84' lang='grc' dir='ltr'>τῷ</span> <span class='ocrx_word' id='word_1_836' title='bbox 1628 2504 1698 2538; x_wconf 76' lang='grc' dir='ltr'>Θεῷ.</span> <span class='ocrx_word' id='word_1_837' title='bbox 1716 2514 1725 2530; x_wconf 79' lang='grc' dir='ltr'><strong>ι</strong></span> <span class='ocrx_word' id='word_1_838' title='bbox 1751 2505 1823 2539; x_wconf 79' lang='grc' dir='ltr'>Ἀρα</span> 
     </span>
    </p>
   </div>
   <div class='ocr_carea' id='block_1_110' title="bbox 1032 2549 1821 2587">
    <p class='ocr_par' dir='ltr' id='par_1_110' title="bbox 1032 2549 1821 2587">
     <span class='ocr_line' id='line_1_110' title="bbox 1032 2549 1821 2587; baseline -0.001 -9"><span class='ocrx_word' id='word_1_839' title='bbox 1032 2552 1098 2582; x_wconf 81' lang='grc' dir='ltr'>Θεὸς</span> <span class='ocrx_word' id='word_1_840' title='bbox 1125 2552 1140 2578; x_wconf 85' lang='grc' dir='ltr'><strong>ό</strong></span> <span class='ocrx_word' id='word_1_841' title='bbox 1163 2552 1298 2587; x_wconf 59' lang='grc' dir='ltr'>Χριστος,</span> <span class='ocrx_word' id='word_1_842' title='bbox 1322 2553 1374 2580; x_wconf 67' lang='grc' dir='ltr'><strong>κᾶν</strong></span> <span class='ocrx_word' id='word_1_843' title='bbox 1398 2554 1423 2579; x_wconf 90' lang='grc' dir='ltr'>οἱ</span> <span class='ocrx_word' id='word_1_844' title='bbox 1455 2552 1565 2584; x_wconf 79' lang='grc' dir='ltr'>ἀσεὸεῖς</span> <span class='ocrx_word' id='word_1_845' title='bbox 1595 2551 1633 2586; x_wconf 83' lang='grc' dir='ltr'>μὴ</span> <span class='ocrx_word' id='word_1_846' title='bbox 1659 2549 1821 2586; x_wconf 83' lang='grc' dir='ltr'>βούλωνται.</span> 
     </span>
    </p>
   </div>
   <div class='ocr_carea' id='block_1_111' title="bbox 1037 2595 1822 2634">
    <p class='ocr_par' dir='ltr' id='par_1_111' title="bbox 1037 2595 1822 2634">
     <span class='ocr_line' id='line_1_111' title="bbox 1037 2595 1822 2634; baseline -0.001 -11"><span class='ocrx_word' id='word_1_847' title='bbox 1037 2607 1047 2623; x_wconf 78' lang='grc' dir='ltr'><strong>ι</strong></span> <span class='ocrx_word' id='word_1_848' title='bbox 1062 2598 1168 2634; x_wconf 78' lang='grc' dir='ltr'>Μηκέτι</span> <span class='ocrx_word' id='word_1_849' title='bbox 1184 2597 1232 2625; x_wconf 79' lang='grc' dir='ltr'><strong>οὖν</strong></span> <span class='ocrx_word' id='word_1_850' title='bbox 1247 2598 1380 2634; x_wconf 81' lang='grc' dir='ltr'>ἀλλήλους</span> <span class='ocrx_word' id='word_1_851' title='bbox 1393 2598 1544 2633; x_wconf 83' lang='grc' dir='ltr'>κρίνωμεν.</span> <span class='ocrx_word' id='word_1_852' title='bbox 1559 2607 1568 2624; x_wconf 74' lang='grc' dir='ltr'><strong>ι</strong></span> <span class='ocrx_word' id='word_1_853' title='bbox 1585 2597 1670 2624; x_wconf 79' lang='grc' dir='ltr'>Πάλιν</span> <span class='ocrx_word' id='word_1_854' title='bbox 1685 2596 1733 2623; x_wconf 81' lang='grc' dir='ltr'>τοῦ</span> <span class='ocrx_word' id='word_1_855' title='bbox 1747 2595 1822 2631; x_wconf 80' lang='grc' dir='ltr'>πρώ-</span> 
     </span>
    </p>
   </div>
   <div class='ocr_carea' id='block_1_112' title="bbox 1034 2642 1822 2681">
    <p class='ocr_par' dir='ltr' id='par_1_112' title="bbox 1034 2642 1822 2681">
     <span class='ocr_line' id='line_1_112' title="bbox 1034 2642 1822 2681; baseline -0.003 -11"><span class='ocrx_word' id='word_1_856' title='bbox 1034 2652 1081 2671; x_wconf 80' lang='grc' dir='ltr'><strong>του</strong></span> <span class='ocrx_word' id='word_1_857' title='bbox 1113 2644 1205 2679; x_wconf 75' lang='grc' dir='ltr'>ἔχεται</span> <span class='ocrx_word' id='word_1_858' title='bbox 1229 2645 1321 2679; x_wconf 86' lang='grc' dir='ltr'>λόγου,</span> <span class='ocrx_word' id='word_1_859' title='bbox 1343 2645 1387 2671; x_wconf 76' lang='grc' dir='ltr'><strong>ἵνα</strong></span> <span class='ocrx_word' id='word_1_860' title='bbox 1405 2645 1443 2680; x_wconf 85' lang='grc' dir='ltr'>μὴ</span> <span class='ocrx_word' id='word_1_861' title='bbox 1457 2645 1520 2681; x_wconf 79' lang='grc' dir='ltr'><strong>δόξῃ</strong></span> <span class='ocrx_word' id='word_1_862' title='bbox 1542 2644 1587 2671; x_wconf 80' lang='grc' dir='ltr'><strong>διὰ</strong></span> <span class='ocrx_word' id='word_1_863' title='bbox 1600 2644 1682 2679; x_wconf 76' lang='grc' dir='ltr'>φόϐον</span> <span class='ocrx_word' id='word_1_864' title='bbox 1698 2645 1748 2678; x_wconf 78' lang='grc' dir='ltr'><strong>τῆς</strong></span> <span class='ocrx_word' id='word_1_865' title='bbox 1762 2642 1822 2677; x_wconf 72' lang='grc' dir='ltr'>κρί-</span> 
     </span>
    </p>
   </div>
   <div class='ocr_carea' id='block_1_113' title="bbox 1035 2688 1820 2725">
    <p class='ocr_par' dir='ltr' id='par_1_113' title="bbox 1035 2688 1820 2725">
     <span class='ocr_line' id='line_1_113' title="bbox 1035 2688 1820 2725; baseline -0.001 -10"><span class='ocrx_word' id='word_1_866' title='bbox 1035 2697 1104 2721; x_wconf 81' lang='grc' dir='ltr'>σεως</span> <span class='ocrx_word' id='word_1_867' title='bbox 1125 2691 1289 2725; x_wconf 80' lang='grc' dir='ltr'>μνησθῆναι,</span> <span class='ocrx_word' id='word_1_868' title='bbox 1318 2690 1385 2718; x_wconf 80' lang='grc' dir='ltr'>ἀλλὰ</span> <span class='ocrx_word' id='word_1_869' title='bbox 1406 2692 1451 2718; x_wconf 79' lang='grc' dir='ltr'>διά</span> <span class='ocrx_word' id='word_1_870' title='bbox 1478 2700 1539 2717; x_wconf 86' lang='grc' dir='ltr'>τινα</span> <span class='ocrx_word' id='word_1_871' title='bbox 1551 2690 1633 2725; x_wconf 86' lang='grc' dir='ltr'>λόγου</span> <span class='ocrx_word' id='word_1_872' title='bbox 1648 2688 1820 2716; x_wconf 80' lang='grc' dir='ltr'>ἀκολουθίαν.</span> 
     </span>
    </p>
   </div>
   <div class='ocr_carea' id='block_1_114' title="bbox 1039 2734 1821 2772">
    <p class='ocr_par' dir='ltr' id='par_1_114' title="bbox 1039 2734 1821 2772">
     <span class='ocr_line' id='line_1_114' title="bbox 1039 2734 1821 2772; baseline 0 -12"><span class='ocrx_word' id='word_1_873' title='bbox 1039 2744 1047 2760; x_wconf 86' lang='grc' dir='ltr'><strong>ι</strong></span> <span class='ocrx_word' id='word_1_874' title='bbox 1063 2735 1100 2761; x_wconf 76' lang='grc' dir='ltr'><strong>Τὸ</strong></span> <span class='ocrx_word' id='word_1_875' title='bbox 1119 2736 1156 2770; x_wconf 84' lang='grc' dir='ltr'>μὴ</span> <span class='ocrx_word' id='word_1_876' title='bbox 1173 2736 1277 2763; x_wconf 67' lang='grc' dir='ltr'>τιθέναι</span> <span class='ocrx_word' id='word_1_877' title='bbox 1294 2736 1473 2772; x_wconf 82' lang='grc' dir='ltr'>πρόσκομμα.</span> <span class='ocrx_word' id='word_1_878' title='bbox 1489 2746 1498 2762; x_wconf 72' lang='grc' dir='ltr'><strong>ι</strong></span> <span class='ocrx_word' id='word_1_879' title='bbox 1518 2737 1603 2763; x_wconf 84' lang='grc' dir='ltr'>Τοῦτο</span> <span class='ocrx_word' id='word_1_880' title='bbox 1618 2736 1665 2762; x_wconf 80' lang='grc' dir='ltr'>καὶ</span> <span class='ocrx_word' id='word_1_881' title='bbox 1681 2736 1751 2771; x_wconf 79' lang='grc' dir='ltr'>πρὸς</span> <span class='ocrx_word' id='word_1_882' title='bbox 1777 2734 1821 2761; x_wconf 80' lang='grc' dir='ltr'><strong>τὸν</strong></span> 
     </span>
    </p>
   </div>
   <div class='ocr_carea' id='block_1_115' title="bbox 1036 2780 1818 2816">
    <p class='ocr_par' dir='ltr' id='par_1_115' title="bbox 1036 2780 1818 2816">
     <span class='ocr_line' id='line_1_115' title="bbox 1036 2780 1818 2816; baseline -0.001 -9"><span class='ocrx_word' id='word_1_883' title='bbox 1036 2781 1169 2816; x_wconf 82' lang='grc' dir='ltr'>εἰλικρινῆ</span> <span class='ocrx_word' id='word_1_884' title='bbox 1197 2781 1305 2815; x_wconf 82' lang='grc' dir='ltr'>πιστὸν,</span> <span class='ocrx_word' id='word_1_885' title='bbox 1326 2783 1373 2810; x_wconf 84' lang='grc' dir='ltr'>καὶ</span> <span class='ocrx_word' id='word_1_886' title='bbox 1387 2783 1432 2810; x_wconf 88' lang='grc' dir='ltr'>τδν</span> <span class='ocrx_word' id='word_1_887' title='bbox 1448 2783 1488 2810; x_wconf 74' lang='grc' dir='ltr'>ἔτι</span> <span class='ocrx_word' id='word_1_888' title='bbox 1499 2782 1680 2814; x_wconf 76' lang='grc' dir='ltr'>’ίουδαῖζοντα</span> <span class='ocrx_word' id='word_1_889' title='bbox 1694 2780 1818 2816; x_wconf 77' lang='grc' dir='ltr'>ἁρμόζει.</span> 
     </span>
    </p>
   </div>
   <div class='ocr_carea' id='block_1_116' title="bbox 1034 2826 1819 2864">
    <p class='ocr_par' dir='ltr' id='par_1_116' title="bbox 1034 2826 1819 2864">
     <span class='ocr_line' id='line_1_116' title="bbox 1034 2826 1819 2864; baseline 0.004 -12"><span class='ocrx_word' id='word_1_890' title='bbox 1034 2826 1088 2853; x_wconf 78' lang='grc' dir='ltr'><strong>Καὶ</strong></span> <span class='ocrx_word' id='word_1_891' title='bbox 1104 2826 1157 2861; x_wconf 73' lang='grc' dir='ltr'>γὰρ</span> <span class='ocrx_word' id='word_1_892' title='bbox 1172 2828 1184 2853; x_wconf 79' lang='grc' dir='ltr'>ὁ</span> <span class='ocrx_word' id='word_1_893' title='bbox 1200 2827 1302 2860; x_wconf 78' lang='grc' dir='ltr'>τέλειος</span> <span class='ocrx_word' id='word_1_894' title='bbox 1328 2829 1535 2862; x_wconf 78' lang='grc' dir='ltr'>ὲσκανδαλίζετο</span> <span class='ocrx_word' id='word_1_895' title='bbox 1547 2829 1579 2864; x_wconf 84' lang='grc' dir='ltr'>τῇ</span> <span class='ocrx_word' id='word_1_896' title='bbox 1598 2827 1653 2854; x_wconf 80' lang='grc' dir='ltr'><strong>τῶν</strong></span> <span class='ocrx_word' id='word_1_897' title='bbox 1668 2827 1819 2863; x_wconf 79' lang='grc' dir='ltr'>βρωμάτων</span> 
     </span>
    </p>
   </div>
  </div>
