1889 3055
45 179 106 210 597

44 283 227 318 αιτούμενος.
257 285 290 320 τῇ
323 284 427 320 σφοδρᾷ
446 283 593 321 ἐπιπλήξει
618 286 667 314 τοῦ
689 287 846 323 εἰλικρινῶς

46 327 165 356 πιστοῦ.
195 328 279 355 Ὥστε
306 329 356 364 μιᾷ
376 330 514 366 συμὸουλῇ
537 331 601 364 τοὺς
632 332 678 358 δύο
691 332 847 368 διορθοῦται

47 374 208 409 ἀπέχεσθαι
235 374 350 408 τούτων,
368 376 386 403 ἃ
399 376 549 404 σκανδάλου
576 377 713 413 πρόφασις
725 377 764 414 τῷ
779 378 849 414 πλη-

48 421 112 448 σίον
132 421 252 456 γίνεται.

101 466 177 495 οἶδα
210 468 262 496 καὶ
289 469 453 504 πέπεισμαι
483 470 518 497 ἐν
543 472 642 505 Κυρίῳ
672 471 782 507 Ἰησοῦ,
803 471 848 499 ὅτι

49 511 150 539 οὐδὲν
176 513 282 540 κοινὸν
308 513 346 541 δι’
376 514 481 547 αὐτοῦ,
512 516 537 543 nl
555 516 598 550 μὴ
618 515 659 549 τῷ
671 517 850 552 λογιζομένῳ

50 566 82 585 τι
98 559 207 586 κοινὸν
220 558 309 593 εἴναι,
325 560 432 593 ἐκεΙνφ
457 563 571 589 κοινόν.
589 563 623 589 El
634 562 669 590 δὲ
696 563 745 590 διὰ
772 563 850 597 ,βρῶ-

49 613 98 639 μα
112 606 130 632 ό
144 605 279 641 ἀδελφός
291 614 351 634 σου
363 607 516 641 λυπεῖται,
533 609 589 636 οὐκ
614 609 658 636 ἔτι
687 610 764 637 κατὰ
778 610 851 645 ἀτάρ

53 658 122 684 πην
147 652 331 685 περιπατεῖς.
361 652 410 687 Μὴ
434 653 474 686 τῷ
496 654 633 689 ,βρώματι
662 663 720 683 σου
733 655 852 682 ἐκεῖνον

53 696 209 731 ἀπόλλυε,
227 699 303 733 ὑπὲρ
322 697 358 727 οὗ
370 699 498 733 Χριστὸς
513 700 655 728 ἀπέθανε.
687 701 734 735 Μὴ
749 701 852 734 ﬂlac-

55 741 218 775 φημείσθω
233 742 291 769 οὖν
321 742 405 778 ὑμῶν
419 743 452 771 τὸ
471 744 595 779 ἀγαθόν.
620 746 661 772 οὐ
680 745 735 780 γάρ
764 745 851 772 ἐστιν

55 787 236 819 ήβασιλεια
265 788 318 816 τοῦ
344 789 419 816 Θεοῦ
443 789 561 824 ,ϐρῶσις
587 790 637 817 καὶ
653 791 755 824 πόσις.
771 791 853 818 ἀλλὰ

55 832 243 868 δικαιοσύνη
269 834 319 861 καὶ
359 835 464 869 εἰρήνη
502 836 552 863 καὶ
583 837 670 871 χαρὰ,
696 837 732 864 ἐν
760 837 854 864 Ilvati-

55 886 131 912 ματι
147 879 231 914 ἁγίῳ.
254 880 281 906 ’0
294 879 350 915 γὰρ
359 881 395 908 ἐν
418 882 537 915 τούτοις
565 882 720 910 δουλεύων
735 882 776 916 τῷ
789 884 853 917 Χρι-

57 924 137 957 στῷ,
165 925 331 960 εὐάρεστος
363 927 403 960 τῷ
430 927 501 961 Θεῷ,
515 928 564 956 καὶ
586 928 709 964 δόκιμος
722 929 785 964 τοῖς
802 929 854 957 dr-

58 970 203 1004 θρώποις.

99 1017 163 1043 Ἔτι
191 1017 257 1054 περὶ
287 1019 335 1052 τῆς
352 1017 408 1046 τῶν
436 1018 590 1055 βρωμάτων
606 1022 826 1057 παρατηρήσεως
842 1023 856 1049 ὸ

59 1063 143 1098 λόγος
157 1064 242 1100 αὐτῷ.
266 1066 343 1093 Ἐπεὶ
361 1065 408 1094 οὖν
423 1064 511 1100 εἶπεν,
527 1076 536 1093 ι
552 1065 619 1095 Οἶδα
635 1068 683 1094 καὶ
704 1068 856 1105 πέπεισμαι

59 1110 102 1136 ὅτι
124 1110 204 1137 οὐδὲν
230 1111 320 1140 κοινὸν
332 1121 342 1138 r
357 1132 365 1145 ,
383 1112 425 1139 ῐνα
440 1114 478 1148 μὴ
510 1113 574 1149 εῐπῃ
591 1114 606 1140 δ
629 1113 834 1148 ἔτιῚουδαῖζων
845 1123 852 1131 ·

61 1155 118 1182 Καὶ
133 1154 172 1188 τί,
185 1157 210 1183 ει
223 1157 256 1184 σὺ
278 1157 517 1194 πεπεισμένος-εἶ,
533 1159 581 1186 τοῦ
596 1159 680 1195 νόμου
693 1160 722 1187 τδ
734 1161 856 1189 ἐναντίον

60 1201 262 1237 εἰσηγουμένου
275 1211 284 1236 ;
300 1204 464 1241 προστίθησι
479 1205 521 1238 τὸ,
535 1214 545 1232 ι
561 1205 605 1233 Ἐν
619 1205 716 1241 Κυρίῳ
731 1207 831 1242 Ἰησοῦ,
845 1217 854 1234 ι

61 1246 173 1279 δεικνὺς
189 1247 231 1275 ὅτι
245 1249 312 1285 παρ’
328 1250 411 1277 αὑτοῦ
425 1251 511 1279 ταῦτα
526 1253 672 1290 μεμάθηκε
688 1256 736 1282 καὶ
752 1255 858 1290 πεπληο

65 1294 228 1330 ροφόρηται,
241 1296 289 1323 καὶ
313 1297 363 1324 οὐκ
381 1298 427 1332 ἀφ’
442 1298 540 1326 ἑαυτοῦ
564 1299 649 1334 λέγει.
668 1311 678 1327 ‹
700 1301 761 1329 Ὀτι
779 1301 857 1328 οὐδὲν

63 1339 167 1368 κοινόν,
183 1349 194 1366 t
213 1355 250 1362 ——
273 1340 373 1378 [ΦΩΤ.]
400 1343 542 1371 Ἐντεῦθεν
559 1345 640 1373 πάλιν
665 1347 706 1378 εῑς
727 1346 762 1374 τὰ
790 1348 855 1382 περὶ

64 1385 222 1421 βρωμάτων
254 1387 389 1421 ἐπάνεισι,
416 1391 464 1416 καὶ
487 1393 618 1426 παραινεῖ
635 1392 699 1424 τοὺς
725 1392 858 1425 δυνατοὺς

65 1432 139 1459 κατὰ
168 1433 220 1468 τὴν
249 1433 354 1468 πίστιν,
382 1435 631 1472 ἀντιλαμϐάνεσθαι
651 1438 706 1466 τῶν
723 1438 858 1472 ἀσθενῶν,

65 1477 115 1505 καὶ
133 1478 272 1507 δείκνυσιν
284 1480 315 1513 ἐξ
326 1478 364 1508 ὧν
378 1482 464 1516 λέγει,
479 1483 562 1510 καλὸν
581 1484 631 1519 μὲν
649 1485 697 1512 καὶ
714 1485 744 1512 τὸ
755 1486 859 1513 ἐκεῖνον

66 1524 97 1550 ἐν
110 1523 240 1559 βρώμασι
261 1525 467 1562 διακρινόμενον
483 1549 491 1561 ,
525 1529 675 1565 πειρᾶσθαι
709 1530 835 1567 διορθοῦν
850 1552 858 1565 ,

65 1569 182 1604 ἄμεινον
193 1571 220 1597 δὲ
231 1571 261 1598 τὸ
277 1573 460 1601 ἀδυνατοῦντα
486 1575 516 1602 ἐν
536 1575 634 1611 τούτῳ,
660 1577 800 1613 ὐπερορᾷν
829 1578 860 1605 τδ

66 1616 233 1652 ἐλάττωμα,
261 1618 309 1645 καὶ
337 1621 520 1655 χειραγωγεῖν
542 1622 625 1648 παντὶ
644 1622 738 1658 τρόπῳ
770 1623 816 1649 ἐπὶ
830 1623 861 1649 τὸ

68 1662 204 1698 κερδῆσαι
219 1664 266 1691 καὶ
280 1665 367 1692 σῶσαι
381 1666 473 1694 αὐτόν.
493 1681 524 1688 σ-
545 1666 711 1704 [ΘΕΟΔΩΡ.]
741 1676 751 1694 ι
766 1667 860 1701 Οὐδὲν,

68 1710 148 1744 φησὶ,
167 1710 258 1737 κοινὸν
271 1711 305 1737 δι’
319 1711 413 1739 αὐτοῦ.
427 1721 436 1738 ›
448 1712 507 1739 Ἵνα
519 1712 574 1748 γὰρ
591 1713 628 1749 μὴ
642 1713 754 1748 λέγωσι,
768 1713 804 1740 Σὺ
820 1714 863 1745 τίς

68 1755 105 1782 ὢν
119 1756 337 1792 ἀντινομοθετεϊς
366 1758 474 1794 Μωσῆς
502 1758 548 1785 τὸν
573 1758 696 1791 Μωσέως
722 1759 863 1794 Δεσπότην

69 1803 110 1835 εἷς
128 1802 212 1838 μέσον
238 1805 370 1839 παράγει,
389 1804 524 1832 διδάσκων
536 1804 574 1837 ὡς
586 1804 667 1837 αὐτὸς
678 1806 728 1837 τὰς
747 1805 864 1841 νομικὰς

69 1850 281 1884 παρατηρήσεις
313 1849 426 1883 ἔπαυσε,
455 1851 503 1877 καὶ
533 1851 611 1878 οὐδὲν
638 1851 712 1878 εἴασε
741 1851 864 1888 νομιζειν

69 1892 229 1929 ἀκάθαρτον
258 1893 369 1930 ἔδεσμα.
384 1910 420 1917 -
437 1894 586 1932 [ΣΕΥΗΡ.]
607 1895 643 1923 Τὸ
656 1896 720 1932 γὰρ,
739 1906 749 1922 ι
761 1897 800 1923 Δι’
815 1897 865 1923 αὑ-

69 1938 130 1971 τοῦ,
143 1948 153 1964 ι
175 1939 311 1973 τουτέστι,
332 1941 376 1968 διὰ
389 1941 438 1977 τὴν
450 1942 634 1977 εὐαγγελικὴν
651 1943 735 1969 αὑτοῦ
748 1942 865 1978 νομοθε-

70 1986 144 2013 σίαν.
159 1994 169 2011 ι
183 1985 363 2013 Οὐδὲνκοινὸν
376 1987 409 2014 δι’
420 1987 515 2022 αὑτοῦ,
529 1998 538 2014 ι
556 1989 697 2014 τουτέστιν
706 1988 864 2024 ἀκάθαρτον

69 2033 103 2067 τῇ
118 2031 211 2066 φύσει.
227 2041 237 2058 ι
257 2033 297 2059 Δι’
306 2032 401 2067 αὑτοῦ,
422 2042 432 2059 ι
449 2033 586 2066 τουτέστι,
600 2034 647 2061 τοῦ
661 2033 799 2061 ΘεοῦΔιὰ
815 2035 865 2070 τὴν

70 2077 132 2111 νῦν,
148 2078 230 2113 φησι,
255 2078 379 2107 δοθεῖσαν
403 2079 485 2115 χάριν
498 2079 565 2116 παρ’
578 2079 672 2114 αὐτοῦ,
689 2081 768 2108 οὐδὲν
784 2081 865 2116 φύσει

71 2124 174 2158 κοινὸν,
196 2124 255 2152 ἀλλ’
277 2125 331 2152 ἀπὸ
356 2125 405 2158 τῆς
429 2126 617 2162 προαιρέσιως
647 2126 695 2153 τοῦ
728 2127 867 2162 μετιόντος

72 2171 179 2205 γίνεται
208 2172 309 2199 κοινόν.
335 2171 418 2200 Ὀθεν
448 2172 497 2199 καὶ
523 2172 621 2208 ἐκεινῳ
657 2172 731 2209 μόνῳ
758 2173 866 2208 γίνεται

73 2218 176 2251 κοινὸν,
188 2218 250 2254 οὐχὶ
264 2218 292 2245 δὲ
307 2218 356 2245 καὶ
369 2219 464 2245 πᾶσιν.
481 2227 492 2245 ι
511 2217 625 2254 Ἐκεένῳ
636 2218 702 2254 γὰρ,
715 2219 794 2254 φησὶ,
810 2227 867 2245 κοι-

74 2264 131 2292 νόν.
146 2274 157 2291 ι
169 2279 204 2285 -
214 2274 225 2291 ε
238 2265 271 2292 El
285 2264 314 2292 δὲ
323 2265 368 2292 διὰ
379 2264 479 2301 βρῶμα
491 2265 505 2292 ό
515 2264 629 2300 ἁδελφός
645 2273 693 2292 σου
703 2265 840 2293 λυπεῖται.
856 2275 865 2292 r
884 2271 907 2299 ι)

81 2310 228 2342 unum»:
251 2310 306 2346 γὰρ
331 2311 430 2343 αὐτοὺς
444 2311 468 2338 οἱ
487 2311 577 2338 πιστοὶ
601 2311 641 2344 ὡς
668 2310 866 2343 ’ἰουδαΐζοντας

77 2357 127 2388 Est,
142 2358 190 2383 καὶ
210 2356 254 2384 διὰ
276 2356 356 2384 τοῦτο
380 2356 648 2394 παρατηρουμὲνους
671 2358 706 2384 τὰ
721 2356 867 2393 βρώματα.

77 2405 114 2430 Οὐ
130 2403 256 2439 βούλεται
282 2403 329 2430 οὖν
356 2403 465 2437 αὐτοὺς,
482 2404 512 2430 ὲν
526 2404 583 2434 τοῖς
601 2402 639 2439 μὴ
654 2403 724 2430 πάνυ
741 2401 870 2437 μεγάλοις

79 2449 246 2486 πλήττεσθαι
278 2450 413 2485 σφοδρῶς,
433 2449 601 2486 φοϐούμενος
621 2449 731 2485 μήπως
747 2447 870 2483 ὀλιγοθυ-

80 2497 229 2532 μήσαντες,
253 2496 348 2522 τέλεον
373 2496 515 2522 ἀποστῶσι
537 2495 587 2531 τῆς
617 2494 747 2526 πίστεως.
776 2493 870 2522 Εῑοῦν

79 2545 126 2569 καὶ
142 2541 226 2576 μηδὲν
239 2541 268 2568 ὲν
282 2540 409 2576 βρώμασι
443 2540 544 2574 κοινὸν,
566 2540 643 2575 φησι,
659 2540 728 2576 πλὴν
745 2540 869 2575 ἀπόσχου

80 2589 128 2624 τῆς
143 2587 263 2623 σφοδρᾶς
278 2587 437 2623 ἑγκλήσεως
454 2586 503 2614 τοῦ
517 2586 634 2621 ἀδελφοῦ
649 2595 696 2613 σου
714 2594 722 2602 ·
734 2587 873 2623 οἰκονομι-

82 2635 137 2666 κῶς
161 2633 312 2669 οἰκονομῶν
336 2633 379 2661 διὰ
408 2633 457 2669 τὴν
472 2632 622 2669 εἰρημένην
634 2632 734 2660 αἰτίαν.
752 2632 823 2668 Ὀρα
844 2632 872 2659 δὲ

82 2680 132 2716 τὴν
159 2679 209 2706 τοῦ
235 2679 314 2713 ἁγίου
332 2679 442 2714 σοφίαν
463 2678 516 2705 Τὺν
531 2678 624 2705 τέλεον
639 2677 820 2713 πληροφορῶν
832 2679 873 2705 ὅτι

82 2727 132 2753 οὐκ
161 2726 219 2753 ἔστι
245 2725 346 2760 κοινδν,
371 2727 418 2753 καὶ
430 2725 476 2753 τὸν
490 2725 663 2760 ὀλιγόπιστον
674 2724 805 2756 ὡσαύτως
819 2724 874 2751 δειι

84 2773 174 2800 κνὺων
201 2772 368 2800 ἀσθενοῦντα
383 2774 416 2800 ἐκ
447 2773 497 2807 τῆς
520 2772 742 2808 παρατηρήσεως
757 2791 764 2803 ,
794 2771 875 2798 (οὐκ

85 2820 134 2854 ἔτι,
148 2821 228 2855 φησὶ,
249 2821 320 2847 κατὰ
334 2820 445 2856 ἀγάπην
461 2820 634 2855 περιπατεῖς.
650 2828 659 2845 ι
680 2817 807 2844 Βούλεται
820 2816 875 2853 γὰρ

87 2866 154 2894 εἶναι
179 2867 302 2903 ἀγάπην,
336 2867 413 2899 εἰδὼς
444 2867 533 2893 πάντα
547 2866 582 2892 δι’
597 2865 684 2899 αὐτῆς
704 2864 775 2891 κατὰ
789 2863 876 2899 μέρος

89 2913 299 2950 κατορθοῦσθαι.
319 2923 328 2940 ι
341 2913 387 2949 Μὴ
404 2913 442 2949 τῷ
459 2911 585 2949 βρώματί
616 2921 661 2939 σου
675 2912 778 2938 ἐκεῖνον
792 2910 876 2938 ἀπύλ-

869 915 891 942 Β

252 216 254 219 .
591 182 785 215 COMMENT.
802 183 844 214 IN
861 184 981 215 EPIST.
1002 185 1054 214 AD
1076 184 1168 215 ROM.

44 237 249 273 παρατηρήσει
275 233 324 264 τοὺ
348 237 471 272 πλησίον,
489 238 536 265 καὶ
548 240 562 266 ὁ
575 240 609 267 τὰ
630 240 763 276 βρώματα
779 250 850 277 παρ-

939 242 1030 275 oximi.
1044 247 1073 271 et
1086 243 1110 270 is
1124 242 1170 278 qui
1186 242 1264 271 cibos
1280 243 1456 276 observabat,
1473 243 1631 271 vehementi
1647 245 1691 272 in-

1632 187 1687 218 59S

900 288 1060 324 crepatione
1079 289 1156 317 illius
1176 289 1223 324 qui
1240 289 1347 318 sincere
1363 289 1504 317 credebat.
1519 289 1580 318 Uno
1595 290 1689 325 itaque

900 335 1018 362 consilio
1041 334 1111 363 duos
1133 335 1258 371 corrigit,
1279 341 1310 363 ut
1333 335 1367 363 ab
1384 335 1427 364 his
1448 335 1605 363 abstineant
1629 344 1691 372 quae

902 381 1028 416 proximo
1041 381 1111 409 liunt
1125 381 1234 410 occasio
1247 382 1379 410 scandali.

938 484 1007 517 XIV,
1024 484 1117 513 ιι-ιε.
1136 484 1194 512 Scio
1214 485 1317 521 quidem
1337 490 1361 512 et
1377 493 1534 520 persuasum
1549 485 1631 512 habeo
1645 492 1692 519 per

903 531 1044 560 Dominum
1069 531 1170 563 Iesum,
1186 531 1252 558 nihil
1276 539 1330 558 esse
1351 539 1488 559 commune
1512 539 1559 566 per
1579 531 1665 566 ipsum
1683 539 1692 558 :

902 579 953 606 nisi
969 579 1039 614 quod
1057 579 1080 606 ei
1093 578 1140 614 qui
1158 578 1289 605 existimat
1302 578 1405 613 aliquid
1421 586 1475 605 esse
1489 586 1638 611 commune,
1652 577 1693 605 illi

902 633 1038 652 commune
1061 628 1108 652 est.
1129 624 1223 652 Verum
1242 625 1265 651 si
1289 629 1397 660 propter
1419 625 1503 652 cibum
1526 625 1611 660 frater
1633 629 1693 651 tuus

902 671 1084 703 contristatur,
1096 671 1157 705 jam
1171 679 1222 698 non
1238 671 1379 698 secundum
1391 671 1547 698 charitatem
1561 670 1692 698 ambulas.

903 716 942 744 Ne
958 717 1014 744 cibo
1036 721 1080 743 tuo
1098 716 1175 744 illum
1196 717 1291 752 perdas
1307 725 1355 752 pro
1374 725 1424 752 quo
1439 717 1561 744 Christus
1575 720 1696 744 mortuus

903 767 950 790 est.
965 763 1004 790 Ne
1016 763 1098 799 igitur
1108 764 1229 790 conviciis
1242 763 1374 798 afﬁciatur
1385 763 1481 790 bonum
1497 767 1621 790 vestrum.
1635 762 1694 789 Non

904 813 942 835 est
963 809 1032 835 enim
1052 817 1162 843 regnum
1182 808 1229 835 Dei
1247 808 1317 835 cibus
1333 812 1358 834 et
1374 812 1450 843 potus
1466 817 1475 835 :
1488 807 1534 835 sed
1545 807 1651 842 justitin
1670 811 1696 833 ω

905 863 957 890 pa:
976 859 1000 882 et
1016 857 1143 891 gaudium
1163 857 1191 884 in
1214 855 1315 892 Spiritu
1335 861 1438 883 sancto.
1454 855 1525 882 Nam
1541 855 1586 890 qui
1607 853 1635 880 in
1656 854 1697 880 his

904 902 982 928 servit
994 901 1107 932 Christo.
1121 907 1241 936 acceptus
1253 908 1290 929 est
1305 901 1357 928 Deo
1370 907 1393 929 et
1403 901 1529 937 probatus
1539 900 1696 927 hominibus.

941 1053 1040 1081 Adhuc
1059 1053 1112 1088 ipsi
1131 1053 1164 1081 de
1179 1054 1306 1081 ciborum
1325 1054 1520 1082 observatione
1540 1061 1632 1082 sermo
1645 1058 1702 1082 est.

906 1100 976 1134 Quia
988 1108 1054 1136 ergo
1068 1100 1158 1128 dixit:
1178 1109 1188 1126 ι
1213 1100 1276 1128 Scio
1290 1105 1318 1128 et
1335 1108 1497 1136 persuasum
1519 1100 1609 1128 habeo
1629 1100 1702 1128 nihil

906 1155 968 1176 esse
991 1154 1154 1180 commune;
1175 1156 1184 1173 ι
1208 1155 1244 1175 ne
1265 1147 1339 1175 dicat
1356 1148 1379 1175 is
1399 1147 1447 1183 qui
1463 1147 1554 1175 adhuc
1569 1147 1655 1174 haeret
1671 1146 1701 1174 in

907 1193 1050 1222 Judaismo
1072 1201 1078 1219 :
1101 1193 1136 1220 Et
1161 1193 1228 1228 quid
1250 1193 1273 1221 si
1297 1198 1326 1221 tu
1347 1201 1496 1228 persuasus
1513 1193 1560 1223 sis.
1574 1200 1637 1220 cum
1657 1193 1701 1220 lex

912 1239 1082 1268 contrarium
1093 1239 1298 1272 doceat,addit:
1312 1248 1321 1264 ι
1335 1239 1387 1267 Per
1402 1239 1548 1266 Dominum
1562 1238 1672 1271 Jesum;
1687 1247 1698 1263 ι

908 1285 1058 1315 ostendens
1082 1285 1157 1321 quod
1178 1284 1213 1313 ab
1237 1285 1299 1320 ipso
1322 1285 1380 1313 haec
1401 1284 1533 1312 didicerit
1555 1288 1583 1312 et
1599 1283 1702 1311 certior

908 1332 998 1360 factus
1014 1331 1061 1363 sit,
1076 1335 1105 1358 et
1119 1337 1175 1358 non
1189 1338 1205 1357 a
1218 1330 1310 1365 seipso
1326 1329 1410 1357 dicat.
1424 1341 1433 1355 ι
1456 1329 1531 1356 Nihil
1555 1335 1704 1357 commune

909 1387 982 1408 esse.
1005 1389 1015 1406 ι
1036 1378 1106 1406 Hinc
1123 1385 1220 1406 rursus
1233 1377 1266 1405 ad
1281 1384 1314 1405 ea
1330 1377 1402 1405 redit
1419 1384 1481 1412 quae
1494 1376 1530 1404 de
1545 1375 1618 1404 cibis
1628 1374 1704 1403 dicta

909 1429 975 1453 sunt
989 1434 995 1452 :
1012 1429 1040 1452 et
1056 1428 1184 1460 potentes
1200 1423 1227 1450 in
1243 1422 1296 1450 ﬁde
1307 1422 1439 1450 admonet
1458 1425 1488 1449 ut
1504 1420 1622 1448 inﬁrmis
1640 1427 1705 1447 suc-

910 1475 1032 1500 currant.
1053 1471 1093 1498 Es
1112 1470 1156 1497 his
1174 1470 1257 1497 etiam
1276 1476 1339 1504 quae
1358 1468 1437 1501 dicit,
1452 1466 1574 1495 ostendit
1598 1466 1705 1494 bonum

910 1518 1024 1554 quidem
1047 1525 1108 1545 esse
1132 1517 1182 1544 niti
1198 1516 1276 1544 illum
1292 1515 1441 1550 corrigere
1462 1514 1510 1550 qui
1535 1514 1607 1541 inter
1626 1512 1705 1541 cibos

912 1565 1047 1601 diiudicat
1062 1573 1069 1591 :
1083 1563 1156 1600 quod
1175 1563 1199 1591 si
1214 1563 1260 1590 hic
1273 1561 1376 1597 corrigi
1392 1565 1522 1597 nequeat,
1539 1560 1624 1596 388
1644 1566 1704 1586 me~

911 1612 967 1640 lius
979 1616 1044 1639 tunc
1058 1617 1119 1639 esse
1133 1610 1272 1638 defectum
1286 1608 1361 1636 hunc
1374 1611 1562 1637 contemnere,
1573 1605 1706 1639 omnique

912 1659 995 1687 modo
1009 1658 1087 1686 illum
1110 1657 1299 1685 mannducere
1318 1662 1375 1690 quo
1387 1653 1508 1682 lucritiat
1523 1660 1555 1680 ac
1571 1652 1705 1679 salvetur.

916 1715 926 1733 t
948 1706 1034 1738 Nihil,
1059 1705 1160 1740 inquit,
1179 1711 1241 1732 esse
1265 1709 1412 1731 commune
1440 1708 1490 1736 per
1512 1700 1612 1736 ipsum.
1637 1707 1647 1725 ι
1666 1697 1706 1725 Ne

912 1753 987 1780 enim
1014 1751 1131 1780 dicant:
1152 1750 1193 1778 Tu
1218 1750 1282 1786 quis
1301 1757 1332 1777 es
1356 1748 1404 1784 qui
1428 1747 1516 1783 legem
1539 1745 1614 1774 feras
1639 1743 1706 1772 Mosi

913 1798 1098 1828 contrariam?
1115 1797 1198 1825 Hosis
1217 1795 1365 1824 Dominum
1382 1794 1410 1822 in
1429 1793 1550 1822 medium
1566 1791 1707 1827 producit,

914 1846 1018 1873 docens
1032 1844 1107 1881 quod
1127 1843 1185 1879 ipse
1202 1843 1303 1879 legales
1319 1840 1529 1869 observationes
1544 1845 1653 1866 cessare
1668 1838 1707 1866 fe-

914 1893 994 1924 cerit,
1006 1891 1167 1926 nullumque
1177 1890 1300 1918 edulium
1313 1889 1376 1916 duci
1390 1888 1529 1923 impurum
1538 1884 1706 1921 permiserit.

914 1939 983 1967 Nam
1009 1939 1061 1966 hoc
1084 1937 1219 1973 signiﬁcat
1238 1945 1247 1961 ι
1272 1936 1325 1964 Per
1350 1935 1453 1970 ipsum,
1475 1942 1484 1960 ι
1509 1932 1537 1960 id
1556 1936 1610 1963 est,
1631 1931 1708 1967 juxta

914 1986 1003 2021 legem
1021 1983 1218 2019 evangelicum.
1236 1983 1300 2014 Aut,
1315 1981 1389 2009 Nihil
1402 1986 1549 2008 commune
1564 1978 1597 2005 δι’
1612 1977 1707 2009 αὐτοῦ,

917 2033 970 2061 hoc
990 2037 1043 2064 est,
1058 2039 1107 2067 per
1128 2038 1169 2061 se.
1185 2037 1219 2058 ex
1237 2034 1346 2058 natura.
1369 2027 1433 2056 Sive
1449 2027 1483 2055 δι’
1495 2025 1577 2053 αὑτοῦ
1599 2033 1649 2060 per
1667 2024 1710 2059 ip-

917 2089 990 2113 sum,
1011 2087 1110 2114 nempe
1136 2079 1232 2106 Deum.
1255 2078 1308 2105 Per
1330 2077 1432 2108 datam,
1457 2074 1556 2110 inquit,
1579 2080 1654 2102 nunc
1675 2072 1709 2100 ab

917 2128 978 2163 ipso
1003 2126 1118 2162 gratiam
1143 2124 1212 2153 nihil
1239 2128 1338 2151 natura
1363 2129 1510 2150 commune
1534 2124 1586 2150 est.
1609 2119 1657 2146 sed
1677 2118 1711 2146 ab

919 2173 1078 2202 accedentis
1091 2172 1231 2199 voluntate
1252 2170 1282 2197 tit
1298 2176 1457 2197 commune.
1472 2167 1549 2196 Unde
1560 2166 1644 2194 etiam
1659 2164 1711 2191 soli

919 2219 958 2247 illi
973 2218 1167 2249 ﬂtcommune,
1177 2224 1232 2243 non
1242 2218 1335 2242 autem
1344 2213 1483 2242 omnibus.
1498 2212 1566 2240 Nam
1581 2211 1631 2238 ait:
1645 2219 1654 2236 ι
1672 2210 1711 2237 11Ιί

922 2270 1069 2292 commune
1077 2266 1131 2290 est.
1150 2271 1159 2287 ι
1171 2275 1206 2281 -
1219 2269 1228 2286 ι
1251 2260 1352 2288 Verum
1363 2259 1387 2286 si
1400 2261 1512 2294 propter
1522 2257 1615 2284 cibum
1626 2255 1712 2283 frater

920 2315 985 2338 tuus
1005 2307 1197 2337 contristatur.
1223 2316 1232 2333 ι
1253 2305 1397 2341 Siquidem
1417 2304 1513 2332 ﬁdeles
1527 2302 1636 2330 sincere
1650 2308 1713 2329 cre-

921 2356 1019 2384 dentes
1040 2354 1246 2390 exprobrabant
1268 2352 1324 2380 illis
1351 2351 1399 2387 qui
1420 2350 1594 2379 Judaismum
1621 2347 1714 2375 adhuc

922 2402 1120 2437 sequebantur,
1142 2404 1170 2428 et
1195 2399 1231 2427 ita
1254 2398 1333 2426 cibos
1354 2396 1549 2425 observabant.
1569 2395 1629 2422 Non
1655 2393 1714 2421 vult

922 2454 988 2482 ergo
1003 2446 1064 2473 illos
1079 2446 1107 2473 in
1124 2445 1167 2473 his
1183 2452 1245 2480 quae
1259 2451 1315 2472 non
1332 2443 1401 2471 adeo
1419 2449 1516 2477 magna
1532 2445 1607 2471 sunt.
1620 2439 1714 2475 gravi-

923 2496 966 2519 ter
988 2490 1101 2526 corripi,
1119 2490 1225 2518 veritus
1246 2497 1281 2518 ne
1303 2488 1374 2517 forte
1395 2487 1498 2524 pusillo
1521 2485 1587 2514 facti
1609 2485 1714 2515 animo,

924 2537 1034 2567 tandem
1051 2545 1065 2564 a
1082 2536 1135 2565 lide
1154 2535 1320 2564 desciscant.
1339 2534 1511 2568 Quanquam,
1528 2531 1627 2566 inquit,
1644 2529 1713 2557 nihil

924 2583 952 2612 in
974 2583 1047 2611 cibis
1063 2588 1211 2611 commune
1231 2581 1276 2613 sit,
1294 2579 1403 2607 abstine
1422 2583 1513 2606 tamen
1527 2585 1542 2604 a
1555 2574 1713 2604 vehementi

924 2628 1143 2666 reprehensione
1157 2627 1251 2655 I‘ratris
1262 2627 1314 2659 tui,
1330 2624 1533 2661 dispensatorio
1546 2622 1628 2650 modo
1643 2621 1715 2649 ordi-

926 2683 994 2703 nans
1022 2679 1134 2710 propter
1155 2673 1257 2700 dictam
1284 2679 1406 2700 causam.
1430 2671 1497 2698 Vide
1521 2673 1613 2696 autem
1637 2666 1715 2694 Pauli

927 2720 1101 2757 sapientiam.
1115 2719 1234 2748 Omnino
1249 2718 1354 2746 certior
1364 2717 1452 2744 factus
1464 2715 1536 2750 quod
1553 2713 1621 2740 nihil
1639 2719 1715 2739 corn-

928 2776 1011 2796 mune
1028 2767 1075 2798 sit,
1089 2770 1117 2794 ct
1133 2766 1168 2793 ita
1185 2765 1237 2792 fide
1258 2764 1387 2800 pusillum
1408 2769 1469 2790 esse
1487 2758 1636 2787 ostendens
1651 2765 1715 2784 cum

929 2814 974 2850 qui
995 2822 1028 2842 ex
1047 2813 1173 2841 ciborum
1188 2810 1381 2839 observatione
1397 2807 1593 2834 inlirmaretur.
1614 2814 1623 2830 ι
1645 2804 1715 2833 Jam.

930 2862 1030 2897 inquit,
1045 2868 1101 2888 non
1117 2858 1270 2887 secundum
1286 2855 1450 2883 charitaleln
1470 2851 1605 2879 ambulas.
1629 2860 1639 2877 ι
1656 2850 1718 2878 Vult

931 2907 1004 2936 cnim
1020 2905 1184 2934 charitatcm
1198 2910 1269 2936 esse,
1287 2901 1377 2929 sciens
1392 2899 1483 2928 omnia
1497 2906 1546 2935 per
1559 2898 1632 2927 illam
1651 2903 1718 2932 pau-
