  <div class='ocr_page' id='page_1' title='image "/cluster/home/n/w/nwhite01/storage/ocr_20150623/118/njp.32101077772992/455.png"; bbox 0 0 1889 3055; ppageno 0'>
   <div class='ocr_carea' id='block_1_1' title="bbox 191 158 248 190">
    <p class='ocr_par' dir='ltr' id='par_1_1' title="bbox 191 158 248 190">
     <span class='ocr_line' id='line_1_1' title="bbox 191 158 248 190; baseline 0.018 -1"><span class='ocrx_word' id='word_1_1' title='bbox 191 158 248 190; x_wconf 80' lang='lat'><strong>599</strong></span> 
     </span>
    </p>
   </div>
   <div class='ocr_carea' id='block_1_2' title="bbox 722 161 1274 194">
    <p class='ocr_par' dir='ltr' id='par_1_2' title="bbox 722 161 1274 194">
     <span class='ocr_line' id='line_1_2' title="bbox 722 161 1274 194; baseline 0.011 -5"><span class='ocrx_word' id='word_1_2' title='bbox 722 161 887 191; x_wconf 80' lang='lat' dir='ltr'><strong>(ECUMEN</strong></span> <span class='ocrx_word' id='word_1_3' title='bbox 893 161 918 191; x_wconf 86' lang='grc' dir='ltr'><strong>[Ι</strong></span> <span class='ocrx_word' id='word_1_4' title='bbox 941 162 1086 193; x_wconf 66' lang='grc' dir='ltr'><strong>ΤΗΙΕΩΕ</strong></span> <span class='ocrx_word' id='word_1_5' title='bbox 1105 163 1274 194; x_wconf 84' lang='lat' dir='ltr'><strong>EPISCOPI</strong></span> 
     </span>
    </p>
   </div>
   <div class='ocr_carea' id='block_1_3' title="bbox 1765 165 1826 197">
    <p class='ocr_par' dir='ltr' id='par_1_3' title="bbox 1765 165 1826 197">
     <span class='ocr_line' id='line_1_3' title="bbox 1765 165 1826 197; baseline -0.016 0"><span class='ocrx_word' id='word_1_6' title='bbox 1765 165 1826 197; x_wconf 80' lang='lat'><strong>600</strong></span> 
     </span>
    </p>
   </div>
   <div class='ocr_carea' id='block_1_4' title="bbox 189 214 968 256">
    <p class='ocr_par' dir='ltr' id='par_1_4' title="bbox 189 214 965 250">
     <span class='ocr_line' id='line_1_4' title="bbox 189 214 965 250; baseline 0.004 -9"><span class='ocrx_word' id='word_1_7' title='bbox 189 215 267 243; x_wconf 87' lang='lat' dir='ltr'><strong>latim</strong></span> <span class='ocrx_word' id='word_1_8' title='bbox 281 214 394 250; x_wconf 74' lang='lat' dir='ltr'><strong>corrigi.</strong></span> <span class='ocrx_word' id='word_1_9' title='bbox 415 225 423 241; x_wconf 84' lang='grc' dir='ltr'><strong>ι</strong></span> <span class='ocrx_word' id='word_1_10' title='bbox 446 215 486 242; x_wconf 81' lang='lat' dir='ltr'><strong>Ne</strong></span> <span class='ocrx_word' id='word_1_11' title='bbox 501 215 562 242; x_wconf 88' lang='lat' dir='ltr'><strong>cibo</strong></span> <span class='ocrx_word' id='word_1_12' title='bbox 584 220 630 242; x_wconf 94' lang='lat' dir='ltr'><strong>tuo</strong></span> <span class='ocrx_word' id='word_1_13' title='bbox 651 215 727 242; x_wconf 87' lang='lat' dir='ltr'><strong>illum</strong></span> <span class='ocrx_word' id='word_1_14' title='bbox 744 215 853 250; x_wconf 83' lang='lat' dir='ltr'><strong>perdas.</strong></span> <span class='ocrx_word' id='word_1_15' title='bbox 877 226 887 243; x_wconf 75' lang='grc' dir='ltr'><strong>ι</strong></span> <span class='ocrx_word' id='word_1_16' title='bbox 903 216 965 244; x_wconf 91' lang='lat' dir='ltr'><strong>Lice</strong></span> 
     </span>
    </p>
   </div>
   <div class='ocr_carea' id='block_1_5' title="bbox 1033 214 1822 256">
    <p class='ocr_par' dir='ltr' id='par_1_5' title="bbox 1033 219 1822 256">
     <span class='ocr_line' id='line_1_5' title="bbox 1033 219 1822 256; baseline 0.006 -12"><span class='ocrx_word' id='word_1_17' title='bbox 1033 219 1110 246; x_wconf 73' lang='grc' dir='ltr'>λυε.»</span> <span class='ocrx_word' id='word_1_18' title='bbox 1137 220 1184 255; x_wconf 86' lang='grc' dir='ltr'><strong>Μὴ</strong></span> <span class='ocrx_word' id='word_1_19' title='bbox 1209 220 1303 255; x_wconf 72' lang='grc' dir='ltr'>ἐπειδὴ</span> <span class='ocrx_word' id='word_1_20' title='bbox 1332 220 1364 247; x_wconf 79' lang='grc' dir='ltr'>σὺ</span> <span class='ocrx_word' id='word_1_21' title='bbox 1389 220 1478 248; x_wconf 79' lang='grc' dir='ltr'>πάντα</span> <span class='ocrx_word' id='word_1_22' title='bbox 1499 220 1602 252; x_wconf 74' lang='grc' dir='ltr'>ἐσθίεις</span> <span class='ocrx_word' id='word_1_23' title='bbox 1625 221 1722 254; x_wconf 64' lang='grc' dir='ltr'>πιστὸς</span> <span class='ocrx_word' id='word_1_24' title='bbox 1755 222 1795 249; x_wconf 80' lang='grc' dir='ltr'><strong>ὢν</strong></span> <span class='ocrx_word' id='word_1_25' title='bbox 1813 244 1822 256; x_wconf 85' lang='grc'><strong>,</strong></span> 
     </span>
    </p>
   </div>
   <div class='ocr_carea' id='block_1_6' title="bbox 191 260 977 294">
    <p class='ocr_par' dir='ltr' id='par_1_6' title="bbox 191 260 977 294">
     <span class='ocr_line' id='line_1_6' title="bbox 191 260 977 294; baseline 0.001 -6"><span class='ocrx_word' id='word_1_26' title='bbox 191 266 233 294; x_wconf 90' lang='lat' dir='ltr'><strong>tu,</strong></span> <span class='ocrx_word' id='word_1_27' title='bbox 249 269 312 289; x_wconf 93' lang='lat' dir='ltr'><strong>cum</strong></span> <span class='ocrx_word' id='word_1_28' title='bbox 329 260 366 288; x_wconf 88' lang='lat' dir='ltr'><strong>sis</strong></span> <span class='ocrx_word' id='word_1_29' title='bbox 381 260 480 293; x_wconf 83' lang='lat' dir='ltr'><strong>ﬁdelis,</strong></span> <span class='ocrx_word' id='word_1_30' title='bbox 489 260 580 287; x_wconf 90' lang='lat' dir='ltr'><strong>omnia</strong></span> <span class='ocrx_word' id='word_1_31' title='bbox 598 260 663 288; x_wconf 86' lang='lat' dir='ltr'><strong>edas</strong></span> <span class='ocrx_word' id='word_1_32' title='bbox 685 268 719 288; x_wconf 88' lang='lat' dir='ltr'><strong>ne</strong></span> <span class='ocrx_word' id='word_1_33' title='bbox 735 261 812 288; x_wconf 92' lang='lat' dir='ltr'><strong>illum</strong></span> <span class='ocrx_word' id='word_1_34' title='bbox 829 262 977 289; x_wconf 89' lang='lat' dir='ltr'><strong>vehemen-</strong></span> 
     </span>
    </p>
   </div>
   <div class='ocr_carea' id='block_1_7' title="bbox 191 305 976 341">
    <p class='ocr_par' dir='ltr' id='par_1_7' title="bbox 191 305 976 341">
     <span class='ocr_line' id='line_1_7' title="bbox 191 305 976 341; baseline 0.003 -8"><span class='ocrx_word' id='word_1_35' title='bbox 191 310 234 333; x_wconf 81' lang='lat' dir='ltr'><strong>ter</strong></span> <span class='ocrx_word' id='word_1_36' title='bbox 265 305 442 340; x_wconf 83' lang='lat' dir='ltr'><strong>increpando,</strong></span> <span class='ocrx_word' id='word_1_37' title='bbox 465 305 575 340; x_wconf 76' lang='lat' dir='ltr'><strong>penitus</strong></span> <span class='ocrx_word' id='word_1_38' title='bbox 613 313 627 332; x_wconf 91' lang='lat' dir='ltr'><strong>a</strong></span> <span class='ocrx_word' id='word_1_39' title='bbox 657 305 710 333; x_wconf 83' lang='lat' dir='ltr'><strong>ﬁde</strong></span> <span class='ocrx_word' id='word_1_40' title='bbox 739 306 843 341; x_wconf 87' lang='lat' dir='ltr'><strong>ejicias.</strong></span> <span class='ocrx_word' id='word_1_41' title='bbox 869 307 976 335; x_wconf 90' lang='lat' dir='ltr'><strong>Etenim</strong></span> 
     </span>
    </p>
   </div>
   <div class='ocr_carea' id='block_1_8' title="bbox 189 351 977 388">
    <p class='ocr_par' dir='ltr' id='par_1_8' title="bbox 189 351 977 388">
     <span class='ocr_line' id='line_1_8' title="bbox 189 351 977 388; baseline 0.001 -9"><span class='ocrx_word' id='word_1_42' title='bbox 189 352 274 380; x_wconf 90' lang='lat' dir='ltr'><strong>etiam</strong></span> <span class='ocrx_word' id='word_1_43' title='bbox 289 359 338 387; x_wconf 89' lang='lat' dir='ltr'><strong>pro</strong></span> <span class='ocrx_word' id='word_1_44' title='bbox 348 352 395 378; x_wconf 88' lang='lat' dir='ltr'><strong>illo</strong></span> <span class='ocrx_word' id='word_1_45' title='bbox 402 351 529 379; x_wconf 87' lang='lat' dir='ltr'><strong>Christus</strong></span> <span class='ocrx_word' id='word_1_46' title='bbox 544 356 672 379; x_wconf 89' lang='lat' dir='ltr'><strong>mortuus</strong></span> <span class='ocrx_word' id='word_1_47' title='bbox 687 356 739 379; x_wconf 87' lang='lat' dir='ltr'><strong>est.</strong></span> <span class='ocrx_word' id='word_1_48' title='bbox 751 353 901 388; x_wconf 83' lang='lat' dir='ltr'><strong>Propterea</strong></span> <span class='ocrx_word' id='word_1_49' title='bbox 918 353 977 381; x_wconf 86' lang='lat' dir='ltr'><strong>dis-</strong></span> 
     </span>
    </p>
   </div>
   <div class='ocr_carea' id='block_1_9' title="bbox 191 397 974 432">
    <p class='ocr_par' dir='ltr' id='par_1_9' title="bbox 191 397 974 432">
     <span class='ocr_line' id='line_1_9' title="bbox 191 397 974 432; baseline 0.003 -7"><span class='ocrx_word' id='word_1_50' title='bbox 191 398 348 432; x_wconf 88' lang='lat' dir='ltr'><strong>pensatorio</strong></span> <span class='ocrx_word' id='word_1_51' title='bbox 365 398 445 424; x_wconf 93' lang='lat' dir='ltr'><strong>modo</strong></span> <span class='ocrx_word' id='word_1_52' title='bbox 461 397 545 425; x_wconf 83' lang='lat' dir='ltr'><strong>debes</strong></span> <span class='ocrx_word' id='word_1_53' title='bbox 563 397 601 424; x_wconf 93' lang='lat' dir='ltr'><strong>illi</strong></span> <span class='ocrx_word' id='word_1_54' title='bbox 622 398 856 426; x_wconf 82' lang='lat' dir='ltr'><strong>condescendere.</strong></span> <span class='ocrx_word' id='word_1_55' title='bbox 871 414 906 419; x_wconf 92' lang='lat'><strong>—-</strong></span> <span class='ocrx_word' id='word_1_56' title='bbox 926 400 974 428; x_wconf 92' lang='lat' dir='ltr'><strong>llic</strong></span> 
     </span>
    </p>
   </div>
   <div class='ocr_carea' id='block_1_10' title="bbox 191 442 977 477">
    <p class='ocr_par' dir='ltr' id='par_1_10' title="bbox 191 442 977 477">
     <span class='ocr_line' id='line_1_10' title="bbox 191 442 977 477; baseline 0.005 -8"><span class='ocrx_word' id='word_1_57' title='bbox 191 442 287 470; x_wconf 84' lang='lat' dir='ltr'><strong>suadet</strong></span> <span class='ocrx_word' id='word_1_58' title='bbox 309 442 405 470; x_wconf 81' lang='lat' dir='ltr'><strong>ﬁdeles</strong></span> <span class='ocrx_word' id='word_1_59' title='bbox 427 450 536 477; x_wconf 81' lang='lat' dir='ltr'><strong>quoque</strong></span> <span class='ocrx_word' id='word_1_60' title='bbox 551 451 565 470; x_wconf 91' lang='lat' dir='ltr'><strong>a</strong></span> <span class='ocrx_word' id='word_1_61' title='bbox 584 443 653 471; x_wconf 80' lang='lat' dir='ltr'><strong>cibis</strong></span> <span class='ocrx_word' id='word_1_62' title='bbox 669 444 808 472; x_wconf 88' lang='lat' dir='ltr'><strong>abstinere</strong></span> <span class='ocrx_word' id='word_1_63' title='bbox 828 449 858 473; x_wconf 92' lang='lat' dir='ltr'><strong>ut</strong></span> <span class='ocrx_word' id='word_1_64' title='bbox 876 446 977 473; x_wconf 88' lang='lat' dir='ltr'><strong>conde-</strong></span> 
     </span>
    </p>
   </div>
   <div class='ocr_carea' id='block_1_11' title="bbox 190 487 976 526">
    <p class='ocr_par' dir='ltr' id='par_1_11' title="bbox 190 487 976 526">
     <span class='ocr_line' id='line_1_11' title="bbox 190 487 976 526; baseline 0.006 -12"><span class='ocrx_word' id='word_1_65' title='bbox 190 487 339 515; x_wconf 87' lang='lat' dir='ltr'><strong>scendatur</strong></span> <span class='ocrx_word' id='word_1_66' title='bbox 354 487 406 514; x_wconf 84' lang='lat' dir='ltr'><strong>ﬁde</strong></span> <span class='ocrx_word' id='word_1_67' title='bbox 421 487 539 522; x_wconf 86' lang='lat' dir='ltr'><strong>pusillis,</strong></span> <span class='ocrx_word' id='word_1_68' title='bbox 557 489 628 523; x_wconf 86' lang='lat' dir='ltr'><strong>quod</strong></span> <span class='ocrx_word' id='word_1_69' title='bbox 643 489 725 516; x_wconf 89' lang='lat' dir='ltr'><strong>etiam</strong></span> <span class='ocrx_word' id='word_1_70' title='bbox 742 490 769 517; x_wconf 93' lang='lat' dir='ltr'><strong>in</strong></span> <span class='ocrx_word' id='word_1_71' title='bbox 784 498 915 526; x_wconf 88' lang='lat' dir='ltr'><strong>processu</strong></span> <span class='ocrx_word' id='word_1_72' title='bbox 935 491 976 519; x_wconf 88' lang='lat' dir='ltr'><strong>di-</strong></span> 
     </span>
    </p>
   </div>
   <div class='ocr_carea' id='block_1_12' title="bbox 190 533 977 568">
    <p class='ocr_par' dir='ltr' id='par_1_12' title="bbox 190 533 977 568">
     <span class='ocr_line' id='line_1_12' title="bbox 190 533 977 568; baseline 0.006 -8"><span class='ocrx_word' id='word_1_73' title='bbox 190 533 236 561; x_wconf 92' lang='lat' dir='ltr'><strong>cit.</strong></span> <span class='ocrx_word' id='word_1_74' title='bbox 268 542 276 558; x_wconf 82' lang='grc' dir='ltr'><strong>ι</strong></span> <span class='ocrx_word' id='word_1_75' title='bbox 305 533 344 560; x_wconf 88' lang='lat' dir='ltr'><strong>Ne</strong></span> <span class='ocrx_word' id='word_1_76' title='bbox 370 533 454 568; x_wconf 79' lang='lat' dir='ltr'><strong>igitur</strong></span> <span class='ocrx_word' id='word_1_77' title='bbox 477 534 612 562; x_wconf 75' lang='lat' dir='ltr'><strong>conviciis</strong></span> <span class='ocrx_word' id='word_1_78' title='bbox 636 535 772 564; x_wconf 75' lang='lat' dir='ltr'><strong>adiciatur</strong></span> <span class='ocrx_word' id='word_1_79' title='bbox 802 537 905 564; x_wconf 88' lang='lat' dir='ltr'><strong>bonum</strong></span> <span class='ocrx_word' id='word_1_80' title='bbox 929 546 977 566; x_wconf 83' lang='lat' dir='ltr'><strong>ve-</strong></span> 
     </span>
    </p>
   </div>
   <div class='ocr_carea' id='block_1_13' title="bbox 189 579 976 616">
    <p class='ocr_par' dir='ltr' id='par_1_13' title="bbox 189 579 976 616">
     <span class='ocr_line' id='line_1_13' title="bbox 189 579 976 616; baseline 0.005 -10"><span class='ocrx_word' id='word_1_81' title='bbox 189 583 286 606; x_wconf 84' lang='lat' dir='ltr'><strong>strum.</strong></span> <span class='ocrx_word' id='word_1_82' title='bbox 309 587 318 604; x_wconf 74' lang='grc' dir='ltr'><strong>ι</strong></span> <span class='ocrx_word' id='word_1_83' title='bbox 341 579 504 606; x_wconf 78' lang='lat' dir='ltr'><strong>Accusando</strong></span> <span class='ocrx_word' id='word_1_84' title='bbox 524 580 597 607; x_wconf 92' lang='lat' dir='ltr'><strong>enim</strong></span> <span class='ocrx_word' id='word_1_85' title='bbox 614 585 641 608; x_wconf 89' lang='lat' dir='ltr'><strong>et</strong></span> <span class='ocrx_word' id='word_1_86' title='bbox 656 589 764 616; x_wconf 84' lang='lat' dir='ltr'><strong>semper</strong></span> <span class='ocrx_word' id='word_1_87' title='bbox 784 583 976 610; x_wconf 80' lang='lat' dir='ltr'><strong>contendendo</strong></span> 
     </span>
    </p>
   </div>
   <div class='ocr_carea' id='block_1_14' title="bbox 187 623 975 660">
    <p class='ocr_par' dir='ltr' id='par_1_14' title="bbox 187 623 975 660">
     <span class='ocr_line' id='line_1_14' title="bbox 187 623 975 660; baseline 0.006 -10"><span class='ocrx_word' id='word_1_88' title='bbox 187 623 224 651; x_wconf 87' lang='lat' dir='ltr'><strong>ob</strong></span> <span class='ocrx_word' id='word_1_89' title='bbox 242 623 368 651; x_wconf 88' lang='lat' dir='ltr'><strong>ciborum</strong></span> <span class='ocrx_word' id='word_1_90' title='bbox 398 624 618 653; x_wconf 81' lang='lat' dir='ltr'><strong>observationem</strong></span> <span class='ocrx_word' id='word_1_91' title='bbox 641 626 773 654; x_wconf 84' lang='lat' dir='ltr'><strong>adversus</strong></span> <span class='ocrx_word' id='word_1_92' title='bbox 797 628 872 654; x_wconf 92' lang='lat' dir='ltr'><strong>illum</strong></span> <span class='ocrx_word' id='word_1_93' title='bbox 886 648 893 660; x_wconf 91' lang='lat'><strong>,</strong></span> <span class='ocrx_word' id='word_1_94' title='bbox 919 636 975 655; x_wconf 92' lang='lat' dir='ltr'><strong>non</strong></span> 
     </span>
    </p>
   </div>
   <div class='ocr_carea' id='block_1_15' title="bbox 187 669 976 705">
    <p class='ocr_par' dir='ltr' id='par_1_15' title="bbox 187 669 976 705">
     <span class='ocr_line' id='line_1_15' title="bbox 187 669 976 705; baseline 0.005 -9"><span class='ocrx_word' id='word_1_95' title='bbox 187 669 276 697; x_wconf 87' lang='lat' dir='ltr'><strong>solum</strong></span> <span class='ocrx_word' id='word_1_96' title='bbox 298 670 392 697; x_wconf 84' lang='lat' dir='ltr'><strong>reddis</strong></span> <span class='ocrx_word' id='word_1_97' title='bbox 415 678 477 698; x_wconf 90' lang='lat' dir='ltr'><strong>eum</strong></span> <span class='ocrx_word' id='word_1_98' title='bbox 497 671 669 705; x_wconf 77' lang='lat' dir='ltr'><strong>pervicacem</strong></span> <span class='ocrx_word' id='word_1_99' title='bbox 688 680 695 698; x_wconf 88' lang='lat'><strong>:</strong></span> <span class='ocrx_word' id='word_1_100' title='bbox 711 672 758 699; x_wconf 90' lang='lat' dir='ltr'><strong>sed</strong></span> <span class='ocrx_word' id='word_1_101' title='bbox 779 672 861 699; x_wconf 90' lang='lat' dir='ltr'><strong>etiam</strong></span> <span class='ocrx_word' id='word_1_102' title='bbox 878 673 976 702; x_wconf 89' lang='lat' dir='ltr'><strong>alienis</strong></span> 
     </span>
    </p>
   </div>
   <div class='ocr_carea' id='block_1_16' title="bbox 188 715 976 750">
    <p class='ocr_par' dir='ltr' id='par_1_16' title="bbox 188 715 976 750">
     <span class='ocr_line' id='line_1_16' title="bbox 188 715 976 750; baseline 0.006 -8"><span class='ocrx_word' id='word_1_103' title='bbox 188 722 203 742; x_wconf 89' lang='lat' dir='ltr'><strong>a</strong></span> <span class='ocrx_word' id='word_1_104' title='bbox 216 715 270 743; x_wconf 87' lang='lat' dir='ltr'><strong>ﬁde</strong></span> <span class='ocrx_word' id='word_1_105' title='bbox 286 715 385 744; x_wconf 86' lang='lat' dir='ltr'><strong>tribuis</strong></span> <span class='ocrx_word' id='word_1_106' title='bbox 400 717 585 750; x_wconf 84' lang='lat' dir='ltr'><strong>occasionem,</strong></span> <span class='ocrx_word' id='word_1_107' title='bbox 602 722 632 744; x_wconf 89' lang='lat' dir='ltr'><strong>ut</strong></span> <span class='ocrx_word' id='word_1_108' title='bbox 648 717 728 745; x_wconf 85' lang='lat' dir='ltr'><strong>[idem</strong></span> <span class='ocrx_word' id='word_1_109' title='bbox 743 723 866 746; x_wconf 88' lang='lat' dir='ltr'><strong>nostram</strong></span> <span class='ocrx_word' id='word_1_110' title='bbox 882 721 976 747; x_wconf 90' lang='lat' dir='ltr'><strong>convi-</strong></span> 
     </span>
    </p>
   </div>
   <div class='ocr_carea' id='block_1_17' title="bbox 187 761 974 798">
    <p class='ocr_par' dir='ltr' id='par_1_17' title="bbox 187 761 974 798">
     <span class='ocr_line' id='line_1_17' title="bbox 187 761 974 798; baseline 0.005 -10"><span class='ocrx_word' id='word_1_111' title='bbox 187 761 238 788; x_wconf 89' lang='lat' dir='ltr'><strong>ciis</strong></span> <span class='ocrx_word' id='word_1_112' title='bbox 250 761 369 789; x_wconf 78' lang='lat' dir='ltr'><strong>alliciant</strong></span> <span class='ocrx_word' id='word_1_113' title='bbox 377 767 490 797; x_wconf 85' lang='lat' dir='ltr'><strong>propter</strong></span> <span class='ocrx_word' id='word_1_114' title='bbox 501 762 657 798; x_wconf 90' lang='lat' dir='ltr'><strong>hujusmodi</strong></span> <span class='ocrx_word' id='word_1_115' title='bbox 669 771 782 798; x_wconf 80' lang='lat' dir='ltr'><strong>pugnas.</strong></span> <span class='ocrx_word' id='word_1_116' title='bbox 793 764 860 791; x_wconf 87' lang='lat' dir='ltr'><strong>Nam</strong></span> <span class='ocrx_word' id='word_1_117' title='bbox 872 765 974 792; x_wconf 91' lang='lat' dir='ltr'><strong>bonum</strong></span> 
     </span>
    </p>
   </div>
   <div class='ocr_carea' id='block_1_18' title="bbox 188 807 975 842">
    <p class='ocr_par' dir='ltr' id='par_1_18' title="bbox 188 807 975 842">
     <span class='ocr_line' id='line_1_18' title="bbox 188 807 975 842; baseline 0.006 -9"><span class='ocrx_word' id='word_1_118' title='bbox 188 810 268 834; x_wconf 86' lang='lat' dir='ltr'><strong>vocat</strong></span> <span class='ocrx_word' id='word_1_119' title='bbox 291 807 384 834; x_wconf 85' lang='lat' dir='ltr'><strong>ﬁdem.</strong></span> <span class='ocrx_word' id='word_1_120' title='bbox 408 808 481 835; x_wconf 77' lang='lat' dir='ltr'><strong>Bene</strong></span> <span class='ocrx_word' id='word_1_121' title='bbox 503 808 614 842; x_wconf 93' lang='lat' dir='ltr'><strong>quidem</strong></span> <span class='ocrx_word' id='word_1_122' title='bbox 639 808 736 842; x_wconf 89' lang='lat' dir='ltr'><strong>doces,</strong></span> <span class='ocrx_word' id='word_1_123' title='bbox 763 809 811 837; x_wconf 89' lang='lat' dir='ltr'><strong>sed</strong></span> <span class='ocrx_word' id='word_1_124' title='bbox 834 810 975 838; x_wconf 86' lang='lat' dir='ltr'><strong>contentio</strong></span> 
     </span>
    </p>
   </div>
   <div class='ocr_carea' id='block_1_19' title="bbox 187 851 974 883">
    <p class='ocr_par' dir='ltr' id='par_1_19' title="bbox 187 851 974 883">
     <span class='ocr_line' id='line_1_19' title="bbox 187 851 974 883; baseline 0.006 -5"><span class='ocrx_word' id='word_1_125' title='bbox 187 851 375 879; x_wconf 85' lang='lat' dir='ltr'><strong>conviciorum</strong></span> <span class='ocrx_word' id='word_1_126' title='bbox 386 859 467 880; x_wconf 86' lang='lat' dir='ltr'><strong>causa</strong></span> <span class='ocrx_word' id='word_1_127' title='bbox 474 852 601 880; x_wconf 69' lang='lat' dir='ltr'><strong>edicitur.</strong></span> <span class='ocrx_word' id='word_1_128' title='bbox 617 863 627 879; x_wconf 77' lang='grc' dir='ltr'><strong>ι</strong></span> <span class='ocrx_word' id='word_1_129' title='bbox 644 854 683 882; x_wconf 89' lang='lat' dir='ltr'><strong>Ne</strong></span> <span class='ocrx_word' id='word_1_130' title='bbox 697 856 829 883; x_wconf 87' lang='lat' dir='ltr'><strong>conviciis</strong></span> <span class='ocrx_word' id='word_1_131' title='bbox 840 856 974 883; x_wconf 86' lang='lat' dir='ltr'><strong>allieiatur</strong></span> 
     </span>
    </p>
   </div>
   <div class='ocr_carea' id='block_1_20' title="bbox 186 896 973 936">
    <p class='ocr_par' dir='ltr' id='par_1_20' title="bbox 186 896 973 936">
     <span class='ocr_line' id='line_1_20' title="bbox 186 896 973 936; baseline 0.006 -12"><span class='ocrx_word' id='word_1_132' title='bbox 186 896 290 924; x_wconf 82' lang='lat' dir='ltr'><strong>bonum</strong></span> <span class='ocrx_word' id='word_1_133' title='bbox 311 902 442 926; x_wconf 89' lang='lat' dir='ltr'><strong>vestrum.</strong></span> <span class='ocrx_word' id='word_1_134' title='bbox 461 908 470 924; x_wconf 79' lang='grc' dir='ltr'><strong>ι</strong></span> <span class='ocrx_word' id='word_1_135' title='bbox 485 898 590 926; x_wconf 83' lang='lat' dir='ltr'><strong>Bonum</strong></span> <span class='ocrx_word' id='word_1_136' title='bbox 607 900 729 934; x_wconf 81' lang='lat' dir='ltr'><strong>quidem,</strong></span> <span class='ocrx_word' id='word_1_137' title='bbox 745 901 827 936; x_wconf 79' lang='lat'><strong>389</strong></span> <span class='ocrx_word' id='word_1_138' title='bbox 841 909 903 928; x_wconf 91' lang='lat' dir='ltr'><strong>nam</strong></span> <span class='ocrx_word' id='word_1_139' title='bbox 919 901 973 930; x_wconf 86' lang='lat' dir='ltr'><strong>ﬁde</strong></span> 
     </span>
    </p>
   </div>
   <div class='ocr_carea' id='block_1_21' title="bbox 187 943 971 980">
    <p class='ocr_par' dir='ltr' id='par_1_21' title="bbox 187 943 971 980">
     <span class='ocr_line' id='line_1_21' title="bbox 187 943 971 980; baseline 0.008 -10"><span class='ocrx_word' id='word_1_140' title='bbox 187 943 379 972; x_wconf 80' lang='lat' dir='ltr'><strong>conﬁrmatum</strong></span> <span class='ocrx_word' id='word_1_141' title='bbox 392 948 435 972; x_wconf 90' lang='lat' dir='ltr'><strong>est</strong></span> <span class='ocrx_word' id='word_1_142' title='bbox 449 952 505 971; x_wconf 84' lang='lat' dir='ltr'><strong>non</strong></span> <span class='ocrx_word' id='word_1_143' title='bbox 527 945 718 980; x_wconf 86' lang='lat' dir='ltr'><strong>dijudicandos</strong></span> <span class='ocrx_word' id='word_1_144' title='bbox 736 954 796 974; x_wconf 88' lang='lat' dir='ltr'><strong>esse</strong></span> <span class='ocrx_word' id='word_1_145' title='bbox 807 947 884 975; x_wconf 84' lang='lat' dir='ltr'><strong>cibos</strong></span> <span class='ocrx_word' id='word_1_146' title='bbox 900 957 906 974; x_wconf 77' lang='grc' dir='ltr'><strong>ε</strong></span> <span class='ocrx_word' id='word_1_147' title='bbox 924 949 971 976; x_wconf 91' lang='lat' dir='ltr'><strong>sed</strong></span> 
     </span>
    </p>
   </div>
   <div class='ocr_carea' id='block_1_22' title="bbox 187 990 974 1022">
    <p class='ocr_par' dir='ltr' id='par_1_22' title="bbox 187 990 974 1022">
     <span class='ocr_line' id='line_1_22' title="bbox 187 990 974 1022; baseline 0.006 -6"><span class='ocrx_word' id='word_1_148' title='bbox 187 990 387 1018; x_wconf 90' lang='lat' dir='ltr'><strong>contendentes</strong></span> <span class='ocrx_word' id='word_1_149' title='bbox 404 994 432 1017; x_wconf 85' lang='lat' dir='ltr'><strong>et</strong></span> <span class='ocrx_word' id='word_1_150' title='bbox 446 990 625 1019; x_wconf 86' lang='lat' dir='ltr'><strong>vehementer</strong></span> <span class='ocrx_word' id='word_1_151' title='bbox 640 993 761 1020; x_wconf 83' lang='lat' dir='ltr'><strong>rixantes</strong></span> <span class='ocrx_word' id='word_1_152' title='bbox 775 993 907 1021; x_wconf 89' lang='lat' dir='ltr'><strong>adversus</strong></span> <span class='ocrx_word' id='word_1_153' title='bbox 926 1001 974 1022; x_wconf 87' lang='lat' dir='ltr'><strong>eos</strong></span> 
     </span>
    </p>
   </div>
   <div class='ocr_carea' id='block_1_23' title="bbox 188 1036 972 1072">
    <p class='ocr_par' dir='ltr' id='par_1_23' title="bbox 188 1036 972 1072">
     <span class='ocr_line' id='line_1_23' title="bbox 188 1036 972 1072; baseline 0.008 -10"><span class='ocrx_word' id='word_1_154' title='bbox 188 1036 235 1070; x_wconf 86' lang='lat' dir='ltr'><strong>qui</strong></span> <span class='ocrx_word' id='word_1_155' title='bbox 251 1036 414 1072; x_wconf 89' lang='lat' dir='ltr'><strong>dijudicant,</strong></span> <span class='ocrx_word' id='word_1_156' title='bbox 428 1036 518 1064; x_wconf 82' lang='lat' dir='ltr'><strong>facitis</strong></span> <span class='ocrx_word' id='word_1_157' title='bbox 532 1037 635 1065; x_wconf 85' lang='lat' dir='ltr'><strong>bonum</strong></span> <span class='ocrx_word' id='word_1_158' title='bbox 653 1043 774 1066; x_wconf 84' lang='lat' dir='ltr'><strong>vestrum</strong></span> <span class='ocrx_word' id='word_1_159' title='bbox 790 1038 859 1067; x_wconf 86' lang='lat' dir='ltr'><strong>allici</strong></span> <span class='ocrx_word' id='word_1_160' title='bbox 874 1040 972 1068; x_wconf 84' lang='lat' dir='ltr'><strong>convi-</strong></span> 
     </span>
    </p>
   </div>
   <div class='ocr_carea' id='block_1_24' title="bbox 186 1076 739 1110">
    <p class='ocr_par' dir='ltr' id='par_1_24' title="bbox 186 1076 739 1110">
     <span class='ocr_line' id='line_1_24' title="bbox 186 1076 739 1110; baseline 0.002 -1"><span class='ocrx_word' id='word_1_161' title='bbox 186 1082 248 1110; x_wconf 88' lang='lat' dir='ltr'><strong>clis.</strong></span> <span class='ocrx_word' id='word_1_162' title='bbox 737 1076 739 1078; x_wconf 78' lang='grc'><em>’</em></span> 
     </span>
    </p>
   </div>
   <div class='ocr_carea' id='block_1_25' title="bbox 220 1127 968 1165">
    <p class='ocr_par' dir='ltr' id='par_1_25' title="bbox 220 1127 968 1165">
     <span class='ocr_line' id='line_1_25' title="bbox 220 1127 968 1165; baseline 0.007 -11"><span class='ocrx_word' id='word_1_163' title='bbox 220 1127 262 1154; x_wconf 92' lang='lat' dir='ltr'><strong>llli</strong></span> <span class='ocrx_word' id='word_1_164' title='bbox 287 1136 405 1164; x_wconf 85' lang='lat' dir='ltr'><strong>namque</strong></span> <span class='ocrx_word' id='word_1_165' title='bbox 425 1129 563 1165; x_wconf 85' lang='lat' dir='ltr'><strong>redarguti</strong></span> <span class='ocrx_word' id='word_1_166' title='bbox 591 1131 794 1165; x_wconf 83' lang='lat' dir='ltr'><strong>compelluntur</strong></span> <span class='ocrx_word' id='word_1_167' title='bbox 823 1130 968 1159; x_wconf 81' lang='lat' dir='ltr'><strong>adversum</strong></span> 
     </span>
    </p>
   </div>
   <div class='ocr_carea' id='block_1_26' title="bbox 184 1173 970 1210">
    <p class='ocr_par' dir='ltr' id='par_1_26' title="bbox 184 1173 970 1210">
     <span class='ocr_line' id='line_1_26' title="bbox 184 1173 970 1210; baseline 0.006 -10"><span class='ocrx_word' id='word_1_168' title='bbox 184 1180 234 1201; x_wconf 88' lang='lat' dir='ltr'><strong>vos</strong></span> <span class='ocrx_word' id='word_1_169' title='bbox 246 1173 351 1207; x_wconf 85' lang='lat' dir='ltr'><strong>dicere,</strong></span> <span class='ocrx_word' id='word_1_170' title='bbox 363 1175 438 1210; x_wconf 90' lang='lat' dir='ltr'><strong>quod</strong></span> <span class='ocrx_word' id='word_1_171' title='bbox 451 1176 503 1203; x_wconf 91' lang='lat' dir='ltr'><strong>hoc</strong></span> <span class='ocrx_word' id='word_1_172' title='bbox 517 1184 572 1205; x_wconf 88' lang='lat' dir='ltr'><strong>non</strong></span> <span class='ocrx_word' id='word_1_173' title='bbox 587 1184 620 1204; x_wconf 85' lang='lat' dir='ltr'><strong>ex</strong></span> <span class='ocrx_word' id='word_1_174' title='bbox 637 1177 690 1204; x_wconf 78' lang='lat' dir='ltr'><strong>ﬁde</strong></span> <span class='ocrx_word' id='word_1_175' title='bbox 707 1177 825 1210; x_wconf 79' lang='lat' dir='ltr'><strong>faciatis,</strong></span> <span class='ocrx_word' id='word_1_176' title='bbox 842 1178 890 1205; x_wconf 87' lang='lat' dir='ltr'><strong>sed</strong></span> <span class='ocrx_word' id='word_1_177' title='bbox 902 1186 970 1205; x_wconf 80' lang='lat' dir='ltr'><strong>ven-</strong></span> 
     </span>
    </p>
   </div>
   <div class='ocr_carea' id='block_1_27' title="bbox 185 1219 969 1256">
    <p class='ocr_par' dir='ltr' id='par_1_27' title="bbox 185 1219 969 1256">
     <span class='ocr_line' id='line_1_27' title="bbox 185 1219 969 1256; baseline 0.006 -10"><span class='ocrx_word' id='word_1_178' title='bbox 185 1219 236 1247; x_wconf 85' lang='lat' dir='ltr'><strong>tris</strong></span> <span class='ocrx_word' id='word_1_179' title='bbox 246 1220 361 1248; x_wconf 88' lang='lat' dir='ltr'><strong>curandi</strong></span> <span class='ocrx_word' id='word_1_180' title='bbox 374 1221 472 1256; x_wconf 79' lang='lat' dir='ltr'><strong>gratia.</strong></span> <span class='ocrx_word' id='word_1_181' title='bbox 488 1221 584 1256; x_wconf 87' lang='lat' dir='ltr'><strong>Itaque</strong></span> <span class='ocrx_word' id='word_1_182' title='bbox 605 1223 689 1250; x_wconf 89' lang='lat' dir='ltr'><strong>etiam</strong></span> <span class='ocrx_word' id='word_1_183' title='bbox 705 1223 728 1250; x_wconf 91' lang='lat' dir='ltr'><strong>si</strong></span> <span class='ocrx_word' id='word_1_184' title='bbox 751 1223 825 1251; x_wconf 87' lang='lat' dir='ltr'><strong>aliud</strong></span> <span class='ocrx_word' id='word_1_185' title='bbox 850 1221 918 1250; x_wconf 84' lang='lat' dir='ltr'><strong>nihil</strong></span> <span class='ocrx_word' id='word_1_186' title='bbox 942 1224 969 1251; x_wconf 90' lang='lat' dir='ltr'><strong>in</strong></span> 
     </span>
    </p>
   </div>
   <div class='ocr_carea' id='block_1_28' title="bbox 185 1267 972 1303">
    <p class='ocr_par' dir='ltr' id='par_1_28' title="bbox 185 1267 972 1303">
     <span class='ocr_line' id='line_1_28' title="bbox 185 1267 972 1303; baseline 0.005 -11"><span class='ocrx_word' id='word_1_187' title='bbox 185 1272 269 1293; x_wconf 88' lang='lat' dir='ltr'><strong>causa</strong></span> <span class='ocrx_word' id='word_1_188' title='bbox 290 1270 376 1298; x_wconf 85' lang='lat' dir='ltr'><strong>esset,</strong></span> <span class='ocrx_word' id='word_1_189' title='bbox 407 1267 533 1302; x_wconf 89' lang='lat' dir='ltr'><strong>oportuit</strong></span> <span class='ocrx_word' id='word_1_190' title='bbox 557 1269 592 1295; x_wconf 91' lang='lat' dir='ltr'><strong>ab</strong></span> <span class='ocrx_word' id='word_1_191' title='bbox 611 1268 771 1303; x_wconf 83' lang='lat' dir='ltr'><strong>hujusmodi</strong></span> <span class='ocrx_word' id='word_1_192' title='bbox 795 1269 972 1297; x_wconf 88' lang='lat' dir='ltr'><strong>contentione</strong></span> 
     </span>
    </p>
   </div>
   <div class='ocr_carea' id='block_1_29' title="bbox 185 1313 970 1350">
    <p class='ocr_par' dir='ltr' id='par_1_29' title="bbox 185 1313 970 1350">
     <span class='ocr_line' id='line_1_29' title="bbox 185 1313 970 1350; baseline 0.005 -11"><span class='ocrx_word' id='word_1_193' title='bbox 185 1313 323 1341; x_wconf 87' lang='lat' dir='ltr'><strong>abstinere</strong></span> <span class='ocrx_word' id='word_1_194' title='bbox 336 1323 343 1340; x_wconf 94' lang='lat'>:</span> <span class='ocrx_word' id='word_1_195' title='bbox 361 1314 428 1349; x_wconf 86' lang='lat' dir='ltr'><strong>quin</strong></span> <span class='ocrx_word' id='word_1_196' title='bbox 439 1314 532 1349; x_wconf 88' lang='lat' dir='ltr'><strong>potius</strong></span> <span class='ocrx_word' id='word_1_197' title='bbox 543 1315 596 1342; x_wconf 89' lang='lat' dir='ltr'><strong>hoc</strong></span> <span class='ocrx_word' id='word_1_198' title='bbox 611 1315 702 1350; x_wconf 89' lang='lat' dir='ltr'><strong>ipsum</strong></span> <span class='ocrx_word' id='word_1_199' title='bbox 711 1323 746 1343; x_wconf 89' lang='lat' dir='ltr'><strong>ne</strong></span> <span class='ocrx_word' id='word_1_200' title='bbox 763 1316 895 1343; x_wconf 74' lang='lat' dir='ltr'><strong>conviciis</strong></span> <span class='ocrx_word' id='word_1_201' title='bbox 913 1315 970 1343; x_wconf 86' lang='lat' dir='ltr'><strong>alli-</strong></span> 
     </span>
    </p>
   </div>
   <div class='ocr_carea' id='block_1_30' title="bbox 186 1358 969 1396">
    <p class='ocr_par' dir='ltr' id='par_1_30' title="bbox 186 1358 969 1396">
     <span class='ocr_line' id='line_1_30' title="bbox 186 1358 969 1396; baseline 0.004 -11"><span class='ocrx_word' id='word_1_202' title='bbox 186 1358 276 1386; x_wconf 87' lang='lat' dir='ltr'><strong>ciatur</strong></span> <span class='ocrx_word' id='word_1_203' title='bbox 292 1359 396 1386; x_wconf 87' lang='lat' dir='ltr'><strong>bonum</strong></span> <span class='ocrx_word' id='word_1_204' title='bbox 419 1365 559 1392; x_wconf 90' lang='lat' dir='ltr'><strong>vestrum,</strong></span> <span class='ocrx_word' id='word_1_205' title='bbox 579 1360 645 1387; x_wconf 87' lang='lat' dir='ltr'><strong>satis</strong></span> <span class='ocrx_word' id='word_1_206' title='bbox 661 1368 722 1388; x_wconf 88' lang='lat' dir='ltr'><strong>esse</strong></span> <span class='ocrx_word' id='word_1_207' title='bbox 738 1360 833 1388; x_wconf 86' lang='lat' dir='ltr'><strong>debuit</strong></span> <span class='ocrx_word' id='word_1_208' title='bbox 856 1365 887 1388; x_wconf 88' lang='lat' dir='ltr'><strong>ut</strong></span> <span class='ocrx_word' id='word_1_209' title='bbox 906 1369 969 1396; x_wconf 87' lang='lat' dir='ltr'><strong>per-</strong></span> 
     </span>
    </p>
   </div>
   <div class='ocr_carea' id='block_1_31' title="bbox 185 1404 969 1434">
    <p class='ocr_par' dir='ltr' id='par_1_31' title="bbox 185 1404 969 1434">
     <span class='ocr_line' id='line_1_31' title="bbox 185 1404 969 1434; baseline 0.004 -4"><span class='ocrx_word' id='word_1_210' title='bbox 185 1404 315 1431; x_wconf 87' lang='lat' dir='ltr'><strong>suaderet</strong></span> <span class='ocrx_word' id='word_1_211' title='bbox 325 1404 405 1432; x_wconf 83' lang='lat' dir='ltr'><strong>vobis</strong></span> <span class='ocrx_word' id='word_1_212' title='bbox 414 1406 620 1433; x_wconf 85' lang='lat' dir='ltr'><strong>contentionem</strong></span> <span class='ocrx_word' id='word_1_213' title='bbox 635 1405 788 1433; x_wconf 85' lang='lat' dir='ltr'><strong>dissolvere</strong></span> <span class='ocrx_word' id='word_1_214' title='bbox 809 1407 837 1433; x_wconf 89' lang='lat' dir='ltr'><strong>in</strong></span> <span class='ocrx_word' id='word_1_215' title='bbox 853 1413 969 1434; x_wconf 80' lang='lat' dir='ltr'><strong>concor-</strong></span> 
     </span>
    </p>
   </div>
   <div class='ocr_carea' id='block_1_32' title="bbox 186 1449 970 1485">
    <p class='ocr_par' dir='ltr' id='par_1_32' title="bbox 186 1449 970 1485">
     <span class='ocr_line' id='line_1_32' title="bbox 186 1449 970 1485; baseline 0.003 -9"><span class='ocrx_word' id='word_1_216' title='bbox 186 1449 259 1476; x_wconf 90' lang='lat' dir='ltr'><strong>diam</strong></span> <span class='ocrx_word' id='word_1_217' title='bbox 275 1454 303 1477; x_wconf 92' lang='lat' dir='ltr'><strong>et</strong></span> <span class='ocrx_word' id='word_1_218' title='bbox 315 1457 447 1478; x_wconf 88' lang='lat' dir='ltr'><strong>amorem.</strong></span> <span class='ocrx_word' id='word_1_219' title='bbox 462 1451 557 1485; x_wconf 82' lang='lat' dir='ltr'><strong>Neque</strong></span> <span class='ocrx_word' id='word_1_220' title='bbox 578 1451 652 1478; x_wconf 81' lang='lat' dir='ltr'><strong>enim</strong></span> <span class='ocrx_word' id='word_1_221' title='bbox 671 1451 723 1478; x_wconf 91' lang='lat' dir='ltr'><strong>hoc</strong></span> <span class='ocrx_word' id='word_1_222' title='bbox 736 1455 777 1478; x_wconf 91' lang='lat' dir='ltr'><strong>est</strong></span> <span class='ocrx_word' id='word_1_223' title='bbox 792 1455 970 1478; x_wconf 81' lang='lat' dir='ltr'><strong>contemnere</strong></span> 
     </span>
    </p>
   </div>
   <div class='ocr_carea' id='block_1_33' title="bbox 186 1494 971 1535">
    <p class='ocr_par' dir='ltr' id='par_1_33' title="bbox 186 1494 971 1535">
     <span class='ocr_line' id='line_1_33' title="bbox 186 1494 971 1535; baseline 0.004 -14"><span class='ocrx_word' id='word_1_224' title='bbox 186 1503 247 1530; x_wconf 64' lang='lat' dir='ltr'><strong>quae</strong></span> <span class='ocrx_word' id='word_1_225' title='bbox 259 1494 322 1523; x_wconf 83' lang='lat' dir='ltr'><strong>ﬁdei</strong></span> <span class='ocrx_word' id='word_1_226' title='bbox 339 1501 414 1528; x_wconf 88' lang='lat' dir='ltr'><strong>sunt,</strong></span> <span class='ocrx_word' id='word_1_227' title='bbox 427 1496 474 1524; x_wconf 89' lang='lat' dir='ltr'><strong>sed</strong></span> <span class='ocrx_word' id='word_1_228' title='bbox 493 1497 640 1528; x_wconf 88' lang='lat' dir='ltr'><strong>honorare,</strong></span> <span class='ocrx_word' id='word_1_229' title='bbox 653 1496 827 1531; x_wconf 79' lang='lat' dir='ltr'><strong>prohibendo</strong></span> <span class='ocrx_word' id='word_1_230' title='bbox 846 1497 971 1535; x_wconf 87' lang='lat' dir='ltr'><strong>convicia</strong></span> 
     </span>
    </p>
   </div>
   <div class='ocr_carea' id='block_1_34' title="bbox 185 1540 1002 1588">
    <p class='ocr_par' dir='ltr' id='par_1_34' title="bbox 185 1540 1002 1588">
     <span class='ocr_line' id='line_1_34' title="bbox 185 1540 1002 1588; baseline 0 -19"><span class='ocrx_word' id='word_1_231' title='bbox 185 1540 286 1588; x_wconf 76' lang='lat' dir='ltr'><strong>coibus</strong></span> <span class='ocrx_word' id='word_1_232' title='bbox 305 1541 475 1588; x_wconf 74' lang='lat' dir='ltr'><strong>adiceretur.</strong></span> <span class='ocrx_word' id='word_1_233' title='bbox 502 1542 660 1588; x_wconf 79' lang='lat' dir='ltr'><strong>Verisimile</strong></span> <span class='ocrx_word' id='word_1_234' title='bbox 683 1550 793 1577; x_wconf 88' lang='lat' dir='ltr'><strong>quoque</strong></span> <span class='ocrx_word' id='word_1_235' title='bbox 818 1547 860 1570; x_wconf 87' lang='lat' dir='ltr'><strong>est</strong></span> <span class='ocrx_word' id='word_1_236' title='bbox 893 1542 966 1588; x_wconf 83' lang='lat' dir='ltr'><strong>quod</strong></span> <span class='ocrx_word' id='word_1_237' title='bbox 983 1561 1002 1588; x_wconf 65' lang='grc' dir='ltr'>ο</span> 
     </span>
    </p>
   </div>
   <div class='ocr_carea' id='block_1_35' title="bbox 184 1587 966 1620">
    <p class='ocr_par' dir='ltr' id='par_1_35' title="bbox 184 1587 966 1620">
     <span class='ocr_line' id='line_1_35' title="bbox 184 1587 966 1620; baseline 0 -6"><span class='ocrx_word' id='word_1_238' title='bbox 184 1587 310 1615; x_wconf 88' lang='lat' dir='ltr'><strong>nonnulli</strong></span> <span class='ocrx_word' id='word_1_239' title='bbox 319 1587 394 1615; x_wconf 84' lang='lat' dir='ltr'><strong>aﬁde</strong></span> <span class='ocrx_word' id='word_1_240' title='bbox 408 1588 492 1616; x_wconf 88' lang='lat' dir='ltr'><strong>alieni</strong></span> <span class='ocrx_word' id='word_1_241' title='bbox 504 1587 648 1615; x_wconf 88' lang='lat' dir='ltr'><strong>audientes</strong></span> <span class='ocrx_word' id='word_1_242' title='bbox 658 1589 860 1620; x_wconf 86' lang='lat' dir='ltr'><strong>contentiones,</strong></span> <span class='ocrx_word' id='word_1_243' title='bbox 884 1587 966 1616; x_wconf 86' lang='lat' dir='ltr'><strong>Chri-</strong></span> 
     </span>
    </p>
   </div>
   <div class='ocr_carea' id='block_1_36' title="bbox 184 1633 969 1669">
    <p class='ocr_par' dir='ltr' id='par_1_36' title="bbox 184 1633 969 1669">
     <span class='ocr_line' id='line_1_36' title="bbox 184 1633 969 1669; baseline -0.001 -8"><span class='ocrx_word' id='word_1_244' title='bbox 184 1633 337 1662; x_wconf 62' lang='lat' dir='ltr'><strong>stianorum</strong></span> <span class='ocrx_word' id='word_1_245' title='bbox 347 1634 474 1669; x_wconf 82' lang='lat' dir='ltr'><strong>dogmata</strong></span> <span class='ocrx_word' id='word_1_246' title='bbox 491 1634 609 1662; x_wconf 86' lang='lat' dir='ltr'><strong>irrident</strong></span> <span class='ocrx_word' id='word_1_247' title='bbox 629 1643 661 1662; x_wconf 90' lang='lat' dir='ltr'><strong>ac</strong></span> <span class='ocrx_word' id='word_1_248' title='bbox 675 1635 854 1667; x_wconf 84' lang='lat' dir='ltr'><strong>subsannant,</strong></span> <span class='ocrx_word' id='word_1_249' title='bbox 873 1634 969 1662; x_wconf 81' lang='lat' dir='ltr'><strong>convi-</strong></span> 
     </span>
    </p>
   </div>
   <div class='ocr_carea' id='block_1_37' title="bbox 184 1679 969 1715">
    <p class='ocr_par' dir='ltr' id='par_1_37' title="bbox 184 1679 969 1715">
     <span class='ocr_line' id='line_1_37' title="bbox 184 1679 969 1715; baseline 0 -9"><span class='ocrx_word' id='word_1_250' title='bbox 184 1680 289 1715; x_wconf 84' lang='lat' dir='ltr'><strong>ciisque</strong></span> <span class='ocrx_word' id='word_1_251' title='bbox 301 1679 433 1707; x_wconf 78' lang='lat' dir='ltr'><strong>alliciunt.</strong></span> <span class='ocrx_word' id='word_1_252' title='bbox 453 1680 495 1707; x_wconf 90' lang='lat' dir='ltr'><strong>Ob</strong></span> <span class='ocrx_word' id='word_1_253' title='bbox 514 1688 576 1714; x_wconf 77' lang='lat' dir='ltr'><strong>qua:</strong></span> <span class='ocrx_word' id='word_1_254' title='bbox 593 1681 685 1707; x_wconf 84' lang='lat' dir='ltr'><strong>omnia</strong></span> <span class='ocrx_word' id='word_1_255' title='bbox 700 1680 800 1707; x_wconf 90' lang='lat' dir='ltr'><strong>melius</strong></span> <span class='ocrx_word' id='word_1_256' title='bbox 813 1684 886 1707; x_wconf 86' lang='lat' dir='ltr'><strong>esset</strong></span> <span class='ocrx_word' id='word_1_257' title='bbox 908 1680 969 1706; x_wconf 92' lang='lat' dir='ltr'><strong>loco</strong></span> 
     </span>
    </p>
   </div>
   <div class='ocr_carea' id='block_1_38' title="bbox 183 1725 969 1760">
    <p class='ocr_par' dir='ltr' id='par_1_38' title="bbox 183 1725 969 1760">
     <span class='ocr_line' id='line_1_38' title="bbox 183 1725 969 1760; baseline -0.001 -8"><span class='ocrx_word' id='word_1_258' title='bbox 183 1725 384 1760; x_wconf 65' lang='lat' dir='ltr'><strong>intempestivae</strong></span> <span class='ocrx_word' id='word_1_259' title='bbox 399 1725 585 1752; x_wconf 89' lang='lat' dir='ltr'><strong>contentionis</strong></span> <span class='ocrx_word' id='word_1_260' title='bbox 603 1725 754 1752; x_wconf 88' lang='lat' dir='ltr'><strong>concordes</strong></span> <span class='ocrx_word' id='word_1_261' title='bbox 780 1725 851 1752; x_wconf 89' lang='lat' dir='ltr'><strong>circa</strong></span> <span class='ocrx_word' id='word_1_262' title='bbox 868 1732 969 1759; x_wconf 93' lang='lat' dir='ltr'><strong>oppor-</strong></span> 
     </span>
    </p>
   </div>
   <div class='ocr_carea' id='block_1_39' title="bbox 183 1770 969 1802">
    <p class='ocr_par' dir='ltr' id='par_1_39' title="bbox 183 1770 969 1802">
     <span class='ocr_line' id='line_1_39' title="bbox 183 1770 969 1802; baseline 0 -4"><span class='ocrx_word' id='word_1_263' title='bbox 183 1775 251 1799; x_wconf 85' lang='lat' dir='ltr'><strong>tuna</strong></span> <span class='ocrx_word' id='word_1_264' title='bbox 265 1777 294 1799; x_wconf 91' lang='lat' dir='ltr'><strong>et</strong></span> <span class='ocrx_word' id='word_1_265' title='bbox 307 1770 459 1800; x_wconf 83' lang='lat' dir='ltr'><strong>conformia</strong></span> <span class='ocrx_word' id='word_1_266' title='bbox 482 1770 622 1802; x_wconf 79' lang='lat' dir='ltr'><strong>charitati,</strong></span> <span class='ocrx_word' id='word_1_267' title='bbox 638 1778 748 1798; x_wconf 89' lang='lat' dir='ltr'><strong>omnem</strong></span> <span class='ocrx_word' id='word_1_268' title='bbox 772 1771 916 1798; x_wconf 67' lang='lat' dir='ltr'><strong>calumnia:</strong></span> <span class='ocrx_word' id='word_1_269' title='bbox 937 1778 969 1798; x_wconf 83' lang='lat' dir='ltr'><strong>ac</strong></span> 
     </span>
    </p>
   </div>
   <div class='ocr_carea' id='block_1_40' title="bbox 183 1816 970 1853">
    <p class='ocr_par' dir='ltr' id='par_1_40' title="bbox 183 1816 970 1853">
     <span class='ocr_line' id='line_1_40' title="bbox 183 1816 970 1853; baseline -0.003 -8"><span class='ocrx_word' id='word_1_270' title='bbox 183 1818 361 1853; x_wconf 78' lang='lat' dir='ltr'><strong>blasphemiae</strong></span> <span class='ocrx_word' id='word_1_271' title='bbox 389 1820 550 1852; x_wconf 73' lang='lat' dir='ltr'><strong>prattextum</strong></span> <span class='ocrx_word' id='word_1_272' title='bbox 572 1821 725 1851; x_wconf 87' lang='lat' dir='ltr'><strong>amputare.</strong></span> <span class='ocrx_word' id='word_1_273' title='bbox 737 1816 801 1844; x_wconf 61' lang='lat' dir='ltr'><strong>Haec</strong></span> <span class='ocrx_word' id='word_1_274' title='bbox 813 1817 887 1844; x_wconf 89' lang='lat' dir='ltr'><strong>enim</strong></span> <span class='ocrx_word' id='word_1_275' title='bbox 905 1821 970 1844; x_wconf 88' lang='lat' dir='ltr'><strong>sunt</strong></span> 
     </span>
    </p>
   </div>
   <div class='ocr_carea' id='block_1_41' title="bbox 183 1862 968 1898">
    <p class='ocr_par' dir='ltr' id='par_1_41' title="bbox 183 1862 968 1898">
     <span class='ocr_line' id='line_1_41' title="bbox 183 1862 968 1898; baseline 0 -8"><span class='ocrx_word' id='word_1_276' title='bbox 183 1871 243 1898; x_wconf 69' lang='lat' dir='ltr'><strong>quae</strong></span> <span class='ocrx_word' id='word_1_277' title='bbox 251 1863 285 1890; x_wconf 90' lang='lat' dir='ltr'><strong>ad</strong></span> <span class='ocrx_word' id='word_1_278' title='bbox 296 1870 409 1898; x_wconf 86' lang='lat' dir='ltr'><strong>regnum</strong></span> <span class='ocrx_word' id='word_1_279' title='bbox 421 1863 554 1890; x_wconf 57' lang='lat' dir='ltr'><strong>caelorum</strong></span> <span class='ocrx_word' id='word_1_280' title='bbox 564 1862 754 1895; x_wconf 83' lang='lat' dir='ltr'><strong>introducunt,</strong></span> <span class='ocrx_word' id='word_1_281' title='bbox 765 1870 863 1897; x_wconf 89' lang='lat' dir='ltr'><strong>nempe</strong></span> <span class='ocrx_word' id='word_1_282' title='bbox 875 1870 927 1898; x_wconf 88' lang='lat' dir='ltr'><strong>pax</strong></span> <span class='ocrx_word' id='word_1_283' title='bbox 940 1862 968 1890; x_wconf 94' lang='lat' dir='ltr'><strong>in</strong></span> 
     </span>
    </p>
   </div>
   <div class='ocr_carea' id='block_1_42' title="bbox 183 1908 968 1944">
    <p class='ocr_par' dir='ltr' id='par_1_42' title="bbox 183 1908 968 1944">
     <span class='ocr_line' id='line_1_42' title="bbox 183 1908 968 1944; baseline -0.003 -7"><span class='ocrx_word' id='word_1_284' title='bbox 183 1910 248 1942; x_wconf 83' lang='lat' dir='ltr'><strong>tide,</strong></span> <span class='ocrx_word' id='word_1_285' title='bbox 263 1909 394 1944; x_wconf 75' lang='lat' dir='ltr'><strong>gaudium</strong></span> <span class='ocrx_word' id='word_1_286' title='bbox 418 1908 445 1936; x_wconf 93' lang='lat' dir='ltr'><strong>in</strong></span> <span class='ocrx_word' id='word_1_287' title='bbox 461 1908 566 1944; x_wconf 83' lang='lat' dir='ltr'><strong>Spiritu</strong></span> <span class='ocrx_word' id='word_1_288' title='bbox 581 1914 688 1942; x_wconf 84' lang='lat' dir='ltr'><strong>sancto,</strong></span> <span class='ocrx_word' id='word_1_289' title='bbox 704 1913 733 1937; x_wconf 81' lang='lat' dir='ltr'><strong>et</strong></span> <span class='ocrx_word' id='word_1_290' title='bbox 745 1909 862 1944; x_wconf 84' lang='lat' dir='ltr'><strong>justitia.</strong></span> <span class='ocrx_word' id='word_1_291' title='bbox 885 1918 893 1934; x_wconf 81' lang='grc' dir='ltr'><strong>ι</strong></span> <span class='ocrx_word' id='word_1_292' title='bbox 908 1909 968 1936; x_wconf 87' lang='lat' dir='ltr'><strong>Non</strong></span> 
     </span>
    </p>
   </div>
   <div class='ocr_carea' id='block_1_43' title="bbox 182 1955 968 1995">
    <p class='ocr_par' dir='ltr' id='par_1_43' title="bbox 182 1955 968 1995">
     <span class='ocr_line' id='line_1_43' title="bbox 182 1955 968 1995; baseline -0.003 -11"><span class='ocrx_word' id='word_1_293' title='bbox 182 1961 227 1984; x_wconf 83' lang='lat' dir='ltr'><strong>est</strong></span> <span class='ocrx_word' id='word_1_294' title='bbox 247 1956 322 1984; x_wconf 89' lang='lat' dir='ltr'><strong>enim</strong></span> <span class='ocrx_word' id='word_1_295' title='bbox 349 1963 464 1991; x_wconf 88' lang='lat' dir='ltr'><strong>regnum</strong></span> <span class='ocrx_word' id='word_1_296' title='bbox 477 1955 525 1983; x_wconf 90' lang='lat' dir='ltr'><strong>Dei</strong></span> <span class='ocrx_word' id='word_1_297' title='bbox 541 1955 621 1995; x_wconf 83' lang='lat' dir='ltr'><strong>cibus</strong></span> <span class='ocrx_word' id='word_1_298' title='bbox 643 1959 671 1984; x_wconf 90' lang='lat' dir='ltr'><strong>et</strong></span> <span class='ocrx_word' id='word_1_299' title='bbox 684 1960 776 1990; x_wconf 85' lang='lat' dir='ltr'><strong>potus.</strong></span> <span class='ocrx_word' id='word_1_300' title='bbox 794 1965 801 1981; x_wconf 81' lang='grc' dir='ltr'><strong>ι</strong></span> <span class='ocrx_word' id='word_1_301' title='bbox 832 1955 968 1983; x_wconf 86' lang='lat' dir='ltr'><strong>Cohibere</strong></span> 
     </span>
    </p>
   </div>
   <div class='ocr_carea' id='block_1_44' title="bbox 182 2000 967 2036">
    <p class='ocr_par' dir='ltr' id='par_1_44' title="bbox 182 2000 967 2036">
     <span class='ocr_line' id='line_1_44' title="bbox 182 2000 967 2036; baseline -0.004 -6"><span class='ocrx_word' id='word_1_302' title='bbox 182 2003 244 2030; x_wconf 76' lang='lat' dir='ltr'><strong>vult</strong></span> <span class='ocrx_word' id='word_1_303' title='bbox 263 2002 327 2030; x_wconf 89' lang='lat' dir='ltr'><strong>illos</strong></span> <span class='ocrx_word' id='word_1_304' title='bbox 350 2002 384 2029; x_wconf 89' lang='lat' dir='ltr'><strong>ab</strong></span> <span class='ocrx_word' id='word_1_305' title='bbox 402 2001 638 2029; x_wconf 89' lang='lat' dir='ltr'><strong>accusationibus.</strong></span> <span class='ocrx_word' id='word_1_306' title='bbox 657 2001 799 2036; x_wconf 87' lang='lat' dir='ltr'><strong>Siquidem</strong></span> <span class='ocrx_word' id='word_1_307' title='bbox 813 2008 861 2035; x_wconf 90' lang='lat' dir='ltr'><strong>per</strong></span> <span class='ocrx_word' id='word_1_308' title='bbox 875 2000 967 2027; x_wconf 87' lang='lat' dir='ltr'><strong>cibum</strong></span> 
     </span>
    </p>
   </div>
   <div class='ocr_carea' id='block_1_45' title="bbox 183 2047 969 2084">
    <p class='ocr_par' dir='ltr' id='par_1_45' title="bbox 183 2047 969 2084">
     <span class='ocr_line' id='line_1_45' title="bbox 183 2047 969 2084; baseline -0.005 -8"><span class='ocrx_word' id='word_1_309' title='bbox 183 2053 212 2076; x_wconf 87' lang='lat' dir='ltr'><strong>et</strong></span> <span class='ocrx_word' id='word_1_310' title='bbox 239 2052 346 2083; x_wconf 87' lang='lat' dir='ltr'><strong>potum,</strong></span> <span class='ocrx_word' id='word_1_311' title='bbox 376 2048 475 2084; x_wconf 87' lang='lat' dir='ltr'><strong>inquit,</strong></span> <span class='ocrx_word' id='word_1_312' title='bbox 496 2055 609 2083; x_wconf 84' lang='lat' dir='ltr'><strong>regnum</strong></span> <span class='ocrx_word' id='word_1_313' title='bbox 631 2048 679 2075; x_wconf 91' lang='lat' dir='ltr'><strong>Dei</strong></span> <span class='ocrx_word' id='word_1_314' title='bbox 694 2056 749 2074; x_wconf 90' lang='lat' dir='ltr'><strong>non</strong></span> <span class='ocrx_word' id='word_1_315' title='bbox 767 2055 913 2082; x_wconf 81' lang='lat' dir='ltr'><strong>possumus</strong></span> <span class='ocrx_word' id='word_1_316' title='bbox 928 2047 969 2073; x_wconf 92' lang='lat' dir='ltr'><strong>in-</strong></span> 
     </span>
    </p>
   </div>
   <div class='ocr_carea' id='block_1_46' title="bbox 183 2091 969 2129">
    <p class='ocr_par' dir='ltr' id='par_1_46' title="bbox 183 2091 969 2129">
     <span class='ocr_line' id='line_1_46' title="bbox 183 2091 969 2129; baseline -0.004 -8"><span class='ocrx_word' id='word_1_317' title='bbox 183 2093 272 2129; x_wconf 80' lang='lat' dir='ltr'><strong>gredi.</strong></span> <span class='ocrx_word' id='word_1_318' title='bbox 298 2108 333 2113; x_wconf 92' lang='lat'><strong><em>—</em></strong></span> <span class='ocrx_word' id='word_1_319' title='bbox 348 2093 407 2121; x_wconf 83' lang='lat' dir='ltr'><strong>Alio</strong></span> <span class='ocrx_word' id='word_1_320' title='bbox 426 2093 513 2120; x_wconf 73' lang='lat' dir='ltr'><strong>modo.</strong></span> <span class='ocrx_word' id='word_1_321' title='bbox 538 2093 651 2120; x_wconf 87' lang='lat' dir='ltr'><strong>Dicens:</strong></span> <span class='ocrx_word' id='word_1_322' title='bbox 672 2103 681 2118; x_wconf 82' lang='grc' dir='ltr'><strong>ι</strong></span> <span class='ocrx_word' id='word_1_323' title='bbox 696 2093 757 2120; x_wconf 86' lang='lat' dir='ltr'><strong>Non</strong></span> <span class='ocrx_word' id='word_1_324' title='bbox 771 2096 813 2119; x_wconf 88' lang='lat' dir='ltr'><strong>est</strong></span> <span class='ocrx_word' id='word_1_325' title='bbox 835 2091 907 2119; x_wconf 91' lang='lat' dir='ltr'><strong>enim</strong></span> <span class='ocrx_word' id='word_1_326' title='bbox 924 2099 969 2118; x_wconf 84' lang='lat' dir='ltr'><strong>re-</strong></span> 
     </span>
    </p>
   </div>
   <div class='ocr_carea' id='block_1_47' title="bbox 182 2137 967 2175">
    <p class='ocr_par' dir='ltr' id='par_1_47' title="bbox 182 2137 967 2175">
     <span class='ocr_line' id='line_1_47' title="bbox 182 2137 967 2175; baseline -0.005 -8"><span class='ocrx_word' id='word_1_327' title='bbox 182 2147 266 2175; x_wconf 81' lang='lat' dir='ltr'><strong>gnum</strong></span> <span class='ocrx_word' id='word_1_328' title='bbox 281 2139 328 2167; x_wconf 91' lang='lat' dir='ltr'><strong>Dei</strong></span> <span class='ocrx_word' id='word_1_329' title='bbox 345 2139 424 2167; x_wconf 87' lang='lat' dir='ltr'><strong>cibus</strong></span> <span class='ocrx_word' id='word_1_330' title='bbox 445 2143 473 2166; x_wconf 92' lang='lat' dir='ltr'><strong>et</strong></span> <span class='ocrx_word' id='word_1_331' title='bbox 487 2142 577 2174; x_wconf 91' lang='lat' dir='ltr'><strong>potus,</strong></span> <span class='ocrx_word' id='word_1_332' title='bbox 598 2148 607 2164; x_wconf 74' lang='grc'><strong>»</strong></span> <span class='ocrx_word' id='word_1_333' title='bbox 624 2138 747 2166; x_wconf 90' lang='lat' dir='ltr'><strong>ostendit</strong></span> <span class='ocrx_word' id='word_1_334' title='bbox 760 2137 967 2164; x_wconf 86' lang='lat' dir='ltr'><strong>contentionem</strong></span> 
     </span>
    </p>
   </div>
   <div class='ocr_carea' id='block_1_48' title="bbox 182 2183 968 2214">
    <p class='ocr_par' dir='ltr' id='par_1_48' title="bbox 182 2183 968 2214">
     <span class='ocr_line' id='line_1_48' title="bbox 182 2183 968 2214; baseline -0.006 0"><span class='ocrx_word' id='word_1_335' title='bbox 182 2187 294 2214; x_wconf 90' lang='lat' dir='ltr'><strong>illorum</strong></span> <span class='ocrx_word' id='word_1_336' title='bbox 308 2187 380 2214; x_wconf 86' lang='lat' dir='ltr'><strong>circa</strong></span> <span class='ocrx_word' id='word_1_337' title='bbox 393 2185 471 2214; x_wconf 85' lang='lat' dir='ltr'><strong>cibos</strong></span> <span class='ocrx_word' id='word_1_338' title='bbox 485 2185 755 2213; x_wconf 84' lang='lat' dir='ltr'><strong>vehementissimam</strong></span> <span class='ocrx_word' id='word_1_339' title='bbox 777 2191 837 2211; x_wconf 90' lang='lat' dir='ltr'><strong>esse</strong></span> <span class='ocrx_word' id='word_1_340' title='bbox 852 2191 884 2210; x_wconf 87' lang='lat' dir='ltr'><strong>ac</strong></span> <span class='ocrx_word' id='word_1_341' title='bbox 899 2183 968 2210; x_wconf 89' lang='lat' dir='ltr'><strong>ultra</strong></span> 
     </span>
    </p>
   </div>
   <div class='ocr_carea' id='block_1_49' title="bbox 181 2229 1004 2274">
    <p class='ocr_par' dir='ltr' id='par_1_49' title="bbox 181 2229 1004 2274">
     <span class='ocr_line' id='line_1_49' title="bbox 181 2229 1004 2274; baseline -0.005 -14"><span class='ocrx_word' id='word_1_342' title='bbox 181 2232 295 2265; x_wconf 83' lang='lat' dir='ltr'><strong>limites,</strong></span> <span class='ocrx_word' id='word_1_343' title='bbox 308 2237 337 2260; x_wconf 93' lang='lat' dir='ltr'><strong>et</strong></span> <span class='ocrx_word' id='word_1_344' title='bbox 347 2232 400 2260; x_wconf 92' lang='lat' dir='ltr'><strong>tale</strong></span> <span class='ocrx_word' id='word_1_345' title='bbox 423 2232 565 2267; x_wconf 85' lang='lat' dir='ltr'><strong>quippiam</strong></span> <span class='ocrx_word' id='word_1_346' title='bbox 581 2231 719 2274; x_wconf 67' lang='lat' dir='ltr'><strong>insinuat:</strong></span> <span class='ocrx_word' id='word_1_347' title='bbox 743 2230 771 2258; x_wconf 92' lang='lat' dir='ltr'><strong>Si</strong></span> <span class='ocrx_word' id='word_1_348' title='bbox 789 2237 901 2264; x_wconf 74' lang='lat' dir='ltr'><strong>regnum</strong></span> <span class='ocrx_word' id='word_1_349' title='bbox 917 2229 965 2257; x_wconf 90' lang='lat' dir='ltr'><strong>Dei</strong></span> <span class='ocrx_word' id='word_1_350' title='bbox 982 2246 1004 2273; x_wconf 72' lang='grc' dir='ltr'>υ</span> 
     </span>
    </p>
   </div>
   <div class='ocr_carea' id='block_1_50' title="bbox 183 2276 965 2313">
    <p class='ocr_par' dir='ltr' id='par_1_50' title="bbox 183 2276 965 2313">
     <span class='ocr_line' id='line_1_50' title="bbox 183 2276 965 2313; baseline -0.006 -6"><span class='ocrx_word' id='word_1_351' title='bbox 183 2279 265 2307; x_wconf 87' lang='lat' dir='ltr'><strong>cibus</strong></span> <span class='ocrx_word' id='word_1_352' title='bbox 280 2286 313 2306; x_wconf 89' lang='lat' dir='ltr'><strong>ac</strong></span> <span class='ocrx_word' id='word_1_353' title='bbox 333 2283 416 2313; x_wconf 86' lang='lat' dir='ltr'><strong>potus</strong></span> <span class='ocrx_word' id='word_1_354' title='bbox 431 2282 516 2310; x_wconf 85' lang='lat' dir='ltr'><strong>esset,</strong></span> <span class='ocrx_word' id='word_1_355' title='bbox 540 2285 595 2304; x_wconf 92' lang='lat' dir='ltr'><strong>non</strong></span> <span class='ocrx_word' id='word_1_356' title='bbox 621 2276 801 2304; x_wconf 86' lang='lat' dir='ltr'><strong>decertaretis</strong></span> <span class='ocrx_word' id='word_1_357' title='bbox 816 2276 965 2303; x_wconf 86' lang='lat' dir='ltr'><strong>vehemen-</strong></span> 
     </span>
    </p>
   </div>
   <div class='ocr_carea' id='block_1_51' title="bbox 183 2321 968 2356">
    <p class='ocr_par' dir='ltr' id='par_1_51' title="bbox 183 2321 968 2356">
     <span class='ocr_line' id='line_1_51' title="bbox 183 2321 968 2356; baseline -0.006 -4"><span class='ocrx_word' id='word_1_358' title='bbox 183 2325 249 2352; x_wconf 89' lang='lat' dir='ltr'><strong>tius.</strong></span> <span class='ocrx_word' id='word_1_359' title='bbox 266 2324 353 2351; x_wconf 91' lang='lat' dir='ltr'><strong>Simul</strong></span> <span class='ocrx_word' id='word_1_360' title='bbox 367 2324 450 2351; x_wconf 88' lang='lat' dir='ltr'><strong>etiam</strong></span> <span class='ocrx_word' id='word_1_361' title='bbox 467 2321 650 2350; x_wconf 87' lang='lat' dir='ltr'><strong>adhortando.</strong></span> <span class='ocrx_word' id='word_1_362' title='bbox 667 2321 694 2349; x_wconf 88' lang='lat' dir='ltr'><strong>Si</strong></span> <span class='ocrx_word' id='word_1_363' title='bbox 717 2329 767 2356; x_wconf 89' lang='lat' dir='ltr'><strong>pro</strong></span> <span class='ocrx_word' id='word_1_364' title='bbox 781 2321 825 2348; x_wconf 87' lang='lat' dir='ltr'><strong>his</strong></span> <span class='ocrx_word' id='word_1_365' title='bbox 843 2321 880 2348; x_wconf 88' lang='lat' dir='ltr'><strong>ita</strong></span> <span class='ocrx_word' id='word_1_366' title='bbox 901 2329 968 2349; x_wconf 90' lang='lat' dir='ltr'><strong>con-</strong></span> 
     </span>
    </p>
   </div>
   <div class='ocr_carea' id='block_1_52' title="bbox 183 2367 969 2404">
    <p class='ocr_par' dir='ltr' id='par_1_52' title="bbox 183 2367 969 2404">
     <span class='ocr_line' id='line_1_52' title="bbox 183 2367 969 2404; baseline -0.004 -6"><span class='ocrx_word' id='word_1_367' title='bbox 183 2370 309 2402; x_wconf 88' lang='lat' dir='ltr'><strong>tenditis,</strong></span> <span class='ocrx_word' id='word_1_368' title='bbox 327 2369 394 2404; x_wconf 90' lang='lat' dir='ltr'><strong>quid</strong></span> <span class='ocrx_word' id='word_1_369' title='bbox 409 2369 500 2396; x_wconf 80' lang='lat' dir='ltr'><strong>facere</strong></span> <span class='ocrx_word' id='word_1_370' title='bbox 516 2371 626 2403; x_wconf 88' lang='lat' dir='ltr'><strong>oportet</strong></span> <span class='ocrx_word' id='word_1_371' title='bbox 639 2375 690 2402; x_wconf 88' lang='lat' dir='ltr'><strong>pro</strong></span> <span class='ocrx_word' id='word_1_372' title='bbox 698 2367 805 2403; x_wconf 84' lang='lat' dir='ltr'><strong>justitia</strong></span> <span class='ocrx_word' id='word_1_373' title='bbox 819 2372 847 2395; x_wconf 89' lang='lat' dir='ltr'><strong>et</strong></span> <span class='ocrx_word' id='word_1_374' title='bbox 859 2375 926 2402; x_wconf 87' lang='lat' dir='ltr'><strong>pace</strong></span> <span class='ocrx_word' id='word_1_375' title='bbox 940 2372 969 2395; x_wconf 89' lang='lat' dir='ltr'><strong>et</strong></span> 
     </span>
    </p>
   </div>
   <div class='ocr_carea' id='block_1_53' title="bbox 182 2414 970 2451">
    <p class='ocr_par' dir='ltr' id='par_1_53' title="bbox 182 2414 970 2451">
     <span class='ocr_line' id='line_1_53' title="bbox 182 2414 970 2451; baseline -0.003 -8"><span class='ocrx_word' id='word_1_376' title='bbox 182 2415 283 2451; x_wconf 82' lang='lat' dir='ltr'><strong>gaudio</strong></span> <span class='ocrx_word' id='word_1_377' title='bbox 296 2415 324 2443; x_wconf 90' lang='lat' dir='ltr'><strong>in</strong></span> <span class='ocrx_word' id='word_1_378' title='bbox 335 2415 438 2450; x_wconf 86' lang='lat' dir='ltr'><strong>Spiritu</strong></span> <span class='ocrx_word' id='word_1_379' title='bbox 452 2415 568 2442; x_wconf 84' lang='lat' dir='ltr'><strong>sancto?</strong></span> <span class='ocrx_word' id='word_1_380' title='bbox 581 2423 590 2440; x_wconf 76' lang='grc' dir='ltr'><strong>ι</strong></span> <span class='ocrx_word' id='word_1_381' title='bbox 606 2414 658 2442; x_wconf 87' lang='lat' dir='ltr'><strong>Sed</strong></span> <span class='ocrx_word' id='word_1_382' title='bbox 669 2415 785 2450; x_wconf 85' lang='lat' dir='ltr'><strong>justitia.</strong></span> <span class='ocrx_word' id='word_1_383' title='bbox 803 2425 812 2440; x_wconf 85' lang='grc'><strong>›</strong></span> <span class='ocrx_word' id='word_1_384' title='bbox 828 2414 893 2447; x_wconf 67' lang='lat' dir='ltr'><strong>Quae</strong></span> <span class='ocrx_word' id='word_1_385' title='bbox 905 2417 970 2441; x_wconf 85' lang='lat' dir='ltr'><strong>sunt</strong></span> 
     </span>
    </p>
   </div>
   <div class='ocr_carea' id='block_1_54' title="bbox 182 2459 969 2497">
    <p class='ocr_par' dir='ltr' id='par_1_54' title="bbox 182 2459 969 2497">
     <span class='ocr_line' id='line_1_54' title="bbox 182 2459 969 2497; baseline -0.003 -8"><span class='ocrx_word' id='word_1_386' title='bbox 182 2469 249 2497; x_wconf 84' lang='lat' dir='ltr'><strong>ergo</strong></span> <span class='ocrx_word' id='word_1_387' title='bbox 263 2469 325 2496; x_wconf 77' lang='lat' dir='ltr'><strong>qth</strong></span> <span class='ocrx_word' id='word_1_388' title='bbox 340 2461 367 2488; x_wconf 90' lang='lat' dir='ltr'><strong>in</strong></span> <span class='ocrx_word' id='word_1_389' title='bbox 383 2469 497 2496; x_wconf 82' lang='lat' dir='ltr'><strong>regnum</strong></span> <span class='ocrx_word' id='word_1_390' title='bbox 510 2460 558 2488; x_wconf 89' lang='lat' dir='ltr'><strong>Dei</strong></span> <span class='ocrx_word' id='word_1_391' title='bbox 574 2460 755 2488; x_wconf 90' lang='lat' dir='ltr'><strong>introducunt</strong></span> <span class='ocrx_word' id='word_1_392' title='bbox 766 2460 904 2496; x_wconf 81' lang='lat' dir='ltr'><strong>?justitia,</strong></span> <span class='ocrx_word' id='word_1_393' title='bbox 916 2459 969 2487; x_wconf 87' lang='lat' dir='ltr'><strong>hoc</strong></span> 
     </span>
    </p>
   </div>
   <div class='ocr_carea' id='block_1_55' title="bbox 182 2505 967 2543">
    <p class='ocr_par' dir='ltr' id='par_1_55' title="bbox 182 2505 967 2543">
     <span class='ocr_line' id='line_1_55' title="bbox 182 2505 967 2543; baseline -0.004 -9"><span class='ocrx_word' id='word_1_394' title='bbox 182 2511 236 2541; x_wconf 83' lang='lat' dir='ltr'><strong>est,</strong></span> <span class='ocrx_word' id='word_1_395' title='bbox 253 2508 311 2535; x_wconf 91' lang='lat' dir='ltr'><strong>vita</strong></span> <span class='ocrx_word' id='word_1_396' title='bbox 336 2507 459 2535; x_wconf 84' lang='lat' dir='ltr'><strong>studiosa</strong></span> <span class='ocrx_word' id='word_1_397' title='bbox 475 2516 481 2534; x_wconf 89' lang='lat'><strong>:</strong></span> <span class='ocrx_word' id='word_1_398' title='bbox 499 2515 550 2542; x_wconf 80' lang='lat' dir='ltr'><strong>pax</strong></span> <span class='ocrx_word' id='word_1_399' title='bbox 563 2515 626 2543; x_wconf 85' lang='lat' dir='ltr'><strong>erga</strong></span> <span class='ocrx_word' id='word_1_400' title='bbox 644 2507 768 2539; x_wconf 80' lang='lat' dir='ltr'><strong>fratrem,</strong></span> <span class='ocrx_word' id='word_1_401' title='bbox 787 2510 815 2533; x_wconf 88' lang='lat' dir='ltr'><strong>et</strong></span> <span class='ocrx_word' id='word_1_402' title='bbox 839 2505 967 2540; x_wconf 83' lang='lat' dir='ltr'><strong>gaudium</strong></span> 
     </span>
    </p>
   </div>
   <div class='ocr_carea' id='block_1_56' title="bbox 183 2552 970 2587">
    <p class='ocr_par' dir='ltr' id='par_1_56' title="bbox 183 2552 970 2587">
     <span class='ocr_line' id='line_1_56' title="bbox 183 2552 970 2587; baseline -0.004 -7"><span class='ocrx_word' id='word_1_403' title='bbox 183 2561 217 2580; x_wconf 78' lang='lat' dir='ltr'><strong>ex</strong></span> <span class='ocrx_word' id='word_1_404' title='bbox 233 2553 393 2581; x_wconf 87' lang='lat' dir='ltr'><strong>concordia.</strong></span> <span class='ocrx_word' id='word_1_405' title='bbox 409 2553 542 2586; x_wconf 85' lang='lat' dir='ltr'><strong>Quoniam</strong></span> <span class='ocrx_word' id='word_1_406' title='bbox 558 2557 650 2586; x_wconf 77' lang='lat' dir='ltr'><strong>autem</strong></span> <span class='ocrx_word' id='word_1_407' title='bbox 673 2552 807 2587; x_wconf 76' lang='lat' dir='ltr'><strong>contingit</strong></span> <span class='ocrx_word' id='word_1_408' title='bbox 830 2558 924 2585; x_wconf 90' lang='lat' dir='ltr'><strong>pacem</strong></span> <span class='ocrx_word' id='word_1_409' title='bbox 942 2555 970 2578; x_wconf 82' lang='lat' dir='ltr'><strong>et</strong></span> 
     </span>
    </p>
   </div>
   <div class='ocr_carea' id='block_1_57' title="bbox 183 2597 968 2634">
    <p class='ocr_par' dir='ltr' id='par_1_57' title="bbox 183 2597 968 2634">
     <span class='ocr_line' id='line_1_57' title="bbox 183 2597 968 2634; baseline -0.004 -7"><span class='ocrx_word' id='word_1_410' title='bbox 183 2599 314 2634; x_wconf 78' lang='lat' dir='ltr'><strong>gaudium</strong></span> <span class='ocrx_word' id='word_1_411' title='bbox 328 2606 390 2627; x_wconf 83' lang='lat' dir='ltr'><strong>esse</strong></span> <span class='ocrx_word' id='word_1_412' title='bbox 401 2599 482 2626; x_wconf 88' lang='lat' dir='ltr'><strong>etiam</strong></span> <span class='ocrx_word' id='word_1_413' title='bbox 494 2599 522 2626; x_wconf 91' lang='lat' dir='ltr'><strong>in</strong></span> <span class='ocrx_word' id='word_1_414' title='bbox 539 2598 676 2634; x_wconf 74' lang='lat' dir='ltr'><strong>turpinus,</strong></span> <span class='ocrx_word' id='word_1_415' title='bbox 692 2598 778 2630; x_wconf 90' lang='lat' dir='ltr'><strong>addit,</strong></span> <span class='ocrx_word' id='word_1_416' title='bbox 797 2607 806 2623; x_wconf 81' lang='grc' dir='ltr'><strong>ι</strong></span> <span class='ocrx_word' id='word_1_417' title='bbox 824 2597 853 2624; x_wconf 87' lang='lat' dir='ltr'><strong>In</strong></span> <span class='ocrx_word' id='word_1_418' title='bbox 864 2597 968 2632; x_wconf 85' lang='lat' dir='ltr'><strong>Spiritu</strong></span> 
     </span>
    </p>
   </div>
   <div class='ocr_carea' id='block_1_58' title="bbox 184 2643 970 2680">
    <p class='ocr_par' dir='ltr' id='par_1_58' title="bbox 184 2643 970 2680">
     <span class='ocr_line' id='line_1_58' title="bbox 184 2643 970 2680; baseline -0.004 -8"><span class='ocrx_word' id='word_1_419' title='bbox 184 2651 291 2678; x_wconf 84' lang='lat' dir='ltr'><strong>sancto,</strong></span> <span class='ocrx_word' id='word_1_420' title='bbox 310 2655 319 2671; x_wconf 86' lang='grc'><strong>›</strong></span> <span class='ocrx_word' id='word_1_421' title='bbox 338 2649 468 2680; x_wconf 92' lang='lat' dir='ltr'><strong>tanquam</strong></span> <span class='ocrx_word' id='word_1_422' title='bbox 479 2645 604 2672; x_wconf 90' lang='lat' dir='ltr'><strong>diceret:</strong></span> <span class='ocrx_word' id='word_1_423' title='bbox 619 2643 695 2671; x_wconf 87' lang='lat' dir='ltr'><strong>Hanc</strong></span> <span class='ocrx_word' id='word_1_424' title='bbox 705 2643 767 2671; x_wconf 85' lang='lat' dir='ltr'><strong>dico</strong></span> <span class='ocrx_word' id='word_1_425' title='bbox 776 2650 870 2678; x_wconf 89' lang='lat' dir='ltr'><strong>pacem</strong></span> <span class='ocrx_word' id='word_1_426' title='bbox 882 2643 970 2670; x_wconf 85' lang='lat' dir='ltr'><strong>ethoc</strong></span> 
     </span>
    </p>
   </div>
   <div class='ocr_carea' id='block_1_59' title="bbox 184 2688 968 2726">
    <p class='ocr_par' dir='ltr' id='par_1_59' title="bbox 184 2688 968 2726">
     <span class='ocr_line' id='line_1_59' title="bbox 184 2688 968 2726; baseline -0.003 -8"><span class='ocrx_word' id='word_1_427' title='bbox 184 2690 314 2726; x_wconf 83' lang='lat' dir='ltr'><strong>gaudium</strong></span> <span class='ocrx_word' id='word_1_428' title='bbox 326 2698 387 2725; x_wconf 65' lang='lat' dir='ltr'><strong>quae</strong></span> <span class='ocrx_word' id='word_1_429' title='bbox 399 2691 427 2717; x_wconf 93' lang='lat' dir='ltr'><strong>in</strong></span> <span class='ocrx_word' id='word_1_430' title='bbox 443 2689 546 2725; x_wconf 86' lang='lat' dir='ltr'><strong>Spiritu</strong></span> <span class='ocrx_word' id='word_1_431' title='bbox 558 2692 654 2716; x_wconf 83' lang='lat' dir='ltr'><strong>sancto</strong></span> <span class='ocrx_word' id='word_1_432' title='bbox 669 2688 836 2719; x_wconf 85' lang='lat' dir='ltr'><strong>elliciuntur,</strong></span> <span class='ocrx_word' id='word_1_433' title='bbox 849 2688 901 2716; x_wconf 90' lang='lat' dir='ltr'><strong>hoc</strong></span> <span class='ocrx_word' id='word_1_434' title='bbox 916 2692 968 2720; x_wconf 87' lang='lat' dir='ltr'><strong>est,</strong></span> 
     </span>
    </p>
   </div>
   <div class='ocr_carea' id='block_1_60' title="bbox 183 2733 969 2771">
    <p class='ocr_par' dir='ltr' id='par_1_60' title="bbox 183 2733 969 2771">
     <span class='ocr_line' id='line_1_60' title="bbox 183 2733 969 2771; baseline -0.005 -7"><span class='ocrx_word' id='word_1_435' title='bbox 183 2744 235 2771; x_wconf 88' lang='lat' dir='ltr'><strong>per</strong></span> <span class='ocrx_word' id='word_1_436' title='bbox 248 2735 382 2771; x_wconf 87' lang='lat' dir='ltr'><strong>Spiritum</strong></span> <span class='ocrx_word' id='word_1_437' title='bbox 403 2739 529 2762; x_wconf 83' lang='lat' dir='ltr'><strong>sanctum</strong></span> <span class='ocrx_word' id='word_1_438' title='bbox 552 2734 768 2767; x_wconf 85' lang='lat' dir='ltr'><strong>introducuntur</strong></span> <span class='ocrx_word' id='word_1_439' title='bbox 782 2742 789 2760; x_wconf 88' lang='lat'>:</span> <span class='ocrx_word' id='word_1_440' title='bbox 815 2742 824 2758; x_wconf 81' lang='grc' dir='ltr'><strong>ι</strong></span> <span class='ocrx_word' id='word_1_441' title='bbox 839 2733 906 2760; x_wconf 81' lang='lat' dir='ltr'><strong>Nam</strong></span> <span class='ocrx_word' id='word_1_442' title='bbox 923 2733 969 2768; x_wconf 93' lang='lat' dir='ltr'><strong>qui</strong></span> 
     </span>
    </p>
   </div>
   <div class='ocr_carea' id='block_1_61' title="bbox 186 2779 969 2815">
    <p class='ocr_par' dir='ltr' id='par_1_61' title="bbox 186 2779 969 2815">
     <span class='ocr_line' id='line_1_61' title="bbox 186 2779 969 2815; baseline -0.003 -6"><span class='ocrx_word' id='word_1_443' title='bbox 186 2782 213 2809; x_wconf 88' lang='lat' dir='ltr'><strong>in</strong></span> <span class='ocrx_word' id='word_1_444' title='bbox 227 2781 271 2808; x_wconf 89' lang='lat' dir='ltr'><strong>his</strong></span> <span class='ocrx_word' id='word_1_445' title='bbox 294 2782 379 2809; x_wconf 80' lang='lat' dir='ltr'><strong>servit</strong></span> <span class='ocrx_word' id='word_1_446' title='bbox 393 2781 513 2809; x_wconf 76' lang='lat' dir='ltr'><strong>Christo.</strong></span> <span class='ocrx_word' id='word_1_447' title='bbox 536 2790 545 2807; x_wconf 83' lang='grc'><strong>›</strong></span> <span class='ocrx_word' id='word_1_448' title='bbox 577 2779 639 2807; x_wconf 61' lang='lat' dir='ltr'><strong>Haec</strong></span> <span class='ocrx_word' id='word_1_449' title='bbox 658 2779 695 2806; x_wconf 88' lang='lat' dir='ltr'><strong>ita</strong></span> <span class='ocrx_word' id='word_1_450' title='bbox 709 2779 812 2807; x_wconf 80' lang='lat' dir='ltr'><strong>faciens</strong></span> <span class='ocrx_word' id='word_1_451' title='bbox 840 2785 969 2815; x_wconf 81' lang='lat' dir='ltr'><strong>tanquam</strong></span> 
     </span>
    </p>
   </div>
   <div class='ocr_carea' id='block_1_62' title="bbox 186 2826 970 2862">
    <p class='ocr_par' dir='ltr' id='par_1_62' title="bbox 186 2826 970 2862">
     <span class='ocr_line' id='line_1_62' title="bbox 186 2826 970 2862; baseline -0.001 -8"><span class='ocrx_word' id='word_1_452' title='bbox 186 2827 295 2855; x_wconf 86' lang='lat' dir='ltr'><strong>debitor</strong></span> <span class='ocrx_word' id='word_1_453' title='bbox 309 2832 337 2854; x_wconf 87' lang='lat' dir='ltr'><strong>et</strong></span> <span class='ocrx_word' id='word_1_454' title='bbox 349 2827 397 2862; x_wconf 88' lang='lat' dir='ltr'><strong>qui</strong></span> <span class='ocrx_word' id='word_1_455' title='bbox 412 2827 446 2854; x_wconf 90' lang='lat' dir='ltr'><strong>ad</strong></span> <span class='ocrx_word' id='word_1_456' title='bbox 465 2827 492 2854; x_wconf 88' lang='lat' dir='ltr'><strong>id</strong></span> <span class='ocrx_word' id='word_1_457' title='bbox 505 2826 656 2861; x_wconf 79' lang='lat' dir='ltr'><strong>obligatur,</strong></span> <span class='ocrx_word' id='word_1_458' title='bbox 676 2833 739 2853; x_wconf 90' lang='lat' dir='ltr'><strong>cum</strong></span> <span class='ocrx_word' id='word_1_459' title='bbox 757 2826 853 2854; x_wconf 86' lang='lat' dir='ltr'><strong>timore</strong></span> <span class='ocrx_word' id='word_1_460' title='bbox 869 2834 902 2854; x_wconf 87' lang='lat' dir='ltr'><strong>ac</strong></span> <span class='ocrx_word' id='word_1_461' title='bbox 916 2832 970 2854; x_wconf 93' lang='lat' dir='ltr'><strong>tre-</strong></span> 
     </span>
    </p>
   </div>
   <div class='ocr_carea' id='block_1_63' title="bbox 186 2871 968 2915">
    <p class='ocr_par' dir='ltr' id='par_1_63' title="bbox 186 2871 968 2915">
     <span class='ocr_line' id='line_1_63' title="bbox 186 2871 968 2915; baseline 0 -14"><span class='ocrx_word' id='word_1_462' title='bbox 186 2879 272 2907; x_wconf 85' lang='lat' dir='ltr'><strong>more,</strong></span> <span class='ocrx_word' id='word_1_463' title='bbox 289 2873 360 2902; x_wconf 83' lang='lat' dir='ltr'><strong>sicut</strong></span> <span class='ocrx_word' id='word_1_464' title='bbox 371 2872 460 2915; x_wconf 76' lang='lat' dir='ltr'><strong>lidelis</strong></span> <span class='ocrx_word' id='word_1_465' title='bbox 476 2872 525 2901; x_wconf 89' lang='lat' dir='ltr'><strong>Dei</strong></span> <span class='ocrx_word' id='word_1_466' title='bbox 538 2879 646 2915; x_wconf 76' lang='lat' dir='ltr'><strong>servus.</strong></span> <span class='ocrx_word' id='word_1_467' title='bbox 665 2871 717 2906; x_wconf 85' lang='lat' dir='ltr'><strong>Qui</strong></span> <span class='ocrx_word' id='word_1_468' title='bbox 730 2872 805 2901; x_wconf 84' lang='lat' dir='ltr'><strong>enim</strong></span> <span class='ocrx_word' id='word_1_469' title='bbox 822 2873 849 2902; x_wconf 85' lang='lat' dir='ltr'><strong>in</strong></span> <span class='ocrx_word' id='word_1_470' title='bbox 862 2872 906 2901; x_wconf 81' lang='lat' dir='ltr'><strong>his</strong></span> <span class='ocrx_word' id='word_1_471' title='bbox 924 2878 968 2901; x_wconf 92' lang='lat' dir='ltr'><strong>tu-</strong></span> 
     </span>
    </p>
   </div>
   <div class='ocr_carea' id='block_1_64' title="bbox 1029 265 1824 302">
    <p class='ocr_par' dir='ltr' id='par_1_64' title="bbox 1029 265 1824 302">
     <span class='ocr_line' id='line_1_64' title="bbox 1029 265 1824 302; baseline 0.005 -11"><span class='ocrx_word' id='word_1_472' title='bbox 1029 265 1154 299; x_wconf 80' lang='grc' dir='ltr'>ὲγκαλῶν</span> <span class='ocrx_word' id='word_1_473' title='bbox 1172 265 1295 301; x_wconf 84' lang='grc' dir='ltr'>σφοδρῶς</span> <span class='ocrx_word' id='word_1_474' title='bbox 1306 265 1414 300; x_wconf 75' lang='grc' dir='ltr'>ἐκείνῳ,</span> <span class='ocrx_word' id='word_1_475' title='bbox 1431 266 1556 302; x_wconf 66' lang='grc' dir='ltr'>ζεκὸάλῃς</span> <span class='ocrx_word' id='word_1_476' title='bbox 1568 267 1649 294; x_wconf 69' lang='grc' dir='ltr'>αὐτὸν</span> <span class='ocrx_word' id='word_1_477' title='bbox 1661 267 1754 294; x_wconf 81' lang='grc' dir='ltr'>τέλεον</span> <span class='ocrx_word' id='word_1_478' title='bbox 1768 270 1824 302; x_wconf 69' lang='grc' dir='ltr'><strong>τῆς</strong></span> 
     </span>
    </p>
   </div>
   <div class='ocr_carea' id='block_1_65' title="bbox 1029 310 1820 348">
    <p class='ocr_par' dir='ltr' id='par_1_65' title="bbox 1029 310 1820 348">
     <span class='ocr_line' id='line_1_65' title="bbox 1029 310 1820 348; baseline 0.005 -12"><span class='ocrx_word' id='word_1_479' title='bbox 1029 310 1156 342; x_wconf 81' lang='grc' dir='ltr'>πίστεως.</span> <span class='ocrx_word' id='word_1_480' title='bbox 1174 311 1228 338; x_wconf 74' lang='grc' dir='ltr'><strong>Καὶ</strong></span> <span class='ocrx_word' id='word_1_481' title='bbox 1244 310 1298 346; x_wconf 81' lang='grc' dir='ltr'><strong>γὰρ</strong></span> <span class='ocrx_word' id='word_1_482' title='bbox 1325 311 1373 338; x_wconf 72' lang='grc' dir='ltr'>καὶ</span> <span class='ocrx_word' id='word_1_483' title='bbox 1392 311 1463 347; x_wconf 86' lang='grc' dir='ltr'>ὑπὲρ</span> <span class='ocrx_word' id='word_1_484' title='bbox 1473 312 1555 338; x_wconf 78' lang='grc' dir='ltr'>αὑτοῦ</span> <span class='ocrx_word' id='word_1_485' title='bbox 1575 313 1589 339; x_wconf 79' lang='grc' dir='ltr'>ὁ</span> <span class='ocrx_word' id='word_1_486' title='bbox 1618 313 1737 348; x_wconf 79' lang='grc' dir='ltr'>Χριστὸς</span> <span class='ocrx_word' id='word_1_487' title='bbox 1761 314 1820 340; x_wconf 76' lang='grc' dir='ltr'><strong>ἁπ-</strong></span> 
     </span>
    </p>
   </div>
   <div class='ocr_carea' id='block_1_66' title="bbox 1027 356 1824 393">
    <p class='ocr_par' dir='ltr' id='par_1_66' title="bbox 1027 356 1824 393">
     <span class='ocr_line' id='line_1_66' title="bbox 1027 356 1824 393; baseline 0.003 -11"><span class='ocrx_word' id='word_1_488' title='bbox 1027 356 1134 383; x_wconf 83' lang='grc' dir='ltr'>έθιινεν.</span> <span class='ocrx_word' id='word_1_489' title='bbox 1151 356 1233 383; x_wconf 84' lang='grc' dir='ltr'><strong>Ὅθεν</strong></span> <span class='ocrx_word' id='word_1_490' title='bbox 1262 356 1380 390; x_wconf 79' lang='grc' dir='ltr'><strong>ὀφείλεις</strong></span> <span class='ocrx_word' id='word_1_491' title='bbox 1396 358 1575 393; x_wconf 78' lang='grc' dir='ltr'><strong>οἰκονομικῶς</strong></span> <span class='ocrx_word' id='word_1_492' title='bbox 1587 358 1824 392; x_wconf 76' lang='grc' dir='ltr'>συγκαταϐαίνειν</span> 
     </span>
    </p>
   </div>
   <div class='ocr_carea' id='block_1_67' title="bbox 1028 395 1823 434">
    <p class='ocr_par' dir='ltr' id='par_1_67' title="bbox 1028 395 1823 434">
     <span class='ocr_line' id='line_1_67' title="bbox 1028 395 1823 434; baseline 0.004 -10"><span class='ocrx_word' id='word_1_493' title='bbox 1028 398 1113 434; x_wconf 80' lang='grc' dir='ltr'>αὐτῷ.</span> <span class='ocrx_word' id='word_1_494' title='bbox 1124 413 1157 418; x_wconf 81' lang='lat'><strong><em>-</em></strong></span> <span class='ocrx_word' id='word_1_495' title='bbox 1167 398 1267 434; x_wconf 85' lang='grc' dir='ltr'><strong>[ΦΩΤ.]</strong></span> <span class='ocrx_word' id='word_1_496' title='bbox 1279 395 1342 425; x_wconf 81' lang='grc' dir='ltr'><strong>Ὧδε</strong></span> <span class='ocrx_word' id='word_1_497' title='bbox 1351 399 1379 425; x_wconf 83' lang='grc' dir='ltr'><strong>δὲ</strong></span> <span class='ocrx_word' id='word_1_498' title='bbox 1391 399 1572 434; x_wconf 79' lang='grc' dir='ltr'>συμὸουλεύει</span> <span class='ocrx_word' id='word_1_499' title='bbox 1581 401 1698 432; x_wconf 73' lang='grc' dir='ltr'>καὶτοὺς</span> <span class='ocrx_word' id='word_1_500' title='bbox 1705 403 1823 432; x_wconf 70' lang='grc' dir='ltr'>πιστοὺς</span> 
     </span>
    </p>
   </div>
   <div class='ocr_carea' id='block_1_68' title="bbox 1027 443 1820 480">
    <p class='ocr_par' dir='ltr' id='par_1_68' title="bbox 1027 443 1820 480">
     <span class='ocr_line' id='line_1_68' title="bbox 1027 443 1820 480; baseline 0.005 -11"><span class='ocrx_word' id='word_1_501' title='bbox 1027 443 1178 478; x_wconf 80' lang='grc' dir='ltr'>ἀπέχεσθαι</span> <span class='ocrx_word' id='word_1_502' title='bbox 1203 444 1358 479; x_wconf 79' lang='grc' dir='ltr'><strong>βρωμάτων</strong></span> <span class='ocrx_word' id='word_1_503' title='bbox 1372 464 1381 477; x_wconf 82' lang='lat'><strong>,</strong></span> <span class='ocrx_word' id='word_1_504' title='bbox 1409 445 1453 472; x_wconf 79' lang='grc' dir='ltr'>διὰ</span> <span class='ocrx_word' id='word_1_505' title='bbox 1476 446 1526 480; x_wconf 80' lang='grc' dir='ltr'>τὴν</span> <span class='ocrx_word' id='word_1_506' title='bbox 1553 446 1608 473; x_wconf 86' lang='grc' dir='ltr'>τῶν</span> <span class='ocrx_word' id='word_1_507' title='bbox 1631 446 1820 480; x_wconf 79' lang='grc' dir='ltr'>ὀλιγοπίστων</span> 
     </span>
    </p>
   </div>
   <div class='ocr_carea' id='block_1_69' title="bbox 1028 488 1820 526">
    <p class='ocr_par' dir='ltr' id='par_1_69' title="bbox 1028 488 1820 526">
     <span class='ocr_line' id='line_1_69' title="bbox 1028 488 1820 526; baseline 0.005 -12"><span class='ocrx_word' id='word_1_508' title='bbox 1028 488 1242 522; x_wconf 80' lang='grc' dir='ltr'>συγκατάσασιν,</span> <span class='ocrx_word' id='word_1_509' title='bbox 1269 489 1338 524; x_wconf 80' lang='grc' dir='ltr'>ὅπερ</span> <span class='ocrx_word' id='word_1_510' title='bbox 1358 490 1405 516; x_wconf 71' lang='grc' dir='ltr'>καὶ</span> <span class='ocrx_word' id='word_1_511' title='bbox 1416 490 1519 525; x_wconf 80' lang='grc' dir='ltr'>προῖὼν</span> <span class='ocrx_word' id='word_1_512' title='bbox 1535 490 1609 524; x_wconf 81' lang='grc' dir='ltr'>λέγει</span> <span class='ocrx_word' id='word_1_513' title='bbox 1621 499 1629 506; x_wconf 68' lang='grc' dir='ltr'>ν</span> <span class='ocrx_word' id='word_1_514' title='bbox 1646 500 1655 516; x_wconf 77' lang='grc' dir='ltr'><strong>ι</strong></span> <span class='ocrx_word' id='word_1_515' title='bbox 1668 491 1716 526; x_wconf 83' lang='grc' dir='ltr'><strong>Μὴ</strong></span> <span class='ocrx_word' id='word_1_516' title='bbox 1732 491 1820 526; x_wconf 74' lang='grc' dir='ltr'>βλασ-</span> 
     </span>
    </p>
   </div>
   <div class='ocr_carea' id='block_1_70' title="bbox 1028 531 1818 572">
    <p class='ocr_par' dir='ltr' id='par_1_70' title="bbox 1028 531 1818 572">
     <span class='ocr_line' id='line_1_70' title="bbox 1028 531 1818 572; baseline 0.005 -13"><span class='ocrx_word' id='word_1_517' title='bbox 1028 533 1171 568; x_wconf 76' lang='grc' dir='ltr'>φημείσθω</span> <span class='ocrx_word' id='word_1_518' title='bbox 1198 531 1245 560; x_wconf 76' lang='grc' dir='ltr'>οὖν</span> <span class='ocrx_word' id='word_1_519' title='bbox 1269 534 1345 569; x_wconf 83' lang='grc' dir='ltr'>ὑμῶν</span> <span class='ocrx_word' id='word_1_520' title='bbox 1373 534 1420 561; x_wconf 75' lang='grc' dir='ltr'><strong>τὸν</strong></span> <span class='ocrx_word' id='word_1_521' title='bbox 1442 535 1555 569; x_wconf 83' lang='grc' dir='ltr'>ἀγαθόν.</span> <span class='ocrx_word' id='word_1_522' title='bbox 1570 545 1579 562; x_wconf 72' lang='grc' dir='ltr'><strong>ι</strong></span> <span class='ocrx_word' id='word_1_523' title='bbox 1599 535 1742 570; x_wconf 85' lang='grc' dir='ltr'>Ἐγκαλῶν</span> <span class='ocrx_word' id='word_1_524' title='bbox 1761 537 1818 572; x_wconf 71' lang='grc' dir='ltr'>γὰρ</span> 
     </span>
    </p>
   </div>
   <div class='ocr_carea' id='block_1_71' title="bbox 1027 579 1818 617">
    <p class='ocr_par' dir='ltr' id='par_1_71' title="bbox 1027 579 1818 617">
     <span class='ocr_line' id='line_1_71' title="bbox 1027 579 1818 617; baseline 0.004 -12"><span class='ocrx_word' id='word_1_525' title='bbox 1027 579 1073 605; x_wconf 69' lang='grc' dir='ltr'>καὶ</span> <span class='ocrx_word' id='word_1_526' title='bbox 1097 579 1141 606; x_wconf 68' lang='grc' dir='ltr'>ἀεὶ</span> <span class='ocrx_word' id='word_1_527' title='bbox 1167 579 1329 614; x_wconf 79' lang='grc' dir='ltr'>φιλονεικῶν</span> <span class='ocrx_word' id='word_1_528' title='bbox 1351 581 1420 616; x_wconf 80' lang='grc' dir='ltr'>πρὸς</span> <span class='ocrx_word' id='word_1_529' title='bbox 1448 581 1530 608; x_wconf 80' lang='grc' dir='ltr'>αὐτὸν</span> <span class='ocrx_word' id='word_1_530' title='bbox 1556 581 1601 608; x_wconf 75' lang='grc' dir='ltr'>διὰ</span> <span class='ocrx_word' id='word_1_531' title='bbox 1629 582 1679 617; x_wconf 75' lang='grc' dir='ltr'>τὴν</span> <span class='ocrx_word' id='word_1_532' title='bbox 1699 581 1818 617; x_wconf 79' lang='grc' dir='ltr'>τήρησιν</span> 
     </span>
    </p>
   </div>
   <div class='ocr_carea' id='block_1_72' title="bbox 1025 625 1817 663">
    <p class='ocr_par' dir='ltr' id='par_1_72' title="bbox 1025 625 1817 663">
     <span class='ocr_line' id='line_1_72' title="bbox 1025 625 1817 663; baseline 0.004 -12"><span class='ocrx_word' id='word_1_533' title='bbox 1025 625 1080 651; x_wconf 86' lang='grc' dir='ltr'>τῶν</span> <span class='ocrx_word' id='word_1_534' title='bbox 1104 625 1257 661; x_wconf 77' lang='grc' dir='ltr'><strong>βρωμάτων</strong></span> <span class='ocrx_word' id='word_1_535' title='bbox 1273 645 1281 657; x_wconf 85' lang='grc'><strong>,</strong></span> <span class='ocrx_word' id='word_1_536' title='bbox 1314 626 1345 653; x_wconf 85' lang='grc' dir='ltr'>οὐ</span> <span class='ocrx_word' id='word_1_537' title='bbox 1383 627 1464 662; x_wconf 87' lang='grc' dir='ltr'>μόνον</span> <span class='ocrx_word' id='word_1_538' title='bbox 1491 627 1572 654; x_wconf 80' lang='grc' dir='ltr'>αὑτὸν</span> <span class='ocrx_word' id='word_1_539' title='bbox 1593 628 1817 663; x_wconf 79' lang='grc' dir='ltr'>φιλονεικότερον</span> 
     </span>
    </p>
   </div>
   <div class='ocr_carea' id='block_1_73' title="bbox 1026 671 1816 709">
    <p class='ocr_par' dir='ltr' id='par_1_73' title="bbox 1026 671 1816 709">
     <span class='ocr_line' id='line_1_73' title="bbox 1026 671 1816 709; baseline 0.006 -13"><span class='ocrx_word' id='word_1_540' title='bbox 1026 671 1123 703; x_wconf 86' lang='grc' dir='ltr'>ποιεῖς,</span> <span class='ocrx_word' id='word_1_541' title='bbox 1148 671 1216 698; x_wconf 86' lang='grc' dir='ltr'>ἀλλὰ</span> <span class='ocrx_word' id='word_1_542' title='bbox 1241 671 1290 698; x_wconf 69' lang='grc' dir='ltr'>καὶ</span> <span class='ocrx_word' id='word_1_543' title='bbox 1312 672 1449 706; x_wconf 84' lang='grc' dir='ltr'>πρόφασιν</span> <span class='ocrx_word' id='word_1_544' title='bbox 1463 672 1542 704; x_wconf 88' lang='grc' dir='ltr'>δίδως</span> <span class='ocrx_word' id='word_1_545' title='bbox 1553 674 1610 705; x_wconf 84' lang='grc' dir='ltr'>τοῖς</span> <span class='ocrx_word' id='word_1_546' title='bbox 1621 673 1721 706; x_wconf 73' lang='grc' dir='ltr'>ἔξωθεν</span> <span class='ocrx_word' id='word_1_547' title='bbox 1729 674 1816 709; x_wconf 87' lang='grc' dir='ltr'>βλασ-</span> 
     </span>
    </p>
   </div>
   <div class='ocr_carea' id='block_1_74' title="bbox 1026 716 1816 755">
    <p class='ocr_par' dir='ltr' id='par_1_74' title="bbox 1026 716 1816 755">
     <span class='ocr_line' id='line_1_74' title="bbox 1026 716 1816 755; baseline 0.005 -13"><span class='ocrx_word' id='word_1_548' title='bbox 1026 717 1127 751; x_wconf 80' lang='grc' dir='ltr'>φημεῖν</span> <span class='ocrx_word' id='word_1_549' title='bbox 1155 716 1236 751; x_wconf 80' lang='grc' dir='ltr'>ἡμῶν</span> <span class='ocrx_word' id='word_1_550' title='bbox 1259 717 1309 752; x_wconf 82' lang='grc' dir='ltr'>τὴν</span> <span class='ocrx_word' id='word_1_551' title='bbox 1336 717 1427 744; x_wconf 84' lang='grc' dir='ltr'>πίστιν</span> <span class='ocrx_word' id='word_1_552' title='bbox 1444 718 1488 744; x_wconf 75' lang='grc' dir='ltr'>διὰ</span> <span class='ocrx_word' id='word_1_553' title='bbox 1507 719 1556 751; x_wconf 86' lang='grc' dir='ltr'><strong>τὰς</strong></span> <span class='ocrx_word' id='word_1_554' title='bbox 1568 719 1696 751; x_wconf 74' lang='grc' dir='ltr'>τοιαύτας</span> <span class='ocrx_word' id='word_1_555' title='bbox 1711 722 1816 755; x_wconf 77' lang='grc' dir='ltr'>μάχας.</span> 
     </span>
    </p>
   </div>
   <div class='ocr_carea' id='block_1_75' title="bbox 1026 760 1817 800">
    <p class='ocr_par' dir='ltr' id='par_1_75' title="bbox 1026 760 1817 800">
     <span class='ocr_line' id='line_1_75' title="bbox 1026 760 1817 800; baseline 0.004 -11"><span class='ocrx_word' id='word_1_556' title='bbox 1026 763 1062 789; x_wconf 81' lang='grc' dir='ltr'><strong>Τὸ</strong></span> <span class='ocrx_word' id='word_1_557' title='bbox 1073 762 1176 797; x_wconf 76' lang='grc' dir='ltr'>ἀγαθὸν</span> <span class='ocrx_word' id='word_1_558' title='bbox 1206 763 1270 798; x_wconf 83' lang='grc' dir='ltr'>γὰρ,</span> <span class='ocrx_word' id='word_1_559' title='bbox 1297 760 1504 798; x_wconf 75' lang='grc' dir='ltr'>οἷονὴπίστις,</span> <span class='ocrx_word' id='word_1_560' title='bbox 1531 765 1609 800; x_wconf 85' lang='grc' dir='ltr'>φησί.</span> <span class='ocrx_word' id='word_1_561' title='bbox 1633 765 1734 797; x_wconf 83' lang='grc' dir='ltr'>Καλῶς</span> <span class='ocrx_word' id='word_1_562' title='bbox 1761 766 1817 800; x_wconf 83' lang='grc' dir='ltr'>μὲν</span> 
     </span>
    </p>
   </div>
   <div class='ocr_carea' id='block_1_76' title="bbox 1025 809 1814 846">
    <p class='ocr_par' dir='ltr' id='par_1_76' title="bbox 1025 809 1814 846">
     <span class='ocr_line' id='line_1_76' title="bbox 1025 809 1814 846; baseline 0.004 -11"><span class='ocrx_word' id='word_1_563' title='bbox 1025 809 1171 842; x_wconf 72' lang='grc' dir='ltr'>διδάσκεις,</span> <span class='ocrx_word' id='word_1_564' title='bbox 1195 809 1254 835; x_wconf 82' lang='grc' dir='ltr'>ἀλλ’</span> <span class='ocrx_word' id='word_1_565' title='bbox 1269 810 1286 844; x_wconf 83' lang='grc' dir='ltr'>ἡ</span> <span class='ocrx_word' id='word_1_566' title='bbox 1300 809 1375 844; x_wconf 83' lang='grc' dir='ltr'><strong>μάχη</strong></span> <span class='ocrx_word' id='word_1_567' title='bbox 1401 809 1476 836; x_wconf 82' lang='grc' dir='ltr'>αίτία</span> <span class='ocrx_word' id='word_1_568' title='bbox 1501 810 1676 846; x_wconf 81' lang='grc' dir='ltr'>βλασφημίας</span> <span class='ocrx_word' id='word_1_569' title='bbox 1691 811 1814 845; x_wconf 84' lang='grc' dir='ltr'>γίνεται.</span> 
     </span>
    </p>
   </div>
   <div class='ocr_carea' id='block_1_77' title="bbox 1024 852 1817 890">
    <p class='ocr_par' dir='ltr' id='par_1_77' title="bbox 1024 852 1817 890">
     <span class='ocr_line' id='line_1_77' title="bbox 1024 852 1817 890; baseline 0.011 -16"><span class='ocrx_word' id='word_1_570' title='bbox 1024 868 1060 874; x_wconf 83' lang='grc'><strong>-</strong></span> <span class='ocrx_word' id='word_1_571' title='bbox 1081 863 1090 879; x_wconf 72' lang='grc' dir='ltr'><strong>ε</strong></span> <span class='ocrx_word' id='word_1_572' title='bbox 1100 854 1145 888; x_wconf 78' lang='grc' dir='ltr'><strong>Μὴ</strong></span> <span class='ocrx_word' id='word_1_573' title='bbox 1160 853 1373 889; x_wconf 77' lang='grc' dir='ltr'><strong>βλασφημείσθω</strong></span> <span class='ocrx_word' id='word_1_574' title='bbox 1383 852 1429 881; x_wconf 81' lang='grc' dir='ltr'>οὖν</span> <span class='ocrx_word' id='word_1_575' title='bbox 1440 855 1518 889; x_wconf 83' lang='grc' dir='ltr'>ὑμῶν</span> <span class='ocrx_word' id='word_1_576' title='bbox 1534 855 1565 881; x_wconf 82' lang='grc' dir='ltr'>τὸ</span> <span class='ocrx_word' id='word_1_577' title='bbox 1579 855 1689 889; x_wconf 75' lang='grc' dir='ltr'>ἀγαθόν.</span> <span class='ocrx_word' id='word_1_578' title='bbox 1703 865 1712 882; x_wconf 73' lang='grc' dir='ltr'><strong>ι</strong></span> <span class='ocrx_word' id='word_1_579' title='bbox 1731 856 1817 890; x_wconf 78' lang='grc' dir='ltr'>Ἄγα-</span> 
     </span>
    </p>
   </div>
   <div class='ocr_carea' id='block_1_78' title="bbox 990 889 1814 937">
    <p class='ocr_par' dir='ltr' id='par_1_78' title="bbox 990 889 1814 937">
     <span class='ocr_line' id='line_1_78' title="bbox 990 889 1814 937; baseline 0.005 -12"><span class='ocrx_word' id='word_1_580' title='bbox 990 889 1009 917; x_wconf 71' lang='lat' dir='ltr'><strong>B</strong></span> <span class='ocrx_word' id='word_1_581' title='bbox 1025 899 1070 926; x_wconf 89' lang='grc' dir='ltr'><strong>θὺν</strong></span> <span class='ocrx_word' id='word_1_582' title='bbox 1081 899 1130 934; x_wconf 80' lang='grc' dir='ltr'>μὲν</span> <span class='ocrx_word' id='word_1_583' title='bbox 1142 900 1207 935; x_wconf 80' lang='grc' dir='ltr'>γὰρ,</span> <span class='ocrx_word' id='word_1_584' title='bbox 1221 900 1251 926; x_wconf 80' lang='grc' dir='ltr'><strong>τὺ</strong></span> <span class='ocrx_word' id='word_1_585' title='bbox 1259 900 1303 926; x_wconf 88' lang='grc' dir='ltr'><strong>διὰ</strong></span> <span class='ocrx_word' id='word_1_586' title='bbox 1313 899 1344 926; x_wconf 79' lang='grc' dir='ltr'><strong>τὸ</strong></span> <span class='ocrx_word' id='word_1_587' title='bbox 1362 901 1561 936; x_wconf 75' lang='grc' dir='ltr'>ἐστηριγμένον</span> <span class='ocrx_word' id='word_1_588' title='bbox 1574 900 1644 928; x_wconf 76' lang='grc' dir='ltr'>εἶναι</span> <span class='ocrx_word' id='word_1_589' title='bbox 1667 904 1699 937; x_wconf 81' lang='grc' dir='ltr'>τῇ</span> <span class='ocrx_word' id='word_1_590' title='bbox 1715 889 1814 929; x_wconf 75' lang='grc' dir='ltr'>πίστει</span> 
     </span>
    </p>
   </div>
   <div class='ocr_carea' id='block_1_79' title="bbox 1025 945 1815 983">
    <p class='ocr_par' dir='ltr' id='par_1_79' title="bbox 1025 945 1815 983">
     <span class='ocr_line' id='line_1_79' title="bbox 1025 945 1815 983; baseline 0.004 -12"><span class='ocrx_word' id='word_1_591' title='bbox 1025 945 1063 979; x_wconf 89' lang='grc' dir='ltr'>μὴ</span> <span class='ocrx_word' id='word_1_592' title='bbox 1083 945 1271 980; x_wconf 84' lang='grc' dir='ltr'>διακρίνεσθαι</span> <span class='ocrx_word' id='word_1_593' title='bbox 1295 946 1324 972; x_wconf 79' lang='grc' dir='ltr'>ὲν</span> <span class='ocrx_word' id='word_1_594' title='bbox 1341 947 1397 977; x_wconf 87' lang='grc' dir='ltr'>τοῖς</span> <span class='ocrx_word' id='word_1_595' title='bbox 1426 946 1579 982; x_wconf 86' lang='grc' dir='ltr'>βρώμασιν.</span> <span class='ocrx_word' id='word_1_596' title='bbox 1608 947 1762 983; x_wconf 68' lang='grc' dir='ltr'>θερίζοντες</span> <span class='ocrx_word' id='word_1_597' title='bbox 1784 948 1815 974; x_wconf 73' lang='grc' dir='ltr'><strong>δὲ</strong></span> 
     </span>
    </p>
   </div>
   <div class='ocr_carea' id='block_1_80' title="bbox 1020 990 1812 1029">
    <p class='ocr_par' dir='ltr' id='par_1_80' title="bbox 1020 990 1812 1029">
     <span class='ocr_line' id='line_1_80' title="bbox 1020 990 1812 1029; baseline 0.005 -13"><span class='ocrx_word' id='word_1_598' title='bbox 1020 990 1066 1017; x_wconf 74' lang='grc' dir='ltr'>καὶ</span> <span class='ocrx_word' id='word_1_599' title='bbox 1074 991 1332 1025; x_wconf 75' lang='grc' dir='ltr'>διαφιλονεικοῦντες</span> <span class='ocrx_word' id='word_1_600' title='bbox 1345 992 1448 1026; x_wconf 80' lang='grc' dir='ltr'>σφόδρα</span> <span class='ocrx_word' id='word_1_601' title='bbox 1465 992 1534 1026; x_wconf 77' lang='grc' dir='ltr'>πρὸς</span> <span class='ocrx_word' id='word_1_602' title='bbox 1553 993 1616 1024; x_wconf 81' lang='grc' dir='ltr'>τοὺς</span> <span class='ocrx_word' id='word_1_603' title='bbox 1630 993 1812 1029; x_wconf 82' lang='grc' dir='ltr'>διακρινομέ-</span> 
     </span>
    </p>
   </div>
   <div class='ocr_carea' id='block_1_81' title="bbox 1022 1037 1727 1075">
    <p class='ocr_par' dir='ltr' id='par_1_81' title="bbox 1022 1037 1727 1075">
     <span class='ocr_line' id='line_1_81' title="bbox 1022 1037 1727 1075; baseline 0.004 -12"><span class='ocrx_word' id='word_1_604' title='bbox 1022 1045 1092 1070; x_wconf 71' lang='grc' dir='ltr'>νους,</span> <span class='ocrx_word' id='word_1_605' title='bbox 1110 1039 1210 1064; x_wconf 79' lang='grc' dir='ltr'>ποιεῖτε</span> <span class='ocrx_word' id='word_1_606' title='bbox 1226 1037 1256 1064; x_wconf 84' lang='grc' dir='ltr'>τὸ</span> <span class='ocrx_word' id='word_1_607' title='bbox 1274 1038 1375 1072; x_wconf 73' lang='grc' dir='ltr'>ἀγαθὸν</span> <span class='ocrx_word' id='word_1_608' title='bbox 1392 1038 1469 1073; x_wconf 85' lang='grc' dir='ltr'>ὑμῶν</span> <span class='ocrx_word' id='word_1_609' title='bbox 1496 1038 1727 1075; x_wconf 80' lang='grc' dir='ltr'>βλασφημεῖσθαι.</span> 
     </span>
    </p>
   </div>
   <div class='ocr_carea' id='block_1_82' title="bbox 1060 1129 1815 1165">
    <p class='ocr_par' dir='ltr' id='par_1_82' title="bbox 1060 1129 1815 1165">
     <span class='ocr_line' id='line_1_82' title="bbox 1060 1129 1815 1165; baseline 0.003 -9"><span class='ocrx_word' id='word_1_610' title='bbox 1060 1130 1249 1165; x_wconf 82' lang='grc' dir='ltr'>Ἐλεγχόμενοι</span> <span class='ocrx_word' id='word_1_611' title='bbox 1272 1129 1326 1165; x_wconf 84' lang='grc' dir='ltr'><strong>γὰρ</strong></span> <span class='ocrx_word' id='word_1_612' title='bbox 1347 1130 1465 1162; x_wconf 78' lang='grc' dir='ltr'>ἐκεῖνοι,</span> <span class='ocrx_word' id='word_1_613' title='bbox 1488 1130 1696 1158; x_wconf 77' lang='grc' dir='ltr'>συνελαύνονται</span> <span class='ocrx_word' id='word_1_614' title='bbox 1719 1131 1815 1165; x_wconf 77' lang='grc' dir='ltr'>λέγειν</span> 
     </span>
    </p>
   </div>
   <div class='ocr_carea' id='block_1_83' title="bbox 1024 1175 1814 1211">
    <p class='ocr_par' dir='ltr' id='par_1_83' title="bbox 1024 1175 1814 1211">
     <span class='ocr_line' id='line_1_83' title="bbox 1024 1175 1814 1211; baseline 0.001 -9"><span class='ocrx_word' id='word_1_615' title='bbox 1024 1175 1092 1211; x_wconf 76' lang='grc' dir='ltr'>πρὸς</span> <span class='ocrx_word' id='word_1_616' title='bbox 1118 1177 1200 1211; x_wconf 78' lang='grc' dir='ltr'>ὑμᾶς,</span> <span class='ocrx_word' id='word_1_617' title='bbox 1215 1177 1252 1208; x_wconf 82' lang='grc' dir='ltr'>ὡς</span> <span class='ocrx_word' id='word_1_618' title='bbox 1274 1177 1304 1202; x_wconf 90' lang='grc' dir='ltr'>οὺ</span> <span class='ocrx_word' id='word_1_619' title='bbox 1329 1176 1373 1203; x_wconf 83' lang='grc' dir='ltr'><strong>διὰ</strong></span> <span class='ocrx_word' id='word_1_620' title='bbox 1398 1176 1490 1203; x_wconf 78' lang='grc' dir='ltr'>πίστιν</span> <span class='ocrx_word' id='word_1_621' title='bbox 1514 1175 1592 1203; x_wconf 83' lang='grc' dir='ltr'>τοῦτο</span> <span class='ocrx_word' id='word_1_622' title='bbox 1607 1178 1722 1209; x_wconf 82' lang='grc' dir='ltr'>ποιεῖτε,</span> <span class='ocrx_word' id='word_1_623' title='bbox 1742 1177 1814 1203; x_wconf 73' lang='grc' dir='ltr'>ἀλλὰ</span> 
     </span>
    </p>
   </div>
   <div class='ocr_carea' id='block_1_84' title="bbox 1020 1219 1814 1258">
    <p class='ocr_par' dir='ltr' id='par_1_84' title="bbox 1020 1219 1814 1258">
     <span class='ocr_line' id='line_1_84' title="bbox 1020 1219 1814 1258; baseline 0 -10"><span class='ocrx_word' id='word_1_624' title='bbox 1020 1221 1069 1257; x_wconf 83' lang='grc' dir='ltr'>τὴν</span> <span class='ocrx_word' id='word_1_625' title='bbox 1088 1222 1207 1257; x_wconf 77' lang='grc' dir='ltr'>γαστέρα</span> <span class='ocrx_word' id='word_1_626' title='bbox 1223 1221 1431 1257; x_wconf 70' lang='grc' dir='ltr'>θεραπεύοντες.</span> <span class='ocrx_word' id='word_1_627' title='bbox 1454 1222 1485 1248; x_wconf 81' lang='lat' dir='ltr'><strong>El</strong></span> <span class='ocrx_word' id='word_1_628' title='bbox 1500 1219 1547 1249; x_wconf 83' lang='grc' dir='ltr'>οὖν</span> <span class='ocrx_word' id='word_1_629' title='bbox 1569 1222 1616 1248; x_wconf 78' lang='grc' dir='ltr'><strong>καὶ</strong></span> <span class='ocrx_word' id='word_1_630' title='bbox 1637 1222 1676 1258; x_wconf 83' lang='grc' dir='ltr'><strong>μὴ</strong></span> <span class='ocrx_word' id='word_1_631' title='bbox 1689 1222 1723 1248; x_wconf 87' lang='grc' dir='ltr'><strong>δι’</strong></span> <span class='ocrx_word' id='word_1_632' title='bbox 1739 1222 1814 1249; x_wconf 74' lang='grc' dir='ltr'>ἄλλο</span> 
     </span>
    </p>
   </div>
   <div class='ocr_carea' id='block_1_85' title="bbox 1020 1265 1816 1302">
    <p class='ocr_par' dir='ltr' id='par_1_85' title="bbox 1020 1265 1816 1302">
     <span class='ocr_line' id='line_1_85' title="bbox 1020 1265 1816 1302; baseline 0 -9"><span class='ocrx_word' id='word_1_633' title='bbox 1020 1275 1047 1293; x_wconf 87' lang='grc' dir='ltr'><strong>τι</strong></span> <span class='ocrx_word' id='word_1_634' title='bbox 1063 1267 1147 1302; x_wconf 80' lang='grc' dir='ltr'><strong>ὲχρῆν</strong></span> <span class='ocrx_word' id='word_1_635' title='bbox 1176 1266 1226 1301; x_wconf 79' lang='grc' dir='ltr'>τῆς</span> <span class='ocrx_word' id='word_1_636' title='bbox 1247 1266 1312 1301; x_wconf 80' lang='grc' dir='ltr'>περὶ</span> <span class='ocrx_word' id='word_1_637' title='bbox 1339 1266 1420 1293; x_wconf 82' lang='grc' dir='ltr'>τοῦτο</span> <span class='ocrx_word' id='word_1_638' title='bbox 1442 1266 1530 1302; x_wconf 80' lang='grc' dir='ltr'>ἔριδος</span> <span class='ocrx_word' id='word_1_639' title='bbox 1552 1267 1732 1302; x_wconf 77' lang='grc' dir='ltr'>ἀποσχέσθαι,</span> <span class='ocrx_word' id='word_1_640' title='bbox 1753 1265 1816 1294; x_wconf 83' lang='grc' dir='ltr'>ἀλλ’</span> 
     </span>
    </p>
   </div>
   <div class='ocr_carea' id='block_1_86' title="bbox 1021 1310 1816 1348">
    <p class='ocr_par' dir='ltr' id='par_1_86' title="bbox 1021 1310 1816 1348">
     <span class='ocr_line' id='line_1_86' title="bbox 1021 1310 1816 1348; baseline -0.001 -9"><span class='ocrx_word' id='word_1_641' title='bbox 1021 1310 1067 1340; x_wconf 83' lang='grc' dir='ltr'>οὖν</span> <span class='ocrx_word' id='word_1_642' title='bbox 1085 1313 1132 1339; x_wconf 71' lang='grc' dir='ltr'>καὶ</span> <span class='ocrx_word' id='word_1_643' title='bbox 1145 1312 1210 1339; x_wconf 79' lang='grc' dir='ltr'>αὐτὸ</span> <span class='ocrx_word' id='word_1_644' title='bbox 1226 1313 1305 1339; x_wconf 80' lang='grc' dir='ltr'>τοῦτο</span> <span class='ocrx_word' id='word_1_645' title='bbox 1318 1312 1348 1339; x_wconf 78' lang='grc' dir='ltr'>τὸ</span> <span class='ocrx_word' id='word_1_646' title='bbox 1362 1312 1400 1348; x_wconf 84' lang='grc' dir='ltr'>μὴ</span> <span class='ocrx_word' id='word_1_647' title='bbox 1423 1312 1644 1348; x_wconf 77' lang='grc' dir='ltr'>βλασφημεϊσθαι</span> <span class='ocrx_word' id='word_1_648' title='bbox 1662 1312 1693 1339; x_wconf 80' lang='grc' dir='ltr'>τὸ</span> <span class='ocrx_word' id='word_1_649' title='bbox 1709 1313 1816 1346; x_wconf 81' lang='grc' dir='ltr'>ἀγαῡδν</span> 
     </span>
    </p>
   </div>
   <div class='ocr_carea' id='block_1_87' title="bbox 1023 1357 1816 1393">
    <p class='ocr_par' dir='ltr' id='par_1_87' title="bbox 1023 1357 1816 1393">
     <span class='ocr_line' id='line_1_87' title="bbox 1023 1357 1816 1393; baseline 0 -9"><span class='ocrx_word' id='word_1_650' title='bbox 1023 1358 1111 1393; x_wconf 84' lang='grc' dir='ltr'>ὑμῶν,</span> <span class='ocrx_word' id='word_1_651' title='bbox 1124 1357 1215 1385; x_wconf 70' lang='grc' dir='ltr'>ἱκανόν</span> <span class='ocrx_word' id='word_1_652' title='bbox 1229 1358 1301 1384; x_wconf 73' lang='grc' dir='ltr'>ἐστιν</span> <span class='ocrx_word' id='word_1_653' title='bbox 1315 1358 1355 1389; x_wconf 79' lang='grc' dir='ltr'>εἰς</span> <span class='ocrx_word' id='word_1_654' title='bbox 1371 1358 1401 1384; x_wconf 77' lang='grc' dir='ltr'>τδ</span> <span class='ocrx_word' id='word_1_655' title='bbox 1419 1359 1511 1385; x_wconf 80' lang='grc' dir='ltr'>πεῖσαι</span> <span class='ocrx_word' id='word_1_656' title='bbox 1528 1358 1610 1393; x_wconf 78' lang='grc' dir='ltr'>ὑμᾶς,</span> <span class='ocrx_word' id='word_1_657' title='bbox 1625 1357 1674 1393; x_wconf 83' lang='grc' dir='ltr'>τὴν</span> <span class='ocrx_word' id='word_1_658' title='bbox 1688 1358 1746 1391; x_wconf 77' lang='grc' dir='ltr'>ἔριν</span> <span class='ocrx_word' id='word_1_659' title='bbox 1771 1359 1816 1389; x_wconf 85' lang='grc' dir='ltr'>εί;</span> 
     </span>
    </p>
   </div>
   <div class='ocr_carea' id='block_1_88' title="bbox 1022 1404 1817 1439">
    <p class='ocr_par' dir='ltr' id='par_1_88' title="bbox 1022 1404 1817 1439">
     <span class='ocr_line' id='line_1_88' title="bbox 1022 1404 1817 1439; baseline 0.001 -9"><span class='ocrx_word' id='word_1_660' title='bbox 1022 1404 1149 1439; x_wconf 74' lang='grc' dir='ltr'>ὁμόνοιαν</span> <span class='ocrx_word' id='word_1_661' title='bbox 1166 1404 1213 1431; x_wconf 74' lang='grc' dir='ltr'>καὶ</span> <span class='ocrx_word' id='word_1_662' title='bbox 1243 1404 1353 1438; x_wconf 80' lang='grc' dir='ltr'><strong>ἀγάπην</strong></span> <span class='ocrx_word' id='word_1_663' title='bbox 1378 1404 1513 1431; x_wconf 81' lang='grc' dir='ltr'>διαλῦσαι.</span> <span class='ocrx_word' id='word_1_664' title='bbox 1533 1405 1570 1431; x_wconf 82' lang='grc' dir='ltr'><strong>Οὺ</strong></span> <span class='ocrx_word' id='word_1_665' title='bbox 1585 1405 1639 1439; x_wconf 73' lang='grc' dir='ltr'><strong>γάρ</strong></span> <span class='ocrx_word' id='word_1_666' title='bbox 1655 1406 1711 1431; x_wconf 81' lang='grc' dir='ltr'>ἐστι</span> <span class='ocrx_word' id='word_1_667' title='bbox 1732 1405 1817 1431; x_wconf 80' lang='grc' dir='ltr'>τοῦτο</span> 
     </span>
    </p>
   </div>
   <div class='ocr_carea' id='block_1_89' title="bbox 1020 1450 1816 1487">
    <p class='ocr_par' dir='ltr' id='par_1_89' title="bbox 1020 1450 1816 1487">
     <span class='ocr_line' id='line_1_89' title="bbox 1020 1450 1816 1487; baseline 0.003 -11"><span class='ocrx_word' id='word_1_668' title='bbox 1020 1451 1157 1486; x_wconf 81' lang='grc' dir='ltr'>ὑπερορᾷν</span> <span class='ocrx_word' id='word_1_669' title='bbox 1172 1450 1206 1477; x_wconf 78' lang='grc' dir='ltr'><strong>τὰ</strong></span> <span class='ocrx_word' id='word_1_670' title='bbox 1230 1451 1281 1486; x_wconf 81' lang='grc' dir='ltr'>τῆς</span> <span class='ocrx_word' id='word_1_671' title='bbox 1305 1451 1434 1484; x_wconf 81' lang='grc' dir='ltr'>πίστεως,</span> <span class='ocrx_word' id='word_1_672' title='bbox 1457 1451 1525 1478; x_wconf 77' lang='grc' dir='ltr'>ἀλλὰ</span> <span class='ocrx_word' id='word_1_673' title='bbox 1544 1453 1639 1486; x_wconf 80' lang='grc' dir='ltr'>τιμᾷν,</span> <span class='ocrx_word' id='word_1_674' title='bbox 1656 1452 1685 1479; x_wconf 78' lang='grc' dir='ltr'>ἐν</span> <span class='ocrx_word' id='word_1_675' title='bbox 1701 1451 1740 1487; x_wconf 84' lang='grc' dir='ltr'>τῷ</span> <span class='ocrx_word' id='word_1_676' title='bbox 1761 1452 1816 1484; x_wconf 76' lang='grc' dir='ltr'>τὰς</span> 
     </span>
    </p>
   </div>
   <div class='ocr_carea' id='block_1_90' title="bbox 1020 1496 1817 1532">
    <p class='ocr_par' dir='ltr' id='par_1_90' title="bbox 1020 1496 1817 1532">
     <span class='ocr_line' id='line_1_90' title="bbox 1020 1496 1817 1532; baseline 0 -8"><span class='ocrx_word' id='word_1_677' title='bbox 1020 1498 1080 1524; x_wconf 78' lang='grc' dir='ltr'>κατ’</span> <span class='ocrx_word' id='word_1_678' title='bbox 1103 1497 1188 1532; x_wconf 69' lang='grc' dir='ltr'>αὐτῆς</span> <span class='ocrx_word' id='word_1_679' title='bbox 1205 1496 1319 1524; x_wconf 79' lang='grc' dir='ltr'>κωλύειν</span> <span class='ocrx_word' id='word_1_680' title='bbox 1338 1497 1521 1532; x_wconf 82' lang='grc' dir='ltr'>βλασφημίας.</span> <span class='ocrx_word' id='word_1_681' title='bbox 1539 1498 1619 1529; x_wconf 84' lang='grc' dir='ltr'>Είκδς</span> <span class='ocrx_word' id='word_1_682' title='bbox 1637 1497 1664 1524; x_wconf 79' lang='grc' dir='ltr'>δὲ</span> <span class='ocrx_word' id='word_1_683' title='bbox 1685 1498 1733 1524; x_wconf 80' lang='grc' dir='ltr'><strong>καὶ</strong></span> <span class='ocrx_word' id='word_1_684' title='bbox 1755 1498 1817 1524; x_wconf 78' lang='grc' dir='ltr'>τῶν</span> 
     </span>
    </p>
   </div>
   <div class='ocr_carea' id='block_1_91' title="bbox 1021 1542 1814 1579">
    <p class='ocr_par' dir='ltr' id='par_1_91' title="bbox 1021 1542 1814 1579">
     <span class='ocr_line' id='line_1_91' title="bbox 1021 1542 1814 1579; baseline 0.003 -11"><span class='ocrx_word' id='word_1_685' title='bbox 1021 1542 1072 1574; x_wconf 76' lang='grc' dir='ltr'><strong>ἔξω</strong></span> <span class='ocrx_word' id='word_1_686' title='bbox 1083 1543 1169 1574; x_wconf 79' lang='grc' dir='ltr'>τινὰς,</span> <span class='ocrx_word' id='word_1_687' title='bbox 1185 1543 1234 1574; x_wconf 79' lang='grc' dir='ltr'><strong>τὰς</strong></span> <span class='ocrx_word' id='word_1_688' title='bbox 1249 1543 1341 1578; x_wconf 76' lang='grc' dir='ltr'>ἐριδας</span> <span class='ocrx_word' id='word_1_689' title='bbox 1357 1544 1543 1575; x_wconf 79' lang='grc' dir='ltr'>διακούοντας,</span> <span class='ocrx_word' id='word_1_690' title='bbox 1561 1544 1690 1579; x_wconf 74' lang='grc' dir='ltr'>ἑπιγελᾷν</span> <span class='ocrx_word' id='word_1_691' title='bbox 1709 1544 1757 1570; x_wconf 70' lang='grc' dir='ltr'><strong>καὶ</strong></span> <span class='ocrx_word' id='word_1_692' title='bbox 1775 1544 1814 1570; x_wconf 79' lang='grc' dir='ltr'>τὰ</span> 
     </span>
    </p>
   </div>
   <div class='ocr_carea' id='block_1_92' title="bbox 1019 1587 1815 1624">
    <p class='ocr_par' dir='ltr' id='par_1_92' title="bbox 1019 1587 1815 1624">
     <span class='ocr_line' id='line_1_92' title="bbox 1019 1587 1815 1624; baseline 0.003 -10"><span class='ocrx_word' id='word_1_693' title='bbox 1019 1587 1074 1614; x_wconf 85' lang='grc' dir='ltr'>τῶν</span> <span class='ocrx_word' id='word_1_694' title='bbox 1097 1587 1268 1622; x_wconf 73' lang='grc' dir='ltr'>Χριστιανῶν</span> <span class='ocrx_word' id='word_1_695' title='bbox 1293 1588 1433 1623; x_wconf 81' lang='grc' dir='ltr'>χλευάζειν</span> <span class='ocrx_word' id='word_1_696' title='bbox 1458 1589 1506 1616; x_wconf 75' lang='grc' dir='ltr'>καὶ</span> <span class='ocrx_word' id='word_1_697' title='bbox 1524 1589 1714 1624; x_wconf 81' lang='grc' dir='ltr'>βλασφημεῖν·</span> <span class='ocrx_word' id='word_1_698' title='bbox 1731 1590 1765 1616; x_wconf 83' lang='grc' dir='ltr'><strong>δι’</strong></span> <span class='ocrx_word' id='word_1_699' title='bbox 1795 1590 1815 1616; x_wconf 75' lang='grc' dir='ltr'>ἃ.</span> 
     </span>
    </p>
   </div>
   <div class='ocr_carea' id='block_1_93' title="bbox 1021 1632 1815 1671">
    <p class='ocr_par' dir='ltr' id='par_1_93' title="bbox 1021 1632 1815 1671">
     <span class='ocr_line' id='line_1_93' title="bbox 1021 1632 1815 1671; baseline 0.003 -11"><span class='ocrx_word' id='word_1_700' title='bbox 1021 1634 1108 1661; x_wconf 73' lang='grc' dir='ltr'>πάντα</span> <span class='ocrx_word' id='word_1_701' title='bbox 1125 1633 1237 1669; x_wconf 84' lang='grc' dir='ltr'>ἄμεινον</span> <span class='ocrx_word' id='word_1_702' title='bbox 1256 1632 1302 1669; x_wconf 82' lang='grc' dir='ltr'>ἦν,</span> <span class='ocrx_word' id='word_1_703' title='bbox 1317 1635 1374 1661; x_wconf 68' lang='grc' dir='ltr'>ἀντὶ</span> <span class='ocrx_word' id='word_1_704' title='bbox 1390 1635 1435 1662; x_wconf 79' lang='grc' dir='ltr'><strong>τοῦ</strong></span> <span class='ocrx_word' id='word_1_705' title='bbox 1451 1635 1550 1670; x_wconf 78' lang='grc' dir='ltr'>ἐρίζειν</span> <span class='ocrx_word' id='word_1_706' title='bbox 1566 1637 1630 1670; x_wconf 86' lang='grc' dir='ltr'>περὶ</span> <span class='ocrx_word' id='word_1_707' title='bbox 1645 1635 1680 1662; x_wconf 84' lang='grc' dir='ltr'><strong>τὰ</strong></span> <span class='ocrx_word' id='word_1_708' title='bbox 1696 1636 1734 1671; x_wconf 78' lang='grc' dir='ltr'>μὴ</span> <span class='ocrx_word' id='word_1_709' title='bbox 1749 1637 1815 1663; x_wconf 80' lang='grc' dir='ltr'>καί·</span> 
     </span>
    </p>
   </div>
   <div class='ocr_carea' id='block_1_94' title="bbox 1021 1680 1809 1717">
    <p class='ocr_par' dir='ltr' id='par_1_94' title="bbox 1021 1680 1809 1717">
     <span class='ocr_line' id='line_1_94' title="bbox 1021 1680 1809 1717; baseline 0.003 -11"><span class='ocrx_word' id='word_1_710' title='bbox 1021 1688 1077 1715; x_wconf 84' lang='grc' dir='ltr'>ρια,</span> <span class='ocrx_word' id='word_1_711' title='bbox 1090 1680 1270 1714; x_wconf 77' lang='grc' dir='ltr'>ὁμονοοῦντας</span> <span class='ocrx_word' id='word_1_712' title='bbox 1294 1681 1358 1715; x_wconf 81' lang='grc' dir='ltr'>περὶ</span> <span class='ocrx_word' id='word_1_713' title='bbox 1375 1681 1410 1707; x_wconf 79' lang='grc' dir='ltr'><strong>τὰ</strong></span> <span class='ocrx_word' id='word_1_714' title='bbox 1427 1681 1521 1716; x_wconf 85' lang='grc' dir='ltr'>καίρια</span> <span class='ocrx_word' id='word_1_715' title='bbox 1545 1681 1593 1707; x_wconf 74' lang='grc' dir='ltr'>καὶ</span> <span class='ocrx_word' id='word_1_716' title='bbox 1614 1682 1809 1717; x_wconf 77' lang='grc' dir='ltr'>συνηρμοσμέ-</span> 
     </span>
    </p>
   </div>
   <div class='ocr_carea' id='block_1_95' title="bbox 1020 1724 1805 1760">
    <p class='ocr_par' dir='ltr' id='par_1_95' title="bbox 1020 1724 1805 1760">
     <span class='ocr_line' id='line_1_95' title="bbox 1020 1724 1805 1760; baseline 0.003 -10"><span class='ocrx_word' id='word_1_717' title='bbox 1020 1732 1081 1756; x_wconf 88' lang='grc' dir='ltr'>νους</span> <span class='ocrx_word' id='word_1_718' title='bbox 1099 1726 1131 1759; x_wconf 87' lang='grc' dir='ltr'>τῇ</span> <span class='ocrx_word' id='word_1_719' title='bbox 1162 1724 1266 1759; x_wconf 80' lang='grc' dir='ltr'>ἀγάπῃ.</span> <span class='ocrx_word' id='word_1_720' title='bbox 1291 1726 1381 1752; x_wconf 81' lang='grc' dir='ltr'>πᾶσαν</span> <span class='ocrx_word' id='word_1_721' title='bbox 1408 1726 1534 1760; x_wconf 79' lang='grc' dir='ltr'>διαϐολῆς</span> <span class='ocrx_word' id='word_1_722' title='bbox 1557 1726 1605 1752; x_wconf 72' lang='grc' dir='ltr'>καὶ</span> <span class='ocrx_word' id='word_1_723' title='bbox 1627 1726 1805 1760; x_wconf 79' lang='grc' dir='ltr'>βλασφημίας</span> 
     </span>
    </p>
   </div>
   <div class='ocr_carea' id='block_1_96' title="bbox 1019 1770 1806 1808">
    <p class='ocr_par' dir='ltr' id='par_1_96' title="bbox 1019 1770 1806 1808">
     <span class='ocr_line' id='line_1_96' title="bbox 1019 1770 1806 1808; baseline 0.004 -13"><span class='ocrx_word' id='word_1_724' title='bbox 1019 1770 1156 1806; x_wconf 76' lang='grc' dir='ltr'>πρόφασιν</span> <span class='ocrx_word' id='word_1_725' title='bbox 1180 1771 1333 1797; x_wconf 73' lang='grc' dir='ltr'>ἐκκόπτειν.</span> <span class='ocrx_word' id='word_1_726' title='bbox 1352 1771 1444 1798; x_wconf 85' lang='grc' dir='ltr'>Ταῦτα</span> <span class='ocrx_word' id='word_1_727' title='bbox 1466 1773 1520 1808; x_wconf 90' lang='grc' dir='ltr'><strong>γάρ</strong></span> <span class='ocrx_word' id='word_1_728' title='bbox 1536 1773 1594 1799; x_wconf 73' lang='grc' dir='ltr'>ἐστι</span> <span class='ocrx_word' id='word_1_729' title='bbox 1608 1772 1641 1798; x_wconf 72' lang='grc' dir='ltr'><strong>τά</strong></span> <span class='ocrx_word' id='word_1_730' title='bbox 1657 1773 1806 1806; x_wconf 79' lang='grc' dir='ltr'>εἰσάγοντα</span> 
     </span>
    </p>
   </div>
   <div class='ocr_carea' id='block_1_97' title="bbox 1020 1816 1805 1854">
    <p class='ocr_par' dir='ltr' id='par_1_97' title="bbox 1020 1816 1805 1854">
     <span class='ocr_line' id='line_1_97' title="bbox 1020 1816 1805 1854; baseline 0.001 -12"><span class='ocrx_word' id='word_1_731' title='bbox 1020 1817 1059 1848; x_wconf 83' lang='grc' dir='ltr'>εἰς</span> <span class='ocrx_word' id='word_1_732' title='bbox 1070 1816 1118 1852; x_wconf 84' lang='grc' dir='ltr'>τὴν</span> <span class='ocrx_word' id='word_1_733' title='bbox 1134 1816 1270 1852; x_wconf 85' lang='grc' dir='ltr'>βασιλείαν</span> <span class='ocrx_word' id='word_1_734' title='bbox 1291 1817 1345 1843; x_wconf 84' lang='grc' dir='ltr'>τῶν</span> <span class='ocrx_word' id='word_1_735' title='bbox 1359 1817 1499 1852; x_wconf 79' lang='grc' dir='ltr'>οὐρανῶν·</span> <span class='ocrx_word' id='word_1_736' title='bbox 1514 1819 1531 1854; x_wconf 82' lang='grc' dir='ltr'>ὴ</span> <span class='ocrx_word' id='word_1_737' title='bbox 1545 1819 1574 1845; x_wconf 78' lang='grc' dir='ltr'>ὲν</span> <span class='ocrx_word' id='word_1_738' title='bbox 1590 1818 1679 1844; x_wconf 80' lang='grc' dir='ltr'>πίστει</span> <span class='ocrx_word' id='word_1_739' title='bbox 1693 1819 1805 1853; x_wconf 80' lang='grc' dir='ltr'>εἰρήνη,</span> 
     </span>
    </p>
   </div>
   <div class='ocr_carea' id='block_1_98' title="bbox 1019 1863 1804 1899">
    <p class='ocr_par' dir='ltr' id='par_1_98' title="bbox 1019 1863 1804 1899">
     <span class='ocr_line' id='line_1_98' title="bbox 1019 1863 1804 1899; baseline 0.001 -10"><span class='ocrx_word' id='word_1_740' title='bbox 1019 1863 1035 1898; x_wconf 82' lang='grc' dir='ltr'><strong>ἡ</strong></span> <span class='ocrx_word' id='word_1_741' title='bbox 1056 1864 1084 1889; x_wconf 79' lang='grc' dir='ltr'>ὲν</span> <span class='ocrx_word' id='word_1_742' title='bbox 1101 1863 1171 1897; x_wconf 83' lang='grc' dir='ltr'>ἁγίῳ</span> <span class='ocrx_word' id='word_1_743' title='bbox 1188 1863 1327 1898; x_wconf 81' lang='grc' dir='ltr'>Πνεύματι</span> <span class='ocrx_word' id='word_1_744' title='bbox 1341 1863 1425 1898; x_wconf 76' lang='grc' dir='ltr'>χαρὰ,</span> <span class='ocrx_word' id='word_1_745' title='bbox 1448 1863 1496 1890; x_wconf 76' lang='grc' dir='ltr'>καὶ</span> <span class='ocrx_word' id='word_1_746' title='bbox 1519 1865 1535 1899; x_wconf 84' lang='grc' dir='ltr'>ἡ</span> <span class='ocrx_word' id='word_1_747' title='bbox 1550 1864 1718 1898; x_wconf 77' lang='grc' dir='ltr'>δικαιοσύνη.</span> <span class='ocrx_word' id='word_1_748' title='bbox 1739 1873 1748 1889; x_wconf 75' lang='grc' dir='ltr'>ί</span> <span class='ocrx_word' id='word_1_749' title='bbox 1765 1865 1804 1890; x_wconf 74' lang='grc' dir='ltr'><strong>Οὐ</strong></span> 
     </span>
    </p>
   </div>
   <div class='ocr_carea' id='block_1_99' title="bbox 1020 1909 1804 1946">
    <p class='ocr_par' dir='ltr' id='par_1_99' title="bbox 1020 1909 1804 1946">
     <span class='ocr_line' id='line_1_99' title="bbox 1020 1909 1804 1946; baseline 0 -11"><span class='ocrx_word' id='word_1_750' title='bbox 1020 1909 1074 1944; x_wconf 83' lang='grc' dir='ltr'><strong>γάρ</strong></span> <span class='ocrx_word' id='word_1_751' title='bbox 1093 1909 1167 1936; x_wconf 81' lang='grc' dir='ltr'>ἐστιν</span> <span class='ocrx_word' id='word_1_752' title='bbox 1190 1910 1207 1944; x_wconf 83' lang='grc' dir='ltr'>ὴ</span> <span class='ocrx_word' id='word_1_753' title='bbox 1220 1909 1343 1944; x_wconf 83' lang='grc' dir='ltr'>βασιλεία</span> <span class='ocrx_word' id='word_1_754' title='bbox 1363 1909 1410 1936; x_wconf 79' lang='grc' dir='ltr'>τοῦ</span> <span class='ocrx_word' id='word_1_755' title='bbox 1426 1909 1492 1936; x_wconf 84' lang='grc' dir='ltr'>Θεοῦ</span> <span class='ocrx_word' id='word_1_756' title='bbox 1506 1910 1606 1946; x_wconf 85' lang='grc' dir='ltr'>βρῶσις</span> <span class='ocrx_word' id='word_1_757' title='bbox 1622 1910 1667 1936; x_wconf 65' lang='grc' dir='ltr'><strong>καὶ</strong></span> <span class='ocrx_word' id='word_1_758' title='bbox 1683 1909 1774 1941; x_wconf 76' lang='grc' dir='ltr'>πόσις.</span> <span class='ocrx_word' id='word_1_759' title='bbox 1794 1920 1804 1935; x_wconf 76' lang='grc' dir='ltr'><strong>ι</strong></span> 
     </span>
    </p>
   </div>
   <div class='ocr_carea' id='block_1_100' title="bbox 1021 1954 1812 1991">
    <p class='ocr_par' dir='ltr' id='par_1_100' title="bbox 1021 1954 1812 1991">
     <span class='ocr_line' id='line_1_100' title="bbox 1021 1954 1812 1991; baseline 0.001 -10"><span class='ocrx_word' id='word_1_760' title='bbox 1021 1955 1126 1981; x_wconf 80' lang='grc' dir='ltr'>Παῦσαι</span> <span class='ocrx_word' id='word_1_761' title='bbox 1141 1954 1265 1989; x_wconf 85' lang='grc' dir='ltr'>βούλεται</span> <span class='ocrx_word' id='word_1_762' title='bbox 1282 1955 1403 1988; x_wconf 81' lang='grc' dir='ltr'>ἐκείνους</span> <span class='ocrx_word' id='word_1_763' title='bbox 1420 1956 1473 1982; x_wconf 81' lang='grc' dir='ltr'><strong>τῶν</strong></span> <span class='ocrx_word' id='word_1_764' title='bbox 1496 1956 1688 1991; x_wconf 69' lang='grc' dir='ltr'>ἐγκλημάτων.</span> <span class='ocrx_word' id='word_1_765' title='bbox 1702 1956 1740 1982; x_wconf 76' lang='grc' dir='ltr'><strong>Οὐ</strong></span> <span class='ocrx_word' id='word_1_766' title='bbox 1754 1955 1812 1991; x_wconf 81' lang='grc' dir='ltr'>γὰρ</span> 
     </span>
    </p>
   </div>
   <div class='ocr_carea' id='block_1_101' title="bbox 1019 2001 1810 2037">
    <p class='ocr_par' dir='ltr' id='par_1_101' title="bbox 1019 2001 1810 2037">
     <span class='ocr_line' id='line_1_101' title="bbox 1019 2001 1810 2037; baseline -0.001 -9"><span class='ocrx_word' id='word_1_767' title='bbox 1019 2002 1062 2028; x_wconf 72' lang='grc' dir='ltr'>διὰ</span> <span class='ocrx_word' id='word_1_768' title='bbox 1071 2001 1196 2036; x_wconf 78' lang='grc' dir='ltr'>βρώσεως</span> <span class='ocrx_word' id='word_1_769' title='bbox 1209 2001 1225 2036; x_wconf 85' lang='grc' dir='ltr'>ἢ</span> <span class='ocrx_word' id='word_1_770' title='bbox 1239 2002 1352 2034; x_wconf 80' lang='grc' dir='ltr'>πόσεως,</span> <span class='ocrx_word' id='word_1_771' title='bbox 1360 2003 1452 2037; x_wconf 64' lang='grc' dir='ltr'>φησιν,</span> <span class='ocrx_word' id='word_1_772' title='bbox 1460 2002 1558 2037; x_wconf 78' lang='grc' dir='ltr'>ἔχομεν</span> <span class='ocrx_word' id='word_1_773' title='bbox 1567 2002 1696 2028; x_wconf 80' lang='grc' dir='ltr'>εἰσελθεῖν</span> <span class='ocrx_word' id='word_1_774' title='bbox 1705 2002 1747 2033; x_wconf 81' lang='grc' dir='ltr'><strong>είς</strong></span> <span class='ocrx_word' id='word_1_775' title='bbox 1758 2002 1810 2034; x_wconf 76' lang='grc' dir='ltr'>τὴν</span> 
     </span>
    </p>
   </div>
   <div class='ocr_carea' id='block_1_102' title="bbox 1021 2047 1809 2083">
    <p class='ocr_par' dir='ltr' id='par_1_102' title="bbox 1021 2047 1809 2083">
     <span class='ocr_line' id='line_1_102' title="bbox 1021 2047 1809 2083; baseline -0.001 -9"><span class='ocrx_word' id='word_1_776' title='bbox 1021 2047 1159 2083; x_wconf 86' lang='grc' dir='ltr'>βασιλείαν</span> <span class='ocrx_word' id='word_1_777' title='bbox 1185 2048 1232 2074; x_wconf 79' lang='grc' dir='ltr'>τοῦ</span> <span class='ocrx_word' id='word_1_778' title='bbox 1265 2047 1344 2075; x_wconf 80' lang='grc' dir='ltr'>Θεοῦ.</span> <span class='ocrx_word' id='word_1_779' title='bbox 1370 2063 1406 2068; x_wconf 86' lang='lat'><strong>—</strong></span> <span class='ocrx_word' id='word_1_780' title='bbox 1422 2048 1549 2080; x_wconf 70' lang='grc' dir='ltr'><strong>Ἄλλως.</strong></span> <span class='ocrx_word' id='word_1_781' title='bbox 1580 2047 1680 2083; x_wconf 80' lang='grc' dir='ltr'><strong>[ΦΩΤ.ι</strong></span> <span class='ocrx_word' id='word_1_782' title='bbox 1702 2047 1809 2080; x_wconf 84' lang='grc' dir='ltr'>Εἰπὼν,</span> 
     </span>
    </p>
   </div>
   <div class='ocr_carea' id='block_1_103' title="bbox 1023 2093 1810 2128">
    <p class='ocr_par' dir='ltr' id='par_1_103' title="bbox 1023 2093 1810 2128">
     <span class='ocr_line' id='line_1_103' title="bbox 1023 2093 1810 2128; baseline -0.001 -9"><span class='ocrx_word' id='word_1_783' title='bbox 1023 2102 1032 2118; x_wconf 82' lang='grc' dir='ltr'><strong>ι</strong></span> <span class='ocrx_word' id='word_1_784' title='bbox 1051 2093 1087 2120; x_wconf 85' lang='grc' dir='ltr'><strong>Οὺ</strong></span> <span class='ocrx_word' id='word_1_785' title='bbox 1104 2093 1158 2128; x_wconf 81' lang='grc' dir='ltr'><strong>γάρ</strong></span> <span class='ocrx_word' id='word_1_786' title='bbox 1185 2093 1260 2120; x_wconf 76' lang='grc' dir='ltr'>ἐστιν</span> <span class='ocrx_word' id='word_1_787' title='bbox 1285 2094 1302 2128; x_wconf 90' lang='grc' dir='ltr'>ἠ</span> <span class='ocrx_word' id='word_1_788' title='bbox 1320 2093 1444 2128; x_wconf 87' lang='grc' dir='ltr'>βασιλεία</span> <span class='ocrx_word' id='word_1_789' title='bbox 1467 2093 1513 2120; x_wconf 85' lang='grc' dir='ltr'>τοῦ</span> <span class='ocrx_word' id='word_1_790' title='bbox 1537 2093 1604 2119; x_wconf 81' lang='grc' dir='ltr'>Θεοῦ</span> <span class='ocrx_word' id='word_1_791' title='bbox 1630 2093 1731 2128; x_wconf 80' lang='grc' dir='ltr'>βρῶσις</span> <span class='ocrx_word' id='word_1_792' title='bbox 1761 2094 1810 2119; x_wconf 81' lang='grc' dir='ltr'>καὶ</span> 
     </span>
    </p>
   </div>
   <div class='ocr_carea' id='block_1_104' title="bbox 1021 2138 1808 2175">
    <p class='ocr_par' dir='ltr' id='par_1_104' title="bbox 1021 2138 1808 2175">
     <span class='ocr_line' id='line_1_104' title="bbox 1021 2138 1808 2175; baseline 0 -11"><span class='ocrx_word' id='word_1_793' title='bbox 1021 2139 1110 2170; x_wconf 80' lang='grc' dir='ltr'>πόσις,</span> <span class='ocrx_word' id='word_1_794' title='bbox 1129 2148 1138 2164; x_wconf 78' lang='grc' dir='ltr'><strong>ι</strong></span> <span class='ocrx_word' id='word_1_795' title='bbox 1157 2138 1277 2165; x_wconf 82' lang='grc' dir='ltr'>δείκνυσι</span> <span class='ocrx_word' id='word_1_796' title='bbox 1297 2139 1346 2173; x_wconf 84' lang='grc' dir='ltr'>τὴν</span> <span class='ocrx_word' id='word_1_797' title='bbox 1362 2140 1425 2175; x_wconf 80' lang='grc' dir='ltr'>περὶ</span> <span class='ocrx_word' id='word_1_798' title='bbox 1435 2139 1468 2165; x_wconf 70' lang='grc' dir='ltr'>τὰ</span> <span class='ocrx_word' id='word_1_799' title='bbox 1485 2139 1618 2174; x_wconf 84' lang='grc' dir='ltr'>βρώματα</span> <span class='ocrx_word' id='word_1_800' title='bbox 1633 2138 1722 2165; x_wconf 81' lang='grc' dir='ltr'>αὐτῶν</span> <span class='ocrx_word' id='word_1_801' title='bbox 1737 2138 1808 2174; x_wconf 71' lang='grc' dir='ltr'>ἔριν,</span> 
     </span>
    </p>
   </div>
   <div class='ocr_carea' id='block_1_105' title="bbox 1022 2183 1806 2220">
    <p class='ocr_par' dir='ltr' id='par_1_105' title="bbox 1022 2183 1806 2220">
     <span class='ocr_line' id='line_1_105' title="bbox 1022 2183 1806 2220; baseline 0.003 -10"><span class='ocrx_word' id='word_1_802' title='bbox 1022 2185 1204 2220; x_wconf 65' lang='grc' dir='ltr'>σφοδροτάτην</span> <span class='ocrx_word' id='word_1_803' title='bbox 1219 2183 1301 2212; x_wconf 81' lang='grc' dir='ltr'>οὖσαν</span> <span class='ocrx_word' id='word_1_804' title='bbox 1313 2186 1360 2211; x_wconf 77' lang='grc' dir='ltr'>καὶ</span> <span class='ocrx_word' id='word_1_805' title='bbox 1371 2186 1442 2220; x_wconf 80' lang='grc' dir='ltr'>πέρα</span> <span class='ocrx_word' id='word_1_806' title='bbox 1456 2185 1502 2212; x_wconf 82' lang='grc' dir='ltr'>τοῦ</span> <span class='ocrx_word' id='word_1_807' title='bbox 1523 2185 1633 2220; x_wconf 83' lang='grc' dir='ltr'>μέτρου.</span> <span class='ocrx_word' id='word_1_808' title='bbox 1650 2186 1705 2211; x_wconf 78' lang='grc' dir='ltr'><strong>Καὶ</strong></span> <span class='ocrx_word' id='word_1_809' title='bbox 1718 2185 1806 2212; x_wconf 84' lang='grc' dir='ltr'>αἰνίτ-</span> 
     </span>
    </p>
   </div>
   <div class='ocr_carea' id='block_1_106' title="bbox 1021 2229 1804 2266">
    <p class='ocr_par' dir='ltr' id='par_1_106' title="bbox 1021 2229 1804 2266">
     <span class='ocr_line' id='line_1_106' title="bbox 1021 2229 1804 2266; baseline 0 -10"><span class='ocrx_word' id='word_1_810' title='bbox 1021 2239 1108 2263; x_wconf 74' lang='grc' dir='ltr'>τεται,</span> <span class='ocrx_word' id='word_1_811' title='bbox 1119 2231 1155 2262; x_wconf 84' lang='grc' dir='ltr'>ὡς</span> <span class='ocrx_word' id='word_1_812' title='bbox 1166 2232 1196 2258; x_wconf 72' lang='lat' dir='ltr'><strong>Et</strong></span> <span class='ocrx_word' id='word_1_813' title='bbox 1209 2229 1266 2266; x_wconf 83' lang='grc' dir='ltr'><strong>ἦνὴ</strong></span> <span class='ocrx_word' id='word_1_814' title='bbox 1277 2231 1399 2266; x_wconf 87' lang='grc' dir='ltr'>βασιλεία</span> <span class='ocrx_word' id='word_1_815' title='bbox 1408 2230 1454 2258; x_wconf 83' lang='grc' dir='ltr'>τοῦ</span> <span class='ocrx_word' id='word_1_816' title='bbox 1464 2231 1530 2258; x_wconf 85' lang='grc' dir='ltr'>Θεοῦ</span> <span class='ocrx_word' id='word_1_817' title='bbox 1541 2231 1641 2266; x_wconf 85' lang='grc' dir='ltr'>βρῶσις</span> <span class='ocrx_word' id='word_1_818' title='bbox 1651 2231 1698 2257; x_wconf 73' lang='grc' dir='ltr'>καὶ</span> <span class='ocrx_word' id='word_1_819' title='bbox 1712 2231 1804 2262; x_wconf 71' lang='grc' dir='ltr'>πόσις,</span> 
     </span>
    </p>
   </div>
   <div class='ocr_carea' id='block_1_107' title="bbox 1020 2273 1805 2311">
    <p class='ocr_par' dir='ltr' id='par_1_107' title="bbox 1020 2273 1805 2311">
     <span class='ocr_line' id='line_1_107' title="bbox 1020 2273 1805 2311; baseline -0.004 -9"><span class='ocrx_word' id='word_1_820' title='bbox 1020 2276 1069 2302; x_wconf 78' lang='grc' dir='ltr'>οὐκ</span> <span class='ocrx_word' id='word_1_821' title='bbox 1086 2275 1118 2302; x_wconf 75' lang='grc' dir='ltr'>ἂν</span> <span class='ocrx_word' id='word_1_822' title='bbox 1128 2275 1210 2302; x_wconf 84' lang='grc' dir='ltr'>πλέον</span> <span class='ocrx_word' id='word_1_823' title='bbox 1223 2275 1429 2311; x_wconf 76' lang='grc' dir='ltr'>διηγωνίσασθε”</span> <span class='ocrx_word' id='word_1_824' title='bbox 1440 2275 1499 2310; x_wconf 75' lang='grc' dir='ltr'>ἄμα</span> <span class='ocrx_word' id='word_1_825' title='bbox 1511 2275 1539 2301; x_wconf 85' lang='grc' dir='ltr'><strong>δὲ</strong></span> <span class='ocrx_word' id='word_1_826' title='bbox 1550 2275 1596 2302; x_wconf 79' lang='grc' dir='ltr'>καὶ</span> <span class='ocrx_word' id='word_1_827' title='bbox 1607 2273 1805 2309; x_wconf 77' lang='grc' dir='ltr'>ἐντρεπτικῶς,</span> 
     </span>
    </p>
   </div>
   <div class='ocr_carea' id='block_1_108' title="bbox 1020 2320 1806 2357">
    <p class='ocr_par' dir='ltr' id='par_1_108' title="bbox 1020 2320 1806 2357">
     <span class='ocr_line' id='line_1_108' title="bbox 1020 2320 1806 2357; baseline -0.003 -10"><span class='ocrx_word' id='word_1_828' title='bbox 1020 2321 1062 2347; x_wconf 85' lang='grc' dir='ltr'>ὅτι</span> <span class='ocrx_word' id='word_1_829' title='bbox 1086 2321 1117 2347; x_wconf 84' lang='grc' dir='ltr'>Εί</span> <span class='ocrx_word' id='word_1_830' title='bbox 1142 2321 1213 2356; x_wconf 83' lang='grc' dir='ltr'>ὑπὲρ</span> <span class='ocrx_word' id='word_1_831' title='bbox 1225 2322 1327 2348; x_wconf 85' lang='grc' dir='ltr'>τούτων</span> <span class='ocrx_word' id='word_1_832' title='bbox 1339 2321 1425 2353; x_wconf 73' lang='grc' dir='ltr'>οὕτως</span> <span class='ocrx_word' id='word_1_833' title='bbox 1440 2322 1550 2353; x_wconf 81' lang='grc' dir='ltr'>ποιεῖτε,</span> <span class='ocrx_word' id='word_1_834' title='bbox 1566 2321 1592 2347; x_wconf 84' lang='grc' dir='ltr'><strong>τί</strong></span> <span class='ocrx_word' id='word_1_835' title='bbox 1608 2320 1662 2357; x_wconf 81' lang='grc' dir='ltr'><strong>χρὴ</strong></span> <span class='ocrx_word' id='word_1_836' title='bbox 1674 2320 1806 2355; x_wconf 83' lang='grc' dir='ltr'>πράττειν</span> 
     </span>
    </p>
   </div>
   <div class='ocr_carea' id='block_1_109' title="bbox 1020 2366 1807 2403">
    <p class='ocr_par' dir='ltr' id='par_1_109' title="bbox 1020 2366 1807 2403">
     <span class='ocr_line' id='line_1_109' title="bbox 1020 2366 1807 2403; baseline -0.004 -10"><span class='ocrx_word' id='word_1_837' title='bbox 1020 2367 1089 2402; x_wconf 76' lang='grc' dir='ltr'>ὑπὲρ</span> <span class='ocrx_word' id='word_1_838' title='bbox 1101 2366 1272 2402; x_wconf 77' lang='grc' dir='ltr'>δικαιοσύνης</span> <span class='ocrx_word' id='word_1_839' title='bbox 1289 2367 1336 2393; x_wconf 76' lang='grc' dir='ltr'><strong>καὶ</strong></span> <span class='ocrx_word' id='word_1_840' title='bbox 1350 2368 1473 2403; x_wconf 79' lang='grc' dir='ltr'>εἰρήνης,</span> <span class='ocrx_word' id='word_1_841' title='bbox 1488 2367 1535 2394; x_wconf 70' lang='grc' dir='ltr'><strong>καὶ</strong></span> <span class='ocrx_word' id='word_1_842' title='bbox 1554 2367 1603 2401; x_wconf 79' lang='grc' dir='ltr'>τῆς</span> <span class='ocrx_word' id='word_1_843' title='bbox 1617 2366 1807 2401; x_wconf 78' lang='grc' dir='ltr'>πνευματικῆς</span> 
     </span>
    </p>
   </div>
   <div class='ocr_carea' id='block_1_110' title="bbox 1019 2411 1809 2449">
    <p class='ocr_par' dir='ltr' id='par_1_110' title="bbox 1019 2411 1809 2449">
     <span class='ocr_line' id='line_1_110' title="bbox 1019 2411 1809 2449; baseline -0.004 -10"><span class='ocrx_word' id='word_1_844' title='bbox 1019 2414 1123 2449; x_wconf 86' lang='grc' dir='ltr'>χαρᾶς;</span> <span class='ocrx_word' id='word_1_845' title='bbox 1147 2422 1157 2438; x_wconf 76' lang='grc' dir='ltr'><strong>ι</strong></span> <span class='ocrx_word' id='word_1_846' title='bbox 1176 2412 1258 2439; x_wconf 79' lang='grc' dir='ltr'>Ἀλλὰ</span> <span class='ocrx_word' id='word_1_847' title='bbox 1272 2412 1441 2448; x_wconf 83' lang='grc' dir='ltr'>δικαιοσύνη.</span> <span class='ocrx_word' id='word_1_848' title='bbox 1457 2422 1466 2439; x_wconf 76' lang='grc' dir='ltr'><strong>ι</strong></span> <span class='ocrx_word' id='word_1_849' title='bbox 1483 2413 1552 2440; x_wconf 86' lang='grc' dir='ltr'>Ποία</span> <span class='ocrx_word' id='word_1_850' title='bbox 1566 2413 1612 2439; x_wconf 76' lang='grc' dir='ltr'>οὖν</span> <span class='ocrx_word' id='word_1_851' title='bbox 1629 2413 1686 2438; x_wconf 77' lang='grc' dir='ltr'>ἐστι</span> <span class='ocrx_word' id='word_1_852' title='bbox 1702 2411 1737 2438; x_wconf 81' lang='grc' dir='ltr'>τὰ</span> <span class='ocrx_word' id='word_1_853' title='bbox 1747 2411 1809 2437; x_wconf 85' lang='grc' dir='ltr'>εἰσ-</span> 
     </span>
    </p>
   </div>
   <div class='ocr_carea' id='block_1_111' title="bbox 1020 2456 1807 2494">
    <p class='ocr_par' dir='ltr' id='par_1_111' title="bbox 1020 2456 1807 2494">
     <span class='ocr_line' id='line_1_111' title="bbox 1020 2456 1807 2494; baseline -0.004 -9"><span class='ocrx_word' id='word_1_854' title='bbox 1020 2459 1121 2492; x_wconf 73' lang='grc' dir='ltr'>άγοντα</span> <span class='ocrx_word' id='word_1_855' title='bbox 1135 2459 1174 2489; x_wconf 86' lang='grc' dir='ltr'><strong>είς</strong></span> <span class='ocrx_word' id='word_1_856' title='bbox 1195 2458 1244 2493; x_wconf 87' lang='grc' dir='ltr'>τὴν</span> <span class='ocrx_word' id='word_1_857' title='bbox 1261 2457 1417 2494; x_wconf 75' lang='grc' dir='ltr'>βασιλείανς</span> <span class='ocrx_word' id='word_1_858' title='bbox 1433 2458 1606 2493; x_wconf 81' lang='grc' dir='ltr'>Δικαιοσύνη,</span> <span class='ocrx_word' id='word_1_859' title='bbox 1626 2457 1776 2487; x_wconf 81' lang='grc' dir='ltr'>τουτέστιν,</span> <span class='ocrx_word' id='word_1_860' title='bbox 1791 2456 1807 2482; x_wconf 80' lang='grc' dir='ltr'>ὁ</span> 
     </span>
    </p>
   </div>
   <div class='ocr_carea' id='block_1_112' title="bbox 1019 2502 1808 2539">
    <p class='ocr_par' dir='ltr' id='par_1_112' title="bbox 1019 2502 1808 2539">
     <span class='ocr_line' id='line_1_112' title="bbox 1019 2502 1808 2539; baseline -0.001 -9"><span class='ocrx_word' id='word_1_861' title='bbox 1019 2504 1146 2537; x_wconf 80' lang='grc' dir='ltr'>ἐνάρετος</span> <span class='ocrx_word' id='word_1_862' title='bbox 1167 2503 1233 2538; x_wconf 78' lang='grc' dir='ltr'>βίος,</span> <span class='ocrx_word' id='word_1_863' title='bbox 1251 2504 1267 2539; x_wconf 81' lang='grc' dir='ltr'><strong>ἡ</strong></span> <span class='ocrx_word' id='word_1_864' title='bbox 1283 2504 1350 2539; x_wconf 82' lang='grc' dir='ltr'>πρὸς</span> <span class='ocrx_word' id='word_1_865' title='bbox 1366 2504 1411 2530; x_wconf 77' lang='grc' dir='ltr'>τὸν</span> <span class='ocrx_word' id='word_1_866' title='bbox 1427 2503 1540 2538; x_wconf 85' lang='grc' dir='ltr'>ἀδελφὺν</span> <span class='ocrx_word' id='word_1_867' title='bbox 1556 2504 1663 2539; x_wconf 78' lang='grc' dir='ltr'>εἰρήνη,</span> <span class='ocrx_word' id='word_1_868' title='bbox 1678 2502 1726 2530; x_wconf 79' lang='grc' dir='ltr'>καὶ</span> <span class='ocrx_word' id='word_1_869' title='bbox 1741 2502 1758 2537; x_wconf 82' lang='grc' dir='ltr'><strong>ἡ</strong></span> <span class='ocrx_word' id='word_1_870' title='bbox 1775 2503 1808 2528; x_wconf 76' lang='grc' dir='ltr'>ἐκ</span> 
     </span>
    </p>
   </div>
   <div class='ocr_carea' id='block_1_113' title="bbox 1019 2549 1808 2586">
    <p class='ocr_par' dir='ltr' id='par_1_113' title="bbox 1019 2549 1808 2586">
     <span class='ocr_line' id='line_1_113' title="bbox 1019 2549 1808 2586; baseline -0.003 -10"><span class='ocrx_word' id='word_1_871' title='bbox 1019 2550 1068 2584; x_wconf 85' lang='grc' dir='ltr'>τῆς</span> <span class='ocrx_word' id='word_1_872' title='bbox 1081 2550 1207 2582; x_wconf 75' lang='grc' dir='ltr'>ὁμονοίας</span> <span class='ocrx_word' id='word_1_873' title='bbox 1225 2550 1310 2586; x_wconf 80' lang='grc' dir='ltr'>χαρά.</span> <span class='ocrx_word' id='word_1_874' title='bbox 1333 2550 1445 2586; x_wconf 85' lang='grc' dir='ltr'>Ἐπειδὴ</span> <span class='ocrx_word' id='word_1_875' title='bbox 1462 2550 1490 2576; x_wconf 81' lang='grc' dir='ltr'><strong>δὲ</strong></span> <span class='ocrx_word' id='word_1_876' title='bbox 1506 2550 1547 2577; x_wconf 75' lang='grc' dir='ltr'>ἔνι</span> <span class='ocrx_word' id='word_1_877' title='bbox 1558 2551 1653 2586; x_wconf 83' lang='grc' dir='ltr'>εἰρήνη</span> <span class='ocrx_word' id='word_1_878' title='bbox 1671 2549 1718 2575; x_wconf 77' lang='grc' dir='ltr'>καὶ</span> <span class='ocrx_word' id='word_1_879' title='bbox 1734 2549 1808 2583; x_wconf 66' lang='grc' dir='ltr'>χαρά</span> 
     </span>
    </p>
   </div>
   <div class='ocr_carea' id='block_1_114' title="bbox 1020 2595 1806 2632">
    <p class='ocr_par' dir='ltr' id='par_1_114' title="bbox 1020 2595 1806 2632">
     <span class='ocr_line' id='line_1_114' title="bbox 1020 2595 1806 2632; baseline -0.003 -10"><span class='ocrx_word' id='word_1_880' title='bbox 1020 2597 1204 2632; x_wconf 65' lang='grc' dir='ltr'>ὲπὶαίσχροῖς,</span> <span class='ocrx_word' id='word_1_881' title='bbox 1212 2596 1373 2632; x_wconf 79' lang='grc' dir='ltr'>προστίθησι</span> <span class='ocrx_word' id='word_1_882' title='bbox 1381 2597 1436 2628; x_wconf 81' lang='grc' dir='ltr'>τὺ,‹</span> <span class='ocrx_word' id='word_1_883' title='bbox 1449 2597 1493 2623; x_wconf 84' lang='grc' dir='ltr'>Ἐν</span> <span class='ocrx_word' id='word_1_884' title='bbox 1503 2596 1643 2631; x_wconf 76' lang='grc' dir='ltr'>Πνεῦματι</span> <span class='ocrx_word' id='word_1_885' title='bbox 1657 2595 1754 2630; x_wconf 81' lang='grc' dir='ltr'>ἁγίῳ,»</span> <span class='ocrx_word' id='word_1_886' title='bbox 1766 2595 1806 2627; x_wconf 81' lang='grc' dir='ltr'>ὡς</span> 
     </span>
    </p>
   </div>
   <div class='ocr_carea' id='block_1_115' title="bbox 1019 2641 1807 2679">
    <p class='ocr_par' dir='ltr' id='par_1_115' title="bbox 1019 2641 1807 2679">
     <span class='ocr_line' id='line_1_115' title="bbox 1019 2641 1807 2679; baseline -0.001 -11"><span class='ocrx_word' id='word_1_887' title='bbox 1019 2644 1043 2669; x_wconf 85' lang='grc' dir='ltr'><strong>εί</strong></span> <span class='ocrx_word' id='word_1_888' title='bbox 1059 2641 1137 2669; x_wconf 80' lang='grc' dir='ltr'>εἷπε·</span> <span class='ocrx_word' id='word_1_889' title='bbox 1152 2642 1260 2676; x_wconf 84' lang='grc' dir='ltr'>Ταύτην</span> <span class='ocrx_word' id='word_1_890' title='bbox 1276 2643 1348 2677; x_wconf 84' lang='grc' dir='ltr'>λέγω</span> <span class='ocrx_word' id='word_1_891' title='bbox 1371 2643 1420 2678; x_wconf 84' lang='grc' dir='ltr'>τὴν</span> <span class='ocrx_word' id='word_1_892' title='bbox 1439 2643 1550 2679; x_wconf 85' lang='grc' dir='ltr'>εἰρήνην</span> <span class='ocrx_word' id='word_1_893' title='bbox 1571 2643 1618 2670; x_wconf 82' lang='grc' dir='ltr'>καὶ</span> <span class='ocrx_word' id='word_1_894' title='bbox 1637 2642 1733 2677; x_wconf 70' lang='grc' dir='ltr'>χαρὰν,</span> <span class='ocrx_word' id='word_1_895' title='bbox 1757 2642 1807 2676; x_wconf 76' lang='grc' dir='ltr'>τὴν</span> 
     </span>
    </p>
   </div>
   <div class='ocr_carea' id='block_1_116' title="bbox 1019 2689 1805 2725">
    <p class='ocr_par' dir='ltr' id='par_1_116' title="bbox 1019 2689 1805 2725">
     <span class='ocr_line' id='line_1_116' title="bbox 1019 2689 1805 2725; baseline -0.001 -9"><span class='ocrx_word' id='word_1_896' title='bbox 1019 2691 1048 2716; x_wconf 85' lang='grc' dir='ltr'>ὲν</span> <span class='ocrx_word' id='word_1_897' title='bbox 1061 2689 1201 2725; x_wconf 83' lang='grc' dir='ltr'>Πνεύματι</span> <span class='ocrx_word' id='word_1_898' title='bbox 1216 2690 1285 2725; x_wconf 81' lang='grc' dir='ltr'>ἁγίῳ</span> <span class='ocrx_word' id='word_1_899' title='bbox 1305 2691 1460 2725; x_wconf 83' lang='grc' dir='ltr'>γινομένην,</span> <span class='ocrx_word' id='word_1_900' title='bbox 1468 2691 1602 2722; x_wconf 80' lang='grc' dir='ltr'>τουτέστι,</span> <span class='ocrx_word' id='word_1_901' title='bbox 1611 2690 1654 2716; x_wconf 74' lang='grc' dir='ltr'>διὰ</span> <span class='ocrx_word' id='word_1_902' title='bbox 1667 2689 1713 2716; x_wconf 78' lang='grc' dir='ltr'>τοῦ</span> <span class='ocrx_word' id='word_1_903' title='bbox 1727 2690 1805 2723; x_wconf 57' lang='grc' dir='ltr'>ἁγίου</span> 
     </span>
    </p>
   </div>
   <div class='ocr_carea' id='block_1_117' title="bbox 1020 2735 1806 2772">
    <p class='ocr_par' dir='ltr' id='par_1_117' title="bbox 1020 2735 1806 2772">
     <span class='ocr_line' id='line_1_117' title="bbox 1020 2735 1806 2772; baseline 0 -10"><span class='ocrx_word' id='word_1_904' title='bbox 1020 2735 1179 2771; x_wconf 82' lang='grc' dir='ltr'>Πνεύματος</span> <span class='ocrx_word' id='word_1_905' title='bbox 1201 2736 1413 2771; x_wconf 80' lang='grc' dir='ltr'>είσηγουμένην.</span> <span class='ocrx_word' id='word_1_906' title='bbox 1435 2746 1444 2763; x_wconf 80' lang='grc' dir='ltr'><strong>ι</strong></span> <span class='ocrx_word' id='word_1_907' title='bbox 1462 2737 1491 2764; x_wconf 90' lang='lat'><strong>&#39;0</strong></span> <span class='ocrx_word' id='word_1_908' title='bbox 1508 2737 1559 2772; x_wconf 80' lang='grc' dir='ltr'>γὰρ</span> <span class='ocrx_word' id='word_1_909' title='bbox 1583 2738 1611 2763; x_wconf 85' lang='grc' dir='ltr'>ὲν</span> <span class='ocrx_word' id='word_1_910' title='bbox 1627 2735 1733 2768; x_wconf 80' lang='grc' dir='ltr'>τούτοις</span> <span class='ocrx_word' id='word_1_911' title='bbox 1746 2735 1806 2762; x_wconf 80' lang='grc' dir='ltr'>δου-</span> 
     </span>
    </p>
   </div>
   <div class='ocr_carea' id='block_1_118' title="bbox 1019 2779 1802 2816">
    <p class='ocr_par' dir='ltr' id='par_1_118' title="bbox 1019 2779 1802 2816">
     <span class='ocr_line' id='line_1_118' title="bbox 1019 2779 1802 2816; baseline -0.003 -9"><span class='ocrx_word' id='word_1_912' title='bbox 1019 2781 1104 2807; x_wconf 80' lang='grc' dir='ltr'>λεύων</span> <span class='ocrx_word' id='word_1_913' title='bbox 1119 2780 1157 2815; x_wconf 82' lang='grc' dir='ltr'>τῷ</span> <span class='ocrx_word' id='word_1_914' title='bbox 1175 2780 1296 2815; x_wconf 83' lang='grc' dir='ltr'>Χριστῷ.</span> <span class='ocrx_word' id='word_1_915' title='bbox 1310 2789 1319 2806; x_wconf 81' lang='grc' dir='ltr'><strong>ι</strong></span> <span class='ocrx_word' id='word_1_916' title='bbox 1333 2780 1427 2813; x_wconf 79' lang='grc' dir='ltr'>Οὕτως</span> <span class='ocrx_word' id='word_1_917' title='bbox 1440 2781 1568 2816; x_wconf 80' lang='grc' dir='ltr'>πράττων</span> <span class='ocrx_word' id='word_1_918' title='bbox 1585 2781 1653 2808; x_wconf 75' lang='grc' dir='ltr'>αὐτὰ</span> <span class='ocrx_word' id='word_1_919' title='bbox 1665 2779 1702 2810; x_wconf 84' lang='grc' dir='ltr'><strong>ὡς</strong></span> <span class='ocrx_word' id='word_1_920' title='bbox 1719 2787 1802 2814; x_wconf 79' lang='grc' dir='ltr'>χρεω-</span> 
     </span>
    </p>
   </div>
   <div class='ocr_carea' id='block_1_119' title="bbox 1019 2826 1804 2863">
    <p class='ocr_par' dir='ltr' id='par_1_119' title="bbox 1019 2826 1804 2863">
     <span class='ocr_line' id='line_1_119' title="bbox 1019 2826 1804 2863; baseline -0.001 -10"><span class='ocrx_word' id='word_1_921' title='bbox 1019 2827 1102 2861; x_wconf 87' lang='grc' dir='ltr'>στῶν,</span> <span class='ocrx_word' id='word_1_922' title='bbox 1116 2826 1153 2858; x_wconf 85' lang='grc' dir='ltr'>ὼς</span> <span class='ocrx_word' id='word_1_923' title='bbox 1168 2826 1320 2862; x_wconf 84' lang='grc' dir='ltr'>ὀφειλέτης,</span> <span class='ocrx_word' id='word_1_924' title='bbox 1335 2828 1404 2863; x_wconf 73' lang='grc' dir='ltr'>μετὰ</span> <span class='ocrx_word' id='word_1_925' title='bbox 1420 2828 1503 2862; x_wconf 73' lang='grc' dir='ltr'>φόὸου</span> <span class='ocrx_word' id='word_1_926' title='bbox 1526 2827 1573 2855; x_wconf 76' lang='grc' dir='ltr'><strong>καὶ</strong></span> <span class='ocrx_word' id='word_1_927' title='bbox 1590 2827 1658 2862; x_wconf 78' lang='grc' dir='ltr'>μετὰ</span> <span class='ocrx_word' id='word_1_928' title='bbox 1673 2834 1804 2861; x_wconf 82' lang='grc' dir='ltr'>συντριμ-</span> 
     </span>
    </p>
   </div>
   <div class='ocr_carea' id='block_1_120' title="bbox 1021 2871 1805 2915">
    <p class='ocr_par' dir='ltr' id='par_1_120' title="bbox 1021 2871 1805 2915">
     <span class='ocr_line' id='line_1_120' title="bbox 1021 2871 1805 2915; baseline 0.004 -15"><span class='ocrx_word' id='word_1_929' title='bbox 1021 2872 1142 2915; x_wconf 36' lang='grc' dir='ltr'>μουηώς</span> <span class='ocrx_word' id='word_1_930' title='bbox 1158 2873 1253 2915; x_wconf 52' lang='grc' dir='ltr'>τειστος</span> <span class='ocrx_word' id='word_1_931' title='bbox 1264 2872 1358 2915; x_wconf 57' lang='grc' dir='ltr'>ξοιξλος</span> <span class='ocrx_word' id='word_1_932' title='bbox 1378 2873 1460 2914; x_wconf 67' lang='grc' dir='ltr'>Θεοῦ.</span> <span class='ocrx_word' id='word_1_933' title='bbox 1475 2883 1485 2901; x_wconf 76' lang='grc' dir='ltr'><strong>ι</strong></span> <span class='ocrx_word' id='word_1_934' title='bbox 1504 2873 1533 2901; x_wconf 81' lang='lat'><strong>&#39;0</strong></span> <span class='ocrx_word' id='word_1_935' title='bbox 1551 2873 1604 2909; x_wconf 80' lang='grc' dir='ltr'>γὰρ</span> <span class='ocrx_word' id='word_1_936' title='bbox 1623 2871 1805 2907; x_wconf 75' lang='grc' dir='ltr'>φυσιούμενος</span> 
     </span>
    </p>
   </div>
  </div>
