1889 3055
85 158 140 192 601

616 158 811 191 COMMENT.
826 160 866 190 IN
881 161 1001 192 EPIST.
1022 162 1072 192 AD
1087 161 1180 193 ROM.

1668 165 1722 197 602

86 218 137 244 καὶ
159 215 395 252 ἀλαζονευόμενος
412 216 441 243 ιν
463 215 580 249 τούτοις,
595 215 657 243 οὔτε
682 215 803 243 δουλεύει
818 215 893 251 Θεῷ,

980 219 1022 246 Ius
1038 224 1118 247 estet
1139 227 1282 256 arrogans,
1295 227 1351 247 non
1367 220 1450 256 390
1471 217 1557 248 serrit
1577 221 1645 254 Deo,
1670 230 1721 250 ne-

86 261 151 290 οΰτε
166 263 314 298 εὐάρεστος
331 261 414 290 αὑτοῦ
429 263 517 289 ἐστιν.
532 261 592 288 Ἔνι
605 261 634 288 δὲ
649 261 696 288 καὶ
707 261 761 288 ἀπὸ
777 261 884 288 κενοδο-

89 308 151 341 ξίας
160 308 299 342 ἐγκαλεῖν,
316 308 364 335 καὶ
384 308 415 334 οὺ
431 308 474 334 διὰ
491 307 574 342 φόϐον
590 307 607 342 ἢ
624 307 735 342 ἀγάπην
747 307 826 334 Θεοῦ.
837 307 884 334 Διὸ

91 355 202 388 ἐπάγει·
216 364 225 380 ι
241 355 271 381 Ὀ
278 354 333 389 γὰρ
343 355 371 381 ἐν
390 354 497 384 τούτοις
509 353 643 380 δουλεύων
657 352 697 388 τῷ
706 352 827 387 Χριστῷ,
843 361 853 378 θ
870 353 884 379 ὅ

90 402 177 433 ἐστιν,
191 401 220 427 ἐν
229 400 387 436 δικαιοσύνῃ
397 401 445 426 καὶ
457 400 529 435 χαρᾷ
540 400 587 426 καὶ
596 399 692 435 εἰρήνῃ
701 400 884 434 πνευματικῇ.

91 457 101 472 ‹
115 447 173 474 Καὶ
186 447 298 482 δόκιμος
317 448 373 480 τοῖς
395 446 562 482 ἀνθρώποις.
578 455 588 472 ι
603 446 650 481 Μὴ
669 447 748 481 μόνον
761 445 801 477 δὲ,
818 445 886 472 ἀλλὰ

89 494 139 520 καὶ
158 494 182 519 οἱ
211 493 350 529 ἄνθρωποί
377 502 407 520 σε
428 493 614 528 θαυμάσουσιν
636 492 752 527 ὁρῶντες
774 493 886 527 εἰρήνην

90 537 192 573 ἔχοντα
218 539 266 566 καὶ
292 538 379 574 χαρὰν
408 539 456 564 καὶ
477 537 663 572 δικαιοσύνην,
686 537 757 573 παρὸ
786 537 829 564 διὰ
852 537 887 564 τὰ

92 584 188 621 χοιρια
207 585 308 612 ἐσθίειν
331 585 497 619 ἀδιαφόρως.

134 634 211 666 Ἀρα
221 630 278 659 οὖν
294 631 330 658 τὰ
345 631 400 665 τῆς
410 630 536 665 εἰρήνης
550 630 705 664 διώκομεν,
719 630 768 657 καὶ
785 629 821 657 τὰ
833 629 888 664 τῆς

92 678 255 714 οικοδομῆς
274 677 328 712 τῆς
354 679 398 710 εις
426 676 595 710 ἀλλήλους.
618 677 667 710 Μὴ
689 676 795 704 ἕνεκεν
810 676 888 710 ,βρώε

89 735 187 762 ματος
210 724 341 752 κατάλυε
357 723 391 750 τὸ
410 724 500 757 ἔργον
520 723 575 750 τοῦ
599 723 683 750 Θεοῦ.
708 722 809 750 Πάντα
830 722 889 757 μὲν

93 771 222 805 καθαρὰ,
238 769 319 797 ἀλλὰ
339 769 435 796 κακὸν
457 767 497 801 τῷ
516 768 661 803 ἀνθρώπῳ
674 768 715 800 τῷ
731 768 780 795 διὰ
796 776 890 803 προσ-

93 819 248 853 κόμματος
266 817 408 844 ἐσθίοντι.
424 815 525 842 Καλὸν
550 816 583 842 τὸ
602 814 642 849 μὴ
668 815 776 850 φαγεῖν
804 816 887 849 κρέα,

91 864 171 898 μηδὲ
206 863 288 890 πιεῖν
311 861 404 895 οἶνον,
427 861 508 896 μηδὲ
523 861 558 888 ἐν
578 857 602 894 ᾧ
627 863 643 888 ό
665 860 797 895 ἀδελφός
829 869 888 888 σου

93 910 296 945 προσκόπτει,
310 907 329 941 ἢ
346 906 585 938 σκανδαλίζεται,
601 906 619 942 ἢ
633 906 766 934 ἀσθενεῖ.

129 956 209 982 Ἐπεὶ
231 954 278 982 οὖν
294 954 380 981 ταῦτα
401 954 619 988 ἀνωμολόγηται,
646 953 727 990 φησὶ,
745 954 791 980 καὶ
806 953 890 980 δέδει-

97 1011 162 1029 κται
187 1002 229 1028 ὅτι
257 1001 370 1036 καλὸνὴ
395 1000 503 1036 εἰρήνη,
519 1000 634 1036 ταύτην,
651 1001 729 1035 φησι,
751 999 892 1035 μετερχώ-

98 1050 178 1085 μεθα,
197 1050 230 1076 δι’
248 1047 282 1085 ἦς
304 1049 380 1076 ἔσται
402 1049 449 1076 καὶ
475 1050 491 1084 ἠ
521 1049 628 1075 πάντων
652 1049 796 1083 οἰκοδομή.
820 1057 829 1074 ι
845 1047 891 1083 Μὴ

98 1097 193 1124 ἐνεκεν
211 1096 367 1132 βρώματος.
385 1105 394 1122 ι
411 1096 449 1123 Οὐ
460 1097 551 1130 μόνον,
564 1096 657 1130 φησιν,
674 1096 724 1122 οὐκ
741 1095 892 1130 οἰκοδομεῖς

98 1144 223 1178 ἐγκαλῶν
253 1144 299 1171 ἀεὶ
317 1143 362 1170 διὰ
385 1142 421 1170 τὰ
451 1142 598 1178 βρώματα,
614 1141 683 1169 ἀλλὰ
703 1142 751 1169 καὶ
775 1141 809 1177 ἢν
837 1141 892 1177 ἔχει

98 1189 192 1216 πίστιν
204 1187 358 1220 καταλύεις,
378 1187 612 1222 φιλονεικοτέρους
626 1187 724 1218 αὐτοὺς
738 1186 832 1217 ποιῶν,
846 1186 893 1212 καὶ¹

100 1235 254 1269 ἀποστῆναι
264 1234 356 1261 τέλεον
369 1234 419 1268 τῆς
433 1233 551 1265 πίστεως
562 1232 732 1268 παροξύνων.
745 1242 754 1258 ι
767 1232 803 1258 Τδ
812 1232 893 1267 ἔργον

97 1283 146 1309 τοὺ
158 1281 237 1309 Θεοῦ.
257 1291 266 1307 ι
283 1279 454 1317 [ΟΙΚΟΥΜ.]
469 1279 499 1306 ’0
510 1279 587 1312 Θεὸς,
600 1279 677 1314 φησὶ,
690 1278 734 1305 διὰ
746 1277 793 1304 τοῦ
808 1286 893 1304 σταυ-

100 1329 146 1363 ροῦ
161 1328 332 1364 ᾠκοδόμησε,
344 1327 376 1354 σὺ
391 1327 420 1354 δὲ
432 1327 482 1362 τὴν
495 1326 639 1361 οἰκοδομὴν
652 1324 734 1352 αὑτοῦ
746 1323 892 1356 καταλύεις

99 1374 143 1401 διὰ
160 1373 271 1410 βρῶμα.
292 1373 391 1408 Ἔργον
406 1372 435 1400 δὲ
448 1372 495 1399 τοῦ
508 1372 576 1399 Θεοῦ
590 1371 675 1405 λέγει,
688 1371 738 1406 τὴν
754 1369 892 1406 σωτηρίαν

99 1420 154 1447 τῶν
178 1419 341 1454 ἀνθρώπων.
360 1428 369 1445 ‹
387 1419 481 1445 Πάντα
505 1418 554 1453 μὲν
573 1417 692 1452 καθαρά.
712 1427 721 1443 ι
733 1417 793 1444 Ἵνα
805 1416 842 1451 μὴ
858 1417 891 1452 τῇ

103 1464 192 1499 πολλῇ
201 1464 255 1490 τῶν
263 1463 441 1498 ὑγιαινόντων
452 1462 596 1498 ἱπιπλὴξει
619 1462 757 1499 βεϐαιώσῃ
764 1461 802 1498 τῷ
813 1459 893 1489 acea;

99 1511 143 1536 νεῖ
149 1510 179 1536 τὸ
188 1508 408 1545 παρατηρεζσθαι
416 1509 451 1535 τὰ
461 1508 605 1544 βρώματα,
615 1509 661 1535 καὶ
669 1509 708 1540 εἰς
719 1509 800 1536 αὐτὸν
811 1509 894 1544 χωρεῖ

934 271 988 298 que
1005 264 1044 291 illi
1059 268 1189 300 acceptus
1205 269 1257 292 est.
1274 263 1417 305 Contingit
1431 271 1459 293 et
1484 273 1517 293 ex
1544 266 1618 294 inani
1634 268 1722 302 gloria

935 309 1086 344 corripere,
1112 315 1140 338 et
1167 318 1222 337 non
1238 318 1272 338 ex
1294 310 1393 338 timore
1410 315 1458 338 aut
1479 311 1630 340 dilectione
1655 313 1722 342 Dei:

936 355 998 382 ideo
1013 355 1116 382 subdit.
1129 356 1198 383 Nam
1215 356 1263 390 qui
1287 355 1315 383 in
1334 356 1378 384 his
1388 356 1472 384 servit
1485 356 1607 390 Christo,
1624 366 1724 393 nempe

938 402 966 428 in
981 402 1087 437 iustitia
1110 406 1138 430 et
1161 402 1263 438 gaudio
1274 411 1396 438 paceque
1414 403 1563 438 spirituali.
1583 412 1591 429 ι
1607 404 1642 431 Et
1658 413 1724 440 pro-

936 445 1017 473 batus
1033 446 1204 474 hominibus.
1224 456 1233 472 ι
1254 446 1312 474 Non
1330 448 1419 474 solum
1435 451 1528 474 autem
1542 448 1604 479 hoc,
1627 457 1724 476 verum

936 491 1151 519 admirabuntur
1163 496 1188 518 te
1206 492 1356 520 homines:
1378 492 1503 520 ridentes
1530 494 1603 528 quod
1630 503 1724 529 pacem

938 537 1039 564 habeas
1055 541 1083 564 et
1102 537 1231 572 gaudium
1249 546 1280 564 ac
1292 538 1429 573 justitiam
1444 547 1450 565 :
1474 543 1606 573 praeterea
1618 545 1644 567 ct
1661 548 1727 575 por—

937 583 1014 609 cinas
1027 590 1126 610 carnes
1141 583 1218 610 nullo
1236 583 1399 611 discrimine
1414 582 1491 612 edas.

974 629 1043 661 XIV,
1063 630 1159 657 i9-2l.
1173 629 1269 665 Itaque
1285 637 1343 665 qua
1367 632 1439 665 pati:
1460 636 1522 658 sunt
1543 637 1688 659 sectemur:
1703 638 1728 659 et

938 683 997 710 qua!
1013 681 1112 702 mutue
1132 676 1202 702 inter
1229 684 1275 703 nos
1289 677 1486 710 ardiﬁcatiom's.
1513 677 1553 704 Ne
1569 678 1621 705 cibi
1646 687 1729 706 causa

939 721 1058 748 destruat
1074 730 1139 756 opus
1154 721 1211 749 Dei.
1228 721 1324 750 Omnia
1341 724 1446 757 quidem
1461 732 1541 759 pura,
1559 725 1604 751 u'd
1626 725 1727 752 malum

939 774 977 796 est
988 769 1086 796 homini
1101 770 1146 804 qui
1164 777 1212 804 per
1225 766 1414 804 oﬂ'endiculum
1432 771 1555 797 venitur.
1571 770 1675 798 Bonum
1691 777 1729 799 est

941 823 993 842 non
1009 816 1084 842 edere
1099 822 1213 848 carnes,‘
1228 823 1311 851 neque
1336 816 1422 842 bibere
1437 817 1537 848 viuum,
1558 824 1641 852 neque
1653 818 1731 848 quid-

942 863 1014 897 piam
1028 862 1115 895 facere
1132 863 1159 889 in
1172 871 1222 897 quo
1240 863 1325 897 frater
1340 867 1401 890 tuus
1415 862 1539 898 impingit
1551 867 1597 890 aut
1619 864 1730 898 offendi-

942 913 986 939 tur
1001 913 1047 936 aut
1059 908 1226 943 inﬁrmatur.

976 956 1045 984 Cum
1068 964 1133 992 ergo
1149 957 1207 984 haec
1229 956 1257 984 in
1273 956 1402 984 confesso
1420 956 1486 989 sint,
1513 956 1613 991 inquit,
1641 957 1731 991 sitque

942 1007 1084 1030 ostensum
1096 1003 1195 1030 bonam
1207 1010 1270 1030 esse
1290 1010 1397 1037 pacem,
1412 1003 1439 1029 in
1458 1002 1509 1030 hac
1524 1010 1574 1030 nos
1599 1010 1732 1030 exercea-

943 1055 1014 1079 mus,
1032 1055 1081 1082 per
1094 1055 1176 1082 qualn
1192 1048 1333 1083 continget
1344 1048 1428 1075 etiam
1437 1048 1561 1075 omnium
1575 1048 1732 1076 aediﬁcatio.

945 1103 954 1120 ε
970 1093 1008 1121 Ne
1019 1094 1073 1120 cibi
1088 1101 1181 1121 causa.
1203 1104 1211 1120 ι
1231 1094 1290 1121 Non
1304 1095 1407 1126 solum,
1426 1094 1527 1129 inquit,
1543 1102 1597 1122 non
1614 1095 1734 1121 aediﬁcas

943 1140 1007 1168 dum
1019 1146 1131 1175 propter
1150 1140 1228 1167 cibos
1242 1148 1352 1175 semper
1364 1148 1478 1167 accusas
1495 1149 1501 1166 ε
1524 1140 1572 1167 sed
1598 1144 1626 1167 et
1652 1140 1732 1166 ﬁdem

943 1196 1026 1223 quam
1040 1188 1124 1215 habet
1136 1188 1276 1220 dissolvis,
1289 1187 1494 1222 pervicaciores
1512 1187 1587 1221 ipsos
1610 1186 1734 1213 ellieiens

944 1241 977 1260 ac
989 1233 1113 1265 irritans,
1125 1233 1214 1260 donec
1228 1235 1337 1268 penitus
1349 1241 1364 1260 a
1381 1233 1434 1260 ﬁde
1447 1233 1615 1260 desciscant.
1633 1242 1641 1257 ι
1659 1231 1734 1267 Opus

944 1280 1003 1307 Dei.
1024 1289 1032 1305 ι
1050 1280 1132 1311 Deus,
1150 1280 1249 1314 inquit,
1272 1287 1321 1314 per
1335 1279 1492 1314 passionem
1515 1278 1662 1306 aediﬁcavit
1678 1286 1685 1309 ;
1705 1283 1732 1304 tu

943 1334 1010 1354 vero
1021 1325 1108 1361 ipsius
1115 1325 1261 1353 aediﬁcium
1273 1330 1385 1360 propter
1396 1325 1489 1352 cibum
1504 1325 1641 1352 dissulvis.
1659 1324 1736 1359 Opus

944 1377 1036 1400 autem
1049 1372 1098 1399 Dei
1118 1376 1198 1399 vocat
1212 1372 1356 1398 hominum
1375 1371 1504 1398 salutem.
1531 1380 1539 1395 ι
1559 1370 1658 1398 Omnia
1677 1370 1736 1405 qui-

944 1417 1006 1444 dem
1023 1425 1101 1452 pura.
1119 1426 1127 1442 I
1151 1416 1191 1444 Ne
1203 1416 1288 1443 multa
1306 1416 1481 1450 correptione
1504 1414 1575 1442 facta
1602 1415 1737 1442 adversus

944 1471 992 1491 eos
1010 1463 1057 1499 qui
1073 1471 1170 1490 sanum
1191 1463 1331 1490 habebant
1359 1462 1508 1498 judicium,
1525 1461 1671 1489 conﬁrmet
1695 1462 1737 1488 in-

945 1512 1054 1538 ﬁrmum
1069 1511 1102 1538 ad
1117 1511 1244 1538 ciborum
1254 1509 1490 1542 observationem,
1509 1508 1642 1543 deinceps
1653 1509 1736 1536 etiam

99 1555 204 1582 λοιπόν.
216 1556 308 1582 Πάντα
318 1555 366 1590 μὲν
375 1555 493 1590 καθαρὰ,
505 1555 599 1590 φησιν,
609 1554 676 1581 ἀλλὰ
683 1555 767 1582 κακὸν
773 1553 813 1590 τῷ
826 1553 893 1589 μετὰ

1001 1557 1078 1584 illum
1095 1557 1178 1584 vertit
1203 1563 1370 1583 sermonem.
1391 1555 1488 1582 Omnia
1521 1555 1632 1590 quidem
1656 1563 1736 1589 pura,

101 1601 253 1633 συνειδότος
271 1600 392 1636 πονηροῦ
405 1600 534 1628 ἐσθίοντι.
544 1610 553 1627 ι
566 1601 612 1636 Τῷ
624 1601 666 1627 διὰ
679 1601 893 1636 προσκόμματος

102 1648 233 1674 ἐσθίοντι.
252 1657 261 1674 ι
289 1647 344 1674 Καὶ
360 1648 414 1682 γὰρ
437 1648 461 1673 ei
477 1647 660 1681 ἀναγκασθεὶς
675 1647 776 1682 φάγῃς,
800 1647 893 1681 φησὶν,

100 1694 179 1721 οὐδὲν
195 1694 338 1729 ὠφέλησας
351 1700 359 1709 ·
380 1694 451 1729 μετὰ
475 1693 530 1729 γὰρ
552 1693 715 1729 διακρίσεως
738 1693 893 1729 βέϐρωκας.

102 1741 140 1767 οὐ
155 1741 211 1776 γὰρ
233 1740 264 1766 τὸ
281 1741 378 1774 φαγεῖν
394 1741 466 1766 ποιεῖ
482 1748 511 1767 σε
537 1739 669 1775 καθαρὸν,
684 1739 742 1766 ἀλλ’
756 1740 773 1775 ή
787 1739 896 1775 καθαρὰ

102 1785 200 1822 γνώμη
216 1787 276 1821 μεθ’
291 1785 323 1822 ἧς
335 1786 445 1817 ἐσθίεις.
462 1795 471 1813 ι
481 1786 571 1813 Καλὸν
582 1787 612 1813 τὸ
625 1787 664 1822 μὴ
677 1788 773 1821 φαγεῖν
789 1786 869 1822 κρέα.
884 1794 893 1811 ι

109 1832 244 1861 Ἐνταῦθα
265 1833 295 1859 οὺ
315 1833 394 1867 μόνον
416 1832 457 1868 τῷ
481 1831 569 1868 πιστῷ
584 1833 713 1867 παραινεῖ
735 1831 772 1867 μὴ
793 1831 896 1866 σφόδρα

102 1880 295 1908 καθάπτεσθαι
320 1879 368 1907 τοῦ
386 1879 576 1912 ἀσθενοῦντος,
602 1879 670 1906 ἀλλὰ
687 1879 734 1906 καὶ
758 1886 897 1912 συγκατα-

103 1927 184 1961 σῆναι
200 1926 287 1961 αὐτῷ,
304 1926 351 1953 καὶ
367 1925 404 1961 μὴ
418 1927 515 1960 φαγεῖν
536 1926 616 1960 κρέα,
637 1925 704 1960 μηδὲ
718 1925 790 1951 πιεῖν
804 1921 877 1950 οἶνον
887 1931 894 1937 ·

101 1972 163 1998 Κᾶν
178 1971 244 1998 ἄλλο
258 1971 363 2003 τιδέοι,
382 1970 555 2007 παραίτησαι
574 1970 620 1997 διὰ
631 1970 681 2005 τὴν
699 1969 838 2004 σωτηρίαν
849 1967 897 1995 τοῦ

101 2016 222 2052 ἀδελφοῦ
249 2026 306 2044 σου.
337 2017 479 2051 Μεγίστην
505 2017 559 2052 γὰρ
586 2017 643 2052 ἔχει
667 2015 897 2050 συγκαταὸάσεως

104 2063 236 2098 ἀφορμὴν
258 2063 274 2098 ἡ
294 2063 431 2090 ἀσθένεια.
454 2073 463 2089 ‹
483 2063 558 2098 Μηδὲ
575 2063 604 2089 ὲν
628 2058 650 2096 ᾧ
667 2062 681 2088 ό
710 2061 822 2095 ἀδελφός
850 2069 897 2086 σου

101 2110 286 2145 προσκόπτει.
297 2119 306 2134 ι
320 2109 391 2144 Ὀρα
402 2109 460 2140 πῶς
473 2110 502 2135 ὲν
515 2109 555 2144 τῷ
570 2109 637 2144 πρὸς
650 2108 695 2135 τὸν
711 2107 896 2142 πιστὺνξλόγῳ,

101 2155 158 2182 τῶν
184 2155 366 2189 ὀλιγοπιστων
386 2155 567 2186 καθάπτεται,
588 2155 618 2180 ὲν
646 2150 723 2187 ᾧτινι
755 2153 898 2187 πράγματι

103 2200 287 2235 προσκόπτει,
305 2200 374 2235 ὅπερ
388 2198 444 2225 τῶν
463 2198 656 2233 τυφλουμένων
677 2198 754 2224 ἴδιον.
779 2196 898 2223 Σκανδα-

101 2246 210 2278 λίζεται
236 2245 276 2278 δὲ,
304 2245 373 2281 ὅπερ
404 2244 652 2272 εὐσκανδαλίστων.
677 2243 810 2276 Ἀσθενεῖ,
826 2243 894 2278 ὅπερ
909 2238 934 2268 Ι)

102 2291 296 2326 όλιγοπίστων.

139 2431 182 2459 Σὺ
195 2431 302 2458 πίστιν
319 2429 410 2464 ἔχεις,
425 2429 500 2457 κατὰ
515 2428 646 2456 σεαυτὸν
665 2427 727 2462 ἔχε.
745 2427 896 2462 Μακάριος

103 2480 121 2505 ὁ
136 2477 178 2512 μὴ
198 2477 311 2511 κρίνων
323 2475 434 2503 ἑαυτὸν
455 2475 489 2502 ἐν
513 2472 537 2509 ᾧ
554 2473 712 2510 δοκιμάζει.
737 2474 768 2501 '0
784 2474 818 2501 δὲ
835 2473 897 2500 δια-

103 2526 294 2558 κρινόμενος,
312 2522 366 2550 ὲὰν
377 2522 470 2557 φάγῃ,
489 2522 708 2555 κατακέκριται,
731 2521 775 2548 ὅτι
793 2522 849 2548 οὐκ
863 2520 898 2547 ἐκ

101 2571 246 2603 πίστεως.
258 2570 322 2597 Πᾶν
334 2569 368 2596 δὲ
384 2569 399 2596 ὃ
412 2570 468 2596 οὐκ
484 2569 518 2595 ὲκ
534 2568 672 2600 πίστεως,
682 2567 808 2602 ἁμαρτία
820 2566 897 2595 ἐστί.

141 2666 240 2693 Πίστιν
251 2663 378 2696 ἐνταῦθα,
390 2663 441 2697 τὴν
459 2662 524 2697 περὶ
540 2661 594 2688 τῶν
611 2661 802 2696 προκειμένων
813 2660 898 2694 λέγει,

104 2710 161 2739 οἷον
174 2711 331 2747 βρωμάτων
344 2717 352 2724 ’
371 2709 409 2741 ὡς
424 2709 476 2744 ἥγε
495 2708 561 2743 περὶ
576 2706 732 2742 δογμάτων,
751 2707 781 2732 ὲν
795 2706 834 2741 τῷ
849 2715 900 2740 φα.

102 2758 178 2794 νερῷ
201 2756 394 2792 ὁμολογεῖσθαι
415 2756 500 2782 πᾶσιν
516 2755 631 2790 ὀφείλει,
651 2764 660 2779 ι
679 2754 737 2785 Πᾶς
761 2752 811 2788 μὲν
833 2753 899 2787 γὰρ,

103 2806 202 2840 φησὶν,
227 2804 302 2835 ὅστις
316 2802 473 2838 ὁμολογήσῃ
489 2803 518 2828 ὲν
535 2801 598 2836 ἐμοὶ
620 2799 760 2836 ἔμπροσθε
776 2798 830 2826 τῶν
854 2800 903 2826 ἀν-

104 2850 238 2887 epam»,
253 2859 262 2875 ι
281 2850 330 2876 καὶ
353 2848 428 2884 ἑξῆς.
447 2846 582 2876 Ἐνταῦθα
607 2846 634 2874 δὲ
648 2867 656 2880 ,
681 2846 730 2874 καὶ
752 2845 901 2880 κενοδοξεῖν

160 2908 185 2926 ιι
201 2907 334 2942 Matth.x,
347 2907 391 2937 σε.

946 1603 1047 1637 inquit,
1065 1602 1113 1630 sed
1128 1602 1229 1635 malum
1247 1606 1290 1628 est
1308 1601 1470 1635 hominiqui
1488 1608 1551 1628 cum
1565 1600 1737 1627 conscientia

946 1648 1011 1676 mali
1028 1649 1159 1676 vescitur.
1189 1657 1198 1673 ι
1214 1647 1266 1680 Qui
1281 1655 1330 1682 per
1345 1647 1545 1674 oﬁendiculum
1573 1646 1706 1673 vescitur.
1725 1655 1734 1671 ι

945 1695 1054 1722 Etenim
1075 1695 1097 1721 si
1120 1698 1233 1721 coactus
1246 1693 1323 1725 edas,
1348 1693 1417 1720 nihil
1438 1693 1491 1719 hoc
1514 1692 1564 1719 tibi
1582 1691 1736 1727 profuerit:

946 1741 1011 1776 quia
1027 1748 1089 1768 cum
1112 1740 1312 1775 dijudicatione
1328 1739 1421 1766 edisti.
1439 1739 1532 1774 Neque
1545 1739 1619 1766 enim
1645 1738 1736 1772 ipsum

946 1787 1028 1816 edere
1054 1786 1138 1814 eﬁicit
1163 1790 1189 1814 te
1211 1793 1322 1821 purum,
1349 1785 1396 1812 sed
1412 1793 1482 1820 pura
1500 1793 1579 1812 mens
1600 1791 1653 1819 qua
1667 1783 1738 1811 edis.

951 1844 959 1860 I
978 1834 1083 1861 Bonum
1099 1837 1142 1860 est
1171 1840 1226 1859 non
1242 1832 1325 1859 edere
1351 1839 1458 1858 carnes.
1478 1840 1487 1857 ι
1507 1830 1558 1857 ilic
1576 1838 1631 1857 non
1649 1830 1738 1857 solum

947 1880 1079 1908 admonet
1104 1879 1212 1908 ﬁdelem
1241 1886 1276 1904 ne
1301 1877 1422 1912 graviter
1443 1877 1562 1903 lacessat
1585 1875 1738 1903 inﬁrmum.

946 1933 1044 1954 verum
1059 1925 1141 1952 etiam
1154 1928 1183 1951 ut
1197 1924 1230 1950 ad
1247 1924 1338 1958 ipsum
1357 1930 1417 1950 sese
1433 1922 1578 1950 demittat:
1595 1926 1622 1948 et
1641 1928 1739 1948 carnes

945 1980 1002 2000 non
1022 1972 1096 2004 edat,
1119 1978 1172 1998 nec
1189 1970 1285 1997 vinum
1314 1969 1404 2001 bibat,
1424 1969 1489 1996 etsi
1506 1967 1573 2003 quid
1589 1967 1665 1994 aliud
1690 1967 1740 1994 ob-

948 2025 1058 2047 servare
1069 2021 1197 2052 oporteat
1210 2016 1246 2043 ob
1260 2015 1355 2043 fratris
1366 2015 1494 2042 salutem.
1511 2015 1578 2042 Nam
1593 2014 1739 2041 maximam

949 2065 1034 2092 habet
1072 2063 1318 2092 condescensionis
1364 2061 1540 2089 occasionem
1581 2059 1739 2087 inﬁrmitas.

954 2120 962 2137 ι
982 2111 1077 2145 Neque
1097 2109 1240 2144 quippiam
1259 2107 1349 2135 facere
1372 2107 1400 2134 in
1427 2114 1483 2141 quo
1498 2106 1585 2132 frater
1607 2109 1672 2132 tuus
1688 2104 1740 2130 im-

950 2156 1048 2191 pingit.
1068 2165 1077 2180 ›
1098 2155 1165 2182 Vide
1185 2153 1324 2188 quomodo
1341 2153 1367 2180 in
1380 2159 1508 2179 sermone
1525 2151 1586 2177 ﬁdei
1599 2157 1647 2177 eos
1669 2157 1741 2176 mor-

951 2202 1015 2229 deat
1025 2201 1071 2236 qui
1085 2200 1138 2227 ﬁde
1153 2199 1246 2234 pusilli
1257 2203 1330 2226 sunt.
1344 2198 1373 2224 ln
1385 2198 1483 2232 quavis
1496 2204 1526 2223 re
1539 2196 1602 2223 talis
1613 2195 1740 2230 impingit

948 2248 1020 2284 quod
1028 2254 1162 2275 caecorum
1175 2245 1315 2281 proprium
1327 2243 1468 2279 est;391
1480 2242 1739 2274 oﬂ'cnditurautem,

950 2295 1024 2331 quod
1047 2301 1143 2321 eorum
1161 2292 1305 2328 proprium
1337 2295 1379 2318 est
1393 2291 1440 2326 qui
1457 2290 1536 2317 facile
1559 2289 1740 2317 offensionem

948 2339 1268 2377 patiunturJnﬁrmatur
1277 2344 1343 2364 vero
1354 2346 1360 2364 :
1373 2336 1447 2372 quod
1465 2335 1646 2363 imbecillium
1660 2339 1701 2362 est
1713 2340 1741 2362 et

949 2388 1003 2415 ﬁde
1015 2387 1176 2422 pusillorum

985 2433 1055 2466 XIV,
1069 2432 1162 2460 22-23.
1191 2424 1228 2459 Tu
1253 2430 1334 2465 ﬁdem
1357 2430 1457 2458 habes:
1485 2429 1557 2465 apud
1575 2429 1740 2463 temetipsum

947 2480 1013 2507 habe
1029 2487 1119 2506 coram
1136 2477 1200 2505 Dea.
1218 2477 1315 2504 Beatus
1327 2477 1371 2512 qui
1387 2485 1439 2503 non
1452 2476 1557 2512 judicat
1572 2476 1741 2510 semetipsum

947 2527 975 2553 in
998 2534 1027 2552 eo
1044 2525 1115 2560 quod
1137 2523 1238 2559 probat.
1268 2523 1321 2556 Qui
1342 2530 1403 2550 vero
1429 2522 1570 2556 diiudicat,
1597 2522 1619 2547 si
1645 2521 1740 2551 ederit,

949 2570 1139 2598 condemnatus
1150 2572 1197 2600 est,
1216 2569 1278 2602 quia
1295 2575 1347 2594 non
1364 2575 1395 2594 ea;
1410 2568 1461 2601 ﬁde
1479 2567 1544 2594 edit.
1562 2565 1646 2592 Porro
1664 2565 1742 2599 quid-

949 2616 1012 2650 quid
1027 2623 1078 2642 non
1093 2621 1124 2640 ex
1138 2613 1189 2648 ﬁde
1201 2617 1248 2645 est,
1264 2616 1398 2647 peccatum
1413 2616 1462 2639 est.

987 2661 1081 2689 Fidem
1093 2660 1139 2687 hic
1151 2659 1219 2686 dicit
1231 2659 1264 2686 de
1277 2658 1319 2686 his
1330 2666 1392 2693 quae
1404 2657 1545 2692 praemissa
1557 2659 1741 2688 sunt,nempe

952 2708 986 2736 dc
999 2708 1083 2735 cibis:
1099 2705 1324 2741 quandoquidem
1338 2712 1398 2732 eam
1413 2711 1473 2739 qua:
1488 2703 1523 2730 de
1535 2701 1671 2736 dogmatis
1686 2705 1740 2733 est,

950 2753 1034 2781 debet
1063 2753 1181 2788 quisque
1220 2759 1314 2778 coram
1343 2750 1475 2777 omnibus
1509 2746 1643 2783 proﬁteri.
1672 2746 1740 2774 Nam

955 2809 964 2826 ι
982 2799 1088 2831 Omnis,
1102 2798 1205 2834 inquit,
1217 2797 1265 2832 qui
1279 2796 1425 2824 confessus
1443 2794 1528 2821 fuerit
1543 2793 1570 2821 in
1588 2801 1632 2820 me
1647 2800 1740 2820 coram

949 2845 1110 2874 hominibus
1122 2845 1175 2879 ",i
1191 2849 1219 2872 et
1233 2847 1344 2872 caetera.
1362 2841 1411 2870 ilic
1430 2845 1523 2870 autem
1540 2840 1663 2869 insinuat
1675 2847 1740 2868 cum
