1889 3055
147 149 202 182 603

683 147 883 177 (ECUMENH
901 146 1046 177 TRICCE
1066 147 1239 177 EPISCOPI

1721 148 1776 178 ὕοι

146 212 258 242 quoque
280 204 400 232 inaniter
419 203 529 239 glOriari
547 202 596 237 qui
621 201 761 237 perfectus
773 205 843 228 erat.
868 202 934 228 Per-

1036 201 1132 229 ῐττεται
1152 202 1198 229 τδν
1214 201 1327 230 τέλειον.
1342 201 1452 234 Τέλειος
1470 200 1506 235 ετ,
1526 203 1605 238 φησι,
1622 203 1670 230 καὶ
1688 204 1781 240 ἀπηρ-

147 253 248 283 t'eetus,
273 251 373 285 inquit,
393 257 423 277 es
438 254 467 277 et
488 247 612 276 numeris
637 247 766 274 omnibus
789 247 934 282 expletus?

146 297 216 332 quid
232 296 364 324 virtutem
378 295 518 322 ostentas?
533 293 643 321 noverit
665 293 739 320 Deus
753 301 822 320 rem.
842 302 850 318 ι
866 293 934 320 Bea—

149 347 195 370 tus
205 347 248 370 est
269 342 318 376 qui
343 348 396 368 non
413 339 519 376 judicat
539 339 661 374 seipsum
686 339 714 366 in
730 346 764 366 eo
775 338 850 373 quod
868 346 934 373 pro-

149 389 207 416 bat.
227 387 314 426 ’,Ηοο
331 391 384 418 est,
404 386 432 413 in
445 394 478 413 eo
496 385 570 420 quod
595 384 757 420 probaverit
775 389 867 411 utrum
883 384 936 411 hoc

149 433 231 461 modo
247 441 282 460 an
304 433 350 460 illo
372 432 409 459 sit
430 431 590 466 agendum:
615 435 683 465 puta
710 435 802 458 utrum
827 430 880 457 hoc
899 430 936 457 sit

148 479 286 508 edendum
310 485 401 506 annon
413 477 450 505 sit
463 477 613 505 edendum.
625 476 770 509 Quomodo
779 481 871 504 autem
883 476 936 503 hoc

148 526 220 553 erit?
243 525 284 553 Ex
313 524 486 553 conscientia
515 532 594 558 pura.
626 523 680 551 Ubi
700 523 775 550 enim
800 522 933 549 dixisset:

152 581 162 598 ι
180 571 259 606 Apud
286 570 461 605 temetipsum
484 569 555 597 habe
581 569 673 602 ﬁdem,
693 578 702 595 ι
729 568 792 596 ait:
821 567 935 595 Etiamsi

150 623 246 644 omnes
264 620 290 643 te
316 620 449 644 accusent
464 614 666 650 dispensatorie
693 614 838 649 quidpiam
853 621 937 648 agen-

153 667 217 695 tem,
244 667 292 690 aut
319 666 433 698 propter
453 662 572 689 salutem
587 661 682 688 fratris
709 660 761 692 tui,
788 659 870 686 modo
891 663 937 685 tua

149 709 320 736 conscientia
335 716 389 735 non
404 711 516 735 accuset
531 712 568 740 te,
583 707 679 734 beatus
695 713 735 733 es.
753 706 793 733 Ex
808 705 852 732 his
870 712 937 732 sane

151 753 289 781 inﬁrmum
302 755 372 781 ciam
387 753 518 789 percutit.
533 753 601 780 Nam
621 753 644 780 si
659 760 693 780 ex
714 751 883 779 conscientia
896 755 938 779 est

152 799 275 827 ﬁdelium
297 807 401 827 corona
417 803 447 826 et
467 799 596 831 felicitas,
617 799 712 834 utique
723 803 750 825 ct
767 797 936 825 condemna-

152 847 200 873 tio.
219 846 258 874 Ne
281 853 348 881 ergo
361 853 393 873 ex
406 845 604 881 dijudicatione
620 845 655 873 ob
678 844 872 872 necessitatem
890 850 937 870 ve-

984 248 1131 282 τισμένος;
1147 248 1174 274 τί
1191 248 1344 282 πομπεύεις
1355 248 1405 284 τὴν
1415 249 1533 284 ἀρετήν;
1547 249 1627 276 Ἴστω
1638 251 1653 276 6
1667 249 1736 281 Θεὸς
1748 250 1779 276 τὸ

986 293 1114 328 πρᾶγμα.
1141 303 1150 319 ι
1168 294 1312 329 Μακάριός
1328 294 1397 326 ἐστι,
1417 294 1495 329 φησὶ,
1511 295 1525 321 6
1550 295 1587 330 μὴ
1603 295 1779 330 κατακρίνων

987 339 1083 366 ἑαυτὸν
1094 340 1122 366 ὲν
1132 336 1154 373 ᾧ
1163 339 1317 375 δοκιμάζει.
1333 350 1342 366 ι
1357 341 1512 374 Τουτέστιν,
1525 342 1554 368 ὲν
1565 338 1587 376 ᾧ
1596 342 1629 368 ἂν
1643 342 1779 377 δοκιμάσῃ

986 384 1129 419 πράγματι
1147 384 1256 411 τοιῶσδε
1268 385 1285 418 ἦ
1303 385 1427 418 τοιῶσδε,
1443 383 1498 413 οἷον
1516 387 1615 421 φαγεῖν
1626 387 1686 413 τόδε
1706 387 1724 422 ἢ
1742 387 1779 422 μὴ

987 430 1093 463 φιγεῖν.
1103 429 1164 461 Πῶς
1174 429 1202 456 δὲ
1213 429 1376 457 ἔσταιτοῦτο
1387 431 1471 463 ;’Δπὸ
1482 430 1604 466 καθαροῦ
1616 431 1778 462 συνειδότος.

992 475 1103 511 Ἐπειδὴ
1125 476 1181 511 γὰρ
1205 474 1277 507 εἶπε,
1305 485 1315 502 ι
1336 477 1415 504 Κατά
1441 477 1555 504 σεαυτὸν
1578 477 1624 512 ἔχε
1644 478 1748 509 πίστιν,
1767 487 1776 502 ι

988 521 1081 556 φησὶν,
1094 522 1134 547 ὃτι
1147 521 1206 548 Κάν
1222 522 1323 554 πάντες
1336 530 1365 548 σε
1378 523 1540 558 μέμφωνται
1555 524 1738 558 οἰκονομικῶς
1753 532 1779 550 τι

988 568 1127 600 ποιοῦντα,
1147 569 1164 604 ἢ
1191 569 1236 596 διὰ
1254 570 1393 604 σωτηρίαν
1417 569 1466 597 τοῦ
1486 570 1601 604 ἀδελφοῦ
1625 579 1685 601 σου,
1705 571 1737 597 τὸ
1751 571 1779 597 δὲ

988 614 1033 641 σὸν
1054 615 1174 646 συνειδὸς
1191 614 1221 641 οὒ
1240 616 1394 652 κατακρίνῃ
1411 624 1452 648 σε,
1469 616 1603 651 μακάριος
1618 615 1653 643 εἴ.
1680 617 1729 643 Ἐκ
1748 617 1779 651 δὴ

987 661 1090 688 τούτων
1104 661 1150 688 τὸν
1173 661 1274 697 ἀσθενῆ
1291 662 1413 697 πλήττει.
1430 663 1462 689 Et
1478 663 1532 696 γὰρ
1548 663 1579 688 ὲκ
1597 662 1644 688 τοῦ
1661 662 1781 688 συνειδὸ-

987 716 1032 738 to;
1046 708 1060 733 6
1079 708 1212 741 στέφανος
1229 708 1277 735 καὶ
1293 709 1306 735 ὁ
1324 708 1497 744 μακαρισμὸς
1515 707 1571 734 τῶν
1590 708 1706 739 πιστῶν,
1731 708 1781 742 δη-

988 753 1076 780 λονότι
1108 754 1156 780 καὶ
1179 755 1196 790 ἡ
1211 754 1384 790 κατάκρισις.
1409 755 1454 789 Μὴ
1479 752 1527 781 οὖν
1551 755 1620 781 κατά
1641 754 1782 789 διάκρισιν

989 799 1074 833 ἔσθιε,
1100 799 1144 826 διὰ
1171 800 1221 835 τὴν
1253 801 1386 836 ἀνάγκην,
1414 800 1505 836 φησιν.
1532 809 1541 826 ι
1565 801 1595 827 '0
1616 800 1654 835 μὴ
1678 800 1783 835 κρίνων

989 846 1096 873 ἑαυτόν.
1108 855 1117 871 ι
1129 861 1162 865 -
1175 845 1276 882 [ΦΩΤ.]
1291 847 1467 873 Ἀντιπῐπτον
1478 845 1548 872 λύει.
1564 845 1597 871 Τί
1611 845 1668 877 οὖν,
1687 845 1783 880 φησιν,

151 891 255 924 stiaris,
273 892 373 926 inquit.
398 902 406 917 ι
418 892 470 924 Qui
486 899 542 919 non
553 891 659 926 judicat
675 891 808 925 seipsum.
821 900 869 916 ι-
884 889 939 917 Ob-

1036 892 1079 919 διά
1098 893 1144 919 τὶν
1159 892 1258 927 ἀσθενῆ
1278 892 1344 928 μηδὲ
1365 891 1420 927 ἐγὼ
1436 893 1533 927 (piro);
1551 892 1589 918 Οὐ
1606 891 1785 927 παραϐάλλο-

149 937 299 971 jcctionem
311 936 403 963 solvit.
416 936 486 969 Quid
499 944 565 972 ergo
576 937 649 964 dicet
661 936 771 971 aliquis,
782 945 815 964 an
826 940 939 972 propter

153 981 290 1009 inlirmum
317 991 407 1018 neque
423 991 474 1019 ego
491 983 595 1010 edam?
617 991 683 1010 num
698 983 731 1011 ad
748 984 840 1018 ipsum
857 990 938 1010 acce-

153 1026 238 1054 dam?
255 1028 324 1055 Num
343 1028 395 1063 ipsi
409 1028 510 1056 similis
531 1029 634 1056 eﬂiciar
646 1029 657 1055 Τ
669 1028 709 1057 Ad
724 1029 776 1056 hoc
793 1037 859 1064 ergo
872 1035 939 1063 pro-

152 1073 302 1107 pemodum
318 1074 396 1107 dicit,
416 1074 505 1102 Absit.
522 1074 589 1103 Nam
618 1075 687 1103 ﬁdes
704 1080 749 1102 tua
772 1083 864 1103 coram
885 1075 940 1102 Deo

153 1126 221 1152 pura
236 1123 278 1146 est
296 1120 494 1156 etincorrupla
510 1125 612 1148 manet.
629 1121 744 1153 Deinde,
773 1121 840 1156 quid
865 1121 938 1154 dico,

152 1164 250 1199 ihquit,
265 1166 340 1200 quod
362 1167 431 1194 nihil
451 1175 485 1195 ex
501 1167 554 1195 hoc
575 1167 736 1195 nocumenti
757 1167 888 1202 recipias,
905 1172 934 1195 et

152 1212 225 1246 quod
239 1211 307 1240 ﬁdes
322 1217 369 1240 tua
393 1218 505 1241 maneat
529 1222 623 1241 coram
642 1214 717 1241 Deo?
732 1215 816 1242 etiam
834 1214 939 1248 purita-

153 1263 206 1285 tem
225 1258 272 1285 tibi
291 1259 342 1294 ipsi
356 1260 500 1292 concilias,
518 1261 540 1288 si
559 1264 673 1296 propter
688 1261 782 1288 fratris
794 1260 941 1287 utilitatem

152 1311 185 1330 ac
206 1305 324 1332 salutem
349 1313 405 1333 non
422 1307 556 1334 vescaris.
575 1307 688 1339 Beatus,
704 1307 806 1342 inquit.
823 1307 871 1341 qui
887 1314 941 1333 non

150 1350 322 1378 condemnat
341 1351 461 1386 scipsum
482 1352 510 1379 in
530 1360 564 1380 eo
587 1352 661 1387 quod
677 1353 783 1386 probat,
809 1353 864 1380 hoc
888 1355 941 1384 est,

155 1395 202 1430 qui
227 1396 426 1424 conscientiam
445 1405 525 1424 suam
552 1397 635 1424 habet
665 1397 719 1424 sibi
742 1401 940 1426 attestantem:

154 1447 209 1467 non
221 1441 247 1467 in
256 1441 308 1469 hoc
317 1442 404 1469 solum
414 1443 488 1477 quod
500 1446 613 1477 propter
620 1442 837 1477 fratrissalutem
850 1451 863 1470 a
873 1444 943 1471 cibis

151 1486 275 1514 abstinet
303 1496 310 1515 :
348 1488 529 1515 verumetiam
555 1488 583 1516 in
611 1489 687 1516 omni
715 1478 878 1524 simpliciter
901 1497 942 1522 re,

150 1540 348 1568 quamcunque
372 1537 469 1560 exacta
495 1533 661 1568 probatione
689 1534 868 1569 perpenderit
892 1534 942 1562 bo-

151 1584 218 1604 nam
230 1584 290 1605 esse
304 1577 420 1605 :deinde
430 1578 504 1605 illam
516 1577 616 1606 fecerit
626 1579 824 1607 conscientiam
837 1579 942 1607 habens

154 1628 346 1651 attestantem:
360 1625 422 1651 talis
430 1624 528 1651 beatus
540 1629 582 1652 est
592 1634 600 1658 ;
610 1625 805 1660 392tantum
818 1627 897 1654 abest
913 1630 943 1654 ut

155 1675 353 1698 nocumentum
376 1671 485 1706 aliquod
504 1671 586 1706 hujus
603 1672 689 1706 gratia
708 1672 833 1707 recipiat.
863 1681 872 1698 ι
891 1672 942 1706 Qui

156 1725 222 1744 vero
241 1717 386 1753 dijudicat.
410 1727 420 1744 ›
450 1717 509 1744 Hoc
526 1725 637 1746 rursum
660 1718 695 1746 ad
710 1726 807 1746 sanum
830 1712 858 1746 in
877 1719 941 1747 ﬁde.

155 1763 212 1790 Cur
235 1765 309 1791 enim
329 1763 407 1791 illum
429 1763 506 1798 cogis
530 1764 614 1791 edere
635 1765 682 1799 qui
698 1765 822 1792 nondum
840 1765 943 1792 conﬁr-

158 1814 248 1838 matus
258 1809 323 1837 est?
339 1817 374 1836 an
389 1809 481 1836 nescis
494 1809 569 1844 quod
581 1809 604 1836 is
617 1809 664 1844 qui
678 1809 822 1845 dijudicat,
838 1811 861 1838 si
877 1811 943 1838 ede-

157 1855 194 1882 rit
213 1855 415 1882 condemnatus
427 1858 471 1881 est
483 1862 491 1888 ;
505 1855 570 1889 quia
586 1862 642 1882 non
654 1863 688 1882 ex
702 1855 754 1883 ﬁde
766 1855 834 1888 edit,
849 1856 897 1885 sed
911 1865 944 1884 ex

157 1902 322 1929 necessitate
337 1905 385 1927 aut
407 1900 534 1935 pudore?
550 1909 640 1936 neque
655 1901 734 1931 enim
746 1902 945 1931 crediditillud

157 1955 257 1982 purum
272 1954 344 1979 esse,
358 1950 386 1973 et
396 1946 432 1974 ita
444 1947 511 1974 edit.
524 1946 580 1974 Cur
590 1947 643 1982 ipsi
658 1955 724 1983 ergo
734 1947 944 1976 condemnatio-

158 1995 200 2021 nis
213 2000 296 2020 causa
305 1992 432 2026 etﬁceris,
449 2001 550 2028 cogens
566 1993 655 2028 ipsum
667 1993 700 2020 ad
716 1993 866 2026 edendum,
882 2003 944 2023 cuin

157 2040 278 2074 patiatur
306 2039 516 2066 oll'endiculum.
543 2039 649 2067 Deinde
672 2040 850 2074 postmodum
874 2040 947 2068 allir-

158 2083 258 2112 mando
281 2084 350 2112 dicit
376 2084 450 2120 quod
468 2084 606 2120 quidquid
621 2085 720 2113 fecerit
733 2086 871 2121 quispiam
890 2095 945 2115 non

156 2139 190 2157 ex
203 2130 267 2162 ﬁde.
290 2131 316 2158 in
329 2139 363 2159 eo
377 2137 485 2166 peccat.

192 2177 262 2209 XVI,
276 2178 373 2205 25-27.
401 2178 434 2205 Ei
455 2182 545 2205 autem
557 2179 602 2214 qui
625 2183 717 2214 potens
734 2183 772 2206 est
788 2187 833 2207 υοι
844 2180 944 2214 con/ir-

158 2232 231 2250 mare
237 2224 319 2259 juxta
332 2224 506 2260 Evangelium
519 2233 605 2252 meum
613 2230 637 2252 et
651 2226 866 2260 prwdicatt'onem
877 2227 939 2254 Iesu
957 2243 988 2276 Β

157 2269 275 2297 Christi:
293 2270 440 2297 secundum
463 2270 650 2298 reuelationem
673 2273 801 2307 mysterii,
824 2275 946 2309 tempori.

157 2317 203 2343 bus
235 2317 341 2344 cateruis
363 2317 448 2349 taciti,
473 2326 544 2344 nunc
565 2326 626 2345 vero
656 2319 836 2354 mani/bstuli:
860 2326 885 2348 et
900 2330 947 2357 per

159 2362 310 2398 Scriptura:
332 2363 497 2398 propheticus
516 2364 660 2391 secundum
675 2370 835 2400 preceptum
853 2368 948 2395 wterni

158 2408 218 2441 Dei,
235 2408 271 2436 ad
287 2409 463 2436 obedientiam
479 2409 553 2443 fidei,
571 2418 618 2445 per
639 2418 727 2438 omnes
742 2416 831 2446 gentes
849 2414 945 2448 agniti,

159 2454 209 2482 soli
218 2454 333 2489 sapienti
352 2453 405 2481 Deo
417 2462 464 2490 per
481 2453 573 2482 Iesum
589 2455 734 2488 Christum,
757 2457 798 2483 cui
814 2456 900 2491 gloria
919 2457 947 2483 in

159 2500 270 2528 swcula.
286 2501 382 2528 Amen.

195 2547 372 2582 Hyperltaton
389 2551 450 2576 est:
468 2557 478 2573 ι
497 2547 530 2575 Ei
546 2553 639 2576 autent
653 2549 701 2584 qui
719 2553 819 2584 potens
844 2551 888 2575 est
899 2555 949 2575 vos

160 2593 327 2621 conﬁrmare
351 2594 378 2622 in
393 2594 506 2624 sarcula.
524 2595 623 2623 Amen.
647 2604 657 2621 ι
687 2610 722 2616 —
738 2604 747 2620 ι
765 2594 821 2622 Vos
846 2593 949 2620 conﬁr-

162 2648 246 2668 mare.
269 2650 279 2666 ι
294 2641 427 2668 Precatur
444 2641 577 2675 deinceps
594 2648 645 2676 pro
661 2639 857 2667 imbecillibus.
880 2639 949 2666 Nam

163 2687 320 2720 precatione
339 2687 394 2714 illis
410 2695 480 2722 opus
495 2691 556 2714 erat
573 2686 615 2714 vel
639 2685 768 2714 consilio.
783 2685 884 2713 Dicens
899 2693 950 2712 au-

162 2737 217 2759 tem
231 2742 240 2759 ‹
252 2733 429 2765 conﬁrmare,
444 2743 452 2759 ι
469 2732 605 2768 signiﬁcat
620 2739 668 2759 eos
681 2731 820 2759 vacillare.
846 2731 951 2759 Deinde

163 2779 274 2806 modum
287 2779 369 2807 etiam
381 2778 599 2807 conﬁrmationis
614 2778 729 2805 inducit.
746 2787 755 2804 ι
771 2778 852 2806 Juxta
862 2777 951 2805 Evan-

164 2825 266 2860 gelium
284 2833 385 2852 meum.
404 2835 413 2851 ι
445 2825 478 2853 Ut
491 2825 538 2857 ita,
556 2823 656 2859 inquit,
673 2824 766 2852 vivant
782 2824 854 2852 sicut
873 2824 951 2859 jubet

166 2871 358 2906 Evangelium.
375 2886 409 2891 —
429 2871 495 2898 Item
522 2871 575 2898 alio
592 2871 675 2899 modo.
694 2871 759 2899 Post
784 2871 951 2899 admonitio-

995 947 1046 974 μαι
1061 938 1153 973 αὑτῷ;
1171 939 1202 965 οὐ
1216 939 1328 973 γίνομαι
1341 938 1416 974 αὐτῷ
1431 939 1542 974 ὃμοιοςς
1559 939 1630 973 Πρὸς
1641 936 1689 965 οὖν
1705 937 1787 964 τοῦτο

995 984 1135 1019 μονονουχὶ
1148 984 1233 1018 λέγει,
1251 985 1292 1011 ὅτι
1309 984 1354 1019 Μὴ
1372 984 1478 1018 γένοιτο
1492 986 1498 1011 l
1517 984 1550 1010 Ἦ
1564 984 1619 1020 γὰρ
1629 984 1722 1015 πίστις
1738 992 1785 1010 σου

993 1029 1109 1057 ἐνώπιον
1137 1030 1183 1057 τοῦ
1211 1030 1280 1057 Θεοῦ
1304 1031 1412 1066 καθαρὰ
1446 1031 1494 1058 καὶ
1519 1030 1666 1066 ἀκίϐδηλος
1695 1031 1785 1065 μένει.

994 1074 1070 1109 Elea,
1086 1076 1119 1103 Τί
1133 1077 1161 1103 δὲ
1175 1076 1247 1110 λέγω
1266 1077 1307 1103 ὅτι
1327 1076 1404 1103 οὐδὲν
1419 1077 1605 1112 παραόλάπτῃ
1629 1077 1662 1103 ὲκ
1676 1077 1786 1107 τούτου,

994 1123 1041 1150 καὶ
1055 1123 1095 1149 ὅτι
1116 1123 1133 1156 ἡ
1151 1123 1241 1154 πίστις
1259 1131 1305 1149 σου
1329 1123 1404 1158 μένει
1428 1121 1543 1149 ἐνώπιον
1556 1122 1602 1149 τοῦ
1620 1122 1703 1155 Θεοῦ;
1730 1123 1788 1149 Καὶ

996 1169 1174 1204 μακαρισμὸν
1189 1169 1329 1204 προξενεῖς
1342 1169 1457 1204 σεαυτῷ,
1471 1170 1518 1197 ὲάν
1532 1170 1575 1197 διὰ
1588 1170 1636 1205 τὴν
1651 1170 1789 1204 ὼςρέλειαν

996 1214 1044 1241 καὶ
1061 1214 1199 1250 σωτηρίαν
1222 1215 1269 1241 τοῦ
1293 1214 1410 1250 ἀδελφοῦ
1430 1215 1460 1242 οὺ
1485 1215 1605 1251 τρώγῃς.
1630 1216 1788 1252 Μικάριος,

995 1260 1091 1294 φησιν,
1116 1260 1130 1285 6
1149 1259 1186 1295 μὴ
1209 1260 1382 1295 κατακρίνων
1409 1259 1505 1286 ἑαυτὸν
1532 1261 1561 1287 ἐν
1587 1256 1610 1294 ᾧ
1629 1259 1788 1294 δοκιμάζει,

996 1307 1145 1337 τουτέστιν,
1169 1306 1184 1331 6
1211 1305 1281 1340 ἔχων
1315 1306 1346 1332 τὸ
1374 1306 1493 1337 συνειδὸς
1519 1305 1602 1332 αὑτοῦ
1628 1306 1790 1341 μαρτυροῦν

996 1350 1080 1386 αὐτῷ.
1100 1351 1157 1377 Οὐκ
1172 1351 1200 1378 ἐν
1217 1351 1304 1387 τούτῳ
1323 1351 1414 1386 μόνον,
1426 1352 1456 1377 ὲν
1474 1347 1497 1385 ᾧ
1519 1351 1563 1378 διὰ
1579 1351 1629 1387 τὴν
1647 1351 1789 1386 σωτηρίαν

996 1395 1044 1422 τοῦ
1061 1396 1176 1431 ἀδελφοῦ
1199 1397 1330 1432 ἀπέχεται
1349 1397 1512 1432 βρωμάτων,
1532 1397 1601 1424 ἀλλὰ
1617 1398 1665 1424 καὶ
1688 1397 1788 1429 ἁπλῶς

997 1441 1027 1467 ιν
1038 1441 1119 1468 παντὶ
1128 1442 1269 1476 πράγματι
1290 1441 1304 1468 ὃ
1320 1441 1352 1468 ἂν
1367 1441 1410 1468 διά
1423 1441 1538 1477 δοκιμῆς
1554 1442 1684 1477 ἀκριὸοῦς
1696 1450 1787 1468 κατα-

998 1488 1083 1523 νοήσῃ
1098 1488 1140 1514 ὃτι
1169 1487 1271 1521 ἀγαθόν
1293 1488 1378 1520 ἐστιν,
1394 1487 1499 1514 ἔπειτα·
1510 1488 1618 1524 πράττῃ
1640 1488 1718 1520 αὐτὸ,
1739 1487 1792 1523 τὴν

1000 1534 1153 1568 συνείδησιν
1177 1533 1246 1568 ἔχων
1275 1533 1478 1569 μαρτυροῦσαν.
1500 1534 1644 1570 Μακάριος
1673 1534 1749 1560 ἐστιν
1774 1534 1792 1560 6

997 1579 1129 1612 τοιοῦτος,
1151 1579 1281 1606 τοσοῦτον
1306 1580 1402 1615 ἀπέχει
1418 1580 1466 1607 τοῦ
1484 1579 1587 1616 βλάϐην
1613 1580 1792 1607 τινάινεκεν

997 1625 1091 1652 τούτου
1104 1625 1242 1657 δέξασθαι.
1260 1634 1269 1652 ι
1294 1626 1322 1652 ’0
1337 1626 1365 1652 δὲ
1380 1626 1597 1661 διακρινόμενος.
1612 1636 1622 1653 ›
1636 1626 1723 1653 Τοῦτο
1737 1627 1793 1653 πά-

997 1670 1039 1697 λιν
1060 1671 1127 1706 πρδς
1140 1671 1186 1698 τδν
1201 1672 1369 1706 ὑγιαίνοντα.
1387 1671 1420 1698 Τί
1435 1673 1490 1706 γὰρ
1504 1673 1585 1699 αὐτὸν
1606 1672 1725 1709 ὲκὸιάζῃ
1737 1681 1792 1707 φα-

998 1718 1067 1751 γεῖν,
1086 1717 1163 1744 οὔπω
1186 1717 1403 1753 ἐστηριγμένονς
1420 1718 1477 1745 οὐκ
1498 1716 1571 1750 οἶδας
1594 1719 1662 1745 ὅτιό
1678 1718 1791 1753 διακρι-

998 1763 1109 1796 νόμενος
1125 1761 1172 1789 ὲάν
1200 1762 1275 1798 φάγῃ
1297 1762 1512 1796 κατακέκριται;
1531 1763 1573 1789 δτι
1596 1763 1634 1798 μὴ
1654 1762 1739 1789 ἐσθίει
1758 1765 1791 1790 ὲκ

998 1808 1126 1840 πίστεως,
1142 1808 1199 1835 ἀλλ’
1225 1809 1255 1842 ἐξ
1275 1809 1399 1843 ἀνάγκης
1417 1809 1434 1844 ἢ
1450 1809 1542 1841 αἰδοῦς
1553 1818 1561 1826 ·
1579 1809 1640 1836 οὐδὲ
1655 1809 1710 1844 γὰρ
1727 1810 1791 1836 sni-

1000 1861 1111 1879 στενσεν
1131 1852 1197 1879 αὐτὸ
1217 1853 1337 1888 καθαρὸν
1352 1852 1434 1887 εἶναι,
1450 1853 1497 1880 καὶ
1514 1853 1601 1886 οὕτως
1626 1854 1738 1888 ἔφαγεν.
1756 1854 1791 1880 Τί

998 1896 1044 1925 οὖν
1073 1899 1148 1934 αὑτῷ
1171 1899 1308 1935 πρόφασις
1323 1900 1386 1936 γίνῃ
1398 1900 1598 1935 κατακρίσεως,
1621 1900 1789 1934 ἀναγκάζων

999 1944 1080 1972 αὑτὸν
1105 1945 1206 1972 ισθίειν
1229 1945 1490 1980 σκανδαλιζόμενονς
1508 1944 1575 1973 Εἶτα
1602 1946 1695 1972 λοιπὸν
1718 1947 1792 1972 κατά

999 1992 1151 2026 ἀπόφανσιν
1166 1992 1249 2027 λέγει,
1267 1993 1308 2019 ὅτι
1324 1993 1380 2019 πᾶν
1402 1992 1417 2019 6
1433 1993 1466 2020 ἄν
1482 2001 1524 2025 τις
1540 1994 1603 2029 ποιῇ
1626 1993 1677 2020 οὐκ
1692 1994 1724 2019 ἐκ
1744 1994 1787 2020 ab

1001 2047 1094 2071 στεως,
1113 2039 1274 2074 ἁμαρτάνει.

1037 2178 1080 2212 Τῷ
1091 2179 1125 2206 δὲ
1139 2179 1298 2214 δυναμένῳ
1314 2178 1391 2214 ὑμᾶς
1404 2180 1541 2214 στηρίξαι
1551 2180 1627 2207 κατὰ
1643 2180 1677 2208 τὸ
1693 2182 1792 2216 Εὐαγ-

1002 2225 1104 2260 γέλιόν
1115 2234 1184 2260 μου,
1196 2225 1244 2251 καὶ
1259 2225 1293 2251 τὸ
1309 2225 1445 2260 κήρυγμα
1459 2226 1557 2259 Ἰησοῦ
1571 2227 1701 2260 Χριστοῦ
1717 2228 1792 2255 κατὰ

999 2271 1195 2305 ἀποκάλυψιν
1215 2271 1397 2315 μυστηρίου,
1419 2273 1540 2306 χρόνοις
1562 2274 1693 2307 αἰωνίοις
1706 2281 1804 2315 σεσιη

998 2317 1139 2352 τημένου,
1162 2317 1384 2351 φανερωθέντος
1401 2318 1435 2344 δὲ
1454 2319 1529 2345 νῦν·
1543 2318 1593 2345 διά
1613 2327 1644 2346 τε
1658 2319 1790 2354 Γραφῶν

999 2362 1200 2397 προφητικῶν,
1213 2363 1275 2389 κατ’
1285 2363 1432 2397 ἐπιταγὴν
1444 2364 1498 2391 τοῦ
1507 2365 1629 2392 αἰωνίου
1644 2365 1730 2398 Θεοῦ,
1747 2367 1790 2398 εις

998 2407 1139 2440 ὑπακοὴν
1152 2410 1292 2439 πίστεως,
1307 2409 1352 2440 εις
1365 2407 1464 2435 πάντα
1475 2409 1511 2436 τὰ
1526 2409 1598 2443 ἔθνη
1613 2410 1790 2443 γνωρισθέν-

999 2463 1062 2487 τος,
1082 2454 1167 2488 μόνῳ
1186 2453 1271 2487 σοφῷ
1289 2454 1350 2487 Θεῷ
1375 2454 1424 2482 διὰ
1445 2455 1542 2489 Ἰησοῦ
1566 2457 1706 2490 Χριστοῦ,
1728 2453 1753 2490 ᾦ
1773 2457 1792 2491 ἡ

1000 2499 1075 2532 δόξα
1093 2500 1138 2531 εις
1151 2499 1223 2532 τοὺς
1235 2498 1356 2533 αἰῶνας.
1374 2500 1478 2535 Ἀμήν.

1036 2546 1073 2572 Τὸ
1085 2544 1251 2580 ὑπερϐατόν.
1275 2555 1285 2572 ι
1303 2546 1349 2581 Τῷ
1367 2546 1395 2573 δὲ
1412 2546 1555 2582 δυναμένῳ
1567 2547 1639 2583 ὑμεῖς
1655 2548 1792 2584 στηρίξαι,

1001 2592 1064 2625 δόξα
1075 2592 1115 2623 είς
1129 2592 1192 2623 τοὺς
1208 2592 1320 2623 αίῶνάς.
1330 2591 1430 2628 Ἀμήν.
1444 2603 1453 2619 ι
1464 2609 1499 2613 -
1511 2603 1520 2620 ι
1531 2593 1620 2628 ’Υμᾶς
1636 2595 1789 2629 στηρίξαι.»

1002 2637 1101 2665 Λοιπὸν
1119 2638 1265 2672 ἐπεύχεται
1285 2639 1339 2669 τοῖς
1364 2638 1518 2668 ἀσθενέσιν,
1532 2639 1623 2675 Εὺχῆς
1646 2640 1701 2675 γὰρ
1718 2639 1793 2676 εἶχον

1002 2684 1096 2720 χρείαν
1109 2684 1219 2719 μᾶλλον,
1234 2684 1251 2719 ἢ
1263 2684 1427 2720 ωμῦουλῆς.
1439 2685 1532 2713 Εἰπὼν
1551 2686 1579 2712 δὲ
1594 2696 1603 2712 ι
1621 2686 1760 2723 στηρίξαι,
1780 2696 1791 2712 ι

1002 2731 1077 2767 δηλοῖ
1094 2732 1136 2758 ὅτι
1153 2730 1323 2757 σαλεύονται.
1345 2730 1410 2758 Εἶτα
1434 2733 1532 2766 ἐπάγει
1548 2733 1596 2759 καὶ
1620 2733 1666 2760 τδν
1692 2733 1793 2767 τρόπον

1003 2778 1050 2804 τοῦ
1077 2776 1240 2812 στηριγμοῦ,
1268 2786 1277 2803 ι
1299 2777 1377 2804 Κατὰ
1397 2777 1427 2803 τὸ
1442 2769 1609 2813 Εὐαγγέλιόν
1627 2787 1689 2813 μου.
1705 2788 1716 2804 ι
1734 2779 1791 2806 Ἰνα

1003 2824 1089 2855 οὕτως
1100 2823 1180 2856 ζῶσι,
1195 2823 1272 2858 φησὶ,
1295 2823 1332 2855 ὡς
1348 2824 1379 2850 τὸ
1395 2824 1560 2858 Εὑαγγέλιον
1578 2825 1746 2860 διαγορεύει.
1758 2841 1792 2845 ——

1004 2867 1058 2898 Καὶ
1069 2867 1178 2900 ἄλλως.
1197 2865 1365 2904 [ΟΙΚΟΥΜ.]
1379 2869 1455 2896 Μετὰ
1465 2869 1514 2905 τὴν
1523 2871 1683 2906 παραίνεσιν
1697 2869 1793 2898 εῐωθεν
