1889 3055
96 158 154 190 εδδ

630 159 822 191 COMMENT.
840 161 881 192 IN
906 162 1023 194 EPIST.
1043 166 1093 196 AD
1113 167 1205 198 ROM.

1673 168 1727 202 606

97 214 240 250 εῠχεσθαι,
260 213 275 240 6
293 213 339 241 καὶ
353 213 470 241 ἐνταῦθα
490 215 572 247 ποιεῖ,
589 214 659 250 ὑπὲρ
676 215 730 242 τῶν
746 216 888 243 ἀτελεστέ-
903 241 906 247 ,

968 227 1003 246 =m
1029 229 1140 257 semper
1165 224 1273 258 precari
1299 224 1380 258 solet,
1405 224 1477 260 quod
1499 225 1583 252 etiam
1605 225 1632 252 id
1646 226 1723 260 facit,

100 270 159 297 ρων
173 260 331 295 εὐχόμενος,
357 260 404 286 καὶ
419 260 449 286 οὐ
468 260 549 294 μόνον
568 260 639 294 λόγῳ
658 261 801 292 παιδεύων,
822 262 891 289 ἀλλά

100 307 149 333 καὶ
167 307 218 342 τὴν
233 305 309 342 παρά
329 306 398 332 Θεοῦ
415 306 575 342 συμμαχίαν
589 307 718 341 εἰσάγων.
739 307 772 334 Ἠ
785 308 813 334 δὲ
827 308 891 335 ἀκο-

99 353 195 380 λουθία
210 353 260 387 τῆς
274 352 426 384 συντάξεως
436 353 536 379 τοιάδε·
550 361 558 378 t
573 352 618 385 Τῷ
627 353 656 380 δὲ
665 354 806 389 δυναμένῳ
819 354 891 389 ὑμᾶς

102 399 230 435 στηρίξαι
245 399 288 426 διὰ
302 398 389 434 Ἰησοῦ
407 399 562 434 Χριστοῦ,ή
577 399 639 431 δόξα
651 401 691 431 είς
705 400 767 432 τοὺς
779 401 890 432 αἰῶνας.

109 446 207 480 ¹Δμήν.
221 454 231 471 ι
246 445 283 472 Τδ
298 444 364 480 γὰρ,
374 442 409 479 ᾧ,
420 444 532 481 ἄρθρον,
547 446 579 472 ὲκ
588 445 716 481 περισσοῦ
729 447 827 478 κεῖται,
847 446 892 473 διὰ

101 491 133 518 τὸ
159 491 264 518 δεῖσθαι
276 491 323 518 τὸν
337 491 416 525 λόγον
430 490 637 526 ίπαναλήψεως,
648 491 835 527 παραληφθέν.
848 492 893 527 Τῷ

101 537 244 573 δυναμένῳ
258 537 331 572 ὑμᾶς
341 537 403 569 τοὺς
415 537 531 569 ἀτελεῖς,
540 537 603 568 τοὺς
615 538 814 572 σαλευομένους
826 547 893 573 στηο

103 584 189 619 ρίξαι.
206 584 269 615 Πῶς
280 592 289 616 ;
301 583 395 610 «Κατά
409 583 450 614 τὸ,
461 583 623 617 Εὐαγγέλιόν
634 592 701 618 μους
716 593 725 610 ι
742 584 891 616 τουτέστιν,

105 629 167 656 Ίνα
181 629 314 663 κατέχητε
328 627 346 655 ἃ
358 628 484 656 διδάσκω.
501 628 539 656 Τὸ
554 629 592 662 δὲ,
611 639 620 655 ι
635 629 801 664 Εὑαγγὲλιόν
813 638 891 665 pou,»

104 675 164 707 καὶ,
173 685 182 700 r
193 675 240 701 τοῦ
248 674 366 710 Χριστοῦ
377 674 406 700 τὸ
415 675 558 709 κήρυγμα,
570 683 580 700 ›
592 675 620 701 ἐν
627 675 764 710 είσιν.οὑχ
772 675 894 711 ἡμέτερα

104 721 161 756 γὰρ
171 721 206 747 τὰ
219 721 354 755 δόγματα,
371 720 428 747 ἀλλ’
444 720 550 747 ἐκείνου
565 720 590 747 οί
603 721 689 756 νόμοι.
711 730 720 746 ι
739 721 816 747 Κατά
828 721 895 747 ἀπο-

104 767 225 802 κάλυψιν
241 767 400 802 μυστηρίου.
419 775 427 792 ι
449 767 588 801 Μεγίστης
603 766 688 802 τιμῆς
707 768 830 801 σημεῖον,
861 767 894 793 τὸ

106 813 268 849 μυστηρίων
295 813 370 848 ἡμᾶς
398 811 527 846 γενέσθαι
554 812 710 845 κοινωνοὺς,
734 814 896 848 πράγματος

107 859 193 887 πάλαι
211 859 260 894 μὲν
278 858 498 894 προωρισμένου,
514 858 642 893 φανέντος
657 858 685 885 δὲ
702 859 749 886 νῦν
761 859 805 885 διὰ
824 859 895 894 Γρα-

106 885 373 940 φιῖννγπροφητικῶν.
405 885 412 894 ι
491 885 497 891 Ι
519 885 526 893 ”
634 885 642 890 Ι
847 885 853 894 1
909 885 934 915 Β

145 949 228 976 Ὥστε
254 949 281 976 τί
307 949 376 984 φοϐῇ
395 950 427 976 σὺ
449 950 463 976 6
487 949 618 985 ἀσθενὴς,
641 950 678 985 μὴ
699 950 822 986 ἀποστῇς
848 951 896 978 τοῦ

107 996 205 1032 νόμου,
217 995 316 1023 ἐσθίων
328 995 361 1022 τὰ
376 996 466 1031 χοίρια
479 1004 486 1028 ;
499 996 566 1023 Ἰδοὺ
579 996 634 1032 γὰρ
647 997 676 1023 αἱ
690 997 796 1032 Γραφαὶ
812 998 897 1025 πᾶσαι

107 1042 187 1069 τοῦτο
202 1042 232 1068 τὸ
257 1043 408 1076 μυστήριον
423 1041 600 1076 κηρύττουσι,
618 1041 648 1068 τὸ
662 1041 713 1076 τὴν
736 1042 898 1078 ἀδιαφορίαν

107 1087 162 1113 τῶν
179 1086 332 1122 βρωμάτων
345 1086 466 1120 εἰσάγον.
477 1086 558 1114 Ἀλλά
569 1087 616 1114 καὶ
633 1087 692 1114 κατ“
705 1088 838 1123 ἐπιταγὴν
851 1088 897 1115 τοῦ

108 1132 220 1159 αἰωνίου
236 1130 304 1157 Θεοῦ
321 1131 408 1159 ἐστιν.
428 1131 544 1164 Οὐκοῦν,
559 1132 589 1158 οὐ
611 1131 652 1158 δεῖ
666 1132 727 1167 Θεῷ
743 1133 899 1159 ἀντιτάττε-

111 1177 186 1211 σθαι,
203 1177 270 1204 ἀλλὰ
287 1177 427 1204 πιστεύειν
441 1178 489 1205 καὶ
509 1179 667 1205 ὑπακούειν.
692 1179 830 1214 ’Υπακοῆς
846 1179 900 1215 γὰρ

109 1224 126 1258 ὴ
152 1223 244 1255 πίστις
271 1223 367 1255 δεῖται,
394 1224 424 1250 οὐ
451 1223 723 1260 φιλοπραγμοσύνης.
755 1225 836 1252 Ἀλλά
855 1226 900 1252 καὶ

112 1270 201 1297 πάντα
212 1270 246 1297 τὰ
259 1270 322 1306 ἔθνη
337 1270 407 1297 οὕτω
423 1272 556 1298 πιστεύει.
573 1272 643 1299 [ἰᾶσι
660 1273 715 1308 γὰρ
735 1274 899 1309 ἐγνωρίσθη,

112 1316 176 1348 Πῶς
187 1314 234 1343 οὖν
244 1317 323 1349 αὖθις
333 1316 372 1343 ἔτι
383 1317 421 1352 τῷ
429 1318 504 1353 νόμῳ
513 1318 665 1352 δουλεύειςς
677 1329 686 1346 ι
698 1320 778 1355 Μόνῳ
786 1320 815 1347 δὲ
826 1320 901 1356 σοφῷ

111 1361 183 1397 Θεῷ,
199 1371 208 1388 ι
221 1360 293 1395 εἶπε,
310 1362 377 1398 πρὸς
393 1363 596 1399 ἀντιδιαστολὴν
608 1365 732 1398 ἀγγέλων
746 1366 793 1392 καὶ
809 1366 901 1401 ἡμῶν,

115 1408 132 1442 ἢ
146 1408 203 1435 τῶν
218 1408 404 1444 ψευδωνύμων
419 1409 498 1442 θεῶν,
512 1410 543 1436 οὐ
557 1409 604 1436 τοῦ
624 1410 689 1437 Υἱοῦ
706 1411 723 1446 ἢ
749 1411 796 1437 τοῦ
815 1412 902 1439 Πνεύο

113 1463 210 1490 ματος.
227 1456 334 1490 Ἄπαγε
350 1456 357 1482 ί
377 1456 406 1482 '0
421 1455 485 1488 Υίὸς
499 1456 552 1492 γάρ
565 1457 638 1483 ἐστιν
654 1457 671 1492 ἡ
693 1457 772 1491 coelo
786 1458 833 1484 τοῦ
849 1459 903 1485 [Ια-

112 1501 189 1536 τρός.
206 1501 287 1537 Αὑτῷ
300 1501 346 1528 οὖν
368 1503 384 1537 ἡ
398 1502 461 1536 δόξα
484 1502 524 1537 τῷ
541 1502 729 1539 φανερώσαντι
745 1504 776 1531 τὸ
801 1505 903 1540 μυστή-

941 273 1023 294 orans
1039 275 1089 302 pro
1115 268 1369 304 imperfeelioribus
1383 279 1390 298 :
1406 279 1460 298 non
1474 271 1563 298 solum
1585 271 1671 299 verbo
1685 273 1728 299 in-

941 318 1064 346 struens,
1088 315 1136 342 sed
1149 315 1232 343 etiam
1256 317 1388 344 auxilium
1403 324 1418 344 a
1435 317 1491 344 Deo
1505 317 1634 344 all'erens.
1653 317 1726 345 Con-

941 359 1084 392 sequentia
1099 362 1191 387 autem
1199 360 1416 388 coordinationis
1425 361 1486 388 talis
1502 365 1554 389 est.
1566 371 1574 387 ι
1588 361 1617 388 Ei
1633 366 1726 388 autem

941 405 988 439 qui
1005 410 1103 440 potens
1115 411 1158 434 est
1173 414 1223 434 vos
1237 407 1400 435 conﬁrmare
1414 416 1463 442 per
1474 407 1567 435 Jesum
1585 407 1727 435 Christum

942 450 1027 485 gloria
1045 451 1073 478 in
1081 452 1191 480 saecula.
1214 452 1312 480 Amen.
1329 463 1337 479 I
1356 453 1498 481 Articulus
1509 461 1575 480 vero
1591 450 1622 487 ᾧ,
1634 453 1660 480 id
1673 457 1726 486 est,

943 496 998 528 cui,
1017 497 1156 531 superﬂue
1178 498 1267 533 ponit,
1278 495 1345 526 ideo
1370 503 1541 534 assumptus,
1562 499 1635 533 quod
1659 507 1729 533 opus

943 546 1015 569 esset
1031 543 1204 577 repetitione.
1218 544 1249 571 Ei
1263 543 1309 578 qui
1323 548 1420 578 potens
1435 548 1478 571 est
1490 551 1540 571 vos
1553 544 1728 578 imperfectos

943 592 972 615 et
981 587 1141 616 vacillantes
1154 588 1331 615 conﬁrmare.
1341 588 1505 621 Quomodo?
1523 598 1531 614 ι
1549 587 1629 615 Juxta
1641 589 1729 616 Evan-

943 633 1044 668 gelium
1051 633 1229 662 meumnlloc
1237 637 1290 666 est,
1300 638 1330 660 ut
1339 633 1381 661 his
1389 641 1451 668 quae
1457 633 1543 661 doceo
1552 633 1728 661 adhereatis.

944 679 1039 709 Porro.
1060 688 1069 704 ι
1082 678 1173 707 Meum
1192 679 1383 714 Evangelium,
1400 689 1410 705 ι
1429 683 1467 712 et,
1484 689 1493 705 ι
1507 679 1610 706 Christi
1629 679 1729 713 praedi-

945 723 1028 756 catio,
1043 733 1052 750 ι
1068 732 1153 751 unum
1168 728 1243 751 sunt.
1255 723 1315 751 Non
1327 723 1401 751 enim
1411 727 1505 751 nostra
1515 729 1580 751 sunt
1592 723 1730 758 dogmata,

945 769 992 798 sed
1015 770 1101 805 ipsius
1127 770 1211 805 leges.
1238 779 1247 795 ι
1263 769 1420 797 Secundum
1453 769 1650 797 revelationem
1671 778 1731 802 my-

945 817 1050 844 steriin
1067 817 1156 852 Magni
1173 816 1282 852 signum
1305 817 1418 843 honoris
1437 816 1511 851 quod
1527 816 1651 851 mysterii
1671 815 1732 842 sitis

947 863 1010 891 facti
1026 863 1191 898 participes:
1206 862 1245 890 rei
1257 862 1321 889 olim
1332 862 1444 896 quidem
1459 861 1645 896 praedeiinitte,
1658 868 1733 888 nunc

947 917 1013 938 vero
1033 918 1082 944 per
1093 903 1254 944 Seripturas
1268 909 1446 944 propheticas
1463 907 1632 943 apparentis.

984 957 1065 992 393
1080 956 1151 989 Quid
1168 957 1260 991 itaque
1274 957 1356 984 times
1375 961 1414 988 tu,
1433 954 1590 985 imbecillis,
1609 961 1654 985 ne,
1669 959 1733 987 por-

948 1003 1025 1031 einas
1045 1011 1144 1030 carnes
1165 1003 1262 1035 edens,
1280 1010 1296 1029 a
1318 1003 1378 1037 lege
1403 1001 1548 1029 discedas?
1570 999 1640 1026 Ecce
1660 998 1734 1026 enim

950 1050 1100 1084 Scriptura:
1115 1056 1211 1076 omnes
1235 1048 1385 1084 pradicant
1400 1048 1453 1074 hoc
1477 1046 1638 1082 mysterium
1661 1044 1736 1080 quod

949 1095 1075 1122 ciborum
1091 1094 1304 1122 indiderentiam
1326 1093 1443 1124 inducit,
1459 1098 1488 1120 et
1499 1093 1651 1121 secundum
1667 1099 1737 1127 pra:-

949 1143 1059 1174 ceptum
1073 1139 1169 1166 aeterni
1182 1139 1241 1166 Dei.
1255 1139 1314 1166 Non
1326 1146 1393 1174 ergo
1409 1138 1465 1165 Deo
1483 1144 1636 1172 repugnare
1652 1143 1736 1170 opor-

951 1190 1000 1217 tet,
1014 1184 1062 1212 sed
1085 1184 1199 1212 credere
1217 1192 1250 1212 ac
1264 1184 1396 1211 obedire:
1418 1191 1480 1210 nam
1498 1183 1565 1210 ﬁdes
1574 1190 1629 1209 non
1643 1181 1738 1208 curio-

951 1232 1042 1262 sitatc,
1065 1229 1113 1257 sed
1131 1229 1289 1256 obedientia
1313 1229 1428 1264 indiget.
1440 1227 1512 1261 Quin
1530 1232 1558 1254 et
1568 1231 1664 1262 gentes
1678 1233 1738 1253 om-

952 1285 1002 1305 nes
1018 1277 1054 1304 ita
1068 1276 1202 1304 credunt:
1219 1275 1348 1302 omnibus
1359 1274 1433 1312 enim
1449 1271 1737 1307 innotuit:quomodo

951 1331 1017 1358 ergo
1029 1328 1056 1350 tu
1070 1323 1128 1357 ipse
1138 1321 1227 1348 adhuc
1237 1320 1289 1355 legi
1301 1319 1407 1347 servis?
1418 1319 1513 1349 Porro,
1530 1327 1538 1343 ι
1553 1317 1609 1345 Soli
1620 1316 1737 1351 sapienti

953 1370 1020 1401 Deo,
1038 1378 1047 1394 I
1059 1369 1138 1401 dixit,
1154 1368 1187 1395 ad
1205 1366 1410 1394 distinctionem
1423 1365 1581 1400 angelorum
1596 1367 1624 1390 et
1639 1362 1737 1395 nostri,

954 1420 1002 1442 aut
1017 1414 1084 1442 falso
1101 1413 1308 1441 nominatorum
1323 1412 1448 1442 deorum,
1471 1416 1526 1436 non
1539 1409 1600 1436 Filii
1617 1412 1664 1434 aut
1678 1407 1740 1441 Spi-

955 1460 1024 1488 ritus
1037 1459 1136 1487 sancti.
1153 1457 1246 1485 Ahsitl
1262 1457 1329 1484 Nam
1343 1455 1429 1482 Filius
1440 1453 1572 1488 sapientia
1583 1451 1671 1479 Patris
1685 1454 1738 1477 est.

955 1505 1008 1541 Ipsi
1024 1511 1090 1539 ergo
1111 1503 1199 1539 gloria
1224 1501 1271 1537 qui
1288 1500 1450 1536 mysterium
1474 1496 1668 1528 manilestavit,
1685 1503 1739 1522 non

114 1556 184 1583 ριον.
200 1547 231 1574 οὐ
247 1547 285 1582 τῷ
307 1548 381 1583 νόμῳ
397 1544 419 1582 ᾧ
446 1548 637 1584 προσεδρεύεις
656 1549 696 1576 ἔτι
718 1550 762 1581 σὺ,
779 1558 900 1586 παρατη-

968 1551 1007 1586 egi
1021 1550 1066 1578 cui
1079 1549 1169 1576 adhuc
1180 1547 1314 1577 Adhaeres.
1329 1546 1406 1573 cibos
1417 1545 1578 1572 observans.
1591 1541 1668 1575 Quod
1690 1549 1741 1567 au-

113 1594 247 1628 ρούμενος
258 1593 293 1620 τὰ
307 1593 450 1630 βρώματα.
461 1594 497 1620 Τὸ
511 1594 552 1628 δὲ,
566 1603 575 1620 ι
585 1595 634 1621 Διά
648 1595 738 1630 Ἰησοῦ
749 1595 879 1630 Χριστοῦ,
891 1605 900 1622 ι

111 1640 227 1666 δύναται
256 1640 305 1675 μὲν
318 1659 326 1673 ,
350 1640 388 1671 ὡς
414 1640 545 1675 ἀνωτέρω
567 1640 694 1676 εἴρηται,
722 1642 904 1676 συνταχθῆναι

113 1687 164 1721 τῷ,
179 1695 189 1712 α
200 1686 350 1722 Δυναμένῳ
360 1686 432 1721 ὑμᾶς
448 1687 572 1722 στηρίξαι
586 1687 629 1714 διὰ
642 1687 731 1722 Ἰησοῦ
745 1688 874 1722 Χριστοῦ.
892 1698 900 1714 ι

114 1733 203 1764 Αὐτὸς
230 1732 286 1767 γὰρ
302 1731 436 1767 ὶγνώρισε
451 1732 482 1759 τὸ
513 1733 662 1768 μυστήριον
675 1733 732 1765 τοῖς
760 1733 874 1766 ἔθνεσιν,
891 1734 906 1760 6

114 1780 178 1810 τοὺς
196 1778 320 1814 μαθητὰς
337 1779 502 1811 ἀποστείλας
517 1780 557 1811 εις
571 1780 602 1806 τδ
622 1779 794 1815 μαθητεῦσαι
814 1780 904 1807 πάντα

113 1825 149 1852 τὰ
163 1825 239 1861 ἔθνη.
255 1825 292 1852 T6
308 1825 346 1857 δι,
368 1822 402 1859 ᾧ,
433 1826 572 1861 περισσόν.
597 1834 606 1852 ι
625 1827 680 1853 Καὶ
706 1827 737 1853 τδ
772 1828 905 1862 κήρυγμα

121 1871 209 1905 Ἰησοῦ
224 1869 355 1906 Χριστοῦ.
373 1880 383 1896 ι
395 1885 430 1891 -
445 1869 547 1906 [ΦΩΤ.]
569 1871 602 1897 Τί
621 1871 649 1897 δέ
666 1871 724 1898 ἐστι
734 1871 764 1898 τὺ
774 1872 906 1906 κήρυγμα

115 1915 164 1943 τοῦ
181 1915 286 1951 Ἰησοῦς
305 1925 315 1941 ι
329 1915 388 1943 Ἵνα
403 1915 557 1950 γινώσκωσι
583 1924 625 1949 σε,
652 1917 731 1952 φησι,
749 1917 796 1945 καὶ
808 1917 839 1943 ὃν
854 1918 905 1944 ἀπ-

116 1961 363 1996 ἑστειλαςΊησοῦν.
378 1970 387 1987 ι
397 1977 434 1982 -—
446 1971 456 1987 ι
477 1962 506 1988 '0
521 1962 652 1997 ἑωρακὼς
665 1963 727 1998 ἐμὲ,
742 1963 849 1999 ἑώρακε
860 1964 907 1990 τὸν

117 2008 238 2043 Πατέρα.
253 2016 263 2033 ι
276 2022 311 2028 -
325 2016 334 2033 ι
350 2006 422 2041 Ἐγὼ
437 2007 485 2034 καὶ
494 2008 508 2033 6
519 2007 613 2043 Πατὴρ
625 2007 655 2034 ἓν
669 2008 764 2042 ισμεν.
778 2018 787 2034 ι
801 2008 857 2036 Καὶ
869 2009 907 2040 ὡς

115 2055 250 2088 ὐΠέτρος
278 2053 374 2088 φησὶν,
389 2053 431 2079 ὅτι
457 2053 539 2085 αὐτός
565 2054 640 2080 ἐστιν
654 2054 668 2080 6
684 2054 747 2086 re;
766 2054 813 2081 τοῦ
839 2054 906 2081 Θεοῦ

115 2099 165 2126 τοῦ
183 2099 295 2132 ζῶντος.
309 2099 366 2126 Καὶ
379 2100 421 2125 ὅτι
437 2099 487 2133 τὴν
512 2098 602 2134 κρίσιν
621 2100 713 2126 πᾶσαν
728 2101 742 2126 6
761 2100 824 2131 Υίδς
840 2099 906 2134 ἔχει.

117 2147 185 2178 Καὶ,
203 2155 212 2172 ι
228 2145 411 2181 Πορευθέντες
425 2144 614 2180 μαθητεύσατε
630 2145 717 2171 πάντα
727 2145 761 2172 τὰ
770 2145 844 2181 ἔθνη,
860 2146 908 2180 βα-

118 2192 264 2224 πτίζοντες
287 2191 385 2222 αὐτοὺς
403 2191 443 2222 είς
457 2190 488 2217 τὺ
503 2190 587 2225 ὄνομα
602 2190 649 2217 τοῦ
666 2191 785 2225 Πατρδς,
802 2192 849 2218 καὶ
860 2191 907 2218 τοῦ

120 2238 198 2271 Υίοῦ,
225 2238 274 2265 καὶ
302 2237 349 2264 τοῦ
375 2237 453 2271 ἁγίου
470 2237 638 2272 Πνεύματος,
656 2247 665 2263 ι
689 2238 735 2264 κει)⁴
758 2238 793 2264 τὰ
814 2239 905 2274 ὅμοια.
923 2230 944 2258 D

123 2295 132 2311 ι
148 2284 203 2312 Καὶ
218 2284 249 2311 τδ
273 2284 405 2320 κήρυγμα
428 2283 515 2318 Ἰησοῦ
536 2283 667 2319 Χριστοῦ,
684 2293 693 2310 ι
713 2285 761 2316 Τίς
785 2285 814 2310 δέ
836 2286 910 2312 ἐστιν

120 2329 199 2364 οὗτος
213 2332 228 2358 ὁ
241 2330 347 2366 Ἰησοῦς
360 2330 496 2365 Χριστός;
516 2329 546 2356 ’0
561 2330 589 2362 ἐξ
608 2330 694 2366 ἀρχῆς
707 2330 756 2365 μὲν
772 2331 858 2357 συνὼν
872 2332 911 2366 τῷ

121 2376 218 2411 Πατρὶ,
230 2376 397 2411 φανερωθεὶς
413 2375 464 2411 [δὲ]
479 2375 536 2402 νῦν.
547 2375 609 2407 Πῶς
621 2375 650 2401 δὲ
661 2376 844 2411 φανερωθείς;
857 2376 910 2403 Τοῦ

122 2422 286 2457 μυστηρίου,
303 2422 396 2458 φησιν,
410 2420 660 2455 ἀποκαλυφθέντος.
676 2421 721 2448 Ἐν
737 2423 842 2458 χρόνοις
857 2423 911 2458 γὰρ

119 2469 239 2500 αἰωνίοις
256 2468 338 2495 τοῦτο
353 2468 533 2503 σεσιγημένον
548 2467 666 2503 ὑπῆρχε,
680 2468 752 2504 μόνῳ
762 2468 800 2504 τῷ
820 2469 907 2504 "arpi

120 2515 168 2542 καὶ
182 2514 222 2549 τῷ
237 2514 293 2549 Υἱῷ
308 2514 355 2540 καὶ
369 2514 408 2548 τῷ
417 2513 559 2548 Πνιύματι
574 2514 775 2548 γινωσκόμενον
786 2523 793 2530 ·
806 2514 854 2541 νῦν
867 2515 906 2548 δὲ.

118 2561 167 2588 τοῦ
186 2561 339 2595 μυστηρίου
355 2558 607 2594 ἀποκαλυφθέντος,
625 2560 664 2590 είς
684 2559 771 2586 πάντα
785 2560 820 2587 τὰ
843 2561 906 2596 ἔθνη

118 2605 281 2641 ἐφανερώθη
304 2605 319 2631 ό
339 2605 465 2640 Χριστὸς,
481 2605 545 2636 Υίὺς
569 2604 606 2631 ὢν
629 2604 675 2631 τοῦ
691 2604 758 2632 Θεοῦ
775 2607 822 2632 καὶ
842 2607 909 2639 Θεὸς

118 2651 275 2687 ὁμοσύσιος.
289 2651 371 2677 Ἀλλά
395 2651 454 2682 πῶς
471 2650 652 2686 ὲφανερώθη;
669 2650 719 2677 Διά
736 2651 789 2678 τῶν
804 2661 911 2688 προφη-

119 2698 185 2730 τῶν,
201 2697 247 2724 διὰ
257 2697 312 2724 τῶν
331 2697 449 2732 Γραφῶν
467 2697 568 2724 αὐτῶν.
582 2698 636 2724 Καὶ
652 2697 735 2724 πόθεν
750 2695 823 2725 οὗτοι
847 2699 909 2726 ἑλά-

117 2743 207 2779 λησαν
221 2743 270 2768 καὶ
293 2741 435 2777 ἔγραψαν;
459 2742 667 2773 Ἐπιτάττοντος
684 2742 730 2768 καὶ
747 2743 909 2777 ἐμπνέοντος

117 2788 213 2820 αὐτοῖς
225 2787 273 2815 τοῦ
293 2787 426 2822 παναγίου
443 2787 617 2823 Πνεύματος·
635 2788 713 2814 τοῦτο
730 2788 785 2823 γὰρ
799 2788 909 2817 αἰώνιον

154 2846 176 2862 ’τ
193 2843 273 2880 Joan.
291 2851 356 2880 xvii,
374 2844 402 2872 5.
431 2844 453 2860 ’⁸
468 2843 547 2873 Joan.
564 2852 619 2876 τιν,
638 2844 665 2872 9.
708 2844 731 2861 ”
747 2844 825 2872 Joan.
847 2854 872 2880 x,
887 2845 930 2874 30.

119 2888 218 2913 xn'nl,
235 2878 279 2914 19,
298 2879 345 2910 20,

955 1585 1010 1624 tein
1029 1595 1123 1622 addit:
1141 1602 1151 1619 ‹
1174 1593 1226 1621 Per
1248 1592 1340 1620 Jesum
1352 1590 1494 1618 Christum
1517 1598 1540 1620 ι,
1553 1591 1653 1622 potest,
1667 1585 1742 1612 velut

955 1645 1036 1668 antea
1052 1639 1156 1666 dictum
1182 1642 1236 1667 est.
1254 1635 1382 1672 conjungi
1407 1632 1582 1670 pra'cedenti,
1606 1641 1614 1657 ι
1636 1631 1668 1658 Ei
1694 1630 1741 1665 qui

956 1690 1055 1721 potens
1072 1687 1116 1712 est
1131 1689 1181 1710 vos
1193 1681 1358 1710 conﬁrmare
1376 1687 1426 1714 per
1441 1679 1535 1706 Jesum
1552 1676 1706 1704 Christum.
1730 1683 1739 1699 ι

956 1720 1017 1767 ipse
1040 1730 1114 1759 enim
1140 1728 1303 1765 mysterium
1326 1725 1457 1762 gentibus
1475 1723 1670 1754 manifestavit,
1695 1720 1743 1756 qui

956 1777 1108 1813 discipulos
1122 1775 1215 1804 emisit
1235 1774 1267 1802 ad
1283 1773 1436 1800 docendum
1461 1777 1557 1798 omnes
1570 1773 1676 1804 gentes.
1692 1767 1742 1793 Ar-

957 1826 1058 1854 ticulus
1080 1831 1146 1852 vero
1167 1819 1200 1857 ᾧ,
1218 1821 1246 1849 id
1273 1824 1325 1852 est,
1342 1829 1351 1844 ι
1364 1819 1420 1851 cui,
1438 1827 1448 1844 ι
1472 1815 1629 1851 superﬂuus
1643 1818 1694 1842 est.
1708 1827 1742 1833 —

960 1873 1008 1899 cEt
1024 1871 1166 1906 κήρυγμα,
1182 1868 1210 1896 id
1233 1871 1276 1895 est
1298 1864 1467 1901 praeconium
1497 1870 1545 1889 seu
1566 1859 1744 1895 praedicatio-

957 1924 1032 1949 nem,
1052 1903 1123 1943 .lesu
1139 1912 1254 1941 Christi.
1272 1921 1281 1938 ›
1301 1910 1373 1944 Quid
1397 1913 1440 1937 est
1460 1911 1551 1935 autent
1576 1903 1743 1940 praeconium

957 1947 1044 1990 JesuV?
1060 1971 1068 1986 ι
1092 1960 1126 1987 Ut
1141 1959 1318 1994 cognoscant,
1342 1953 1443 1989 inquit,
1469 1955 1533 1980 teet
1552 1957 1634 1985 quem
1646 1947 1745 1975 misisti

957 2009 1049 2036 Jesum
1060 2005 1200 2033 Christum
1210 2004 1244 2031 ".
1262 2012 1271 2028 ι
1285 2017 1320 2023 --
1334 2011 1342 2028 ι
1355 1999 1484 2034 Quividit
1500 2005 1555 2030 me,
1568 1995 1638 2023 vidit
1653 1999 1681 2022 et
1692 1994 1745 2021 Pa-

959 2058 1029 2082 trem
1047 2053 1082 2080 ".
1105 2061 1114 2078 ι
1128 2066 1162 2072 --
1180 2060 1189 2076 ι
1216 2050 1273 2085 Ego
1295 2053 1323 2076 et
1346 2048 1428 2079 Pater
1451 2052 1536 2073 unum
1560 2049 1655 2071 sumus
1675 2043 1708 2066 ⁵³.
1734 2050 1743 2066 ι

958 2100 993 2128 Ει
1010 2099 1082 2126 sicut
1104 2097 1142 2125 ait
1164 2097 1274 2127 Petrus,
1290 2094 1363 2128 quod
1383 2093 1442 2127 ipse
1468 2091 1504 2119 sit
1525 2089 1610 2116 Filius
1627 2087 1673 2114 ille
1696 2085 1745 2112 Dei

959 2145 1078 2173 viventis
1089 2144 1122 2170 ‘°.
1132 2143 1167 2170 Et
1178 2140 1250 2176 quod
1262 2139 1400 2176 judicium
1411 2145 1491 2164 omne
1505 2135 1591 2163 Filius
1604 2133 1704 2160 habeat
1712 2132 1745 2158 “.

960 2193 1003 2224 Et,
1013 2201 1022 2216 ι
1032 2191 1136 2218 Euntes
1145 2188 1241 2216 docete
1248 2188 1456 2220 omnesgentes,
1475 2181 1649 2215 haptizantes
1659 2186 1707 2206 eos
1718 2177 1746 2203 in

959 2237 1070 2265 nomine
1086 2235 1184 2266 Patris,
1200 2237 1229 2261 et
1239 2231 1312 2263 Filii,
1322 2235 1350 2258 et
1363 2229 1483 2264 Spiritus
1499 2226 1587 2254 sancti
1598 2227 1631 2256 ε’,
1646 2234 1655 2250 ι
1674 2228 1698 2250 et
1712 2224 1749 2250 si-

960 2284 1046 2311 milia.
1061 2282 1116 2317 gEt
1127 2279 1351 2315 prtedicationem
1362 2276 1427 2304 Jesu
1439 2272 1568 2302 Christi.»
1577 2271 1645 2305 Quis
1655 2275 1748 2297 autem

958 2334 1002 2357 est
1016 2329 1062 2356 hic
1075 2328 1156 2355 Jesus
1165 2324 1313 2354 Christus?
1325 2323 1349 2350 Is
1361 2322 1409 2357 qui
1425 2321 1460 2348 ab
1471 2319 1551 2347 initio
1560 2322 1620 2346 erat
1635 2316 1748 2351 quidem

960 2384 1022 2404 cum
1035 2375 1126 2405 Patre,
1142 2380 1216 2400 nunc
1241 2375 1334 2398 autem
1352 2367 1544 2396 manileslatus
1569 2369 1621 2392 est.
1638 2363 1671 2390 Et
1691 2369 1749 2397 quo

960 2423 1040 2450 modo
1050 2419 1242 2448 manifestatus
1260 2417 1324 2445 est?
1342 2415 1482 2451 Mysterio.
1496 2412 1598 2447 inquit,
1612 2409 1746 2440 revelato;

962 2478 1024 2498 nam
1038 2467 1150 2496 aeternis
1174 2464 1347 2500 temporibus
1366 2462 1480 2490 tacitum
1493 2463 1569 2487 erat:
1597 2457 1647 2486 soli
1673 2455 1752 2484 Patri

962 2519 990 2543 et
1001 2515 1071 2542 Filio
1084 2517 1114 2540 et
1127 2511 1243 2546 Spiritui
1251 2513 1347 2538 saneto
1358 2508 1498 2543 cognitum
1512 2509 1572 2533 erat
1586 2513 1592 2531 :
1607 2510 1681 2531 nunc
1697 2510 1748 2529 au—

963 2567 1017 2588 tem
1032 2559 1153 2588 revelato
1168 2557 1311 2593 mysterio,
1326 2555 1353 2582 in
1370 2560 1467 2582 omnes
1478 2556 1574 2588 gentes
1589 2549 1747 2577 manifesta~

964 2611 1008 2635 tus
1017 2610 1061 2634 est
1077 2605 1215 2637 Christus,
1229 2603 1306 2638 quod
1318 2601 1404 2630 Filius
1422 2599 1469 2627 Dei
1484 2599 1520 2626 sit
1540 2605 1572 2624 ac
1584 2597 1657 2623 Deus
1671 2596 1749 2630 ejus-

961 2654 1025 2681 dem
1050 2651 1220 2680 substantiai.
1245 2649 1298 2676 Sed
1316 2646 1454 2682 quomodo
1474 2642 1665 2671 manifestatus
1686 2639 1755 2666 est?

962 2700 1014 2727 Per
1028 2698 1187 2733 prophetas,
1207 2702 1257 2730 per
1272 2693 1430 2728 Scripturas
1448 2691 1568 2718 illorum.
1583 2687 1618 2714 Et
1631 2684 1703 2713 unde
1719 2684 1749 2711 hi

965 2732 1050 2773 loeuti
1068 2747 1134 2772 sunt
1149 2750 1181 2770 ac
1203 2739 1394 2776 scripserunt?
1409 2737 1528 2765 Jubente
1544 2741 1575 2761 ac
1594 2732 1748 2767 inspirante

963 2791 1139 2819 sanctissimo
1164 2788 1287 2823 Spiritu:
1308 2787 1383 2813 hunc
1402 2783 1476 2810 enim
1499 2785 1635 2809 aeternum
1661 2778 1749 2805 Deum

981 2848 1003 2863 θ’
1019 2847 1112 2875 Matth.
1129 2854 1184 2878 xw,
1203 2844 1245 2872 16.
1285 2843 1304 2858 "
1326 2841 1406 2869 Joan.
1438 2847 1466 2872 ν,
1497 2838 1542 2866 22.
1597 2837 1619 2853 ⁶¹
1651 2833 1747 2864 Matth.
