  <div class='ocr_page' id='page_1' title='image "/cluster/home/n/w/nwhite01/storage/ocr_20150623/118/njp.32101077772992/459.png"; bbox 0 0 1889 3055; ppageno 0'>
   <div class='ocr_carea' id='block_1_1' title="bbox 169 179 222 210">
    <p class='ocr_par' dir='ltr' id='par_1_1' title="bbox 169 179 222 210">
     <span class='ocr_line' id='line_1_1' title="bbox 169 179 222 210; baseline -0.038 0"><span class='ocrx_word' id='word_1_1' title='bbox 169 179 222 210; x_wconf 79' lang='lat'><strong>607</strong></span> 
     </span>
    </p>
   </div>
   <div class='ocr_carea' id='block_1_2' title="bbox 698 173 1243 204">
    <p class='ocr_par' dir='ltr' id='par_1_2' title="bbox 698 173 1243 204">
     <span class='ocr_line' id='line_1_2' title="bbox 698 173 1243 204; baseline -0.002 0"><span class='ocrx_word' id='word_1_2' title='bbox 698 173 896 204; x_wconf 76' lang='lat' dir='ltr'><strong>(ECUMENII</strong></span> <span class='ocrx_word' id='word_1_3' title='bbox 913 173 1060 203; x_wconf 72' lang='grc' dir='ltr'><strong>ΤΒῙΕΟᾸΞ</strong></span> <span class='ocrx_word' id='word_1_4' title='bbox 1071 173 1243 203; x_wconf 84' lang='lat' dir='ltr'><strong>EPISCOPI</strong></span> 
     </span>
    </p>
   </div>
   <div class='ocr_carea' id='block_1_3' title="bbox 1738 175 1795 205">
    <p class='ocr_par' dir='ltr' id='par_1_3' title="bbox 1738 175 1795 205">
     <span class='ocr_line' id='line_1_3' title="bbox 1738 175 1795 205; baseline 0 0"><span class='ocrx_word' id='word_1_5' title='bbox 1738 175 1795 205; x_wconf 79' lang='grc'><strong>608</strong></span> 
     </span>
    </p>
   </div>
   <div class='ocr_carea' id='block_1_4' title="bbox 169 229 948 266">
    <p class='ocr_par' dir='ltr' id='par_1_4' title="bbox 169 229 948 266">
     <span class='ocr_line' id='line_1_4' title="bbox 169 229 948 266; baseline -0.005 -6"><span class='ocrx_word' id='word_1_6' title='bbox 169 236 260 266; x_wconf 78' lang='lat' dir='ltr'><strong>vocat,</strong></span> <span class='ocrx_word' id='word_1_7' title='bbox 284 232 337 260; x_wconf 89' lang='lat' dir='ltr'><strong>hoc</strong></span> <span class='ocrx_word' id='word_1_8' title='bbox 353 236 405 264; x_wconf 86' lang='lat' dir='ltr'><strong>est,</strong></span> <span class='ocrx_word' id='word_1_9' title='bbox 430 239 485 259; x_wconf 91' lang='lat' dir='ltr'><strong>non</strong></span> <span class='ocrx_word' id='word_1_10' title='bbox 508 230 695 265; x_wconf 86' lang='lat' dir='ltr'><strong>temporalem.</strong></span> <span class='ocrx_word' id='word_1_11' title='bbox 724 229 804 262; x_wconf 84' lang='lat' dir='ltr'><strong>Quod</strong></span> <span class='ocrx_word' id='word_1_12' title='bbox 821 237 888 264; x_wconf 77' lang='lat' dir='ltr'><strong>ergo</strong></span> <span class='ocrx_word' id='word_1_13' title='bbox 911 233 948 256; x_wconf 82' lang='lat' dir='ltr'><strong>est</strong></span> 
     </span>
    </p>
   </div>
   <div class='ocr_carea' id='block_1_5' title="bbox 1043 229 1798 266">
    <p class='ocr_par' dir='ltr' id='par_1_5' title="bbox 1043 229 1798 266">
     <span class='ocr_line' id='line_1_5' title="bbox 1043 229 1798 266; baseline 0.004 -11"><span class='ocrx_word' id='word_1_14' title='bbox 1043 230 1071 255; x_wconf 89' lang='grc' dir='ltr'><strong>ὺν</strong></span> <span class='ocrx_word' id='word_1_15' title='bbox 1089 230 1176 260; x_wconf 83' lang='grc' dir='ltr'>καλεῖ,</span> <span class='ocrx_word' id='word_1_16' title='bbox 1194 229 1343 262; x_wconf 76' lang='grc' dir='ltr'><strong>τουτέστιν,</strong></span> <span class='ocrx_word' id='word_1_17' title='bbox 1357 230 1480 265; x_wconf 78' lang='grc' dir='ltr'>ἄχρονον.</span> <span class='ocrx_word' id='word_1_18' title='bbox 1493 229 1527 256; x_wconf 86' lang='grc' dir='ltr'>Τί</span> <span class='ocrx_word' id='word_1_19' title='bbox 1540 230 1586 257; x_wconf 77' lang='grc' dir='ltr'>οὖν</span> <span class='ocrx_word' id='word_1_20' title='bbox 1601 230 1632 257; x_wconf 77' lang='grc' dir='ltr'>τὸ</span> <span class='ocrx_word' id='word_1_21' title='bbox 1649 231 1730 266; x_wconf 77' lang='grc' dir='ltr'>ἔργον</span> <span class='ocrx_word' id='word_1_22' title='bbox 1742 231 1798 258; x_wconf 76' lang='grc' dir='ltr'><strong>τῶν</strong></span> 
     </span>
    </p>
   </div>
   <div class='ocr_carea' id='block_1_6' title="bbox 170 275 956 313">
    <p class='ocr_par' dir='ltr' id='par_1_6' title="bbox 170 275 956 313">
     <span class='ocr_line' id='line_1_6' title="bbox 170 275 956 313; baseline -0.005 -8"><span class='ocrx_word' id='word_1_23' title='bbox 170 286 240 313; x_wconf 90' lang='lat' dir='ltr'><strong>opus</strong></span> <span class='ocrx_word' id='word_1_24' title='bbox 259 278 482 313; x_wconf 83' lang='lat' dir='ltr'><strong>propheticarum</strong></span> <span class='ocrx_word' id='word_1_25' title='bbox 504 276 719 311; x_wconf 79' lang='lat' dir='ltr'><strong>Scripturarum.</strong></span> <span class='ocrx_word' id='word_1_26' title='bbox 738 283 807 309; x_wconf 85' lang='lat' dir='ltr'><strong>quas</strong></span> <span class='ocrx_word' id='word_1_27' title='bbox 830 283 878 310; x_wconf 85' lang='lat' dir='ltr'><strong>per</strong></span> <span class='ocrx_word' id='word_1_28' title='bbox 893 275 956 310; x_wconf 88' lang='lat' dir='ltr'><strong>Spi-</strong></span> 
     </span>
    </p>
   </div>
   <div class='ocr_carea' id='block_1_7' title="bbox 170 320 954 351">
    <p class='ocr_par' dir='ltr' id='par_1_7' title="bbox 170 320 954 351">
     <span class='ocr_line' id='line_1_7' title="bbox 170 320 954 351; baseline -0.005 0"><span class='ocrx_word' id='word_1_29' title='bbox 170 324 254 351; x_wconf 90' lang='lat' dir='ltr'><strong>ritum</strong></span> <span class='ocrx_word' id='word_1_30' title='bbox 278 323 362 350; x_wconf 85' lang='lat' dir='ltr'><strong>locuti</strong></span> <span class='ocrx_word' id='word_1_31' title='bbox 373 323 456 350; x_wconf 85' lang='lat' dir='ltr'><strong>sunt?</strong></span> <span class='ocrx_word' id='word_1_32' title='bbox 469 326 497 349; x_wconf 93' lang='lat' dir='ltr'><strong>ut</strong></span> <span class='ocrx_word' id='word_1_33' title='bbox 512 321 734 348; x_wconf 85' lang='lat' dir='ltr'><strong>manifestaretur</strong></span> <span class='ocrx_word' id='word_1_34' title='bbox 749 320 880 348; x_wconf 77' lang='lat' dir='ltr'><strong>Christus</strong></span> <span class='ocrx_word' id='word_1_35' title='bbox 893 327 954 347; x_wconf 88' lang='lat' dir='ltr'><strong>om-</strong></span> 
     </span>
    </p>
   </div>
   <div class='ocr_carea' id='block_1_8' title="bbox 170 365 953 403">
    <p class='ocr_par' dir='ltr' id='par_1_8' title="bbox 170 365 953 403">
     <span class='ocr_line' id='line_1_8' title="bbox 170 365 953 403; baseline -0.005 -7"><span class='ocrx_word' id='word_1_36' title='bbox 170 369 253 396; x_wconf 84' lang='lat' dir='ltr'><strong>nibus</strong></span> <span class='ocrx_word' id='word_1_37' title='bbox 264 368 401 403; x_wconf 73' lang='lat' dir='ltr'><strong>gentibus.</strong></span> <span class='ocrx_word' id='word_1_38' title='bbox 413 367 575 400; x_wconf 82' lang='lat' dir='ltr'><strong>Quomodo?</strong></span> <span class='ocrx_word' id='word_1_39' title='bbox 591 366 659 394; x_wconf 76' lang='lat' dir='ltr'><strong>num</strong></span> <span class='ocrx_word' id='word_1_40' title='bbox 672 367 710 393; x_wconf 86' lang='lat' dir='ltr'><strong>illi</strong></span> <span class='ocrx_word' id='word_1_41' title='bbox 723 365 869 393; x_wconf 90' lang='lat' dir='ltr'><strong>obedirent</strong></span> <span class='ocrx_word' id='word_1_42' title='bbox 877 365 953 397; x_wconf 85' lang='lat' dir='ltr'><strong>lldei,</strong></span> 
     </span>
    </p>
   </div>
   <div class='ocr_carea' id='block_1_9' title="bbox 169 411 955 449">
    <p class='ocr_par' dir='ltr' id='par_1_9' title="bbox 169 411 955 449">
     <span class='ocr_line' id='line_1_9' title="bbox 169 411 955 449; baseline -0.004 -8"><span class='ocrx_word' id='word_1_43' title='bbox 169 414 252 449; x_wconf 60' lang='lat'><strong>395</strong></span> <span class='ocrx_word' id='word_1_44' title='bbox 266 421 314 448; x_wconf 88' lang='lat' dir='ltr'><strong>per</strong></span> <span class='ocrx_word' id='word_1_45' title='bbox 328 421 375 440; x_wconf 91' lang='lat' dir='ltr'><strong>eos</strong></span> <span class='ocrx_word' id='word_1_46' title='bbox 389 413 435 447; x_wconf 90' lang='lat' dir='ltr'><strong>qui</strong></span> <span class='ocrx_word' id='word_1_47' title='bbox 452 413 537 447; x_wconf 85' lang='lat' dir='ltr'><strong>ipsam</strong></span> <span class='ocrx_word' id='word_1_48' title='bbox 551 411 605 439; x_wconf 87' lang='lat' dir='ltr'><strong>illis</strong></span> <span class='ocrx_word' id='word_1_49' title='bbox 615 413 866 439; x_wconf 87' lang='lat' dir='ltr'><strong>annuntiaverunt:</strong></span> <span class='ocrx_word' id='word_1_50' title='bbox 885 419 955 446; x_wconf 92' lang='lat' dir='ltr'><strong>quo-</strong></span> 
     </span>
    </p>
   </div>
   <div class='ocr_carea' id='block_1_10' title="bbox 170 456 953 493">
    <p class='ocr_par' dir='ltr' id='par_1_10' title="bbox 170 456 953 493">
     <span class='ocr_line' id='line_1_10' title="bbox 170 456 953 493; baseline -0.001 -8"><span class='ocrx_word' id='word_1_51' title='bbox 170 467 230 486; x_wconf 89' lang='lat' dir='ltr'><strong>rum</strong></span> <span class='ocrx_word' id='word_1_52' title='bbox 246 458 389 493; x_wconf 79' lang='lat' dir='ltr'><strong>plurimam</strong></span> <span class='ocrx_word' id='word_1_53' title='bbox 409 462 513 492; x_wconf 83' lang='lat' dir='ltr'><strong>partem</strong></span> <span class='ocrx_word' id='word_1_54' title='bbox 530 456 605 484; x_wconf 84' lang='lat' dir='ltr'><strong>Pauli</strong></span> <span class='ocrx_word' id='word_1_55' title='bbox 621 465 720 484; x_wconf 86' lang='lat' dir='ltr'><strong>cursus</strong></span> <span class='ocrx_word' id='word_1_56' title='bbox 735 462 764 484; x_wconf 89' lang='lat' dir='ltr'><strong>et</strong></span> <span class='ocrx_word' id='word_1_57' title='bbox 775 457 953 492; x_wconf 81' lang='lat' dir='ltr'><strong>Evangelium</strong></span> 
     </span>
    </p>
   </div>
   <div class='ocr_carea' id='block_1_11' title="bbox 169 503 954 539">
    <p class='ocr_par' dir='ltr' id='par_1_11' title="bbox 169 503 954 539">
     <span class='ocr_line' id='line_1_11' title="bbox 169 503 954 539; baseline -0.003 -7"><span class='ocrx_word' id='word_1_58' title='bbox 169 505 294 539; x_wconf 92' lang='lat' dir='ltr'><strong>perfecit.</strong></span> <span class='ocrx_word' id='word_1_59' title='bbox 313 504 404 531; x_wconf 85' lang='lat' dir='ltr'><strong>Habes</strong></span> <span class='ocrx_word' id='word_1_60' title='bbox 425 503 509 538; x_wconf 78' lang='lat' dir='ltr'><strong>igitur</strong></span> <span class='ocrx_word' id='word_1_61' title='bbox 524 507 553 530; x_wconf 89' lang='lat' dir='ltr'><strong>et</strong></span> <span class='ocrx_word' id='word_1_62' title='bbox 570 503 615 530; x_wconf 87' lang='lat' dir='ltr'><strong>hic</strong></span> <span class='ocrx_word' id='word_1_63' title='bbox 637 504 812 538; x_wconf 74' lang='lat' dir='ltr'><strong>coniunctam</strong></span> <span class='ocrx_word' id='word_1_64' title='bbox 831 503 954 530; x_wconf 55' lang='lat' dir='ltr'><strong>Trinita‘</strong></span> 
     </span>
    </p>
   </div>
   <div class='ocr_carea' id='block_1_12' title="bbox 169 549 950 584">
    <p class='ocr_par' dir='ltr' id='par_1_12' title="bbox 169 549 950 584">
     <span class='ocr_line' id='line_1_12' title="bbox 169 549 950 584; baseline -0.001 -7"><span class='ocrx_word' id='word_1_65' title='bbox 169 555 234 577; x_wconf 83' lang='lat' dir='ltr'><strong>tem.</strong></span> <span class='ocrx_word' id='word_1_66' title='bbox 254 550 282 577; x_wconf 88' lang='lat' dir='ltr'><strong>In</strong></span> <span class='ocrx_word' id='word_1_67' title='bbox 294 558 327 577; x_wconf 90' lang='lat' dir='ltr'><strong>eo</strong></span> <span class='ocrx_word' id='word_1_68' title='bbox 338 550 447 584; x_wconf 92' lang='lat' dir='ltr'><strong>quidem</strong></span> <span class='ocrx_word' id='word_1_69' title='bbox 459 549 532 584; x_wconf 90' lang='lat' dir='ltr'><strong>quod</strong></span> <span class='ocrx_word' id='word_1_70' title='bbox 546 549 668 576; x_wconf 90' lang='lat' dir='ltr'><strong>dicitur:</strong></span> <span class='ocrx_word' id='word_1_71' title='bbox 685 558 694 574; x_wconf 80' lang='grc' dir='ltr'><strong>ι</strong></span> <span class='ocrx_word' id='word_1_72' title='bbox 713 549 836 584; x_wconf 89' lang='lat' dir='ltr'><strong>Sapienti</strong></span> <span class='ocrx_word' id='word_1_73' title='bbox 852 549 918 582; x_wconf 91' lang='lat' dir='ltr'><strong>Deo,</strong></span> <span class='ocrx_word' id='word_1_74' title='bbox 941 558 950 575; x_wconf 76' lang='grc' dir='ltr'><strong>ι</strong></span> 
     </span>
    </p>
   </div>
   <div class='ocr_carea' id='block_1_13' title="bbox 167 595 954 630">
    <p class='ocr_par' dir='ltr' id='par_1_13' title="bbox 167 595 954 630">
     <span class='ocr_line' id='line_1_13' title="bbox 167 595 954 630; baseline 0 -8"><span class='ocrx_word' id='word_1_75' title='bbox 167 597 293 628; x_wconf 86' lang='lat' dir='ltr'><strong>Patrem;</strong></span> <span class='ocrx_word' id='word_1_76' title='bbox 308 604 357 630; x_wconf 87' lang='lat' dir='ltr'><strong>per</strong></span> <span class='ocrx_word' id='word_1_77' title='bbox 371 595 438 622; x_wconf 90' lang='lat' dir='ltr'><strong>illud</strong></span> <span class='ocrx_word' id='word_1_78' title='bbox 454 599 545 622; x_wconf 89' lang='lat' dir='ltr'><strong>autem</strong></span> <span class='ocrx_word' id='word_1_79' title='bbox 563 595 636 630; x_wconf 91' lang='lat' dir='ltr'><strong>quod</strong></span> <span class='ocrx_word' id='word_1_80' title='bbox 651 595 690 622; x_wconf 88' lang='lat' dir='ltr'><strong>ait</strong></span> <span class='ocrx_word' id='word_1_81' title='bbox 704 603 711 621; x_wconf 73' lang='grc' dir='ltr'><strong>ε</strong></span> <span class='ocrx_word' id='word_1_82' title='bbox 730 604 739 621; x_wconf 80' lang='grc' dir='ltr'><strong>ι</strong></span> <span class='ocrx_word' id='word_1_83' title='bbox 753 595 846 622; x_wconf 74' lang='lat' dir='ltr'><strong>Iesum</strong></span> <span class='ocrx_word' id='word_1_84' title='bbox 873 595 954 622; x_wconf 82' lang='lat' dir='ltr'><strong>Chri-</strong></span> 
     </span>
    </p>
   </div>
   <div class='ocr_carea' id='block_1_14' title="bbox 169 640 955 676">
    <p class='ocr_par' dir='ltr' id='par_1_14' title="bbox 169 640 955 676">
     <span class='ocr_line' id='line_1_14' title="bbox 169 640 955 676; baseline -0.001 -8"><span class='ocrx_word' id='word_1_85' title='bbox 169 646 255 674; x_wconf 73' lang='lat' dir='ltr'><strong>stum,</strong></span> <span class='ocrx_word' id='word_1_86' title='bbox 278 650 287 667; x_wconf 73' lang='grc' dir='ltr'><strong>ι</strong></span> <span class='ocrx_word' id='word_1_87' title='bbox 305 641 416 676; x_wconf 88' lang='lat' dir='ltr'><strong>planum</strong></span> <span class='ocrx_word' id='word_1_88' title='bbox 429 645 471 668; x_wconf 85' lang='lat' dir='ltr'><strong>est</strong></span> <span class='ocrx_word' id='word_1_89' title='bbox 493 640 568 675; x_wconf 91' lang='lat' dir='ltr'><strong>quod</strong></span> <span class='ocrx_word' id='word_1_90' title='bbox 586 641 701 673; x_wconf 86' lang='lat' dir='ltr'><strong>Filium;</strong></span> <span class='ocrx_word' id='word_1_91' title='bbox 723 644 853 668; x_wconf 64' lang='lat' dir='ltr'><strong>caeterum</strong></span> <span class='ocrx_word' id='word_1_92' title='bbox 873 648 906 668; x_wconf 81' lang='lat' dir='ltr'><strong>ex</strong></span> <span class='ocrx_word' id='word_1_93' title='bbox 920 647 955 668; x_wconf 89' lang='lat' dir='ltr'><strong>eo</strong></span> 
     </span>
    </p>
   </div>
   <div class='ocr_carea' id='block_1_15' title="bbox 166 687 954 722">
    <p class='ocr_par' dir='ltr' id='par_1_15' title="bbox 166 687 954 722">
     <span class='ocr_line' id='line_1_15' title="bbox 166 687 954 722; baseline 0 -8"><span class='ocrx_word' id='word_1_94' title='bbox 166 689 237 722; x_wconf 91' lang='lat' dir='ltr'><strong>quod</strong></span> <span class='ocrx_word' id='word_1_95' title='bbox 257 687 409 715; x_wconf 85' lang='lat' dir='ltr'><strong>secundum</strong></span> <span class='ocrx_word' id='word_1_96' title='bbox 432 692 600 722; x_wconf 59' lang='lat' dir='ltr'><strong>praeceptum</strong></span> <span class='ocrx_word' id='word_1_97' title='bbox 619 687 714 715; x_wconf 71' lang='lat' dir='ltr'><strong>aeterni</strong></span> <span class='ocrx_word' id='word_1_98' title='bbox 736 687 783 714; x_wconf 88' lang='lat' dir='ltr'><strong>Dei</strong></span> <span class='ocrx_word' id='word_1_99' title='bbox 806 687 954 722; x_wconf 71' lang='lat' dir='ltr'><strong>prophetas</strong></span> 
     </span>
    </p>
   </div>
   <div class='ocr_carea' id='block_1_16' title="bbox 166 731 953 767">
    <p class='ocr_par' dir='ltr' id='par_1_16' title="bbox 166 731 953 767">
     <span class='ocr_line' id='line_1_16' title="bbox 166 731 953 767; baseline -0.001 -8"><span class='ocrx_word' id='word_1_100' title='bbox 166 734 204 761; x_wconf 87' lang='lat' dir='ltr'><strong>ait</strong></span> <span class='ocrx_word' id='word_1_101' title='bbox 228 734 393 760; x_wconf 85' lang='lat' dir='ltr'><strong>vaticinatos</strong></span> <span class='ocrx_word' id='word_1_102' title='bbox 418 733 514 764; x_wconf 90' lang='lat' dir='ltr'><strong>fuisse,</strong></span> <span class='ocrx_word' id='word_1_103' title='bbox 529 732 662 767; x_wconf 85' lang='lat' dir='ltr'><strong>Spiritum</strong></span> <span class='ocrx_word' id='word_1_104' title='bbox 679 737 816 759; x_wconf 90' lang='lat' dir='ltr'><strong>sanctum.</strong></span> <span class='ocrx_word' id='word_1_105' title='bbox 845 732 878 758; x_wconf 87' lang='lat' dir='ltr'><strong>Et</strong></span> <span class='ocrx_word' id='word_1_106' title='bbox 891 731 953 759; x_wconf 89' lang='lat' dir='ltr'><strong>vide</strong></span> 
     </span>
    </p>
   </div>
   <div class='ocr_carea' id='block_1_17' title="bbox 165 778 952 807">
    <p class='ocr_par' dir='ltr' id='par_1_17' title="bbox 165 778 952 807">
     <span class='ocr_line' id='line_1_17' title="bbox 165 778 952 807; baseline 0 -1"><span class='ocrx_word' id='word_1_107' title='bbox 165 783 273 806; x_wconf 88' lang='lat' dir='ltr'><strong>acutam</strong></span> <span class='ocrx_word' id='word_1_108' title='bbox 292 780 379 807; x_wconf 90' lang='lat' dir='ltr'><strong>aciem</strong></span> <span class='ocrx_word' id='word_1_109' title='bbox 397 779 525 806; x_wconf 79' lang='lat' dir='ltr'><strong>sublimis</strong></span> <span class='ocrx_word' id='word_1_110' title='bbox 541 786 573 806; x_wconf 90' lang='lat' dir='ltr'><strong>ac</strong></span> <span class='ocrx_word' id='word_1_111' title='bbox 590 786 654 806; x_wconf 84' lang='lat' dir='ltr'><strong>vere</strong></span> <span class='ocrx_word' id='word_1_112' title='bbox 676 778 798 807; x_wconf 62' lang='lat' dir='ltr'><strong>caelestis</strong></span> <span class='ocrx_word' id='word_1_113' title='bbox 812 778 952 806; x_wconf 84' lang='lat' dir='ltr'><strong>discursus</strong></span> 
     </span>
    </p>
   </div>
   <div class='ocr_carea' id='block_1_18' title="bbox 167 825 953 861">
    <p class='ocr_par' dir='ltr' id='par_1_18' title="bbox 167 825 953 861">
     <span class='ocr_line' id='line_1_18' title="bbox 167 825 953 861; baseline -0.001 -8"><span class='ocrx_word' id='word_1_114' title='bbox 167 827 270 854; x_wconf 85' lang='lat' dir='ltr'><strong>mentis</strong></span> <span class='ocrx_word' id='word_1_115' title='bbox 295 827 382 853; x_wconf 83' lang='lat' dir='ltr'><strong>Pauli.</strong></span> <span class='ocrx_word' id='word_1_116' title='bbox 409 825 551 861; x_wconf 82' lang='lat' dir='ltr'><strong>Siquidem</strong></span> <span class='ocrx_word' id='word_1_117' title='bbox 569 826 697 860; x_wconf 85' lang='lat' dir='ltr'><strong>quoniam</strong></span> <span class='ocrx_word' id='word_1_118' title='bbox 721 825 873 860; x_wconf 88' lang='lat' dir='ltr'><strong>sapientem</strong></span> <span class='ocrx_word' id='word_1_119' title='bbox 896 832 953 852; x_wconf 88' lang='lat' dir='ltr'><strong>om-</strong></span> 
     </span>
    </p>
   </div>
   <div class='ocr_carea' id='block_1_19' title="bbox 166 869 950 905">
    <p class='ocr_par' dir='ltr' id='par_1_19' title="bbox 166 869 950 905">
     <span class='ocr_line' id='line_1_19' title="bbox 166 869 950 905; baseline -0.001 -8"><span class='ocrx_word' id='word_1_120' title='bbox 166 870 233 897; x_wconf 90' lang='lat' dir='ltr'><strong>nino</strong></span> <span class='ocrx_word' id='word_1_121' title='bbox 253 869 387 904; x_wconf 86' lang='lat' dir='ltr'><strong>Spiritum</strong></span> <span class='ocrx_word' id='word_1_122' title='bbox 413 878 485 902; x_wconf 88' lang='lat' dir='ltr'><strong>esse,</strong></span> <span class='ocrx_word' id='word_1_123' title='bbox 519 871 658 898; x_wconf 88' lang='lat' dir='ltr'><strong>nullorum</strong></span> <span class='ocrx_word' id='word_1_124' title='bbox 686 875 761 905; x_wconf 84' lang='lat' dir='ltr'><strong>patet</strong></span> <span class='ocrx_word' id='word_1_125' title='bbox 787 870 950 897; x_wconf 75' lang='lat' dir='ltr'><strong>calumnize:</strong></span> 
     </span>
    </p>
   </div>
   <div class='ocr_carea' id='block_1_20' title="bbox 1006 274 1800 311">
    <p class='ocr_par' dir='ltr' id='par_1_20' title="bbox 1006 274 1800 311">
     <span class='ocr_line' id='line_1_20' title="bbox 1006 274 1800 311; baseline 0.003 -11"><span class='ocrx_word' id='word_1_126' title='bbox 1006 274 1184 309; x_wconf 74' lang='grc' dir='ltr'><strong>προφητικῶν</strong></span> <span class='ocrx_word' id='word_1_127' title='bbox 1201 274 1327 309; x_wconf 83' lang='grc' dir='ltr'>Γραφῶν.</span> <span class='ocrx_word' id='word_1_128' title='bbox 1347 274 1380 306; x_wconf 79' lang='grc' dir='ltr'>ἂς</span> <span class='ocrx_word' id='word_1_129' title='bbox 1394 274 1438 301; x_wconf 88' lang='grc' dir='ltr'><strong>διὰ</strong></span> <span class='ocrx_word' id='word_1_130' title='bbox 1458 275 1504 302; x_wconf 90' lang='grc' dir='ltr'><strong>τοῦ</strong></span> <span class='ocrx_word' id='word_1_131' title='bbox 1525 275 1686 310; x_wconf 79' lang='grc' dir='ltr'>Πνεῦματος</span> <span class='ocrx_word' id='word_1_132' title='bbox 1701 276 1800 311; x_wconf 48' lang='lat' dir='ltr'><strong>suam</strong></span> 
     </span>
    </p>
   </div>
   <div class='ocr_carea' id='block_1_21' title="bbox 1006 319 1797 355">
    <p class='ocr_par' dir='ltr' id='par_1_21' title="bbox 1006 319 1797 355">
     <span class='ocr_line' id='line_1_21' title="bbox 1006 319 1797 355; baseline 0.003 -10"><span class='ocrx_word' id='word_1_133' title='bbox 1006 328 1055 346; x_wconf 87' lang='grc' dir='ltr'><strong>σαν</strong></span> <span class='ocrx_word' id='word_1_134' title='bbox 1067 328 1074 352; x_wconf 88' lang='grc'>;</span> <span class='ocrx_word' id='word_1_135' title='bbox 1088 319 1277 354; x_wconf 81' lang='grc' dir='ltr'>Γνωρισθῆναι</span> <span class='ocrx_word' id='word_1_136' title='bbox 1291 319 1337 346; x_wconf 56' lang='grc' dir='ltr'>τὴν</span> <span class='ocrx_word' id='word_1_137' title='bbox 1357 320 1475 355; x_wconf 80' lang='grc' dir='ltr'>Χριστὸν</span> <span class='ocrx_word' id='word_1_138' title='bbox 1495 322 1578 347; x_wconf 76' lang='grc' dir='ltr'>πᾶσιν</span> <span class='ocrx_word' id='word_1_139' title='bbox 1596 321 1696 348; x_wconf 73' lang='grc' dir='ltr'>ἔθνεσι.</span> <span class='ocrx_word' id='word_1_140' title='bbox 1713 321 1797 354; x_wconf 83' lang='grc' dir='ltr'><strong>Πῶς;</strong></span> 
     </span>
    </p>
   </div>
   <div class='ocr_carea' id='block_1_22' title="bbox 1012 364 1797 401">
    <p class='ocr_par' dir='ltr' id='par_1_22' title="bbox 1012 364 1797 401">
     <span class='ocr_line' id='line_1_22' title="bbox 1012 364 1797 401; baseline 0.005 -11"><span class='ocrx_word' id='word_1_141' title='bbox 1012 364 1242 391; x_wconf 79' lang='grc' dir='ltr'>’Υπακουσάντων</span> <span class='ocrx_word' id='word_1_142' title='bbox 1260 365 1350 392; x_wconf 80' lang='grc' dir='ltr'>αὐτῶν</span> <span class='ocrx_word' id='word_1_143' title='bbox 1369 367 1402 401; x_wconf 77' lang='grc' dir='ltr'>τῇ</span> <span class='ocrx_word' id='word_1_144' title='bbox 1421 366 1523 397; x_wconf 76' lang='grc' dir='ltr'>πίστει,</span> <span class='ocrx_word' id='word_1_145' title='bbox 1538 366 1582 393; x_wconf 78' lang='grc' dir='ltr'><strong>διὰ</strong></span> <span class='ocrx_word' id='word_1_146' title='bbox 1603 368 1657 394; x_wconf 83' lang='grc' dir='ltr'><strong>τῶν</strong></span> <span class='ocrx_word' id='word_1_147' title='bbox 1677 367 1797 401; x_wconf 82' lang='grc' dir='ltr'>εὐαγγε-</span> 
     </span>
    </p>
   </div>
   <div class='ocr_carea' id='block_1_23' title="bbox 1004 409 1796 448">
    <p class='ocr_par' dir='ltr' id='par_1_23' title="bbox 1004 409 1796 448">
     <span class='ocr_line' id='line_1_23' title="bbox 1004 409 1796 448; baseline 0.004 -12"><span class='ocrx_word' id='word_1_148' title='bbox 1004 411 1159 445; x_wconf 79' lang='grc' dir='ltr'>λισαμένων</span> <span class='ocrx_word' id='word_1_149' title='bbox 1177 411 1269 442; x_wconf 82' lang='grc' dir='ltr'>αὐτοῖς</span> <span class='ocrx_word' id='word_1_150' title='bbox 1285 411 1399 446; x_wconf 75' lang='grc' dir='ltr'>ταύτην.</span> <span class='ocrx_word' id='word_1_151' title='bbox 1422 409 1472 438; x_wconf 81' lang='grc' dir='ltr'>Ὧν</span> <span class='ocrx_word' id='word_1_152' title='bbox 1494 412 1524 438; x_wconf 88' lang='grc' dir='ltr'><strong>τδ</strong></span> <span class='ocrx_word' id='word_1_153' title='bbox 1540 412 1667 439; x_wconf 78' lang='grc' dir='ltr'>πλεῖστον</span> <span class='ocrx_word' id='word_1_154' title='bbox 1683 413 1767 448; x_wconf 83' lang='grc' dir='ltr'>μέρος</span> <span class='ocrx_word' id='word_1_155' title='bbox 1782 414 1796 440; x_wconf 85' lang='grc' dir='ltr'><strong>ό</strong></span> 
     </span>
    </p>
   </div>
   <div class='ocr_carea' id='block_1_24' title="bbox 1005 455 1705 493">
    <p class='ocr_par' dir='ltr' id='par_1_24' title="bbox 1005 455 1705 493">
     <span class='ocr_line' id='line_1_24' title="bbox 1005 455 1705 493; baseline 0.003 -11"><span class='ocrx_word' id='word_1_156' title='bbox 1005 455 1051 482; x_wconf 77' lang='grc' dir='ltr'><strong>τοῦ</strong></span> <span class='ocrx_word' id='word_1_157' title='bbox 1068 455 1174 483; x_wconf 81' lang='grc' dir='ltr'><strong>Παύλου</strong></span> <span class='ocrx_word' id='word_1_158' title='bbox 1190 456 1290 492; x_wconf 80' lang='grc' dir='ltr'><strong>δρόμος</strong></span> <span class='ocrx_word' id='word_1_159' title='bbox 1306 457 1353 483; x_wconf 81' lang='grc' dir='ltr'><strong>καὶ</strong></span> <span class='ocrx_word' id='word_1_160' title='bbox 1367 456 1397 482; x_wconf 81' lang='grc' dir='ltr'>τὸ</span> <span class='ocrx_word' id='word_1_161' title='bbox 1410 457 1575 490; x_wconf 72' lang='grc' dir='ltr'>Εὑαγγιίλιον</span> <span class='ocrx_word' id='word_1_162' title='bbox 1593 458 1705 493; x_wconf 75' lang='grc' dir='ltr'>ἤνυσεν.</span> 
     </span>
    </p>
   </div>
   <div class='ocr_carea' id='block_1_25' title="bbox 1043 499 1794 539">
    <p class='ocr_par' dir='ltr' id='par_1_25' title="bbox 1043 499 1794 539">
     <span class='ocr_line' id='line_1_25' title="bbox 1043 499 1794 539; baseline 0.004 -12"><span class='ocrx_word' id='word_1_163' title='bbox 1043 501 1136 535; x_wconf 82' lang='grc' dir='ltr'>Ἔχεις</span> <span class='ocrx_word' id='word_1_164' title='bbox 1160 499 1206 528; x_wconf 74' lang='grc' dir='ltr'>οὖν</span> <span class='ocrx_word' id='word_1_165' title='bbox 1223 501 1363 528; x_wconf 83' lang='grc' dir='ltr'>κάνταῦθα</span> <span class='ocrx_word' id='word_1_166' title='bbox 1378 502 1429 536; x_wconf 86' lang='grc' dir='ltr'>τὴν</span> <span class='ocrx_word' id='word_1_167' title='bbox 1450 502 1553 538; x_wconf 81' lang='grc' dir='ltr'>Τριάδα</span> <span class='ocrx_word' id='word_1_168' title='bbox 1574 504 1794 539; x_wconf 74' lang='grc' dir='ltr'>ουναπτομένην.</span> 
     </span>
    </p>
   </div>
   <div class='ocr_carea' id='block_1_26' title="bbox 1004 545 1795 584">
    <p class='ocr_par' dir='ltr' id='par_1_26' title="bbox 1004 545 1795 584">
     <span class='ocr_line' id='line_1_26' title="bbox 1004 545 1795 584; baseline 0.006 -12"><span class='ocrx_word' id='word_1_169' title='bbox 1004 545 1054 572; x_wconf 76' lang='grc' dir='ltr'><strong>Διὰ</strong></span> <span class='ocrx_word' id='word_1_170' title='bbox 1079 546 1128 580; x_wconf 78' lang='grc' dir='ltr'>μὲν</span> <span class='ocrx_word' id='word_1_171' title='bbox 1144 546 1201 578; x_wconf 86' lang='grc' dir='ltr'>τοῦ,</span> <span class='ocrx_word' id='word_1_172' title='bbox 1227 557 1235 572; x_wconf 80' lang='grc' dir='ltr'><strong>ι</strong></span> <span class='ocrx_word' id='word_1_173' title='bbox 1253 547 1331 582; x_wconf 82' lang='grc' dir='ltr'>Σοφῷ</span> <span class='ocrx_word' id='word_1_174' title='bbox 1349 547 1419 583; x_wconf 86' lang='grc' dir='ltr'>Θεῷ,</span> <span class='ocrx_word' id='word_1_175' title='bbox 1438 557 1447 574; x_wconf 76' lang='grc' dir='ltr'><strong>ι</strong></span> <span class='ocrx_word' id='word_1_176' title='bbox 1465 548 1510 575; x_wconf 68' lang='grc' dir='ltr'><strong>τὸν</strong></span> <span class='ocrx_word' id='word_1_177' title='bbox 1534 549 1646 584; x_wconf 78' lang='grc' dir='ltr'><strong>Πατέρα</strong></span> <span class='ocrx_word' id='word_1_178' title='bbox 1662 559 1669 566; x_wconf 93' lang='grc'><strong>·</strong></span> <span class='ocrx_word' id='word_1_179' title='bbox 1700 550 1744 576; x_wconf 74' lang='grc' dir='ltr'><strong>διὰ</strong></span> <span class='ocrx_word' id='word_1_180' title='bbox 1766 550 1795 577; x_wconf 63' lang='grc' dir='ltr'>δὲ</span> 
     </span>
    </p>
   </div>
   <div class='ocr_carea' id='block_1_27' title="bbox 1004 591 1795 629">
    <p class='ocr_par' dir='ltr' id='par_1_27' title="bbox 1004 591 1795 629">
     <span class='ocr_line' id='line_1_27' title="bbox 1004 591 1795 629; baseline 0.006 -11"><span class='ocrx_word' id='word_1_181' title='bbox 1004 591 1065 624; x_wconf 87' lang='grc' dir='ltr'>τοῦ,</span> <span class='ocrx_word' id='word_1_182' title='bbox 1085 600 1094 616; x_wconf 77' lang='grc' dir='ltr'><strong>ι</strong></span> <span class='ocrx_word' id='word_1_183' title='bbox 1111 592 1199 626; x_wconf 85' lang='grc' dir='ltr'>Ἰησοῦ</span> <span class='ocrx_word' id='word_1_184' title='bbox 1217 593 1348 628; x_wconf 82' lang='grc' dir='ltr'><strong>Χριστοῦ,</strong></span> <span class='ocrx_word' id='word_1_185' title='bbox 1366 603 1375 620; x_wconf 77' lang='grc' dir='ltr'><strong>ι</strong></span> <span class='ocrx_word' id='word_1_186' title='bbox 1396 594 1517 629; x_wconf 79' lang='grc' dir='ltr'>δηλονότι</span> <span class='ocrx_word' id='word_1_187' title='bbox 1539 594 1585 621; x_wconf 83' lang='grc' dir='ltr'>τὸν</span> <span class='ocrx_word' id='word_1_188' title='bbox 1602 595 1667 622; x_wconf 82' lang='grc' dir='ltr'>Υίόν</span> <span class='ocrx_word' id='word_1_189' title='bbox 1680 603 1688 610; x_wconf 87' lang='grc'><strong>·</strong></span> <span class='ocrx_word' id='word_1_190' title='bbox 1709 595 1795 623; x_wconf 75' lang='grc' dir='ltr'>διὰδὲ</span> 
     </span>
    </p>
   </div>
   <div class='ocr_carea' id='block_1_28' title="bbox 1003 637 1795 677">
    <p class='ocr_par' dir='ltr' id='par_1_28' title="bbox 1003 637 1795 677">
     <span class='ocr_line' id='line_1_28' title="bbox 1003 637 1795 677; baseline 0.006 -14"><span class='ocrx_word' id='word_1_191' title='bbox 1003 639 1063 671; x_wconf 84' lang='grc' dir='ltr'>τοῦ,</span> <span class='ocrx_word' id='word_1_192' title='bbox 1078 637 1140 664; x_wconf 77' lang='grc' dir='ltr'>κατ’</span> <span class='ocrx_word' id='word_1_193' title='bbox 1153 639 1287 673; x_wconf 77' lang='grc' dir='ltr'>ἐπιταγὴν</span> <span class='ocrx_word' id='word_1_194' title='bbox 1301 639 1348 666; x_wconf 88' lang='grc' dir='ltr'><strong>τοῦ</strong></span> <span class='ocrx_word' id='word_1_195' title='bbox 1361 640 1471 666; x_wconf 79' lang='grc' dir='ltr'>αἰωνίου</span> <span class='ocrx_word' id='word_1_196' title='bbox 1480 640 1559 672; x_wconf 82' lang='grc' dir='ltr'>Θεοῦ,</span> <span class='ocrx_word' id='word_1_197' title='bbox 1573 641 1636 672; x_wconf 77' lang='grc' dir='ltr'>τοὺς</span> <span class='ocrx_word' id='word_1_198' title='bbox 1648 643 1795 677; x_wconf 69' lang='grc' dir='ltr'>προφήτας</span> 
     </span>
    </p>
   </div>
   <div class='ocr_carea' id='block_1_29' title="bbox 1006 685 1795 723">
    <p class='ocr_par' dir='ltr' id='par_1_29' title="bbox 1006 685 1795 723">
     <span class='ocr_line' id='line_1_29' title="bbox 1006 685 1795 723; baseline 0.006 -13"><span class='ocrx_word' id='word_1_199' title='bbox 1006 685 1206 720; x_wconf 74' lang='grc' dir='ltr'><strong>προφητεῦσαι,</strong></span> <span class='ocrx_word' id='word_1_200' title='bbox 1219 686 1250 712; x_wconf 79' lang='grc' dir='ltr'>τὸ</span> <span class='ocrx_word' id='word_1_201' title='bbox 1264 686 1340 720; x_wconf 74' lang='grc' dir='ltr'>ἀγιον</span> <span class='ocrx_word' id='word_1_202' title='bbox 1355 687 1478 721; x_wconf 82' lang='grc' dir='ltr'><strong>Πνεῦμα.</strong></span> <span class='ocrx_word' id='word_1_203' title='bbox 1494 687 1549 714; x_wconf 71' lang='grc' dir='ltr'><strong>Καὶ</strong></span> <span class='ocrx_word' id='word_1_204' title='bbox 1564 687 1614 723; x_wconf 85' lang='grc' dir='ltr'>ὅρα</span> <span class='ocrx_word' id='word_1_205' title='bbox 1625 688 1676 723; x_wconf 80' lang='grc' dir='ltr'>τῆς</span> <span class='ocrx_word' id='word_1_206' title='bbox 1687 688 1795 723; x_wconf 74' lang='grc' dir='ltr'>ὑψηλῆς</span> 
     </span>
    </p>
   </div>
   <div class='ocr_carea' id='block_1_30' title="bbox 1005 730 1796 767">
    <p class='ocr_par' dir='ltr' id='par_1_30' title="bbox 1005 730 1796 767">
     <span class='ocr_line' id='line_1_30' title="bbox 1005 730 1796 767; baseline 0.006 -11"><span class='ocrx_word' id='word_1_207' title='bbox 1005 731 1052 756; x_wconf 75' lang='grc' dir='ltr'>καὶ</span> <span class='ocrx_word' id='word_1_208' title='bbox 1072 731 1110 762; x_wconf 84' lang='grc' dir='ltr'>ὡς</span> <span class='ocrx_word' id='word_1_209' title='bbox 1133 730 1242 764; x_wconf 84' lang='grc' dir='ltr'>ἀληθῶς</span> <span class='ocrx_word' id='word_1_210' title='bbox 1265 732 1468 767; x_wconf 80' lang='grc' dir='ltr'>οὐρανοδρόμου</span> <span class='ocrx_word' id='word_1_211' title='bbox 1483 732 1604 765; x_wconf 81' lang='grc' dir='ltr'><strong>διανοίας</strong></span> <span class='ocrx_word' id='word_1_212' title='bbox 1635 734 1747 761; x_wconf 80' lang='grc' dir='ltr'>Παύλου</span> <span class='ocrx_word' id='word_1_213' title='bbox 1765 735 1796 761; x_wconf 76' lang='grc' dir='ltr'><strong>τὸ</strong></span> 
     </span>
    </p>
   </div>
   <div class='ocr_carea' id='block_1_31' title="bbox 1004 774 1795 814">
    <p class='ocr_par' dir='ltr' id='par_1_31' title="bbox 1004 774 1795 814">
     <span class='ocr_line' id='line_1_31' title="bbox 1004 774 1795 814; baseline 0.006 -13"><span class='ocrx_word' id='word_1_214' title='bbox 1004 774 1136 807; x_wconf 70' lang='grc' dir='ltr'>ἐξυωπές.</span> <span class='ocrx_word' id='word_1_215' title='bbox 1156 776 1234 802; x_wconf 66' lang='grc' dir='ltr'>Ἐπεὶ</span> <span class='ocrx_word' id='word_1_216' title='bbox 1254 777 1307 812; x_wconf 84' lang='grc' dir='ltr'>γὰρ</span> <span class='ocrx_word' id='word_1_217' title='bbox 1329 777 1367 808; x_wconf 83' lang='grc' dir='ltr'>ὡς</span> <span class='ocrx_word' id='word_1_218' title='bbox 1383 778 1486 804; x_wconf 70' lang='grc' dir='ltr'>ἐπίπαν</span> <span class='ocrx_word' id='word_1_219' title='bbox 1504 777 1533 804; x_wconf 75' lang='grc' dir='ltr'>τὸ</span> <span class='ocrx_word' id='word_1_220' title='bbox 1550 779 1599 813; x_wconf 82' lang='grc' dir='ltr'>μὲν</span> <span class='ocrx_word' id='word_1_221' title='bbox 1619 779 1702 814; x_wconf 72' lang='grc' dir='ltr'>σοφὸν</span> <span class='ocrx_word' id='word_1_222' title='bbox 1724 777 1795 806; x_wconf 74' lang='grc' dir='ltr'>εἶναι</span> 
     </span>
    </p>
   </div>
   <div class='ocr_carea' id='block_1_32' title="bbox 1004 820 1795 860">
    <p class='ocr_par' dir='ltr' id='par_1_32' title="bbox 1004 820 1795 860">
     <span class='ocr_line' id='line_1_32' title="bbox 1004 820 1795 860; baseline 0.006 -14"><span class='ocrx_word' id='word_1_223' title='bbox 1004 820 1128 856; x_wconf 83' lang='grc' dir='ltr'><strong>Πνεῦμα.</strong></span> <span class='ocrx_word' id='word_1_224' title='bbox 1147 822 1178 849; x_wconf 84' lang='grc' dir='ltr'>οὐ</span> <span class='ocrx_word' id='word_1_225' title='bbox 1195 822 1376 857; x_wconf 79' lang='grc' dir='ltr'>προσίσταταί</span> <span class='ocrx_word' id='word_1_226' title='bbox 1397 832 1464 856; x_wconf 83' lang='grc' dir='ltr'>τισι,</span> <span class='ocrx_word' id='word_1_227' title='bbox 1480 824 1512 850; x_wconf 75' lang='grc' dir='ltr'><strong>τὸ</strong></span> <span class='ocrx_word' id='word_1_228' title='bbox 1532 823 1562 850; x_wconf 82' lang='grc' dir='ltr'>δὲ</span> <span class='ocrx_word' id='word_1_229' title='bbox 1583 825 1698 860; x_wconf 79' lang='grc' dir='ltr'>ἄχρονον</span> <span class='ocrx_word' id='word_1_230' title='bbox 1714 824 1795 859; x_wconf 73' lang='grc' dir='ltr'>εἶναι,</span> 
     </span>
    </p>
   </div>
   <div class='ocr_carea' id='block_1_33' title="bbox 1004 865 1794 904">
    <p class='ocr_par' dir='ltr' id='par_1_33' title="bbox 1004 865 1794 904">
     <span class='ocr_line' id='line_1_33' title="bbox 1004 865 1794 904; baseline 0.006 -13"><span class='ocrx_word' id='word_1_231' title='bbox 1004 865 1183 900; x_wconf 85' lang='grc' dir='ltr'>προσίσταται</span> <span class='ocrx_word' id='word_1_232' title='bbox 1196 867 1252 897; x_wconf 83' lang='grc' dir='ltr'>τοῖς</span> <span class='ocrx_word' id='word_1_233' title='bbox 1267 867 1384 898; x_wconf 76' lang='grc' dir='ltr'>πολλοῖς,</span> <span class='ocrx_word' id='word_1_234' title='bbox 1398 867 1498 902; x_wconf 79' lang='grc' dir='ltr'>ἧμειψε</span> <span class='ocrx_word' id='word_1_235' title='bbox 1511 868 1613 895; x_wconf 81' lang='grc' dir='ltr'>ταῦτα’</span> <span class='ocrx_word' id='word_1_236' title='bbox 1627 869 1677 895; x_wconf 77' lang='grc' dir='ltr'>καὶ</span> <span class='ocrx_word' id='word_1_237' title='bbox 1691 869 1722 896; x_wconf 73' lang='grc' dir='ltr'>τὸ</span> <span class='ocrx_word' id='word_1_238' title='bbox 1733 870 1794 904; x_wconf 73' lang='grc' dir='ltr'>μὲν,</span> 
     </span>
    </p>
   </div>
   <div class='ocr_carea' id='block_1_34' title="bbox 165 908 948 951">
    <p class='ocr_par' dir='ltr' id='par_1_34' title="bbox 165 915 948 951">
     <span class='ocr_line' id='line_1_34' title="bbox 165 915 948 951; baseline 0.001 -9"><span class='ocrx_word' id='word_1_239' title='bbox 165 915 254 943; x_wconf 85' lang='lat' dir='ltr'><strong>fuisse</strong></span> <span class='ocrx_word' id='word_1_240' title='bbox 268 924 333 943; x_wconf 89' lang='lat' dir='ltr'><strong>vero</strong></span> <span class='ocrx_word' id='word_1_241' title='bbox 350 916 384 943; x_wconf 88' lang='lat' dir='ltr'><strong>ab</strong></span> <span class='ocrx_word' id='word_1_242' title='bbox 397 921 511 949; x_wconf 63' lang='grc' dir='ltr'>εισι-ιιο,</span> <span class='ocrx_word' id='word_1_243' title='bbox 532 917 681 944; x_wconf 90' lang='lat' dir='ltr'><strong>multorum</strong></span> <span class='ocrx_word' id='word_1_244' title='bbox 704 916 807 950; x_wconf 87' lang='lat' dir='ltr'><strong>patitur</strong></span> <span class='ocrx_word' id='word_1_245' title='bbox 819 916 948 951; x_wconf 86' lang='lat' dir='ltr'><strong>objectio-</strong></span> 
     </span>
    </p>
   </div>
   <div class='ocr_carea' id='block_1_35' title="bbox 1043 908 1796 951">
    <p class='ocr_par' dir='ltr' id='par_1_35' title="bbox 1043 910 1796 949">
     <span class='ocr_line' id='line_1_35' title="bbox 1043 910 1796 949; baseline 0.007 -12"><span class='ocrx_word' id='word_1_246' title='bbox 1043 910 1154 946; x_wconf 79' lang='grc' dir='ltr'>ιροῦστη</span> <span class='ocrx_word' id='word_1_247' title='bbox 1169 912 1201 938; x_wconf 79' lang='grc' dir='ltr'>ἄν</span> <span class='ocrx_word' id='word_1_248' title='bbox 1216 920 1298 944; x_wconf 86' lang='grc' dir='ltr'>τισιν,</span> <span class='ocrx_word' id='word_1_249' title='bbox 1315 914 1338 938; x_wconf 74' lang='grc' dir='ltr'><strong>εί</strong></span> <span class='ocrx_word' id='word_1_250' title='bbox 1353 912 1389 947; x_wconf 82' lang='grc' dir='ltr'>μὴ</span> <span class='ocrx_word' id='word_1_251' title='bbox 1408 913 1514 944; x_wconf 83' lang='grc' dir='ltr'>Παῦλος</span> <span class='ocrx_word' id='word_1_252' title='bbox 1530 914 1605 946; x_wconf 79' lang='grc' dir='ltr'>ἐϐόα,</span> <span class='ocrx_word' id='word_1_253' title='bbox 1620 915 1729 949; x_wconf 81' lang='grc' dir='ltr'><strong>τίθησιν</strong></span> <span class='ocrx_word' id='word_1_254' title='bbox 1749 917 1796 942; x_wconf 76' lang='grc' dir='ltr'><strong>ἐπὶ</strong></span> 
     </span>
    </p>
   </div>
   <div class='ocr_carea' id='block_1_36' title="bbox 166 962 951 998">
    <p class='ocr_par' dir='ltr' id='par_1_36' title="bbox 166 962 951 998">
     <span class='ocr_line' id='line_1_36' title="bbox 166 962 951 998; baseline 0.003 -10"><span class='ocrx_word' id='word_1_255' title='bbox 166 969 226 990; x_wconf 86' lang='lat' dir='ltr'><strong>nes.</strong></span> <span class='ocrx_word' id='word_1_256' title='bbox 243 962 301 988; x_wconf 70' lang='lat' dir='ltr'><strong>haec</strong></span> <span class='ocrx_word' id='word_1_257' title='bbox 311 962 494 996; x_wconf 82' lang='lat' dir='ltr'><strong>permutavit:</strong></span> <span class='ocrx_word' id='word_1_258' title='bbox 514 963 603 989; x_wconf 80' lang='lat' dir='ltr'><strong>ethoc</strong></span> <span class='ocrx_word' id='word_1_259' title='bbox 614 962 725 997; x_wconf 88' lang='lat' dir='ltr'><strong>quidem</strong></span> <span class='ocrx_word' id='word_1_260' title='bbox 741 963 815 998; x_wconf 91' lang='lat' dir='ltr'><strong>quod</strong></span> <span class='ocrx_word' id='word_1_261' title='bbox 830 964 951 990; x_wconf 91' lang='lat' dir='ltr'><strong>nonnul-</strong></span> 
     </span>
    </p>
   </div>
   <div class='ocr_carea' id='block_1_37' title="bbox 166 1006 950 1043">
    <p class='ocr_par' dir='ltr' id='par_1_37' title="bbox 166 1006 950 1043">
     <span class='ocr_line' id='line_1_37' title="bbox 166 1006 950 1043; baseline 0.004 -10"><span class='ocrx_word' id='word_1_262' title='bbox 166 1006 209 1034; x_wconf 89' lang='lat' dir='ltr'><strong>los</strong></span> <span class='ocrx_word' id='word_1_263' title='bbox 225 1007 343 1034; x_wconf 84' lang='lat' dir='ltr'><strong>habebat</strong></span> <span class='ocrx_word' id='word_1_264' title='bbox 359 1008 575 1035; x_wconf 82' lang='lat' dir='ltr'><strong>contradictores</strong></span> <span class='ocrx_word' id='word_1_265' title='bbox 600 1008 654 1035; x_wconf 90' lang='lat' dir='ltr'><strong>nisi</strong></span> <span class='ocrx_word' id='word_1_266' title='bbox 679 1008 781 1036; x_wconf 88' lang='lat' dir='ltr'><strong>Paulus</strong></span> <span class='ocrx_word' id='word_1_267' title='bbox 795 1009 950 1043; x_wconf 84' lang='lat' dir='ltr'><strong>clamasset,</strong></span> 
     </span>
    </p>
   </div>
   <div class='ocr_carea' id='block_1_38' title="bbox 166 1052 953 1087">
    <p class='ocr_par' dir='ltr' id='par_1_38' title="bbox 166 1052 953 1087">
     <span class='ocr_line' id='line_1_38' title="bbox 166 1052 953 1087; baseline 0.005 -9"><span class='ocrx_word' id='word_1_268' title='bbox 166 1053 244 1087; x_wconf 91' lang='lat' dir='ltr'><strong>ponit</strong></span> <span class='ocrx_word' id='word_1_269' title='bbox 261 1052 295 1080; x_wconf 88' lang='lat' dir='ltr'><strong>de</strong></span> <span class='ocrx_word' id='word_1_270' title='bbox 312 1052 426 1087; x_wconf 86' lang='lat' dir='ltr'><strong>Spiritu,</strong></span> <span class='ocrx_word' id='word_1_271' title='bbox 442 1057 574 1080; x_wconf 65' lang='lat' dir='ltr'><strong>aeternum</strong></span> <span class='ocrx_word' id='word_1_272' title='bbox 589 1054 674 1081; x_wconf 90' lang='lat' dir='ltr'><strong>Deum</strong></span> <span class='ocrx_word' id='word_1_273' title='bbox 688 1062 806 1081; x_wconf 82' lang='lat' dir='ltr'><strong>vocans:</strong></span> <span class='ocrx_word' id='word_1_274' title='bbox 822 1055 889 1082; x_wconf 90' lang='lat' dir='ltr'><strong>illud</strong></span> <span class='ocrx_word' id='word_1_275' title='bbox 904 1063 953 1082; x_wconf 90' lang='lat' dir='ltr'><strong>au-</strong></span> 
     </span>
    </p>
   </div>
   <div class='ocr_carea' id='block_1_39' title="bbox 168 1096 952 1134">
    <p class='ocr_par' dir='ltr' id='par_1_39' title="bbox 168 1096 952 1134">
     <span class='ocr_line' id='line_1_39' title="bbox 168 1096 952 1134; baseline 0.004 -11"><span class='ocrx_word' id='word_1_276' title='bbox 168 1101 221 1123; x_wconf 85' lang='lat' dir='ltr'><strong>tem</strong></span> <span class='ocrx_word' id='word_1_277' title='bbox 233 1096 304 1131; x_wconf 91' lang='lat' dir='ltr'><strong>quod</strong></span> <span class='ocrx_word' id='word_1_278' title='bbox 318 1097 397 1124; x_wconf 80' lang='lat' dir='ltr'><strong>facile</strong></span> <span class='ocrx_word' id='word_1_279' title='bbox 410 1101 490 1131; x_wconf 88' lang='lat' dir='ltr'><strong>captu</strong></span> <span class='ocrx_word' id='word_1_280' title='bbox 504 1102 572 1130; x_wconf 86' lang='lat' dir='ltr'><strong>erat,</strong></span> <span class='ocrx_word' id='word_1_281' title='bbox 589 1103 620 1124; x_wconf 89' lang='lat' dir='ltr'><strong>ut</strong></span> <span class='ocrx_word' id='word_1_282' title='bbox 631 1097 741 1125; x_wconf 78' lang='lat' dir='ltr'><strong>etiamsi</strong></span> <span class='ocrx_word' id='word_1_283' title='bbox 774 1098 808 1126; x_wconf 90' lang='lat' dir='ltr'><strong>de</strong></span> <span class='ocrx_word' id='word_1_284' title='bbox 821 1099 881 1134; x_wconf 88' lang='lat' dir='ltr'><strong>ipso</strong></span> <span class='ocrx_word' id='word_1_285' title='bbox 896 1107 952 1126; x_wconf 92' lang='lat' dir='ltr'><strong>non</strong></span> 
     </span>
    </p>
   </div>
   <div class='ocr_carea' id='block_1_40' title="bbox 168 1141 952 1178">
    <p class='ocr_par' dir='ltr' id='par_1_40' title="bbox 168 1141 952 1178">
     <span class='ocr_line' id='line_1_40' title="bbox 168 1141 952 1178; baseline 0.005 -11"><span class='ocrx_word' id='word_1_286' title='bbox 168 1141 341 1174; x_wconf 85' lang='lat' dir='ltr'><strong>testiﬁcetur,</strong></span> <span class='ocrx_word' id='word_1_287' title='bbox 360 1146 450 1168; x_wconf 90' lang='lat' dir='ltr'><strong>tamen</strong></span> <span class='ocrx_word' id='word_1_288' title='bbox 463 1142 497 1169; x_wconf 91' lang='lat' dir='ltr'><strong>de</strong></span> <span class='ocrx_word' id='word_1_289' title='bbox 511 1142 615 1177; x_wconf 82' lang='lat' dir='ltr'><strong>Spiritu</strong></span> <span class='ocrx_word' id='word_1_290' title='bbox 630 1143 820 1178; x_wconf 81' lang='lat' dir='ltr'><strong>conciperent,</strong></span> <span class='ocrx_word' id='word_1_291' title='bbox 835 1144 905 1171; x_wconf 89' lang='lat' dir='ltr'><strong>nihil</strong></span> <span class='ocrx_word' id='word_1_292' title='bbox 918 1152 952 1172; x_wconf 83' lang='lat' dir='ltr'><strong>ex</strong></span> 
     </span>
    </p>
   </div>
   <div class='ocr_carea' id='block_1_41' title="bbox 166 1187 949 1224">
    <p class='ocr_par' dir='ltr' id='par_1_41' title="bbox 166 1187 949 1224">
     <span class='ocr_line' id='line_1_41' title="bbox 166 1187 949 1224; baseline 0.006 -11"><span class='ocrx_word' id='word_1_293' title='bbox 166 1187 219 1214; x_wconf 85' lang='lat' dir='ltr'><strong>hoc</strong></span> <span class='ocrx_word' id='word_1_294' title='bbox 231 1187 341 1220; x_wconf 85' lang='lat' dir='ltr'><strong>timens,</strong></span> <span class='ocrx_word' id='word_1_295' title='bbox 354 1188 430 1222; x_wconf 88' lang='lat' dir='ltr'><strong>ponit</strong></span> <span class='ocrx_word' id='word_1_296' title='bbox 445 1188 477 1215; x_wconf 88' lang='lat' dir='ltr'><strong>de</strong></span> <span class='ocrx_word' id='word_1_297' title='bbox 492 1188 582 1220; x_wconf 84' lang='lat' dir='ltr'><strong>Patre,</strong></span> <span class='ocrx_word' id='word_1_298' title='bbox 594 1196 696 1218; x_wconf 85' lang='lat' dir='ltr'><strong>vocans</strong></span> <span class='ocrx_word' id='word_1_299' title='bbox 707 1196 770 1216; x_wconf 91' lang='lat' dir='ltr'><strong>eum</strong></span> <span class='ocrx_word' id='word_1_300' title='bbox 784 1189 949 1224; x_wconf 89' lang='lat' dir='ltr'><strong>sapientem.</strong></span> 
     </span>
    </p>
   </div>
   <div class='ocr_carea' id='block_1_42' title="bbox 131 1233 950 1269">
    <p class='ocr_par' dir='ltr' id='par_1_42' title="bbox 131 1233 950 1269">
     <span class='ocr_line' id='line_1_42' title="bbox 131 1233 950 1269; baseline 0.005 -10"><span class='ocrx_word' id='word_1_301' title='bbox 131 1251 135 1255; x_wconf 88' lang='grc'><strong><em>-</em></strong></span> <span class='ocrx_word' id='word_1_302' title='bbox 165 1233 337 1268; x_wconf 76' lang='lat' dir='ltr'><strong>Nequeenim</strong></span> <span class='ocrx_word' id='word_1_303' title='bbox 354 1234 502 1261; x_wconf 83' lang='lat' dir='ltr'><strong>verebatur</strong></span> <span class='ocrx_word' id='word_1_304' title='bbox 518 1242 552 1262; x_wconf 89' lang='lat' dir='ltr'><strong>ne</strong></span> <span class='ocrx_word' id='word_1_305' title='bbox 569 1234 631 1269; x_wconf 82' lang='lat' dir='ltr'><strong>quis</strong></span> <span class='ocrx_word' id='word_1_306' title='bbox 652 1242 668 1261; x_wconf 88' lang='lat' dir='ltr'><strong>a</strong></span> <span class='ocrx_word' id='word_1_307' title='bbox 684 1234 834 1262; x_wconf 91' lang='lat' dir='ltr'><strong>multorum</strong></span> <span class='ocrx_word' id='word_1_308' title='bbox 856 1236 950 1263; x_wconf 89' lang='lat' dir='ltr'><strong>cordi-</strong></span> 
     </span>
    </p>
   </div>
   <div class='ocr_carea' id='block_1_43' title="bbox 167 1278 952 1314">
    <p class='ocr_par' dir='ltr' id='par_1_43' title="bbox 167 1278 952 1314">
     <span class='ocr_line' id='line_1_43' title="bbox 167 1278 952 1314; baseline 0.004 -9"><span class='ocrx_word' id='word_1_309' title='bbox 167 1278 219 1305; x_wconf 80' lang='lat' dir='ltr'><strong>bus</strong></span> <span class='ocrx_word' id='word_1_310' title='bbox 232 1279 353 1306; x_wconf 80' lang='lat' dir='ltr'><strong>auferret</strong></span> <span class='ocrx_word' id='word_1_311' title='bbox 367 1279 408 1306; x_wconf 86' lang='lat' dir='ltr'><strong>vel</strong></span> <span class='ocrx_word' id='word_1_312' title='bbox 433 1280 596 1314; x_wconf 89' lang='lat' dir='ltr'><strong>sapientiam</strong></span> <span class='ocrx_word' id='word_1_313' title='bbox 616 1287 631 1306; x_wconf 91' lang='lat' dir='ltr'><strong>a</strong></span> <span class='ocrx_word' id='word_1_314' title='bbox 650 1279 768 1314; x_wconf 79' lang='lat' dir='ltr'><strong>Spiritu,</strong></span> <span class='ocrx_word' id='word_1_315' title='bbox 784 1281 827 1308; x_wconf 86' lang='lat' dir='ltr'><strong>vel</strong></span> <span class='ocrx_word' id='word_1_316' title='bbox 843 1282 952 1308; x_wconf 65' lang='lat' dir='ltr'><strong>aeterni-</strong></span> 
     </span>
    </p>
   </div>
   <div class='ocr_carea' id='block_1_44' title="bbox 167 1325 951 1360">
    <p class='ocr_par' dir='ltr' id='par_1_44' title="bbox 167 1325 951 1360">
     <span class='ocr_line' id='line_1_44' title="bbox 167 1325 951 1360; baseline 0.005 -10"><span class='ocrx_word' id='word_1_317' title='bbox 167 1328 250 1351; x_wconf 82' lang='lat' dir='ltr'><strong>tatem</strong></span> <span class='ocrx_word' id='word_1_318' title='bbox 263 1332 278 1351; x_wconf 88' lang='lat' dir='ltr'><strong>a</strong></span> <span class='ocrx_word' id='word_1_319' title='bbox 292 1325 383 1352; x_wconf 81' lang='lat' dir='ltr'><strong>Patre.</strong></span> <span class='ocrx_word' id='word_1_320' title='bbox 404 1325 525 1360; x_wconf 84' lang='lat' dir='ltr'><strong>ldipsum</strong></span> <span class='ocrx_word' id='word_1_321' title='bbox 543 1330 635 1352; x_wconf 90' lang='lat' dir='ltr'><strong>autem</strong></span> <span class='ocrx_word' id='word_1_322' title='bbox 650 1329 679 1352; x_wconf 87' lang='lat' dir='ltr'><strong>et</strong></span> <span class='ocrx_word' id='word_1_323' title='bbox 695 1325 729 1352; x_wconf 88' lang='lat' dir='ltr'><strong>de</strong></span> <span class='ocrx_word' id='word_1_324' title='bbox 744 1326 824 1353; x_wconf 87' lang='lat' dir='ltr'><strong>Filio.</strong></span> <span class='ocrx_word' id='word_1_325' title='bbox 841 1327 909 1353; x_wconf 86' lang='lat' dir='ltr'><strong>Nam</strong></span> <span class='ocrx_word' id='word_1_326' title='bbox 922 1332 951 1355; x_wconf 89' lang='lat' dir='ltr'><strong>et</strong></span> 
     </span>
    </p>
   </div>
   <div class='ocr_carea' id='block_1_45' title="bbox 166 1370 950 1405">
    <p class='ocr_par' dir='ltr' id='par_1_45' title="bbox 166 1370 950 1405">
     <span class='ocr_line' id='line_1_45' title="bbox 166 1370 950 1405; baseline 0.004 -9"><span class='ocrx_word' id='word_1_327' title='bbox 166 1371 238 1404; x_wconf 89' lang='lat' dir='ltr'><strong>quod</strong></span> <span class='ocrx_word' id='word_1_328' title='bbox 260 1370 309 1402; x_wconf 82' lang='lat' dir='ltr'><strong>ait,</strong></span> <span class='ocrx_word' id='word_1_329' title='bbox 339 1380 348 1396; x_wconf 89' lang='grc' dir='ltr'><strong>ι</strong></span> <span class='ocrx_word' id='word_1_330' title='bbox 366 1371 546 1405; x_wconf 88' lang='lat' dir='ltr'><strong>Temporibus</strong></span> <span class='ocrx_word' id='word_1_331' title='bbox 567 1371 688 1403; x_wconf 79' lang='lat' dir='ltr'><strong>:eternis,</strong></span> <span class='ocrx_word' id='word_1_332' title='bbox 709 1380 718 1396; x_wconf 84' lang='lat' dir='ltr'><strong>I</strong></span> <span class='ocrx_word' id='word_1_333' title='bbox 745 1375 784 1404; x_wconf 86' lang='lat' dir='ltr'><strong>et,</strong></span> <span class='ocrx_word' id='word_1_334' title='bbox 810 1381 819 1398; x_wconf 83' lang='lat'><strong>(</strong></span> <span class='ocrx_word' id='word_1_335' title='bbox 836 1371 950 1399; x_wconf 87' lang='lat' dir='ltr'><strong>Manife-</strong></span> 
     </span>
    </p>
   </div>
   <div class='ocr_carea' id='block_1_46' title="bbox 165 1415 950 1452">
    <p class='ocr_par' dir='ltr' id='par_1_46' title="bbox 165 1415 950 1452">
     <span class='ocr_line' id='line_1_46' title="bbox 165 1415 950 1452; baseline 0.003 -9"><span class='ocrx_word' id='word_1_336' title='bbox 165 1415 243 1448; x_wconf 89' lang='lat' dir='ltr'><strong>stati,</strong></span> <span class='ocrx_word' id='word_1_337' title='bbox 265 1426 274 1441; x_wconf 74' lang='grc' dir='ltr'><strong>ι</strong></span> <span class='ocrx_word' id='word_1_338' title='bbox 303 1417 482 1444; x_wconf 63' lang='lat' dir='ltr'><strong>aeternitatem</strong></span> <span class='ocrx_word' id='word_1_339' title='bbox 508 1418 637 1452; x_wconf 61' lang='lat' dir='ltr'><strong>praedicat</strong></span> <span class='ocrx_word' id='word_1_340' title='bbox 656 1416 734 1443; x_wconf 84' lang='lat' dir='ltr'><strong>Filii:</strong></span> <span class='ocrx_word' id='word_1_341' title='bbox 754 1416 780 1443; x_wconf 87' lang='lat' dir='ltr'><strong>id</strong></span> <span class='ocrx_word' id='word_1_342' title='bbox 795 1424 898 1444; x_wconf 86' lang='lat' dir='ltr'><strong>curans</strong></span> <span class='ocrx_word' id='word_1_343' title='bbox 916 1418 950 1445; x_wconf 89' lang='lat' dir='ltr'><strong>ad</strong></span> 
     </span>
    </p>
   </div>
   <div class='ocr_carea' id='block_1_47' title="bbox 166 1461 951 1498">
    <p class='ocr_par' dir='ltr' id='par_1_47' title="bbox 166 1461 951 1498">
     <span class='ocr_line' id='line_1_47' title="bbox 166 1461 951 1498; baseline 0.005 -11"><span class='ocrx_word' id='word_1_344' title='bbox 166 1461 239 1496; x_wconf 88' lang='lat' dir='ltr'><strong>quod</strong></span> <span class='ocrx_word' id='word_1_345' title='bbox 251 1461 372 1489; x_wconf 89' lang='lat' dir='ltr'><strong>futurum</strong></span> <span class='ocrx_word' id='word_1_346' title='bbox 383 1468 442 1490; x_wconf 88' lang='lat' dir='ltr'><strong>erat</strong></span> <span class='ocrx_word' id='word_1_347' title='bbox 456 1467 485 1490; x_wconf 92' lang='lat' dir='ltr'><strong>ut</strong></span> <span class='ocrx_word' id='word_1_348' title='bbox 499 1463 624 1490; x_wconf 87' lang='lat' dir='ltr'><strong>nonnulli</strong></span> <span class='ocrx_word' id='word_1_349' title='bbox 640 1463 836 1498; x_wconf 79' lang='lat' dir='ltr'><strong>impingerent.</strong></span> <span class='ocrx_word' id='word_1_350' title='bbox 848 1463 951 1497; x_wconf 84' lang='lat' dir='ltr'><strong>Quem-</strong></span> 
     </span>
    </p>
   </div>
   <div class='ocr_carea' id='block_1_48' title="bbox 165 1508 952 1544">
    <p class='ocr_par' dir='ltr' id='par_1_48' title="bbox 165 1508 952 1544">
     <span class='ocr_line' id='line_1_48' title="bbox 165 1508 952 1544; baseline 0.004 -10"><span class='ocrx_word' id='word_1_351' title='bbox 165 1508 310 1535; x_wconf 86' lang='lat' dir='ltr'><strong>admodum</strong></span> <span class='ocrx_word' id='word_1_352' title='bbox 335 1517 398 1544; x_wconf 78' lang='lat' dir='ltr'><strong>ergo</strong></span> <span class='ocrx_word' id='word_1_353' title='bbox 420 1509 485 1536; x_wconf 92' lang='lat' dir='ltr'><strong>dum</strong></span> <span class='ocrx_word' id='word_1_354' title='bbox 513 1509 597 1537; x_wconf 82' lang='lat' dir='ltr'><strong>Filius</strong></span> <span class='ocrx_word' id='word_1_355' title='bbox 619 1517 651 1537; x_wconf 95' lang='lat' dir='ltr'><strong>ac</strong></span> <span class='ocrx_word' id='word_1_356' title='bbox 670 1509 790 1544; x_wconf 87' lang='lat' dir='ltr'><strong>Spiritus</strong></span> <span class='ocrx_word' id='word_1_357' title='bbox 807 1510 872 1537; x_wconf 90' lang='lat' dir='ltr'><strong>dicti</strong></span> <span class='ocrx_word' id='word_1_358' title='bbox 887 1514 952 1538; x_wconf 83' lang='lat' dir='ltr'><strong>sunt</strong></span> 
     </span>
    </p>
   </div>
   <div class='ocr_carea' id='block_1_49' title="bbox 164 1554 949 1591">
    <p class='ocr_par' dir='ltr' id='par_1_49' title="bbox 164 1554 949 1591">
     <span class='ocr_line' id='line_1_49' title="bbox 164 1554 949 1591; baseline 0.003 -10"><span class='ocrx_word' id='word_1_359' title='bbox 164 1554 270 1586; x_wconf 77' lang='lat' dir='ltr'><strong>:eterni,</strong></span> <span class='ocrx_word' id='word_1_360' title='bbox 288 1555 370 1582; x_wconf 87' lang='lat' dir='ltr'><strong>etiam</strong></span> <span class='ocrx_word' id='word_1_361' title='bbox 389 1555 469 1582; x_wconf 88' lang='lat' dir='ltr'><strong>Pater</strong></span> <span class='ocrx_word' id='word_1_362' title='bbox 487 1563 521 1582; x_wconf 83' lang='lat' dir='ltr'><strong>ex</strong></span> <span class='ocrx_word' id='word_1_363' title='bbox 541 1555 721 1590; x_wconf 86' lang='lat' dir='ltr'><strong>consequenti</strong></span> <span class='ocrx_word' id='word_1_364' title='bbox 738 1557 819 1583; x_wconf 88' lang='lat' dir='ltr'><strong>datur</strong></span> <span class='ocrx_word' id='word_1_365' title='bbox 833 1556 949 1591; x_wconf 83' lang='lat' dir='ltr'><strong>intelligi</strong></span> 
     </span>
    </p>
   </div>
   <div class='ocr_carea' id='block_1_50' title="bbox 165 1603 948 1638">
    <p class='ocr_par' dir='ltr' id='par_1_50' title="bbox 165 1603 948 1638">
     <span class='ocr_line' id='line_1_50' title="bbox 165 1603 948 1638; baseline 0.003 -10"><span class='ocrx_word' id='word_1_366' title='bbox 165 1605 302 1633; x_wconf 63' lang='lat' dir='ltr'><strong>aeternus:</strong></span> <span class='ocrx_word' id='word_1_367' title='bbox 322 1603 358 1630; x_wconf 87' lang='lat' dir='ltr'><strong>ita</strong></span> <span class='ocrx_word' id='word_1_368' title='bbox 383 1603 448 1629; x_wconf 93' lang='lat' dir='ltr'><strong>dum</strong></span> <span class='ocrx_word' id='word_1_369' title='bbox 472 1603 553 1630; x_wconf 87' lang='lat' dir='ltr'><strong>Pater</strong></span> <span class='ocrx_word' id='word_1_370' title='bbox 567 1603 658 1630; x_wconf 88' lang='lat' dir='ltr'><strong>dictus</strong></span> <span class='ocrx_word' id='word_1_371' title='bbox 671 1608 713 1630; x_wconf 91' lang='lat' dir='ltr'><strong>est</strong></span> <span class='ocrx_word' id='word_1_372' title='bbox 729 1603 849 1638; x_wconf 86' lang='lat' dir='ltr'><strong>sapiens,</strong></span> <span class='ocrx_word' id='word_1_373' title='bbox 865 1604 948 1630; x_wconf 88' lang='lat' dir='ltr'><strong>etiam</strong></span> 
     </span>
    </p>
   </div>
   <div class='ocr_carea' id='block_1_51' title="bbox 166 1647 950 1682">
    <p class='ocr_par' dir='ltr' id='par_1_51' title="bbox 166 1647 950 1682">
     <span class='ocr_line' id='line_1_51' title="bbox 166 1647 950 1682; baseline 0.003 -8"><span class='ocrx_word' id='word_1_374' title='bbox 166 1647 253 1674; x_wconf 78' lang='lat' dir='ltr'><strong>Filius</strong></span> <span class='ocrx_word' id='word_1_375' title='bbox 275 1655 306 1675; x_wconf 87' lang='lat' dir='ltr'><strong>ac</strong></span> <span class='ocrx_word' id='word_1_376' title='bbox 323 1647 443 1682; x_wconf 88' lang='lat' dir='ltr'><strong>Spiritus</strong></span> <span class='ocrx_word' id='word_1_377' title='bbox 468 1648 567 1675; x_wconf 80' lang='lat' dir='ltr'><strong>merito</strong></span> <span class='ocrx_word' id='word_1_378' title='bbox 588 1648 720 1675; x_wconf 78' lang='lat' dir='ltr'><strong>ineffabili</strong></span> <span class='ocrx_word' id='word_1_379' title='bbox 746 1657 778 1676; x_wconf 87' lang='lat' dir='ltr'><strong>ac</strong></span> <span class='ocrx_word' id='word_1_380' title='bbox 798 1649 889 1676; x_wconf 82' lang='lat' dir='ltr'><strong>divina</strong></span> <span class='ocrx_word' id='word_1_381' title='bbox 907 1657 950 1676; x_wconf 84' lang='lat' dir='ltr'><strong>sa-</strong></span> 
     </span>
    </p>
   </div>
   <div class='ocr_carea' id='block_1_52' title="bbox 164 1693 949 1729">
    <p class='ocr_par' dir='ltr' id='par_1_52' title="bbox 164 1693 949 1729">
     <span class='ocr_line' id='line_1_52' title="bbox 164 1693 949 1729; baseline 0.004 -10"><span class='ocrx_word' id='word_1_382' title='bbox 164 1693 265 1727; x_wconf 86' lang='lat' dir='ltr'><strong>pientia</strong></span> <span class='ocrx_word' id='word_1_383' title='bbox 279 1694 381 1728; x_wconf 85' lang='lat' dir='ltr'><strong>pollere</strong></span> <span class='ocrx_word' id='word_1_384' title='bbox 399 1694 514 1729; x_wconf 80' lang='lat' dir='ltr'><strong>intelligi</strong></span> <span class='ocrx_word' id='word_1_385' title='bbox 529 1699 662 1728; x_wconf 88' lang='lat' dir='ltr'><strong>possunt:</strong></span> <span class='ocrx_word' id='word_1_386' title='bbox 683 1699 711 1721; x_wconf 90' lang='lat' dir='ltr'><strong>et</strong></span> <span class='ocrx_word' id='word_1_387' title='bbox 731 1701 821 1729; x_wconf 88' lang='lat' dir='ltr'><strong>neque</strong></span> <span class='ocrx_word' id='word_1_388' title='bbox 839 1695 949 1722; x_wconf 56' lang='grc' dir='ltr'><strong>εισι-ηἰ-</strong></span> 
     </span>
    </p>
   </div>
   <div class='ocr_carea' id='block_1_53' title="bbox 164 1738 946 1774">
    <p class='ocr_par' dir='ltr' id='par_1_53' title="bbox 164 1738 946 1774">
     <span class='ocr_line' id='line_1_53' title="bbox 164 1738 946 1774; baseline 0.003 -9"><span class='ocrx_word' id='word_1_389' title='bbox 164 1744 205 1765; x_wconf 85' lang='lat' dir='ltr'><strong>tas</strong></span> <span class='ocrx_word' id='word_1_390' title='bbox 219 1746 234 1765; x_wconf 89' lang='lat' dir='ltr'><strong>a</strong></span> <span class='ocrx_word' id='word_1_391' title='bbox 247 1738 325 1766; x_wconf 85' lang='lat' dir='ltr'><strong>Patre</strong></span> <span class='ocrx_word' id='word_1_392' title='bbox 334 1744 424 1773; x_wconf 89' lang='lat' dir='ltr'><strong>potest</strong></span> <span class='ocrx_word' id='word_1_393' title='bbox 436 1739 554 1766; x_wconf 84' lang='lat' dir='ltr'><strong>auferri:</strong></span> <span class='ocrx_word' id='word_1_394' title='bbox 570 1747 658 1774; x_wconf 87' lang='lat' dir='ltr'><strong>neque</strong></span> <span class='ocrx_word' id='word_1_395' title='bbox 671 1739 758 1766; x_wconf 81' lang='lat' dir='ltr'><strong>Filius</strong></span> <span class='ocrx_word' id='word_1_396' title='bbox 770 1741 946 1774; x_wconf 86' lang='lat' dir='ltr'><strong>autSpiritus</strong></span> 
     </span>
    </p>
   </div>
   <div class='ocr_carea' id='block_1_54' title="bbox 163 1784 949 1819">
    <p class='ocr_par' dir='ltr' id='par_1_54' title="bbox 163 1784 949 1819">
     <span class='ocr_line' id='line_1_54' title="bbox 163 1784 949 1819; baseline 0.001 -8"><span class='ocrx_word' id='word_1_397' title='bbox 163 1789 267 1819; x_wconf 89' lang='lat' dir='ltr'><strong>queunt</strong></span> <span class='ocrx_word' id='word_1_398' title='bbox 278 1785 411 1819; x_wconf 86' lang='lat' dir='ltr'><strong>sapientia</strong></span> <span class='ocrx_word' id='word_1_399' title='bbox 427 1785 539 1819; x_wconf 88' lang='lat' dir='ltr'><strong>privari.</strong></span> <span class='ocrx_word' id='word_1_400' title='bbox 551 1785 585 1811; x_wconf 90' lang='lat' dir='ltr'><strong>Et</strong></span> <span class='ocrx_word' id='word_1_401' title='bbox 604 1784 676 1819; x_wconf 93' lang='lat' dir='ltr'><strong>quod</strong></span> <span class='ocrx_word' id='word_1_402' title='bbox 690 1785 724 1811; x_wconf 91' lang='lat' dir='ltr'><strong>de</strong></span> <span class='ocrx_word' id='word_1_403' title='bbox 733 1785 813 1812; x_wconf 86' lang='lat' dir='ltr'><strong>Patre</strong></span> <span class='ocrx_word' id='word_1_404' title='bbox 824 1785 892 1812; x_wconf 89' lang='lat' dir='ltr'><strong>dicit</strong></span> <span class='ocrx_word' id='word_1_405' title='bbox 904 1785 949 1812; x_wconf 86' lang='lat' dir='ltr'><strong>hic</strong></span> 
     </span>
    </p>
   </div>
   <div class='ocr_carea' id='block_1_55' title="bbox 162 1829 944 1866">
    <p class='ocr_par' dir='ltr' id='par_1_55' title="bbox 162 1829 944 1866">
     <span class='ocr_line' id='line_1_55' title="bbox 162 1829 944 1866; baseline -0.001 -9"><span class='ocrx_word' id='word_1_406' title='bbox 162 1830 242 1857; x_wconf 88' lang='lat' dir='ltr'><strong>divus</strong></span> <span class='ocrx_word' id='word_1_407' title='bbox 252 1830 364 1862; x_wconf 73' lang='lat' dir='ltr'><strong>Paulus,</strong></span> <span class='ocrx_word' id='word_1_408' title='bbox 374 1830 490 1856; x_wconf 88' lang='lat' dir='ltr'><strong>dictioni</strong></span> <span class='ocrx_word' id='word_1_409' title='bbox 506 1829 658 1864; x_wconf 65' lang='lat' dir='ltr'><strong>«Sapienti»</strong></span> <span class='ocrx_word' id='word_1_410' title='bbox 671 1831 834 1866; x_wconf 79' lang='lat' dir='ltr'><strong>contingens</strong></span> <span class='ocrx_word' id='word_1_411' title='bbox 845 1831 944 1864; x_wconf 66' lang='lat' dir='ltr'><strong>«Soli,»</strong></span> 
     </span>
    </p>
   </div>
   <div class='ocr_carea' id='block_1_56' title="bbox 162 1873 947 1910">
    <p class='ocr_par' dir='ltr' id='par_1_56' title="bbox 162 1873 947 1910">
     <span class='ocr_line' id='line_1_56' title="bbox 162 1873 947 1910; baseline 0 -8"><span class='ocrx_word' id='word_1_412' title='bbox 162 1881 227 1902; x_wconf 86' lang='lat' dir='ltr'><strong>vere</strong></span> <span class='ocrx_word' id='word_1_413' title='bbox 246 1877 306 1900; x_wconf 87' lang='lat' dir='ltr'><strong>erat</strong></span> <span class='ocrx_word' id='word_1_414' title='bbox 323 1873 466 1907; x_wconf 80' lang='lat' dir='ltr'><strong>sapientia:</strong></span> <span class='ocrx_word' id='word_1_415' title='bbox 487 1873 616 1905; x_wconf 81' lang='lat' dir='ltr'><strong>Spiritus,</strong></span> <span class='ocrx_word' id='word_1_416' title='bbox 633 1878 662 1901; x_wconf 86' lang='lat' dir='ltr'><strong>et</strong></span> <span class='ocrx_word' id='word_1_417' title='bbox 678 1874 779 1902; x_wconf 87' lang='lat' dir='ltr'><strong>mentis</strong></span> <span class='ocrx_word' id='word_1_418' title='bbox 792 1882 852 1910; x_wconf 75' lang='lat' dir='ltr'><strong>qua:</strong></span> <span class='ocrx_word' id='word_1_419' title='bbox 862 1875 947 1903; x_wconf 88' lang='lat' dir='ltr'><strong>Paulo</strong></span> 
     </span>
    </p>
   </div>
   <div class='ocr_carea' id='block_1_57' title="bbox 162 1919 947 1956">
    <p class='ocr_par' dir='ltr' id='par_1_57' title="bbox 162 1919 947 1956">
     <span class='ocr_line' id='line_1_57' title="bbox 162 1919 947 1956; baseline 0.001 -9"><span class='ocrx_word' id='word_1_420' title='bbox 162 1927 293 1948; x_wconf 87' lang='lat' dir='ltr'><strong>concessa</strong></span> <span class='ocrx_word' id='word_1_421' title='bbox 306 1923 365 1946; x_wconf 83' lang='lat' dir='ltr'><strong>erat</strong></span> <span class='ocrx_word' id='word_1_422' title='bbox 380 1927 395 1945; x_wconf 89' lang='lat' dir='ltr'><strong>a</strong></span> <span class='ocrx_word' id='word_1_423' title='bbox 406 1919 521 1953; x_wconf 90' lang='lat' dir='ltr'><strong>Spiritu.</strong></span> <span class='ocrx_word' id='word_1_424' title='bbox 536 1919 604 1946; x_wconf 84' lang='lat' dir='ltr'><strong>Nam</strong></span> <span class='ocrx_word' id='word_1_425' title='bbox 615 1920 642 1946; x_wconf 94' lang='lat' dir='ltr'><strong>in</strong></span> <span class='ocrx_word' id='word_1_426' title='bbox 653 1920 706 1947; x_wconf 88' lang='lat' dir='ltr'><strong>hoc</strong></span> <span class='ocrx_word' id='word_1_427' title='bbox 719 1921 812 1956; x_wconf 89' lang='lat' dir='ltr'><strong>posuit</strong></span> <span class='ocrx_word' id='word_1_428' title='bbox 827 1931 836 1946; x_wconf 79' lang='grc' dir='ltr'><strong>ι</strong></span> <span class='ocrx_word' id='word_1_429' title='bbox 851 1921 908 1948; x_wconf 89' lang='lat' dir='ltr'><strong>Soli</strong></span> <span class='ocrx_word' id='word_1_430' title='bbox 924 1931 947 1954; x_wconf 76' lang='grc' dir='ltr'><strong>ι,</strong></span> 
     </span>
    </p>
   </div>
   <div class='ocr_carea' id='block_1_58' title="bbox 163 1964 947 2001">
    <p class='ocr_par' dir='ltr' id='par_1_58' title="bbox 163 1964 947 2001">
     <span class='ocr_line' id='line_1_58' title="bbox 163 1964 947 2001; baseline 0.003 -9"><span class='ocrx_word' id='word_1_431' title='bbox 163 1965 192 1992; x_wconf 91' lang='lat' dir='ltr'><strong>in</strong></span> <span class='ocrx_word' id='word_1_432' title='bbox 216 1973 271 2000; x_wconf 88' lang='lat' dir='ltr'><strong>quo</strong></span> <span class='ocrx_word' id='word_1_433' title='bbox 290 1964 418 1991; x_wconf 87' lang='lat' dir='ltr'><strong>omnibus</strong></span> <span class='ocrx_word' id='word_1_434' title='bbox 442 1969 484 1992; x_wconf 85' lang='lat' dir='ltr'><strong>est</strong></span> <span class='ocrx_word' id='word_1_435' title='bbox 508 1965 705 1998; x_wconf 85' lang='lat' dir='ltr'><strong>indubitatum,</strong></span> <span class='ocrx_word' id='word_1_436' title='bbox 729 1966 812 1993; x_wconf 86' lang='lat' dir='ltr'><strong>etiam</strong></span> <span class='ocrx_word' id='word_1_437' title='bbox 841 1966 885 1994; x_wconf 81' lang='lat' dir='ltr'><strong>his</strong></span> <span class='ocrx_word' id='word_1_438' title='bbox 900 1967 947 2001; x_wconf 86' lang='lat' dir='ltr'><strong>qui</strong></span> 
     </span>
    </p>
   </div>
   <div class='ocr_carea' id='block_1_59' title="bbox 164 2010 947 2046">
    <p class='ocr_par' dir='ltr' id='par_1_59' title="bbox 164 2010 947 2046">
     <span class='ocr_line' id='line_1_59' title="bbox 164 2010 947 2046; baseline 0.003 -8"><span class='ocrx_word' id='word_1_439' title='bbox 164 2014 229 2038; x_wconf 89' lang='lat' dir='ltr'><strong>sunt</strong></span> <span class='ocrx_word' id='word_1_440' title='bbox 254 2010 371 2036; x_wconf 78' lang='lat' dir='ltr'><strong>maxime</strong></span> <span class='ocrx_word' id='word_1_441' title='bbox 387 2011 556 2044; x_wconf 85' lang='lat' dir='ltr'><strong>pcrvicaccs,</strong></span> <span class='ocrx_word' id='word_1_442' title='bbox 582 2012 655 2046; x_wconf 88' lang='lat' dir='ltr'><strong>quod</strong></span> <span class='ocrx_word' id='word_1_443' title='bbox 674 2012 759 2038; x_wconf 77' lang='lat' dir='ltr'><strong>Filius</strong></span> <span class='ocrx_word' id='word_1_444' title='bbox 776 2020 807 2039; x_wconf 91' lang='lat' dir='ltr'><strong>ac</strong></span> <span class='ocrx_word' id='word_1_445' title='bbox 825 2012 947 2046; x_wconf 79' lang='lat' dir='ltr'><strong>Spiritus</strong></span> 
     </span>
    </p>
   </div>
   <div class='ocr_carea' id='block_1_60' title="bbox 163 2055 947 2090">
    <p class='ocr_par' dir='ltr' id='par_1_60' title="bbox 163 2055 947 2090">
     <span class='ocr_line' id='line_1_60' title="bbox 163 2055 947 2090; baseline 0.004 -7"><span class='ocrx_word' id='word_1_446' title='bbox 163 2056 217 2083; x_wconf 87' lang='lat' dir='ltr'><strong>hoc</strong></span> <span class='ocrx_word' id='word_1_447' title='bbox 234 2055 334 2090; x_wconf 87' lang='lat' dir='ltr'><strong>privati</strong></span> <span class='ocrx_word' id='word_1_448' title='bbox 355 2064 408 2082; x_wconf 90' lang='lat' dir='ltr'><strong>non</strong></span> <span class='ocrx_word' id='word_1_449' title='bbox 440 2056 505 2083; x_wconf 88' lang='lat' dir='ltr'><strong>sint.</strong></span> <span class='ocrx_word' id='word_1_450' title='bbox 522 2056 578 2084; x_wconf 89' lang='lat' dir='ltr'><strong>Cur</strong></span> <span class='ocrx_word' id='word_1_451' title='bbox 594 2057 647 2084; x_wconf 89' lang='lat' dir='ltr'><strong>hoc</strong></span> <span class='ocrx_word' id='word_1_452' title='bbox 661 2057 747 2084; x_wconf 82' lang='lat' dir='ltr'><strong>fecit?</strong></span> <span class='ocrx_word' id='word_1_453' title='bbox 763 2058 798 2085; x_wconf 91' lang='lat' dir='ltr'><strong>Ut</strong></span> <span class='ocrx_word' id='word_1_454' title='bbox 821 2059 904 2085; x_wconf 86' lang='lat' dir='ltr'><strong>etiam</strong></span> <span class='ocrx_word' id='word_1_455' title='bbox 920 2059 947 2086; x_wconf 91' lang='lat' dir='ltr'><strong>in</strong></span> 
     </span>
    </p>
   </div>
   <div class='ocr_carea' id='block_1_61' title="bbox 162 2101 948 2136">
    <p class='ocr_par' dir='ltr' id='par_1_61' title="bbox 162 2101 948 2136">
     <span class='ocr_line' id='line_1_61' title="bbox 162 2101 948 2136; baseline 0.004 -8"><span class='ocrx_word' id='word_1_456' title='bbox 162 2102 376 2136; x_wconf 89' lang='lat' dir='ltr'><strong>quibuscunque</strong></span> <span class='ocrx_word' id='word_1_457' title='bbox 391 2101 453 2129; x_wconf 91' lang='lat' dir='ltr'><strong>aliis</strong></span> <span class='ocrx_word' id='word_1_458' title='bbox 473 2102 575 2129; x_wconf 84' lang='lat' dir='ltr'><strong>divinis</strong></span> <span class='ocrx_word' id='word_1_459' title='bbox 596 2102 722 2129; x_wconf 89' lang='lat' dir='ltr'><strong>sensibus</strong></span> <span class='ocrx_word' id='word_1_460' title='bbox 737 2111 768 2130; x_wconf 86' lang='lat' dir='ltr'><strong>ac</strong></span> <span class='ocrx_word' id='word_1_461' title='bbox 790 2103 948 2132; x_wconf 87' lang='lat' dir='ltr'><strong>nominibus</strong></span> 
     </span>
    </p>
   </div>
   <div class='ocr_carea' id='block_1_62' title="bbox 163 2147 946 2182">
    <p class='ocr_par' dir='ltr' id='par_1_62' title="bbox 163 2147 946 2182">
     <span class='ocr_line' id='line_1_62' title="bbox 163 2147 946 2182; baseline 0.004 -9"><span class='ocrx_word' id='word_1_462' title='bbox 163 2147 312 2175; x_wconf 89' lang='lat' dir='ltr'><strong>dictionem</strong></span> <span class='ocrx_word' id='word_1_463' title='bbox 331 2157 340 2172; x_wconf 80' lang='grc' dir='ltr'><strong>ι</strong></span> <span class='ocrx_word' id='word_1_464' title='bbox 361 2147 455 2174; x_wconf 90' lang='lat' dir='ltr'><strong>Solum</strong></span> <span class='ocrx_word' id='word_1_465' title='bbox 471 2156 481 2173; x_wconf 73' lang='grc' dir='ltr'><strong>ι</strong></span> <span class='ocrx_word' id='word_1_466' title='bbox 512 2147 669 2182; x_wconf 83' lang='lat' dir='ltr'><strong>adjunctam</strong></span> <span class='ocrx_word' id='word_1_467' title='bbox 685 2148 818 2180; x_wconf 84' lang='lat' dir='ltr'><strong>audieris,</strong></span> <span class='ocrx_word' id='word_1_468' title='bbox 832 2156 887 2175; x_wconf 92' lang='lat' dir='ltr'><strong>non</strong></span> <span class='ocrx_word' id='word_1_469' title='bbox 911 2149 946 2176; x_wconf 85' lang='lat' dir='ltr'><strong>ad</strong></span> 
     </span>
    </p>
   </div>
   <div class='ocr_carea' id='block_1_63' title="bbox 162 2193 944 2229">
    <p class='ocr_par' dir='ltr' id='par_1_63' title="bbox 162 2193 944 2229">
     <span class='ocr_line' id='line_1_63' title="bbox 162 2193 944 2229; baseline 0.001 -9"><span class='ocrx_word' id='word_1_470' title='bbox 162 2193 367 2220; x_wconf 88' lang='lat' dir='ltr'><strong>distinctionem</strong></span> <span class='ocrx_word' id='word_1_471' title='bbox 393 2193 455 2220; x_wconf 91' lang='lat' dir='ltr'><strong>Filii</strong></span> <span class='ocrx_word' id='word_1_472' title='bbox 479 2201 511 2220; x_wconf 82' lang='lat' dir='ltr'><strong>ac</strong></span> <span class='ocrx_word' id='word_1_473' title='bbox 540 2193 660 2228; x_wconf 90' lang='lat' dir='ltr'><strong>Spiritus</strong></span> <span class='ocrx_word' id='word_1_474' title='bbox 679 2201 775 2220; x_wconf 87' lang='lat' dir='ltr'><strong>vocem</strong></span> <span class='ocrx_word' id='word_1_475' title='bbox 797 2194 944 2229; x_wconf 74' lang='lat' dir='ltr'><strong>intelligas,</strong></span> 
     </span>
    </p>
   </div>
   <div class='ocr_carea' id='block_1_64' title="bbox 1003 956 1795 997">
    <p class='ocr_par' dir='ltr' id='par_1_64' title="bbox 1003 956 1795 997">
     <span class='ocr_line' id='line_1_64' title="bbox 1003 956 1795 997; baseline 0.006 -15"><span class='ocrx_word' id='word_1_476' title='bbox 1003 956 1050 983; x_wconf 83' lang='grc' dir='ltr'><strong>τοῦ</strong></span> <span class='ocrx_word' id='word_1_477' title='bbox 1066 957 1234 992; x_wconf 77' lang='grc' dir='ltr'>Πνεῦματος,</span> <span class='ocrx_word' id='word_1_478' title='bbox 1252 957 1359 984; x_wconf 77' lang='grc' dir='ltr'>αἰώνιον</span> <span class='ocrx_word' id='word_1_479' title='bbox 1374 958 1440 985; x_wconf 79' lang='grc' dir='ltr'>Θεὸν</span> <span class='ocrx_word' id='word_1_480' title='bbox 1451 959 1550 986; x_wconf 84' lang='grc' dir='ltr'>καλῶν.</span> <span class='ocrx_word' id='word_1_481' title='bbox 1565 960 1602 987; x_wconf 74' lang='grc' dir='ltr'><strong>Τὸ</strong></span> <span class='ocrx_word' id='word_1_482' title='bbox 1614 960 1654 992; x_wconf 83' lang='grc' dir='ltr'>δὲ,</span> <span class='ocrx_word' id='word_1_483' title='bbox 1668 961 1683 987; x_wconf 81' lang='grc' dir='ltr'><strong><em>ὃ</em></strong></span> <span class='ocrx_word' id='word_1_484' title='bbox 1697 961 1743 987; x_wconf 80' lang='grc' dir='ltr'>καὶ</span> <span class='ocrx_word' id='word_1_485' title='bbox 1757 961 1795 997; x_wconf 78' lang='grc' dir='ltr'>μὴ</span> 
     </span>
    </p>
   </div>
   <div class='ocr_carea' id='block_1_65' title="bbox 1005 1002 1794 1041">
    <p class='ocr_par' dir='ltr' id='par_1_65' title="bbox 1005 1002 1794 1041">
     <span class='ocr_line' id='line_1_65' title="bbox 1005 1002 1794 1041; baseline 0.008 -14"><span class='ocrx_word' id='word_1_486' title='bbox 1005 1002 1208 1038; x_wconf 78' lang='grc' dir='ltr'>μαρτυροῦντος</span> <span class='ocrx_word' id='word_1_487' title='bbox 1222 1002 1356 1038; x_wconf 82' lang='grc' dir='ltr'>εὔληπτον</span> <span class='ocrx_word' id='word_1_488' title='bbox 1369 1005 1490 1039; x_wconf 80' lang='grc' dir='ltr'>νομίζειν</span> <span class='ocrx_word' id='word_1_489' title='bbox 1505 1005 1551 1031; x_wconf 76' lang='grc' dir='ltr'>ἐπὶ</span> <span class='ocrx_word' id='word_1_490' title='bbox 1561 1006 1607 1032; x_wconf 88' lang='grc' dir='ltr'><strong>τοῦ</strong></span> <span class='ocrx_word' id='word_1_491' title='bbox 1622 1006 1794 1041; x_wconf 82' lang='grc' dir='ltr'>Πνεύματος,</span> 
     </span>
    </p>
   </div>
   <div class='ocr_carea' id='block_1_66' title="bbox 1002 1045 1793 1087">
    <p class='ocr_par' dir='ltr' id='par_1_66' title="bbox 1002 1045 1793 1087">
     <span class='ocr_line' id='line_1_66' title="bbox 1002 1045 1793 1087; baseline 0.009 -15"><span class='ocrx_word' id='word_1_492' title='bbox 1002 1045 1080 1073; x_wconf 77' lang='grc' dir='ltr'>τοῦτο</span> <span class='ocrx_word' id='word_1_493' title='bbox 1101 1047 1192 1081; x_wconf 85' lang='grc' dir='ltr'>τίθησι</span> <span class='ocrx_word' id='word_1_494' title='bbox 1216 1047 1298 1083; x_wconf 81' lang='grc' dir='ltr'>μηδὲν</span> <span class='ocrx_word' id='word_1_495' title='bbox 1329 1048 1422 1081; x_wconf 86' lang='grc' dir='ltr'>δεδιὼς</span> <span class='ocrx_word' id='word_1_496' title='bbox 1447 1050 1493 1076; x_wconf 71' lang='grc' dir='ltr'><strong>ἐπὶ</strong></span> <span class='ocrx_word' id='word_1_497' title='bbox 1508 1050 1555 1077; x_wconf 85' lang='grc' dir='ltr'><strong>τοῦ</strong></span> <span class='ocrx_word' id='word_1_498' title='bbox 1574 1051 1693 1086; x_wconf 79' lang='grc' dir='ltr'>Πατρὸς,</span> <span class='ocrx_word' id='word_1_499' title='bbox 1711 1053 1793 1087; x_wconf 71' lang='grc' dir='ltr'>σοφὸν</span> 
     </span>
    </p>
   </div>
   <div class='ocr_carea' id='block_1_67' title="bbox 1002 1091 1795 1132">
    <p class='ocr_par' dir='ltr' id='par_1_67' title="bbox 1002 1091 1795 1132">
     <span class='ocr_line' id='line_1_67' title="bbox 1002 1091 1795 1132; baseline 0.005 -13"><span class='ocrx_word' id='word_1_500' title='bbox 1002 1091 1162 1120; x_wconf 80' lang='grc' dir='ltr'>ἀποκαλῶν.</span> <span class='ocrx_word' id='word_1_501' title='bbox 1177 1093 1214 1119; x_wconf 84' lang='grc' dir='ltr'><strong>Οὐ</strong></span> <span class='ocrx_word' id='word_1_502' title='bbox 1240 1093 1295 1128; x_wconf 81' lang='grc' dir='ltr'><strong>γὰρ</strong></span> <span class='ocrx_word' id='word_1_503' title='bbox 1323 1093 1418 1121; x_wconf 71' lang='grc' dir='ltr'>ἐδεδίει</span> <span class='ocrx_word' id='word_1_504' title='bbox 1444 1095 1480 1130; x_wconf 83' lang='grc' dir='ltr'>μή</span> <span class='ocrx_word' id='word_1_505' title='bbox 1504 1104 1546 1127; x_wconf 85' lang='grc' dir='ltr'><strong>τις</strong></span> <span class='ocrx_word' id='word_1_506' title='bbox 1571 1096 1715 1132; x_wconf 78' lang='grc' dir='ltr'>ἀφαιρήσῃ</span> <span class='ocrx_word' id='word_1_507' title='bbox 1739 1097 1795 1124; x_wconf 75' lang='grc' dir='ltr'><strong>τῶν</strong></span> 
     </span>
    </p>
   </div>
   <div class='ocr_carea' id='block_1_68' title="bbox 1003 1138 1795 1176">
    <p class='ocr_par' dir='ltr' id='par_1_68' title="bbox 1003 1138 1795 1176">
     <span class='ocr_line' id='line_1_68' title="bbox 1003 1138 1795 1176; baseline 0.005 -12"><span class='ocrx_word' id='word_1_508' title='bbox 1003 1138 1121 1170; x_wconf 77' lang='grc' dir='ltr'>πολλῶν,</span> <span class='ocrx_word' id='word_1_509' title='bbox 1136 1138 1153 1174; x_wconf 79' lang='grc' dir='ltr'>ἢ</span> <span class='ocrx_word' id='word_1_510' title='bbox 1176 1138 1206 1165; x_wconf 81' lang='grc' dir='ltr'>τὸ</span> <span class='ocrx_word' id='word_1_511' title='bbox 1228 1138 1310 1173; x_wconf 78' lang='grc' dir='ltr'>σοφὸν</span> <span class='ocrx_word' id='word_1_512' title='bbox 1324 1139 1379 1165; x_wconf 80' lang='grc' dir='ltr'><strong>ἀπὺ</strong></span> <span class='ocrx_word' id='word_1_513' title='bbox 1395 1139 1442 1166; x_wconf 85' lang='grc' dir='ltr'><strong>τοῦ</strong></span> <span class='ocrx_word' id='word_1_514' title='bbox 1460 1140 1630 1175; x_wconf 84' lang='grc' dir='ltr'>Πνεύματος,</span> <span class='ocrx_word' id='word_1_515' title='bbox 1648 1141 1666 1176; x_wconf 72' lang='grc' dir='ltr'>ἢ</span> <span class='ocrx_word' id='word_1_516' title='bbox 1680 1142 1711 1168; x_wconf 78' lang='grc' dir='ltr'>τὸ</span> <span class='ocrx_word' id='word_1_517' title='bbox 1728 1141 1795 1168; x_wconf 68' lang='grc' dir='ltr'><strong>αἰώ-</strong></span> 
     </span>
    </p>
   </div>
   <div class='ocr_carea' id='block_1_69' title="bbox 1003 1185 1793 1220">
    <p class='ocr_par' dir='ltr' id='par_1_69' title="bbox 1003 1185 1793 1220">
     <span class='ocr_line' id='line_1_69' title="bbox 1003 1185 1793 1220; baseline 0.005 -9"><span class='ocrx_word' id='word_1_518' title='bbox 1003 1193 1059 1212; x_wconf 87' lang='grc' dir='ltr'>νιον</span> <span class='ocrx_word' id='word_1_519' title='bbox 1073 1185 1126 1212; x_wconf 82' lang='grc' dir='ltr'>ἀπὸ</span> <span class='ocrx_word' id='word_1_520' title='bbox 1143 1185 1190 1212; x_wconf 87' lang='grc' dir='ltr'><strong>τοῦ</strong></span> <span class='ocrx_word' id='word_1_521' title='bbox 1213 1186 1331 1220; x_wconf 85' lang='grc' dir='ltr'>Πατρὸς,</span> <span class='ocrx_word' id='word_1_522' title='bbox 1346 1186 1376 1213; x_wconf 74' lang='grc' dir='ltr'><strong>τὸ</strong></span> <span class='ocrx_word' id='word_1_523' title='bbox 1394 1186 1460 1213; x_wconf 76' lang='grc' dir='ltr'>αὐτὸ</span> <span class='ocrx_word' id='word_1_524' title='bbox 1474 1187 1503 1214; x_wconf 75' lang='grc' dir='ltr'>δὲ</span> <span class='ocrx_word' id='word_1_525' title='bbox 1519 1187 1567 1214; x_wconf 83' lang='grc' dir='ltr'>καὶ</span> <span class='ocrx_word' id='word_1_526' title='bbox 1592 1187 1639 1214; x_wconf 69' lang='grc' dir='ltr'><strong>ἐπὶ</strong></span> <span class='ocrx_word' id='word_1_527' title='bbox 1651 1188 1699 1214; x_wconf 85' lang='grc' dir='ltr'><strong>τοῦ</strong></span> <span class='ocrx_word' id='word_1_528' title='bbox 1716 1188 1793 1215; x_wconf 81' lang='grc' dir='ltr'>Υίοῦ.</span> 
     </span>
    </p>
   </div>
   <div class='ocr_carea' id='block_1_70' title="bbox 1003 1231 1792 1268">
    <p class='ocr_par' dir='ltr' id='par_1_70' title="bbox 1003 1231 1792 1268">
     <span class='ocr_line' id='line_1_70' title="bbox 1003 1231 1792 1268; baseline 0.006 -12"><span class='ocrx_word' id='word_1_529' title='bbox 1003 1231 1049 1264; x_wconf 74' lang='grc' dir='ltr'><strong>Τὸ,</strong></span> <span class='ocrx_word' id='word_1_530' title='bbox 1068 1240 1076 1256; x_wconf 80' lang='grc' dir='ltr'><strong>ι</strong></span> <span class='ocrx_word' id='word_1_531' title='bbox 1092 1231 1203 1266; x_wconf 75' lang='grc' dir='ltr'>Χρόνοις</span> <span class='ocrx_word' id='word_1_532' title='bbox 1218 1231 1348 1265; x_wconf 72' lang='grc' dir='ltr'>αἰωνίοις,</span> <span class='ocrx_word' id='word_1_533' title='bbox 1371 1241 1380 1258; x_wconf 77' lang='grc' dir='ltr'><strong>ι</strong></span> <span class='ocrx_word' id='word_1_534' title='bbox 1401 1232 1448 1258; x_wconf 76' lang='grc' dir='ltr'>καὶ</span> <span class='ocrx_word' id='word_1_535' title='bbox 1461 1232 1502 1263; x_wconf 79' lang='grc' dir='ltr'>τὸ,</span> <span class='ocrx_word' id='word_1_536' title='bbox 1520 1241 1529 1258; x_wconf 83' lang='grc'><em>‹</em></span> <span class='ocrx_word' id='word_1_537' title='bbox 1542 1233 1763 1268; x_wconf 79' lang='grc' dir='ltr'>Φανερωθέντος,</span> <span class='ocrx_word' id='word_1_538' title='bbox 1781 1243 1792 1261; x_wconf 75' lang='grc' dir='ltr'><strong>ι</strong></span> 
     </span>
    </p>
   </div>
   <div class='ocr_carea' id='block_1_71' title="bbox 1002 1277 1793 1314">
    <p class='ocr_par' dir='ltr' id='par_1_71' title="bbox 1002 1277 1793 1314">
     <span class='ocr_line' id='line_1_71' title="bbox 1002 1277 1793 1314; baseline 0.005 -11"><span class='ocrx_word' id='word_1_539' title='bbox 1002 1277 1032 1304; x_wconf 80' lang='grc' dir='ltr'><strong>τὸ</strong></span> <span class='ocrx_word' id='word_1_540' title='bbox 1048 1277 1160 1312; x_wconf 82' lang='grc' dir='ltr'>ἄχρονον</span> <span class='ocrx_word' id='word_1_541' title='bbox 1182 1277 1314 1312; x_wconf 76' lang='grc' dir='ltr'><strong>κηρύσσει</strong></span> <span class='ocrx_word' id='word_1_542' title='bbox 1335 1277 1382 1304; x_wconf 89' lang='grc' dir='ltr'><strong>τοῦ</strong></span> <span class='ocrx_word' id='word_1_543' title='bbox 1399 1278 1476 1310; x_wconf 86' lang='grc' dir='ltr'>Υίοῦ,</span> <span class='ocrx_word' id='word_1_544' title='bbox 1495 1279 1562 1314; x_wconf 77' lang='grc' dir='ltr'>περὶ</span> <span class='ocrx_word' id='word_1_545' title='bbox 1577 1279 1592 1305; x_wconf 85' lang='grc' dir='ltr'><strong>ὃ</strong></span> <span class='ocrx_word' id='word_1_546' title='bbox 1607 1280 1793 1314; x_wconf 75' lang='grc' dir='ltr'>προσκόπτειν</span> 
     </span>
    </p>
   </div>
   <div class='ocr_carea' id='block_1_72' title="bbox 1002 1322 1793 1361">
    <p class='ocr_par' dir='ltr' id='par_1_72' title="bbox 1002 1322 1793 1361">
     <span class='ocr_line' id='line_1_72' title="bbox 1002 1322 1793 1361; baseline 0.006 -13"><span class='ocrx_word' id='word_1_547' title='bbox 1002 1322 1115 1356; x_wconf 73' lang='grc' dir='ltr'>ἔμελλόν</span> <span class='ocrx_word' id='word_1_548' title='bbox 1138 1323 1221 1355; x_wconf 62' lang='grc' dir='ltr'>τινες,</span> <span class='ocrx_word' id='word_1_549' title='bbox 1249 1324 1328 1350; x_wconf 84' lang='grc' dir='ltr'>τοῦτο</span> <span class='ocrx_word' id='word_1_550' title='bbox 1353 1324 1579 1359; x_wconf 75' lang='grc' dir='ltr'>προθεραπεύων.</span> <span class='ocrx_word' id='word_1_551' title='bbox 1610 1325 1718 1361; x_wconf 83' lang='grc' dir='ltr'>Ὥσπερ</span> <span class='ocrx_word' id='word_1_552' title='bbox 1743 1324 1793 1353; x_wconf 76' lang='grc' dir='ltr'>οὖν</span> 
     </span>
    </p>
   </div>
   <div class='ocr_carea' id='block_1_73' title="bbox 1003 1368 1794 1405">
    <p class='ocr_par' dir='ltr' id='par_1_73' title="bbox 1003 1368 1794 1405">
     <span class='ocr_line' id='line_1_73' title="bbox 1003 1368 1794 1405; baseline 0.005 -11"><span class='ocrx_word' id='word_1_553' title='bbox 1003 1368 1132 1403; x_wconf 80' lang='grc' dir='ltr'><strong>ῥηθέντος</strong></span> <span class='ocrx_word' id='word_1_554' title='bbox 1144 1368 1192 1395; x_wconf 83' lang='grc' dir='ltr'><strong>τοῦ</strong></span> <span class='ocrx_word' id='word_1_555' title='bbox 1212 1369 1278 1395; x_wconf 82' lang='grc' dir='ltr'><strong>Υὶοῦ</strong></span> <span class='ocrx_word' id='word_1_556' title='bbox 1293 1370 1341 1396; x_wconf 83' lang='grc' dir='ltr'><strong>καὶ</strong></span> <span class='ocrx_word' id='word_1_557' title='bbox 1358 1369 1406 1396; x_wconf 89' lang='grc' dir='ltr'><strong>τοῦ</strong></span> <span class='ocrx_word' id='word_1_558' title='bbox 1421 1371 1582 1405; x_wconf 86' lang='grc' dir='ltr'>Πνεύματος</span> <span class='ocrx_word' id='word_1_559' title='bbox 1600 1371 1724 1404; x_wconf 88' lang='grc' dir='ltr'>αίωνίου,</span> <span class='ocrx_word' id='word_1_560' title='bbox 1744 1373 1794 1399; x_wconf 82' lang='grc' dir='ltr'>καὶ</span> 
     </span>
    </p>
   </div>
   <div class='ocr_carea' id='block_1_74' title="bbox 1002 1413 1791 1450">
    <p class='ocr_par' dir='ltr' id='par_1_74' title="bbox 1002 1413 1791 1450">
     <span class='ocr_line' id='line_1_74' title="bbox 1002 1413 1791 1450; baseline 0.006 -11"><span class='ocrx_word' id='word_1_561' title='bbox 1002 1414 1047 1440; x_wconf 79' lang='grc' dir='ltr'>τὸν</span> <span class='ocrx_word' id='word_1_562' title='bbox 1073 1413 1183 1449; x_wconf 80' lang='grc' dir='ltr'>Πατέρα</span> <span class='ocrx_word' id='word_1_563' title='bbox 1209 1414 1351 1450; x_wconf 82' lang='grc' dir='ltr'>αίώνιονή</span> <span class='ocrx_word' id='word_1_564' title='bbox 1376 1415 1522 1442; x_wconf 83' lang='grc' dir='ltr'>ἀκολουθία</span> <span class='ocrx_word' id='word_1_565' title='bbox 1543 1416 1651 1443; x_wconf 87' lang='grc' dir='ltr'>δίδωσιν</span> <span class='ocrx_word' id='word_1_566' title='bbox 1675 1417 1791 1450; x_wconf 77' lang='grc' dir='ltr'>ἐννοεῖν,</span> 
     </span>
    </p>
   </div>
   <div class='ocr_carea' id='block_1_75' title="bbox 1002 1458 1793 1494">
    <p class='ocr_par' dir='ltr' id='par_1_75' title="bbox 1002 1458 1793 1494">
     <span class='ocr_line' id='line_1_75' title="bbox 1002 1458 1793 1494; baseline 0.004 -10"><span class='ocrx_word' id='word_1_567' title='bbox 1002 1458 1074 1484; x_wconf 83' lang='grc' dir='ltr'>οὓτω</span> <span class='ocrx_word' id='word_1_568' title='bbox 1089 1459 1173 1493; x_wconf 74' lang='grc' dir='ltr'>σοφοῦ</span> <span class='ocrx_word' id='word_1_569' title='bbox 1192 1458 1321 1494; x_wconf 78' lang='grc' dir='ltr'><strong>ῥηθέντος</strong></span> <span class='ocrx_word' id='word_1_570' title='bbox 1333 1459 1380 1485; x_wconf 81' lang='grc' dir='ltr'><strong>τοῦ</strong></span> <span class='ocrx_word' id='word_1_571' title='bbox 1396 1459 1513 1494; x_wconf 83' lang='grc' dir='ltr'>Πατρδς,</span> <span class='ocrx_word' id='word_1_572' title='bbox 1528 1459 1574 1486; x_wconf 77' lang='grc' dir='ltr'>καὶ</span> <span class='ocrx_word' id='word_1_573' title='bbox 1588 1461 1602 1486; x_wconf 85' lang='grc' dir='ltr'><strong>ό</strong></span> <span class='ocrx_word' id='word_1_574' title='bbox 1616 1460 1680 1492; x_wconf 81' lang='grc' dir='ltr'>Υίὸς</span> <span class='ocrx_word' id='word_1_575' title='bbox 1699 1461 1748 1487; x_wconf 80' lang='grc' dir='ltr'>καὶ</span> <span class='ocrx_word' id='word_1_576' title='bbox 1761 1461 1793 1487; x_wconf 76' lang='grc' dir='ltr'>τὸ</span> 
     </span>
    </p>
   </div>
   <div class='ocr_carea' id='block_1_76' title="bbox 1002 1504 1794 1541">
    <p class='ocr_par' dir='ltr' id='par_1_76' title="bbox 1002 1504 1794 1541">
     <span class='ocr_line' id='line_1_76' title="bbox 1002 1504 1794 1541; baseline 0.003 -11"><span class='ocrx_word' id='word_1_577' title='bbox 1002 1504 1114 1539; x_wconf 83' lang='grc' dir='ltr'>Πνεῦμα</span> <span class='ocrx_word' id='word_1_578' title='bbox 1138 1505 1251 1536; x_wconf 74' lang='grc' dir='ltr'>εἰκότως</span> <span class='ocrx_word' id='word_1_579' title='bbox 1278 1506 1307 1531; x_wconf 78' lang='grc' dir='ltr'>ὲν</span> <span class='ocrx_word' id='word_1_580' title='bbox 1322 1505 1434 1540; x_wconf 74' lang='grc' dir='ltr'>ἀρῤήτῳ</span> <span class='ocrx_word' id='word_1_581' title='bbox 1458 1505 1506 1532; x_wconf 80' lang='grc' dir='ltr'>καὶ</span> <span class='ocrx_word' id='word_1_582' title='bbox 1531 1505 1679 1540; x_wconf 82' lang='grc' dir='ltr'>θεοπρεπεί</span> <span class='ocrx_word' id='word_1_583' title='bbox 1708 1506 1794 1541; x_wconf 71' lang='grc' dir='ltr'>σοφίᾳ</span> 
     </span>
    </p>
   </div>
   <div class='ocr_carea' id='block_1_77' title="bbox 1003 1549 1792 1586">
    <p class='ocr_par' dir='ltr' id='par_1_77' title="bbox 1003 1549 1792 1586">
     <span class='ocr_line' id='line_1_77' title="bbox 1003 1549 1792 1586; baseline 0.003 -11"><span class='ocrx_word' id='word_1_584' title='bbox 1003 1550 1124 1582; x_wconf 82' lang='grc' dir='ltr'>νοηθείεν</span> <span class='ocrx_word' id='word_1_585' title='bbox 1138 1549 1182 1581; x_wconf 80' lang='grc' dir='ltr'>ἂν,</span> <span class='ocrx_word' id='word_1_586' title='bbox 1199 1549 1247 1576; x_wconf 70' lang='grc' dir='ltr'>καὶ</span> <span class='ocrx_word' id='word_1_587' title='bbox 1265 1549 1328 1576; x_wconf 76' lang='grc' dir='ltr'>οὔτε</span> <span class='ocrx_word' id='word_1_588' title='bbox 1345 1551 1375 1576; x_wconf 82' lang='grc' dir='ltr'>τὸ</span> <span class='ocrx_word' id='word_1_589' title='bbox 1389 1550 1499 1577; x_wconf 86' lang='grc' dir='ltr'>αίώνιον</span> <span class='ocrx_word' id='word_1_590' title='bbox 1513 1550 1561 1576; x_wconf 88' lang='grc' dir='ltr'><strong>τοῦ</strong></span> <span class='ocrx_word' id='word_1_591' title='bbox 1579 1550 1686 1586; x_wconf 80' lang='grc' dir='ltr'>Πατρὸς</span> <span class='ocrx_word' id='word_1_592' title='bbox 1705 1551 1792 1584; x_wconf 82' lang='grc' dir='ltr'>ἀφαι-</span> 
     </span>
    </p>
   </div>
   <div class='ocr_carea' id='block_1_78' title="bbox 1005 1594 1792 1631">
    <p class='ocr_par' dir='ltr' id='par_1_78' title="bbox 1005 1594 1792 1631">
     <span class='ocr_line' id='line_1_78' title="bbox 1005 1594 1792 1631; baseline 0.003 -10"><span class='ocrx_word' id='word_1_593' title='bbox 1005 1595 1106 1631; x_wconf 84' lang='grc' dir='ltr'>ρεθείη,</span> <span class='ocrx_word' id='word_1_594' title='bbox 1129 1594 1191 1622; x_wconf 78' lang='grc' dir='ltr'>οὕτε</span> <span class='ocrx_word' id='word_1_595' title='bbox 1206 1595 1237 1622; x_wconf 79' lang='grc' dir='ltr'><strong>τὺ</strong></span> <span class='ocrx_word' id='word_1_596' title='bbox 1261 1596 1343 1629; x_wconf 79' lang='grc' dir='ltr'>σοφὸν</span> <span class='ocrx_word' id='word_1_597' title='bbox 1364 1597 1411 1622; x_wconf 86' lang='grc' dir='ltr'><strong>τοῦ</strong></span> <span class='ocrx_word' id='word_1_598' title='bbox 1439 1595 1598 1631; x_wconf 82' lang='grc' dir='ltr'>Πνεύματος</span> <span class='ocrx_word' id='word_1_599' title='bbox 1616 1595 1696 1631; x_wconf 78' lang='grc' dir='ltr'>ἢτοῦ</span> <span class='ocrx_word' id='word_1_600' title='bbox 1724 1596 1792 1623; x_wconf 81' lang='grc' dir='ltr'>Υιοῦ</span> 
     </span>
    </p>
   </div>
   <div class='ocr_carea' id='block_1_79' title="bbox 1002 1641 1792 1676">
    <p class='ocr_par' dir='ltr' id='par_1_79' title="bbox 1002 1641 1792 1676">
     <span class='ocr_line' id='line_1_79' title="bbox 1002 1641 1792 1676; baseline 0 -8"><span class='ocrx_word' id='word_1_601' title='bbox 1002 1641 1213 1676; x_wconf 76' lang='grc' dir='ltr'>ἀποστερηθείη.</span> <span class='ocrx_word' id='word_1_602' title='bbox 1223 1641 1278 1667; x_wconf 77' lang='grc' dir='ltr'><strong>Καὶ</strong></span> <span class='ocrx_word' id='word_1_603' title='bbox 1291 1641 1320 1667; x_wconf 83' lang='grc' dir='ltr'>τὸ</span> <span class='ocrx_word' id='word_1_604' title='bbox 1336 1641 1423 1667; x_wconf 77' lang='grc' dir='ltr'>είπεῖν</span> <span class='ocrx_word' id='word_1_605' title='bbox 1437 1641 1465 1667; x_wconf 76' lang='grc' dir='ltr'>δὲ</span> <span class='ocrx_word' id='word_1_606' title='bbox 1481 1641 1526 1667; x_wconf 79' lang='grc' dir='ltr'>τὸν</span> <span class='ocrx_word' id='word_1_607' title='bbox 1539 1641 1610 1667; x_wconf 87' lang='grc' dir='ltr'>θεῖον</span> <span class='ocrx_word' id='word_1_608' title='bbox 1621 1641 1729 1667; x_wconf 80' lang='grc' dir='ltr'>Παῦλον</span> <span class='ocrx_word' id='word_1_609' title='bbox 1744 1642 1792 1668; x_wconf 70' lang='grc' dir='ltr'><strong>ἐπὶ</strong></span> 
     </span>
    </p>
   </div>
   <div class='ocr_carea' id='block_1_80' title="bbox 1003 1685 1792 1722">
    <p class='ocr_par' dir='ltr' id='par_1_80' title="bbox 1003 1685 1792 1722">
     <span class='ocr_line' id='line_1_80' title="bbox 1003 1685 1792 1722; baseline 0.001 -10"><span class='ocrx_word' id='word_1_610' title='bbox 1003 1686 1050 1713; x_wconf 87' lang='grc' dir='ltr'><strong>τοῦ</strong></span> <span class='ocrx_word' id='word_1_611' title='bbox 1061 1687 1165 1722; x_wconf 82' lang='grc' dir='ltr'>Πατρδς</span> <span class='ocrx_word' id='word_1_612' title='bbox 1175 1686 1302 1719; x_wconf 75' lang='grc' dir='ltr'>ἐνταῦθα,</span> <span class='ocrx_word' id='word_1_613' title='bbox 1311 1685 1360 1721; x_wconf 79' lang='grc' dir='ltr'><strong>τῷ,</strong></span> <span class='ocrx_word' id='word_1_614' title='bbox 1369 1686 1465 1720; x_wconf 74' lang='grc' dir='ltr'>Σοφῷ,</span> <span class='ocrx_word' id='word_1_615' title='bbox 1475 1686 1632 1721; x_wconf 75' lang='grc' dir='ltr'>συνάψαντα</span> <span class='ocrx_word' id='word_1_616' title='bbox 1638 1687 1680 1719; x_wconf 76' lang='grc' dir='ltr'>τὸ,</span> <span class='ocrx_word' id='word_1_617' title='bbox 1689 1688 1792 1720; x_wconf 73' lang='grc' dir='ltr'>Μόνῳ,</span> 
     </span>
    </p>
   </div>
   <div class='ocr_carea' id='block_1_81' title="bbox 1002 1730 1792 1768">
    <p class='ocr_par' dir='ltr' id='par_1_81' title="bbox 1002 1730 1792 1768">
     <span class='ocr_line' id='line_1_81' title="bbox 1002 1730 1792 1768; baseline 0.001 -10"><span class='ocrx_word' id='word_1_618' title='bbox 1002 1732 1065 1766; x_wconf 80' lang='grc' dir='ltr'>τῆς,</span> <span class='ocrx_word' id='word_1_619' title='bbox 1080 1733 1117 1763; x_wconf 84' lang='grc' dir='ltr'>ὡς</span> <span class='ocrx_word' id='word_1_620' title='bbox 1132 1731 1241 1767; x_wconf 82' lang='grc' dir='ltr'>ἀληθῶς</span> <span class='ocrx_word' id='word_1_621' title='bbox 1255 1730 1300 1767; x_wconf 81' lang='grc' dir='ltr'>ἦν,</span> <span class='ocrx_word' id='word_1_622' title='bbox 1320 1732 1368 1758; x_wconf 87' lang='grc' dir='ltr'><strong>τοῦ</strong></span> <span class='ocrx_word' id='word_1_623' title='bbox 1380 1731 1540 1766; x_wconf 86' lang='grc' dir='ltr'>Πνεύματος</span> <span class='ocrx_word' id='word_1_624' title='bbox 1554 1732 1660 1766; x_wconf 72' lang='grc' dir='ltr'>σοφίας,</span> <span class='ocrx_word' id='word_1_625' title='bbox 1676 1733 1726 1759; x_wconf 81' lang='grc' dir='ltr'>καὶ</span> <span class='ocrx_word' id='word_1_626' title='bbox 1741 1733 1792 1768; x_wconf 86' lang='grc' dir='ltr'>τῆς</span> 
     </span>
    </p>
   </div>
   <div class='ocr_carea' id='block_1_82' title="bbox 1002 1777 1792 1814">
    <p class='ocr_par' dir='ltr' id='par_1_82' title="bbox 1002 1777 1792 1814">
     <span class='ocr_line' id='line_1_82' title="bbox 1002 1777 1792 1814; baseline 0.001 -10"><span class='ocrx_word' id='word_1_627' title='bbox 1002 1777 1107 1804; x_wconf 78' lang='grc' dir='ltr'>ἐκεῖθεν</span> <span class='ocrx_word' id='word_1_628' title='bbox 1132 1777 1338 1813; x_wconf 84' lang='grc' dir='ltr'>χορηγουμένης</span> <span class='ocrx_word' id='word_1_629' title='bbox 1363 1777 1460 1812; x_wconf 89' lang='grc' dir='ltr'>Παύλῳ</span> <span class='ocrx_word' id='word_1_630' title='bbox 1479 1777 1607 1809; x_wconf 84' lang='grc' dir='ltr'>διανοίας.</span> <span class='ocrx_word' id='word_1_631' title='bbox 1633 1777 1679 1804; x_wconf 81' lang='grc' dir='ltr'><strong>Ἐν</strong></span> <span class='ocrx_word' id='word_1_632' title='bbox 1701 1779 1792 1814; x_wconf 74' lang='grc' dir='ltr'>τούτῳ</span> 
     </span>
    </p>
   </div>
   <div class='ocr_carea' id='block_1_83' title="bbox 1003 1819 1794 1859">
    <p class='ocr_par' dir='ltr' id='par_1_83' title="bbox 1003 1819 1794 1859">
     <span class='ocr_line' id='line_1_83' title="bbox 1003 1819 1794 1859; baseline 0 -9"><span class='ocrx_word' id='word_1_633' title='bbox 1003 1823 1057 1858; x_wconf 76' lang='grc' dir='ltr'>γὰρ</span> <span class='ocrx_word' id='word_1_634' title='bbox 1070 1823 1177 1850; x_wconf 78' lang='grc' dir='ltr'><strong>τέθεικε</strong></span> <span class='ocrx_word' id='word_1_635' title='bbox 1202 1823 1242 1856; x_wconf 84' lang='grc' dir='ltr'><strong>τδ,</strong></span> <span class='ocrx_word' id='word_1_636' title='bbox 1265 1833 1275 1849; x_wconf 86' lang='grc'><strong><em>‹</em></strong></span> <span class='ocrx_word' id='word_1_637' title='bbox 1289 1823 1380 1856; x_wconf 82' lang='grc' dir='ltr'>Μόνῳ,</span> <span class='ocrx_word' id='word_1_638' title='bbox 1398 1831 1407 1848; x_wconf 73' lang='grc' dir='ltr'><strong>ι</strong></span> <span class='ocrx_word' id='word_1_639' title='bbox 1426 1824 1455 1849; x_wconf 78' lang='grc' dir='ltr'>ἐν</span> <span class='ocrx_word' id='word_1_640' title='bbox 1469 1819 1491 1856; x_wconf 81' lang='grc' dir='ltr'><strong>ᾧ</strong></span> <span class='ocrx_word' id='word_1_641' title='bbox 1508 1823 1591 1849; x_wconf 70' lang='grc' dir='ltr'>πᾶσιν</span> <span class='ocrx_word' id='word_1_642' title='bbox 1606 1823 1682 1849; x_wconf 68' lang='grc' dir='ltr'>ὔστιν</span> <span class='ocrx_word' id='word_1_643' title='bbox 1704 1824 1794 1859; x_wconf 79' lang='grc' dir='ltr'>ἀναμ-</span> 
     </span>
    </p>
   </div>
   <div class='ocr_carea' id='block_1_84' title="bbox 1004 1867 1792 1904">
    <p class='ocr_par' dir='ltr' id='par_1_84' title="bbox 1004 1867 1792 1904">
     <span class='ocr_line' id='line_1_84' title="bbox 1004 1867 1792 1904; baseline -0.001 -9"><span class='ocrx_word' id='word_1_644' title='bbox 1004 1868 1124 1904; x_wconf 76' lang='grc' dir='ltr'>φίῦολον,</span> <span class='ocrx_word' id='word_1_645' title='bbox 1136 1868 1182 1895; x_wconf 73' lang='grc' dir='ltr'>καὶ</span> <span class='ocrx_word' id='word_1_646' title='bbox 1195 1869 1251 1900; x_wconf 81' lang='grc' dir='ltr'>τοῖς</span> <span class='ocrx_word' id='word_1_647' title='bbox 1264 1868 1324 1895; x_wconf 87' lang='grc' dir='ltr'>λίαν</span> <span class='ocrx_word' id='word_1_648' title='bbox 1339 1867 1509 1903; x_wconf 83' lang='grc' dir='ltr'>φιλονείκοις,</span> <span class='ocrx_word' id='word_1_649' title='bbox 1526 1869 1566 1895; x_wconf 85' lang='grc' dir='ltr'>ὃτι</span> <span class='ocrx_word' id='word_1_650' title='bbox 1577 1869 1624 1894; x_wconf 80' lang='grc' dir='ltr'>καὶ</span> <span class='ocrx_word' id='word_1_651' title='bbox 1638 1868 1653 1894; x_wconf 79' lang='grc' dir='ltr'>ὁ</span> <span class='ocrx_word' id='word_1_652' title='bbox 1666 1868 1731 1899; x_wconf 78' lang='grc' dir='ltr'><strong>Υἱὸς</strong></span> <span class='ocrx_word' id='word_1_653' title='bbox 1745 1869 1792 1895; x_wconf 79' lang='grc' dir='ltr'><strong>καὶ</strong></span> 
     </span>
    </p>
   </div>
   <div class='ocr_carea' id='block_1_85' title="bbox 1002 1913 1793 1950">
    <p class='ocr_par' dir='ltr' id='par_1_85' title="bbox 1002 1913 1793 1950">
     <span class='ocr_line' id='line_1_85' title="bbox 1002 1913 1793 1950; baseline 0 -10"><span class='ocrx_word' id='word_1_654' title='bbox 1002 1915 1033 1941; x_wconf 81' lang='grc' dir='ltr'>τὸ</span> <span class='ocrx_word' id='word_1_655' title='bbox 1049 1915 1160 1949; x_wconf 86' lang='grc' dir='ltr'>Πνεῦμα</span> <span class='ocrx_word' id='word_1_656' title='bbox 1175 1914 1225 1940; x_wconf 79' lang='grc' dir='ltr'>οὐκ</span> <span class='ocrx_word' id='word_1_657' title='bbox 1238 1915 1425 1949; x_wconf 81' lang='grc' dir='ltr'>ἀπεστέρηται</span> <span class='ocrx_word' id='word_1_658' title='bbox 1443 1915 1550 1941; x_wconf 78' lang='grc' dir='ltr'>τούτου.</span> <span class='ocrx_word' id='word_1_659' title='bbox 1566 1914 1599 1940; x_wconf 78' lang='grc' dir='ltr'>Τί</span> <span class='ocrx_word' id='word_1_660' title='bbox 1615 1913 1696 1941; x_wconf 82' lang='grc' dir='ltr'>τοῦτο</span> <span class='ocrx_word' id='word_1_661' title='bbox 1713 1915 1793 1950; x_wconf 85' lang='grc' dir='ltr'>ποιή-</span> 
     </span>
    </p>
   </div>
   <div class='ocr_carea' id='block_1_86' title="bbox 1004 1956 1792 1995">
    <p class='ocr_par' dir='ltr' id='par_1_86' title="bbox 1004 1956 1792 1995">
     <span class='ocr_line' id='line_1_86' title="bbox 1004 1956 1792 1995; baseline 0 -9"><span class='ocrx_word' id='word_1_662' title='bbox 1004 1968 1052 1991; x_wconf 89' lang='grc' dir='ltr'>σας</span> <span class='ocrx_word' id='word_1_663' title='bbox 1065 1968 1072 1992; x_wconf 85' lang='grc'><strong>;</strong></span> <span class='ocrx_word' id='word_1_664' title='bbox 1089 1960 1147 1986; x_wconf 82' lang='grc' dir='ltr'>Ἵνα</span> <span class='ocrx_word' id='word_1_665' title='bbox 1162 1960 1210 1986; x_wconf 75' lang='grc' dir='ltr'>καὶ</span> <span class='ocrx_word' id='word_1_666' title='bbox 1223 1960 1251 1986; x_wconf 75' lang='grc' dir='ltr'>ἐν</span> <span class='ocrx_word' id='word_1_667' title='bbox 1270 1956 1310 1990; x_wconf 78' lang='grc' dir='ltr'>οἷς</span> <span class='ocrx_word' id='word_1_668' title='bbox 1322 1959 1354 1986; x_wconf 80' lang='grc' dir='ltr'>ἂν</span> <span class='ocrx_word' id='word_1_669' title='bbox 1371 1959 1476 1994; x_wconf 75' lang='grc' dir='ltr'>ἑτέροις</span> <span class='ocrx_word' id='word_1_670' title='bbox 1493 1959 1657 1994; x_wconf 80' lang='grc' dir='ltr'>Θεοπρεπέσι</span> <span class='ocrx_word' id='word_1_671' title='bbox 1673 1960 1792 1995; x_wconf 81' lang='grc' dir='ltr'>νοήμασι</span> 
     </span>
    </p>
   </div>
   <div class='ocr_carea' id='block_1_87' title="bbox 1002 2005 1794 2040">
    <p class='ocr_par' dir='ltr' id='par_1_87' title="bbox 1002 2005 1794 2040">
     <span class='ocr_line' id='line_1_87' title="bbox 1002 2005 1794 2040; baseline 0 -8"><span class='ocrx_word' id='word_1_672' title='bbox 1002 2006 1049 2032; x_wconf 76' lang='grc' dir='ltr'>καὶ</span> <span class='ocrx_word' id='word_1_673' title='bbox 1069 2005 1184 2040; x_wconf 86' lang='grc' dir='ltr'>ὀνόμασι</span> <span class='ocrx_word' id='word_1_674' title='bbox 1212 2005 1253 2037; x_wconf 82' lang='grc' dir='ltr'><strong>τὺ,</strong></span> <span class='ocrx_word' id='word_1_675' title='bbox 1273 2015 1282 2031; x_wconf 78' lang='grc' dir='ltr'><strong>ι</strong></span> <span class='ocrx_word' id='word_1_676' title='bbox 1295 2005 1394 2036; x_wconf 83' lang='grc' dir='ltr'>Μόνον,</span> <span class='ocrx_word' id='word_1_677' title='bbox 1413 2014 1422 2030; x_wconf 79' lang='grc' dir='ltr'><strong>ι</strong></span> <span class='ocrx_word' id='word_1_678' title='bbox 1441 2005 1692 2040; x_wconf 78' lang='grc' dir='ltr'>ἑπισυναπτόμενον</span> <span class='ocrx_word' id='word_1_679' title='bbox 1711 2005 1794 2032; x_wconf 81' lang='grc' dir='ltr'>ἀκού-</span> 
     </span>
    </p>
   </div>
   <div class='ocr_carea' id='block_1_88' title="bbox 1003 2049 1792 2086">
    <p class='ocr_par' dir='ltr' id='par_1_88' title="bbox 1003 2049 1792 2086">
     <span class='ocr_line' id='line_1_88' title="bbox 1003 2049 1792 2086; baseline 0.001 -11"><span class='ocrx_word' id='word_1_680' title='bbox 1003 2059 1062 2086; x_wconf 74' lang='grc' dir='ltr'>σῃς,</span> <span class='ocrx_word' id='word_1_681' title='bbox 1080 2050 1117 2085; x_wconf 86' lang='grc' dir='ltr'>μὴ</span> <span class='ocrx_word' id='word_1_682' title='bbox 1132 2050 1200 2085; x_wconf 69' lang='grc' dir='ltr'>πρὺς</span> <span class='ocrx_word' id='word_1_683' title='bbox 1217 2049 1420 2084; x_wconf 80' lang='grc' dir='ltr'>ἀντιδιαστολὴν</span> <span class='ocrx_word' id='word_1_684' title='bbox 1435 2049 1482 2075; x_wconf 83' lang='grc' dir='ltr'><strong>τοῦ</strong></span> <span class='ocrx_word' id='word_1_685' title='bbox 1495 2049 1560 2076; x_wconf 87' lang='grc' dir='ltr'>Υἰοῦ</span> <span class='ocrx_word' id='word_1_686' title='bbox 1577 2050 1624 2076; x_wconf 70' lang='grc' dir='ltr'>καὶ</span> <span class='ocrx_word' id='word_1_687' title='bbox 1640 2049 1688 2075; x_wconf 84' lang='grc' dir='ltr'><strong>τοῦ</strong></span> <span class='ocrx_word' id='word_1_688' title='bbox 1705 2049 1792 2076; x_wconf 85' lang='grc' dir='ltr'>Πνεύ-</span> 
     </span>
    </p>
   </div>
   <div class='ocr_carea' id='block_1_89' title="bbox 1004 2095 1792 2132">
    <p class='ocr_par' dir='ltr' id='par_1_89' title="bbox 1004 2095 1792 2132">
     <span class='ocr_line' id='line_1_89' title="bbox 1004 2095 1792 2132; baseline -0.001 -9"><span class='ocrx_word' id='word_1_689' title='bbox 1004 2105 1088 2132; x_wconf 88' lang='grc' dir='ltr'>ματος</span> <span class='ocrx_word' id='word_1_690' title='bbox 1100 2096 1149 2131; x_wconf 84' lang='grc' dir='ltr'>τὴν</span> <span class='ocrx_word' id='word_1_691' title='bbox 1162 2096 1254 2131; x_wconf 81' lang='grc' dir='ltr'>φωνὴν</span> <span class='ocrx_word' id='word_1_692' title='bbox 1270 2095 1407 2127; x_wconf 80' lang='grc' dir='ltr'>ἐκλάὸοις,</span> <span class='ocrx_word' id='word_1_693' title='bbox 1421 2095 1489 2121; x_wconf 78' lang='grc' dir='ltr'>ἀλλὰ</span> <span class='ocrx_word' id='word_1_694' title='bbox 1501 2095 1570 2129; x_wconf 77' lang='grc' dir='ltr'>πρὸς</span> <span class='ocrx_word' id='word_1_695' title='bbox 1582 2095 1792 2131; x_wconf 80' lang='grc' dir='ltr'>ἀντιδιαστολὴν</span> 
     </span>
    </p>
   </div>
   <div class='ocr_carea' id='block_1_90' title="bbox 1003 2141 1793 2178">
    <p class='ocr_par' dir='ltr' id='par_1_90' title="bbox 1003 2141 1793 2178">
     <span class='ocr_line' id='line_1_90' title="bbox 1003 2141 1793 2178; baseline -0.001 -9"><span class='ocrx_word' id='word_1_696' title='bbox 1003 2143 1052 2178; x_wconf 79' lang='grc' dir='ltr'>μὲν</span> <span class='ocrx_word' id='word_1_697' title='bbox 1073 2143 1127 2169; x_wconf 84' lang='grc' dir='ltr'><strong>τῶν</strong></span> <span class='ocrx_word' id='word_1_698' title='bbox 1143 2142 1231 2169; x_wconf 73' lang='grc' dir='ltr'>ἄλλων</span> <span class='ocrx_word' id='word_1_699' title='bbox 1251 2142 1388 2173; x_wconf 75' lang='grc' dir='ltr'>ἁπάντων,</span> <span class='ocrx_word' id='word_1_700' title='bbox 1405 2141 1502 2167; x_wconf 77' lang='grc' dir='ltr'>ἕνωσιν</span> <span class='ocrx_word' id='word_1_701' title='bbox 1517 2141 1546 2167; x_wconf 76' lang='grc' dir='ltr'>δὲ</span> <span class='ocrx_word' id='word_1_702' title='bbox 1568 2142 1616 2168; x_wconf 81' lang='grc' dir='ltr'>καὶ</span> <span class='ocrx_word' id='word_1_703' title='bbox 1642 2142 1793 2176; x_wconf 79' lang='grc' dir='ltr'>συνάφειαν</span> 
     </span>
    </p>
   </div>
   <div class='ocr_carea' id='block_1_91' title="bbox 1002 2184 1794 2225">
    <p class='ocr_par' dir='ltr' id='par_1_91' title="bbox 1002 2184 1794 2225">
     <span class='ocr_line' id='line_1_91' title="bbox 1002 2184 1794 2225; baseline -0.001 -9"><span class='ocrx_word' id='word_1_704' title='bbox 1002 2190 1051 2224; x_wconf 85' lang='grc' dir='ltr'>τῆς</span> <span class='ocrx_word' id='word_1_705' title='bbox 1067 2189 1236 2225; x_wconf 81' lang='grc' dir='ltr'>μοναρχικῆς</span> <span class='ocrx_word' id='word_1_706' title='bbox 1251 2188 1377 2223; x_wconf 80' lang='grc' dir='ltr'>Τριάδος.</span> <span class='ocrx_word' id='word_1_707' title='bbox 1393 2184 1424 2214; x_wconf 85' lang='grc' dir='ltr'><strong>Ὀ</strong></span> <span class='ocrx_word' id='word_1_708' title='bbox 1439 2188 1493 2223; x_wconf 82' lang='grc' dir='ltr'><strong>γὰρ</strong></span> <span class='ocrx_word' id='word_1_709' title='bbox 1508 2187 1624 2214; x_wconf 73' lang='grc' dir='ltr'>ἐνταῦθα</span> <span class='ocrx_word' id='word_1_710' title='bbox 1633 2187 1714 2215; x_wconf 81' lang='grc' dir='ltr'>τοῦτο</span> <span class='ocrx_word' id='word_1_711' title='bbox 1725 2190 1794 2215; x_wconf 80' lang='grc' dir='ltr'>νοεῖν</span> 
     </span>
    </p>
   </div>
   <div class='ocr_carea' id='block_1_92' title="bbox 162 2233 948 2274">
    <p class='ocr_par' dir='ltr' id='par_1_92' title="bbox 162 2239 945 2274">
     <span class='ocr_line' id='line_1_92' title="bbox 162 2239 945 2274; baseline 0.001 -8"><span class='ocrx_word' id='word_1_712' title='bbox 162 2240 209 2267; x_wconf 82' lang='lat' dir='ltr'><strong>sed</strong></span> <span class='ocrx_word' id='word_1_713' title='bbox 235 2240 269 2266; x_wconf 89' lang='lat' dir='ltr'><strong>ad</strong></span> <span class='ocrx_word' id='word_1_714' title='bbox 293 2240 416 2267; x_wconf 89' lang='lat' dir='ltr'><strong>omnium</strong></span> <span class='ocrx_word' id='word_1_715' title='bbox 440 2239 552 2274; x_wconf 91' lang='lat' dir='ltr'><strong>quidem</strong></span> <span class='ocrx_word' id='word_1_716' title='bbox 578 2239 697 2267; x_wconf 82' lang='lat' dir='ltr'><strong>aliorum</strong></span> <span class='ocrx_word' id='word_1_717' title='bbox 727 2239 945 2272; x_wconf 85' lang='lat' dir='ltr'><strong>distinctionem,</strong></span> 
     </span>
    </p>
   </div>
   <div class='ocr_carea' id='block_1_93' title="bbox 1043 2233 1794 2274">
    <p class='ocr_par' dir='ltr' id='par_1_93' title="bbox 1043 2233 1794 2270">
     <span class='ocr_line' id='line_1_93' title="bbox 1043 2233 1794 2270; baseline -0.001 -9"><span class='ocrx_word' id='word_1_718' title='bbox 1043 2235 1126 2270; x_wconf 81' lang='grc' dir='ltr'>νερῶς</span> <span class='ocrx_word' id='word_1_719' title='bbox 1144 2235 1293 2265; x_wconf 76' lang='grc' dir='ltr'>ὑποτιθεὶς,</span> <span class='ocrx_word' id='word_1_720' title='bbox 1310 2233 1358 2260; x_wconf 74' lang='grc' dir='ltr'>καὶ</span> <span class='ocrx_word' id='word_1_721' title='bbox 1386 2234 1433 2260; x_wconf 71' lang='grc' dir='ltr'><strong>ἐπὶ</strong></span> <span class='ocrx_word' id='word_1_722' title='bbox 1450 2234 1505 2260; x_wconf 82' lang='grc' dir='ltr'>τῶν</span> <span class='ocrx_word' id='word_1_723' title='bbox 1527 2233 1728 2268; x_wconf 83' lang='grc' dir='ltr'>παραπλησίων</span> <span class='ocrx_word' id='word_1_724' title='bbox 1745 2235 1794 2269; x_wconf 74' lang='grc' dir='ltr'>τὴν</span> 
     </span>
    </p>
   </div>
   <div class='ocr_carea' id='block_1_94' title="bbox 162 2286 946 2322">
    <p class='ocr_par' dir='ltr' id='par_1_94' title="bbox 162 2286 946 2322">
     <span class='ocr_line' id='line_1_94' title="bbox 162 2286 946 2322; baseline 0.001 -9"><span class='ocrx_word' id='word_1_725' title='bbox 162 2287 330 2313; x_wconf 71' lang='lat' dir='ltr'><strong>monarchiaa</strong></span> <span class='ocrx_word' id='word_1_726' title='bbox 342 2294 409 2313; x_wconf 91' lang='lat' dir='ltr'><strong>vero</strong></span> <span class='ocrx_word' id='word_1_727' title='bbox 425 2286 569 2313; x_wconf 83' lang='lat' dir='ltr'><strong>Trinitatis</strong></span> <span class='ocrx_word' id='word_1_728' title='bbox 583 2287 713 2314; x_wconf 91' lang='lat' dir='ltr'><strong>unionem</strong></span> <span class='ocrx_word' id='word_1_729' title='bbox 725 2294 756 2314; x_wconf 88' lang='lat' dir='ltr'><strong>ae</strong></span> <span class='ocrx_word' id='word_1_730' title='bbox 773 2287 946 2322; x_wconf 87' lang='lat' dir='ltr'><strong>conjunctio-</strong></span> 
     </span>
    </p>
   </div>
   <div class='ocr_carea' id='block_1_95' title="bbox 162 2331 947 2364">
    <p class='ocr_par' dir='ltr' id='par_1_95' title="bbox 162 2331 947 2364">
     <span class='ocr_line' id='line_1_95' title="bbox 162 2331 947 2364; baseline 0.004 -7"><span class='ocrx_word' id='word_1_731' title='bbox 162 2339 237 2358; x_wconf 89' lang='lat' dir='ltr'><strong>nem.</strong></span> <span class='ocrx_word' id='word_1_732' title='bbox 250 2331 318 2358; x_wconf 86' lang='lat' dir='ltr'><strong>Nam</strong></span> <span class='ocrx_word' id='word_1_733' title='bbox 332 2331 377 2358; x_wconf 92' lang='lat' dir='ltr'><strong>hic</strong></span> <span class='ocrx_word' id='word_1_734' title='bbox 390 2331 546 2364; x_wconf 80' lang='lat' dir='ltr'><strong>exprimens</strong></span> <span class='ocrx_word' id='word_1_735' title='bbox 561 2331 608 2358; x_wconf 89' lang='lat' dir='ltr'><strong>ubi</strong></span> <span class='ocrx_word' id='word_1_736' title='bbox 620 2331 698 2359; x_wconf 84' lang='lat' dir='ltr'><strong>facile</strong></span> <span class='ocrx_word' id='word_1_737' title='bbox 714 2332 869 2360; x_wconf 85' lang='lat' dir='ltr'><strong>intellectus</strong></span> <span class='ocrx_word' id='word_1_738' title='bbox 881 2339 947 2360; x_wconf 86' lang='lat' dir='ltr'><strong>con-</strong></span> 
     </span>
    </p>
   </div>
   <div class='ocr_carea' id='block_1_96' title="bbox 164 2376 947 2411">
    <p class='ocr_par' dir='ltr' id='par_1_96' title="bbox 164 2376 947 2411">
     <span class='ocr_line' id='line_1_96' title="bbox 164 2376 947 2411; baseline 0.005 -9"><span class='ocrx_word' id='word_1_739' title='bbox 164 2377 277 2411; x_wconf 85' lang='lat' dir='ltr'><strong>cipitur,</strong></span> <span class='ocrx_word' id='word_1_740' title='bbox 298 2376 376 2411; x_wconf 85' lang='lat' dir='ltr'><strong>jubet</strong></span> <span class='ocrx_word' id='word_1_741' title='bbox 393 2376 477 2403; x_wconf 84' lang='lat' dir='ltr'><strong>etiam</strong></span> <span class='ocrx_word' id='word_1_742' title='bbox 499 2376 527 2403; x_wconf 92' lang='lat' dir='ltr'><strong>in</strong></span> <span class='ocrx_word' id='word_1_743' title='bbox 549 2377 687 2404; x_wconf 89' lang='lat' dir='ltr'><strong>similibus</strong></span> <span class='ocrx_word' id='word_1_744' title='bbox 703 2378 828 2406; x_wconf 90' lang='lat' dir='ltr'><strong>eamdem</strong></span> <span class='ocrx_word' id='word_1_745' title='bbox 843 2379 947 2406; x_wconf 84' lang='lat' dir='ltr'><strong>habere</strong></span> 
     </span>
    </p>
   </div>
   <div class='ocr_carea' id='block_1_97' title="bbox 162 2421 948 2456">
    <p class='ocr_par' dir='ltr' id='par_1_97' title="bbox 162 2421 948 2456">
     <span class='ocr_line' id='line_1_97' title="bbox 162 2421 948 2456; baseline 0.005 -9"><span class='ocrx_word' id='word_1_746' title='bbox 162 2421 331 2455; x_wconf 89' lang='lat' dir='ltr'><strong>opinionem.</strong></span> <span class='ocrx_word' id='word_1_747' title='bbox 353 2421 459 2448; x_wconf 81' lang='lat' dir='ltr'><strong>Audisti</strong></span> <span class='ocrx_word' id='word_1_748' title='bbox 479 2422 631 2456; x_wconf 87' lang='lat' dir='ltr'><strong>sapientem</strong></span> <span class='ocrx_word' id='word_1_749' title='bbox 658 2423 789 2450; x_wconf 86' lang='lat' dir='ltr'><strong>Patrem?</strong></span> <span class='ocrx_word' id='word_1_750' title='bbox 803 2427 832 2451; x_wconf 82' lang='lat' dir='ltr'><strong>et</strong></span> <span class='ocrx_word' id='word_1_751' title='bbox 846 2423 948 2450; x_wconf 91' lang='lat' dir='ltr'><strong>Filium</strong></span> 
     </span>
    </p>
   </div>
   <div class='ocr_carea' id='block_1_98' title="bbox 162 2466 948 2504">
    <p class='ocr_par' dir='ltr' id='par_1_98' title="bbox 162 2466 948 2504">
     <span class='ocr_line' id='line_1_98' title="bbox 162 2466 948 2504; baseline 0.003 -11"><span class='ocrx_word' id='word_1_752' title='bbox 162 2474 194 2494; x_wconf 89' lang='lat' dir='ltr'><strong>ac</strong></span> <span class='ocrx_word' id='word_1_753' title='bbox 216 2466 349 2501; x_wconf 90' lang='lat' dir='ltr'><strong>Spiritum</strong></span> <span class='ocrx_word' id='word_1_754' title='bbox 374 2475 426 2494; x_wconf 82' lang='lat' dir='ltr'><strong>una</strong></span> <span class='ocrx_word' id='word_1_755' title='bbox 439 2467 552 2502; x_wconf 88' lang='lat' dir='ltr'><strong>concipe</strong></span> <span class='ocrx_word' id='word_1_756' title='bbox 567 2468 730 2503; x_wconf 83' lang='lat' dir='ltr'><strong>sapientem.</strong></span> <span class='ocrx_word' id='word_1_757' title='bbox 753 2469 833 2504; x_wconf 82' lang='lat'><strong>395</strong></span> <span class='ocrx_word' id='word_1_758' title='bbox 856 2469 948 2496; x_wconf 60' lang='lat' dir='ltr'><strong>Alter-</strong></span> 
     </span>
    </p>
   </div>
   <div class='ocr_carea' id='block_1_99' title="bbox 163 2513 948 2550">
    <p class='ocr_par' dir='ltr' id='par_1_99' title="bbox 163 2513 948 2550">
     <span class='ocr_line' id='line_1_99' title="bbox 163 2513 948 2550; baseline 0.004 -10"><span class='ocrx_word' id='word_1_759' title='bbox 163 2521 229 2540; x_wconf 91' lang='lat' dir='ltr'><strong>num</strong></span> <span class='ocrx_word' id='word_1_760' title='bbox 248 2513 304 2540; x_wconf 81' lang='lat' dir='ltr'><strong>dixi</strong></span> <span class='ocrx_word' id='word_1_761' title='bbox 322 2513 420 2541; x_wconf 87' lang='lat' dir='ltr'><strong>Filium</strong></span> <span class='ocrx_word' id='word_1_762' title='bbox 435 2522 467 2541; x_wconf 89' lang='lat' dir='ltr'><strong>ac</strong></span> <span class='ocrx_word' id='word_1_763' title='bbox 487 2514 638 2550; x_wconf 88' lang='lat' dir='ltr'><strong>Spiritum?</strong></span> <span class='ocrx_word' id='word_1_764' title='bbox 658 2516 754 2543; x_wconf 88' lang='lat' dir='ltr'><strong>eodem</strong></span> <span class='ocrx_word' id='word_1_765' title='bbox 769 2516 851 2543; x_wconf 84' lang='lat' dir='ltr'><strong>etiam</strong></span> <span class='ocrx_word' id='word_1_766' title='bbox 866 2516 948 2543; x_wconf 91' lang='lat' dir='ltr'><strong>modo</strong></span> 
     </span>
    </p>
   </div>
   <div class='ocr_carea' id='block_1_100' title="bbox 163 2557 949 2595">
    <p class='ocr_par' dir='ltr' id='par_1_100' title="bbox 163 2557 949 2595">
     <span class='ocr_line' id='line_1_100' title="bbox 163 2557 949 2595; baseline 0.003 -11"><span class='ocrx_word' id='word_1_767' title='bbox 163 2557 271 2585; x_wconf 85' lang='lat' dir='ltr'><strong>Patrem</strong></span> <span class='ocrx_word' id='word_1_768' title='bbox 287 2558 354 2585; x_wconf 92' lang='lat' dir='ltr'><strong>mihi</strong></span> <span class='ocrx_word' id='word_1_769' title='bbox 371 2559 502 2594; x_wconf 78' lang='lat' dir='ltr'><strong>intellige.</strong></span> <span class='ocrx_word' id='word_1_770' title='bbox 519 2559 619 2595; x_wconf 79' lang='lat' dir='ltr'><strong>Regem</strong></span> <span class='ocrx_word' id='word_1_771' title='bbox 633 2559 690 2587; x_wconf 82' lang='lat' dir='ltr'><strong>dixi</strong></span> <span class='ocrx_word' id='word_1_772' title='bbox 710 2561 832 2591; x_wconf 90' lang='lat' dir='ltr'><strong>Patrem,</strong></span> <span class='ocrx_word' id='word_1_773' title='bbox 850 2564 949 2593; x_wconf 85' lang='lat' dir='ltr'><strong>poten-</strong></span> 
     </span>
    </p>
   </div>
   <div class='ocr_carea' id='block_1_101' title="bbox 144 2592 947 2639">
    <p class='ocr_par' dir='ltr' id='par_1_101' title="bbox 144 2592 947 2639">
     <span class='ocr_line' id='line_1_101' title="bbox 144 2592 947 2639; baseline 0 -9"><span class='ocrx_word' id='word_1_774' title='bbox 144 2592 152 2608; x_wconf 50' lang='grc' dir='ltr'><strong>ί</strong></span> <span class='ocrx_word' id='word_1_775' title='bbox 165 2608 232 2636; x_wconf 89' lang='lat' dir='ltr'><strong>tem,</strong></span> <span class='ocrx_word' id='word_1_776' title='bbox 249 2611 407 2639; x_wconf 76' lang='lat' dir='ltr'><strong>magnaeque</strong></span> <span class='ocrx_word' id='word_1_777' title='bbox 418 2592 612 2632; x_wconf 66' lang='lat' dir='ltr'><strong>auctoritatis?</strong></span> <span class='ocrx_word' id='word_1_778' title='bbox 628 2605 665 2632; x_wconf 91' lang='lat' dir='ltr'><strong>ita</strong></span> <span class='ocrx_word' id='word_1_779' title='bbox 679 2612 788 2639; x_wconf 88' lang='lat' dir='ltr'><strong>quoque</strong></span> <span class='ocrx_word' id='word_1_780' title='bbox 802 2609 830 2631; x_wconf 89' lang='lat' dir='ltr'><strong>et</strong></span> <span class='ocrx_word' id='word_1_781' title='bbox 847 2592 947 2631; x_wconf 60' lang='lat' dir='ltr'><strong>li‘ilium</strong></span> 
     </span>
    </p>
   </div>
   <div class='ocr_carea' id='block_1_102' title="bbox 162 2648 946 2685">
    <p class='ocr_par' dir='ltr' id='par_1_102' title="bbox 162 2648 946 2685">
     <span class='ocr_line' id='line_1_102' title="bbox 162 2648 946 2685; baseline -0.001 -9"><span class='ocrx_word' id='word_1_782' title='bbox 162 2657 194 2677; x_wconf 84' lang='lat' dir='ltr'><strong>ac</strong></span> <span class='ocrx_word' id='word_1_783' title='bbox 209 2649 341 2685; x_wconf 91' lang='lat' dir='ltr'><strong>Spiritum</strong></span> <span class='ocrx_word' id='word_1_784' title='bbox 352 2649 506 2685; x_wconf 74' lang='lat' dir='ltr'><strong>glorificare</strong></span> <span class='ocrx_word' id='word_1_785' title='bbox 518 2654 636 2685; x_wconf 88' lang='lat' dir='ltr'><strong>oportet.</strong></span> <span class='ocrx_word' id='word_1_786' title='bbox 653 2650 724 2677; x_wconf 82' lang='lat' dir='ltr'><strong>Bene</strong></span> <span class='ocrx_word' id='word_1_787' title='bbox 735 2650 792 2677; x_wconf 80' lang='lat' dir='ltr'><strong>dixi</strong></span> <span class='ocrx_word' id='word_1_788' title='bbox 808 2659 816 2675; x_wconf 83' lang='grc' dir='ltr'><strong>ι</strong></span> <span class='ocrx_word' id='word_1_789' title='bbox 825 2648 946 2683; x_wconf 60' lang='grc' dir='ltr'>501υωμ</span> 
     </span>
    </p>
   </div>
   <div class='ocr_carea' id='block_1_103' title="bbox 164 2694 949 2729">
    <p class='ocr_par' dir='ltr' id='par_1_103' title="bbox 164 2694 949 2729">
     <span class='ocr_line' id='line_1_103' title="bbox 164 2694 949 2729; baseline 0 -9"><span class='ocrx_word' id='word_1_790' title='bbox 164 2698 195 2721; x_wconf 88' lang='grc' dir='ltr'><strong>ιιι</strong></span> <span class='ocrx_word' id='word_1_791' title='bbox 214 2694 390 2729; x_wconf 77' lang='lat' dir='ltr'><strong>singulariter</strong></span> <span class='ocrx_word' id='word_1_792' title='bbox 406 2694 534 2721; x_wconf 84' lang='lat' dir='ltr'><strong>Trinitatl</strong></span> <span class='ocrx_word' id='word_1_793' title='bbox 551 2694 578 2721; x_wconf 93' lang='lat' dir='ltr'><strong>id</strong></span> <span class='ocrx_word' id='word_1_794' title='bbox 596 2694 669 2728; x_wconf 91' lang='lat' dir='ltr'><strong>quod</strong></span> <span class='ocrx_word' id='word_1_795' title='bbox 680 2694 818 2721; x_wconf 80' lang='lat' dir='ltr'><strong>excellens</strong></span> <span class='ocrx_word' id='word_1_796' title='bbox 829 2698 890 2720; x_wconf 87' lang='lat' dir='ltr'><strong>erat</strong></span> <span class='ocrx_word' id='word_1_797' title='bbox 903 2701 949 2721; x_wconf 92' lang='lat' dir='ltr'><strong>re—</strong></span> 
     </span>
    </p>
   </div>
   <div class='ocr_carea' id='block_1_104' title="bbox 164 2739 950 2774">
    <p class='ocr_par' dir='ltr' id='par_1_104' title="bbox 164 2739 950 2774">
     <span class='ocr_line' id='line_1_104' title="bbox 164 2739 950 2774; baseline 0.001 -7"><span class='ocrx_word' id='word_1_798' title='bbox 164 2747 311 2772; x_wconf 84' lang='lat' dir='ltr'><strong>servarem,</strong></span> <span class='ocrx_word' id='word_1_799' title='bbox 337 2748 392 2767; x_wconf 86' lang='lat' dir='ltr'><strong>non</strong></span> <span class='ocrx_word' id='word_1_800' title='bbox 423 2744 454 2767; x_wconf 94' lang='lat' dir='ltr'><strong>ut</strong></span> <span class='ocrx_word' id='word_1_801' title='bbox 481 2740 567 2774; x_wconf 90' lang='lat' dir='ltr'><strong>ipsam</strong></span> <span class='ocrx_word' id='word_1_802' title='bbox 591 2739 750 2774; x_wconf 77' lang='lat' dir='ltr'><strong>dignitatem</strong></span> <span class='ocrx_word' id='word_1_803' title='bbox 773 2739 950 2768; x_wconf 84' lang='lat' dir='ltr'><strong>discindendo</strong></span> 
     </span>
    </p>
   </div>
   <div class='ocr_carea' id='block_1_105' title="bbox 164 2783 949 2818">
    <p class='ocr_par' dir='ltr' id='par_1_105' title="bbox 164 2783 949 2818">
     <span class='ocr_line' id='line_1_105' title="bbox 164 2783 949 2818; baseline 0.001 -7"><span class='ocrx_word' id='word_1_804' title='bbox 164 2785 311 2812; x_wconf 84' lang='lat' dir='ltr'><strong>auferrem.</strong></span> <span class='ocrx_word' id='word_1_805' title='bbox 322 2785 390 2813; x_wconf 89' lang='lat' dir='ltr'><strong>Cum</strong></span> <span class='ocrx_word' id='word_1_806' title='bbox 411 2794 420 2810; x_wconf 80' lang='grc' dir='ltr'><strong>ι</strong></span> <span class='ocrx_word' id='word_1_807' title='bbox 434 2783 530 2811; x_wconf 87' lang='lat' dir='ltr'><strong>Solum</strong></span> <span class='ocrx_word' id='word_1_808' title='bbox 547 2793 556 2809; x_wconf 76' lang='grc' dir='ltr'><strong>ι</strong></span> <span class='ocrx_word' id='word_1_809' title='bbox 569 2783 650 2815; x_wconf 88' lang='lat' dir='ltr'><strong>addo,</strong></span> <span class='ocrx_word' id='word_1_810' title='bbox 665 2783 757 2810; x_wconf 87' lang='lat' dir='ltr'><strong>omnia</strong></span> <span class='ocrx_word' id='word_1_811' title='bbox 770 2784 822 2810; x_wconf 88' lang='lat' dir='ltr'><strong>alia</strong></span> <span class='ocrx_word' id='word_1_812' title='bbox 843 2791 949 2818; x_wconf 86' lang='lat' dir='ltr'><strong>separo,</strong></span> 
     </span>
    </p>
   </div>
   <div class='ocr_carea' id='block_1_106' title="bbox 167 2828 950 2865">
    <p class='ocr_par' dir='ltr' id='par_1_106' title="bbox 167 2828 950 2865">
     <span class='ocr_line' id='line_1_106' title="bbox 167 2828 950 2865; baseline 0.001 -9"><span class='ocrx_word' id='word_1_813' title='bbox 167 2830 253 2864; x_wconf 86' lang='lat' dir='ltr'><strong>ipsam</strong></span> <span class='ocrx_word' id='word_1_814' title='bbox 262 2838 327 2858; x_wconf 89' lang='lat' dir='ltr'><strong>vero</strong></span> <span class='ocrx_word' id='word_1_815' title='bbox 338 2839 386 2865; x_wconf 83' lang='lat' dir='ltr'><strong>per</strong></span> <span class='ocrx_word' id='word_1_816' title='bbox 396 2830 542 2858; x_wconf 87' lang='lat' dir='ltr'><strong>dictionem</strong></span> <span class='ocrx_word' id='word_1_817' title='bbox 552 2828 676 2856; x_wconf 72' lang='grc' dir='ltr'>ιὸοιιιιιιι</span> <span class='ocrx_word' id='word_1_818' title='bbox 694 2829 780 2865; x_wconf 83' lang='lat' dir='ltr'><strong>magis</strong></span> <span class='ocrx_word' id='word_1_819' title='bbox 795 2829 860 2857; x_wconf 90' lang='lat' dir='ltr'><strong>unio</strong></span> <span class='ocrx_word' id='word_1_820' title='bbox 873 2839 879 2856; x_wconf 91' lang='lat'><strong>:</strong></span> <span class='ocrx_word' id='word_1_821' title='bbox 895 2838 950 2858; x_wconf 90' lang='lat' dir='ltr'><strong>non</strong></span> 
     </span>
    </p>
   </div>
   <div class='ocr_carea' id='block_1_107' title="bbox 167 2874 951 2910">
    <p class='ocr_par' dir='ltr' id='par_1_107' title="bbox 167 2874 951 2910">
     <span class='ocr_line' id='line_1_107' title="bbox 167 2874 951 2910; baseline 0.003 -8"><span class='ocrx_word' id='word_1_822' title='bbox 167 2883 227 2903; x_wconf 80' lang='lat' dir='ltr'><strong>eam</strong></span> <span class='ocrx_word' id='word_1_823' title='bbox 242 2875 270 2902; x_wconf 96' lang='lat' dir='ltr'><strong>in</strong></span> <span class='ocrx_word' id='word_1_824' title='bbox 285 2880 377 2910; x_wconf 86' lang='lat' dir='ltr'><strong>partes</strong></span> <span class='ocrx_word' id='word_1_825' title='bbox 393 2875 520 2904; x_wconf 86' lang='lat' dir='ltr'><strong>dividens</strong></span> <span class='ocrx_word' id='word_1_826' title='bbox 534 2882 595 2910; x_wconf 65' lang='lat' dir='ltr'><strong>quae</strong></span> <span class='ocrx_word' id='word_1_827' title='bbox 609 2875 729 2903; x_wconf 81' lang='lat' dir='ltr'><strong>naturali</strong></span> <span class='ocrx_word' id='word_1_828' title='bbox 742 2874 830 2903; x_wconf 82' lang='lat' dir='ltr'><strong>forma</strong></span> <span class='ocrx_word' id='word_1_829' title='bbox 851 2875 951 2904; x_wconf 87' lang='lat' dir='ltr'><strong>indivi-</strong></span> 
     </span>
    </p>
   </div>
   <div class='ocr_carea' id='block_1_108' title="bbox 998 2279 1795 2317">
    <p class='ocr_par' dir='ltr' id='par_1_108' title="bbox 998 2279 1795 2317">
     <span class='ocr_line' id='line_1_108' title="bbox 998 2279 1795 2317; baseline -0.003 -8"><span class='ocrx_word' id='word_1_830' title='bbox 998 2281 1082 2317; x_wconf 78' lang='grc' dir='ltr'>αὐτὴν</span> <span class='ocrx_word' id='word_1_831' title='bbox 1098 2280 1231 2314; x_wconf 73' lang='grc' dir='ltr'>ὑπόληψιν</span> <span class='ocrx_word' id='word_1_832' title='bbox 1251 2279 1323 2314; x_wconf 78' lang='grc' dir='ltr'>ἔχειν</span> <span class='ocrx_word' id='word_1_833' title='bbox 1349 2279 1541 2306; x_wconf 85' lang='grc' dir='ltr'>διακελεύεται.</span> <span class='ocrx_word' id='word_1_834' title='bbox 1559 2280 1698 2310; x_wconf 83' lang='grc' dir='ltr'>Ἤκουσας</span> <span class='ocrx_word' id='word_1_835' title='bbox 1711 2279 1795 2314; x_wconf 79' lang='grc' dir='ltr'>σοφδν</span> 
     </span>
    </p>
   </div>
   <div class='ocr_carea' id='block_1_109' title="bbox 997 2325 1794 2361">
    <p class='ocr_par' dir='ltr' id='par_1_109' title="bbox 997 2325 1794 2361">
     <span class='ocr_line' id='line_1_109' title="bbox 997 2325 1794 2361; baseline -0.003 -7"><span class='ocrx_word' id='word_1_836' title='bbox 997 2328 1043 2354; x_wconf 68' lang='grc' dir='ltr'>τὸν</span> <span class='ocrx_word' id='word_1_837' title='bbox 1058 2327 1186 2361; x_wconf 80' lang='grc' dir='ltr'>Πατέρα;</span> <span class='ocrx_word' id='word_1_838' title='bbox 1210 2326 1258 2353; x_wconf 78' lang='grc' dir='ltr'>καὶ</span> <span class='ocrx_word' id='word_1_839' title='bbox 1283 2325 1327 2352; x_wconf 80' lang='grc' dir='ltr'><strong>τὸν</strong></span> <span class='ocrx_word' id='word_1_840' title='bbox 1344 2325 1408 2352; x_wconf 82' lang='grc' dir='ltr'>Υίὸν</span> <span class='ocrx_word' id='word_1_841' title='bbox 1427 2326 1474 2352; x_wconf 75' lang='grc' dir='ltr'>καὶ</span> <span class='ocrx_word' id='word_1_842' title='bbox 1498 2326 1528 2352; x_wconf 72' lang='grc' dir='ltr'><strong>τδ</strong></span> <span class='ocrx_word' id='word_1_843' title='bbox 1552 2325 1664 2360; x_wconf 82' lang='grc' dir='ltr'>Πνεῦμα</span> <span class='ocrx_word' id='word_1_844' title='bbox 1695 2326 1794 2357; x_wconf 79' lang='grc' dir='ltr'>συνεξ-</span> 
     </span>
    </p>
   </div>
   <div class='ocr_carea' id='block_1_110' title="bbox 998 2368 1794 2407">
    <p class='ocr_par' dir='ltr' id='par_1_110' title="bbox 998 2368 1794 2407">
     <span class='ocr_line' id='line_1_110' title="bbox 998 2368 1794 2407; baseline -0.004 -7"><span class='ocrx_word' id='word_1_845' title='bbox 998 2373 1114 2400; x_wconf 83' lang='grc' dir='ltr'>άκουσον</span> <span class='ocrx_word' id='word_1_846' title='bbox 1135 2372 1227 2406; x_wconf 78' lang='grc' dir='ltr'>σοφόν.</span> <span class='ocrx_word' id='word_1_847' title='bbox 1238 2371 1352 2398; x_wconf 78' lang='grc' dir='ltr'>Αίώνιον</span> <span class='ocrx_word' id='word_1_848' title='bbox 1364 2368 1441 2398; x_wconf 77' lang='grc' dir='ltr'>εἷπον</span> <span class='ocrx_word' id='word_1_849' title='bbox 1452 2371 1498 2398; x_wconf 78' lang='grc' dir='ltr'>τὸν</span> <span class='ocrx_word' id='word_1_850' title='bbox 1512 2371 1574 2398; x_wconf 80' lang='grc' dir='ltr'>Υἱὺν</span> <span class='ocrx_word' id='word_1_851' title='bbox 1586 2371 1602 2407; x_wconf 80' lang='grc' dir='ltr'><strong>ἢ</strong></span> <span class='ocrx_word' id='word_1_852' title='bbox 1614 2372 1645 2398; x_wconf 79' lang='grc' dir='ltr'>τὸ</span> <span class='ocrx_word' id='word_1_853' title='bbox 1659 2372 1774 2406; x_wconf 82' lang='grc' dir='ltr'>Πνεῦμα</span> <span class='ocrx_word' id='word_1_854' title='bbox 1785 2380 1794 2404; x_wconf 85' lang='grc'><strong>;</strong></span> 
     </span>
    </p>
   </div>
   <div class='ocr_carea' id='block_1_111' title="bbox 1002 2415 1794 2452">
    <p class='ocr_par' dir='ltr' id='par_1_111' title="bbox 1002 2415 1794 2452">
     <span class='ocr_line' id='line_1_111' title="bbox 1002 2415 1794 2452; baseline -0.001 -7"><span class='ocrx_word' id='word_1_855' title='bbox 1002 2418 1106 2446; x_wconf 75' lang='grc' dir='ltr'>καὶτὸν</span> <span class='ocrx_word' id='word_1_856' title='bbox 1122 2417 1232 2452; x_wconf 79' lang='grc' dir='ltr'>Πατέρα</span> <span class='ocrx_word' id='word_1_857' title='bbox 1247 2416 1318 2443; x_wconf 88' lang='grc' dir='ltr'>οῦτω</span> <span class='ocrx_word' id='word_1_858' title='bbox 1339 2425 1384 2452; x_wconf 88' lang='grc' dir='ltr'><strong>μοι</strong></span> <span class='ocrx_word' id='word_1_859' title='bbox 1398 2417 1504 2452; x_wconf 86' lang='grc' dir='ltr'>νόησον.</span> <span class='ocrx_word' id='word_1_860' title='bbox 1521 2416 1639 2443; x_wconf 82' lang='grc' dir='ltr'>Βασιλέα</span> <span class='ocrx_word' id='word_1_861' title='bbox 1654 2415 1734 2444; x_wconf 75' lang='grc' dir='ltr'>εἷτων</span> <span class='ocrx_word' id='word_1_862' title='bbox 1747 2417 1794 2444; x_wconf 80' lang='grc' dir='ltr'><strong>τὸν</strong></span> 
     </span>
    </p>
   </div>
   <div class='ocr_carea' id='block_1_112' title="bbox 1002 2463 1794 2500">
    <p class='ocr_par' dir='ltr' id='par_1_112' title="bbox 1002 2463 1794 2500">
     <span class='ocr_line' id='line_1_112' title="bbox 1002 2463 1794 2500; baseline 0 -10"><span class='ocrx_word' id='word_1_863' title='bbox 1002 2464 1122 2500; x_wconf 82' lang='grc' dir='ltr'>Πατέρα,</span> <span class='ocrx_word' id='word_1_864' title='bbox 1138 2463 1262 2495; x_wconf 75' lang='grc' dir='ltr'>δυνατὸν,</span> <span class='ocrx_word' id='word_1_865' title='bbox 1280 2463 1471 2499; x_wconf 77' lang='grc' dir='ltr'>ὲξουσιαστήνς</span> <span class='ocrx_word' id='word_1_866' title='bbox 1492 2463 1540 2489; x_wconf 72' lang='grc' dir='ltr'>καὶ</span> <span class='ocrx_word' id='word_1_867' title='bbox 1560 2463 1606 2489; x_wconf 74' lang='grc' dir='ltr'>τὸν</span> <span class='ocrx_word' id='word_1_868' title='bbox 1620 2463 1684 2489; x_wconf 80' lang='grc' dir='ltr'>Υίὺν</span> <span class='ocrx_word' id='word_1_869' title='bbox 1699 2463 1749 2490; x_wconf 82' lang='grc' dir='ltr'>καὶ</span> <span class='ocrx_word' id='word_1_870' title='bbox 1763 2464 1794 2490; x_wconf 76' lang='grc' dir='ltr'><strong>τὸ</strong></span> 
     </span>
    </p>
   </div>
   <div class='ocr_carea' id='block_1_113' title="bbox 999 2506 1793 2544">
    <p class='ocr_par' dir='ltr' id='par_1_113' title="bbox 999 2506 1793 2544">
     <span class='ocr_line' id='line_1_113' title="bbox 999 2506 1793 2544; baseline 0.001 -9"><span class='ocrx_word' id='word_1_871' title='bbox 999 2510 1112 2544; x_wconf 76' lang='grc' dir='ltr'>Πνεῦμα</span> <span class='ocrx_word' id='word_1_872' title='bbox 1125 2509 1196 2536; x_wconf 76' lang='grc' dir='ltr'>οὕτω</span> <span class='ocrx_word' id='word_1_873' title='bbox 1212 2509 1335 2542; x_wconf 76' lang='grc' dir='ltr'>δοξάζειν</span> <span class='ocrx_word' id='word_1_874' title='bbox 1350 2509 1413 2544; x_wconf 88' lang='grc' dir='ltr'>χρή.</span> <span class='ocrx_word' id='word_1_875' title='bbox 1430 2519 1439 2534; x_wconf 80' lang='grc' dir='ltr'><strong>ι</strong></span> <span class='ocrx_word' id='word_1_876' title='bbox 1454 2508 1554 2541; x_wconf 85' lang='grc' dir='ltr'>Μόνον,</span> <span class='ocrx_word' id='word_1_877' title='bbox 1568 2518 1578 2534; x_wconf 68' lang='grc' dir='ltr'><strong>ι</strong></span> <span class='ocrx_word' id='word_1_878' title='bbox 1597 2506 1675 2536; x_wconf 76' lang='grc' dir='ltr'>εἷπον</span> <span class='ocrx_word' id='word_1_879' title='bbox 1688 2509 1793 2544; x_wconf 83' lang='grc' dir='ltr'>καλῶς,</span> 
     </span>
    </p>
   </div>
   <div class='ocr_carea' id='block_1_114' title="bbox 1001 2555 1793 2591">
    <p class='ocr_par' dir='ltr' id='par_1_114' title="bbox 1001 2555 1793 2591">
     <span class='ocr_line' id='line_1_114' title="bbox 1001 2555 1793 2591; baseline 0 -9"><span class='ocrx_word' id='word_1_880' title='bbox 1001 2555 1044 2582; x_wconf 85' lang='grc' dir='ltr'><strong>ἴνα</strong></span> <span class='ocrx_word' id='word_1_881' title='bbox 1065 2557 1099 2591; x_wconf 81' lang='grc' dir='ltr'>τῇ</span> <span class='ocrx_word' id='word_1_882' title='bbox 1125 2555 1257 2591; x_wconf 83' lang='grc' dir='ltr'>μοναδικῇ</span> <span class='ocrx_word' id='word_1_883' title='bbox 1282 2555 1378 2590; x_wconf 84' lang='grc' dir='ltr'>Τριάδι</span> <span class='ocrx_word' id='word_1_884' title='bbox 1399 2556 1562 2590; x_wconf 81' lang='grc' dir='ltr'>συντηρήσω</span> <span class='ocrx_word' id='word_1_885' title='bbox 1583 2555 1614 2582; x_wconf 80' lang='grc' dir='ltr'>τὸ</span> <span class='ocrx_word' id='word_1_886' title='bbox 1638 2555 1793 2591; x_wconf 69' lang='grc' dir='ltr'>ἐξαίρετον,</span> 
     </span>
    </p>
   </div>
   <div class='ocr_carea' id='block_1_115' title="bbox 1000 2600 1793 2636">
    <p class='ocr_par' dir='ltr' id='par_1_115' title="bbox 1000 2600 1793 2636">
     <span class='ocr_line' id='line_1_115' title="bbox 1000 2600 1793 2636; baseline 0.003 -9"><span class='ocrx_word' id='word_1_887' title='bbox 1000 2601 1050 2636; x_wconf 79' lang='grc' dir='ltr'>οὐχ</span> <span class='ocrx_word' id='word_1_888' title='bbox 1064 2600 1108 2627; x_wconf 74' lang='grc' dir='ltr'>ἵνα</span> <span class='ocrx_word' id='word_1_889' title='bbox 1135 2601 1230 2636; x_wconf 79' lang='grc' dir='ltr'>σχίσας</span> <span class='ocrx_word' id='word_1_890' title='bbox 1247 2600 1343 2636; x_wconf 78' lang='grc' dir='ltr'>αὐτὴν,</span> <span class='ocrx_word' id='word_1_891' title='bbox 1360 2600 1507 2636; x_wconf 77' lang='grc' dir='ltr'>ἀφαιρήσω</span> <span class='ocrx_word' id='word_1_892' title='bbox 1523 2600 1553 2626; x_wconf 85' lang='grc' dir='ltr'>τὸ</span> <span class='ocrx_word' id='word_1_893' title='bbox 1572 2600 1692 2635; x_wconf 77' lang='grc' dir='ltr'>ἀξίωμα.</span> <span class='ocrx_word' id='word_1_894' title='bbox 1711 2611 1720 2628; x_wconf 77' lang='grc' dir='ltr'><strong>ι</strong></span> <span class='ocrx_word' id='word_1_895' title='bbox 1734 2603 1793 2629; x_wconf 79' lang='grc' dir='ltr'><strong>Μό-</strong></span> 
     </span>
    </p>
   </div>
   <div class='ocr_carea' id='block_1_116' title="bbox 1000 2646 1793 2680">
    <p class='ocr_par' dir='ltr' id='par_1_116' title="bbox 1000 2646 1793 2680">
     <span class='ocr_line' id='line_1_116' title="bbox 1000 2646 1793 2680; baseline 0 -6"><span class='ocrx_word' id='word_1_896' title='bbox 1000 2655 1056 2678; x_wconf 87' lang='grc' dir='ltr'>νον,</span> <span class='ocrx_word' id='word_1_897' title='bbox 1076 2655 1086 2672; x_wconf 67' lang='lat'>»</span> <span class='ocrx_word' id='word_1_898' title='bbox 1103 2647 1167 2674; x_wconf 80' lang='grc' dir='ltr'>ὅταν</span> <span class='ocrx_word' id='word_1_899' title='bbox 1184 2646 1306 2680; x_wconf 66' lang='grc' dir='ltr'>συνάψω,</span> <span class='ocrx_word' id='word_1_900' title='bbox 1318 2646 1341 2673; x_wconf 85' lang='lat'><strong>1‘</strong></span> <span class='ocrx_word' id='word_1_901' title='bbox 1353 2646 1420 2672; x_wconf 83' lang='grc' dir='ltr'>ἄλλα</span> <span class='ocrx_word' id='word_1_902' title='bbox 1431 2647 1521 2674; x_wconf 81' lang='grc' dir='ltr'>πάντα</span> <span class='ocrx_word' id='word_1_903' title='bbox 1535 2646 1697 2680; x_wconf 83' lang='grc' dir='ltr'>διαστέλλω,</span> <span class='ocrx_word' id='word_1_904' title='bbox 1717 2648 1793 2674; x_wconf 76' lang='grc' dir='ltr'>ὲκεί-</span> 
     </span>
    </p>
   </div>
   <div class='ocr_carea' id='block_1_117' title="bbox 1001 2691 1794 2728">
    <p class='ocr_par' dir='ltr' id='par_1_117' title="bbox 1001 2691 1794 2728">
     <span class='ocr_line' id='line_1_117' title="bbox 1001 2691 1794 2728; baseline 0.001 -9"><span class='ocrx_word' id='word_1_905' title='bbox 1001 2701 1050 2727; x_wconf 87' lang='grc' dir='ltr'><strong>νην</strong></span> <span class='ocrx_word' id='word_1_906' title='bbox 1063 2693 1092 2719; x_wconf 79' lang='grc' dir='ltr'>δὲ</span> <span class='ocrx_word' id='word_1_907' title='bbox 1105 2692 1205 2727; x_wconf 82' lang='grc' dir='ltr'>μᾶλλον</span> <span class='ocrx_word' id='word_1_908' title='bbox 1225 2692 1269 2719; x_wconf 77' lang='grc' dir='ltr'>διὰ</span> <span class='ocrx_word' id='word_1_909' title='bbox 1286 2691 1344 2724; x_wconf 85' lang='lat'><strong>106,</strong></span> <span class='ocrx_word' id='word_1_910' title='bbox 1365 2701 1373 2717; x_wconf 84' lang='grc' dir='ltr'><strong>ι</strong></span> <span class='ocrx_word' id='word_1_911' title='bbox 1387 2692 1486 2724; x_wconf 87' lang='grc' dir='ltr'>Μόνον,</span> <span class='ocrx_word' id='word_1_912' title='bbox 1506 2701 1516 2718; x_wconf 75' lang='grc' dir='ltr'><strong>ι</strong></span> <span class='ocrx_word' id='word_1_913' title='bbox 1535 2692 1662 2725; x_wconf 61' lang='grc' dir='ltr'>ἑνοωιῶ,</span> <span class='ocrx_word' id='word_1_914' title='bbox 1677 2693 1728 2727; x_wconf 86' lang='grc' dir='ltr'>τῆς</span> <span class='ocrx_word' id='word_1_915' title='bbox 1743 2702 1794 2728; x_wconf 77' lang='grc' dir='ltr'><strong>φυ-</strong></span> 
     </span>
    </p>
   </div>
   <div class='ocr_carea' id='block_1_118' title="bbox 1003 2736 1792 2773">
    <p class='ocr_par' dir='ltr' id='par_1_118' title="bbox 1003 2736 1792 2773">
     <span class='ocr_line' id='line_1_118' title="bbox 1003 2736 1792 2773; baseline 0.003 -10"><span class='ocrx_word' id='word_1_916' title='bbox 1003 2738 1081 2772; x_wconf 77' lang='grc' dir='ltr'>σικῆς</span> <span class='ocrx_word' id='word_1_917' title='bbox 1097 2737 1215 2773; x_wconf 84' lang='grc' dir='ltr'>σχέσεως</span> <span class='ocrx_word' id='word_1_918' title='bbox 1230 2737 1261 2763; x_wconf 87' lang='grc' dir='ltr'>οὐ</span> <span class='ocrx_word' id='word_1_919' title='bbox 1284 2736 1404 2773; x_wconf 79' lang='grc' dir='ltr'>μερίζων</span> <span class='ocrx_word' id='word_1_920' title='bbox 1418 2737 1448 2764; x_wconf 81' lang='grc' dir='ltr'><strong>τὺ</strong></span> <span class='ocrx_word' id='word_1_921' title='bbox 1466 2737 1639 2770; x_wconf 79' lang='grc' dir='ltr'>ἀδιάστατον,</span> <span class='ocrx_word' id='word_1_922' title='bbox 1653 2738 1724 2766; x_wconf 77' lang='grc' dir='ltr'>ἀλλὰ</span> <span class='ocrx_word' id='word_1_923' title='bbox 1742 2748 1792 2766; x_wconf 84' lang='grc' dir='ltr'>συ-</span> 
     </span>
    </p>
   </div>
   <div class='ocr_carea' id='block_1_119' title="bbox 1004 2782 1791 2820">
    <p class='ocr_par' dir='ltr' id='par_1_119' title="bbox 1004 2782 1791 2820">
     <span class='ocr_line' id='line_1_119' title="bbox 1004 2782 1791 2820; baseline 0.005 -12"><span class='ocrx_word' id='word_1_924' title='bbox 1004 2783 1125 2817; x_wconf 77' lang='grc' dir='ltr'>σφίγγων</span> <span class='ocrx_word' id='word_1_925' title='bbox 1140 2784 1201 2814; x_wconf 81' lang='grc' dir='ltr'>ταῖς</span> <span class='ocrx_word' id='word_1_926' title='bbox 1212 2782 1269 2810; x_wconf 85' lang='grc' dir='ltr'><strong>τῶν</strong></span> <span class='ocrx_word' id='word_1_927' title='bbox 1287 2783 1429 2818; x_wconf 78' lang='grc' dir='ltr'>ἀκροατῶν</span> <span class='ocrx_word' id='word_1_928' title='bbox 1444 2784 1577 2815; x_wconf 83' lang='grc' dir='ltr'>διανοίαις</span> <span class='ocrx_word' id='word_1_929' title='bbox 1597 2784 1648 2819; x_wconf 79' lang='grc' dir='ltr'>τὴν</span> <span class='ocrx_word' id='word_1_930' title='bbox 1663 2784 1791 2820; x_wconf 74' lang='grc' dir='ltr'>ἑνότητα.</span> 
     </span>
    </p>
   </div>
   <div class='ocr_carea' id='block_1_120' title="bbox 1006 2827 1791 2867">
    <p class='ocr_par' dir='ltr' id='par_1_120' title="bbox 1006 2827 1791 2867">
     <span class='ocr_line' id='line_1_120' title="bbox 1006 2827 1791 2867; baseline 0.005 -13"><span class='ocrx_word' id='word_1_931' title='bbox 1006 2837 1016 2854; x_wconf 81' lang='grc' dir='ltr'><strong>ι</strong></span> <span class='ocrx_word' id='word_1_932' title='bbox 1033 2827 1089 2854; x_wconf 81' lang='grc' dir='ltr'><strong>Καὶ</strong></span> <span class='ocrx_word' id='word_1_933' title='bbox 1113 2828 1143 2854; x_wconf 83' lang='grc' dir='ltr'>τὸ</span> <span class='ocrx_word' id='word_1_934' title='bbox 1168 2829 1297 2864; x_wconf 82' lang='grc' dir='ltr'>κήρυγμα</span> <span class='ocrx_word' id='word_1_935' title='bbox 1319 2829 1408 2864; x_wconf 87' lang='grc' dir='ltr'>Ἰησοῦ</span> <span class='ocrx_word' id='word_1_936' title='bbox 1434 2829 1565 2864; x_wconf 83' lang='grc' dir='ltr'>Χριστοῦ.</span> <span class='ocrx_word' id='word_1_937' title='bbox 1580 2839 1590 2856; x_wconf 70' lang='grc' dir='ltr'><strong>ι</strong></span> <span class='ocrx_word' id='word_1_938' title='bbox 1616 2829 1645 2857; x_wconf 91' lang='lat'><strong>&#39;0</strong></span> <span class='ocrx_word' id='word_1_939' title='bbox 1671 2831 1791 2867; x_wconf 81' lang='grc' dir='ltr'>Χριστὸς</span> 
     </span>
    </p>
   </div>
   <div class='ocr_carea' id='block_1_121' title="bbox 1003 2873 1791 2913">
    <p class='ocr_par' dir='ltr' id='par_1_121' title="bbox 1003 2873 1791 2913">
     <span class='ocr_line' id='line_1_121' title="bbox 1003 2873 1791 2913; baseline 0.004 -12"><span class='ocrx_word' id='word_1_940' title='bbox 1003 2875 1073 2902; x_wconf 81' lang='grc' dir='ltr'>αὐτὰ</span> <span class='ocrx_word' id='word_1_941' title='bbox 1090 2874 1218 2910; x_wconf 70' lang='grc' dir='ltr'>ἐκήρυξε,</span> <span class='ocrx_word' id='word_1_942' title='bbox 1233 2874 1325 2910; x_wconf 86' lang='grc' dir='ltr'>φησίν·</span> <span class='ocrx_word' id='word_1_943' title='bbox 1337 2873 1436 2903; x_wconf 85' lang='grc' dir='ltr'>οὐκοῦν</span> <span class='ocrx_word' id='word_1_944' title='bbox 1447 2874 1497 2903; x_wconf 83' lang='grc' dir='ltr'>οὐκ</span> <span class='ocrx_word' id='word_1_945' title='bbox 1507 2874 1660 2911; x_wconf 81' lang='grc' dir='ltr'>ἀνθρώπων</span> <span class='ocrx_word' id='word_1_946' title='bbox 1671 2876 1697 2903; x_wconf 88' lang='grc' dir='ltr'>οι</span> <span class='ocrx_word' id='word_1_947' title='bbox 1712 2876 1791 2913; x_wconf 84' lang='grc' dir='ltr'>νόμοι</span> 
     </span>
    </p>
   </div>
  </div>
