1889 3055
173 131 223 163 611

703 127 903 159 (ECUMENII
922 126 1069 157 TRICCE
1085 126 1256 157 EPISCUPI

1746 124 1802 158 ωε

172 192 290 227 placere.
309 199 317 216 ι
331 189 378 217 sed
391 188 517 224 proximo
524 187 631 222 placere
641 193 690 221 per
701 185 959 213 condescensionem

1070 183 1175 215 ἑαυτοῖς
1189 184 1329 219 ἀρέσκειν,
1342 194 1351 209 ι
1368 184 1435 211 ἀλλὰ
1454 193 1464 210 ι
1480 184 1517 219 τῷ
1538 184 1651 220 πλησίον
1666 194 1676 211 ι
1691 185 1738 212 διὰ
1757 186 1804 220 τῆς

173 243 200 264 et
215 236 303 264 nostri
317 234 525 263 demissionem.
541 233 642 260 Potens
654 239 685 259 es
695 235 723 258 et
741 230 852 258 ﬁdelis?
865 229 963 264 Capiat

173 283 215 310 tui
239 282 440 317 experientiam
472 279 598 308 inﬁrmus
612 285 662 313 per
686 276 961 305 eondescensionem.

174 327 291 362 Oportet
300 327 373 353 enim
390 331 616 360 unumquemque
627 327 753 350 nostrum
765 322 890 357 proximo
902 321 962 356 pla-

174 382 248 402 cere.
264 373 318 400 Sed
341 372 471 407 quoniant
490 371 574 398 etiam
596 370 624 397 in
640 369 712 396 malo
728 369 837 404 placere
852 368 963 395 contin-

175 420 224 454 git.
237 418 361 446 addidit:
381 427 391 442 ‹
409 417 439 444 1η
459 417 561 443 bonum
574 415 608 442 ad
619 414 840 442 aedificationem.
864 423 873 439 ι
894 413 962 440 Nam

175 466 227 492 hoc
238 465 342 492 faciens
356 464 446 498 ipsum
459 461 609 490 arditieabis
626 469 659 488 ac
673 461 805 496 corriges.
823 469 832 485 ι
855 460 963 487 Etenim

174 510 302 537 Christus
315 516 370 536 non
387 508 438 535 sibi
463 507 515 542 ipsi
535 506 649 542 placuit.
670 515 679 532 ›
707 505 736 533 Si
757 504 902 535 voluisset,
919 503 963 530 in-

175 557 244 591 quit,
258 555 331 591 quod
344 561 424 582 suunt
442 558 502 581 erat
519 556 656 588 spectare,
678 557 852 586 nequaquam
866 556 963 584 passus

175 603 292 630 fuisset:
316 601 416 628 licebat
445 600 520 627 enim
542 598 595 634 ipsi
620 598 655 626 ab
681 597 789 632 injuriis
812 596 962 623 immunem

175 655 236 675 esse
250 656 256 674 :
271 651 299 674 at
312 654 367 673 non
382 644 435 673 sibi
454 644 505 679 ipsi
519 643 634 679 placuit,
646 650 736 677 neque
745 642 787 670 sui
801 648 895 669 curam
915 640 964 667 ha-

175 693 245 725 buit,
262 692 310 720 sed
331 693 393 727 ejus
409 690 483 726 quod
497 689 579 717 nobis
592 689 659 716 utile
671 692 741 715 erat.
759 703 794 709 -—
810 686 900 714 Aliud.
916 685 962 712 Li-

175 739 256 767 cebat
289 739 341 774 ipsi
366 745 421 765 non
443 736 544 771 exponi
563 735 731 770 opprobriis,
747 741 802 761 non
821 732 877 767 pati
902 739 963 766 quae

175 793 272 820 passus
283 789 336 816 est,
348 785 369 812 si
386 783 459 819 quod
474 790 554 810 suum
569 785 629 809 erat
646 785 806 816 spectasset.
817 779 896 814 397
908 778 961 806 Scd

1015 229 1255 264 συγκαταϐάσεως.
1271 231 1387 263 Δυνατὺς
1403 229 1429 258 εἷ
1442 232 1489 258 καὶ
1505 232 1616 264 πιστ6;;
1637 231 1744 258 λαϐέτω
1760 239 1805 258 σου

1014 276 1112 310 πεῖραν
1128 276 1142 302 ὸ
1158 275 1277 311 ἀσθενὴς
1290 276 1334 303 διὰ
1357 277 1406 312 τῆς
1428 278 1670 312 συγκατασάσεως.
1687 279 1735 305 Δεῖ
1753 278 1806 314 γάρ

1013 322 1128 349 ἕκαστον
1145 322 1224 358 ἡμῶν
1236 322 1275 357 τῷ
1289 322 1402 357 πλησίον
1417 323 1546 358 ἀρέσκειν
1556 333 1563 340 ι
1579 324 1637 350 ἀλλ’
1652 324 1750 359 ἐπειδὴ
1766 324 1806 350 ἐνι

1014 368 1145 404 ἀρέσκειν
1156 369 1203 395 καὶ
1214 369 1262 395 ἐπὶ
1275 369 1362 403 κακῷ,
1373 370 1553 405 προσέθηκεν,
1575 379 1584 395 ε
1599 370 1646 402 Εἰς
1657 370 1688 397 τὸ
1703 370 1806 404 ἀγαθὸν

1015 414 1082 449 πρὸς
1101 414 1258 449 οἰκοδομήν.
1277 425 1286 440 ι
1307 415 1392 443 Τοῦτο
1418 415 1473 451 γὰρ
1500 415 1596 447 ποιῶν,
1619 416 1807 452 οἱχοδομήσεις

1015 459 1096 485 αὑτὸν
1123 459 1170 486 καὶ
1197 459 1364 495 διορθώσεις.
1394 469 1404 485 ι
1424 460 1480 487 Καὶ
1503 461 1558 496 γὰρ
1580 461 1594 487 ὁ
1621 461 1741 495 Χριστὸς
1759 460 1806 496 οὐχ

1014 504 1103 539 ἐαυτῷ
1118 505 1226 540 ἤρεσεν.
1245 513 1254 530 ι
1279 505 1309 532 Et
1336 504 1462 540 ἠθέλησε,
1484 505 1584 540 φησὶν,
1607 505 1621 531 ὸ
1639 505 1759 541 Χριστὸς
1779 505 1806 531 τὸ

1012 550 1111 577 ἐαυτοῦ
1136 552 1259 583 σκοπεῖν,
1275 551 1325 578 οὐκ
1350 551 1384 579 ἂν
1417 551 1528 578 ἔπαθεν.
1548 551 1628 586 Ἐξῆν
1650 551 1705 585 γὰρ
1732 550 1806 585 αὐτῷ

1015 596 1083 632 μηδὲ
1106 596 1276 632 ὑϐρισθῆναι,
1297 597 1355 624 ἀλλ’
1372 597 1421 632 οὺχ
1438 597 1528 633 ἐαυτῷ
1542 597 1652 633 ἥρεαεν,
1679 596 1742 623 οὺδέ
1761 596 1806 623 τοῦ

1016 642 1082 669 ἰδίου
1102 643 1272 678 ἐφρόντισεν,
1294 643 1362 670 ἀλλὰ
1379 643 1425 669 τοῦ
1450 644 1586 679 ἡμετέρου
1608 643 1806 678 συμφέροντος.

1012 689 1173 722 -Ἄλλωςκ
1184 689 1371 725 [ΙΩΑΝΝΟᾺ]
1381 689 1460 724 Ἑξῆν
1474 689 1549 724 αὑτῷ
1563 688 1601 724 μὴ
1614 688 1807 723 ὀνειδισθῆναι,

1014 734 1052 770 μὴ
1068 735 1163 762 παθεῖν
1180 735 1251 770 ἅπερ
1270 735 1385 767 ἔπαθεν,
1402 736 1459 769 εἴγε
1473 735 1503 761 τὺ
1523 735 1622 762 ἐαυτοῦ
1640 735 1806 769 ἐσκόπησεν.

1013 781 1094 807 Ἀλλὰ
1126 781 1156 807 τὺ
1170 781 1248 816 ἡμῶν
1277 782 1431 816 σκοπήσας,
1457 781 1486 807 τὸ
1501 780 1599 808 ἑαυτοῦ
1616 781 1744 816 παρεῖδε,
1762 772 1807 807 καὶ

176 833 241 859 dum
257 830 331 866 quod
351 834 480 857 nostrum
496 831 556 855 erat
571 827 717 862 spectavit,
731 825 804 860 quod
818 824 959 860 proprium

1052 825 1142 861 ρισοη,
1166 827 1213 853 καὶ
1238 827 1359 862 πονηρὰν
1382 827 1458 862 παρὰ
1479 827 1586 857 πολλοῖς
1611 826 1691 854 ἔλαϐε
1715 826 1806 858 δόξαν.

176 880 236 903 erat
250 857 381 910 neglexit,
399 878 426 902 et
437 874 539 910 injuria
555 873 672 900 aﬂ‘ectus
686 876 740 905 est,
752 875 779 899 et
792 871 891 898 malam
902 877 959 905 gra-

1052 857 1232 904 λλλὰνκαθὼς
1248 857 1444 908 γέγραπται..)
1466 873 1560 905 Οὐδὲν,
1576 872 1652 908 φησὶ,
1669 872 1746 906 ξένον
1755 857 1808 906 ⁷γέ-

177 921 242 947 tiam
267 920 340 955 apud
368 920 470 946 multos
499 918 604 946 retulit.
634 927 643 943 ι
659 917 712 945 Sed
730 916 961 952 quemadmodum

177 966 310 1000 scriptum
331 969 384 993 est.
404 974 413 990 ι
440 965 525 996 Nihil,
551 963 651 999 inquit,
668 970 769 990 novum
781 962 882 990 factum
899 966 960 994 est;

177 1011 236 1043 sed,
253 1011 300 1046 qui
316 1011 343 1037 in
353 1011 442 1038 veteri
455 1011 515 1045 lege
533 1009 583 1037 tibi
599 1008 804 1043 opprobrarunt
816 1013 844 1035 et
857 1012 884 1036 te
897 1015 964 1035 con-

178 1057 289 1084 tumelia
305 1056 469 1088 atl‘ecerunt,
481 1056 578 1083 oDeus
591 1055 683 1087 Pater,
698 1055 725 1081 hi
734 1054 817 1082 etiam
831 1054 963 1081 adversus

178 1110 222 1129 me
247 1103 348 1130 Filium
375 1107 452 1130 tuum
476 1106 622 1130 venerunt.
653 1111 662 1128 ι
680 1101 858 1136 Quaecunque
888 1101 963 1128 enim

177 1149 277 1183 scripta
295 1153 369 1181 sunt,
390 1158 399 1174 ι
425 1153 478 1176 etc.
509 1148 573 1176 ilaze
591 1148 625 1176 ad
645 1152 779 1180 nostram,
797 1147 899 1182 inquit,
915 1147 964 1175 do—

176 1193 290 1221 ctrinam
307 1194 409 1228 scripta
423 1198 487 1221 sunt
502 1198 531 1221 ut
546 1193 671 1221 imitetur
684 1197 713 1220 et
725 1193 885 1220 toleremus.
902 1201 911 1218 t
930 1192 964 1219 Ut

175 1246 224 1273 per
240 1239 411 1274 patientiam.
430 1248 439 1264 ›
458 1239 491 1267 Ut
508 1239 644 1266 admoniti
656 1247 672 1266 a
685 1238 848 1274 Scripturis,
867 1242 896 1266 et
915 1245 964 1273 per

176 1284 306 1319 scriptam
322 1284 359 1311 ibi
377 1284 539 1319 patientiam
554 1285 649 1313 nervis
667 1285 781 1317 additis,
798 1284 826 1312 in
851 1291 900 1319 spe
915 1283 964 1312 Dei

175 1336 399 1363 permaneamus.
427 1329 495 1357 Nam
511 1330 644 1365 patientia
662 1337 739 1364 spem
756 1329 885 1361 exstruit,
903 1337 963 1356 rur-

176 1383 293 1410 sumque
312 1383 375 1411 spes
391 1376 552 1411 patientiam
564 1384 613 1404 seu
628 1376 816 1404 tolerantiam.

211 1421 270 1453 XV,
285 1421 343 1449 5-8.
372 1421 439 1448 Deus
461 1426 549 1448 autem
572 1421 708 1456 patientia:
727 1423 752 1446 et
772 1419 963 1446 exhortationis

175 1467 218 1492 det
230 1467 300 1494 vobis
313 1467 382 1494 idem
395 1467 492 1494 sentire
512 1467 581 1494 inter
595 1474 638 1494 val
655 1469 746 1492 mutuo
763 1464 906 1492 secundum
919 1464 964 1492 Je-

174 1521 234 1539 sum
255 1513 408 1540 Christum:
429 1517 458 1540 ut
479 1513 642 1540 unanimiter
667 1519 720 1538 uno
746 1519 791 1538 ore
811 1510 963 1546 glori/iretis

175 1559 259 1586 Deum
282 1563 306 1586 et
327 1559 437 1586 Patrem
451 1559 558 1586 Domini
576 1558 660 1585 nostri
674 1557 738 1584 Jesu
761 1556 870 1584 Christi.
889 1556 964 1590 Qua-

173 1611 283 1642 propter
292 1608 418 1634 assumite
428 1616 471 1635 vos
485 1607 596 1634 invicem
608 1607 675 1634 sicut
690 1611 714 1633 et
732 1606 850 1634 Christus
861 1613 966 1632 assam-

174 1654 224 1687 psit
235 1661 282 1680 nos
297 1654 332 1680 ad
344 1654 457 1689 gloriam
472 1653 529 1680 Dei.
544 1653 607 1679 Dico
620 1657 710 1679 autem
723 1652 857 1680 Christum
871 1651 964 1678 Iesum

174 1697 324 1725 ministrum
347 1698 447 1732 factum
471 1697 553 1731 fuisse
572 1697 792 1729 circumcisiouis,
815 1695 850 1723 ad
867 1694 964 1729 conﬁr-

174 1743 287 1770 mandus
299 1743 487 1778 promissione;
501 1741 622 1777 patribus
640 1742 736 1776 factas.

207 1838 334 1867 Ostendit
346 1838 419 1874 quod
433 1845 496 1865 cum
513 1837 665 1871 Scripturis
675 1841 703 1866 et
714 1838 824 1866 illarum
837 1838 964 1868 doctrina

173 1893 205 1913 ac
227 1874 421 1912 exhortatione
448 1891 520 1919 opus
541 1884 577 1911 sit
591 1884 676 1911 etiam
697 1884 838 1919 precibus,
863 1889 894 1913 ut
915 1885 965 1913 Dei

173 1932 344 1959 attrahamus
366 1929 511 1957 auxilium.
538 1939 547 1956 ‹
567 1929 618 1957 Det
635 1929 711 1957 vobis
727 1929 800 1957 idem
820 1930 934 1958 sentire.
952 1940 961 1956 ι

172 1978 353 2005 Dilectiouem
378 1979 501 2003 mutuam
522 1976 591 2011 ipsis
606 1981 746 2011 precatur.
759 1975 813 2004 Sed
828 1977 961 2012 quoniam

173 2024 308 2059 contingit
323 2022 502 2050 dilectionem
521 2022 624 2050 habere
640 2022 723 2049 etiam
742 2022 771 2049 in
784 2023 873 2056 .malo,
893 2023 965 2050 hanc

172 2070 208 2097 ab
236 2070 282 2096 illa
311 2068 485 2103 distinguens
496 2068 648 2104 subjungit,
667 2077 676 2094 ‹
699 2068 858 2096 Secundum
870 2069 964 2097 Jesum

172 2116 324 2144 Christum.
338 2115 373 2143 Ut
391 2115 570 2142 unanimiter.
589 2124 598 2141 ι
617 2114 682 2148 Qua:
693 2121 736 2142 est
750 2119 843 2142 autem
859 2115 964 2143 utilitas

172 2162 305 2190 habenda
315 2166 418 2189 mutuae
430 2161 599 2194 dilectionis,
612 2166 640 2189 et
653 2162 725 2190 idem
741 2161 878 2189 sentiendi
891 2162 964 2189 inter

1015 927 1104 953 γονεν,
1122 919 1180 946 ἀλλ’
1191 919 1217 946 οἱ
1235 920 1264 946 ἐν
1281 921 1314 955 τῇ
1336 919 1442 956 Παλαιᾷ
1461 919 1641 950 ὀνειδίσαντες
1662 919 1710 946 καὶ
1730 918 1808 954 ὑϐρί-

1017 965 1112 996 σαντές
1129 973 1171 997 σε,
1187 964 1238 992 Ges
1254 965 1363 1000 Πάτερ,
1379 961 1452 992 οὗτοι
1467 965 1515 992 καὶ
1529 963 1600 991 κατὰ
1613 964 1660 991 τοῦ
1677 964 1743 990 Υἰοῦ
1762 972 1807 990 σου

1016 1010 1084 1046 ἐμοῦ
1101 1009 1192 1046 ἦλθον.
1215 1021 1225 1037 ι
1237 1012 1306 1038 Ὅσα
1324 1012 1379 1046 γὰρ
1395 1011 1566 1046 προεγράφη,
1588 1019 1598 1037 ›
1617 1011 1664 1037 καὶ
1680 1010 1714 1037 τὰ
1733 1010 1806 1045 ἑξῆς,

1016 1058 1117 1090 ταῦτα,
1147 1058 1229 1093 φησὶ,
1254 1057 1322 1093 πρὸς
1354 1057 1491 1093 ἡμετέραν
1507 1056 1681 1084 διδασκαλίαν
1704 1057 1807 1091 γέγρα-

1018 1111 1098 1136 πται,
1126 1103 1170 1130 ἵνα
1202 1102 1365 1138 μιμώμεθα,
1389 1102 1437 1130 καὶ
1453 1101 1645 1136 ὑπομένωμεν.
1664 1111 1674 1127 ί
1692 1101 1752 1127 Ἵνα
1765 1100 1808 1127 διὰ

1017 1149 1067 1184 τῆς
1082 1149 1231 1184 ὑπομονῆς.
1251 1158 1260 1174 ι
1272 1149 1343 1180 Ἰνα,
1358 1148 1436 1184 φησὶ,
1443 1147 1743 1183 παραωλοὺμενοιύπὸ
1755 1147 1808 1173 τῶν

1017 1196 1145 1230 Γραφῶν.
1166 1196 1214 1222 καὶ
1235 1195 1279 1222 διὰ
1300 1195 1350 1230 τῆς
1373 1195 1431 1221 ἐκεῖ
1449 1193 1647 1230 γεγραμμένης
1667 1193 1808 1229 ὑπομονῆς

1017 1242 1211 1277 πυρούμενοι,
1231 1242 1357 1277 μένωμεν
1374 1242 1414 1273 εἰς
1430 1241 1480 1276 τὴν
1498 1241 1593 1268 ἐλπίδα
1609 1240 1655 1267 τοῦ
1674 1239 1756 1268 Θεοῦ.
1776 1240 1808 1267 Ἦ

1017 1288 1072 1324 γὰρ
1085 1287 1219 1324 ὑπομονὴ,
1234 1288 1284 1322 τῆς
1297 1287 1405 1319 ἐλπίδος
1417 1287 1476 1314 ἐστὶ
1489 1287 1731 1322 κατασκευαστική
1743 1294 1750 1301 ·
1762 1286 1808 1313 καὶ

1017 1335 1033 1369 ἡ
1051 1334 1129 1366 ἐλπὶς
1145 1334 1237 1366 πάλιν,
1253 1333 1304 1369 τῆς
1321 1333 1471 1370 ὑπομονῆς.

1061 1427 1092 1453 '0
1113 1426 1146 1452 δὲ
1166 1425 1239 1459 Θεὸς
1259 1425 1313 1459 τῆς
1332 1425 1489 1460 ὑπομονῆς
1509 1425 1558 1452 καὶ
1580 1424 1636 1460 τῆς
1653 1425 1808 1460 παρακλή-

1017 1480 1112 1504 σεως,
1132 1471 1193 1505 δῴη
1218 1471 1289 1505 ὑμῖν
1309 1470 1342 1497 τὸ
1367 1470 1441 1497 αὐτὸ
1461 1469 1584 1505 φρονεῖν
1605 1470 1640 1496 ἐν
1660 1469 1811 1504 ἀλλήλοις

1018 1517 1092 1544 κατὰ
1116 1516 1245 1550 Χριστὸν
1262 1516 1395 1550 Ἰησοῦν,
1420 1516 1472 1543 ἵνα
1495 1515 1685 1550 ὁμοθυμαδὸν
1706 1515 1743 1542 ὲν
1765 1516 1810 1542 ἐνὶ

1015 1562 1141 1597 στόματι
1157 1561 1300 1595 δοξάζητε
1315 1561 1370 1588 τὸν
1385 1561 1460 1588 Θεὸν
1475 1561 1526 1588 καὶ
1545 1560 1660 1595 Πατέρα
1676 1561 1731 1588 τοῦ
1750 1563 1810 1589 Κυ-

1012 1608 1082 1642 ρίου
1099 1608 1184 1643 ἡμῶν
1200 1607 1297 1641 Ἰησοῦ
1315 1606 1455 1641 Χριστοῦ,
1470 1606 1520 1633 Διὸ
1536 1606 1811 1641 προσλαμϐάνεσθε

1015 1654 1183 1689 ἀλλήλους,
1208 1653 1306 1687 καθὼς
1331 1653 1381 1680 καὶ
1407 1654 1423 1680 ό
1447 1652 1574 1687 Χριστὸς
1601 1653 1811 1687 προσελάϐετο

1015 1700 1108 1735 ἡμᾶς,
1123 1702 1167 1734 εὶς
1183 1699 1278 1732 δόξαν
1289 1699 1375 1728 Θεοῦ.
1391 1699 1473 1734 Λέγω
1489 1698 1522 1726 δὲ
1538 1699 1668 1733 Χριστὸν
1684 1699 1811 1734 Ἰησοῦν

1015 1746 1158 1774 διάκονον
1176 1745 1357 1781 γεγενῆσθαι
1377 1744 1548 1780 περιτομῆς,
1567 1744 1644 1779 ὑπὲρ
1663 1745 1810 1779 ἀληθείας

1017 1793 1091 1821 Θεοῦ
1099 1795 1142 1826 εις
1149 1792 1347 1825 τὸβεϐαιῶσαι
1354 1791 1590 1826 τὰς-ἐπαγγελίας
1595 1790 1654 1817 τῶν
1660 1792 1809 1826 πατέρων.

1051 1840 1191 1866 Δείκνυσιν
1207 1839 1247 1865 ὃτι
1263 1838 1333 1874 μετὰ
1345 1837 1399 1865 τῶν
1413 1838 1530 1874 Γραφῶν
1546 1838 1592 1864 καὶ
1607 1839 1655 1874 τῆς
1672 1837 1702 1870 ἐξ
1719 1839 1810 1865 αὐτῶν

1015 1885 1189 1916 διδασκαλίας
1201 1885 1248 1911 καὶ
1262 1884 1474 1920 παρακλήσεως,
1486 1884 1533 1910 καὶ
1548 1884 1634 1920 εὐχῶν
1646 1884 1726 1919 χρεία
1741 1885 1809 1920 πρὸς

1015 1931 1044 1959 τὺ
1058 1930 1265 1958 ἐπισπάσασθαι
1278 1930 1328 1966 τὴν
1340 1930 1387 1957 τοῦ
1403 1930 1469 1957 Θεοῦ
1486 1930 1620 1966 βοήθειαν.
1639 1940 1649 1957 ‹
1667 1932 1729 1967 Δῲη
1745 1933 1809 1968 ὑμῖν

1014 1977 1044 2004 τὺ
1062 1977 1128 2003 αὐτὸ
1146 1978 1267 2012 φρονεῖν.
1287 1986 1297 2002 ι
1317 1976 1440 2011 Ἀγάπην
1458 1976 1549 2008 αὐτοῖς
1566 1976 1730 2012 ἐπεύχεται,
1750 1978 1808 2004 ἀλλ’

1014 2023 1107 2059 ἐπειδὴ
1131 2023 1170 2050 ἔνι
1196 2023 1242 2050 καὶ
1268 2023 1314 2049 ἐπὶ
1335 2022 1413 2057 κακῷ
1435 2023 1541 2058 ἀγάπη,
1563 2022 1675 2059 διαιρῶν
1696 2024 1808 2060 ἐκείνης

1014 2070 1132 2105 ταύτην,
1152 2070 1269 2104 ἐπάγει·
1289 2079 1298 2095 ε
1315 2069 1392 2096 Κατὰ
1407 2069 1524 2105 Χριστὸν
1542 2069 1655 2104 Ἰησοῦν,
1673 2070 1718 2097 ἵνα
1740 2071 1807 2106 ὁμο-

1015 2116 1141 2152 θυμαδὸν.
1159 2125 1168 2142 ι
1184 2116 1216 2142 Τί
1230 2115 1258 2142 δὲ
1273 2115 1303 2142 τὸ
1317 2115 1412 2150 ὄφελος
1425 2115 1471 2142 τοῦ
1487 2115 1598 2151 ἀγάπην
1610 2116 1681 2151 ἔχειν
1692 2136 1700 2149 ,
1717 2117 1767 2143 καὶ
1779 2117 1808 2143 τὸ

1014 2161 1080 2189 αὐτὸ
1099 2162 1207 2198 φρονεῖν
1225 2161 1284 2197 μετ’
1297 2161 1440 2196 omne»;
1463 2161 1566 2194 Αἴτιον,
1586 2163 1670 2197 φησὶ,
1689 2163 1806 2197 γίνεται,

171 2217 200 2236 sc
215 2207 328 2235 mutuo?
340 2208 380 2241 Id,
397 2208 498 2243 inquit,
510 2215 592 2235 causa
605 2207 733 2240 eﬂicitur,
748 2212 778 2234 ut
790 2207 959 2236 unanimiter

1052 2209 1061 2236 5
1078 2209 1182 2241 πάντας
1199 2208 1373 2244 ὀμοθυμαδὶν
1382 2208 1433 2243 μιᾷ
1449 2208 1521 2244 ψυχῇ
1531 2208 1652 2242 δοξάζειν
1667 2209 1713 2236 τὸν
1728 2210 1806 2236 Θεὸν.

171 2263 281 2290 unoque
293 2255 386 2282 animo
399 2255 554 2290 gloriﬁcent
564 2255 661 2282 Deum.
676 2264 685 2280 ι
697 2254 871 2289 Quapropter
883 2262 962 2282 assu-

169 2302 236 2328 mitc
253 2309 301 2329 vos
322 2301 451 2329 invicem.
466 2310 475 2327 ›
488 2301 720 2336 Quandoquidem
737 2301 796 2328 haec
810 2301 849 2328 ita
863 2308 893 2329 se
909 2301 959 2328 ha-

170 2347 245 2380 bent,
259 2347 358 2382 ittquit,
374 2356 382 2372 ι
398 2347 538 2375 Assumite
551 2355 600 2375 vos
613 2347 756 2380 invicem,»
770 2347 823 2374 hoc
835 2350 888 2380 est,
902 2347 958 2374 Re-

167 2394 353 2423 conciliamini
373 2394 492 2422 invicem
509 2393 582 2421 inter
609 2401 666 2421 vos.
681 2394 856 2430 Rursumque
873 2393 957 2422 Chri-

168 2447 240 2469 stum
248 2441 329 2469 atl‘ert
337 2441 363 2468 in
373 2441 542 2476 exemplum.
554 2441 610 2468 Hoc
622 2445 713 2468 autem
724 2441 857 2469 facientes
867 2441 955 2468 Deum

167 2495 216 2522 per
229 2491 353 2514 tnutuam
364 2486 539 2513 dilectionem
548 2486 749 2522 gloriﬁeabitis.
763 2498 772 2513 ι
785 2488 826 2515 A‘d
841 2488 955 2523 gloriam

167 2533 227 2560 Dei.
242 2541 252 2558 ι
266 2532 442 2568 Hyperbaton
457 2536 499 2560 cst
516 2542 522 2560 :
542 2542 551 2559 ι
565 2533 705 2561 Assumite
725 2541 775 2561 vos
789 2533 906 2561 invicem
920 2533 954 2560 ad

165 2580 278 2615 gloriam
289 2580 348 2607 Dei.
363 2588 424 2605 ι--ε
434 2579 500 2607 Dico
510 2584 601 2607 autem
612 2580 753 2608 Christum
764 2580 868 2612 Jcsum,
881 2589 890 2605 ν
900 2585 953 2607 ctc.

165 2625 220 2652 Eos
233 2625 281 2660 qui
293 2625 321 2652 in
335 2625 478 2653 Judaismo
498 2625 591 2653 adhuc
608 2626 750 2653 haerebant
762 2625 952 2660 reprehendit,

163 2676 191 2698 ct
202 2673 259 2698 ait:
283 2671 411 2699 Christus
429 2671 545 2699 veniens
568 2671 641 2698 Patri
662 2676 826 2706 cooperatus
845 2677 898 2705 est,
923 2677 953 2700 ut

163 2718 362 2752 promissiones
377 2717 496 2745 Abrahae
519 2717 590 2744 datae
604 2717 638 2744 ad
659 2717 809 2744 terminqu
832 2717 953 2746 deduce-

165 2769 271 2791 rentur.

198 2810 368 2844 Cooperatus
381 2813 424 2837 est
443 2815 534 2837 autem
549 2817 658 2837 omnem
674 2810 838 2845 complenda
853 2810 951 2846 legem,

165 2855 247 2882 etiam
273 2855 467 2883 circumcisus.
493 2855 577 2891 398
601 2855 668 2883 Nam
700 2856 752 2884 hoc
770 2862 850 2885 vocat
870 2857 954 2884 mini-

1015 2264 1024 2282 ε
1050 2256 1097 2282 Διὸ
1119 2254 1362 2291 προσλαμϐάνεσθε
1384 2254 1526 2290 ἀλλήλους.
1552 2264 1562 2281 ι
1584 2255 1693 2292 Ἐπειδὴ
1719 2256 1807 2284 ταῦτα

1011 2302 1097 2334 οὕτως
1107 2302 1174 2337 ἔχει,
1186 2302 1263 2337 φησὶ,
1275 2311 1284 2327 ‹
1296 2301 1540 2339 Προσλαμϐἁνεσθε
1551 2302 1692 2337 ἀλλήλους,
1707 2313 1717 2329 ›
1725 2311 1806 2330 τουτ-

1011 2349 1081 2382 έστι,
1097 2348 1325 2375 Καταλλάσσεσοε
1338 2348 1454 2379 ἑαυτοῖς.
1474 2348 1530 2375 Καὶ
1545 2348 1627 2374 πάλιν
1647 2349 1675 2374 ἐν
1698 2348 1807 2375 ὑποδεί-

1010 2403 1097 2430 γματι
1115 2394 1161 2420 τὸν
1181 2393 1299 2430 Χριστὸν
1320 2393 1408 2429 φέρει.
1431 2392 1517 2420 Τοῦτο
1536 2393 1564 2420 δὲ
1586 2393 1738 2427 ποιοῦντες,
1760 2395 1806 2421 τὸν

1009 2440 1075 2468 Θεὸν
1092 2440 1219 2473 δοξάσετε
1240 2439 1284 2466 διὰ
1300 2439 1349 2474 τῆς
1366 2439 1485 2474 ἀγάπης.
1504 2449 1513 2466 ‹
1534 2440 1581 2471 Εἰς
1597 2440 1676 2472 δόξαν
1690 2440 1770 2468 Θεοῦ.
1793 2450 1802 2468 ›

1007 2487 1043 2513 Τὸ
1055 2485 1209 2522 ὑπερϐατόν
1222 2494 1228 2501 ·
1243 2495 1252 2512 ‹
1266 2486 1513 2521 Προσλαμὸάνεσθε
1525 2485 1655 2520 ἀλλήλους
1667 2487 1707 2518 εις
1725 2487 1805 2520 δόξαν

1006 2533 1085 2560 Θεοῦ.
1096 2542 1105 2558 ι
1120 2548 1154 2553 -
1166 2542 1175 2558 ι
1187 2532 1267 2567 Λέγω
1281 2532 1309 2558 δέ
1325 2532 1442 2568 Χριστὸν
1460 2531 1576 2567 Ἰησοῦν,
1592 2542 1600 2558 ι
1614 2532 1660 2559 καὶ
1675 2532 1710 2559 τὰ
1727 2533 1802 2568 ἑξῆς.

1010 2580 1073 2612 Τοῖς
1089 2579 1282 2610 ’ἰουδαΐζουσιν
1303 2578 1425 2611 ἐγκαλεῖ,
1446 2579 1493 2605 καί
1514 2588 1596 2614 φησιν
1609 2587 1615 2593 ·
1636 2579 1664 2606 ’0
1685 2578 1803 2615 Χριστὸς

1007 2625 1093 2652 ἐλθὼν
1111 2624 1263 2661 συνέπραξε
1280 2623 1318 2659 τῷ
1343 2624 1430 2659 Πατρὶ
1441 2644 1448 2656 ,
1466 2625 1505 2656 εἰς
1521 2625 1551 2651 τὸ
1568 2626 1616 2656 τὰς
1639 2625 1703 2660 παρ’
1719 2625 1802 2652 αὑτοῦ

1008 2671 1132 2703 δοθείσας
1148 2673 1203 2704 τοῖς
1222 2671 1294 2706 diu?!
1309 2671 1356 2698 τὸν
1367 2670 1497 2706 Ἀϐραὰμ.
1513 2670 1679 2705 ἐπαγγελίας
1697 2671 1739 2703 εἰς
1755 2671 1804 2698 πέ-

1013 2726 1063 2752 ρας
1081 2717 1181 2744 ἐλθεῖν.

1045 2810 1201 2846 Συνέπραξε
1226 2810 1254 2837 δὲ
1276 2809 1321 2837 τὸν
1342 2811 1424 2846 νόμον
1444 2810 1550 2838 ἅπαντα
1568 2810 1732 2847 πληρώσας,
1755 2811 1800 2838 καὶ

1010 2856 1200 2892 περιτμηθείς.
1226 2855 1311 2883 Τοῦτο
1337 2857 1391 2893 γὰρ
1418 2857 1491 2891 λέγει
1515 2857 1546 2883 τὸ
1572 2857 1694 2884 διάκονον
1721 2865 1802 2893 γεγε-
