1889 3055
126 104 186 137 613

653 105 849 136 COMME‘NT.
865 105 905 134 ΙΝ
925 105 1043 144 ΕΡΙβΤ.
1064 107 1114 136 AD
1131 106 1222 137 ROM.

1704 111 1757 144 614

125 164 229 200 νῆα-θαι
255 164 438 199 πρεριτομῆς,
466 163 509 190 ῐνα
527 162 574 190 καὶ
591 162 680 200 ταύτῃ
707 163 845 198 βεϐαιώσῃ
872 171 879 189 ι

971 167 1058 191 strum
1075 163 1177 191 factum
1189 164 1273 192 fuisse
1286 165 1521 194 circumcisionis:
1539 168 1630 196 uthac
1646 177 1757 206 quoque

125 210 263 247 ωηρώσῃ
277 210 323 237 τὸν
336 210 427 244 νόμον.
446 218 456 235 ι
477 209 556 243 Λέγω
571 210 625 244 γὰρ
641 208 758 245 Χριστδν
769 209 883 244 Ἰησοῦν,
905 218 914 235 ι

123 257 172 282 καὶ
197 255 271 289 ἑξῆς.
288 270 321 276 -
331 255 432 292 [ΦΩΤ.]
444 252 507 282 Οἶον
518 263 526 271 ⁸
543 255 606 287 Πῶς
620 254 804 291 προσελάϐετο
818 255 890 289 ὑμᾶς
903 255 917 281 6

124 299 260 335 Χριστός;
275 301 354 328 Οὕτω
367 301 449 334 λέγω,
473 300 557 335 φησι·
577 309 586 326 ι
600 301 669 332 Τοὺς
689 300 739 335 μὲν
760 299 916 331 Ἰουδαίους,

125 347 309 382 περι-τμηθεὶς
336 348 384 374 καὶ
399 347 575 383 χρηματίσας
601 347 672 374 κατὰ
700 347 789 382 σάρκα
814 347 846 373 ὲκ
869 345 916 372 τοῦ

126 393 285 428 σπέρματος
306 393 408 425 αὐτῶν,
430 393 458 427 ἐξ
479 389 509 419 οὗ
536 392 685 429 ἀληθεῦσαι
708 401 736 419 τε
762 392 916 427 συνήργησε

123 439 171 465 τὸν
189 439 314 474 Πατέρα,
331 440 378 466 καὶ
396 439 445 471 τὰς
465 438 634 473 ἐπαγγελίας
654 438 843 474 ἐκπληρῶσαι-

159 541 221 567 Ἶνα
227 540 281 574 γὰρ
289 540 326 575 μή
332 548 374 571 τις
380 540 455 575 εἴπῃ,
468 540 570 570 Καὶτίς
577 539 706 576 χρείατοῦ
713 539 917 575 προσληφθῆναι

122 586 187 618 τοὺς
200 585 359 617 Ἰουδαίους,
379 585 464 612 πάλαι
486 586 525 620 τῷ
547 586 634 621 Πατρὶ
654 585 916 621 προσῳκειωμένους

122 629 216 662 ὄντας,
231 629 279 656 καὶ
294 629 461 664 ὲπαγγελίας
477 630 686 665 ἐκδεχομένους,
703 629 736 662 ἃς
751 631 799 665 οὐχ
815 627 870 657 οἶόν
884 639 914 657 τε

122 673 158 711 ἦν
186 676 225 711 μὴ
248 675 373 710 ἐκϐῆναι,
401 677 462 703 ἐπεὶ
490 675 649 711 παναληθής
675 676 690 702 ό
713 676 912 711 ὑποσχόμενος;

122 720 210 748 ταῦτα
235 729 330 756 φησιν,
348 721 388 748 ὅτι
414 722 474 748 Κᾶν
493 721 703 757 προελήφθησαν
735 722 760 748 οι
776 721 912 756 Ἰουδαῖοι,

123 766 177 793 κᾶν
189 767 356 801 ἐπαγγελίας
370 767 508 800 ἐδέξαντο,
523 769 547 795 εί
564 767 601 803 μὴ
617 767 801 804 προσελάὸετο
813 769 911 801 αὐτοὺς

122 812 136 838 ὁ
152 812 217 844 Υίὸς
235 814 387 846 σαρκωοεὶς
404 814 450 840 καὶ
469 814 660 849 περιτμηθεὶς,
677 813 739 840 οὗτε
755 814 809 841 τῶν
825 814 912 848 ἑπαγ-

122 857 223 892 γελιῶν
239 859 394 894 ἠξιώθησαν
413 859 457 892 ἂν,
479 860 594 892 ἑαυτοὺς
613 860 668 887 τῶν
689 860 805 888 ὲντολῶν
824 869 914 895 παρα-

122 902 212 934 ϐάτας
227 904 465 940 ἀπεργασάμενοι,
481 905 537 932 οὖτ¹
549 905 581 932 ἂν
596 906 626 933 τὸ
641 907 705 941 περὶ
718 907 768 942 τὴν
783 907 913 942 ἀλήθειαν

119 949 257 985 ἄτρεπτον
272 951 319 977 καὶ
338 950 546 986 ἀμεταμέλητον
562 951 609 978 τοῦ
629 952 735 988 Πατρδς
751 953 792 984 είς
808 953 913 987 συμφι-

119 1003 168 1029 ρον
181 995 274 1027 αὐτοῖς
291 997 470 1031 ἐχρημάτιζε,
485 997 529 1025 διὰ
543 999 592 1031 τῆς
607 999 789 1033 παραὸάσεως
805 1007 913 1034 παρεμ-

119 1039 260 1072 ποδίζουσι
279 1040 382 1076 ταύτην
395 1041 542 1077 ἀποϐῆναι.
560 1043 606 1069 Διὸ
624 1043 848 1079 προσλαϐόμενος
864 1044 914 1070 αὐ-

118 1087 183 1118 τοὺς
204 1086 253 1113 καὶ
273 1087 464 1122 περιτμηθιὶς,
485 1088 533 1115 καὶ
551 1090 584 1124 τῇ
607 1088 654 1115 τοῦ
672 1089 779 1125 Πατρὸς
798 1089 913 1125 ἀληθείᾳ

119 1133 286 1168 συνέπραξε,
303 1133 350 1160 καὶ
368 1134 417 1165 τὰς
435 1135 604 1169 ἐπαγγελίας
623 1135 784 1171 τελεσθῆναι
801 1136 848 1163 καὶ
865 1135 912 1171 βε-

118 1178 271 1214 ϐαιωθῆναι
296 1180 478 1215 συνήργησεν.
498 1180 580 1208 ’Δλλὰ
601 1182 664 1214 τοὺς
689 1182 739 1217 μὲν
757 1181 910 1215 Ἰουδαίους,

117 1224 191 1252 οὕτω
201 1233 230 1251 τε
246 1225 293 1252 καὶ
305 1225 349 1253 διὰ
361 1225 448 1252 ταῦτα
460 1234 467 1241 '
478 1227 514 1254 τὰ
525 1226 555 1254 δὲ
567 1226 643 1263 tom.
656 1228 735 1263 φησὶ,
747 1227 913 1263 διὰτίπροσ-

117 1270 247 1303 ελάϐετο;
273 1271 313 1297 Δι’
327 1272 430 1306 ἄφατον
445 1272 529 1304 ἕλεος,
543 1274 591 1300 καὶ
604 1273 651 1300 τοῦ
667 1273 829 1309 δοξασθῆναι
844 1274 912 1309 μᾶλ-

117 1315 165 1341 λον
184 1316 231 1342 τὸν
251 1316 370 1352 Πατέρα.
390 1317 422 1343 Et
440 1317 494 1353 γὰρ
510 1319 541 1344 τὸ
557 1317 607 1350 τὰς
625 1319 792 1353 ἐπαγγελίας
809 1320 912 1355 ἐκπλη-

120 1361 220 1396 ρῶσαι,
236 1362 284 1388 καὶ
298 1362 335 1398 μὴ
346 1362 421 1395 δόξαι
432 1364 489 1390 τισὶ
503 1363 657 1398 ψεύσασθαι
672 1364 719 1391 τὸν
734 1365 854 1401 Πατέρα,
870 1367 911 1398 είς

971 209 1158 241 conﬁrmaret,
1171 217 1202 236 ac
1211 209 1298 245 legem
1310 210 1393 237 etiam
1403 211 1562 245 compleret.
1582 221 1590 238 I
1605 212 1671 240 Dico
1680 214 1754 241 enim

970 254 1111 282 Christum
1126 255 1247 283 Iesum.)
1265 271 1299 276 —
1312 255 1454 291 Tanquam
1467 257 1574 284 diceret
1589 266 1596 284 :
1613 258 1757 291 Quomodo

971 308 1020 327 vos
1036 301 1185 335 assumpsit
1199 300 1345 328 Christus?
1364 301 1404 328 lta
1417 301 1489 334 dico,
1512 302 1620 337 inquit:
1647 302 1757 332 Judaeos

971 347 1094 382 quidem.
1110 347 1302 380 circumcisus,
1321 352 1349 375 et
1370 348 1447 383 juxta
1461 348 1572 375 oracula
1585 348 1757 377 descendens

970 393 1123 420 secundum
1154 401 1264 421 carnem
1292 401 1325 421 ex
1348 393 1453 421 semine
1482 395 1617 429 ipsorum,
1641 402 1675 422 ex
1700 403 1757 431 quo

969 438 1053 464 etiam
1071 438 1146 466 Patri
1162 443 1326 474 cooperatas
1345 444 1389 467 est
1407 445 1437 467 ut
1460 447 1538 467 veras
1553 440 1712 469 ostenderet
1727 447 1757 470 et

971 483 1123 517 compleret
1143 484 1353 518 promissiones.

1007 540 1149 575 Siquidem
1160 548 1194 568 ne
1206 541 1268 577 quis
1279 541 1381 569 diceret
1393 551 1399 569 :
1415 542 1448 570 Et
1458 550 1519 577 quae
1530 547 1590 570 erat
1607 544 1757 573 necessitas

969 590 1000 612 ut
1015 592 1223 614 assumerentur
1242 587 1338 620 Judaei.
1354 588 1401 623 qui
1419 589 1475 623 jam
1487 589 1552 616 olim
1563 590 1596 617 ad
1608 589 1696 618 Patris
1713 591 1754 619 ta-

968 631 1154 659 miliaritatem
1188 633 1321 669 assumpti
1354 638 1454 667 erant,
1489 642 1521 662 ac
1558 637 1755 671 promissiones

967 683 1158 712 susceperant.
1182 686 1251 713 quas
1278 679 1448 714 impossibile
1471 685 1530 709 erat
1550 689 1604 709 non
1631 683 1754 716 evenire,

966 730 1028 750 cum
1056 723 1151 751 fallere
1172 731 1226 751 non
1255 728 1346 759 posset
1374 725 1397 752 is
1413 725 1459 760 qui
1475 727 1662 761 promiserat?
1687 728 1754 762 Hoc.

965 768 1063 803 inquit,
1089 769 1152 796 ideo
1171 769 1223 797 fuit
1237 777 1360 802 necesse,
1384 771 1459 805 quia,
1477 772 1529 798 ctsi
1550 773 1628 807 prius
1646 781 1754 801 assum-

963 815 1002 849 pti
1024 820 1103 843 erant
1127 815 1234 848 Judaei,
1259 823 1416 850 quanquam
1440 818 1636 851 promissiones
1661 827 1755 847 susce-

963 865 1071 895 perant,
1094 861 1147 888 nisi
1169 861 1362 896 assumpsisset
1395 869 1443 890 eos
1470 862 1570 896 Filius,
1596 864 1755 894 incarnatus

962 913 995 934 ac
1016 906 1207 940 circumcisus,
1224 915 1398 942 nequaquam
1422 909 1654 943 promissionibus
1677 911 1753 947 digni

963 951 1050 980 habiti
1078 952 1206 985 fuissent,
1231 961 1295 980 cum
1318 955 1425 989 seipsos
1441 960 1643 990 praeceptorum
1663 961 1754 985 trans-

963 1006 1103 1033 gressores
1130 998 1272 1031 fecissent,
1295 1007 1385 1035 neque
1400 1001 1490 1029 Patris
1507 992 1651 1030 oraculum
1678 1003 1752 1030 circa

963 1045 1119 1077 veritatem,
1136 1045 1307 1073 immutabile
1324 1054 1356 1074 ae
1370 1047 1504 1082 paenitere
1523 1048 1660 1081 nescium,
1675 1049 1751 1076 utili-

964 1090 1013 1117 tati
1029 1090 1069 1117 eis
1083 1090 1191 1123 fuisset,
1210 1091 1312 1126 quippe
1327 1092 1374 1126 qui
1397 1099 1446 1119 sua
1465 1093 1752 1128 transgressioneJm-

963 1134 1151 1169 pedimentum
1165 1135 1369 1170 praestitissent,
1387 1143 1421 1163 ne
1438 1141 1470 1163 e’a
1483 1137 1585 1163 veritas
1608 1137 1752 1172 continge-

963 1185 1014 1208 ret.
1030 1180 1180 1215 Propterea
1198 1188 1261 1208 cum
1277 1181 1351 1216 ipsos
1370 1181 1564 1216 assumpsisset
1583 1189 1615 1208 ac
1630 1181 1751 1209 circum-

962 1224 1040 1251 cisus
1054 1228 1143 1251 esset:
1171 1229 1199 1252 ct
1225 1225 1315 1252 Patris
1330 1225 1440 1252 veritati
1468 1228 1633 1259 cooperatus
1655 1229 1706 1258 est,
1722 1230 1751 1252 et

961 1272 994 1296 ut
1017 1269 1217 1304 promissiones
1240 1270 1442 1305 perﬁcerentur
1461 1277 1500 1297 ac‘
1518 1270 1751 1298 conﬁrmarentur

961 1314 1043 1342 simul
1053 1315 1155 1342 eﬂ‘ccit.
1173 1314 1226 1342 Sed
1243 1315 1317 1350 ipsos
1333 1315 1444 1350 quidem
1463 1316 1573 1344 Iudaeos
1590 1316 1643 1344 hoc
1667 1316 1750 1344 modo

961 1365 990 1389 et
999 1366 1114 1397 propter
1129 1363 1181 1389 ista
1195 1362 1361 1397 assumpsit:
1378 1370 1472 1390 verum
1493 1370 1580 1398 quare
1597 1367 1692 1397 gentes
1704 1370 1750 1390 as—

117 1405 199 1438 δόξαν
209 1405 294 1432 αὑτοῦ
307 1407 438 1433 συντελεῖ·
451 1407 481 1434 τὸ
494 1407 555 1442 μηδ’
566 1408 742 1444 ὑποσχέσθαι,
755 1409 816 1445 μηδ’
825 1410 877 1437 ἐπα

970 1408 1095 1443 sumpsit?
1106 1408 1223 1443 Propter
1234 1408 1402 1435 ineﬂ'abilem
1415 1408 1649 1440 misericordiam,
1662 1412 1748 1444 utque

116 1451 274 1486 γείλασθαι,
287 1452 344 1480 ἀλλ’
358 1453 446 1486 οὕτως
455 1453 553 1490 ἁθρόον
563 1455 727 1490 χαρίσασθαι
737 1456 771 1483 τὰ
781 1457 910 1493 ὑπερφυῆ

115 1498 164 1525 καὶ
174 1498 334 1531 ἀνέλπιστα,
347 1499 406 1531 πῶς
423 1499 483 1534 οὐχὶ
493 1500 533 1532 είς
545 1499 647 1534 ἄφατον
656 1500 735 1532 δόξαν
746 1501 793 1528 τοῦ
805 1502 911 1538 Πατρὸς

115 1545 287 1586 συντελέσειύ
300 1560 336 1565 -
348 1546 465 1579 Ἄλλως
480 1545 562 1582 [ΤΟΥ
580 1546 722 1584 ΔΥΤΟΥ.]
742 1547 770 1574 '0
792 1549 910 1584 Χριστὸς

115 1591 199 1627 μόνος
210 1592 352 1627 ἐπλήρωσε
368 1592 415 1618 τὸν
430 1593 524 1627 νόμον,
541 1593 633 1625 πάσας
650 1593 700 1625 τὰς
716 1593 826 1626 ἐντολὰς
842 1602 908 1621 κατ-

113 1636 250 1672 ορθώσας.
273 1637 354 1664 Ἀλλὰ
368 1639 416 1665 καὶ
435 1637 563 1670 Ἰουδαῖος
576 1635 610 1673 ἦν
623 1638 694 1665 κατὰ
710 1639 810 1674 σάρκα.
823 1640 908 1667 Τοῦτο

113 1683 169 1719 γὰρ
191 1683 239 1710 καὶ
259 1683 303 1710 διὰ
322 1683 372 1718 τῆς
395 1685 545 1719 περιτομῆς
564 1683 702 1719 δηλοῦται.
716 1684 796 1712 Ἀλλὰ
816 1687 863 1712 καὶ
883 1688 907 1714 οί

113 1730 192 1764 αὑτῷ
206 1729 417 1765 υίοθετηθέντες,
432 1730 469 1762 ὡς
482 1731 515 1756 τὰ
529 1731 617 1766 ἄστρα
629 1729 677 1757 τοῦ
691 1731 807 1766 οὐρανοῦ
822 1733 906 1768 ὲπλη-

114 1774 263 1810 θὺνθησαν,
279 1776 325 1802 καὶ
341 1776 379 1807 ὼς
392 1776 409 1811 ἡ
423 1776 514 1810 ἄμμος
529 1777 546 1811 ἡ
560 1776 635 1812 παρὰ
648 1777 679 1803 τὸ
691 1777 782 1813 χεῖλος
795 1778 845 1813 τῆς
859 1779 907 1807 θα-

112 1821 232 1856 λάσσης.
241 1822 322 1848 Ὥστε
336 1821 417 1853 αὐτὸς
431 1823 477 1848 καὶ
490 1821 529 1857 τῷ
543 1822 629 1858 Πατρὶ
643 1824 814 1859 συνήργησεν
825 1826 865 1857 είς
876 1826 906 1853 τὸ

111 1868 284 1902 ἀληθεῦσαι,
300 1869 347 1894 καὶ
364 1869 403 1900 είς
420 1869 450 1894 τὸ
465 1868 515 1900 τὰς
533 1869 601 1904 πρὸς
616 1868 661 1896 τὸν
673 1869 801 1906 ’Δὸραὰμ
818 1872 905 1906 ἑπαγ-

111 1914 208 1948 γελίας
226 1914 458 1949 ἀποπληρωοῆναι
470 1935 477 1947 ,
495 1915 672 1949 κατορθώσας
690 1916 740 1950 μὲν
755 1917 846 1945 πᾶσαν
861 1919 905 1945 ὲν-

111 1960 210 1995 τολὴν,
227 1961 266 1992 είς
279 1960 403 1996 Ἀΰραὰμ
420 1960 448 1987 δὲ
468 1961 579 1996 σπέρμα
596 1961 751 1996 λογισθεὶς,
769 1964 860 1991 πᾶσαν
873 1963 905 1992 δι

110 2007 161 2042 τὴν
178 2007 340 2042 οίκουμένην
356 2007 503 2042 πληρώσας
518 2007 563 2034 διὰ
577 2007 631 2034 τῶν
647 2009 761 2036 πιστῶν.
782 2019 791 2036 t
809 2009 904 2038 Διάκο-

110 2061 157 2079 νον
171 2053 335 2088 γεγενῆσθαι
351 2052 513 2088 περιτομῆς.
534 2062 543 2078 ι
559 2053 620 2079 Ἕνι
635 2054 682 2080 καὶ
695 2053 781 2086 οὓτως
796 2055 901 2090 νοῆσαι’

962 1454 1049 1489 magis
1070 1453 1273 1489 gloriﬁcaretur
1300 1454 1391 1481 Pater.
1418 1453 1485 1480 Nam
1504 1453 1527 1481 si
1552 1453 1749 1488 promissiones

961 1498 1105 1533 compleri,
1124 1502 1152 1526 et
1166 1506 1222 1526 non
1235 1499 1321 1526 videri
1345 1498 1511 1533 quibusdam
1529 1498 1639 1526 Patrem
1661 1499 1748 1526 fuisse

960 1543 1132 1577 mendacem,
1157 1544 1265 1572 confert
1290 1545 1324 1572 ad
1345 1544 1432 1579 ipsius
1450 1545 1586 1579 gloriam;
1608 1544 1747 1579 quomodo

959 1589 994 1618 ad
1009 1589 1171 1617 immensam
1204 1590 1292 1618 Patris
1309 1591 1424 1626 gloriam
1452 1598 1507 1618 non
1524 1590 1642 1623 confert,
1668 1590 1746 1625 prius

959 1643 1014 1663 non
1039 1636 1221 1671 spopondisse
1239 1645 1290 1664 nec
1304 1637 1474 1671 promisisse.
1495 1641 1522 1664 et
1534 1641 1626 1664 tamen
1642 1637 1679 1663 ita
1700 1644 1746 1664 re-

957 1686 1040 1718 pente
1064 1682 1182 1710 donatos
1210 1683 1296 1711 fuisse
1318 1683 1530 1711 incredibilibus
1550 1691 1582 1711 ac
1598 1683 1745 1718 insperatis

956 1729 1053 1757 bonis?
1066 1744 1102 1750 —-
1126 1729 1187 1757 Alio
1200 1730 1287 1757 modo.
1301 1730 1429 1757 Christus
1455 1730 1531 1757 solus
1555 1730 1643 1765 legem
1660 1736 1744 1756 com-

956 1777 1052 1812 plevit,
1075 1777 1167 1804 omnia
1182 1783 1336 1811 exsequens
1357 1779 1505 1811 praecepta.
1523 1775 1577 1803 Sed
1591 1781 1618 1803 et
1632 1775 1745 1803 Judazus

955 1822 1108 1850 secundum
1124 1830 1235 1850 carnem
1254 1827 1329 1856 crat;
1347 1830 1410 1850 nam
1427 1827 1456 1850 et
1473 1822 1526 1850 hoc
1537 1829 1587 1857 per
1598 1822 1744 1849 circumci-

953 1867 1063 1896 sionem
1088 1868 1274 1903 signiﬁcatur:
1303 1872 1332 1895 et
1357 1868 1404 1903 qui
1418 1868 1453 1895 ab
1467 1875 1501 1895 eo
1523 1867 1644 1902 adoptati
1667 1870 1742 1899 sunt,

954 1913 1029 1942 sicut
1047 1918 1120 1941 astra
1142 1914 1204 1941 cceli
1230 1913 1405 1949 multiplicati
1426 1917 1501 1945 sunt.
1521 1918 1549 1941 et
1573 1914 1646 1940 sicut
1659 1921 1743 1940 arena

954 1967 1018 1995 quae
1042 1963 1085 1987 est
1100 1959 1134 1986 ad
1152 1960 1229 1987 littus
1246 1960 1341 1988 maris.
1364 1959 1424 1994 ipse
1447 1960 1539 1995 itaque
1552 1963 1581 1986 et
1604 1959 1677 1986 Patri
1693 1965 1742 1986 co-

954 2009 1085 2041 operatus
1100 2010 1142 2033 est
1155 2010 1185 2032 ut
1202 2013 1285 2032 verax
1302 2009 1468 2040 appareret:
1492 2010 1521 2033 et
1535 2010 1567 2033 ut
1581 2004 1742 2043 promissio-

954 2059 1003 2079 nes
1014 2051 1048 2079 ad
1070 2050 1209 2078 Abraham
1223 2051 1300 2078 facta:
1310 2051 1524 2085 complerentur,
1539 2058 1620 2078 omne
1631 2051 1742 2086 quidem

109 2099 242 2130 Διάκονος
255 2099 367 2132 γέγονεν
379 2099 392 2124 ὁ
405 2098 521 2133 Χριστὸς
533 2098 740 2132 τῶνΊουδαίων,
752 2100 879 2128 τουτέστιε

971 2105 1107 2133 xsequens
1120 2103 1298 2132 praeceptum,
1313 2097 1361 2124 sed
1385 2097 1413 2124 in
1427 2105 1523 2124 semen
1538 2097 1677 2124 Abraham
1696 2105 1743 2124 re-

110 2145 184 2180 ὐπὲρ
202 2144 250 2171 τοῦ
267 2144 330 2176 τοὺς
348 2144 489 2176 Ἰουδαίους
507 2144 582 2175 ἐντὸς
599 2145 728 2178 γενέσθαι
744 2146 799 2172 τῶν
816 2147 902 2181 ἑπαγ-

108 2191 227 2225 γελιῶν,
250 2190 294 2217 ἵνα
317 2192 364 2217 καὶ
386 2192 400 2218 ὁ
424 2190 526 2222 ταύτας
551 2191 784 2227 ἐπαγγειλάμενος
805 2193 900 2228 Πατὴρ

107 2237 261 2274 ἁληϐεύσῃ.
279 2246 288 2264 t
307 2237 354 2269 Είς
385 2238 416 2264 τὸ
437 2237 586 2273 βεὸαιῶσαι
601 2237 650 2269 τὰς
666 2237 833 2271 ἐπαγγελίας
847 2239 900 2266 τῶν

107 2283 252 2318 Πατέρων.
271 2293 282 2309 ι
302 2283 387 2320 ’Υπὲρ
402 2283 450 2310 τοῦ
468 2283 633 2319 ἀληθεῦσαι,
652 2283 735 2319 φησὶ,
753 2283 799 2309 τὸν
817 2284 900 2319 ἑπαγ-

107 2329 270 2364 γειλάμενον
285 2329 405 2365 Πατέρα.
424 2329 454 2356 ’0
468 2329 497 2357 δέ
513 2337 545 2364 γε
563 2330 642 2365 νόμος
660 2329 709 2356 οὐκ
729 2329 838 2365 ἴσχυσεν
852 2330 903 2357 αὺ-

107 2377 156 2409 τὰς
181 2376 339 2412 βεϐαιῶσαι.
364 2377 426 2409 Πῶς
450 2376 507 2409 οὖν,
533 2378 626 2412 φησιν,
649 2377 699 2404 οὐκ
723 2376 834 2409 ἄτοπον,
856 2377 902 2404 τὸν

107 2422 297 2457 βεϐαιώσαντα
325 2422 405 2458 ήμῶν
431 2421 480 2453 τὰς
507 2422 674 2455 ἐπαγγελίας
698 2420 731 2452 ἃς
759 2420 856 2447 Ελαόον
878 2422 902 2448 οι

107 2469 238 2503 πατέρες,
261 2468 378 2503 Χριστὸν
399 2468 534 2503 παρορᾷν,
554 2468 601 2493 καὶ
618 2466 667 2493 τοῦ
688 2467 770 2502 νόμου
791 2466 903 2501 ἔχεσθαι·

105 2514 152 2540 τοῦ
169 2515 208 2550 μὴ
224 2514 383 2550 ίσχύσαντος
398 2515 447 2546 τὰς
461 2513 628 2548 ἐπαγγελίας
643 2514 709 2548 ἡμῖν
730 2513 865 2547 φυλάξαις

954 2149 1077 2180 putatus,
1092 2138 1251 2172 universum
1265 2145 1360 2172 orbem
1371 2144 1500 2172 ﬁdelibus
1518 2143 1650 2179 implevit.
1660 2144 1743 2180 399

958 2200 967 2217 ι
987 2191 1141 2218 Ministrum
1155 2190 1257 2217 factum
1275 2191 1361 2217 fuisse
1380 2191 1610 2218 circumcisionis.
1630 2200 1640 2216 ι
1661 2191 1743 2218 Potes

955 2236 1008 2264 hoc
1028 2236 1112 2264 etiam
1136 2230 1219 2263 modo
1246 2236 1407 2272 intelligere.
1435 2236 1560 2264 Minister
1582 2236 1670 2263 factus
1698 2240 1741 2262 est

953 2281 1079 2309 Christus
1095 2280 1271 2308 Judaorum:
1294 2281 1320 2308 in
1336 2281 1388 2308 hoc
1405 2281 1534 2308 videlicet
1554 2285 1585 2308 ut
1595 2280 1682 2309 Judaei
1699 2281 1741 2307 in-

955 2331 994 2354 tra
1011 2326 1208 2362 promissiones
1224 2327 1445 2359 continerentur,
1465 2330 1495 2353 ut
1519 2326 1577 2361 ipse
1594 2327 1678 2354 etiam
1692 2326 1739 2361 qui

953 2382 1001 2401 eas
1016 2373 1181 2409 promiserat
1198 2374 1289 2404 Pater,
1306 2381 1388 2400 verax
1408 2377 1564 2408 appareret.
1582 2382 1591 2398 ι
1614 2372 1655 2400 Ad
1671 2379 1739 2400 eon-

953 2421 1103 2448 ﬁrmandus
1125 2420 1323 2455 promissiones
1342 2420 1469 2454 patribus
1490 2418 1588 2446 factas.
1606 2427 1615 2444 ›
1639 2417 1674 2446 Ut
1692 2425 1739 2444 ve-

953 2474 1055 2498 raccm,
1068 2466 1168 2501 inquit,
1185 2465 1346 2493 ostenderet
1361 2465 1480 2496 Patrem,
1500 2464 1548 2499 qui
1565 2471 1612 2491 eas
1632 2462 1736 2498 promi-

957 2517 1050 2540 serat:
1075 2513 1119 2540 lex
1141 2517 1234 2540 autem
1265 2519 1321 2538 non
1347 2511 1438 2546 potuit
1463 2511 1535 2544 ipsas
1562 2509 1735 2536 conﬁrmare.

106 2559 193 2593 Quam
221 2561 306 2596 igitur
325 2560 477 2588 absurdum
498 2563 582 2592 esset,
599 2567 650 2586 nos
674 2559 764 2594 ipsum
788 2559 835 2594 qui
857 2563 965 2587 nostras
1001 2558 1174 2587 continuavit
1201 2558 1401 2594 promissiones
1415 2565 1484 2592 quas
1509 2561 1602 2592 patres
1624 2563 1737 2590 accepe-

107 2610 188 2639 rant,
200 2606 342 2635 Christum
362 2612 551 2639 contemnere,
575 2605 683 2641 legique
694 2605 799 2632 haerere
819 2612 880 2640 qua:
900 2605 1099 2640 promissiones
1110 2604 1191 2632 nobis
1205 2611 1316 2632 servare
1327 2603 1468 2638 nequivit!

141 2679 181 2706 Τὰ
205 2678 240 2704 δὲ
263 2678 335 2712 ἔθνη
357 2677 436 2712 ὑπὲρ
457 2677 564 2711 ἐλέους
586 2675 716 2709 δοξάσαι
730 2676 784 2703 τὸν
805 2676 892 2709 Θεὸν,

105 2725 202 2758 καθὼς
213 2724 384 2759 τέτραπται·
394 2732 404 2750 t
415 2724 465 2750 Διά
476 2723 563 2751 τοῦτο
573 2723 834 2758 ὲξομολοτήσομαι
843 2730 894 2750 σοι

104 2771 137 2797 ἐν
152 2771 267 2802 ἔθνεσι,
279 2771 326 2796 καὶ
338 2769 378 2802 τῷ
388 2770 512 2804 ὀνόματί
522 2777 580 2796 σου
596 2768 694 2803 ψαλῶ.
710 2778 720 2795 ι
738 2768 791 2796 Καὶ
801 2768 896 2795 πάλιν

105 2817 195 2851 λέγει,
212 2826 221 2843 t
238 2815 493 2851 Εὐφρανθήσεσθε
507 2816 579 2848 ἔθνη
593 2814 667 2849 μετὰ
681 2814 734 2842 τοῦ
748 2814 825 2841 λαοῦ
840 2815 894 2841 αὺ-

982 2677 1042 2709 ιν,
1060 2677 1135 2705 9-12.
1155 2676 1296 2708 Ceterum,
1318 2679 1346 2702 ut
1366 2678 1455 2711 gentes
1480 2681 1527 2709 pro
1554 2672 1733 2700 misericordia

947 2722 1095 2759 gloriﬁcent
1105 2721 1198 2754 Deum,
1206 2721 1428 2756 quemadmodum
1435 2718 1561 2753 scriptum
1569 2720 1607 2743 est
1619 2725 1627 2742 :
1645 2726 1653 2741 ι
1663 2715 1732 2743 Pro-

948 2772 1006 2803 pter
1021 2768 1067 2794 hoc
1091 2766 1236 2799 conﬁtebor
1258 2766 1303 2792 tibi
1327 2765 1354 2791 in
1368 2763 1496 2795 gentibus,
1516 2766 1540 2787 et
1564 2761 1663 2787 nomini
1687 2765 1733 2787 tuo

950 2813 1073 2848 psallam.
1087 2821 1096 2838 ι
1109 2811 1346 2839 Etrursumdicit:
1360 2807 1487 2840 Gaudete,
1499 2810 1663 2842 gentes,cum
1680 2814 1732 2842 po-
