1889 3055
170 134 226 165 615

700 133 902 163 (ECUMENII
919 131 1067 163 TRICCIE
1079 131 1251 162 EPISCOPI

1750 129 1806 161 616

169 188 233 225 pulo
249 196 316 222 eius.
332 197 340 214 I
354 187 386 215 Et
400 196 522 215 rursum:
540 197 549 214 ί
561 187 678 215 Laudate
689 187 784 220 Deum,
797 196 887 215 omnes
898 197 940 224 ger

1035 188 1077 215 οὗ.
1096 197 1106 214 ι
1117 188 1172 215 Kal
1182 188 1286 220 πάλιν,
1305 196 1314 213 ι
1328 185 1441 214 Αἰνεῖτε
1455 185 1510 212 τὸν
1524 185 1643 219 Κύριον,
1659 184 1759 212 πάντα
1770 187 1806 213 τὰ

169 238 218 266 tes,
233 238 258 260 et
279 233 430 260 collaudata
452 241 522 265 eum,
542 240 632 259 omnes
649 232 749 267 populi.
771 241 780 258 ι
794 232 958 268 Rursumque

169 280 231 307 dicit
241 279 326 307 Isaia:
341 288 349 307 .'
369 289 378 305 ε
393 279 452 306 Erit
468 279 546 306 radix
570 279 653 306 Iesse
668 286 677 305 :
693 283 717 305 et
731 279 776 313 qui
788 284 908 314 exsurget
923 279 958 306 ad

169 326 356 362 imperandum
369 325 498 361 gentibus,
510 325 538 351 in
550 333 580 351 eo
593 329 682 360 gentes
701 325 856 360 sperabunt.
871 335 881 351 ι

208 439 292 466 .ludzei
315 437 427 473 quidem
453 437 653 472 promissiones
674 438 770 465 saltem
785 443 958 472 acceperant,

169 491 324 518 quanquam
350 483 418 510 nihil
447 482 510 509 inde
538 483 667 510 utilitatis
692 484 876 518 accepissent,
905 483 957 510 nisi

169 530 296 558 Christus
318 538 364 557 eas
381 529 583 556 conﬁrmasset.
595 530 649 557 Vos
664 535 768 561 autem,
787 535 893 565 gentes,
918 530 960 557 in-

169 576 238 610 quit.
257 575 290 603 de
306 575 362 602 sola
383 574 552 609 benignitate
567 583 599 602 ac
612 575 783 603 humanitate
796 577 881 604 Deum
899 577 959 604 lau-

169 620 235 648 dare
257 620 383 647 debetis:
407 619 633 655 quandoquidem
653 628 743 655 neque
762 621 960 655 promissiones

168 667 322 698 habebatis,
339 667 386 694 scd
398 667 615 694 misericordiam
627 668 768 695 consecuti
781 668 859 699 estis.
875 673 958 695 totam

169 721 226 739 rem
259 717 428 747 exscquente
462 713 568 748 gratia:
598 718 703 747 quanto
726 713 813 748 magis
837 721 901 748 ergo
926 721 960 740 ex

168 758 272 785 Christi
284 758 372 792 gratia
391 757 614 784 misericordiam
632 758 774 785 consecuti
789 759 866 791 estis,
884 763 959 786 tanto

169 804 257 838 magis
280 804 328 831 Dei
350 803 490 831 debitores
511 803 589 836 estis,
606 808 637 830 ut
657 804 774 839 portetis
789 811 836 831 eos
860 804 906 838 qui
926 812 958 831 ex

1009 234 1092 266 ἔθνη,
1102 234 1150 260 καὶ
1160 232 1338 260 ἐπαινέσατε
1349 232 1453 263 αὐτὰν,
1468 231 1580 264 πάντες
1588 232 1615 258 οι
1630 231 1712 258 λαοί.
1723 241 1733 257 ι
1750 233 1806 259 Kal

1009 278 1104 306 πάλιν
1120 279 1239 311 Ἡσαΐας
1256 278 1345 313 λέγει’
1361 287 1371 304 ι
1388 278 1491 304 Ἔσται
1500 277 1518 310 ἡ
1523 276 1592 311 ῥίζα
1604 277 1659 304 τοῦ
1676 277 1805 309 Ἰεσσαὶ,

1009 324 1060 351 και
1077 326 1094 351 ὁ
1110 324 1311 359 ἀνιστάμενος
1330 323 1435 358 ἄρχειν
1448 323 1554 356 ἐθνῶν,
1573 323 1619 350 ἐπ’
1631 322 1713 356 αὐτῷ
1732 323 1806 357 ἔθνη

1009 369 1181 397 ἐλπιοῦσιν.
1194 379 1204 396 ι

1046 437 1078 462 Οἱ
1098 436 1147 471 μὲν
1164 437 1288 464 Ἰουδαῖοι
1304 438 1356 464 κᾶν
1373 437 1540 471 ἐπαγγελίας
1557 434 1627 472 ἦσαν
1642 437 1800 473 δεξάμενοι,

1010 483 1034 509 εί
1051 483 1098 509 καὶ
1117 483 1201 518 μηδὲν
1216 483 1246 516 ἐξ
1262 484 1352 510 αὐτῶν
1368 483 1564 518 ὠφελήθησαν,
1583 484 1607 510 εί
1629 484 1665 519 μὴ
1684 485 1802 518 Χριστὸς

1011 528 1095 560 αὑτὰς
1112 529 1288 556 ἐϐεϐαίωσεν.
1309 529 1404 564 Ὑμεῖς
1420 529 1466 561 δὲ,
1483 529 1564 563 φησὶ,
1582 529 1616 555 τὰ
1634 529 1714 564 ἔθνη,
1732 530 1803 566 ὑπὲρ

1013 575 1096 610 μόνης
1120 575 1326 611 φιλανθρωπίας
1353 575 1478 609 ὀφείλετε
1502 575 1624 606 δοξάζειν
1647 575 1694 602 τὸν
1719 575 1802 608 Θεὸν,

1011 621 1104 656 ἐπειδὴ
1123 622 1192 656 μήτε
1212 622 1379 655 ἐπαγγελίας
1398 621 1496 656 εἴχετε,
1515 621 1574 648 ἀλλ’
1586 621 1734 656 ἠλεήθητε,
1754 622 1804 657 τῆς

1012 668 1121 702 χάριτος
1138 667 1169 694 τὸ
1186 668 1240 694 πᾶν
1258 667 1420 703 ποιησάσης.
1433 668 1515 693 Ὀσον
1532 667 1590 699 οὖν,
1610 667 1705 701 φησιν,
1723 667 1805 701 ἠλεή-

1012 713 1077 749 θητε
1098 714 1189 750 χάριτι
1209 713 1340 748 Χριστοῦ,
1361 712 1489 740 τοσοῦτον
1508 713 1646 747 ὀφειλέται
1670 713 1734 739 ἐστὲ
1756 712 1803 739 τοῦ

1012 758 1093 791 Θεοῦ,
1113 760 1153 790 είς
1175 759 1206 785 τὸ
1229 758 1374 793 βαστάζειν
1393 758 1457 789 τοὺς
1479 758 1668 792 ὸλιγοπίστους
1690 758 1720 790 ἐξ
1736 758 1804 784 Ἰου-

1012 804 1104 832 δαίων.
1116 804 1201 831 Τοῦτο
1215 805 1269 839 γὰρ
1285 804 1350 837 δόξα
1366 804 1433 830 Θεοῦ
1443 825 1450 837 ,
1466 804 1483 838 ἡ
1498 804 1609 838 ὁμόνοια
1627 804 1705 838 ὑμῶν
1721 804 1769 830 καὶ
1786 805 1802 839 ἡ

168 850 271 878 Judazis
287 850 386 884 pusilla
415 849 468 876 ﬁde
490 854 566 877 sunt.
587 850 625 877 Ea
647 850 722 878 enim
748 850 796 878 Dei
814 850 900 885 gloria
916 858 940 877 et

1038 851 1118 886 ρήνη.
1131 850 1289 885 Διαλέγεται
1303 851 1356 886 γὰρ
1368 851 1424 882 τοῖς
1437 849 1466 881 ἐξ
1480 849 1564 876 ἐθνῶν
1579 851 1696 881 πιστοῖς,
1710 851 1736 877 οἳ
1752 851 1806 885 μά-

134 931 136 933 ,
169 896 317 924 concordia
337 901 365 923 et
380 904 433 930 pax
448 900 540 923 vestra
553 905 559 922 :
575 903 638 923 cum
653 895 697 923 his
715 903 833 930 namque
847 895 959 923 disserit

170 943 217 977 qui
230 950 262 969 ex
276 941 406 977 gentibus
420 941 516 969 ﬁdeles
531 944 620 972 erant,
634 941 681 975 qui
696 941 813 968 maxime
825 941 960 976 urgebant

170 988 350 1015 observantes
363 987 449 1014 cibos.
464 986 642 1023 —[Jo.tNNIs,
658 988 685 1014 in
698 991 782 1013 totum
797 995 856 1013 eum
873 986 959 1013 locum

170 1035 202 1062 ab
217 1043 247 1062 ea
266 1038 356 1070 parte:
375 1044 384 1060 ι
406 1034 469 1061 Dico
481 1039 570 1061 autem
584 1033 717 1060 Christum
730 1033 831 1060 Iesum.
853 1033 877 1069 ι]
894 1033 959 1061 Pro-

171 1081 266 1108 missio
283 1081 354 1108 facta
373 1080 479 1107 eratad
498 1080 638 1107 Abraham
656 1087 717 1114 quae
730 1079 853 1107 diceret:
868 1089 878 1105 ι
897 1079 959 1106 Tibi

170 1127 241 1154 dabo
262 1131 362 1153 terram
375 1127 408 1160 “,
428 1136 437 1152 ι
463 1130 516 1153 etc.
536 1135 545 1151 ι
571 1126 623 1153 Ρει·
644 1133 737 1153 semen
754 1129 831 1152 tuum
850 1125 962 1152 benedi-

170 1176 270 1199 centur
292 1179 388 1199 omnes
410 1176 506 1206 gentes
527 1171 570 1205 “;
591 1181 600 1196 ι
626 1171 674 1198 sed
690 1175 752 1205 post
765 1171 834 1202 haec,
864 1178 960 1198 omnes

170 1218 216 1253 qui
240 1218 274 1245 de
302 1217 407 1245 semine
425 1217 562 1244 Abraham
576 1221 667 1249 erant,
687 1216 800 1243 obnoxii
817 1216 880 1243 facti
896 1221 961 1243 sunt

170 1265 324 1300 supplicio:
341 1264 384 1291 lex
401 1265 475 1290 enim
489 1271 544 1290 non
557 1267 667 1290 servata
684 1263 753 1290 iram
770 1262 811 1289 eis
822 1263 960 1297 operaba-

172 1315 227 1343 tur,
251 1315 279 1338 et
303 1311 416 1345 insuper
438 1310 622 1345 promissione
641 1309 687 1336 illa
709 1309 744 1336 ad
769 1313 862 1344 patres
889 1308 960 1336 facta

172 1356 308 1391 privabat.

207 1423 289 1459 500
304 1423 447 1451 Accedens
470 1423 554 1459 igitur
570 1422 658 1450 Filius
671 1427 836 1457 cooperatus
858 1428 900 1450 est
914 1423 961 1451 Pa-

173 1470 219 1501 tri,
238 1475 267 1497 ut
279 1470 477 1505 promissiones
488 1470 549 1496 illas
562 1476 644 1496 veras
659 1468 798 1496 redderet.
814 1468 961 1504 Complens

173 1515 247 1542 enim
267 1518 351 1542 totam
369 1515 457 1550 legem
480 1514 508 1540 in
522 1521 576 1548 qua
600 1513 684 1541 etiam
701 1518 761 1540 erat
773 1513 958 1547 circumcisio,

172 1565 200 1588 et
217 1561 267 1588 hac
282 1560 325 1587 via
338 1564 366 1587 et
378 1567 427 1594 per
436 1567 548 1586 crucem
564 1559 703 1587 libertatis
715 1559 759 1586 his
769 1559 816 1594 qui
830 1559 857 1586 in
871 1563 960 1588 trans-

173 1606 312 1640 gressione
345 1611 436 1637 erant,
449 1612 503 1632 non
522 1603 648 1639 permisit
661 1604 790 1632 excidere
801 1605 961 1639 promissio-

173 1659 246 1678 nem.
264 1650 379 1684 Quando
393 1658 460 1685 ergo
471 1650 540 1677 dicit
554 1650 713 1678 ministrum
728 1651 959 1684 eireumcisiouis,

172 1695 226 1723 hoc
246 1696 324 1728 dicit,
343 1695 415 1730 quod
430 1703 492 1722 cum
511 1695 632 1723 venisset
652 1701 793 1730 totamque
807 1696 895 1731 legem
910 1697 961 1723 im-

172 1741 285 1776 plesset,
301 1741 385 1768 etiam
408 1740 593 1767 circumcisus
607 1744 634 1767 et
649 1747 744 1767 semen
760 1740 899 1767 Abraham
920 1741 961 1768 l'a-

172 1792 244 1818 ctus.
259 1787 342 1814 solvit
358 1787 472 1821 legalem
484 1786 717 1818 maledictionem,
733 1787 801 1813 iram
816 1786 865 1813 Dei
881 1787 961 1814 seda-

172 1833 223 1865 vit,
239 1838 319 1867 aptos
334 1832 453 1867 denique
479 1832 545 1860 fecit
558 1837 588 1859 ut
603 1832 630 1859 in
643 1836 783 1867 posterum
801 1833 963 1868 promissio-

172 1885 236 1906 nem
253 1878 438 1912 susciperent.
450 1877 490 1905 Ne
501 1885 566 1913 ergo
575 1877 669 1904 dicant
681 1877 710 1904 hi
722 1877 961 1912 quiaccusantur:

172 1923 316 1956 Quomodo
335 1930 399 1958 ergo
413 1922 540 1950 Christus
554 1923 738 1950 circumcisus
754 1928 806 1955 est,
821 1927 962 1958 totamque

173 1968 262 2002 legem
279 1968 409 2001 servavit,
419 1969 442 1996 si
455 1977 470 1996 e
479 1969 588 1996 diverso
601 1969 688 2003 ipsam
699 1969 822 1996 evertit?
834 1969 873 1996 ait
885 1978 892 1996 :
907 1970 961 1996 Νε-

172 2021 227 2048 que
247 2014 322 2041 enim
360 2019 390 2041 ut
416 2015 460 2042 lex
489 2019 613 2041 maneret
648 2015 703 2042 hoc
729 2014 842 2047 fecerat,
868 2015 916 2042 sed
932 2020 963 2042 ut

174 2060 259 2094 ipsam
285 2060 415 2092 solveret,
432 2061 506 2087 etab
521 2060 594 2087 illius
608 2060 802 2088 maledictione
819 2060 960 2088 liberaret.

173 2105 277 2133 Deinde
293 2113 328 2133 ne
340 2106 494 2134 idverteret
507 2105 535 2133 in
550 2111 689 2133 tumorem
706 2113 755 2133 eos
777 2106 826 2140 qui
847 2114 881 2133 ex
897 2114 963 2142 gen-

175 2152 248 2179 tibus
278 2156 367 2183 erant.
390 2152 473 2180 dicit:
501 2161 510 2178 ι
526 2152 561 2180 Ut
577 2156 672 2187 gentes
692 2159 742 2187 pro
771 2152 962 2180 misericordia

1010 897 1088 923 λιστα
1103 897 1255 929 ἐπέκειντο,
1268 897 1326 928 τοῖς
1341 896 1597 932 παρατηρουμένοις
1607 896 1641 922 τά
1656 895 1802 931 βρώματα.

1011 942 1242 978 -[ΙΩΑΝΝοΥ,
1268 943 1312 975 εὶς
1337 941 1371 968 τὸ
1398 941 1473 968 ὅλον
1497 941 1617 976 χωρίον,
1644 941 1704 968 ἀπὸ
1731 941 1803 974 τοῦ,

1013 997 1023 1014 ι
1045 988 1126 1023 Λέγω
1148 987 1183 1014 δὲ
1205 987 1335 1020 Χριστὸν
1352 987 1485 1021 Ἰησοῦν.
1513 997 1522 1013 ι
1541 987 1712 1021 Ἐπαγγελία
1735 987 1804 1022 πρὸς

1010 1035 1055 1061 τὸν
1073 1033 1199 1069 Ἀϐραὰμ
1219 1031 1254 1069 ἦν
1275 1034 1447 1068 γεγενημένη
1470 1033 1587 1067 λέγουσα
1601 1042 1608 1049 ·
1624 1042 1635 1058 ι
1658 1034 1705 1060 Σοὶ
1725 1033 1804 1060 δώσω

1011 1080 1059 1116 τὴν
1071 1080 1140 1115 γῆν
1158 1090 1167 1106 ι
1184 1080 1242 1112 καὶ,
1261 1089 1270 1105 ι
1284 1080 1328 1106 Ἐν
1342 1079 1382 1114 τῷ
1397 1079 1535 1114 σπέρματί
1555 1088 1602 1106 σου
1617 1079 1804 1115 εὐλογηθήσε-

1010 1135 1054 1153 ται
1072 1127 1159 1153 πάντα
1173 1126 1208 1153 τὰ
1224 1125 1304 1161 ἔθνη·
1324 1135 1334 1152 ι
1349 1125 1406 1152 ἀλλ’
1419 1126 1542 1160 ἐγένοντο
1560 1126 1697 1157 κολάσεως
1715 1126 1803 1152 ὑπεύ-

1011 1173 1085 1198 θυνοι
1098 1171 1167 1206 μετὰ
1175 1171 1261 1198 ταῦτα
1273 1173 1297 1197 οι
1306 1171 1354 1198 τοῦ
1366 1172 1415 1197 σπέ
1421 1171 1656 1206 ρματης“Α6ραὰμ
1667 1172 1801 1203 ἅπαντες.

1017 1217 1046 1243 '0
1062 1217 1116 1252 γὰρ
1130 1216 1212 1252 νόμος
1226 1217 1310 1252 ὀργὴν
1325 1216 1416 1248 αὐτοῖς
1432 1217 1576 1251 εἰργάζετο
1593 1217 1802 1253 παραῆαινόμε-

1012 1271 1066 1294 νος,
1087 1262 1135 1289 καὶ
1156 1263 1206 1296 τῆς
1229 1263 1397 1296 ἐπαγγελίας
1417 1263 1562 1298 ἀπεστέρει
1581 1262 1676 1289 λοιπὸν
1694 1263 1803 1297 ἐκείνης

1011 1309 1062 1344 τῆς
1077 1309 1130 1336 τῶν
1145 1308 1287 1344 Πατέρων.

1048 1423 1274 1458 Παραγενόμενος
1288 1424 1377 1450 τοίνυν
1391 1424 1405 1450 6
1423 1423 1503 1455 Υἱὸς,
1522 1421 1676 1458 συνέπραξε
1689 1421 1728 1457 τῷ
1741 1423 1801 1449 Πασ

1011 1469 1067 1505 τρὶ,
1080 1470 1119 1502 εἰς
1132 1470 1162 1497 τὸ
1176 1471 1224 1503 τὰς
1237 1470 1402 1505 ἐπαγγελίας
1416 1468 1564 1505 ἀληθεῦσαι
1577 1469 1694 1499 ὲκείνας.
1707 1469 1803 1497 Πάντα

975 1534 996 1563 C
1013 1515 1066 1551 γὰρ
1080 1516 1126 1542 τὸν
1140 1515 1221 1550 νόμον
1235 1516 1381 1551 πληρώσας
1398 1516 1428 1542 ἐν
1441 1512 1463 1549 ᾧ
1478 1515 1526 1542 καὶ
1541 1516 1678 1551 περιτομὴ
1692 1513 1737 1551 ἦν,
1754 1515 1804 1542 καὶ

1011 1561 1099 1597 ταύτῃ
1119 1563 1166 1588 καὶ
1184 1561 1227 1588 διὰ
1244 1562 1291 1588 τοῦ
1310 1561 1426 1597 σταυροῦ
1447 1560 1604 1593 ἀπαλλάξας
1620 1561 1683 1592 τοὺς
1703 1561 1750 1587 ἐπὶ
1768 1562 1804 1596 τῇ

1013 1607 1177 1642 παραὸἀσει.
1202 1607 1253 1633 οὐκ
1277 1607 1366 1641 ἀφῆκε
1391 1607 1531 1636 διαπεσεῖν
1552 1606 1601 1641 τὴν
1622 1605 1803 1640 ἔπαγγελίαν.

1013 1653 1098 1680 Ὅταν
1118 1653 1165 1679 οῦν
1186 1653 1260 1687 λέγει
1284 1653 1406 1680 διάκονον
1428 1653 1591 1688 περιτομῆς,
1614 1652 1694 1679 τοῦτο
1715 1653 1803 1686 λέγει,

1012 1699 1052 1725 ὅτι
1067 1698 1152 1724 ἐλθὼν
1166 1699 1214 1725 καὶ
1229 1699 1317 1726 πάντα
1328 1699 1373 1725 τὸν
1386 1698 1468 1733 νόμον
1482 1698 1629 1734 πληρώσας
1638 1718 1645 1730 ,
1661 1699 1707 1725 καὶ
1724 1707 1804 1733 περι-

1011 1744 1136 1779 τμηθεὶς,
1154 1745 1199 1771 καὶ
1215 1745 1359 1779 γενόμενος
1381 1745 1492 1779 σπέρμα
1507 1744 1553 1771 τοῦ
1566 1745 1704 1780 ’Δὸραὰμ,
1722 1745 1804 1771 ἔλυσε

1012 1790 1062 1825 τὴν
1085 1790 1207 1825 κατάραν
1228 1790 1278 1824 τὴν
1303 1790 1428 1825 νομικὴν,
1450 1790 1553 1816 ἔπαυσε
1576 1790 1626 1825 τὴν
1647 1790 1732 1825 ὀργὴν
1754 1789 1802 1816 τοῦ

1013 1835 1092 1868 Θεοῦ,
1108 1835 1277 1869 ἐπιτηδείους
1290 1835 1382 1861 λοιπὸν
1396 1835 1508 1870 ἐποίησε
1523 1836 1585 1866 τοῖις
1600 1835 1747 1871 μέλλοντας
1760 1836 1805 1862 δέ·

1012 1881 1106 1917 χεσθαι
1120 1881 1169 1916 τὴν
1183 1881 1360 1915 ἐπαγγελίαν.
1374 1881 1433 1908 Ἵνα
1447 1879 1494 1907 οῦν
1510 1882 1547 1917 μὴ
1562 1882 1676 1915 λέγωσιν
1690 1879 1764 1908 οὗτοι
1777 1882 1803 1907 οἱ

1013 1926 1208 1961 ἐγκαλούμενοι
1219 1934 1226 1942 ⁸
1240 1926 1301 1957 Ilii);
1317 1925 1363 1952 οῦν
1376 1927 1389 1952 6
1403 1927 1519 1961 Χριστὸς
1535 1927 1741 1962 περιετέμνετο,
1756 1926 1804 1953 καὶ

1013 1974 1103 1999 πάντα
1115 1973 1160 1999 τὸν
1173 1973 1255 2008 νόμον
1268 1972 1414 2006 ἐφύλαξεν,
1433 1973 1457 1999 εί
1472 1973 1641 2005 ¹τούναντίον,
1656 1973 1739 1999 aut?»
1754 1981 1804 1999 πε-

1014 2018 1154 2052 ριτρέπει;
1173 2017 1271 2051 φησιν·
1289 2017 1325 2043 Οὐ
1349 2017 1402 2053 γὰρ
1425 2017 1469 2044 ἵνα
1492 2018 1572 2053 μείνῃ
1592 2018 1606 2043 6
1624 2018 1706 2052 νόμος
1723 2017 1804 2044 τοῦτο

1013 2063 1151 2098 ἐποίησεν,
1172 2063 1288 2089 ἀλλ’ἵνα
1311 2063 1392 2090 αὑτὸν
1413 2063 1493 2099 λύσῃ,
1515 2063 1562 2090 καὶ
1586 2063 1730 2100 ἀπαλλάξῃ
1754 2064 1803 2099 τῆς

1013 2109 1117 2136 ἐκείνου
1133 2108 1266 2144 κατάρας.
1281 2107 1348 2135 Εἶτα
1369 2109 1412 2135 ἵνα
1425 2109 1462 2144 μὴ
1477 2108 1555 2136 τοῦτο
1569 2110 1679 2145 φυσήσῃ
1693 2110 1758 2140 τοὺς
1771 2109 1801 2141 ἐξ

1014 2152 1109 2186 ὲθνῶν,
1127 2153 1204 2188 φησι.
1223 2162 1232 2178 ι
1251 2153 1292 2180 Τὰ
1308 2153 1337 2179 δὲ
1353 2153 1416 2187 ἐθνη
1434 2153 1504 2189 ὑπὲρ
1522 2153 1612 2186 ἐλέους
1629 2153 1741 2186 δοξάσαι
1757 2155 1802 2181 τὸν

173 2198 325 2233 gloriﬁcent
341 2198 438 2226 Deum.
455 2207 464 2224 ι
484 2198 542 2225 Hoc
559 2203 600 2225 est
614 2202 707 2225 autem
725 2198 797 2232 quod
809 2198 896 2225 dicit:
913 2198 940 2226 .lt

1036 2199 1089 2225 εόν.
1109 2209 1117 2224 ι
1136 2200 1168 2225 "0
1185 2199 1212 2225 δὲ
1229 2199 1317 2233 λέγει,
1336 2199 1456 2225 τοιοῦτόν
1473 2200 1556 2226 ἐστιν·
1574 2199 1605 2227 Ol.
1623 2200 1672 2234 μὲν
1689 2200 1719 2232 ἐξ
1732 2200 1802 2227 ’lou-

173 2245 224 2272 dmi
244 2244 357 2280 quidem
380 2244 580 2280 promissiones
603 2245 700 2272 saltem
724 2249 905 2279 acceperant;
930 2249 959 2271 lu

173 2298 239 2318 vero
265 2298 299 2318 ne
323 2291 350 2317 id
363 2291 488 2325 quidem,
512 2291 561 2318 sed
585 2291 642 2318 sola
667 2290 839 2326 benignitate
869 2291 962 2318 salvus

173 2337 262 2364 factus
273 2341 315 2364 est
329 2347 334 2363 :
352 2344 508 2371 quanquam
525 2345 575 2364 nec
594 2337 632 2363 illi
654 2344 669 2363 ιι
682 2337 865 2371 promissione
881 2337 962 2371 quid-

174 2394 255 2421 quam
267 2386 435 2413 eminentius
446 2386 619 2418 habuissent,
634 2386 688 2413 nisi
710 2386 869 2414 advenisset
885 2385 965 2413 Chri-

174 2437 244 2458 stus.
259 2431 352 2458 Gloria
360 2436 451 2459 autem
463 2432 510 2458 Dei
520 2436 562 2459 est
572 2432 645 2467 quod
657 2433 796 2468 conjuncti
808 2433 873 2465 sint,
887 2432 961 2467 quod

175 2479 265 2512 ipsum
281 2477 450 2504 unanimiter
459 2477 635 2511 benedicant,
654 2479 726 2513 quod
752 2478 962 2505 imbecilliorem

174 2522 273 2550 ferant.
289 2532 297 2548 ι
317 2523 433 2558 Propter
451 2523 505 2551 hoc
519 2524 674 2552 conﬁtebor
692 2524 740 2551 tibi
756 2524 784 2551 in
799 2523 938 2559 gentibus.
950 2533 959 2549 ι

175 2569 374 2596 Testimonium
398 2569 513 2604 profert,
536 2571 685 2598 ostendens
702 2570 777 2604 quod
801 2569 963 2604 coniunctos

174 2619 300 2650 oporteat
317 2623 378 2643 esse
388 2616 498 2644 Iudaeos
509 2617 649 2652 gentibus.
666 2631 699 2636 —
710 2615 769 2643 Λίὶο
788 2615 874 2641 modo.
890 2613 960 2641 Illud

174 2666 265 2689 autem
283 2671 292 2687 ι
309 2661 468 2689 Conﬁtebor
481 2662 530 2689 tibi
548 2662 575 2689 in
597 2662 739 2697 gentibus,
756 2660 882 2692 Domine,
899 2668 908 2686 ›
926 2667 961 2687 ex

174 2715 289 2742 persona
300 2707 402 2735 Christi
414 2708 518 2735 dictum
531 2713 574 2735 est
587 2717 593 2734 :
616 2707 669 2734 hoc
679 2711 732 2739 est,
752 2705 907 2741 praedicabo
923 2709 958 2737 te,

177 2752 255 2780 l‘ater
270 2753 316 2782 mi.
333 2753 405 2780 inter
423 2757 529 2788 gentes.
558 2761 567 2777 ‹
588 2752 621 2779 Ει
634 2753 682 2787 qui
697 2755 827 2786 exsurget
849 2750 882 2778 ad
908 2751 960 2778 im-

209 2839 232 2857 “
244 2839 311 2867 Gen.
326 2847 389 2872 nn,
405 2839 448 2867 l5.
487 2838 509 2855 “
524 2838 592 2866 Gen.
609 2846 658 2871 xu,
676 2839 702 2867 ὅ.

1013 2244 1105 2277 δαίων,
1121 2245 1172 2272 κᾶν
1188 2245 1351 2279 ἐπαγγελίας
1369 2242 1452 2279 εἴχοψ
1469 2246 1501 2271 σὺ
1518 2245 1546 2271 δέ
1563 2246 1622 2272 οὐδὲ
1638 2245 1728 2278 τοῦτο,
1743 2246 1802 2272 ἀλλ’

1013 2290 1066 2316 ἀπὸ
1082 2290 1288 2326 φιλανθρωπίας
1302 2289 1405 2325 ἐσώθης
1423 2290 1518 2325 μόνης,
1535 2292 1558 2317 εί
1574 2291 1622 2317 καὶ
1635 2291 1668 2317 τὰ
1683 2292 1802 2324 μάλιστα

1014 2335 1068 2361 οὐδ’
1077 2335 1192 2366 ἐκείνοις
1207 2344 1232 2361 τι
1250 2335 1330 2362 πλέον
1340 2336 1448 2370 ἐγένετο
1458 2336 1511 2363 ἀπὸ
1520 2337 1569 2370 τῆς
1586 2337 1765 2370 ἐπαγγελίας,
1777 2338 1801 2364 εί

1016 2379 1053 2415 μὴ
1064 2380 1230 2416 παρεγένετο
1242 2382 1255 2407 ὁ
1267 2382 1394 2416 Χριστός.
1407 2382 1474 2414 Δόξα
1481 2382 1508 2408 δέ
1519 2381 1598 2414 Θεοῦ,
1609 2382 1640 2408 τὸ
1652 2382 1801 2417 συνῆφθαι,

1012 2428 1044 2454 τὸ
1067 2426 1237 2462 ὁμοθυμαδὸν
1261 2428 1405 2462 εὐφημεῖν,
1430 2429 1460 2455 τὸ
1483 2427 1629 2464 βαστάζειν
1652 2428 1697 2454 τὸν
1721 2429 1802 2456 ἀσθε-

1013 2474 1150 2508 νέστερον.
1163 2481 1172 2498 ι
1187 2472 1237 2499 Διὰ
1246 2473 1325 2500 τοῦτο
1335 2474 1567 2510 ἐξομολογήσομαί
1582 2483 1623 2501 σοι
1635 2475 1663 2500 ἐν
1674 2475 1775 2502 ἔθνεσι.
1788 2484 1799 2501 ι

1015 2519 1069 2553 Τὴν
1087 2518 1240 2554 μαρτυρίαν
1254 2518 1341 2554 φέρει,
1357 2519 1462 2550 δεικνὺς
1478 2519 1518 2546 ὅτι
1534 2519 1666 2554 συνῆφθαι
1683 2519 1725 2546 δεῖ
1738 2521 1802 2552 τοὺς

1013 2566 1043 2599 ἐξ
1059 2566 1194 2592 Ἰουδαίων
1207 2567 1262 2598 τοῖς
1276 2566 1390 2593 ἔθνεσιν.
1403 2581 1437 2586 -
1449 2567 1572 2600 Ἄλλως.
1586 2567 1623 2593 Τὸ
1643 2567 1683 2597 δέ,
1707 2576 1718 2593 ι
1741 2567 1799 2599 Ἐξ»

1015 2611 1220 2646 ομολογήσομαί
1241 2619 1282 2638 σοι
1303 2611 1332 2637 ἐν
1350 2611 1450 2643 ἔθνεσι,
1471 2611 1567 2646 Κύριε,
1583 2621 1592 2637 ι
1607 2612 1638 2637 ἐκ
1652 2611 1799 2646 προσώπου

1013 2657 1060 2684 τοῦ
1075 2657 1192 2692 Χριστοῦ
1206 2657 1323 2692 εἴρηται,
1336 2657 1395 2684 ἀντὶ
1407 2658 1466 2688 τοῦ,
1477 2657 1595 2692 Κηρύξω
1609 2666 1648 2690 σε,
1660 2655 1682 2684 ὦ
1696 2658 1800 2693 Πάτερ,

1013 2704 1042 2729 ἐν
1056 2704 1112 2734 τοῖς
1127 2703 1226 2730 ἔθνεσι.
1246 2712 1255 2728 ι
1273 2703 1328 2729 Καὶ
1342 2703 1357 2728 6
1371 2703 1549 2738 ἀνιστάμενος
1563 2703 1658 2738 ἄρχειν
1671 2703 1767 2729 ἐθνῶν.
1787 2713 1796 2729 ι

1014 2750 1060 2783 Τὸ,
1074 2749 1133 2782 καί,
1149 2749 1325 2784 παρέλκεται,
1335 2748 1379 2776 ἵνα
1392 2747 1420 2786 ᾖ,
1433 2758 1442 2775 ι
1455 2750 1550 2777 Ἔσται
1564 2750 1580 2784 ἡ
1595 2749 1658 2785 ῥίζα
1670 2749 1719 2776 τοῦ
1733 2750 1801 2776 Ἰεσ-
