1889 3055
55 194 111 227 625

587 194 782 226 COMMENT.
801 193 844 224 IN
860 193 978 225 EPIST.
998 196 1049 225 AD
1068 196 1163 227 ROM-

1630 203 1682 236 626

49 253 188 289 parmai;
206 253 304 281 αὐτῶν
318 252 523 288 ἐκοινώνησαν
538 253 573 281 τὰ
586 253 670 287 ἔθνη,
682 253 839 288 ὀφείλουσι

911 254 1091 282 tunicauerunt
1101 259 1199 290 gentes,
1213 255 1305 283 debent
1320 257 1398 284 etiam
1417 257 1444 284 in
1458 259 1611 288 carnalibus
1627 263 1689 289 mi-~

52 301 146 328 καὶέν
163 301 225 334 τοῖς
239 300 395 335 σαρκικοῖς
406 300 739 335 λειτουργῆσαιαὺτοῖς.
756 299 845 326 Τοῦτο

52 344 109 374 οὖν
124 347 312 380 ἐπιτελέσας,
335 346 384 373 καὶ
407 345 651 381 σφραγισάμενος
674 346 777 378 αὐτοῖς
792 346 845 372 τὸν

53 395 174 427 καρπὸν
205 393 323 426 τοῦτον,
356 394 563 429 ἀπελεύσομαι
574 394 611 420 δι’
624 394 708 429 ὑμῶν
723 395 767 428 εἵς
786 394 845 428 τὴν

54 441 203 467 Σπανίαν.
224 437 295 467 Οἶδα
314 439 348 467 δὲ
360 439 405 467 ὅτι
427 440 590 474 ἐρχόμενος
611 440 688 475 πρὸς
702 439 792 475 ὑμᾶς,
810 441 845 467 ἐν

54 485 230 519 πληρώματι
237 485 378 521 εὐλογίας
390 485 442 512 τοῦ
453 486 638 520 Ebur-reﬂat:
650 485 704 513 τοῦ
713 485 846 520 Χριστοῦ

52 533 229 566 ἐλεύσομαι.

88 578 200 614 Ἐπειδὴ
215 577 287 611 εἷπε,
304 578 413 615 Μηκέτι
430 578 513 606 τόπον
529 579 600 614 ἒχων
614 579 644 606 ἐν
656 578 843 614 τοῖςκλίμασι

54 624 175 657 τούτοις,
187 624 302 660 ἔρχομαι
316 625 384 661 πρὸς
395 625 477 660 ὑμᾶς,
489 625 586 660 ἔμελλε
597 625 625 652 δὲ
639 625 679 652 ἑτι
689 625 842 661 βραδύνειν,

54 671 99 698 ῐνα
116 671 155 706 μὴ
171 670 321 706 χλευᾶσθαι
339 672 482 707 νομίσωσι,
512 672 586 706 λέγει
603 672 654 707 τὴν
673 671 766 698 αἰτίαν
794 671 844 706 τῆς

52 718 94 744 ἔτι
111 717 281 752 μελλήσεως.
301 727 310 744 ι
327 718 465 746 Διακονῶν
484 719 540 750 τοῖς
557 718 676 752 ἁγίοις.»
693 718 724 744 Εἰ
737 718 844 750 Παῦλος

52 764 187 796 διάκονος,
197 764 324 799 ἐννόησον
340 764 369 790 τὸ
381 765 508 800 μέγιστον
522 765 568 791 τοῦ
579 765 751 800 πράγματος.
768 775 777 791 ι
794 765 845 791 Εὑ-

52 810 174 844 ὗίκησαν
191 810 245 845 γὰρ
260 811 416 838 Μακεδονία
431 812 478 838 καὶ
491 812 600 846 Ἀχαΐα.
616 821 625 838 ι
643 812 679 838 Οὐ
695 811 776 847 μόνον
795 812 844 847 τὴν

54 856 144 882 αἰτίαν
154 855 226 882 θέλει
235 857 322 883 εἰπεῖν
330 857 380 892 τῆς
389 856 428 883 ἔτι
442 857 678 892 μελλήσεως,ἀλλά
689 857 844 894 προτρέψα-

54 901 116 928 σθαι
133 902 232 933 αὐτοὺς
246 903 348 937 ὁμοίως
361 903 417 934 τοῖς
435 903 526 934 ἄλλοις
540 903 649 939 πέμψαι
675 904 731 936 τοῖς
747 904 775 930 ἐν
795 903 844 930 Ἱε-

55 948 212 983 ρουσαλήμ.
225 948 309 975 Τοῦτο
333 949 387 984 γὰρ
402 949 529 984 βούλεται
545 949 620 985 αὐτῷ
634 950 664 976 τὸ
689 950 776 976 εἰπεῖν
792 949 842 976 καὶ

51 994 114 1025 τοὺς
135 995 306 1029 πέμποντας.
324 995 516 1030 Εὺδόκησαν,
535 996 596 1022 ἀντὶ
606 995 665 1028 τοῦ,
681 995 843 1030 ὲὸουλεύθη-

53 1048 114 1069 σαν.
134 1040 167 1066 Οἱ
179 1040 209 1067 ἐν
224 1041 379 1077 Μακεδονίᾳ
394 1042 493 1077 ὁμοίως
510 1043 558 1069 καὶ
583 1043 608 1068 οἱ
626 1044 654 1069 ὲν
666 1042 763 1077 Ἀχαΐᾳ
775 1042 838 1077 ὴοὲ-

52 1084 139 1120 λησαν
175 1087 287 1122 ποιῆσαι
311 1087 509 1122 ἐλεημῡσύνην.
532 1097 541 1114 ι
557 1089 707 1115 Κοινωνίαν
743 1089 814 1115 τινά..
830 1097 840 1114 ι

52 1130 208 1156 Κοινωνίαν
235 1131 263 1157 δὲ
287 1131 365 1158 καλεῖ
383 1132 432 1166 τὴν
452 1132 648 1168 ἐλεημοσύνην,
671 1133 738 1160 καοὺ
764 1133 846 1160 αὐτοὶ

55 1176 104 1209 μὲν
119 1177 252 1211 χρήματα
267 1177 431 1212 πέμπουσιν,
444 1179 469 1204 οἱ
483 1178 510 1205 δὲ
535 1179 608 1213 ἅγιοι
623 1179 672 1214 τὴν
688 1179 756 1214 πρὸς
777 1178 843 1206 Θεὸν

53 1223 214 1258 παρρησίαν
231 1224 464 1259 συνεισφέρουσιν.
483 1234 492 1250 ι
511 1226 557 1256 El;
576 1226 637 1256 τοὺς
651 1226 774 1260 πτωχοὺς
788 1225 842 1252 τῶν

54 1267 152 1301 ἁγίων.
170 1277 179 1293 ι
195 1269 281 1304 Δις-τλῆ
295 1269 310 1304 ἡ
329 1270 377 1304 τῆς
394 1270 542 1302 ἐπιδόσεως
556 1271 674 1306 ἀνάγκη,
694 1271 738 1298 διά.
748 1280 777 1297 τε
793 1270 842 1306 τὴν

54 1314 163 1345 πενίαν,
185 1315 233 1340 καὶ
248 1314 291 1342 διὰ
305 1316 354 1350 τὴν
371 1316 483 1350 ἀρετήν.
504 1325 513 1342 ι
529 1317 583 1343 Καὶ
599 1316 736 1350 ὀφειλέται
752 1316 841 1342 αὐτῶν

55 1360 133 1385 εἰσιν.
146 1368 156 1384 ι
170 1359 222 1386 Διὰ
234 1360 259 1385 τί
273 1359 301 1386 δὲ
314 1360 394 1386 τοῦτο
404 1362 490 1387 ποιεῖν
506 1361 702 1389 ἐϐουλεύσαντο
716 1370 723 1395 ;
740 1362 840 1395 Ἰσασι,

55 1405 132 1440 φησι,
150 1405 352 1440 χρεωστοῦντες
371 1406 460 1434 τοῦτο.

89 1533 150 1560 Οὔκ
173 1532 228 1568 ἄρα
255 1534 324 1561 κατὰ
363 1534 646 1571 ἐλεημοσύνην,ἁλλὰ
675 1539 745 1566 κατὰ
763 1539 842 1574 χρέος

898 301 1013 327 ηἰειναιε
1029 302 1101 336 ipsis.
1116 301 1169 328 Hoc
1180 303 1261 338 igitur
1273 303 1315 330 ubi
1326 304 1458 338 perfecero
1473 309 1498 332 et
1510 306 1681 342 obsignatum

897 346 959 381 ipsis
978 347 1091 382 fructum
1111 349 1188 379 hunc,
1209 353 1326 375 revertar
1344 358 1391 384 per
1406 358 1450 377 vos
1466 352 1492 377 in
1510 351 1680 387 Hispaniam.

896 391 957 419 Scio
975 397 1063 420 autem
1079 394 1147 429 quod
1169 395 1212 421 ubi
1230 404 1323 422 venero
1341 397 1375 423 ad
1397 405 1453 429 vos,
1470 397 1497 424 in
1518 398 1682 433 plenitudine

897 439 1081 468 benedictionis
1097 440 1236 476 Evangelii
1251 441 1348 469 Christi
1363 443 1475 469 ueniant.

930 579 1000 613 Quia
1013 580 1121 609 dixerat
1141 590 1148 608 :
1165 580 1233 609 Cum
1248 589 1302 609 non
1317 582 1436 617 amplius
1453 583 1544 610 locum
1567 583 1682 611 babeam

897 625 925 653 in
940 626 983 653 his
995 627 1164 662 regionibus,
1178 628 1285 655 veniam
1297 628 1330 656 ad
1344 636 1403 661 vos,
1414 629 1505 657 adhuc
1518 635 1611 657 autem
1627 638 1684 656 mo-

896 679 954 698 ram
977 672 1102 700 facturus
1121 678 1192 704 erat.
1208 681 1242 700 ne
1267 682 1297 702 sc
1314 675 1411 702 illusos
1426 682 1487 702 csso
1500 675 1682 706 arbitrentur.

896 725 1008 746 causam
1026 719 1094 746 dicit
1115 719 1299 747 cunctationis
1315 720 1406 747 adhuc
1423 719 1584 748 detinentis.
1605 730 1614 746 ι
1635 721 1684 748 Μὶ-

896 764 1017 791 nistrans
1030 765 1142 792 sanctis.
1160 774 1169 790 ι
1187 764 1214 792 Si
1229 765 1330 792 Paulus
1345 765 1470 793 minister
1481 770 1551 798 erat,
1564 766 1682 801 concipe

897 809 938 836 rei
959 809 1189 845 magnitudinem.
1214 820 1223 835 ι
1250 810 1357 838 Placuit
1376 811 1450 838 enim
1470 811 1638 838 Macedonia
1657 815 1685 838 ct

896 856 1014 884 Achaia.
1031 866 1039 882 ι
1050 856 1110 884 Non
1123 857 1212 884 solum
1225 864 1335 884 causam
1348 856 1451 884 referre
1466 857 1524 884 vult
1534 856 1685 884 detinentis

897 902 988 929 adhuc
1002 902 1187 929 cunctationis
1204 910 1212 928 :
1228 902 1276 929 sed
1293 902 1399 929 hortari
1410 909 1521 937 quoque
1537 910 1586 929 eos
1598 906 1627 929 ut
1644 902 1685 928 si-

896 949 1000 976 militer
1015 949 1080 976 aliis
1095 948 1204 976 mittant
1226 948 1274 982 qui
1292 952 1357 975 sunt
1378 948 1406 975 in
1429 948 1592 976 Jerusalem.
1613 947 1681 974 Nam

893 995 947 1022 hoc
963 994 1021 1022 vult
1043 1002 1106 1022 cum
1126 994 1209 1022 etiam
1227 994 1289 1022 illos
1310 995 1437 1022 nominat
1469 994 1517 1029 qui
1534 994 1684 1022 miserunt.

893 1040 1064 1075 Εὺδόκησαν,
1088 1039 1114 1067 id
1137 1044 1190 1073 est,
1207 1040 1312 1075 placuit
1330 1040 1382 1074 eis,
1406 1040 1464 1068 sive
1479 1040 1684 1068 consultatione

892 1086 966 1113 facta
985 1090 1152 1118 statuerunt,
1170 1085 1197 1113 id
1210 1091 1264 1118 est,
1285 1086 1332 1120 qui
1349 1087 1378 1113 in
1393 1085 1552 1113 Macedonia
1573 1091 1640 1113 sunt
1656 1090 1685 1113 ct

892 1131 996 1159 Achaia
1020 1131 1170 1159 voluerunt
1184 1131 1387 1167 eleemosynam
1407 1131 1509 1159 facere.
1526 1141 1535 1157 ι
1551 1131 1683 1159 Commu-

893 1178 1006 1205 nionem
1037 1177 1168 1212 aliquam.
1205 1186 1215 1202 ι
1245 1177 1331 1204 Vocat
1359 1181 1451 1204 autem
1483 1177 1684 1212 eleemosynam

893 1223 1119 1252 communionem
1147 1231 1154 1250 :
1180 1228 1310 1258 tanquam
1333 1222 1385 1258 ipsi
1413 1213 1525 1257 quidem
1552 1221 1685 1256 pecunias

892 1271 1014 1302 mittant,
1029 1269 1115 1296 sancti
1129 1276 1196 1296 vero
1207 1269 1364 1296 libertatem
1378 1276 1442 1304 erga
1454 1268 1540 1295 Deum
1555 1268 1582 1294 in
1599 1275 1684 1294 unum

891 1315 1046 1343 conferant.
1073 1324 1083 1341 ι
1112 1315 1143 1342 In
1170 1322 1309 1349 pauperes
1326 1320 1447 1342 sanctos.
1471 1324 1480 1340 l
1498 1314 1604 1349 Duplex
1624 1318 1685 1341 erat

891 1359 1150 1388 communicationis
1163 1358 1320 1390 necessitas,
1336 1363 1364 1385 et
1376 1363 1491 1394 propter
1500 1363 1684 1393 paupertatem

891 1411 919 1434 et
932 1410 1043 1441 propter
1060 1405 1202 1433 virtutem.
1217 1414 1226 1430 ι
1241 1405 1276 1432 Ει
1289 1404 1430 1432 debitores
1450 1408 1514 1432 sunt
1534 1404 1654 1431 illorum.
1673 1413 1682 1429 ι

891 1452 982 1486 Quare
1009 1456 1101 1479 autem
1131 1451 1185 1478 hoc
1220 1454 1380 1478 statuerunt
1413 1449 1680 1483 iacere?Quoniam

892 1497 975 1532 hujus
997 1504 1027 1524 se
1049 1499 1219 1531 cognoscunt
1233 1503 1293 1523 esse
1307 1495 1456 1523 debitores.

931 1540 1011 1576 407
1029 1540 1089 1568 Non
1101 1540 1193 1575 itaque
1215 1547 1249 1567 ex
1268 1539 1438 1574 eleemosyna
1451 1560 1458 1572 ,
1473 1539 1524 1567 sed
1537 1547 1571 1567 ex
1590 1539 1685 1567 debito
1720 1535 1728 1543 ’

55 1579 222 1614 πέμπουσιν.
242 1588 252 1604 ι
266 1579 297 1605 El
314 1580 368 1615 γὰρ
378 1582 433 1612 τοῖς
448 1584 642 1617 πνευματικοῖς
660 1583 749 1612 αὐτῶν
764 1585 844 1612 ἐκοι-

911 1588 1020 1615 nittunt.
1038 1596 1047 1612 ι
1065 1586 1134 1613 Nam
1151 1586 1175 1613 si
1198 1585 1391 1620 spiritualibus
1411 1593 1507 1613 eorum
1529 1585 1685 1612 communi.

56 1624 192 1660 νώνησαν.
209 1635 218 1651 ι
232 1626 331 1653 Λοιπὸν
347 1627 420 1661 λέγει
438 1627 496 1658 πῶς
508 1629 578 1656 εἰσιν
590 1630 681 1657 αὐτῶν
695 1630 842 1665 ὀφειλέται.

56 1670 96 1696 Δι’
107 1670 216 1714 αὐτους,
227 1672 303 1706 φησὶ,
320 1672 436 1706 μάλιστα
450 1671 529 1709 ἦλθεν
544 1675 558 1701 ὁ
571 1676 700 1710 Χριστός.
710 1677 779 1713 Περὶ
791 1678 844 1714 γὰρ

57 1715 112 1742 τῶν
124 1717 157 1742 ὲκ
172 1713 323 1753 τὲεριτομῆς
339 1719 444 1746 πιστῶν
460 1720 474 1746 ὁ
496 1720 574 1755 λόγος
589 1722 673 1757 αὐτῷ,
693 1723 741 1749 καὶ
755 1713 844 1751 αὐτῶν

56 1757 90 1793 ἦν
118 1760 153 1787 τὰ
172 1760 263 1795 ἀγαθὰ
285 1763 333 1789 καὶ
360 1764 388 1790 αἱ
412 1764 585 1800 ἐπαγγελίαι.
603 1767 707 1802 Ὥσπερ
729 1768 845 1801 οὖντοῖς

58 1809 256 1842 πνευματικοῖς
268 1809 358 1836 αὐτῶν
376 1811 540 1847 ἐκοινώνησε
554 1813 588 1840 τὰ
602 1813 676 1849 ἔθνη,
694 1814 779 1846 οὕτως
792 1816 845 1851 χρὴ

58 1853 160 1884 αὐτοὺς
188 1855 234 1880 καὶ
251 1855 280 1881 ὲν
303 1857 359 1887 τοῖς
374 1860 514 1892 σαρκικοῖς
536 1858 725 1895 λειτουργῆσαι
741 1862 844 1894 αὐτοῖς.

59 1899 117 1926 Οὐκ
132 1899 174 1926 ἔτι
188 1899 215 1926 δὲ
231 1901 306 1935 λέγει
327 1905 501 1939 κοινωνῆσαι,
514 1904 582 1932 ἀλλὰ
596 1905 800 1942 λειτουργῆσαι,
816 1909 845 1934 ἐν

57 1944 133 1977 τάξει
159 1945 291 1973 διακόνων
318 1948 418 1980 αὐτοὺς
438 1949 534 1984 τιθεὶς,
559 1952 614 1984 τοῖς
638 1953 726 1987 ἁγίοις
745 1955 846 1990 φόρους

58 1991 209 2019 τελούντων
225 1992 262 2024 ὡς
277 1992 445 2028 βασιλεῦσιν.
463 2005 472 2021 ι
488 1997 543 2023 Καὶ
559 2000 780 2035 σφραγισάμενος
798 2002 846 2029 αὐ-

59 2037 124 2068 τοῖς.
142 2046 152 2062 ι
177 2037 220 2068 Ὧ;
234 2038 263 2063 ὲν
279 2038 370 2074 ἀσύλῳ
382 2040 456 2075 τόπῳ
468 2042 514 2068 καὶ
531 2042 648 2077 ἀσφαλεῖ
663 2045 767 2078 μέλλων
779 2047 846 2073 ἁπο-

58 2081 194 2113 τίΟεσραι.
207 2083 264 2118 (καὶ
280 2084 333 2120 γὰρ
345 2085 374 2111 ἐν
390 2087 515 2121 οὐρανοῖς
531 2087 643 2123 ἔμελλεν
658 2090 846 2128 ἀποτίθεσθαι,

60 2128 150 2163 φῃσῖ),
162 2130 210 2156 καὶ
230 2132 460 2166 σφραγισάμενος.
478 2143 487 2157 ι
508 2134 559 2161 Τὸν
583 2137 689 2172 καρπὸν
714 2137 819 2167 τοῦτον,
833 2149 844 2166 ι

61 2175 178 2209 Καρπδν
194 2177 270 2202 καλεί
281 2177 329 2213 τὴν
343 2177 540 2215 ἐλεημοσύνην,
552 2181 659 2214 δεικνὺς
672 2182 847 2219 κερδαίνοντα

62 2221 163 2255 μᾶλλον
178 2221 223 2248 τὸν
240 2224 469 2257 παρέχοντα.ιΕις
482 2225 531 2261 τὴν
543 2226 690 2255 Σπανίαν.»
701 2229 786 2257 Πάλιν
798 2231 847 2266 τῆς

61 2266 182 2299 Eum/£1;
203 2269 350 2304 μέμνηται,
367 2270 473 2302 δεικνὺς
488 2271 518 2298 τὸ
542 2274 610 2309 πρὸς
636 2274 698 2306 τοὺς
713 2276 846 2309 Σπανίους

62 2313 182 2348 ςίλτρςν.
203 2323 212 2339 ι
225 2315 268 2341 Ἐν
286 2315 460 2352 πληρώματι,
471 2327 481 2344 ι
498 2319 588 2347 καὶτὰ
604 2320 676 2356 ἑξῆς.
691 2322 845 2357 Τουτέστιν,

62 2357 127 2386 Οἶδα
143 2360 184 2386 ὅτι
197 2361 344 2396 ἐρχόμενος
359 2364 427 2398 πρὸς
442 2365 514 2398 ὑμᾶς
534 2367 678 2401 κομῶντας
702 2369 773 2404 ὑμᾶς
790 2371 848 2402 τοῖς

61 2405 174 2438 ἀγαθοῖς
187 2407 346 2441 εὖρήσω.Τὸ
353 2409 482 2444 γὰρ,ιἘν
491 2411 656 2448 πληρώματι
667 2414 789 2449 εὐλογίας
799 2415 848 2446 tofi

61 2452 240 2486 Εὑαγγελίου,
248 2463 256 2478 ι
263 2454 292 2480 τὺ
301 2454 410 2481 πάντων
418 2457 493 2488 ἐντὸς
499 2455 568 2484 εῖναι
576 2459 629 2485 τῶν
636 2460 744 2493 ἀγαθῶν
751 2461 848 2493 αὐτοὺς

62 2497 200 2532 σημαίνει.
211 2513 245 2518 -
260 2499 298 2526 “ll
311 2499 414 2533 οὕτως.
434 2501 708 2541 [ΟΙΚΟΥΜΕΝῘΟΥ.]
725 2504 789 2533 Οἶδα
807 2507 847 2534 ὅτι

61 2544 208 2579 ἐρχόμενος
225 2545 293 2579 πρὺς
307 2546 336 2573 τὸ
347 2547 490 2582 πληρῶσαι
506 2549 578 2584 ὑμᾶς
590 2551 639 2584 τῆς
653 2552 685 2578 ἐκ
699 2552 745 2580 τοῦ
760 2553 848 2587 Εὐαγ-

61 2590 152 2623 γε).ίου
180 2591 305 2625 εὐλογίας
330 2592 494 2629 ἐλεύσομαι,
519 2596 559 2622 ὅτι
585 2597 653 2632 πρὸς
672 2599 772 2633 ἀρετὴν
800 2600 848 2627 καὶ

61 2636 154 2663 πίστιν
169 2637 282 2672 ἁλείψω.

94 2683 265 2717 Παρακαλῶ
286 2685 320 2711 δὲ
338 2686 425 2721 ὑμᾶς,
441 2688 576 2722 ἀδελφοὶ,
599 2688 648 2715 διὰ
673 2690 725 2717 τοῦ
738 2691 849 2724 Κυρίου

61 2729 147 2764 ἡμῶν
161 2731 266 2764 Ἰησοῦ
280 2733 419 2766 Χριστοῦ,
435 2734 484 2760 καὶ
510 2734 558 2761 διὰ
579 2734 634 2768 τῆς
655 2735 774 2770 ἀγάπης
796 2737 849 2764 τοῦ

60 2777 247 2811 Πνεύματος.
264 2779 532 2812 συναγωνίσασθαι
552 2789 601 2814 μοι
623 2781 657 2807 ἐν
673 2781 737 2814 ταῖς
755 2789 849 2815 προσ-

61 2823 164 2857 ευχαῖς
178 2824 254 2858 ὑπὲρ
270 2825 342 2858 ἐμοῦ
353 2825 427 2859 πρὸς
442 2826 496 2852 τὲν
511 2826 595 2859 Θεὸν,
610 2827 775 2861 ἵναηρυσιιῶ
790 2828 849 2855 ἀπὸ

62 2868 120 2896 τῶν
132 2869 340 2898 ἀπειθούντων
352 2871 386 2898 ἐν
406 2871 444 2905 τῇ
459 2871 601 2905 Ἰουδαίᾳ,
616 2873 664 2898 καὶ
678 2873 728 2900 ἵνα
748 2875 764 2908 ἡ
786 2874 848 2901 δια-

65 2917 149 2944 κονία
164 2926 235 2951 μου,
253 2917 270 2951 ή
282 2919 324 2950 εἰς
347 2917 552 2953 Ἰερουσαλὴμ,
563 2919 781 2953 εὐπρόσδεκτος

896 1638 1039 1662 caverunt.
1053 1643 1062 1659 ι
1076 1632 1284 1668 Consequenter
1295 1631 1362 1659 dicit
1372 1631 1509 1666 quomodo
1521 1631 1575 1659 sint
1587 1638 1690 1659 eorum,

895 1679 1036 1708 debitores
1059 1688 1066 1706 :
1090 1683 1204 1714 propter
1229 1678 1315 1713 ipsos,
1342 1677 1441 1712 inquit.
1463 1677 1580 1705 maxime
1609 1676 1685 1703 venit

895 1726 1023 1754 Christus
1039 1734 1045 1752 :
1064 1725 1099 1753 de
1117 1724 1243 1753 ﬁdelibus
1253 1723 1328 1752 enim
1343 1730 1434 1751 sermo
1446 1722 1496 1758 ipsi
1517 1727 1577 1750 erat
1590 1722 1637 1757 qui
1651 1730 1685 1749 ex

896 1770 1108 1800 circumcisione
1118 1774 1252 1798 venerant
1271 1774 1316 1797 :et
1338 1769 1360 1796 si
1378 1769 1488 1797 illorum
1512 1772 1591 1795 erant
1612 1767 1683 1794 bona

896 1825 928 1845 ac
938 1817 1144 1853 promissiones.
1164 1815 1400 1850 Quemadmodum
1413 1823 1478 1850 ergo
1495 1813 1684 1850 spiritualibus

897 1863 1005 1891 illorum
1017 1862 1290 1890 communicaverunt
1297 1867 1402 1896 gentes,
1412 1861 1448 1887 ita
1456 1864 1565 1895 oportet
1575 1867 1685 1894 quoque

896 1909 972 1944 ipsas
984 1909 1011 1936 in
1027 1907 1184 1936 carnalibus
1197 1907 1354 1934 ministrare
1369 1906 1434 1932 illis.
1447 1905 1505 1933 Jam
1519 1910 1609 1931 autem
1629 1911 1684 1931 non

896 1954 973 1987 dicit,
991 1954 1212 1986 Communicare,
1230 1952 1277 1980 sed
1299 1961 1308 1977 ι
1328 1951 1495 1982 Ministrare,
1514 1960 1524 1976 ι
1540 1950 1568 1977 in
1587 1949 1684 1979 ordine

896 2001 1086 2028 ministrorum
1096 2006 1144 2027 eos
1158 2006 1273 2034 ponens,
1288 1997 1334 2032 qui
1353 1998 1453 2025 sanctis
1466 1997 1567 2024 tributa
1581 1995 1684 2031 pende-

897 2052 960 2075 rent
975 2052 1104 2082 tanquam
1118 2046 1239 2081 regibus.
1264 2054 1272 2070 ι
1289 2045 1322 2072 Et
1338 2044 1520 2079 obsignavero
1537 2043 1587 2070 eis.
1606 2053 1614 2068 ι
1632 2041 1685 2070 Ve-

896 2093 948 2120 luti
962 2093 990 2120 in
1004 2092 1081 2128 asylo
1103 2096 1219 2126 tutoque
1244 2090 1304 2117 loco
1323 2089 1461 2124 repositus
1478 2089 1513 2116 sit
1538 2087 1685 2123 (siquidem

898 2138 926 2166 in
949 2138 1020 2165 caelo
1050 2137 1222 2172 repositurus
1245 2135 1314 2171 erat)
1336 2135 1404 2162 dicit
1423 2143 1430 2162 :
1450 2135 1485 2164 lit.
1503 2134 1685 2169 obsignavcro

898 2184 948 2216 eis,
980 2183 1037 2211 sive
1064 2184 1154 2219 sigillo
1183 2182 1337 2211 muttivero.
1362 2191 1371 2206 ι
1398 2181 1529 2209 Fructum
1557 2180 1642 2206 hunc.
1672 2189 1681 2203 ι

899 2231 1030 2259 Fructum
1055 2233 1136 2257 vocat
1151 2229 1365 2263 eleemosynam,
1379 2227 1529 2255 ostendens
1547 2225 1619 2260 quod
1642 2225 1685 2252 lu-

898 2285 975 2305 crum
990 2275 1172 2311 magisiaciat
1193 2275 1216 2302 is
1229 2274 1275 2308 qui
1291 2274 1396 2301 tribuit.
1413 2283 1422 2299 ι
1439 2273 1468 2300 lu
1485 2271 1652 2307 Hispaniam.
1672 2280 1688 2299 ι.

898 2323 1018 2351 Rursum
1032 2321 1168 2357 Hispaniae
1180 2320 1315 2354 meminit,
1334 2320 1526 2349 vehementem
1537 2317 1687 2347 ostendens

899 2375 1020 2397 amorem
1036 2375 1117 2402 quem
1133 2367 1233 2394 habeat
1245 2373 1311 2401 erga
1330 2365 1476 2400 Hispanos.
1492 2373 1501 2390 ι
1521 2365 1550 2392 In
1567 2363 1687 2399 plenitu-

899 2414 975 2446 dine,
991 2423 1000 2439 ι
1015 2417 1067 2439 etc.
1086 2412 1143 2439 [loc
1155 2414 1208 2442 est,
1229 2410 1286 2438 scio
1297 2409 1370 2445 quod
1388 2409 1434 2436 ubi
1454 2408 1487 2435 ad
1508 2416 1557 2435 vos
1572 2415 1685 2439 venero,

900 2459 1038 2487 inveniam
1059 2465 1113 2485 vos.
1129 2457 1211 2484 bonis
1224 2457 1296 2484 fetos
1315 2463 1347 2483 ac
1362 2459 1492 2483 ornatos.
1515 2453 1593 2487 Quod
1613 2454 1686 2481 enim

899 2505 960 2533 ait:
985 2514 994 2530 ι
1022 2505 1054 2532 In
1077 2502 1249 2539 plenitudine
1272 2501 1471 2530 benedictionis
1499 2499 1650 2534 Evangelii,
1675 2508 1684 2525 ι

900 2551 1037 2586 signiﬁcat
1062 2551 1137 2585 ipsos
1162 2548 1256 2576 omnia
1270 2548 1298 2575 in
1313 2555 1342 2574 sc
1366 2547 1469 2574 habere
1488 2546 1570 2573 bona.
1592 2559 1626 2564 —
1644 2544 1688 2571 Vel

901 2599 947 2624 hoc
973 2597 1060 2626 modo.
1078 2593 1230 2628 Seioquod
1251 2592 1298 2620 ubi
1319 2599 1433 2623 venero,
1461 2590 1494 2617 ad
1519 2589 1687 2625 implendum

901 2651 950 2671 vos
963 2641 1157 2669 benedictione
1168 2639 1310 2674 Evangelii
1324 2639 1445 2666 veniam.

935 2688 993 2718 Χν,
1011 2687 1102 2714 ὅονόὂ.
1119 2685 1170 2713 Oro
1188 2688 1275 2712 autem
1290 2693 1344 2717 vos,
1360 2685 1466 2719 fratres,
1487 2691 1534 2718 per
1548 2682 1688 2709 Dominum

902 2739 1019 2761 nostrum
1041 2733 1131 2760 Iesum
1147 2731 1291 2764 Christum,
1318 2736 1342 2758 et
1364 2739 1410 2766 per
1423 2730 1588 2757 dilectionem
1603 2728 1687 2765 Spiri-

902 2786 942 2808 tus
958 2789 966 2808 :
984 2785 1011 2807 ut
1029 2779 1109 2807 simul
1131 2787 1232 2806 mecum
1254 2779 1358 2805 certetis
1381 2779 1407 2804 iu
1429 2777 1621 2812 precationibus
1642 2784 1690 2810 pro

903 2836 943 2854 me
956 2827 989 2854 ad
1007 2827 1089 2854 Deum
1104 2825 1222 2860 [ιιεὲιςιιι
1236 2825 1329 2851 liberer
1343 2823 1374 2849 ab
1391 2821 1531 2849 incredulis
1544 2824 1570 2848 in
1584 2821 1689 2848 Juda'u:

903 2879 930 2901 ut
947 2873 1118 2900 ministerium
1130 2873 1175 2898 hoc
1188 2879 1273 2897 meum
1287 2878 1373 2897 versus
1384 2869 1543 2900 Jerusalem,
1555 2873 1689 2902 arrqitunt

908 2921 1068 2955 [iut'ssurtis
1086 2929 1093 2946 .'
1111 2923 1136 2944 ut
1160 2917 1297 2952 in'gaudin
1313 2917 1413 2943 veniant
1432 2915 1466 2941 ιιι]
1480 2923 1522 2941 vos
1536 2922 1581 2949 prr
1596 2914 1687 2940 volun-
