1889 3055
182 170 230 202 031

708 166 906 197 (ECUMENH
929 165 1075 195 TRlCCdi
1093 163 1264 196 EPISCOPI

1760 165 1816 199 632

181 238 269 257 meos.
290 239 298 254 ι
314 228 399 264 Majus
413 227 568 255 encomium
581 230 624 253 cst
639 225 742 256 dicere,
763 235 771 249 1
790 224 937 258 Concaptiv

1028 221 1064 254 τὸ,
1083 231 1092 247 1
1116 221 1362 257 Συναιχμαλὼτους
1377 230 1437 258 μου.
1458 231 1466 248 t
1497 222 1683 259 Χαλεπώτερα
1701 223 1755 259 γὰρ
1768 226 1813 251 al-

181 281 267 308 meos;
284 286 292 300 ι
317 275 472 309 indigniora
484 280 602 307 namque
622 271 808 306 patiebantur.
823 278 905 305 quam
921 269 966 296 alii

179 322 291 356 captivi.
311 329 407 356 nempe
433 319 654 355 persecutionem
667 317 847 348 sustinentes,
860 321 888 344 et
902 323 968 343 eon-

179 367 293 394 tnmelia
315 373 347 393 ac
373 365 474 400 injuria
491 363 593 391 affecti.
615 373 624 388 1
647 363 779 397 lnsignes.
799 371 808 388 ι
840 361 965 396 Magnum

179 411 290 445 quidem
309 415 426 438 estesse
441 409 591 444 apostolos,
614 408 764 435 maximum
788 414 866 439 vero,
895 407 967 434 inter

179 457 228 483 hos
241 463 302 483 esse
318 455 447 490 insignes.
466 464 476 480 ‹
492 453 544 487 Qui
555 453 637 481 etiam
648 457 711 480 ante
723 460 777 480 me.
794 462 802 478 ι
817 452 966 479 Considera

176 506 297 529 sanctam
315 501 391 528 Pauli
417 500 548 528 animam.
567 499 628 527 Non
655 499 759 534 pudore
782 497 910 530 allicitur,
925 497 966 525 di-

176 554 241 574 cens
265 556 272 574 :
301 557 309 572 1
332 546 365 573 lli
389 550 454 574 ante
479 553 522 573 me
543 544 654 573 Christo
684 543 871 572 crediderunt.
901 552 910 568 ι
931 558 963 563 -

180 602 189 615 ι
215 592 375 628 Adjutorem
401 596 527 619 nostrum
555 591 582 617 in
606 590 727 618 Christo.
750 599 760 616 ι
785 589 881 624 Magna
905 589 965 616 laus

176 635 317 663 Urbanum
344 636 429 663 fuisse
446 635 611 671 adjutorcm.
629 635 655 662 id
673 639 763 662 tamen
780 635 869 670 majus
889 634 962 669 quod

173 681 283 716 adjutor
302 681 384 709 fuerit
401 682 429 709 in
449 681 584 709 doctrina.
607 691 616 706 1
636 680 756 715 Apellen]
776 680 931 715 probatum.
949 689 958 705 ι

173 727 273 762 lltpotc
285 727 566 762 irreprehensibilem.
587 737 596 752 1
607 727 661 754 Eos
673 726 721 761 qui
738 731 802 754 sunt
815 727 848 754 ex
861 726 962 753 Aristo-

173 773 231 799 huli
253 772 346 800 domo.
368 782 377 798 ι
399 773 459 800 Νοη
481 777 560 800 erant
579 772 705 800 fortassis
726 772 823 807 quales
851 772 932 807 primi
952 781 959 799 :

172 817 275 844 idcirco
299 825 390 852 neque
407 818 569 845 nominatim
591 818 716 845 meminit
731 818 851 845 illorum.
874 826 883 842 1
908 816 960 850 Qui

171 867 237 889 sunt
258 862 286 889 in
299 863 424 891 Domino.
441 874 450 889 ›
473 863 596 898 Ᾱίῳιοιίε
609 864 738 891 omnibus
759 863 828 896 laus,
844 863 916 898 quod
930 863 958 890 in

170 906 287 934 Domino
301 912 404 937 essent.
420 908 473 935 hoc
486 913 538 939 est.
553 908 660 935 ﬁdeles.
680 917 688 933 1
707 908 773 941 Quae
787 908 913 936 laborant
929 909 957 936 in

170 952 296 980 Domino.
313 963 322 979 ι
339 953 377 980 De
392 953 475 981 Maria
491 954 617 989 superius
629 953 717 981 dixit:
733 963 742 980 1
763 953 827 987 Quae
841 954 958 982 multum

167 998 305 1026 laboravit
326 1008 358 1026 τι
388 1000 422 1027 de
447 1000 492 1028 his
515 1008 582 1028 vero
603 1009 678 1028 nunc
690 1001 758 1028 dicit
771 1001 844 1036 quod
867 1001 958 1029 adhuc

169 1044 296 1072 lab0rent
314 1054 321 1072 :
339 1047 426 1082 major
439 1047 531 1081 itaque
550 1047 610 1074 laus
632 1051 685 1074 est.
704 1057 713 1072 ι
732 1046 871 1074 Persidem
890 1047 957 1075 dile~

168 1095 252 1117 ctam.
275 1100 284 1115 ι
311 1091 375 1118 ΙΙ.ρο
400 1093 487 1127 major
501 1096 560 1119 erat
584 1092 735 1128 Tryphaena
757 1097 785 1120 et
803 1092 954 1128 'l‘ryphosa,

168 1140 226 1162 tum
242 1137 316 1170 quod
341 1137 450 1169 dilecta,
468 1142 525 1164 tum
542 1138 615 1172 qttod
640 1138 755 1164 multum
776 1138 953 1166 laboraverit.

169 1190 179 1205 1
202 1181 234 1207 Et
251 1187 364 1209 matrem
382 1182 469 1216 ipsius
487 1191 519 1210 ac
534 1191 632 1210 meatn.
652 1194 660 1208 ι
679 1184 783 1219 Duplex
795 1184 910 1218 bonum,
926 1188 955 1211 et

166 1227 239 1261 quod
261 1228 333 1255 tilius
361 1228 444 1256 fuerit
471 1229 684 1264 reprehensione
710 1237 815 1262 carens,
839 1229 954 1265 etquod

165 1277 254 1301 mater
285 1274 414 1301 virtutem
441 1275 543 1303 colens.
568 1290 601 1295 —
624 1276 708 1303 Porro
739 1276 792 1303 hoc
819 1275 953 1311 signiﬁcat

165 1319 239 1354 quod
262 1320 338 1347 addit
359 1329 366 1347 :
386 1331 394 1346 1
415 1321 448 1348 Et
471 1329 571 1349 meam.
589 1332 599 1348 ι
618 1337 652 1342 --
674 1333 683 1348 1
701 1321 733 1349 Et
757 1321 803 1354 qui
827 1329 890 1349 cum
911 1322 953 1349 eis

165 1371 231 1393 sunt
244 1366 352 1393 fratres.
369 1376 378 1392 ι
395 1367 521 1402 Magnum
533 1375 642 1403 quoque
655 1371 715 1394 erat
728 1367 781 1394 hoc
795 1374 855 1394 esse
875 1367 950 1394 Pauli

166 1411 274 1438 fratres.
308 1421 316 1437 1
337 1411 508 1448 Philologum
534 1418 562 1441 et
586 1413 698 1441 Juliam.
725 1421 735 1438 ι
768 1412 949 1447 Philclogum,

163 1464 245 1491 quem
263 1457 380 1492 primunt
394 1458 512 1494 Sinopes
527 1459 686 1495 episcopum
703 1457 787 1485 fuisse
809 1459 886 1484 aiunt
899 1457 951 1486 sub

162 1504 282 1531 Andrea.
304 1515 312 1530 1
334 1506 473 1533 Etomncs
491 1505 538 1540 qui
559 1512 620 1532 cuin
637 1504 704 1538 ipsis
719 1509 783 1531 sunt
798 1509 918 1532 sanctos.
937 1514 946 1531 ι

162 1547 240 1580 Quod
256 1549 279 1576 si
295 1549 393 1578 sancti.
411 1558 465 1577 non
489 1557 573 1584 parva
595 1548 655 1576 laus
672 1548 781 1576 illorum
800 1552 852 1576 est.
866 1549 946 1584 411
961 1560 983 1590 c

165 1604 175 1619 α
196 1595 319 1624 Salutate
333 1605 382 1624 vos
407 1597 535 1624 invicem.
557 1605 566 1620 ι
583 1594 687 1622 Omnes
701 1603 775 1622 nunc
792 1595 945 1630 permistim

159 1642 248 1676 ponit,
266 1651 299 1669 nc
313 1651 373 1678 qua:
390 1643 548 1670 suboriatur
569 1641 679 1668 tristitia
694 1641 737 1669 his
758 1650 876 1677 quorum
890 1649 946 1669 non

1021 268 1173 302 χμαλώτων
1193 268 1323 303 ἔπασχον,
1345 268 1517 303 διωκόμενοι,
1541 269 1726 304 ὑϐριζόμενοι,
1750 271 1812 296 ἁδι-

1019 314 1160 349 κοὺμενοι.
1190 324 1199 340 1
1224 315 1381 350 Ἐπίσημοι.
1401 324 1410 340 ι
1442 315 1520 348 Μέγα
1552 316 1601 350 μὲν
1617 317 1662 342 καὶ
1686 316 1716 343 τὺ
1738 315 1812 343 εἶναι

998 386 1003 392 ,
1020 361 1197 392 ἀποστόλους,
1210 361 1276 387 τὸδὲ
1290 362 1337 387 καὶ
1348 361 1499 396 ἐπισήμους
1512 362 1540 388 ὲν
1551 362 1654 395 αὐτοῖς,
1668 362 1812 397 μέγιστον.

1022 415 1031 432 ‹
1045 406 1078 432 Οἳ
1092 406 1139 433 καὶ
1165 406 1218 442 πρὸ
1240 406 1318 441 ἐμοῦ.
1335 415 1344 432 ι
1364 406 1436 441 Ὅρα
1455 406 1504 441 τὴν
1528 407 1609 440 ἁγίαν
1632 407 1731 442 ψυχὴν,
1757 408 1812 434 οὐκ

1016 451 1211 487 ἐπαισχύνεται
1241 452 1346 486 λέγων,
1369 452 1409 479 ὅτι
1432 462 1441 478 ‹
1463 452 1518 487 Πρὸ
1548 453 1616 487 ἐμοῦ
1641 453 1811 480 ἐπίστευσαν

1016 493 1139 532 οὗτοιτῷ
1153 497 1276 533 Χριστῷ.
1293 507 1302 524 ι
1319 513 1354 518 -
1370 507 1380 523 1
1394 499 1445 524 Τὸν
1463 499 1592 533 συνεργὸν
1605 499 1683 534 ήμῶν
1694 500 1723 525 ἐν
1737 500 1810 534 Χρι-

1017 542 1081 577 στῷ.
1089 552 1098 568 ι
1107 542 1201 576 Μέγας
1210 543 1224 569 ὁ
1235 543 1354 576 ἔπαινος,
1363 544 1503 579 Οὐρϐανὸν
1513 544 1559 572 τὸν
1569 546 1709 580 συνεργόν.
1720 546 1811 572 Τοῦτο

1016 587 1117 623 μεῖζον,
1138 588 1180 615 ὅτι
1197 589 1329 625 συνήργει
1355 590 1385 617 ἐν
1409 591 1441 625 τῇ
1458 590 1627 627 διδασκαλίᾳ.
1648 601 1657 617 1
1671 592 1808 627 Ἀπελλῆν

1014 635 1060 662 τὸν
1083 635 1212 670 δόκιμον,
1233 645 1242 662 ι
1272 633 1327 663 οἷον
1353 636 1547 672 ἀνεπίληπτον.
1575 647 1584 663 1
1599 637 1669 669 Τοὺς
1693 639 1725 665 ὲκ
1750 639 1807 665 τῶν

1020 679 1237 715 Ἀριστοὸούλου.
1262 690 1271 706 ι
1294 681 1372 713 "iam;
1387 682 1437 708 οὐκ
1452 679 1522 717 ἦσαν
1537 682 1573 714 ὡς
1588 683 1612 708 ol
1630 683 1745 718 πρῶτοι,
1763 683 1807 710 διὸ

1012 726 1074 752 οὐδὲ
1089 725 1220 762 ὀνομαστὶ
1237 727 1327 754 αὐτῶν
1342 728 1476 763 ἐμνήσθη.
1494 737 1503 752 1
1515 728 1584 759 Τοὺς
1603 728 1682 760 ὄντας
1699 730 1728 755 ἐν
1744 730 1806 755 Κυ-

1012 771 1073 806 ρίῳ.
1092 781 1102 798 ι
1118 772 1189 804 Ἱσος
1204 773 1288 800 πᾶσιν
1305 773 1319 799 ὁ
1336 773 1456 806 ἔπαινος,
1472 775 1514 801 ὃτι
1536 775 1564 800 ἐν
1580 774 1675 809 Κυρίῳ
1693 772 1775 809 ἦσαν,
1789 775 1806 801 ὃ

1011 817 1069 843 ἐστι
1082 818 1182 844 πιστοί.
1197 827 1206 843 1
1219 819 1274 850 Τὰς
1285 819 1425 851 κοπιώσας
1439 820 1468 846 ἐν
1480 820 1602 855 Κυρίῳ.»
1611 820 1678 855 Περὶ
1690 820 1805 854 Μαρίας

1011 863 1067 890 ἄνω
1077 863 1181 898 ἔλεγεν,
1195 873 1204 889 1
1223 865 1303 896 Ἥτις
1316 864 1402 891 πολλὰ
1414 866 1553 892 ἐκοπίασε.
1565 875 1574 891 ι
1589 865 1695 896 Ταύτας
1708 866 1748 897 δὲ,
1761 866 1804 892 ἔτι

974 897 995 924 Β
1009 897 1149 940 κοπιώσας
1165 908 1250 942 λέγει.
1267 909 1313 936 Διὸ
1340 907 1441 944 μζείζων
1463 911 1478 936 ι
1498 910 1619 942 ἔπαινος.
1647 919 1656 936 1
1681 910 1804 944 Περσίδα

1008 953 1057 989 τὴν
1074 954 1230 990 ἀγαπητήν.
1246 964 1255 980 ι
1278 954 1352 988 Αὕτη
1369 955 1470 990 μείζων
1486 955 1643 991 Τρυφαίνης
1663 956 1712 982 καὶ
1729 957 1803 991 Τρυ-

1008 999 1114 1035 φὼσης,
1131 1000 1172 1026 ὅτι
1188 1009 1219 1026 τε
1237 1000 1380 1036 ἀγαπητὴ,
1399 1001 1446 1027 καὶ
1468 1001 1509 1027 ὅτι
1525 1001 1610 1028 πολλὰ
1637 1001 1798 1029 ἐκοπίασεν.

1011 1054 1021 1070 1
1038 1045 1093 1072 Kal.
1112 1045 1161 1080 τὴν
1179 1046 1287 1081 μητέρα
1310 1046 1394 1072 αὐτοῦ
1412 1046 1457 1073 καὶ
1471 1046 1550 1080 ἐμοῦ.
1568 1056 1578 1071 ι
1595 1045 1713 1073 Διπλοῦν
1727 1047 1801 1080 ἁγα-

1007 1090 1063 1123 θὸν,
1085 1091 1126 1123 τὸ,
1151 1091 1198 1118 καὶ
1214 1091 1259 1118 τὸν
1284 1091 1342 1117 υίὺν
1365 1090 1434 1118 εἶναι
1455 1091 1650 1128 ἀνεπίληπτον,
1674 1092 1722 1118 καὶ
1744 1092 1799 1126 τὴν

1007 1135 1114 1172 μητέρα
1129 1137 1266 1172 ἐνάρετον.
1286 1136 1371 1163 Τοῦτο
1384 1137 1438 1172 γὰρ
1451 1137 1526 1172 δηλοῖ
1540 1137 1582 1170 τὸ,
1598 1147 1608 1163 ‹
1622 1138 1676 1164 Καὶ
1691 1137 1771 1173 ἐμοῦ,
1785 1147 1795 1163 ι

1005 1197 1040 1202 -
1057 1191 1067 1207 1
1079 1183 1135 1209 Kal.
1148 1183 1211 1214 τοὺς
1230 1183 1277 1209 σὺν
1295 1183 1387 1214 αὐτοῖς
1403 1183 1543 1218 ὰδελφοῦς.
1557 1193 1566 1209 ι
1580 1183 1658 1218 Μέγα
1675 1185 1720 1210 καὶ
1734 1184 1799 1210 τοὺ-

1004 1237 1071 1260 τοις,
1097 1228 1128 1254 τὸ
1148 1226 1219 1255 εἶναι
1248 1228 1354 1255 Παύλου
1380 1229 1520 1264 ἀδελφούς.
1551 1239 1560 1255 1
1576 1229 1719 1264 Φιλόλογον
1745 1231 1798 1256 καὶ

1011 1274 1135 1301 Ἰουλίαν.
1159 1283 1168 1300 ι
1190 1274 1242 1301 Τὸν
1263 1275 1416 1309 Φιλόλογον,
1434 1275 1462 1301 ὅν
1480 1275 1591 1309 λέγουσι
1609 1276 1717 1310 πρῶτον
1732 1276 1797 1302 ὲπί-

1004 1329 1106 1347 σκοπον
1121 1320 1248 1354 γενέσθαι
1270 1319 1394 1356 Σινώπης
1410 1320 1462 1347 ὑπὸ
1478 1320 1614 1355 Ἀνδρέου.
1636 1331 1644 1347 1
1661 1321 1715 1348 Kal.
1729 1322 1797 1353 τοὺς

1004 1367 1053 1393 σὺν
1069 1366 1161 1397 αὐτοῖς
1176 1366 1283 1396 πάντας
1304 1365 1408 1399 ἁγίους.
1427 1375 1436 1391 ι
1454 1366 1484 1392 Εἰ
1505 1365 1533 1392 δὲ
1550 1365 1632 1399 ἆγιοι,
1647 1366 1678 1391 οὐ
1695 1366 1795 1400 μικρὸν

1002 1411 1094 1442 αὐτοῖς
1109 1410 1139 1436 τὸ
1154 1409 1301 1445 ἐγκώμιον.
1322 1419 1332 1436 1
1348 1409 1522 1436 Ἀσπάσασθε
1545 1409 1688 1444 ἀλλήλους.
1706 1420 1716 1436 ι
1733 1410 1794 1436 Νῦν

1002 1455 1105 1487 πάντας
1117 1455 1219 1490 ἀναμὶξ
1229 1455 1346 1490 τίοησιν,
1359 1454 1403 1481 ἵνα
1415 1455 1452 1490 μή
1466 1463 1507 1486 τις
1520 1454 1591 1490 λύπη
1606 1455 1719 1489 γένηται
1731 1457 1792 1486 τοῖς

1002 1501 1040 1536 μὴ
1054 1500 1185 1535 ὀνομαστὶ
1200 1500 1438 1535 μνημονευοεῖσιν.
1455 1509 1464 1525 1
1477 1500 1522 1526 Ἔν
1535 1500 1668 1535 φιλήματι
1682 1501 1761 1536 ἁγίῳ,
1778 1511 1787 1526 ι

1003 1546 1064 1572 Ἔνι
1080 1546 1134 1580 γὰρ
1147 1545 1194 1572 καὶ
1213 1543 1250 1579 μὴ
1275 1544 1355 1579 ἁγίῳ.
1381 1552 1390 1570 1
1407 1543 1588 1576 Ἀσπάζονται
1605 1545 1686 1580 ὑμᾶς.
1701 1555 1710 1570 ι
1730 1546 1791 1571 οὑκ

1000 1591 1040 1618 ἔτι
1055 1591 1101 1618 τὸν
1111 1591 1185 1617 δεῖνα
1202 1590 1216 1625 ἢ
1230 1590 1275 1616 τὸν
1291 1590 1375 1623 δεῖνα,
1389 1590 1446 1618 ἀλλ’
1459 1590 1663 1625 ἑκοινοποίησεν
1676 1591 1791 1622 αὐτοὺς,

1000 1639 1040 1670 τὸ,
1059 1647 1068 1663 1
1089 1637 1189 1672 ’Υμᾶς,
1205 1646 1214 1662 ›
1231 1636 1326 1666 εἰπών.

158 1692 201 1715 est
229 1689 388 1716 nominatim
419 1689 490 1715 facta
513 1688 626 1714 mentio.
654 1698 662 1713 1
691 1687 791 1715 Osculo
814 1693 919 1716 sancto.
938 1697 946 1713 ι
968 1685 1034 1714 Nam
1050 1684 1131 1712 etiam
1148 1691 1202 1710 non
1223 1687 1319 1710 sancto
1351 1682 1496 1718 contingit.
1535 1692 1544 1709 1
1560 1682 1684 1710 Salutant
1695 1690 1754 1711 vos.
1777 1690 1787 1706 ι

157 1735 217 1762 Jam
231 1743 284 1761 non
302 1735 375 1761 hunc
388 1734 430 1760 vel
449 1734 536 1765 illum,
555 1727 600 1760 sed
618 1734 690 1769 ipsos
702 1734 728 1761 in
740 1734 879 1762 commttni
895 1732 994 1764 univit,
1011 1731 1106 1758 dicens
1122 1739 1130 1755 1
1148 1729 1211 1756 Vos.
1232 1739 1241 1755 ι

195 1779 264 1813 XVI,
278 1779 366 1806 li-‘ZO.
385 1777 499 1805 Obsecro.
520 1783 608 1805 autem
631 1787 686 1808 vos.
701 1779 808 1814 fratres.
824 1779 942 1806 carnide-

157 1829 216 1852 rnte
227 1833 269 1852 eos
284 1825 330 1859 qui
342 1823 450 1850 diuidit:
473 1828 498 1849 et
514 1824 670 1858 o/fendicuia
687 1829 784 1860 prarter
796 1824 944 1852 doctrinam

156 1879 238 1906 quam
250 1879 295 1898 vos
303 1869 438 1899 didicistis.
451 1869 561 1903 faciunt,
575 1874 599 1896 et
610 1870 740 1897 declinate
752 1870 784 1897 ab
796 1869 861 1898 iflis.
873 1870 943 1898 Nam

157 1916 224 1943 tales
240 1916 352 1943 Domino
364 1914 427 1941 Jesu
441 1915 544 1942 Citrian
558 1924 608 1943 non
625 1916 752 1948 seruiunt,
766 1916 811 1943 sed
823 1925 871 1944 suo
882 1925 943 1944 ven-

157 1961 192 1988 tri
211 1969 220 1988 :
234 1964 258 1986 et
280 1967 325 1994 per
339 1959 594 1995 blandiloquentiam
608 1965 633 1987 et
657 1961 859 1988 assentationem
876 1961 944 1988 deci-

155 2007 231 2040 piunt
253 2004 332 2031 corda
353 2005 522 2040 simplicium.
541 2005 609 2032 Nam
627 2010 715 2032 vestra
742 2005 889 2032 obedientia
907 2005 942 2032 ad

154 2057 244 2076 omne:
268 2050 442 2084 perannauit.
467 2049 572 2077 Gaudeo
598 2050 679 2085 igitur
692 2055 798 2085 propter
815 2059 867 2077 vos.
892 2050 943 2078 Sed

153 2094 213 2122 volo
234 2103 277 2121 vos
299 2095 403 2129 quidem
426 2095 558 2130 sapientes
576 2103 631 2122 esse
649 2096 684 2122 ad
705 2096 811 2128 bonum,
826 2097 941 2124 sinceras

153 2148 213 2167 vero
228 2141 263 2167 ad
275 2141 385 2167 malum.
405 2140 475 2167 Deus
490 2145 577 2168 autem
595 2142 667 2176 pacis
685 2146 798 2170 conteret
811 2141 941 2169 Satanam

153 2187 201 2213 sub
222 2186 328 2222 pedibus
345 2187 436 2214 nostris
452 2187 532 2215 breui.
552 2187 646 2215 Gratia
664 2187 769 2215 Domini
785 2188 939 2216 nostrilesu

154 2233 252 2260 Christi
270 2234 303 2260 sit
321 2233 460 2261 nobiscum.

188 2365 295 2393 Novum
308 2373 394 2400 genus
403 2366 522 2393 consilii.
535 2366 674 2402 Supplicis
683 2374 827 2402 personam
837 2367 936 2400 induit,

152 2417 185 2437 ac
201 2410 299 2438 fratres
312 2415 390 2437 vocat
404 2411 490 2438 multo
509 2418 571 2438 cum
595 2411 710 2439 honore.
732 2422 741 2437 1
758 2411 938 2439 Considerate

149 2462 198 2481 cos
213 2454 261 2488 qui
283 2453 407 2481 dissidia.
430 2463 440 2480 ι
460 2454 641 2488 Scrutamini,
666 2456 771 2491 inquit,
795 2464 828 2483 ac
843 2455 938 2490 perdi-

152 2500 231 2527 scite.
242 2499 465 2535 Ostendiljautem
478 2500 613 2529 fallaciam
625 2502 746 2534 illorum,
759 2502 870 2536 etquod
880 2509 935 2528 non

149 2547 238 2580 palam
256 2546 437 2573 ostendantur
452 2554 510 2574 esse
532 2548 670 2575 scelerati.
687 2548 721 2574 Et
735 2547 769 2574 ad
789 2547 935 2574 maximam

147 2591 277 2620 Ecclesia:
289 2592 493 2620 subversionem
502 2593 626 2629 estquod
639 2593 864 2620 discriminentur
874 2601 890 2620 a
906 2601 935 2620 se

147 2637 276 2664 invicem.
293 2647 303 2663 ι
322 2637 356 2664 Ει
370 2637 548 2665 oﬂ‘endicula.
569 2648 578 2663 ι
597 2638 664 2665 Post.
680 2637 793 2664 dissidia
816 2645 934 2672 namque

146 2687 220 2716 patet
233 2683 364 2709 introitus
379 2683 565 2710 oﬂ'endiculis.
582 2681 653 2714 Quid
668 2687 759 2709 autem
775 2682 831 2709 sint
846 2681 934 2709 offen-

146 2729 237 2756 dicula
254 2729 452 2763 interpretatur
469 2727 585 2759 :Sectae,
601 2728 699 2762 inquit,
713 2733 814 2762 prater
829 2728 932 2756 doctri-

145 2781 208 2800 nam
238 2779 358 2801 nostram
393 2773 567 2800 introductus.
591 2783 600 2798 1
629 2773 680 2801 Sed
708 2781 758 2800 suo
789 2775 888 2801 ventri.
919 2784 928 2800 ι

145 2818 246 2845 Omnes
254 2819 355 2846 etenim
371 2824 449 2846 sectae
459 2826 491 2846 ac
502 2818 667 2846 offendicula
680 2819 742 2847 inde
754 2820 930 2854 proveniunt,

146 2865 219 2896 quod
244 2864 369 2892 homines
395 2865 541 2892 affectibus
563 2865 752 2900 obsequantur
775 2874 806 2893 ac
830 2867 927 2894 ventri.

1030 1772 1197 1808 Παρακαλῶ
1224 1773 1260 1800 δὲ
1284 1772 1372 1808 ὑμᾶς,
1398 1773 1534 1808 ἀδελφοὶ,
1565 1773 1692 1800 σκοπεῖν
1713 1773 1788 1805 τοὺς

995 1820 1049 1852 τὰς
1063 1818 1261 1853 διχοστασίας
1276 1819 1326 1845 καὶ
1346 1819 1382 1845 τὰ
1396 1819 1554 1846 σκάνδαλα
1570 1819 1651 1853 παρὰ
1665 1819 1722 1853 τὴν
1742 1819 1788 1846 δι-

994 1865 1094 1899 δαχὴν
1109 1864 1148 1898 ἣν
1163 1864 1248 1898 ὑμεῖς
1266 1864 1398 1899 ἐμάθετε,
1419 1865 1592 1896 ποιοῦντας,
1612 1865 1659 1892 καὶ
1678 1866 1782 1893 ἐκκλί-

994 1917 1065 1936 νατε
1075 1909 1126 1936 ἀπ’
1143 1908 1250 1936 αὐτῶν.
1268 1910 1300 1935 Ol
1316 1909 1371 1943 γὰρ
1386 1908 1513 1935 τοιοῦτοι
1526 1908 1566 1941 τῷ
1581 1910 1677 1943 Κυρίῳ
1698 1909 1786 1943 ἡμῶν

1000 1954 1098 1988 Ἰησοῦ
1114 1954 1229 1988 Χριστῷ
1242 1955 1278 1981 οὐ
1294 1954 1508 1988 δουλεύουσιν,
1522 1955 1604 1982 ἀλλὰ
1617 1955 1655 1989 τῇ
1668 1956 1786 1982 ἑαυτῶν

996 2002 1109 2035 κοιλίᾳ·
1129 2001 1178 2028 καὶ
1202 2001 1251 2028 διὰ
1263 2000 1318 2035 τῆς
1339 2001 1558 2036 χρηστολογίας
1575 2002 1623 2028 καὶ
1641 2003 1786 2036 εὐλογίας

996 2045 1168 2079 ἐξαπατῶσι
1193 2046 1247 2079 τὰς
1276 2047 1399 2080 καρδίας
1418 2046 1477 2073 τῶν
1499 2047 1631 2074 ἀκάκων.
1667 2047 1703 2074 Ἦ
1727 2048 1785 2081 γὰρ

994 2091 1080 2126 ὑμῶν
1098 2091 1218 2126 ὑπακοὴ
1244 2093 1287 2125 εις
1309 2091 1426 2125 πάντας
1449 2092 1584 2127 ἀφίκετο.
1606 2093 1702 2126 Χαίρω
1726 2091 1784 2120 οὖν

994 2138 1028 2164 τὸ
1056 2138 1102 2172 ἐφ’
1124 2137 1212 2172 ὑμῖν
1235 2138 1312 2165 θέλω
1330 2137 1364 2164 δὲ
1381 2137 1460 2172 ὑμᾶς
1479 2137 1596 2172 σοφοὺς
1616 2138 1675 2172 μὲν
1700 2136 1781 2165 εἶναι

993 2185 1037 2216 εις
1061 2183 1093 2210 τὸ
1115 2183 1238 2218 ἀγαθὸν,
1265 2183 1425 2217 ἀκεραίους
1450 2183 1484 2209 δὲ
1503 2185 1547 2216 εις
1569 2183 1603 2210 τὸ
1626 2184 1732 2210 κακόν.
1749 2184 1783 2211 '0

956 2217 978 2244 D
993 2227 1027 2254 δὲ
1053 2229 1126 2261 Θειῖς
1140 2217 1200 2262 τῆς
1224 2229 1346 2262 εἰρήνης
1374 2229 1534 2263 συντρίψει
1565 2229 1619 2255 tor
1641 2229 1784 2257 Σατανᾶν

991 2274 1050 2302 ὑπὸ
1068 2274 1137 2307 τοὺς
1149 2274 1244 2307 πόδας
1258 2274 1341 2308 ὑμῶν
1357 2274 1392 2300 ἐν
1403 2273 1496 2309 τάχει.
1514 2274 1547 2301 ’11
1560 2274 1643 2308 χάρις
1653 2273 1706 2301 τοῦ
1720 2276 1784 2302 Κυ-

987 2321 1057 2354 ρίου
1069 2320 1154 2354 ήμῶν
1165 2320 1268 2353 Ἰησοῦ
1282 2320 1412 2352 Χριστοῦ
1424 2321 1488 2354 μεθ’
1507 2320 1600 2355 ὑμῶν.

1026 2365 1108 2392 Ξένον
1120 2363 1190 2396 εἶδος
1207 2364 1371 2400 συμϐουλῆς.
1394 2366 1493 2393 Ἱκέτου
1519 2367 1573 2401 γὰρ
1588 2367 1671 2393 ὑπέδυ
1692 2367 1782 2401 πρός-

990 2420 1075 2445 ωπον,
1093 2411 1140 2438 καὶ
1164 2410 1293 2444 ἀδελφοὺς
1310 2411 1388 2437 καλεί
1409 2412 1478 2446 μετά
1500 2412 1600 2446 πολλῆς
1616 2413 1666 2446 τῆς
1682 2414 1780 2448 τιμῆς.

993 2467 1002 2484 1
1018 2457 1134 2484 Σκοπεῖν
1147 2457 1210 2488 τοὺς
1232 2456 1280 2488 τὰς
1296 2457 1477 2493 διχοστασίας.
1493 2467 1502 2484 ι
1523 2457 1668 2493 Ἐρευνᾷν,
1696 2461 1780 2492 φησὶ,

989 2504 1037 2530 καὶ
1052 2502 1284 2538 καταμανθάνειν.
1303 2503 1428 2530 Δείκνυσι
1445 2503 1473 2530 δὲ
1491 2504 1520 2530 τὺ
1542 2504 1650 2538 δολερὸν
1671 2504 1779 2534 αὐτῶν,

988 2549 1036 2576 καὶ
1051 2549 1092 2575 ὅτι
1110 2549 1140 2575 οὐ
1160 2549 1279 2583 γίνονται
1305 2549 1448 2580 κατάδηλοι
1464 2550 1575 2584 πονηροὶ
1597 2549 1683 2580 ὄντες.
1699 2549 1780 2585 Αὕτη

987 2595 1042 2630 γὰρ
1070 2595 1187 2629 μάλιστα
1213 2595 1375 2629 Ἐκκλησίας
1400 2595 1551 2630 ἀνατροπὴ,
1573 2595 1603 2622 τὺ
1627 2596 1779 2632 διῃρῆσθαι

986 2641 1035 2668 ἀπ’
1048 2641 1180 2676 ἀλλήλων.
1199 2650 1209 2666 1
1230 2640 1284 2667 Kal.
1301 2640 1334 2666 τὰ
1360 2640 1504 2667 σκάνδαλα.
1521 2650 1529 2667 r
1556 2641 1634 2668 Μετὰ
1649 2643 1703 2676 γὰρ
1725 2642 1778 2676 τὴν

985 2686 1171 2722 διχοστασίαν,
1195 2685 1297 2711 εἴσοδον
1327 2685 1448 2720 εὑρίσκει
1465 2686 1499 2713 τὰ
1524 2687 1668 2713 σκάνδαλα.
1688 2687 1721 2713 Τί
1745 2688 1777 2714 δέ

985 2734 1043 2760 ἐστι
1059 2733 1093 2759 τὰ
1110 2732 1255 2764 σκάνδαλα,
1278 2732 1433 2767 ἕρμηνεύει.
1446 2734 1579 2768 Ᾱιρέσεις,
1601 2734 1679 2768 φησὶ,
1696 2735 1776 2769 παρὰ

984 2777 1033 2813 τὴν
1049 2777 1158 2812 διδαχὴν
1182 2777 1260 2811 ἡμῶν
1276 2776 1454 2804 Eraterat-aaut.
1481 2787 1490 2802 1
1507 2778 1587 2804 Ἀλλὰ
1610 2779 1642 2812 τῇ
1665 2778 1776 2805 ἑαυτῶν

983 2822 1081 2857 κοιλίᾳ.
1097 2831 1106 2846 ι
1124 2823 1155 2848 Αἰ
1177 2822 1232 2857 γὰρ
1257 2822 1377 2856 αἱρέσεις
1397 2822 1483 2848 πᾶσαι
1500 2822 1547 2849 καὶ
1561 2823 1595 2848 τὰ
1621 2822 1772 2856 σκάνδαλα,

982 2867 1036 2894 ἀπὸ
1055 2866 1100 2893 τοῦ
1116 2867 1250 2894 δουλεύειν
1266 2867 1363 2894 πάθεσι
1377 2868 1422 2894 καὶ
1433 2868 1542 2903 γαστρί.
1556 2867 1600 2894 Διό
1616 2876 1709 2903 φησιν,
1728 2869 1771 2896 ὅτι
