1889 3055
72 171 126 204 [33

581 167 777 200 (IOMMENT.
795 169 836 199 1N
852 167 972 200 EPIST.
987 169 1036 200 AD
1055 169 1146 200 ROM.

1651 174 1704 206 63L

73 228 104 253 οὗ
119 225 274 253 acuis-lauet
289 223 328 260 τῷ
340 221 462 260 Χριστῷ,
478 222 548 250 ἀλλὰ
566 224 598 258 τῇ
622 223 721 259 κοιλίᾳ.
739 223 817 250 Δοκεῖ
833 222 860 249 δὲ
874 244 878 253 ,

943 231 977 251 eo
994 223 1061 251 dicit
1077 225 1150 259 quod
1164 225 1230 252 tales
1242 225 1351 254 Christo
1367 234 1420 254 non
1441 227 1576 261 serviunt,
1589 229 1635 256 sed
1654 239 1704 258 suo

74 273 136 304 τοὺς
161 272 191 304 ἐξ
207 270 343 298 Ἰουδαίων
369 270 546 298 αἰνίττεσθαι.
576 270 631 297 Καὶ
645 270 700 306 γάρ
727 269 862 296 Ἰουδαίων

75 321 174 349 πάντες
201 317 238 349 ὡς
265 316 482 351 γαστριμάργων
511 315 706 351 κατηγοροῦσι.
721 314 791 342 «Διὰ
813 315 862 350 τῆς

74 361 281 398 χρηστολογίας.
292 371 302 387 ι
311 362 393 396 ’Δχρι
408 360 540 396 ῥημάτων
551 361 568 396 ἠ
583 360 726 395 θεραπεία,
740 360 834 396 φησὶν,
844 361 861 395 ὴ

76 409 104 434 ιὲ
116 407 231 438 διάνοια,
245 405 342 442 δολερὰ
356 405 424 441 πρὸς
436 405 519 439 ὑμᾶς.
533 404 630 432 Κοινὺν
644 405 673 432 δὲ
684 403 779 432 τοῦτον
789 404 864 439 λέγει

75 454 175 488 τρόπον
200 453 326 486 ἀπάτης,
362 452 394 479 τὺ
423 452 533 487 πρῶτον
559 451 660 484 αὐτοὺς
694 450 865 480 κολακεύειν.

80 509 89 525 ι
108 499 165 530 Τὰς
189 498 304 534 καρδίας
328 497 383 525 τῶν
399 498 522 525 ἀκάκων.
539 506 548 524 ν
573 497 630 524 οὐκ
653 494 740 532 ιίπεν,
760 496 865 532 Ὺμῶν,

77 545 155 576 ἀλλὰ,
177 554 186 569 ι
201 544 262 570 Τῶν
275 543 478 579 ἁπλουστέρων.
491 551 501 569 ι
517 542 572 570 Καὶ
584 542 626 570 ὅτι
640 543 690 578 οὐχ
705 543 787 578 ὑμᾶς,
798 541 867 569 ἀλλὰ

79 590 143 619 τοὺς
157 589 280 620 ἀκάκους
304 587 472 621 ἐξαπατῶσι,
486 587 565 622 δῆλον
587 586 673 620 ἐνθεν,
689 587 729 614 ὃτι
746 587 763 622 ἡ
789 585 867 622 ὑμῶν

80 634 189 668 ὑπακοὴ
199 634 249 661 καὶ
268 633 365 667 πειθὼ,
381 633 422 665 είς
443 633 549 664 πάντας
559 629 637 668 ἦλθε.
650 631 768 663 Πολλοὺς
779 631 808 658 δι
820 631 868 658 αὗ-

80 681 136 712 τοῖς
147 680 264 715 ὲςρίσττ,σ
286 679 439 715 μάρτυρας,
451 679 495 705 ἴνα
507 677 545 713 μὴ
554 676 868 713 άναισχυντήσωσιπρδς

80 727 130 761 τὴν
150 727 240 762 κακὴν
257 725 377 761 διδαχὴν.
394 735 404 752 ι
416 725 510 761 Χαίρω
534 721 581 751 οὖν
595 723 626 750 τδ
637 724 680 759 ἐφ’
696 724 770 759 ὑμῖν.
786 723 868 754 »Τοῖς

82 773 120 808 μὴ
135 772 357 807 ὲξαπααωμένοις
370 771 464 806 φησίν.
478 779 488 797 ι
503 770 605 805 Σοφοὺς
621 770 670 806 μὲν
694 767 765 796 εἶναι
778 770 818 801 εις
838 768 869 795 τὸ

81 819 196 853 ἀγαθόν.
210 827 220 844 ι
230 818 432 844 ’Υπαινίττεται
448 817 490 844 ὅτι
505 817 551 843 καὶ
563 815 594 848 ἐξ
608 815 697 842 αὐτῶν
713 813 783 851 ἦσάν
792 823 866 846 τινες

80 864 269 898 ἀπατώμενοι,
295 862 370 888 Θέλω
383 861 449 897 γὰρ,
478 861 572 896 φησὶν,
590 861 630 892 εἰς
651 860 701 896 μὲν
719 860 751 886 τὸ
766 859 870 894 ἀγαθὸν

82 908 152 936 εἶναι
171 910 244 944 ὑμᾶς
261 908 427 943 φρονίμους,
444 907 484 939 εἰς
510 907 539 934 δὲ
562 907 595 934 τὰ
617 906 718 942 φαῦλα,
739 906 868 939 ἀπείρους

82 954 372 991 ωκοῦ.--[ΣΕΥΗΡ.]
381 953 649 989 Τουτέστιφρονήσει
657 952 706 988 μὲν
719 952 870 987 κεχρῆσθαι

82 1002 122 1033 εἰς
133 1001 166 1028 τδ
181 1001 219 1036 μὴ
234 1001 279 1035 ὑφ’
293 1000 394 1036 ἑτέρων
410 999 573 1031 ἀδικεῖσθαι,
589 997 767 1034 άκεραιότητι
786 998 814 1024 δὲ
832 999 872 1030 είς

83 1047 112 1073 τὸ
121 1047 160 1081 μὴ
169 1046 272 1081 ἑτέροις
285 1044 479 1072 ὲπιὸουλεύειν.
498 1053 508 1070 ι
518 1044 547 1071 Ὀ
556 1043 584 1071 δὲ
591 1043 655 1076 Θεὸς
665 1044 714 1078 τῆς
722 1043 845 1079 εἰρήνης.
859 1053 868 1070 ι

90 1091 200 1126 Ἐπειδὴ
223 1089 294 1126 ἦσαν
315 1090 494 1126 διχοστασίαι,
509 1089 555 1116 τὸν
571 1089 620 1124 τῆς
644 1089 755 1124 είρήνης
772 1089 873 1123 δοτῆρα

86 1137 269 1168 ἐπικαλεῖται,
280 1137 322 1162 ἵνα
332 1136 424 1172 παύσῃ
434 1136 466 1162 τὰ
475 1135 620 1162 σκάνδαλα,
631 1144 640 1160 ι
651 1134 806 1169 Συντρίψει.
818 1143 827 1159 ι
840 1134 873 1160 Ὂ

84 1183 176 1218 πολλῷ
190 1183 282 1218 μεῖζον
297 1180 331 1217 ἦν
347 1182 394 1209 τοῦ
410 1182 554 1214 ὑποτάξαι,
570 1191 579 1206 ι
592 1181 645 1208 Τὸν
658 1181 789 1207 Σατανᾶν.
813 1189 822 1206 ι
835 1180 872 1207 Οὐ

87 1229 177 1262 μόνον,
194 1229 271 1263 φησὶ,
294 1229 328 1255 τά
353 1228 488 1255 σκάνδαλα
504 1227 747 1262 παρεμϐάλλοντας
765 1226 874 1262 συντρί-

85 1274 143 1308 ψει,
161 1273 230 1300 ἀλλὰ
247 1273 294 1299 καὶ
309 1273 391 1300 αὐτὸν
402 1273 448 1299 τὸν
459 1273 611 1309 στρατηγὸν
629 1273 720 1300 αὐτῶν
741 1273 872 1300 Σατανᾶν.

89 1329 99 1345 ι
110 1319 156 1346 Ἐν
170 1319 258 1354 τάχει,
271 1328 280 1344 ι
293 1319 386 1354 φησίν.
404 1319 451 1346 Ἐκ
466 1319 512 1345 τοῦ
530 1319 625 1354 χρόνου
641 1318 691 1354 τὴν
699 1318 875 1354 παραμυθίαν

87 1364 313 1396 κατασκευάζων.
336 1373 345 1390 ι
371 1364 401 1390 'H
418 1364 498 1399 χάρις
508 1363 555 1390 τοῦ
572 1363 674 1400 Κυρίου
690 1363 767 1398 ἡμῶν
786 1363 874 1396 Ἰησοῦ

86 1409 208 1446 Χριστοῦ
237 1409 298 1445 μεθ’
321 1410 408 1446 ὑμῶν.
425 1419 434 1434 ι
459 1409 625 1444 ’Δνέμνησεν
648 1409 747 1440 αὐτοὺς
766 1409 815 1444 τῆς
828 1409 874 1436 τοῦ

87 1456 156 1482 Θεοῦ
172 1456 293 1491 χάριτος,
305 1457 354 1491 τῆς
367 1456 412 1482 ἀεὶ
425 1456 563 1490 σωσάσης.
580 1455 611 1482 El
624 1455 652 1481 δὲ
666 1455 778 1490 ἐχθροὺς
795 1455 876 1487 ὄντας

87 1501 186 1533 ἔσωσε,
203 1502 280 1536 φησι,
296 1502 385 1537 πολλῷ
400 1501 500 1537 μᾶλλον
514 1501 572 1529 νῦν.
591 1501 673 1536 Ὁρᾷς
685 1502 727 1528 ὃτι
740 1502 809 1536 μετὰ
822 1501 877 1529 τῶν

913 269 1015 296 ventri.
1042 269 1158 296 Videtur
1180 274 1271 298 autem
1296 271 1405 299 Judzeos
1432 271 1586 307 designare.
1601 273 1704 304 Otnms

914 315 1052 349 siquidem
1065 320 1197 342 accusant
1208 315 1318 344 Judrcos
1334 322 1462 351 tanquam
1479 318 1567 344 ventri
1583 318 1702 347 deditus.

919 369 928 386 ι
945 359 999 387 Per
1021 360 1298 396 blandiloquentiam.
1331 371 1340 387 ›
1366 362 1459 389 Verbo
1485 367 1575 394 lenus,
1605 363 1704 399 inquit,

915 407 1120 442 obsequuntur,
1150 415 1229 435 mens
1254 412 1346 435 autem
1369 408 1463 436 dolosa
1490 415 1532 436 cst
1565 417 1629 445 erga
1647 418 1704 438 vos.

916 452 996 481 Hunc
1019 460 1085 481 vero
1116 453 1183 481 dicit
1203 461 1377 481 communem
1401 455 1513 481 modum
1536 454 1707 490 deecptionis

917 499 992 534 quod
1016 491 1136 534 primum
1161 499 1229 534 ipsis
1240 504 1426 527 assentautur.
1443 508 1453 526 ι
1478 500 1567 527 Corda
1599 501 1707 536 simpli-

917 543 1001 572 cium.
1033 552 1043 570 ι
1074 544 1134 572 Non
1169 543 1256 576 dixit,
1277 544 1394 576 Vestra.
1430 545 1477 572 sed
1510 555 1519 570 ι
1550 545 1708 580 Simplicio-

917 597 991 617 rum.
1010 598 1020 616 ›
1036 604 1070 610 -
1093 599 1102 615 ι
1119 589 1187 617 Nam
1201 594 1292 617 vestra
1305 590 1474 617 obedietttia.
1495 600 1504 615 ι
1518 591 1552 618 Et
1564 591 1636 626 quod
1652 599 1706 618 non

918 642 977 668 vos,
992 634 1041 663 sed
1059 635 1243 670 simpliciores
1264 635 1414 670 decipiant,
1444 636 1505 663 hinc
1531 636 1707 663 manifestum

918 686 971 714 est,
999 681 1074 716 quod
1100 689 1165 709 vera
1188 681 1345 708 obedientia
1368 689 1400 708 ac
1425 682 1642 716 persuasibilitas
1674 681 1707 708 ad

918 735 1016 756 omnes
1030 727 1165 763 pervenit.
1186 727 1285 754 Multos
1297 731 1388 754 autem
1409 727 1570 762 testcsipsis
1595 728 1706 760 statuit,

919 781 955 802 ne
966 773 1000 801 ad
1016 773 1114 801 malam
1127 772 1280 801 doctrinam
1292 773 1498 800 erubescerent.
1514 773 1595 808 412
1613 783 1622 798 ι
1635 773 1709 800 Cau-

921 819 973 847 deo
989 819 1073 854 igitur
1096 823 1209 854 propter
1231 826 1290 851 vos,
1311 828 1319 844 ι
1338 818 1411 853 quod
1436 826 1491 845 non
1516 819 1576 845 sitis
1591 819 1708 853 decepti.

927 874 937 890 I
956 864 1100 900 Sapientes
1112 864 1223 899 quidem
1241 871 1302 891 esse
1329 863 1362 891 ad
1385 863 1499 891 bonum.
1516 877 1524 889 ι
1549 863 1710 890 Subindicat

921 910 995 946 quod
1007 910 1089 938 etiam
1103 910 1214 945 quidam
1225 910 1335 938 illorum
1349 909 1455 945 decepti
1465 914 1553 937 erant.
1568 909 1708 944 Siquidem

920 957 960 985 ait
982 965 990 984 :
1007 957 1047 984 Ad
1068 956 1170 984 bonum
1189 956 1300 991 quidem
1322 956 1385 983 volo
1400 963 1448 983 vos
1469 956 1621 991 prudentes
1636 963 1708 988 esse,

922 1003 954 1030 ad
966 1010 1052 1038 prava
1068 1009 1134 1030 vero
1160 1002 1301 1038 imperitos
1315 1002 1412 1035 malis;
1430 1001 1481 1028 hoc
1497 1007 1549 1033 est,
1564 1000 1710 1036 prudentia

922 1048 1034 1085 quidem
1058 1048 1110 1080 uti,
1129 1055 1164 1075 ne
1184 1048 1219 1075 ab
1238 1048 1300 1075 aliis
1314 1047 1463 1082 quidquam
1482 1047 1614 1080 injuslum
1632 1046 1711 1073 vobis

923 1095 970 1122 ﬁat
995 1103 1004 1124 ;
1032 1093 1218 1122 sinceritatem
1245 1098 1347 1125 autem,
1375 1101 1409 1120 nc
1438 1093 1501 1119 aliis
1531 1092 1710 1119 insidiemini.

927 1149 937 1165 ι
955 1140 1027 1166 Deus
1053 1143 1145 1166 autem
1169 1139 1254 1173 pacis.
1283 1147 1293 1163 ι
1319 1137 1454 1170 Quoniam
1485 1141 1564 1164 erant
1585 1136 1710 1168 dissidia.

923 1184 999 1219 pacis
1023 1183 1147 1212 datarem
1177 1183 1297 1214 invocat,
1322 1187 1351 1209 ut
1376 1181 1505 1209 cohibeat
1535 1181 1710 1208 oﬂ‘endicula.

928 1239 937 1255 ι
956 1229 1096 1257 Conteret.
1114 1239 1122 1255 ι
1143 1229 1222 1262 Quod
1247 1229 1334 1255 multo
1354 1227 1440 1262 magis
1459 1235 1540 1262 quam
1563 1227 1711 1261 subjicere.

929 1285 938 1301 ι
952 1275 1092 1303 Satanam.
1108 1284 1117 1300 ι
1128 1275 1187 1302 Non
1201 1274 1302 1305 solum,
1316 1273 1416 1308 inquit,
1434 1272 1614 1299 immittentes
1626 1272 1713 1299 otl‘en-

925 1321 1017 1349 dicula
1029 1324 1165 1353 conteret,
1182 1320 1231 1348 sed
1245 1324 1273 1346 et
1287 1319 1377 1354 ipsum
1394 1319 1504 1346 illorum
1521 1317 1618 1345 ducem
1634 1317 1713 1345 Sata—

926 1375 1000 1395 nam.
1021 1377 1030 1392 ι
1045 1366 1137 1394 Brevi.
1166 1376 1174 1392 I
1198 1366 1219 1393 Α
1233 1370 1356 1400 tempore
1380 1364 1596 1392 consolationem
1611 1362 1713 1390 conﬁr-

927 1417 994 1440 mat.
1012 1422 1021 1438 ι
1039 1412 1130 1440 Gratia
1143 1411 1251 1439 Domini
1265 1410 1353 1438 nostri
1373 1410 1438 1438 Jesu
1451 1409 1552 1438 Christi
1569 1410 1604 1437 sit
1619 1409 1712 1436 vobis-

927 1466 1000 1486 cum.
1020 1467 1029 1484 »
1060 1457 1186 1492 Suggerit
1208 1456 1276 1492 ipsis
1300 1456 1348 1484 Dei
1371 1455 1498 1491 gratiam,
1523 1463 1584 1490 quae
1606 1462 1716 1490 semper

928 1502 1017 1529 salvos
1043 1501 1117 1529 facit.
1137 1500 1214 1534 Quod
1238 1500 1260 1528 si
1283 1508 1348 1528 cum
1381 1500 1487 1528 inimici
1509 1504 1601 1528 essent
1627 1499 1716 1527 salvos

88 1547 189 1582 ἔργων,
205 1547 252 1574 καὶ
272 1547 383 1583 χάριτος
403 1547 442 1579 είς
458 1548 488 1573 τὸ
508 1547 627 1581 σωθῆναι
647 1546 782 1582 δεόμεθα;
801 1547 878 1574 Μετὰ

943 1547 1006 1580 ecit,
1023 1547 1110 1574 multo
1125 1546 1210 1581 magis
1221 1554 1306 1573 nunc.
1321 1545 1405 1574 Vides
1417 1545 1491 1580 quod
1511 1553 1573 1573 cum
1586 1545 1717 1580 operibus

88 1593 143 1628 γὰρ
159 1593 190 1618 τὸ
208 1594 380 1628 μαρτυρῆσαι
395 1593 486 1625 αὐτοῖς
506 1593 641 1627 ὑπακοὴν,
656 1592 718 1619 τότε
732 1592 782 1628 τὴν
795 1593 877 1628 χάριν

89 1638 238 1672 ἐπεύξατο.

124 1729 324 1760 Ἀσπάζονται
344 1729 422 1763 ὑμᾶς
446 1728 585 1764 Τιμόθεος
604 1729 621 1755 δ
641 1728 789 1762 συνεργός
807 1735 877 1761 μου.

89 1776 140 1803 καί
155 1776 294 1808 Λούκιος,
306 1775 355 1802 καὶ
364 1774 481 1808 Ἰάσων,
496 1775 545 1801 καὶ
553 1773 755 1807 Σωσίπατρος,
767 1774 794 1800 οι
808 1780 880 1807 συν-

90 1821 191 1857 τενεῖς
215 1830 286 1856 μου.
316 1821 494 1855 Ἆσπὰζομαι
522 1819 600 1854 ὑμᾶς
626 1819 683 1854 ἠὼ
709 1819 839 1853 Τέρτιος,
863 1819 880 1845 ὁ

89 1869 211 1903 γράψας
238 1867 296 1902 τὴν
322 1867 491 1901 ἐπιστολὴν
513 1866 548 1893 ὲν
575 1865 684 1900 Κιῳίῳ.
704 1864 880 1894 Ἀσπάζεται

90 1914 171 1949 ὑμᾶς
191 1913 284 1946 Γάιος
309 1914 326 1940 ὀ
341 1912 429 1945 ξένος
454 1920 525 1947 μου,
555 1911 671 1945 καὶτῆς
696 1910 881 1944 Ἐκκλησίας

90 1961 178 1994 ὅλης.
195 1959 371 1989 Ἀσπάζεται
384 1958 461 1994 ὑμᾶς
473 1959 621 1992 Ἔραστος
631 1958 647 1984 ὁ
659 1956 815 1992 οἰκονόμος
825 1955 881 1991 τῆς

91 2008 223 2039 πόλεως,
240 2005 290 2032 και
306 2006 458 2039 Κούαρτος
476 2006 493 2032 ό
508 2004 651 2038 ἁδελφός.
672 2003 708 2030 Ἢ
726 2002 812 2037 χάρις
827 2001 881 2029 τοῦ

91 2055 206 2089 Κυρίου
221 2053 305 2089 ἡμῶν
314 2051 419 2087 Ἰησοῦ
431 2049 560 2084 Χριστοῦ
569 2048 644 2084 μετὰ
657 2048 777 2075 πάντων
786 2044 879 2082 ὑμῶν.

98 2101 206 2136 Ἀμήν.

128 2146 210 2178 Εἶδες
224 2145 360 2182 ἐγκώμιον
374 2144 422 2172 τοῦ
437 2143 570 2180 Τιμοθέου
583 2151 590 2175 ;
613 2142 742 2177 συνήργει
760 2141 789 2168 δὲ
805 2140 881 2176 αὐτῷ

93 2196 122 2222 ἐν
152 2193 192 2228 τῷ
205 2191 373 2227 Εὑαγγελίῳ.
395 2200 405 2216 ι
422 2190 477 2218 Καὶ
494 2189 681 2223 Σωσίπατρος,
703 2188 726 2213 ot
740 2187 881 2221 συγγενεῖς

95 2249 158 2275 μου.
202 2223 355 2272 Συγέενεϊςῖ
376 2245 454 2272 φησι,
471 2236 535 2267 τοὺς
553 2234 676 2264 ἐοικότας
685 2231 756 2260 κατὰ
772 2232 822 2266 τὴν
837 2231 883 2258 εὺ-
897 2223 920 2251 θ

94 2285 214 2312 σέὸειαν.
229 2284 366 2319 «Τέρτιος,
378 2283 392 2308 ὁ
401 2281 519 2318 γράψας.
530 2289 540 2307 ι
551 2280 623 2307 Ἀντὶ
635 2278 754 2315 μεγάλου
763 2278 884 2305 τέθεικεν

95 2332 221 2361 ἐπαίνου,
234 2330 266 2357 τὺ
279 2328 349 2356 εῖναι
361 2328 523 2363 ὕπογραφέα
532 2327 650 2354 Παύλου.
664 2336 674 2352 ι
686 2325 766 2357 Γάϊος
779 2325 794 2351 ό
809 2324 884 2358 ξένος

97 2387 159 2414 μου.
174 2387 184 2404 ι
196 2376 341 2404 Τουτέστιν
357 2376 372 2402 δ
386 2374 522 2409 ξενοδόχος
537 2382 598 2409 μου.
610 2373 665 2399 Καὶ
681 2371 764 2403 πολὺς
779 2372 793 2398 ὁ
807 2371 884 2398 ἔπαι-

94 2432 150 2455 νος,
168 2423 208 2450 ὅτι
223 2423 314 2449 πᾶσαν
332 2421 413 2452 αὖτδς
439 2420 571 2454 ξενοδοχεῖ
583 2418 632 2454 τὴν
645 2417 821 2452 Ἐκκλησίαν,
837 2416 885 2444 καὶ

94 2471 142 2497 τὸν
159 2468 278 2500 Παῦλον,
298 2467 327 2497 ὃς
347 2466 396 2493 οὐκ
420 2466 454 2492 ἂν
469 2465 563 2496 ἁπλῶς
578 2464 642 2500 παρ’
659 2463 734 2499 αὐτῷ
748 2462 884 2497 ἐξενίσθη,

96 2517 120 2543 εἰ
135 2516 172 2551 μὴ
191 2513 226 2550 ἦν
238 2515 252 2540 ό
267 2513 347 2544 Γάῑος
361 2512 446 2544 ἄξιος,
461 2521 470 2537 ι
482 2511 512 2537 ’0
525 2510 665 2544 οἰκονόμος
678 2509 728 2544 τῆς
744 2509 857 2540 πόλεως.
870 2517 880 2534 ι

96 2562 152 2597 Τὴν
169 2561 249 2593 άξίαν
266 2558 348 2586 αὑτοῦ
363 2558 494 2589 τέθεικεν,
511 2557 555 2583 ἵνα
569 2556 640 2591 γνῷς
654 2556 695 2582 ὅτι
711 2555 740 2582 οὒ
757 2554 883 2586 πλοῦτος,

96 2609 146 2635 οὐκ
161 2607 289 2641 ἀξίωμα,
306 2604 421 2639 κώλυμα
448 2602 553 2637 γίνεται
575 2610 628 2629 τινι
651 2601 719 2637 πρὸς
741 2601 772 2628 τὺ
797 2600 885 2635 ὀρθῶς

98 2654 172 2689 βιοῦν
189 2653 206 2688 ἢ
228 2651 378 2678 πιστεύειν.

136 2709 146 2725 ι
166 2699 199 2726 Ἦ
213 2699 294 2734 χάρις
307 2699 354 2724 τοῦ
370 2698 473 2734 Κυρίου
487 2695 575 2730 ’1ησοῦ
591 2694 720 2730 Χριστοῦ.
736 2703 745 2719 ›
763 2694 818 2728 Τῆς
833 2693 882 2728 χά-

99 2754 173 2780 ριτος
191 2746 340 2780 μέμνηται,
357 2744 411 2771 τῶν
428 2743 595 2778 εὐεργεσιῶν
612 2741 829 2775 ὑπομιμνήσκων
839 2738 885 2765 τοῦ

98 2790 230 2826 Χριστοῦ.
244 2799 253 2814 ι
267 2790 345 2816 Μετὰ
360 2789 470 2815 πάντων
486 2787 573 2821 ὑμῶν.
592 2785 689 2820 ’Δμὴν.
703 2794 712 2810 ›
725 2783 818 2814 Οὕτως
834 2782 885 2816 ἧρ-

99 2837 164 2869 ξατο
177 2835 231 2862 άπὸ
243 2835 334 2870 εὐχῆς.
358 2845 367 2860 ι
384 2835 468 2868 Χάρις
489 2833 553 2867 ὑμῖν
568 2833 615 2858 καὶ
631 2831 724 2866 εἰρήνη
743 2830 796 2855 ἀπὸ
819 2827 886 2853 Θεοῦ

99 2883 206 2919 [la-rgo;
221 2882 269 2909 καὶ
285 2881 389 2916 Κυρίου
403 2880 490 2919 ’1ηςοῦ
503 2878 631 2912 Χριστοῦ,
651 2887 658 2902 ι
677 2878 722 2904 καί
741 2876 884 2906 simu-1.2-

927 1594 1009 1622 etiam
1033 1594 1118 1629 gratia
1140 1594 1220 1622 nobis
1239 1600 1310 1627 opus
1331 1592 1367 1620 sit
1389 1597 1419 1619 ttt
1439 1591 1506 1619 salvi
1523 1592 1627 1619 simus?
1647 1591 1716 1618 Nam

927 1643 1073 1674 postquam
1104 1637 1289 1665 obedientiam
1313 1635 1380 1669 ipsis
1407 1634 1504 1662 adesse
1527 1638 1644 1662 testatus
1662 1639 1715 1666 est.

929 1689 996 1712 tunc
1014 1683 1096 1710 etiam
1112 1682 1226 1717 gratiam
1239 1685 1326 1716 optat.

964 1729 1033 1762 XVI,
1050 1728 1144 1756 21-24.
1160 1727 1285 1755 Salutant
1297 1735 1340 1754 vos
1357 1725 1506 1753 Timotheus
1517 1725 1623 1760 adjutor
1634 1733 1716 1757 meus,

930 1773 1068 1804 etLuct'us,
1085 1777 1110 1800 ct
1121 1773 1214 1805 lason,
1229 1781 1260 1799 αι’
1271 1771 1408 1806 Sosipater
1423 1771 1528 1806 cognati
1550 1771 1610 1796 mei.
1623 1769 1718 1797 Saluto

929 1829 974 1848 vos
997 1829 1043 1856 ego
1060 1820 1173 1852 Tertius,
1190 1819 1235 1854 qui
1259 1818 1352 1853 scripsi
1380 1817 1519 1852 epistolam
1543 1816 1571 1843 in
1595 1816 1718 1843 Domino.

930 1865 1037 1893 Salutat
1060 1873 1103 1892 vos
1128 1865 1210 1893 Gaius
1233 1864 1324 1897 hospes
1346 1871 1419 1890 meus
1439 1863 1568 1897 totiusque
1584 1862 1718 1889 Each-sitv.

931 1911 1039 1940 Salutat
1051 1920 1095 1938 vos
1109 1910 1231 1942 Erastus,
1251 1917 1398 1937 wcortomus
1417 1909 1542 1940 civitatis,
1560 1912 1585 1934 et
1601 1908 1718 1940 Quartus

931 1958 1025 1993 frater.
1043 1956 1136 1984 Gratia
1165 1955 1273 1982 Domini
1288 1956 1370 1982 nostri
1390 1952 1456 1980 Iesu
1480 1952 1577 1980 Christi
1602 1955 1635 1981 sit
1659 1961 1718 1980 cum

931 2003 1050 2032 omnibus
1064 2003 1145 2031 vobis.
1158 2003 1252 2030 Amen.

968 2139 1051 2167 Vides
1085 2137 1242 2166 eucomium
1277 2135 1434 2163 Timothei?
1462 2133 1608 2169 adiuvabat
1645 2132 1719 2159 enim

933 2185 1023 2221 ipsum
1037 2185 1063 2212 in
1078 2183 1232 2218 Evangelio.
1249 2191 1258 2207 ι
1281 2182 1314 2209 Et
1329 2181 1480 2215 Sosipater,
1500 2179 1607 2214 cognati
1625 2178 1688 2204 mei.
1707 2187 1716 2202 ι

933 2230 1058 2266 Cognati,
1081 2229 1180 2264 inquit,
1198 2227 1302 2254 similes
1321 2227 1347 2253 itt
1371 2227 1481 2261 pietate.
1502 2234 1510 2250 I
1533 2224 1653 2251 Tertius.
1675 2223 1721 2257 qui

935 2275 1044 2310 scripsi.
1060 2284 1069 2300 ι
1085 2274 1114 2302 ld
1135 2280 1239 2308 magna:
1254 2272 1344 2300 laudis
1363 2272 1423 2298 loco
1439 2270 1542 2305 posuit,
1556 2269 1628 2304 quod
1649 2267 1723 2295 l'auli

935 2319 1111 2349 amanuensis
1125 2318 1218 2346 fuerit.
1235 2327 1244 2343 ι
1259 2317 1342 2344 Gaius
1357 2317 1457 2350 hospes
1470 2323 1557 2342 meus.
1577 2324 1586 2339 ι
1605 2313 1661 2340 lloc
1671 2318 1724 2345 est,

935 2366 1056 2401 hospitio
1078 2372 1122 2392 me
1137 2362 1292 2398 suscipiens
1312 2370 1319 2388 :
1335 2366 1363 2389 et
1386 2368 1483 2395 magna
1505 2360 1564 2387 laus
1578 2363 1636 2386 erat
1653 2358 1724 2392 quod

935 2421 1046 2442 omnem
1072 2411 1224 2440 Ecclesiam
1257 2409 1377 2444 hospitio
1409 2407 1549 2442 exciperet
1580 2414 1632 2432 una
1663 2412 1725 2432 cum

936 2460 1032 2492 Paulo,
1047 2459 1093 2494 qui
1119 2466 1173 2485 non
1200 2462 1303 2484 temere
1320 2454 1392 2490 apud
1412 2461 1475 2481 eum
1489 2453 1586 2480 fuisset
1604 2452 1725 2487 hospita-

936 2509 992 2537 tus,
1008 2504 1061 2531 nisi
1082 2503 1166 2531 Gaius
1191 2502 1303 2528 omnino
1320 2500 1419 2535 dignus
1440 2499 1546 2526 fuisset.
1574 2508 1582 2523 ι
1599 2497 1726 2524 ()Econo-

937 2559 1000 2579 mus
1012 2550 1142 2578 civitatis.
1159 2559 1168 2575 ι
1187 2549 1253 2583 Ejus
1273 2547 1365 2582 posuit
1380 2546 1554 2580 dignitatem.
1568 2549 1598 2570 ut
1618 2543 1726 2570 noveris

937 2597 1011 2632 quod
1032 2604 1086 2622 non
1097 2594 1210 2626 divitiae,
1231 2601 1285 2620 non
1297 2592 1425 2626 dignitas,
1444 2590 1525 2616 alicui
1544 2590 1599 2615 sint
1611 2587 1719 2622 impedi-

938 2648 1031 2671 mento
1042 2642 1076 2669 ad
1091 2645 1163 2668 recte
1176 2639 1337 2669 vivendum,
1356 2642 1403 2664 aut
1417 2636 1596 2663 credendum.

972 2689 1053 2725 5,13
1069 2697 1077 2713 ι
1095 2687 1188 2715 Gratia
1200 2684 1308 2712 Domini
1326 2683 1413 2710 nostri
1425 2683 1488 2710 Jesu
1505 2679 1617 2708 Christi.
1636 2688 1644 2704 ι
1657 2680 1725 2706 Gra-

938 2724 1130 2764 tiaaituemiuit,
1147 2732 1249 2759 Christi
1262 2729 1396 2757 beneﬁcia
1413 2728 1467 2755 illis
1482 2733 1639 2761 suggerens.
1659 2734 1667 2749 ι
1685 2724 1725 2751 Sit

939 2790 1001 2810 eutn
1029 2779 1160 2807 omnibus
1188 2777 1277 2803 vobis.
1310 2776 1406 2801 Antcn.
1427 2783 1435 2798 ι
1458 2774 1495 2799 lla
1516 2780 1530 2798 τι
1568 2771 1726 2805 precatione

940 2827 1046 2862 cmpit:
1067 2834 1076 2851 ι
1094 2823 1187 2852 Gratia
1204 2821 1281 2848 vobis
1300 2825 1328 2846 et
1351 2826 1402 2852 pax
1421 2825 1436 2845 a
1454 2818 1509 2844 Deo
1525 2817 1604 2843 Patre
1626 2820 1654 2842 et
1675 2816 1715 2842 Do

943 2860 1017 2899 mitto
1033 2871 1096 2898 Iesu
1110 2868 1220 2895 Christo
1238 2874 1243 2892 ς
1268 2874 1276 2890 ι
1295 2868 1320 2891 et
1336 2863 1372 2890 ita
1388 2861 1560 2890 convenistin
1576 2860 1654 2886 modo
1670 2867 1715 2886 ser
