1889 3055
103 147 158 177 6M

638 139 828 170 COMMENT.
854 139 891 169 [N
912 138 1058 168 EPIST.I
1076 139 1126 168 AD
1145 138 1230 170 COR.

1687 134 1741 170 642

103 199 208 233 ἁγίοις,
227 207 236 224 ι
257 197 358 224 αὐτίκα
372 195 473 231 συνῆψε
484 204 491 210 ·
510 204 519 220 ε
538 195 590 221 Σὺν
605 195 672 220 πᾶσι
682 195 740 224 τοῖς
751 193 898 220 ἐπικαλου-

964 193 1066 221 [ixisset
1081 203 1090 220 ι
1110 194 1221 221 Vocatis
1243 194 1356 225 sanctis.
1374 203 1382 220 I
1404 195 1531 229 protinus
1545 197 1736 232 conjungendo

107 246 212 282 μένοις,
228 253 238 270 ι
259 244 306 270 καὶ
320 243 393 278 ἑξῆς.
417 242 470 268 Καὶ
486 242 550 276 ὑμῖν
565 262 571 273 ,
592 241 669 275 φησὶ,
687 241 733 266 καὶ
758 239 897 274 σύμπασιν

104 288 151 323 εἴη
170 288 187 322 ἡ
199 287 254 313 ἀπὸ
266 285 335 312 Θεοῦ
351 287 398 312 καὶ
415 285 522 320 ῐΙατρὺς
533 285 613 319 χάρις
633 284 680 310 καὶ
692 284 798 318 εἰρήνη.
815 292 824 309 ε
844 284 898 310 Αὐ-

106 335 164 361 τῶν
185 343 214 360 τε
228 334 274 360 καὶ
299 333 404 368 ἡμῶν.)
432 331 541 367 Ἐπειδὴ
553 330 638 357 εἰπὼν
649 352 656 363 ,
676 341 684 356 ι
697 331 749 357 Σὺν
763 331 828 357 πᾶσι
843 331 898 361 τοῖς

106 379 334 414 ἐπικαλουμένοις
343 379 374 405 τδ
385 378 470 412 ὄνομα
479 377 526 404 τοῦ
536 377 647 412 Κυρίου,
658 390 666 402 r
685 377 808 411 ἐπήγαγε
818 376 898 410 μόνον

106 424 149 455 τὸ,
169 433 179 449 ‹
199 424 302 458 Ἠμῶν,
320 432 329 448 ι
352 422 589 457 ὲπιόιορθοῦμενος
617 421 664 447 καὶ
690 421 795 451 δεικνὺς
810 419 898 446 κοινὸν

107 469 192 496 αὐτὸν
206 468 308 503 Κύριον
325 467 372 494 καὶ
389 467 529 505 Δεσπότην
553 467 680 493 ἁπάντιυν
695 466 768 497 ὂντα,
785 465 898 500 προστί-

107 514 200 548 Θησιν,
221 522 230 539 t
245 513 340 539 Αὐτῶν
357 521 385 539 τε
402 513 447 539 καὶ
463 512 550 548 ἡμῶν.
572 521 581 537 ι
608 513 638 538 Ei.
660 512 688 538 δὲ
705 511 793 542 κοινὸς
810 511 898 538 ἁπάν-

107 569 164 586 των
192 560 315 595 Κύριος,
332 558 380 585 καὶ
403 559 433 584 οὐ
460 558 541 593 μόνον
562 557 650 592 ἡμῶν,
682 557 749 584 ἀλλὰ
774 557 821 583 καὶ
844 556 898 582 τῶν

109 604 281 638 ἁπανταχοῦ,
294 604 321 630 τί
335 603 483 638 σχιζόμεθα
495 603 629 638 ἀλλήλων,
640 602 686 630 καὶ
699 602 747 638 τὴν
765 601 856 637 κοινὴν
869 600 898 633 ἐξ

107 647 147 676 ὧν
163 649 296 684 τέμνεσοε
311 648 522 683 καθυϐρίζοντες
547 649 708 683 κυριότητα,
722 647 826 682 ἑτέροις
850 647 898 673 καὶ

110 696 216 730 ἑτέροις,
233 695 345 726 ἑαυτοὺς
362 695 522 730 διανέμετε;
543 704 551 719 ι
568 695 621 721 Καὶ
635 695 729 729 εἰρήνη
754 693 808 719 ἀπὸ
829 692 897 719 Θεοῦ

110 742 229 774 Πατρός.
248 750 256 765 ι
278 740 310 766 Τί
322 740 361 773 δὲ,
379 741 470 775 φησὶν,
487 740 503 774 ἢ
520 740 589 775 πρὸς
611 739 685 766 τόνδε
699 738 864 774 εἰρηνεύετε,
880 737 897 772 ἢ

109 787 165 814 ἀπὸ
179 787 256 813 τοῦδε
271 787 350 822 χάριν
365 786 458 821 ἐχετες
483 786 564 821 Ἐγὼ,
579 786 656 820 φησὶ,
668 785 754 812 ταῦτα
766 785 819 811 ἀπὸ
829 783 897 811 Θεοῦ

110 833 176 867 ὑμῖν
193 831 307 866 εὔχομαι
318 831 454 865 γενέσθαι.
473 823 622 858 Α’ζνίττεται
640 831 680 866 δὲ,
691 831 754 863 τοὺς
766 822 898 858 διδασκά-

110 877 176 909 λους
188 875 279 903 αὐτῶν
291 875 509 911 καθαπτόμενος.

148 1012 325 1048 Εὑχαριστῶ
351 1012 390 1045 τῷ
410 1011 470 1045 Θεῷ
497 1021 556 1047 μου
582 1011 710 1038 πάντοτε
724 1012 788 1046 περὶ
805 1011 895 1046 ὑμῶν,

109 1059 159 1085 ἐπὶ
175 1058 213 1092 τῇ
229 1058 324 1092 χάριτι
345 1057 398 1085 τοῦ
422 1057 496 1084 Θεοῦ
515 1056 551 1090 τῇ
565 1056 686 1090 δοθείσῃ
702 1057 773 1091 ὑμῖν
786 1056 821 1083 ἐν
834 1058 899 1090 Χρι-

109 1104 174 1136 στῷ
188 1103 302 1137 Ἰησοῦ,
313 1104 357 1130 ὅτι
369 1103 404 1130 ἐν
417 1102 506 1129 παντὶ
517 1103 737 1136 ἐπλουτίσθητε
756 1102 791 1129 ἒν
807 1103 896 1135 αὐτῷ,

109 1149 145 1175 ὲν
159 1148 250 1175 παντὶ
264 1148 344 1182 λόγῳ
359 1147 407 1174 καὶ
422 1147 506 1182 πάσῃ
522 1146 641 1181 γνώσει,
668 1147 765 1180 καθὼς
779 1147 810 1174 τὸ
823 1156 897 1182 μαρ-

110 1196 217 1229 τύριον·
229 1195 283 1221 τοῦ
296 1193 425 1228 Χριστοῦ
439 1193 596 1226 ἐϐεϐαιώθη
613 1193 647 1219 ἐν
661 1193 740 1227 ὑμῖν.

147 1241 174 1277 [ί
185 1241 356 1276 Εὑχαρίστῶ.
364 1240 575 1276 ι]Εὺχαρίστους
584 1237 654 1266 εἶναι
669 1239 742 1274 ἡμᾶς
751 1239 897 1272 παιδεύων,

111 1289 141 1314 ἐν
151 1288 226 1323 mir“
235 1287 376 1322 Ἐπιστολῇ
385 1287 463 1313 τοῦτο
475 1286 592 1322 τίθησιν.
609 1296 618 1312 ‹
631 1286 676 1321 Τῷ
685 1286 745 1320 Θεῷ
755 1295 816 1321 μου.
829 1295 838 1312 ι
852 1287 899 1313 Ἐκ

112 1334 216 1368 πολλῆς
225 1334 345 1369 ἀγάπης,
360 1333 390 1359 τὸ
397 1334 487 1359 κοινὸν
497 1332 562 1359 τδιον
574 1333 703 1360 ποιεῖται.
715 1333 792 1359 «Ἐπὶ
806 1334 838 1367 τῇ
848 1333 899 1367 κά-

113 1387 169 1414 ριτι
181 1379 229 1405 τοῦ
239 1379 316 1405 Θεοῦ.
329 1388 338 1404 ι
353 1379 431 1412 Μέγα
444 1379 573 1414 ἐφρόνουν
586 1379 631 1404 ἐπὶ
650 1379 705 1409 τοῖς
721 1378 897 1413 χαρίσμασιν.

113 1426 266 1452 Δὶνίττεται
282 1424 343 1452 οὖν·
363 1425 394 1451 Εί
411 1425 461 1452 οὐκ
476 1425 506 1457 ἐξ
531 1424 638 1451 οἰκείων
665 1424 897 1459 κατορθωμάτων,

113 1471 181 1497 ἀλλὰ
198 1471 230 1505 τῇ
246 1471 293 1497 τοῦ
306 1470 424 1505 Χριστοῦ
437 1470 525 1506 δωρεᾷ
540 1470 569 1496 τὸ
584 1471 706 1505 χάρισμα
717 1471 856 1504 εἰλήφατε,
872 1471 899 1497 τί

117 1517 189 1551 μέγα
210 1518 331 1552 φρονεῖτε
344 1525 352 1548 ;
371 1525 381 1542 α
394 1516 440 1542 Ἐν
451 1517 563 1551 Χριστῷ
583 1516 681 1551 Ἰησοῦ.
695 1526 704 1542 ι
724 1517 764 1552 Τῇ
778 1516 822 1543 διὰ
833 1517 900 1552 Χρι-

116 1562 192 1588 στοῦ.
210 1562 258 1588 Διὰ
279 1561 401 1597 Χριστοῦ
420 1562 473 1597 γὰρ
489 1563 502 1588 ὸ
514 1562 606 1596 Πατὴρ
623 1562 747 1589 δέδωκεν.
766 1572 775 1588 ε
794 1563 839 1588 ‘Ev
854 1563 901 1588 αὐο

115 1606 164 1641 τῷ.
185 1615 195 1632 ν
217 1606 302 1632 Πάλιν
318 1607 403 1638 τὺ,ἐν
412 1605 501 1639 αὐτῷ,
515 1607 648 1638 τουτέστι,
664 1606 698 1633 δι’
712 1607 807 1634 αὑτοῦ.
825 1607 855 1633 ΕΞ
874 1607 903 1634 δὲ

116 1653 149 1678 δι’
163 1651 247 1678 αὑτοῦ
266 1651 461 1685 ἐπλουτίσθητε
478 1653 506 1678 ἐν
534 1653 615 1679 παντὶ
641 1652 802 1687 πράγματι,
825 1653 872 1680 καὶ
888 1653 902 1679 ὁ

117 1696 232 1728 πλοῦτος
249 1695 324 1731 παρὰ
339 1696 417 1723 Θεοῦ·
434 1696 492 1727 πῶς
510 1696 663 1732 ἀνθρώποις
679 1698 801 1729 ἑαυτοὺς,
823 1698 900 1732 φησὶ,

118 1745 333 1782 προσενείματε;
351 1755 360 1772 t
380 1746 434 1772 Καὶ
445 1746 518 1782 πάσῃ
531 1746 639 1781 γνώσει.
656 1757 665 1772 ι
687 1747 748 1774 Ἐνι
760 1748 814 1782 γὰρ
825 1748 902 1781 λόγος

119 1792 204 1826 χωρὶς
219 1791 356 1826 γνώσεως,
368 1793 405 1823 ὡς
421 1792 437 1827 ἡ
457 1792 586 1827 φλυαρία.
603 1793 662 1818 Ἐνι
679 1793 725 1818 καὶ
736 1793 836 1826 γνῶσις
847 1802 902 1827 χω-

119 1838 161 1873 ρὶς
175 1838 266 1872 λόγου,
283 1839 344 1873 ώςή
364 1838 419 1865 τῶν
433 1839 694 1872 ίδιωτῶν,νοούντων
715 1839 774 1874 μὲν,
785 1838 902 1871 ἐξειπεῖν

118 1884 146 1910 δὲ
162 1884 192 1910 τὸ
206 1884 302 1919 νοηθὲν
321 1885 357 1920 μὴ
372 1885 537 1920 δυναμένων.
557 1885 628 1912 Ἀλλ’
646 1886 734 1920 ὑμεῖς,
750 1885 828 1920 φησὶ,
841 1885 901 1911 κατ’

117 1930 200 1965 ἄμφω
215 1931 417 1965 ἐπλουτίσθητε,
434 1932 481 1958 καὶ
497 1932 567 1967 λόγῳ
584 1933 631 1958 καὶ
647 1931 756 1966 γνώσει.
776 1941 785 1957 ι
804 1930 901 1962 Καθὼς

117 1975 147 2002 τὺ
158 1976 309 2012 μαρτύριον
322 1976 370 2003 τοῦ
385 1977 513 2010 Χριστοῦ.
535 1987 544 2003 ι
574 1977 687 2010 Καθὼς,
710 1977 842 2008 τουτέστι,
868 1976 902 2004 δι’

117 2020 165 2048 ὧν.
179 2021 229 2048 Διὰ
244 2022 322 2056 λόγου
337 2023 401 2057 γὰρ,
418 2024 495 2057 φησὶ,
507 2024 553 2050 καὶ
566 2023 615 2058 τῆς
626 2023 747 2050 θεοδότου
762 2022 900 2056 γνώσεως,

116 2068 146 2093 ea
158 2069 307 2103 μαρτύριον
322 2068 368 2094 τοῦ
386 2069 503 2103 Χριστοῦ
515 2089 521 2100 ,
542 2069 676 2100 τουτέστι,
706 2069 737 2095 τὸ
757 2069 900 2104 κήρυγμα,

117 2114 156 2144 εἰς
169 2113 242 2148 ὑμᾶς
255 2113 396 2140 πιστευθὲν
409 2112 577 2147 ἐϐεϐαιώθη·
605 2114 674 2147 ὅπερ
691 2114 755 2148 ὑμῖν
781 2114 898 2147 ἐγένετο,

117 2159 146 2185 οὐ
161 2159 196 2185 δι’
223 2159 337 2193 εὐφυΐας
353 2159 455 2190 οἰκείας
471 2159 487 2194 ἢ
516 2158 568 2193 τῆς
584 2158 684 2191 ἔξωθεν
708 2159 814 2193 σοφίας,
833 2158 901 2186 ἀλλὰ

949 239 1113 274 subjumit:
1142 249 1151 265 ‹
1176 239 1244 266 Cum
1271 240 1400 267 omnibus
1422 241 1468 274 qui
1495 241 1632 273 invocant,
1649 252 1657 267 ι
1681 247 1734 271 etc.

949 285 983 313 Et
1007 286 1096 318 vobis,
1124 286 1231 322 inquit.
1266 292 1294 314 et
1318 288 1456 315 universis
1477 288 1512 315 sit
1533 296 1548 315 a
1575 289 1629 316 Deo
1658 290 1736 317 Patre

949 331 1036 365 gratia
1056 336 1084 358 et
1108 339 1170 366 pax.
1193 341 1203 357 ί
1224 332 1258 359 Et
1283 340 1344 366 suo,
1377 338 1405 360 et
1428 339 1533 360 nostro.
1564 343 1572 360 ι
1601 334 1736 367 Quoniam

949 376 995 403 ubi
1011 376 1133 409 dixisset,
1155 387 1163 403 ‹
1180 377 1248 405 Cum
1266 378 1396 406 omnibus
1418 379 1465 413 qui
1484 379 1612 407 invocant
1635 389 1737 408 nomen

949 421 1069 454 Domini.
1080 432 1089 448 ι
1101 423 1263 458 adiunxerat
1279 429 1385 451 tantum
1404 434 1412 450 ι
1425 425 1529 458 Nostri,
1544 436 1552 451 ι
1571 430 1699 461 tanquam
1710 427 1737 454 id

949 467 1087 502 corrigens
1126 472 1154 494 et
1193 469 1341 496 ostendens
1370 477 1543 498 communem
1582 472 1670 506 ipsum
1710 477 1739 500 et

948 517 1110 540 cunctorum
1129 520 1190 541 esse
1215 514 1361 542 Dominum
1385 520 1413 542 et
1440 517 1610 551 magistrum,
1631 517 1706 544 addit
1729 527 1736 544 :

953 567 962 583 ι
981 558 1013 585 Et
1027 566 1089 591 suo,
1110 563 1138 586 et
1158 563 1263 587 nostro.
1279 570 1288 585 ι
1308 560 1385 594 Quod
1410 562 1431 589 si
1448 563 1602 590 communis
1615 564 1737 591 omnium

949 604 1082 632 Dominus
1097 610 1149 636 est.
1171 610 1200 632 et
1219 613 1274 633 non
1288 607 1376 633 solum
1403 613 1506 639 noster.
1530 609 1576 636 sed
1595 609 1677 637 etiam
1690 618 1739 637 eo-

950 657 1010 676 rum
1026 650 1073 684 qui
1088 650 1179 678 ubivis
1195 651 1318 678 locorum
1339 652 1454 686 degunt,
1471 654 1567 688 utquid
1595 655 1667 682 inter
1690 663 1740 682 vos

951 700 1046 722 mutuo
1075 696 1224 729 dissidetis,
1249 702 1277 724 et.
1311 705 1485 726 communem
1511 699 1738 733 dominationem,

948 749 998 768 vos
1013 742 1088 776 ipsos
1104 742 1268 777 separando,
1285 743 1384 778 injuria
1402 743 1562 776 adicientes,
1576 746 1637 774 aliis
1658 752 1741 781 atque

949 787 1012 815 aliis
1024 795 1072 815 vos
1087 789 1265 816 attribuitis?
1281 799 1289 814 I
1308 789 1342 816 Et
1364 798 1415 824 pax
1436 798 1450 817 a
1463 791 1519 817 Deo
1537 792 1626 818 Patre.
1644 802 1653 817 ›
1669 792 1739 825 Quid

951 838 1055 866 autem,
1070 839 1119 862 aut
1135 843 1199 870 erga
1216 843 1309 870 quem,
1331 836 1431 870 inquit,
1450 844 1543 871 pacem
1561 837 1676 866 habetis.
1693 842 1741 864 aut

949 887 966 906 a
992 887 1047 914 quo
1069 881 1185 916 gratiam
1206 881 1349 916 accipitis?
1374 882 1440 917 Ego,
1457 882 1505 913 ait,
1529 883 1587 910 haec
1607 887 1635 910 ct
1653 890 1667 909 a
1685 883 1740 910 Deo

950 925 1029 953 vobis
1043 926 1203 961 contingere
1220 927 1311 961 cupio.
1330 927 1378 954 His
1391 931 1482 954 autem
1499 927 1627 954 doctores
1643 935 1741 955 eorum

950 971 1058 998 occulte
1073 972 1262 1006 reprehendit.

985 1017 1006 1048 Ι,
1024 1017 1078 1044 4-6.
1095 1018 1201 1046 Gratias
1215 1027 1264 1053 ago
1279 1018 1331 1046 Deo
1344 1027 1398 1045 meo
1408 1027 1509 1054 semper
1520 1027 1567 1053 pra
1583 1020 1652 1046 vobis
1663 1027 1742 1054 super

949 1063 1037 1098 gratia
1053 1062 1111 1096 Dei,
1127 1071 1185 1098 qua:
1199 1064 1263 1091 data
1277 1068 1315 1091 est
1333 1064 1403 1091 vobis
1424 1073 1471 1099 per
1489 1064 1620 1091 Christum
1635 1065 1738 1097 Iesum,

951 1109 1077 1143 quoniam
1099 1110 1125 1136 in
1147 1111 1218 1136 onmi
1242 1118 1269 1136 re
1292 1111 1368 1137 dilati
1386 1111 1446 1137 estis
1463 1118 1509 1145 per
1524 1111 1609 1145 ipsum
1631 1112 1741 1138 inomni

951 1163 1070 1182 sermone
1083 1160 1107 1182 et
1119 1156 1145 1182 in
1157 1156 1228 1182 omni
1238 1155 1321 1192 419
1332 1156 1450 1186 scientia,
1461 1156 1552 1190 auibus
1563 1157 1742 1185 testimonium

952 1201 1050 1229 Christi
1062 1202 1249 1236 conﬁrmatum
1263 1206 1302 1228 est
1317 1202 1349 1228 ἐπ’
1358 1202 1439 1229 vobis.

990 1255 999 1271 ‹
1020 1245 1126 1272 Gratias
1144 1253 1204 1280 ago.
1229 1255 1238 1271 ι
1266 1247 1408 1273 instruens
1424 1254 1484 1278 nos.
1510 1251 1539 1274 ut
1560 1247 1629 1283 grati
1644 1248 1740 1279 simus.

952 1291 1043 1319 hocin
1063 1292 1139 1318 omni
1151 1291 1228 1318 addit
1242 1291 1373 1326 Epistola.
1392 1292 1466 1319 «Deo
1486 1301 1557 1320 meo.
1578 1303 1586 1318 ι
1603 1293 1635 1320 Ει
1655 1293 1741 1320 multo

952 1344 1046 1364 amore
1059 1336 1180 1364 vindicat
1193 1336 1246 1364 sibi
1259 1337 1286 1364 id
1302 1337 1376 1371 quod
1393 1344 1539 1364 commune
1553 1342 1604 1364 est.
1624 1347 1632 1362 ι
1653 1337 1742 1371 Super

952 1381 1038 1416 gratia
1054 1382 1112 1409 Dei.
1128 1391 1137 1407 ι
1155 1381 1239 1408 Donis
1250 1381 1399 1416 plurimum
1418 1381 1646 1409 intumescebant.
1663 1381 1742 1409 liunc

952 1434 1018 1461 ergo
1033 1427 1124 1454 innuit
1138 1435 1249 1454 sensum
1264 1435 1270 1454 :
1283 1426 1310 1454 Si
1323 1434 1378 1454 non
1391 1427 1493 1455 vestris
1507 1427 1586 1454 bonis
1598 1427 1741 1462 operibus.

953 1471 1001 1498 sed
1023 1471 1126 1498 Christi
1140 1479 1255 1498 munere
1272 1471 1374 1498 donum
1398 1472 1554 1506 accepistis,
1580 1472 1647 1507 quid
1669 1472 1742 1499 intu-

954 1517 1087 1544 mescitis.
1110 1525 1118 1541 ι
1137 1515 1188 1542 Per
1208 1515 1347 1542 Christum
1372 1515 1476 1544 Jesum.
1504 1526 1514 1542 ›
1535 1517 1648 1551 Capitur
1666 1518 1741 1544 enim

955 1563 982 1587 ὲν
1002 1561 1113 1596 Χριστῷ
1136 1568 1185 1595 pro
1209 1561 1252 1587 διὰ
1278 1561 1406 1596 Χριστοῦ.
1428 1559 1496 1588 Nam
1522 1570 1571 1596 per
1600 1562 1741 1590 Christum

954 1607 1028 1634 dedit
1052 1607 1142 1634 i‘ater.
1164 1616 1172 1631 ι
1195 1607 1246 1633 Per
1268 1607 1368 1642 ipsum.
1391 1616 1400 1632 ι
1420 1607 1562 1642 Siquidem
1586 1616 1694 1635 rursum
1712 1609 1742 1635 ὲν

954 1653 1027 1688 αὐτῷ
1047 1653 1153 1687 tapitur
1172 1661 1222 1687 pro
1238 1653 1272 1679 δι’
1286 1653 1381 1680 αὑτοῦ.
1407 1653 1486 1685 Quod
1507 1654 1529 1681 si
1543 1662 1591 1688 per
1609 1654 1696 1688 ipsum
1714 1654 1742 1681 in

954 1699 1028 1726 omni
1046 1707 1074 1726 re
1090 1698 1168 1726 ditati
1186 1699 1264 1732 estis,
1279 1699 1362 1734 idque
1377 1699 1480 1726 divitiis
1497 1707 1558 1734 quas
1573 1707 1586 1726 a
1599 1700 1653 1726 Deo
1666 1703 1741 1731 sunt,

953 1753 1008 1780 quo
1024 1750 1104 1780 pacto
1122 1753 1171 1772 vos
1188 1745 1262 1779 ipsos
1276 1745 1435 1772 hominibus
1453 1745 1616 1772 addixistis?
1638 1755 1646 1769 ι
1661 1745 1695 1772 Ει
1714 1744 1742 1772 in

953 1791 1028 1819 οηιοί
1053 1791 1178 1819 scientia.
1203 1800 1212 1817 ι
1240 1791 1381 1827 Conlingit
1402 1792 1476 1819 enim
1502 1799 1656 1819 sermonem
1681 1798 1744 1818 esse

953 1838 1056 1873 absque
1073 1837 1200 1870 scientia,
1221 1837 1306 1864 veluti
1322 1843 1386 1864 sunt
1402 1845 1489 1872 nugae.
1512 1838 1630 1864 Rursum
1650 1836 1744 1864 scienv

953 1884 1017 1910 tiam
1037 1891 1097 1911 esse
1120 1883 1258 1918 contingit
1277 1883 1367 1917 abque
1390 1890 1528 1915 sermone,
1555 1882 1740 1918 quemadmo-

952 1930 1018 1956 dum
1034 1929 1061 1955 in
1077 1928 1190 1955 idiotis:
1207 1928 1254 1963 qtti
1272 1936 1329 1956 rem
1342 1928 1451 1963 quidem
1469 1928 1635 1964 intelligunt,
1646 1934 1742 1955 verum

953 1974 1027 2009 quod
1059 1973 1152 2001 animo
1182 1979 1381 2009 conceperunt,
1404 1974 1558 2009 exprimere
1590 1977 1742 2008 nequeunt.

953 2020 1007 2047 Sed
1019 2027 1078 2051 vos,
1090 2019 1189 2053 inquit,
1206 2023 1324 2054 utroque
1340 2019 1417 2047 ditati
1433 2019 1500 2047 estis
1519 2028 1525 2046 :
1543 2024 1598 2046 tam
1616 2026 1744 2046 sermone

952 2076 1033 2103 quam
1051 2068 1176 2096 scicntia.
1194 2076 1202 2092 ι
1218 2066 1324 2100 Quibus
1336 2067 1521 2094 testimonium
1534 2067 1593 2094 Dei.
1615 2075 1624 2092 ι
1640 2065 1740 2098 Καθὼς

952 2115 1060 2150 capitur
1074 2122 1123 2149 pro
1136 2114 1159 2140 δι
1172 2111 1219 2140 ὧν.
1232 2112 1372 2148 Siquidem
1388 2121 1437 2147 per
1459 2120 1626 2143 sermonem,
1642 2111 1741 2146 inquit,

953 2165 982 2188 et
1006 2160 1131 2187 traditam
1151 2166 1165 2185 a
1182 2159 1237 2185 Deo
1253 2158 1407 2191 scientiam,
1425 2158 1611 2185 testimonium
1627 2156 1740 2188 Christi,

117 2205 160 2232 διὰ
173 2205 282 2240 χάριτος
293 2205 372 2232 Θεοῦ.
384 2219 418 2224 -
433 2205 527 2232 ’Ἄλλο
540 2204 638 2240 [ΦΩΤ.]
656 2205 740 2231 Πόθεν
765 2205 843 2240 δῆλον
859 2206 899 2232 ὅτι

964 2214 1006 2233 ioc
1024 2210 1077 2236 est,
1098 2203 1266 2239 praedicatio,
1290 2203 1343 2230 ﬁde
1367 2203 1558 2230 conﬁrmatum
1575 2206 1616 2229 est
1637 2202 1664 2228 in
1682 2210 1741 2232 vos.

118 2252 312 2286 ἐπλουτίσθητε
327 2252 398 2287 λόγῳ
413 2252 459 2278 καὶ
473 2251 571 2286 γνώσει
584 2260 591 2285 ;
615 2252 648 2278 ἐκ
661 2252 708 2278 τοῦ
726 2251 756 2278 τὸ
771 2252 901 2287 κήρυγμα

117 2298 163 2332 τῆς
176 2299 217 2328 εἷς
230 2296 347 2332 Χριστὸν
370 2297 498 2330 πίστεως,
522 2297 703 2332 βεϐαιωθῆναι
725 2297 755 2323 ὲν
769 2297 842 2332 ὑμῖν.
868 2296 900 2324 Ἡ

117 2343 170 2378 γὰρ
181 2343 276 2369 τούτου
287 2342 431 2378 βεϐαίωσις
438 2343 467 2369 ἐν
480 2344 554 2378 ὑμῖν,
564 2345 609 2370 καὶ
624 2343 703 2377 λόγου
717 2344 763 2370 καὶ
775 2343 901 2378 γνώσεως

117 2390 220 2424 γίνεται
229 2390 391 2428 ’μαρτύριον
405 2391 479 2425 ὑμῖν.
495 2399 505 2415 ι
517 2390 675 2425 Μαρτύριον
690 2390 818 2425 Χριστοῦ.
834 2399 844 2416 ι
865 2390 902 2417 Ἣ

117 2437 146 2463 τὸ
161 2436 287 2463 ἑκοῦσιον
301 2436 349 2463 καὶ
367 2437 501 2472 σωτήριον
517 2436 612 2469 πάθος,
630 2436 677 2463 καὶ
694 2437 786 2468 ἁπλῶς
801 2436 817 2471 ὴ
831 2436 901 2471 ὑπὲρ

118 2482 196 2517 ἡμῶν
210 2482 259 2509 τοῦ
272 2483 359 2516 Λόγου
375 2482 487 2515 κένωσις
502 2481 549 2509 καὶ
562 2481 768 2518 ὲνανθρώπησις
779 2491 785 2498 -
805 2482 818 2518 ἦ
832 2491 902 2518 μαρ-

117 2528 209 2564 τύριον
232 2528 351 2563 Χριστοῦ
373 2529 390 2564 ὴ
411 2528 465 2555 τῶν
488 2528 608 2563 σημείων
625 2528 704 2563 χάρις
729 2528 776 2555 καὶ¹
801 2528 900 2563 δωρεά.

117 2575 170 2602 Καὶ
182 2574 238 2610 γὰρ
250 2575 304 2600 είσὶ
318 2574 406 2600 ταῦτα
426 2573 577 2609 μαρτύριον
594 2573 644 2608 τῆς
658 2573 697 2604 εἰς
721 2573 838 2608 Χριστὸν
854 2573 901 2599 πῖ-

119 2627 214 2650 στεως,
241 2619 289 2645 καὶ
304 2619 353 2654 τῆς
365 2618 502 2654 θειότητος
518 2617 599 2645 αὐτοῦ
615 2618 661 2645 καὶ
680 2617 899 2653 μεγαλειότητος.

117 2661 206 2691 Ἦσαν
218 2664 283 2700 γὰρ,
295 2662 365 2699 ἦσαν
376 2665 399 2690 oi
408 2664 547 2698 Κορίνθιοι
560 2663 738 2695 πλουτοῦντες
748 2664 776 2689 ἐν
785 2663 901 2694 τούτοις.

123 2711 198 2738 Ἐπεὶ
216 2708 274 2742 οὖν,
292 2710 370 2746 φησὶ,
395 2710 483 2737 ταῦτα
504 2711 601 2744 ὁρᾶται
618 2710 646 2737 ὲν
661 2710 726 2743 ὑμῖν
745 2709 773 2735 ἐν
787 2709 903 2745 ἀφθονίᾳ

118 2758 163 2784 καὶ
178 2757 334 2793 βεϐαιώσει,
345 2757 446 2789 καλῶς,
459 2757 536 2792 φησι,
547 2756 715 2792 προείπομεν
724 2756 765 2782 ὅτι
779 2756 808 2782 ὲν
821 2756 902 2782 παντὶ

117 2803 186 2838 λόγῳ
200 2803 247 2829 καὶ
263 2803 338 2839 πάσῃ
351 2802 451 2837 γνώσει
462 2802 667 2838 ἐπλουτίσθητε.
683 2802 773 2836 Μέρος
782 2801 902 2836 γὰρ·τῶν

118 2849 303 2885 χαρισμάτων,
323 2849 337 2876 ὃ
350 2857 378 2875 τε
395 2848 473 2883 λόγος
491 2849 536 2875 καὶ
547 2849 564 2884 ή
592 2848 704 2882 γνῶσις,
723 2848 736 2874 ὁ
758 2847 808 2882 μὲν
822 2847 901 2881 λόγος

954 2251 1026 2286 quod
1052 2250 1130 2277 vobis
1148 2257 1202 2276 non
1220 2248 1330 2284 propria
1353 2248 1446 2275 datum
1465 2251 1508 2275 est.
1531 2247 1674 2279 industria,
1695 2251 1743 2274 aut

955 2301 1066 2325 externa
1086 2295 1230 2331 sapientia,
1256 2294 1303 2322 sed
1320 2295 1369 2322 Dei
1391 2295 1488 2329 gratia.
1508 2307 1544 2314 -—
1557 2293 1645 2321 Aliud.
1662 2293 1741 2321 Unde

956 2343 1130 2371 manifestum
1158 2346 1201 2369 est
1234 2341 1308 2376 quod
1342 2348 1469 2369 sermone
1499 2340 1577 2367 dilati
1613 2339 1673 2367 sitis
1709 2346 1742 2366 ac

956 2389 1087 2416 scicntia?
1101 2396 1134 2415 cx
1155 2395 1189 2415 eo
1204 2387 1277 2422 quod
1291 2386 1449 2422 praedicatio
1468 2385 1530 2413 ﬁdei
1552 2385 1577 2412 in
1589 2385 1739 2416 Christum,

957 2435 1148 2462 conﬁrmatntn
1178 2438 1219 2461 est
1239 2433 1266 2459 in
1289 2433 1377 2460 vobis:
1409 2432 1491 2467 hujus
1524 2439 1641 2466 namque
1673 2439 1734 2457 eon-

957 2479 1076 2507 ﬁrmatio
1101 2479 1128 2506 in
1157 2478 1247 2510 vobis,
1265 2481 1292 2504 et
1312 2477 1448 2504 sermonis
1472 2481 1501 2504 et
1514 2476 1637 2504 scientiae
1662 2475 1740 2502 vobis

957 2526 1144 2553 tEstimonium
1170 2529 1221 2552 est.
1248 2533 1257 2549 ι
1282 2523 1481 2551 Testimonium
1518 2522 1630 2550 Christi.
1649 2531 1659 2547 ι
1685 2521 1741 2548 Aut

956 2571 1109 2599 voluntaria
1138 2575 1166 2598 et
1195 2569 1323 2597 salutaris
1339 2568 1440 2603 passio,
1466 2573 1550 2603 utque
1576 2575 1631 2594 uno
1654 2567 1740 2593 verbo

956 2618 1057 2649 dicam,
1076 2617 1146 2643 facta
1173 2623 1221 2650 pro
1237 2615 1316 2642 nobis
1336 2615 1418 2642 Verbi
1436 2613 1584 2641 exinanitio
1604 2617 1631 2639 et
1649 2612 1740 2639 incar-

955 2663 1032 2691 natio
1048 2671 1055 2689 :
1072 2667 1119 2689 aut
1132 2661 1317 2688 testimonium
1332 2659 1433 2687 Christi
1456 2659 1542 2694 gratia
1557 2661 1598 2684 est
1621 2656 1739 2684 donum-

956 2717 1009 2745 que
1038 2708 1188 2743 signorum.
1209 2706 1350 2741 Siquidem
1375 2706 1433 2732 haec
1460 2709 1525 2731 sunt
1553 2702 1739 2732 testimonium

957 2755 1020 2784 ﬁdei
1045 2755 1072 2782 in
1098 2753 1239 2781 Christum
1266 2761 1298 2780 ac
1318 2750 1470 2779 divinitatis
1490 2754 1517 2775 et
1544 2749 1740 2783 magnitudinis

956 2786 1025 2835 ejus.
1042 2799 1070 2826 in
1090 2799 1134 2826 his
1146 2798 1220 2825 enim
1237 2797 1315 2824 ditati
1335 2799 1414 2822 erant
1435 2792 1579 2820 Corinthii.
1595 2793 1662 2820 Nam
1676 2802 1738 2820 cum

957 2847 1025 2880 hinc,
1043 2846 1142 2881 inquit,
1159 2845 1186 2872 in
1202 2844 1280 2873 vobis
1297 2841 1511 2877 conspiciantur,
1526 2840 1596 2868 bene
1612 2840 1741 2878 praedixi—
