1889 3055
165 113 218 144 643

704 109 907 140 (ECUMENII
927 110 1073 139 ’l'iiICCAS
1081 110 1254 140 EPISCOPI

1753 112 1824 144 οιι

165 177 226 196 mus
239 167 313 203 quod
329 167 356 194 in
370 164 444 194 omni
460 171 586 192 sermone
598 161 727 197 omnique
746 162 861 189 scientia
878 160 957 188 ditari

1050 161 1147 188 ντελῶν
1169 162 1209 194 εἰς
1222 162 1252 189 τὸ
1266 163 1413 196 διδάσκειν,
1428 164 1483 200 ἠδὲ
1500 165 1602 199 γνῶσις
1621 165 1661 197 εἰς
1674 165 1702 192 τὸ
1717 166 1824 192 συνιέ-

164 217 234 244 sitis.
249 216 317 243 Pars
335 214 410 242 enim
433 216 497 240 sunt
512 212 647 239 donorum
662 217 753 237 sermo
772 214 854 243 atque
868 209 958 236 scien-

166 261 203 287 tia
222 270 229 287 :
246 267 338 288 sermo
353 258 464 294 quidem
480 256 625 284 conferens
640 255 673 282 ad
689 254 854 286 docendum,
870 254 961 281 scicn-

1014 217 1067 235 ναι.
1085 209 1138 234 Καὶ
1152 209 1192 239 τὺ,
1224 218 1233 234 ι
1253 209 1333 236 ’Ὥστε
1354 210 1391 245 μὴ
1408 211 1580 246 ὑστερεῖσθαι
1595 211 1677 246 ὑμᾶς,
1698 222 1706 236 ι
1737 212 1826 246 πρὶς

1014 255 1063 289 τὴν
1078 255 1206 290 δευτέραν
1218 256 1366 290 ἑρμηνείαν
1386 257 1485 291 μᾶλλον
1501 257 1620 292 συνᾴδει.

166 307 203 339 tia
228 313 295 333 vero
309 305 343 332 ad
359 301 579 337 intelligendum.
597 300 674 334 Quod
693 305 784 328 autem
807 299 933 334 sequitur
949 308 956 325 :
977 309 986 324 ί
1005 300 1051 327 Sic
1070 305 1165 328 utnon
1179 301 1380 335 destituamini,
1396 313 1405 328 ι
1427 303 1555 331 secunda:
1578 304 1664 339 magis
1687 301 1824 339 quadral

167 351 401 387 interpretationi.

205 398 288 434 420
313 397 334 429 1,
351 397 377 427 7.
393 397 419 424 8.
451 395 494 422 Sic
515 399 541 421 ut
564 403 615 422 non
645 394 826 422 dcstituamini
850 396 877 421 in
904 395 960 422 ullo

166 446 245 476 dono,
264 446 444 478 exspectantes
466 441 655 469 reuelationem
673 441 780 468 Domini
798 443 881 468 nostri
895 441 958 468 Iesu

166 490 274 519 Christi.
297 489 342 524 qui
361 489 442 515 etiam
469 487 635 522 conﬁrmabit
655 496 700 514 vos
722 495 803 522 usque
831 487 865 514 ad
880 487 961 521 ﬁnem

167 536 314 571 inculpatos
331 535 358 561 in
376 534 418 560 die
433 532 539 559 Domini
557 532 641 559 nostri
652 531 715 559 Jesu
729 531 838 558 Christi.

201 624 339 657 Quteritur
367 623 394 650 in
428 622 481 649 hoc
506 621 578 654 loco,
611 629 674 648 cum
705 621 783 656 prius
818 621 958 650 dixisset:

168 680 178 694 ο
197 671 280 698 Ditati
290 671 356 698 estis
370 670 398 697 in
410 670 486 697 omni
500 677 626 697 sermone
641 674 669 696 et
681 672 706 696 in
718 670 793 696 omni
806 670 930 702 scientia,
947 681 956 696 ›

165 723 333 750 rursumque
357 723 430 742 nunc
454 724 460 742 ε
481 725 490 740 ‹
519 715 565 742 Sic
589 719 618 742 ut
642 723 696 742 non
716 715 905 742 dcstituamini
931 716 959 742 in

165 761 222 788 ullo
251 761 335 791 dono,
357 770 365 786 I
395 768 476 795 quam
509 760 545 787 ob
576 768 686 787 causam
716 760 744 787 in
780 762 961 796 sequentibus

166 808 234 836 dicit
247 808 322 843 ipsos
340 808 481 835 carnales?
496 817 504 832 ι
521 808 618 834 Adhuc
632 808 705 834 enim
719 808 843 834 carnales
857 808 934 841 estis,
947 819 956 834 ι

1049 387 1138 414 Ὥστε
1151 389 1228 422 ὑμᾶς
1237 390 1280 423 μὴ
1295 391 1486 424 ὑστερεῖσθαι
1494 392 1528 418 ἐν
1539 392 1613 425 μηδι
1619 392 1647 419 ri
1656 393 1822 428 χαρίσμα-

1010 441 1048 463 τι,
1065 433 1325 468 ἀπεκδεχομένους
1340 436 1398 470 τὴν
1416 437 1612 471 ἀποκάλυψιν
1626 439 1679 465 τοῦ
1694 440 1820 473 Κυρίου

1010 477 1095 512 ἡμῶν
1114 479 1216 513 Ἰησοῦ
1243 481 1386 514 Χριστοῦ,
1417 482 1451 515 ὃς
1465 483 1513 509 καὶ
1538 483 1699 515 ,βεϐαιώσει
1726 484 1821 519 ὑμᾶς

1010 524 1064 557 ἕως
1075 525 1184 558 τέλους
1198 526 1404 561 ἀνεγκλήτους
1411 528 1445 555 ἐν
1452 528 1486 562 τῇ
1499 529 1593 564 ἡμέρᾳ
1624 530 1677 557 τοῦ
1687 531 1817 564 Κυρίου

1011 570 1095 605 ήμῶν
1110 571 1212 604 Ἰησοῦ
1228 573 1367 606 Χριστοῦ.

1047 619 1172 652 Ζητεῖται
1186 618 1302 645 ἐνταῦθα
1316 620 1343 646 τί
1357 621 1387 656 δή
1404 630 1468 648 ποτε
1481 622 1608 657 ἀνωτέρω
1624 623 1674 657 μὲν
1685 623 1821 659 εἰρηκὼς

1013 663 1077 698 περὶ
1096 664 1196 696 αὐτῶν,
1214 665 1254 691 ὃτι
1274 675 1283 691 ι
1302 666 1512 702 Ἐπλουτίσοητε
1530 669 1558 695 ἐν
1578 669 1659 696 παντὶ
1673 669 1746 705 λόγῳ
1759 670 1822 697 καὶ

1013 709 1090 745 πάσῃ
1114 709 1223 743 γνώσει,
1243 720 1252 736 ν
1285 711 1333 738 καὶ
1350 712 1397 738 νῦν
1413 713 1505 745 πάλιν,
1528 724 1536 739 ι
1557 714 1640 741 Ὥστε
1658 716 1697 749 μὴ
1725 716 1819 742 ὑστε-

1016 754 1119 789 ρεῖσθαι
1136 750 1208 789 ὑμᾶς
1221 757 1250 783 ἐν
1265 757 1359 792 μηδενὶ
1378 760 1542 793 χαρίσματι,
1562 769 1571 785 ι
1591 760 1695 796 προῖὼν
1713 769 1820 796 σαρκι-

1014 801 1079 832 κοὺς
1092 802 1190 834 αὐτοὺς
1210 803 1293 837 λέγει.
1313 813 1323 828 ‹
1337 804 1397 830 Ἔτι
1413 805 1467 839 γὰρ
1485 806 1611 841 σαρκικοί
1630 807 1706 838 ἐστε,
1722 817 1732 832 ι
1753 817 1819 842 φη-

167 854 216 886 ait,
243 854 306 888 quia
326 858 353 881 ct
376 854 434 880 huic
458 859 485 880 et
512 853 558 879 illa
583 853 678 879 multis
695 853 907 880 conveniebant.
930 855 957 881 In

1050 856 1065 872 μ.
1081 847 1142 874 ’Ότι
1160 849 1229 883 πρὸς
1245 848 1360 881 πολλοὺς
1375 850 1424 885 μὲν
1439 851 1536 884 ταῦτα,
1559 853 1627 887 πρὸς
1641 853 1759 885 πολλοὺς
1783 854 1818 881 δὲ

167 906 242 928 tanta
264 901 338 927 enim
361 899 583 934 congregatiOne,
607 906 698 933 neque
720 906 817 926 omnes
835 904 961 934 poterant

166 952 226 972 esse
244 944 369 980 perfecti,
390 951 478 979 neque
498 951 606 970 rursum
624 950 720 970 omnes
743 944 898 978 imperfecti
914 949 962 971 aut

168 990 370 1025 imprudentes.
419 1000 427 1015 ι
468 989 668 1024 Exspectantes
706 989 916 1017 revelationem.
948 999 956 1015 ι

167 1035 213 1063 Sic
227 1040 257 1063 ut
273 1044 328 1063 non
345 1036 534 1063 destituamini
553 1036 581 1062 in
596 1043 651 1062 uno
664 1035 736 1062 dono
751 1035 784 1062 ad
801 1040 963 1070 exspectan-

167 1082 233 1109 dum
264 1082 461 1108 revelationcm
490 1081 604 1108 Christi.
629 1082 792 1109 Necessaria
824 1087 866 1109 est
887 1083 960 1110 enim

167 1128 314 1155 tolerantia
339 1127 372 1154 ad
393 1127 619 1161 exspectandum.
649 1128 734 1154 Porro
765 1128 960 1156 revelatiouem

166 1178 246 1201 vocat
269 1173 422 1200 secundum
439 1173 601 1204 adventum,
618 1173 767 1200 ostendens
786 1174 859 1208 quod
878 1175 961 1201 etiam

165 1227 241 1247 nunc
255 1219 302 1250 sit,
315 1227 472 1253 quanquam
486 1219 574 1246 oculis
588 1227 642 1246 non
657 1219 783 1246 videatur
793 1220 960 1248 carnalibus.

171 1274 180 1289 ι
198 1264 250 1296 Qui
272 1264 354 1291 etiam
379 1263 556 1290 conﬁrmabit
579 1271 638 1290 vos.
658 1273 667 1289 ι
692 1263 800 1290 Iudicat
820 1271 869 1291 eos
909 1264 961 1291 ﬂu-

166 1314 273 1337 ctuare.
291 1309 390 1336 Dieens
407 1314 497 1336 autem
525 1318 533 1333 ι
553 1309 718 1343 inculpatos,
735 1318 744 1334 ι
763 1308 898 1343 signiﬁcat
913 1316 962 1336 eos

167 1356 255 1390 culpae
269 1363 329 1382 esse
342 1355 486 1382 obnoxios.
505 1364 513 1380 ι
534 1354 563 1382 1η
578 1355 622 1381 die
635 1354 755 1381 Domini.
775 1363 784 1379 ι
801 1353 843 1381 Ab
865 1354 962 1382 huma~

167 1402 211 1429 nis
226 1401 367 1429 abduceus
381 1405 466 1428 terret
479 1409 537 1434 eos,
557 1399 738 1435 factajudicii
756 1400 907 1427 mentione.

204 1491 226 1522 ι,
243 1491 268 1518 9.
289 1490 386 1517 Fidelis
411 1490 489 1522 Deus,
514 1497 560 1525 per
575 1497 652 1524 quem
676 1489 760 1515 vocati
778 1489 838 1516 estis
859 1490 886 1516 in
901 1497 962 1516 con-

169 1537 280 1563 sortium
296 1536 357 1563 Filii
372 1537 429 1571 ejus
444 1536 505 1562 Iesu
521 1535 619 1562 Christi
632 1534 740 1561 Domini
750 1535 842 1562 nostri.

205 1582 261 1609 lloc
275 1586 316 1609 est
331 1589 413 1609 verax
427 1589 434 1606 :
451 1579 525 1614 quod
544 1579 567 1606 si
580 1587 674 1611 verax,
685 1580 836 1614 complebit
849 1580 962 1608 omnino

168 1635 229 1662 qum
253 1626 391 1662 promisit.
423 1635 432 1650 ι
448 1624 500 1652 Per
528 1632 609 1658 quem
629 1625 719 1651 vocali
741 1624 819 1652 estis.
841 1634 850 1650 ι
876 1625 963 1652 Nemo

168 1673 271 1707 quippe
311 1671 388 1699 venit
421 1670 455 1697 ad
497 1669 609 1702 Filium,
645 1670 698 1697 nisi
734 1670 818 1698 Pater
849 1671 963 1698 traxerit

167 1726 231 1745 eum
243 1718 274 1745 ".
305 1715 542 1750 Quemadmodum
574 1723 664 1750 neque
681 1720 684 1724 '
698 1716 731 1742 ad
763 1715 870 1743 Patrem
885 1716 963 1751 quis-

167 1771 251 1799 quam
273 1763 360 1794 venit,
388 1761 441 1788 nisi
463 1761 508 1788 cui
528 1761 695 1788 revelaverit
720 1761 806 1788 Filius
821 1761 853 1794 σε,
874 1771 882 1787 ι
911 1762 964 1789 Per

168 1817 250 1843 quem
267 1807 355 1834 vocati
375 1806 453 1838 estis,
474 1815 483 1830 ι
520 1805 573 1832 hoc
587 1809 639 1838 est,
662 1814 675 1832 a
698 1814 753 1840 quo
775 1806 864 1833 vocati
885 1807 963 1836 estis.

169 1853 216 1886 qui
233 1850 340 1877 vocavit
355 1857 413 1876 vos.
431 1849 465 1877 Et
490 1849 613 1884 intelligo
628 1850 766 1884 quomodo
781 1855 865 1885 ponat
884 1851 965 1878 divus

167 1897 270 1925 Paulus
284 1896 316 1922 δι’
333 1892 374 1927 οὗ,
391 1896 416 1922 id
433 1900 485 1927 est,
503 1903 552 1930 per
564 1903 657 1930 quem,
674 1896 756 1922 etiam
772 1895 806 1922 de
820 1896 900 1923 Patre
914 1905 921 1924 :
937 1902 965 1924 et

169 1950 221 1977 pro
241 1949 295 1976 quo
315 1941 382 1968 illud
398 1948 470 1976 pono
486 1950 492 1968 :
510 1945 540 1968 ut
556 1949 619 1968 cum
641 1941 761 1976 idipsum
780 1941 814 1969 de
830 1942 899 1969 Filio
917 1950 966 1969 au-

169 1988 255 2015 dieris
271 1995 325 2014 non
343 1987 507 2014 substantia!
521 1987 714 2018 mutationem,
728 1987 775 2014 sed
792 1987 965 2015 identitatem

170 2034 320 2068 concipias.
352 2044 360 2058 ι
390 2033 504 2060 Vocatis
517 2034 594 2060 estis.
619 2042 627 2058 ι
643 2033 738 2067 Neque
759 2034 833 2060 enim
851 2041 866 2060 a
885 2034 966 2062 vobis

173 2079 242 2114 ipsis
268 2079 391 2110 venistis,
408 2079 455 2106 sed
478 2079 565 2114 gratia
585 2078 674 2105 vocati
691 2078 768 2105 estis.
787 2087 796 2103 ι
810 2078 839 2105 ln
853 2086 966 2106 consor-

172 2125 268 2152 tium»
282 2124 377 2160 Papie!
392 2124 458 2159 quid
470 2124 531 2152 ait?
547 2124 576 2151 In
593 2123 763 2151 consortium
783 2125 873 2151 vocati
887 2125 963 2158 estis,

171 2171 271 2207 inquit,
287 2170 441 2206 Unigeniti,
457 2174 487 2198 ut
508 2173 536 2197 et
560 2170 587 2197 in
604 2178 688 2205 regno
705 2174 733 2197 et
754 2170 780 2196 in
800 2170 884 2205 gloria
898 2178 965 2198 con-

172 2222 260 2245 sortes
271 2217 439 2245 etiiciamini.
460 2216 539 2249 Quod
554 2216 619 2244 alibi
632 2216 718 2244 dicit:
739 2226 747 2242 ι
767 2216 794 2244 Si
808 2216 966 2246 suﬂ‘erimus

172 2268 201 2291 et
220 2264 495 2299 conregnabimus".
518 2273 527 2289 ι
548 2263 579 2290 ln
600 2264 770 2290 consortium
791 2264 880 2291 vocati
899 2266 965 2294 estis

171 2309 316 2341 Cbristi,ut
332 2309 397 2344 quid
416 2309 486 2336 alios
498 2314 582 2344 atque
597 2309 666 2336 alios
676 2310 873 2338 constituendo
887 2311 965 2338 vobis

172 2355 240 2389 ipsis
254 2360 440 2389 praeceptores
459 2353 539 2390 42],
562 2362 594 2382 ac
612 2355 750 2388 doctores,
770 2363 785 2382 a
809 2356 903 2383 divino
918 2356 965 2383 illo

171 2400 342 2436 salutarique
356 2402 497 2429 consortio
506 2401 637 2437 vosipsos
653 2401 808 2430 distrahere
823 2410 855 2430 ac
869 2410 966 2437 ampu-

174 2451 230 2473 tare
242 2446 431 2474 contenditis?

491 2502 604 2531 CAPUT
626 2503 650 2531 Ι.-

169 2546 250 2580 Quod
262 2555 316 2574 non
332 2552 452 2583 oporteat
465 2558 482 2576 α
496 2557 524 2576 se
538 2550 649 2576 inuicem
663 2549 790 2576 dissidere
805 2548 835 2575 ob
845 2556 964 2575 amorem

280 2582 374 2617 gloria
399 2592 458 2618 quia
470 2585 502 2611 de
516 2585 635 2611 humana
655 2589 693 2610 est
709 2584 852 2619 sapientia.

206 2627 229 2659 ι,
248 2628 339 2655 10-15.
353 2628 466 2657 Obsecro
484 2638 539 2662 vos,
558 2630 668 2664 fratres,
688 2637 734 2665 per
750 2636 844 2656 nomen
859 2628 967 2655 Domini

169 2675 257 2702 nostri
270 2674 333 2702 Jesu
345 2675 452 2709 Christi,
465 2680 493 2703 ut
506 2676 574 2703 idem
592 2676 687 2702 dicatis
699 2683 800 2705 omnes,
815 2679 839 2702 et
851 2683 903 2702 non
913 2675 967 2702 sint

169 2720 242 2747 inter
258 2728 300 2748 eos
316 2725 402 2749 sectae.
423 2721 486 2749 Sitis
503 2726 592 2748 autem
615 2721 752 2756 compositi
766 2721 857 2748 eadem
880 2725 966 2748 ments

168 2765 316 2800 “demque
335 2767 475 2794 sententia.
500 2765 687 2800 Signi/iratum
709 2771 746 2793 est
764 2767 832 2792 enim
855 2766 918 2792 mihi
935 2766 967 2792 dc

204 2851 325 2879 "’Joan.
341 2860 379 2885 vt.
399 2853 443 2880 ιι.
483 2853 505 2868 ’³
520 2852 586 2881 Luc.
605 2861 631 2886 ι,
648 2853 692 2880 22.
732 2853 755 2869 ⁶⁹
769 2854 790 2881 ιι
807 2853 878 2881 Tim.
895 2861 926 2887 ιι,
940 2852 983 2880 η.

984 2195 1005 2221 D

1013 893 1104 935 ἐκεῖνα
1122 893 1253 928 ἥρμοζεν.
1279 895 1347 921 Οὐδὲ
1375 896 1430 930 γὰρ
1458 897 1486 923 ἐν
1513 898 1635 934 τοσαύτῃ
1655 899 1818 935 Ἐκκλησία

1013 934 1085 971 εἶχον
1103 935 1173 965 εἶναι
1189 939 1204 973 ἦ
1222 939 1323 971 πάντες
1338 940 1454 973 τέλειοι,
1472 942 1488 977 ἢ
1506 942 1606 974 πάντες
1625 944 1732 975 ἀτελεῖς
1760 934 1818 971 καλ.

1012 984 1116 1019 νήπιοι.
1146 994 1156 1009 ι
1183 985 1432 1021 Ἅπεκὸεχομένους
1471 989 1521 1023 τὴν
1572 990 1757 1025 ἀποκάλυψιν.
1799 1001 1810 1017 ι

1014 1029 1094 1056 Ὥστε
1123 1031 1195 1065 ὑμᾶς
1211 1032 1247 1067 μὴ
1265 1033 1449 1069 ὑστερηθῆναι
1477 1036 1505 1061 ἐν
1521 1035 1616 1070 μηδενὶ
1642 1037 1814 1072 χαρίσματι,

1013 1077 1041 1102 ὲν
1068 1077 1107 1112 τῷ
1123 1078 1321 1113 ἀπεκδέχεσοαι
1339 1079 1389 1114 τὴν
1407 1081 1578 1116 ἀποκάλυψιν
1601 1082 1648 1109 τοῦ
1672 1083 1813 1118 Χριστοῦ.

1013 1123 1100 1158 Χρεία
1113 1124 1168 1159 γὰρ
1181 1125 1319 1160 ὑπομονῆς
1333 1127 1374 1158 είς
1387 1127 1418 1152 τὸ
1430 1127 1604 1159 ἐκδέξασθαι.
1619 1129 1815 1165 ’Δποκάλυψιν

1013 1169 1040 1195 δέ
1061 1178 1137 1204 φησι,
1155 1170 1204 1206 τὴν
1228 1171 1359 1207 δευτέραν
1381 1174 1533 1208 παρουσίαν
1545 1194 1552 1205 ,
1568 1174 1676 1206 δεικνὺς
1692 1176 1733 1201 ὃτι
1760 1176 1814 1202 καὶ

1014 1213 1061 1240 νῦν
1081 1215 1165 1247 ἐστιν,
1182 1216 1207 1241 εί
1227 1216 1328 1250 καὶμὴ
1354 1217 1451 1252 ὁρᾶται
1476 1220 1617 1253 σαρκικοῖς
1642 1220 1814 1254 ὀφθαλμοῖς.

1017 1269 1026 1284 ι
1041 1260 1089 1291 '0;
1102 1261 1148 1287 καὶ
1162 1261 1306 1294 βεϐαιώσει
1324 1263 1407 1297 ὑμᾶς.
1427 1273 1436 1289 ι
1455 1264 1581 1291 Δείκνυσι
1594 1264 1812 1299 σαλευομένους.

1017 1315 1026 1331 ι
1043 1306 1239 1342 Ἀνεγκλήτους
1258 1317 1268 1334 ›
1289 1308 1317 1335 δέ
1331 1309 1427 1340 εἰπὼν,
1445 1310 1521 1345 δηλοῖ
1535 1311 1616 1342 ὖντας
1633 1311 1685 1337 ὑπὸ
1700 1310 1815 1345 ἐγκλη-

1015 1361 1063 1387 μα.
1086 1363 1095 1378 ι
1109 1353 1155 1380 Ἐν
1177 1356 1210 1390 τῇ
1232 1355 1324 1391 ἡμέρᾳ
1341 1356 1389 1382 τοῦ
1416 1357 1530 1392 Κυρίου.
1549 1366 1558 1382 ι
1591 1350 1721 1391 Ἀτιάγων
1752 1358 1817 1384 τῶν

1013 1398 1201 1433 ἀνθρωπίνων,
1212 1400 1291 1434 φοῦεἶ
1298 1401 1407 1434 αὐτοὺς,
1416 1402 1487 1437 τῆςή
1493 1402 1578 1437 μέρας
1587 1402 1816 1438 ὑπομιμνήσκων

1013 1445 1064 1479 τῆς
1078 1445 1205 1480 κρίσεως.

1050 1491 1161 1524 Πιστὸς
1177 1493 1192 1518 ὀ
1207 1491 1280 1525 Θεὸς
1302 1492 1340 1519 δι’
1356 1490 1393 1521 οὗ
1421 1493 1570 1528 ἐκλήθητε
1586 1495 1629 1527 εις
1643 1495 1816 1521 κοινωνίαν

1016 1538 1068 1565 τοῦ
1085 1539 1153 1565 Υἱοῦ
1167 1539 1261 1566 αὑτοῦ
1270 1540 1368 1574 Ἰησοῦ
1383 1541 1511 1574 Χριστοῦ
1524 1541 1577 1568 τοῦ
1590 1542 1702 1575 Κυρίου
1710 1541 1813 1576 ἡμῶν.

1051 1584 1197 1611 Teucer-tv
1211 1585 1326 1621 ἀληθής.
1352 1586 1383 1612 Εἰ
1397 1586 1426 1612 δὲ
1440 1586 1555 1621 ἀληθὴς,
1573 1586 1714 1622 πληρώσει
1735 1588 1813 1614 πάν-

1016 1638 1070 1661 τως
1085 1629 1103 1656 ἆ
1126 1631 1321 1664 ἐπηγγείλατο.
1344 1640 1354 1656 ‹
1376 1630 1414 1657 Δι’
1443 1628 1474 1657 οὑ
1499 1632 1646 1666 ἐκλήθητε.
1673 1641 1683 1657 ί
1710 1633 1814 1664 Οὐδεὶς

1017 1675 1071 1710 γὰρ
1086 1674 1197 1710 ἔρχεται
1210 1671 1342 1711 πρδςτὺν
1359 1676 1434 1708 Υίὺν,
1455 1677 1480 1702 εί
1502 1677 1539 1711 μὴ
1565 1677 1674 1704 ἐλκύσει
1696 1678 1781 1704 αὐτὸν
1798 1680 1813 1705 ό

1017 1721 1113 1757 Πατήρ
1126 1730 1132 1737 ·
1157 1721 1252 1758 ὥσπερ
1267 1722 1328 1749 οὐδὲ
1344 1723 1414 1758 πρὸς
1436 1723 1482 1749 τὸν
1502 1723 1612 1757 Πατέρα
1627 1723 1740 1758 ἔρχεταί
1753 1733 1811 1757 τις,

1017 1767 1042 1792 εἰ
1057 1766 1093 1801 μὴ
1103 1763 1125 1800 ᾧ
1137 1767 1170 1793 ἂν
1181 1767 1345 1803 ἀποκαλύψῃ
1359 1769 1373 1795 ὁ
1388 1768 1462 1799 Υιός.
1493 1778 1502 1794 ι
1516 1769 1555 1794 Δι’
1572 1765 1603 1795 οὗ
1627 1769 1776 1807 ἐκλήθητε.
1798 1781 1808 1797 ι

1018 1812 1093 1839 ’Δντὶ
1098 1812 1143 1839 τοῦ
1148 1833 1155 1845 ,
1164 1813 1225 1847 Ὑφ’
1231 1810 1261 1839 οὗ
1267 1813 1412 1849 ἐκλήθητε,
1420 1811 1485 1846 οἷον,
1496 1815 1525 1841 '0
1533 1813 1652 1846 καλέσας
1661 1816 1675 1841 ὑ
1680 1817 1745 1850 μᾶς.
1754 1817 1776 1843 K
1782 1818 1812 1843 αὶ

1018 1859 1165 1894 ἐπίστησον
1180 1860 1239 1891 πῶς
1260 1860 1302 1891 τὺ,
1329 1859 1367 1886 δι’
1383 1857 1430 1893 οὗ,
1444 1861 1552 1896 τίθησιν
1571 1862 1586 1887 ὁ
1611 1862 1684 1893 θεῖος
1700 1863 1810 1894 Παῦλος

1019 1906 1065 1932 καὶ
1079 1906 1125 1932 ἐπὶ
1140 1905 1186 1932 τοῦ
1200 1905 1317 1941 Πατρδς,
1335 1906 1382 1933 καὶ⁵
1396 1907 1458 1933 ἀντὶ
1472 1906 1544 1938 τίνος
1557 1907 1664 1942 τίθησιν
1681 1908 1760 1940 αὐτὸ,
1776 1909 1812 1935 ἵν’

1018 1952 1084 1978 ὅταν
1097 1951 1144 1977 καὶ
1157 1952 1205 1978 ἐπὶ
1217 1951 1265 1978 τοῦ
1275 1951 1343 1978 Υῐοῦ
1355 1952 1421 1978 αὐτὸ
1431 1952 1561 1988 ἀκούσῃς,
1575 1953 1612 1988 μὴ
1628 1954 1810 1990 παραλλαγὴν

1018 1997 1122 2030 οὐσίας,
1139 1997 1207 2024 ἀλλὰ
1223 1997 1376 2032 ταυτότητα
1391 1998 1494 2033 ἐννοῇς.
1515 2007 1524 2023 ι
1535 1998 1696 2034 Ἐκλήθητε.
1713 2008 1725 2025 ›
1740 2000 1810 2026 οὐδέ

1018 2043 1072 2080 γὰρ
1087 2043 1133 2078 ἀφ’
1151 2044 1256 2071 ἑαυτῶν
1274 2045 1372 2080 ἤκατε,
1386 2044 1454 2072 ἀλλὰ
1466 2045 1557 2080 χάριτι
1570 2046 1716 2080 ἐκλήθητε.
1733 2055 1744 2071 ι
1761 2047 1810 2078 Et;

1019 2090 1186 2122 κοινωνίαν,)
1198 2090 1285 2117 Βαὸαί
1295 2091 1301 2117 i
1311 2090 1337 2117 τί
1347 2088 1438 2124 simu;
1447 2091 1494 2122 Είς
1504 2092 1647 2118 κοινωνίαν
1660 2091 1808 2126 ἐκλήθητε,

1019 2136 1097 2171 φησι,
1108 2136 1155 2163 τοῦ
1172 2136 1353 2171 Μονογενοῦς,
1370 2137 1413 2163 ἵνα
1423 2138 1470 2164 καὶ
1484 2138 1514 2163 ἐν
1531 2139 1563 2173 τῇ
1581 2137 1705 2174 βασιλείᾳ
1717 2139 1767 2165 καὶ
1780 2139 1809 2165 ἐν

1018 2181 1052 2215 τῇ
1074 2180 1136 2217 δόξῃ
1165 2181 1289 2208 κοινωνοὶ
1314 2181 1457 2217 γενώμεθα
1475 2181 1557 2208 αὑτοῦ
1571 2189 1579 2197 ·
1597 2183 1667 2217 ὅπερ
1686 2182 1808 2217 ἀλλαχοῦ

1019 2235 1112 2262 φησιν,
1142 2237 1151 2252 ι
1167 2228 1198 2254 Et
1222 2228 1406 2262 ὑπομένομεν,
1437 2227 1484 2254 καὶ
1507 2227 1773 2263 συμόασιλεύσομεν.
1795 2238 1805 2254 ι

1019 2274 1065 2305 Εἰς
1079 2273 1222 2300 κοινωνίαν
1232 2273 1366 2308 ἐκλήθητε
1378 2273 1541 2309 Χριστοῦ,τί
1550 2275 1645 2306 ἄλλους
1657 2275 1704 2301 καὶ
1711 2275 1809 2307 ἄλλους

1019 2319 1187 2354 ἐφιστῶντες
1203 2320 1309 2351 ἑαυτοῖς
1322 2320 1479 2354 προστάτας
1496 2321 1542 2347 καὶ
1553 2320 1743 2354 διδασκάλους,
1757 2321 1808 2355 τῆς

1018 2365 1175 2400 θαυμασίας
1186 2365 1295 2399 ἐκείνης
1308 2366 1356 2392 καὶ
1377 2366 1513 2401 σωτηρίου
1536 2367 1679 2398 κοινωνίας
1692 2367 1808 2398 ἑαυτοὺς

1019 2411 1198 2445 φιλονεικεῖτε
1210 2410 1361 2446 διασχίζειν
1374 2411 1422 2438 καὶ
1433 2411 1635 2445 ἀποτέμνεσθαι
1648 2419 1656 2443 ;

1337 2501 1461 2529 ΚΕΦΑΔ.
1484 2502 1524 2529 Δ⁷.

1016 2545 1087 2581 Περί
1098 2546 1151 2582 τοῦ
1167 2535 1210 2580 [th
1223 2546 1375 2582 διχονοεῖν
1397 2547 1472 2580 πρὸς
1484 2546 1642 2581 ἀλλήλους
1666 2546 1701 2574 ἐκ
1718 2549 1807 2582 φιλο-

1137 2581 1241 2614 δοξίας
1256 2581 1309 2616 τῆς
1329 2581 1379 2608 ἐπὶ
1396 2583 1489 2615 σοφίᾳ
1502 2582 1684 2616 ἀνθρωπίνῃ.

1053 2628 1218 2663 Παρακαλῶ
1233 2628 1267 2655 δὲ
1283 2627 1371 2662 ὑμᾶς,
1399 2627 1533 2662 ἀδελφοὶ,
1549 2627 1598 2655 διὰ
1625 2628 1679 2655 τοῦ
1695 2628 1806 2662 ὀνόμα-

1017 2683 1067 2707 τος
1089 2675 1142 2702 τοῦ
1168 2674 1278 2708 Κυρίου
1305 2673 1390 2708 ἡμῶν
1404 2673 1510 2706 Ἰησοῦ
1537 2673 1680 2708 Χριστοῦ,
1707 2674 1758 2701 ινα
1774 2674 1808 2701 τὸ

1016 2721 1090 2748 αὐτὸ
1102 2720 1209 2755 λέγητε
1225 2719 1346 2753 πάντες,
1358 2719 1408 2746 και
1415 2719 1462 2754 μὴ
1474 2717 1498 2757 ᾗ
1509 2718 1544 2747 ἐν
1554 2719 1625 2754 ὑμῖν
1639 2719 1806 2754 σχίσματα,

1016 2762 1069 2800 ἥτε
1085 2765 1134 2792 καὶ
1156 2764 1384 2800 καττιρτισαένυι
1402 2765 1437 2792 ἐν
1448 2764 1488 2793 τῶ
1501 2763 1580 2797 αὐτῷ
1592 2764 1650 2798 νοτ,
1662 2764 1712 2792 καὶ
1725 2765 1761 2792 ἐν·
1771 2764 1808 2799 ri
