1880 3057
173 129 227 162 6Π

714 129 919 159 (ECUMENH
938 129 1084 158 TRICCJ‘I
1101 129 1269 159 El’lSCOPl

1767 129 1833 161 048

178 187 232 214 Deo
255 186 325 220 quod
343 186 474 212 neminem
492 188 607 211 vestrum
627 183 816 218 baptimucrfm
842 182 893 209 nisi
913 181 962 208 Crit

1060 183 1285 217 ιυίιὸἐναιύμῶν
1312 183 1469 214 ἐϐάπτισα.
1492 186 1517 210 εἰ
1531 184 1573 218 μὴ
1600 185 1738 219 Alcimus-
1770 191 1832 213 καί

174 240 251 266 apum
275 236 300 258 et
323 231 475 261 Gaiunt,1te
494 231 551 265 quis
574 229 646 267 dicat
666 229 775 263 quodin
791 228 894 254 nomine
913 236 969 254 meo

175 277 376 312 baptizaverim.
403 276 541 311 Baptizavi
570 280 660 302 autem
680 279 704 301 et
726 274 866 308 Stephana:
892 274 970 309 fumi-

122 334 134 338 -
176 322 267 349 liam:
296 326 423 356 prazterea
444 320 520 354 ,Ιιαιιά
541 321 595 347 scio
623 328 686 346 num
717 327 793 354 quem
814 318 898 345 alium
922 318 971 345 ba-

175 368 340 403 ptizaverim.
362 366 421 394 Non
436 367 505 393 enim
522 366 592 392 misit
609 373 649 392 me
661 363 790 396 Christus,
804 369 831 390 ut
852 363 971 398 baptiza-

176 421 241 444 rem,
264 413 310 439 sed
334 416 362 438 ut
387 411 561 446 Evnngelium
584 411 757 446 prwdicarem
780 416 788 435 :
809 418 861 436 non
875 409 902 435 in
925 416 970 435 sa-

174 458 273 492 pientia
286 458 425 489 sermonis,
437 465 469 484 ne
485 461 626 483 evacuetur
637 464 703 482 eruas
718 455 823 483 Christi.

159 523 161 535 ι
210 503 421 538 Consequentur
434 503 505 530 tollit
518 502 592 537 quod
606 502 756 529 absurdum
778 506 830 534 est,
847 509 969 529 omnem-

173 557 227 584 que
234 557 291 576 rem
306 549 334 576 in
344 549 466 583 scipsum
478 548 597 575 traducit
610 557 616 575 :
631 556 665 575 ne
673 556 707 575 ex
717 547 868 575 invidentia
874 548 969 574 videa-

173 600 219 622 tur
229 595 397 622 mentionem
423 595 512 622 facere
522 595 665 621 nominum
677 593 804 621 aliorum.
813 592 870 620 Nec
879 593 948 620 dixit
960 601 967 620 :

172 640 253 676 423
265 641 334 668 Num
354 640 456 668 Paulus
470 647 519 667 vos
540 640 605 667 fecit
626 644 675 667 aut
699 639 814 671 creavit,
828 639 876 666 sed
893 638 967 674 quod

172 687 259 714 multo
265 687 385 721 amplius
395 687 469 714 illius
476 686 678 721 benignitatem
694 685 897 717 manifestabat,
906 693 969 713 cru-

173 741 232 761 cem
241 733 268 759 in
278 733 398 760 medium
416 732 541 765 adduxit,
564 740 596 759 ac
606 732 742 766 baptisma
755 739 810 766 quo
818 731 968 766 puriﬁcan-

173 784 218 806 tur
232 784 354 814 peccata.
370 778 439 806 Nam
468 785 517 813 per
545 778 603 806 haec
631 778 678 806 Dei
704 785 818 813 regnum
831 778 903 805 nacti
918 786 965 806 su-

171 831 244 851 mus.

204 870 246 897 Ab
259 870 373 898 exordio
384 874 476 898 autem
490 871 619 906 Epistolre
636 871 663 898 in
680 871 762 898 finem
775 879 860 906 usque
875 871 965 899 cunti-

172 924 229 943 nuo
259 917 347 944 ferme
371 917 469 944 ordine
496 918 623 945 meminit
646 917 767 944 nominis
792 917 907 949 Christi,
936 922 967 944 ut

173 962 328 998 frequentia
350 963 479 990 salutaris
502 963 585 999 hujus
603 963 799 999 appellationis
813 963 913 991 fastum
933 971 967 991 ac

172 1009 348 1044 putredinem
384 1011 548 1046 arrogantiae
582 1010 751 1038 exhauriens
788 1015 965 1045 expurgaret.

175 1065 184 1081 ι
201 1055 310 1083 Gratias
336 1064 387 1092 ago
413 1057 480 1084 Deo.
515 1067 524 1083 ι
556 1057 696 1092 Baptizavi
720 1057 843 1092 quidem,
872 1057 921 1084 sed
938 1057 966 1084 in

171 1101 277 1128 Christi
304 1102 427 1134 nomine,
456 1102 557 1137 inquit.
583 1102 640 1130 Cur
664 1103 768 1136 gratias
784 1102 852 1137 agis,
870 1102 964 1134 Paule,

171 1147 246 1181 quod
273 1147 412 1174 neminem
439 1156 536 1176 eorum
567 1148 753 1183 baptizaveris
777 1153 877 1182 prater
903 1148 965 1176 illos

170 1199 240 1226 quos
256 1193 444 1220 enumerasti?
458 1200 492 1221 an
506 1193 660 1228 baptismus
674 1193 746 1221 inter
762 1194 806 1220 illa
820 1194 965 1228 ponendus

170 1242 223 1270 est,
245 1246 362 1272 quorum
378 1246 462 1273 parva
477 1243 520 1266 est
535 1239 661 1266 habenda
674 1239 765 1266 ratio?
779 1246 964 1274 nequaquam,

172 1284 274 1318 inquit,
298 1284 347 1312 sed
373 1284 408 1311 de
431 1284 484 1311 hoc
511 1284 613 1319 duplici
641 1285 753 1312 nomine
775 1285 878 1320 gratias
902 1292 963 1320 ago.

172 1329 235 1356 Uno
263 1330 375 1364 quidem
402 1330 475 1365 quod
493 1339 548 1357 non
576 1331 742 1365 baptizando
761 1339 815 1358 non
840 1331 964 1359 dederim

171 1373 338 1407 quibusdam
351 1382 445 1401 ansam
460 1374 581 1406 dicendi,
598 1375 672 1409 quod
688 1375 792 1402 multos
807 1376 843 1402 (rb
870 1376 896 1403 id
912 1376 963 1403 ba—

171 1419 315 1454 ptizarem,
330 1427 491 1454 quocaztum
501 1420 700 1455 discipulorum
717 1421 783 1448 mihi
797 1421 849 1456 ipsi
861 1421 963 1448 consti-

172 1470 264 1498 tuens,
281 1466 461 1501 prmeeptoris
476 1473 507 1493 ac
525 1466 604 1494 ducis
617 1474 717 1494 nomen
731 1467 798 1494 mihi
814 1468 962 1503 conquire-

172 1518 243 1538 rem.
257 1511 352 1539 Altero
364 1516 455 1539 autem
472 1513 548 1546 quod
568 1520 658 1547 neque
681 1512 715 1539 ad
731 1520 790 1540 eam
808 1521 865 1540 rem
893 1521 961 1547 apo-

170 1556 308 1584 stolorum
339 1564 354 1584 a
371 1556 483 1584 Christo
507 1558 673 1592 acceperim.
697 1557 784 1585 Simul
814 1559 963 1586 ostendens

169 1602 244 1637 quod
261 1602 284 1629 si
300 1610 361 1638 ego,
377 1602 477 1638 inquit,
497 1604 544 1638 qui
559 1612 573 1630 a
586 1603 696 1631 Christo
725 1604 826 1631 missus
848 1612 909 1631 sum
934 1608 965 1631 ut

170 1648 354 1683 praedicarem
382 1653 412 1676 et
438 1650 634 1677 annuntiarem
663 1649 749 1684 ipsius
773 1650 963 1686 Evangelium,

171 1702 254 1729 parce
270 1703 302 1722 ac
318 1702 381 1722 raro
396 1695 544 1730 baptizavi,
562 1704 625 1723 cum
642 1699 733 1722 tamen
756 1701 901 1731 cognatum
928 1697 966 1724 sit

169 1748 202 1767 ac
216 1741 423 1767 consecutivum
452 1741 587 1775 baptisma
617 1741 821 1776 prmdicationis
835 1751 842 1768 :
855 1749 904 1768 vos
917 1742 965 1776 qui

170 1786 283 1820 penitus
295 1785 372 1813 missi
383 1794 438 1813 non
455 1788 534 1818 estis,
552 1787 690 1821 quomodo
701 1794 750 1814 vos
774 1787 848 1822 ipsos
862 1795 966 1822 praece-

170 1835 265 1866 ptores
281 1831 413 1859 exhibere
429 1832 559 1860 audetis?
572 1833 711 1867 quomodo
736 1840 802 1859 vero
817 1833 899 1860 etiam
914 1833 964 1860 ba-

169 1877 292 1911 ptizatis;
307 1882 356 1904 aut
366 1878 484 1905 aliorum
496 1878 639 1913 quidpiam
651 1878 765 1905 omnino
778 1878 878 1911 facitis,
892 1886 964 1914 quo-

170 1929 231 1950 rum
246 1922 348 1950 donum
362 1928 410 1950 aut
420 1924 603 1958 apostolalum
616 1932 672 1951 non
684 1924 850 1959 accepistis?

207 1977 217 1994 ι
257 1969 337 2002 Quod
372 1970 511 1997 neminem
549 1974 672 1997 vestrum
704 1970 912 2005 baptizaverim.
949 1980 959 1996 ι

168 2013 286 2046 Quidam
316 2014 352 2041 ob
379 2022 427 2042 eos
458 2015 682 2043 intumescebant
707 2023 778 2050 quos
806 2015 962 2051 baptizave—

171 2063 245 2086 rant.
262 2057 357 2093 Itaque
367 2059 422 2086 ait:
435 2059 505 2092 Quid
520 2060 712 2093 intumescitis,
725 2068 787 2087 cum
797 2068 847 2095 ego
859 2061 962 2096 gratias

171 2112 250 2140 agam
266 2104 338 2140 quod
350 2112 405 2132 non
421 2105 619 2140 baptizaverim
628 2105 640 2132 ?
650 2105 708 2133 lloc
721 2109 813 2133 autem
824 2106 890 2134 dicit
901 2107 962 2134 illo-

170 2159 232 2178 rum
243 2159 400 2187 expurgans
412 2152 609 2187 arrogantiam,
621 2159 676 2179 non
688 2151 826 2187 baptisma
841 2153 960 2188 vilipen-

167 2196 248 2224 dens.
264 2196 361 2224 Absit!
381 2205 391 2222 ι
405 2197 445 2224 Ne
459 2197 523 2231 quis
534 2196 617 2224 dicat.
636 2206 644 2222 ι
660 2196 844 2230 Quamobrem
858 2198 961 2233 gratias
977 2206 998 2233 ι)

170 2242 228 2278 agis
255 2242 329 2277 quod
361 2243 499 2270 neminem
515 2242 714 2277 baptizaveris?
739 2253 748 2268 ι
775 2243 814 2270 Ne
829 2244 892 2278 quis
918 2244 961 2272 di-

168 2293 226 2319 cat,
246 2288 356 2322 inquit,
386 2288 459 2323 quod
495 2296 557 2315 meo
580 2289 691 2316 nomine
723 2288 929 2323 baptizaverim.
947 2300 956 2316 ι

169 2333 237 2361 Nam
268 2334 302 2365 si,
336 2341 399 2360 cum
426 2334 528 2369 abjecti
557 2334 596 2360 illi
624 2339 652 2360 et
691 2334 802 2362 obscuri
834 2335 960 2370 baptiza-

170 2381 243 2408 rent,
286 2381 390 2404 tantum
422 2383 550 2405 exortum
575 2382 618 2405 est
647 2378 804 2412 dissidium,
841 2385 871 2407 ut
900 2381 960 2408 illo—

172 2430 233 2449 rum
265 2423 376 2449 nomine
407 2424 684 2459 cognominarentur.
706 2425 793 2460 quid,
827 2426 958 2459 obsecro.

170 2468 273 2496 factum
296 2468 402 2500 fuisset,
419 2470 442 2497 si
471 2470 572 2497 Paulus
603 2471 746 2498 universos
777 2471 960 2506 baptizassct?

175 2523 184 2539 ι
203 2515 337 2542 Przeterea
356 2514 429 2542 haud
447 2515 515 2543 scio.
531 2525 540 2541 )
562 2516 602 2543 Ex
618 2516 670 2544 hoc
687 2516 809 2544 ostendit
820 2517 894 2551 quod
907 2517 960 2544 hoc

171 2559 209 2586 illi
223 2567 321 2595 magno
332 2560 424 2588 studio
445 2569 502 2588 non
513 2566 584 2594 erat,
602 2566 632 2589 ut
655 2562 818 2596 baptizaret,
838 2569 900 2588 cum
923 2570 959 2590 ne

171 2605 342 2633 meminisset
363 2606 486 2641 quidem.
515 2607 573 2634 Hoc
595 2612 688 2634 autem
714 2607 782 2634 dicit
810 2607 958 2643 objurgans

169 2652 269 2679 fastum
285 2651 396 2679 illorum
408 2652 455 2687 qui
471 2660 504 2680 ex
522 2661 555 2680 eo
568 2653 792 2680 intutnescebant
821 2653 894 2688 quod
910 2654 960 2681 ba-

168 2698 315 2732 ptizarent.
332 2707 341 2724 ι
359 2698 416 2725 Non
429 2699 502 2726 enim
519 2699 594 2726 misit
617 2706 661 2726 me
679 2698 807 2726 Christus
825 2705 854 2726 ut
869 2699 958 2734 bapti-

170 2751 271 2770 zarem.
293 2752 302 2769 ι
322 2743 413 2777 Quare
431 2744 515 2780 igitur
530 2744 688 2778 baptizabat
707 2744 730 2771 si
746 2744 780 2770 ad
795 2744 846 2771 hoc
860 2744 959 2773 missus

170 2797 226 2816 non
251 2791 328 2817 erat?
353 2790 435 2826 424
466 2790 535 2823 Quia
562 2790 595 2817 ad
618 2790 823 2825 prmdicandum
846 2790 957 2826 quidem

170 2835 349 2870 Evangelium
380 2836 481 2865 missus
506 2842 583 2871 erat,
615 2845 670 2865 non
698 2841 788 2865 tamen
817 2837 956 2873 baptizare

983 856 1004 883 Β

1023 228 1126 261 I‘u'i'ur,
1139 230 1189 255 ἵνα
1201 229 1241 262 μή
1256 238 1299 262 τις
1309 229 1379 263 εῑπῃ
1394 229 1438 255 ὅτι
1457 231 1498 261 εἷς
1507 229 1539 256 τὸ
1556 230 1630 264 ἐμὸν
1642 231 1735 265 ὄνομα
1749 231 1832 258 ἐϐά-

1022 281 1125 300 πτισα.
1145 273 1305 301 Ἐϐιίπτιστι
1321 273 1355 300 δὲ
1366 274 1415 301 καὶ
1429 275 1483 301 τὸν
1495 275 1633 309 Στεφανᾶ
1643 274 1738 304 οἶκον.
1749 280 1833 304 A01-

1022 321 1081 345 που·
1095 321 1150 346 οὐκ
1172 318 1237 346 οἶδα
1261 321 1288 346 εί
1307 328 1373 347 τινα
1393 320 1491 347 ἄλλον
1513 321 1670 348 ἐϐάπτισα.
1695 324 1736 350 Οὐ
1763 325 1832 358 γὰρ

1022 364 1183 392 ἀπέστειλέ
1190 374 1229 400 με
1243 365 1370 400 Χριστὸς
1384 366 1550 399 βαπτίζειν,
1573 368 1641 394 ἀλλ’
1659 370 1832 403 εὐαγγελί-

1022 409 1132 441 ζεσθαι,
1152 412 1208 438 οὐκ
1222 412 1257 438 ἐν
1279 413 1374 446 σοφίᾳ
1392 413 1502 446 λόγου,
1524 414 1574 440 ἵνα
1593 414 1637 449 μὴ
1660 416 1785 450 κενωθῇ
1809 417 1830 443 ό

1021 458 1154 491 σταυρὸς
1171 458 1223 485 τοῦ
1236 458 1377 492 Χριστοῦ.

1058 503 1158 530 Λοιπὸν
1166 504 1274 538 ἀναιρεῖ
1290 504 1320 531 τὸ
1334 505 1434 532 ἄτοπον
1444 526 1452 537 ,
1480 505 1527 532 καὶ
1542 505 1573 532 τὺ
1588 508 1642 532 πᾶν
1657 507 1702 540 ἐφ’
1716 507 1827 534 ἑαυτὸν

1022 549 1109 583 ῳέρει,
1126 548 1170 575 ἵνα
1186 550 1223 583 μὴ
1234 549 1298 585 δόξῃ
1310 550 1381 576 κατὰ.
1398 550 1494 585 φθόνον
1503 551 1652 586 ἀλλοτρίων
1669 553 1825 587 ὀνομάτων

1022 595 1187 629 μεμνῆσθαι.
1202 596 1258 622 Οὔκ
1275 594 1346 629 εἷπε,
1360 597 1405 631 Μὴ
1419 597 1523 629 Παῦλος
1537 598 1649 633 ἐποίησε
1665 599 1713 625 καὶ
1729 598 1826 625 ἔπλα-

1021 649 1067 666 σεν
1082 641 1153 675 ὑμᾶς
1166 649 1174 674 ;
1189 640 1257 672 ἀλλ’,
1272 641 1286 668 ὃ
1304 641 1394 676 πολλῷ
1402 642 1486 668 πλέον
1496 642 1544 677 τὴν
1558 642 1641 669 αὑτοῦ
1657 643 1826 678 φιλανθρω-

1020 686 1085 712 πίαν
1097 687 1201 720 ἐδήλου,
1215 687 1260 714 τὸν
1279 688 1395 723 σταυρὸν
1409 688 1448 719 εἰς
1467 689 1549 723 μέσον
1571 688 1690 723 παρῆξε,
1719 690 1768 715 καὶ
1786 689 1824 715 τδ

1018 731 1074 758 τῶν
1090 732 1232 768 ἁμαρτιῶν
1249 734 1396 769 καθάρσιον
1417 734 1570 769 βάπτισμα,
1585 735 1620 761 δι’
1632 730 1670 761 ὧν
1682 735 1821 771 ηὖραμεν

1017 777 1066 812 τὴν
1084 777 1223 812 βασιλείαν
1238 779 1285 805 τοῦ
1301 779 1380 806 (θεοῦ.

1064 867 1111 894 Ἐκ
1126 869 1277 903 προοιμίων
1291 869 1319 896 δὲ
1335 869 1384 904 τῆς
1396 870 1557 905 Ἐπιστολῆς
1566 871 1629 905 ἄχρι
1641 871 1688 897 τοῦ
1704 870 1818 902 τέλους,

1018 913 1090 939 κατὰ
1116 914 1208 949 στίχον
1228 915 1321 950 σχεδὸν
1335 916 1382 942 τοῦ
1405 916 1538 952 ὀνόματος
1552 916 1598 943 τοῦ
1618 915 1819 951 Χριστοῦμί-

1019 965 1130 992 μνηται,
1158 959 1202 985 ἵνα
1220 961 1252 994 τῇ
1282 960 1432 996 πυκνότητι
1450 961 1499 996 τῆς
1515 961 1707 996 σωτηριὼδους
1721 968 1816 995 προσ-

1017 1005 1131 1039 ηγορίας
1148 1007 1260 1041 ταύτης,
1287 1007 1336 1041 τὴν
1358 1007 1510 1042 ὑπεροψίαν
1525 1008 1571 1034 καὶ
1597 1008 1647 1043 τὴν
1668 1008 1720 1042 τῆς
1740 1009 1816 1034 ὑπο-

1017 1049 1091 1080 νοίας
1103 1050 1237 1084 σηπεδόνα
1253 1051 1394 1077 ἐπαντλῶν
1405 1051 1556 1087 ἐκκαθάρῃ.
1574 1060 1583 1077 ι
1595 1053 1760 1087 Εὐχαριστῶ
1772 1052 1817 1086 τῷ

1017 1094 1087 1129 θεῷ.
1112 1104 1121 1120 ›
1143 1095 1294 1123 Ἐΰάπτισα
1322 1097 1388 1132 μὲν,
1409 1097 1466 1124 ἀλλ’
1489 1099 1530 1129 εἰς
1554 1098 1584 1124 τὸ
1614 1099 1661 1124 τοῦ
1688 1099 1815 1133 Χριστοῦ

1017 1140 1102 1175 ὗνομα
1115 1162 1122 1173 ,
1142 1142 1219 1176 φησι.
1244 1142 1276 1168 Τί
1297 1143 1490 1177 εὐχαριστεῖς,
1516 1143 1606 1170 Παῦλε
1619 1163 1626 1175 ,
1646 1144 1688 1170 ὅτι
1711 1145 1816 1171 οὐδένα

1016 1185 1107 1211 αὐτῶν
1123 1186 1284 1220 ἐϐάπτισας,
1297 1187 1368 1221 πλὴν
1384 1184 1422 1214 ὧν
1439 1185 1539 1220 cinae;
1565 1187 1602 1222 μὴ
1618 1188 1648 1214 τὸ
1664 1187 1815 1222 βάπτισμα

1017 1231 1045 1257 ἐν
1061 1231 1157 1266 βραχεῖ
1177 1232 1319 1267 τιθέμενος
1329 1234 1416 1268 λόγως
1429 1234 1475 1270 Μὴ
1494 1235 1609 1268 γένοιτο,
1626 1235 1720 1269 φησὶν,
1740 1234 1815 1260 ἀλλὰ

1015 1276 1058 1303 διὰ
1069 1277 1116 1303 δύο
1129 1277 1232 1310 ταύτας
1245 1278 1334 1311 αἰτίας
1354 1280 1521 1315 εὐχαριστῶ,
1542 1281 1607 1315 μίαν
1624 1281 1683 1315 μὲν,
1700 1281 1743 1306 ὅτι
1772 1281 1815 1316 μὴ

1017 1323 1165 1358 βαπτίζων,
1184 1325 1276 1360 φησὶν,
1293 1325 1353 1352 οὑδέ
1368 1326 1457 1353 ἔδωκά
1477 1335 1548 1353 τισιν
1562 1326 1690 1362 ἀφορμὴν
1705 1326 1817 1360 λέγειν,

1015 1370 1055 1396 ὄτι
1069 1370 1113 1396 διὰ
1126 1370 1205 1397 τοῦτο
1227 1371 1363 1398 ἐϐάπτισα
1389 1372 1514 1405 πολλοὺς,
1531 1373 1573 1399 ἵνα
1594 1373 1672 1407 χορὸν
1694 1373 1815 1407 ἐμαυτῷ

1017 1415 1146 1450 μαθητῶν
1164 1416 1378 1451 συστησάμενος,
1395 1417 1480 1452 ὄνομα
1495 1418 1606 1452 ἐμαυτῷ
1621 1418 1815 1453 περιποιήσω-

1017 1468 1065 1494 μαι
1080 1460 1241 1487 διδασκάλου
1255 1461 1303 1487 καὶ
1324 1462 1493 1497 καθηγητοῦ.
1508 1463 1549 1488 Δι’
1568 1464 1664 1498 ἑτέραν
1692 1463 1738 1495 δέ,
1766 1463 1814 1490 ὄτι

1015 1506 1069 1532 οὐδ’
1084 1504 1157 1541 εἶχον
1179 1507 1320 1534 ἐπὶτοῦτο
1343 1508 1418 1543 παρὰ
1431 1508 1550 1543 Χριστοῦ
1568 1509 1729 1543 ἀποστολὴν,
1748 1510 1812 1544 ἄμα

1015 1553 1131 1584 δεικνὺς,
1147 1553 1188 1579 ὅτι
1202 1553 1232 1579 Et
1246 1552 1323 1587 ἐγὼὸ
1337 1554 1502 1586 ἀποσταλεὶς
1524 1555 1598 1590 παρὰ
1618 1556 1736 1590 Χριστοῦ
1754 1565 1811 1591 κη-

1016 1598 1127 1633 ρύσσειν
1141 1598 1190 1624 καὶ
1202 1599 1398 1634 καταγγέλλειν
1408 1601 1438 1627 τὸ
1454 1602 1535 1628 αὺτοῆ
1551 1602 1727 1635 Εὑαγγέλιον,
1735 1603 1812 1637 μετὰ

1015 1644 1124 1678 φειδοῦς
1149 1645 1195 1671 καὶ
1218 1646 1340 1678 σπανίως
1370 1647 1505 1674 ἐϐάπτισα
1538 1648 1636 1682 (καίτοι
1674 1650 1812 1682 συγγενές

1015 1690 1072 1716 ἐστι
1089 1691 1136 1716 καὶ
1155 1692 1298 1725 συνέχεται
1320 1692 1351 1718 τὸ
1374 1692 1516 1727 βάπτισμα
1531 1692 1577 1719 τοῦ
1600 1694 1809 1729 κηρύγματος,)

1014 1735 1094 1769 ὑμεῖς
1109 1736 1133 1762 οἱ
1151 1737 1212 1770 μηδ’
1222 1737 1291 1768 ὅλως
1307 1737 1515 1769 ἀποσταλέντες,
1526 1739 1584 1770 πῶς
1600 1739 1716 1774 τολμᾶτε
1730 1740 1809 1766 διδα-

1015 1779 1132 1811 σκάλους
1145 1781 1259 1812 ἑαυτοὺς
1275 1782 1454 1816 ἀποφαίνειν;
1471 1783 1530 1815 πῶς
1539 1784 1567 1809 δὲ
1580 1783 1628 1810 καὶ
1645 1783 1808 1819 βαπτίζετε,

1014 1823 1030 1858 ἦ
1049 1823 1158 1869 altos-.5
1173 1826 1285 1859 ποιεῖτε,
1299 1823 1336 1854 ὧν
1352 1827 1402 1854 οὐκ
1415 1827 1526 1855 ἐλάϐετε
1546 1829 1670 1861 χάρισμα
1686 1830 1704 1865 ἢ
1733 1831 1808 1857 ἀπο-

1015 1870 1126 1906 στολήν;

1052 1969 1061 1984 ι
1068 1959 1230 1986 Ὀτιοῦδὲνα
1239 1961 1253 1987 ὑ
1257 1960 1315 1996 μῶν
1322 1962 1466 1990 ἐσάπτισα.
1479 1971 1488 1988 ι
1496 1963 1576 1997 Μέγα
1583 1963 1804 1999 τινὲςέφρόνουν,

1012 2003 1071 2030 ἀνθ’
1085 2001 1123 2031 ὧν
1136 2005 1291 2038 ἐϐάπτιζον.
1304 2007 1349 2033 καί
1358 2016 1434 2043 φησι,
1444 2008 1477 2034 Τί
1488 2009 1559 2043 μέγα
1569 2009 1728 2045 φρονοῦσιν;
1747 2011 1806 2045 ἐγὼ

1013 2050 1169 2086 εὐχαριστῶ
1181 2052 1218 2087 μὴ
1230 2052 1375 2087 βαπτίσας.
1389 2053 1509 2081 Τοῦτοδέ
1519 2054 1611 2089 λέγει,
1625 2055 1675 2091 τὴν
1688 2057 1805 2084 ἐκείνων

1013 2096 1142 2124 ἀπόνοιαν
1157 2097 1307 2133 καθαιρῶν,
1325 2099 1356 2125 οὐ
1372 2099 1402 2126 τὺ
1417 2099 1560 2135 βάπτισμα
1585 2101 1742 2135 εὑτελίζων,
1763 2103 1803 2137 μὴ

1013 2142 1133 2175 γένοιτοε
1151 2153 1160 2168 ι
1177 2143 1236 2170 Ἵνα
1249 2144 1286 2178 μή
1300 2153 1341 2176 τις
1350 2144 1441 2181 εἴπῃ.)
1456 2145 1532 2173 Διατ(
1543 2146 1570 2172 δὲ
1582 2147 1754 2182 εὐχαριστεῖς
1764 2149 1804 2183 μὴ

1014 2187 1164 2222 βαπτίσας;
1184 2197 1193 2215 ι
1205 2188 1262 2216 Ἵνα
1275 2190 1311 2226 μή
1326 2199 1368 2222 τις
1381 2191 1457 2226 εἴπῃ,
1476 2192 1567 2226 φησὶν,
1577 2193 1617 2219 ὄτι
1629 2193 1667 2224 είς
1685 2193 1717 2220 τὸ
1735 2194 1804 2228 ἐμὶν

1011 2233 1097 2269 ὄνομα
1105 2235 1250 2263 ὲόάπτισα.
1262 2245 1271 2262 ι
1282 2236 1314 2263 Εἰ
1322 2236 1376 2272 γὰρ
1387 2237 1441 2263 τῶν
1449 2238 1564 2264 εὐτελῶν
1573 2239 1685 2266 ἐκείνων
1700 2239 1802 2274 βαπτι-

1012 2280 1117 2307 σάντων
1126 2301 1134 2313 ,
1146 2281 1263 2316 τοσαύτη
1270 2282 1365 2315 γέγονε
1378 2282 1507 2318 διχόνοια,
1519 2283 1557 2315 ὡς
1567 2284 1606 2319 τῷ
1619 2285 1732 2311 ἐκείνων
1744 2286 1803 2312 6νό-

1012 2335 1078 2361 ματι
1092 2327 1292 2360 ἐπικαλεῖσθαι,
1305 2328 1332 2354 τί
1347 2329 1380 2355 ἂν
1393 2330 1503 2364 γέγονεν
1514 2331 1538 2357 εἰ
1550 2331 1655 2363 Παῦλος
1667 2330 1701 2368 ἦν
1717 2332 1803 2367 βεϐα-

1011 2371 1115 2404 πτικὼς
1132 2372 1270 2406 ἆπαντας;
1288 2383 1297 2398 ‹
1316 2375 1416 2401 Λοιπὸν
1440 2378 1490 2403 οὐκ
1515 2374 1583 2404 οἶδα.
1604 2387 1613 2403 ι
1632 2377 1681 2404 Ἐκ
1704 2379 1802 2406 τούτου

1010 2418 1146 2445 δείκνυσιν
1159 2419 1200 2446 ὅτι
1214 2420 1275 2446 οὐδὲ
1286 2421 1520 2456 περισπούδαστον
1530 2421 1564 2459 ἦν
1575 2423 1649 2460 αὐτῷ
1659 2424 1690 2451 τὸ
1699 2425 1802 2460 βαπτί-

1011 2464 1079 2496 ζειν,
1096 2465 1157 2491 ὅθεν
1165 2465 1225 2492 οὐδέ
1235 2467 1381 2502 μέμνηται.
1395 2468 1480 2495 Τοῦτο
1488 2470 1516 2496 δὲ
1527 2470 1601 2504 λέγει
1611 2473 1802 2500 καταστέλλων

1009 2511 1041 2536 τὸ
1056 2511 1183 2546 φρόνημα
1196 2512 1251 2539 τῶν
1290 2513 1338 2540 ἐπὶ
1358 2513 1396 2549 τῷ
1419 2514 1561 2548 βαπτίζειν
1583 2517 1656 2551 μέγα
1671 2519 1801 2553 φρονούν-

1010 2565 1075 2584 των.
1089 2567 1099 2583 ‹
1111 2559 1147 2584 Οὺ
1161 2558 1216 2594 γὰρ
1230 2560 1374 2587 ἀπέστειλέ
1385 2569 1419 2596 με
1429 2562 1546 2596 Χριστὸς
1561 2563 1714 2598 βαπτίζειν.
1726 2574 1736 2590 ι
1755 2565 1802 2591 'l'i-

1010 2613 1054 2634 vo;
1065 2604 1111 2631 οὖν
1121 2605 1214 2631 ἕνεκεν
1223 2605 1380 2638 ἐϐάπτισεν,
1394 2606 1469 2642 ειξμὴ
1479 2607 1526 2634 ἐπὶ
1533 2608 1799 2644 τούτῳάπέσταλτο;

1011 2650 1065 2677 Καί
1080 2652 1229 2686 φαμεν.ξὸτι
1241 2652 1287 2678 ἐπὶ
1297 2652 1336 2687 τῷ
1347 2653 1571 2687 εὐαγγελίζεσθαι
1582 2655 1631 2690 μὲν
1644 2656 1799 2691 ἀπεστάλη,

1009 2697 1040 2723 τὸ
1068 2697 1096 2723 δὲ
1120 2697 1261 2732 βαπτίζειν
1283 2698 1334 2725 οὐκ
1362 2699 1498 2734 ἐκωλύθη.
1522 2700 1568 2726 Ἐκ
1594 2700 1752 2736 φιλοτιμίας
1771 2704 1801 2730 δὲ

1010 2743 1151 2771 καὶτοῦτο
1168 2745 1280 2771 κάκεῖνο
1297 2745 1395 2773 ἐποίει.
1412 2755 1422 2772 ‹
1446 2746 1517 2773 Ἀλλ’
1528 2747 1766 2781 εὐαγγελίζεσθαι.
1788 2759 1797 2774 ι

1010 2790 1032 2815 Τ
1033 2789 1095 2816 οὖτο
1106 2790 1160 2826 γὰρ
1173 2787 1206 2825 ἧν
1222 2791 1360 2824 ἐπίπονον,
1370 2792 1418 2819 καὶ
1435 2793 1548 2828 σιδηρᾶς
1560 2793 1685 2827 δεόμενον
1695 2793 1799 2828 ψυχῆς.

1016 2836 1044 2862 '0
1059 2836 1109 2871 μὲν
1126 2836 1178 2872 γὰρ
1192 2837 1242 2873 ἤδη
1255 2839 1474 2872 πεπιστευκότας
1501 2838 1637 2874 βαπτίζει,
1654 2840 1668 2866 ὁ
1689 2839 1717 2866 δέ
1734 2841 1799 2867 ἀπί-
