1880 3057
69 169 125 201 6H

522 169 716 200 COMMENT.
736 170 774 200 IN
797 170 916 201 EPIST.
940 171 951 200 I
972 172 1022 202 AD
1048 171 1228 202 CORINTH.

1655 176 1708 208 65-0

71 235 147 257 στοις
164 224 369 260 εὐηγγελίζετο,
387 227 451 261 παρ’
464 225 507 259 οἷς
524 227 572 254 καὶ
587 226 768 254 ἐκινδύνευεν.
790 236 799 253 ι
812 228 869 254 Οὐκ
883 238 905 264 Α
923 235 950 262 pl

945 228 1132 261 rohibebatur.
1159 229 1207 256 sed
1226 229 1252 257 id
1264 238 1374 265 quoque
1391 239 1423 258 ex
1458 231 1621 262 liberalitate
1641 243 1710 271 pra:-

70 273 100 298 ἐν
120 271 201 307 σοςρὶᾳ
212 271 302 305 λόγου.
316 281 326 298 ι
345 272 403 299 Οὐκ
416 270 503 305 εἶπεν,
521 273 578 300 Οὐκ
595 274 623 299 ὲν
639 273 719 309 σοφίᾳ
736 273 872 307 γνώσεως,

71 317 122 344 ἀλλ
138 326 145 333 ·
169 328 177 343 ι
196 318 252 344 Οὒκ
275 318 306 344 ὲν
324 319 405 354 σοφίᾳ
418 319 508 352 λόγου.
528 329 537 344 ι
558 319 667 351 Καλῶς.
694 319 750 346 Καὶ
768 320 823 354 γὰρ
844 320 874 346 ἐν

70 365 153 398 σοφίᾳ
166 365 294 398 γνώσεως
301 364 501 400 εὗηγγελίζετο.
515 365 560 392 Atii
575 365 623 392 ua).
635 365 779 400 ἀλλαχοῡ,ι
792 365 873 392 Ἰδιώ-

69 419 120 446 της
147 410 298 446 τῷλόγῳ,
342 411 445 438 ἀλλὀὐ
474 413 507 447 τῇ
533 411 665 445 γνώσει.»
689 412 721 438 Τί
732 412 787 447 γάρ
813 413 872 439 ἐστι

71 457 230 493 σοφώτερον
246 457 263 493 ἦ
282 458 322 488 εἰς
333 458 435 491 γνῶσιν
456 459 568 493 ἄμεινον
594 459 643 485 καὶ
667 459 870 494 λαμπρότερον,

69 504 118 531 τοῦ
132 504 230 539 μαθεῖν
246 504 292 530 καὶ
304 504 409 537 διδάξαι
419 504 459 531 ὅτι
471 504 582 540 σταυρῷ
591 505 638 531 χαὶ
649 504 757 540 Θανάτῳ
769 505 872 540 κατήρυ

69 559 155 586 γηται
182 550 315 584 θάνατος;
343 550 392 577 καὶ
419 551 451 577 τὸ
478 551 613 586 ἡμέτερον
637 551 692 577 τῶν
717 551 870 586 ἀνθρώπων

69 598 162 632 γένος,
180 598 291 633 μακρᾶς
309 597 355 624 καὶ
376 597 574 632 χαλεπωτάτης
594 597 644 632 τῆς
668 597 716 624 τοῦ
737 597 868 624 Διαϐόλου

68 645 233 680 τυραννίδος
253 644 459 680 ὴλευθέρωταις
485 654 494 670 ι
511 644 571 670 Ἵνα
588 643 626 679 μὴ
640 643 746 679 κενωθῇ
759 644 773 670 ὀ
786 652 868 671 σταυ-

71 689 116 723 ρὸς
142 688 192 715 τοῦ
214 688 346 724 Χριστοῦ.
365 698 374 715 ι
392 689 452 716 ’Ὶνα
471 688 508 725 μὴ
523 688 626 724 βλάϐην
650 689 696 715 καὶ
718 689 868 715 ἐλάττωσιν

68 735 210 772 ὑπομείνῃ
223 736 238 761 ὁ
257 735 386 771 σταυρός.
406 735 438 762 Et
451 735 506 770 γὰρ
524 735 554 761 ὲν
572 735 654 770 σοφίᾳ
666 734 746 769 λόγου
763 735 867 770 ἐκήρυ-

67 781 117 814 ξαν
140 783 167 809 οἱ
188 781 343 812 ἀπόστολοι.
357 778 430 816 εἶχόν
452 789 525 814 τινες
542 781 675 816 νομίζειν,
690 781 733 808 διὰ
752 781 801 816 τὴν
813 782 866 808 τῶν

65 829 156 863 λόγων
169 828 268 861 πειθὼ,
285 828 432 854 πεπεῖσθαι
451 828 515 859 τοὺς
530 827 703 864 ἀνθρώπους,
717 828 748 854 οὐ
761 828 806 855 διὰ
816 828 865 864 τὴν

64 875 184 911 δύναμιν
199 875 246 902 τοῦ
266 874 472 910 κηρυσσομένου
492 874 623 910 Χριστοῦ,
640 873 698 910 δῆν
713 874 800 910 βλάϐη
817 875 864 901 τοῦ

924 273 1023 300 stabat.
1040 283 1049 298 ι
1067 273 1120 301 Sed
1149 279 1177 302 nt
1206 275 1384 310 Evangeiium
1399 277 1584 311 prazdicarem.
1605 290 1614 306 ι
1643 281 1710 309 Nam

924 318 976 346 hoc
991 319 1081 354 magni
1097 325 1156 347 erat
1171 320 1286 353 laboris,
1299 322 1428 357 quodque
1447 323 1568 351 ferreum
1585 326 1712 361 require-

923 369 964 392 ret
977 365 1111 392 animum.
1128 366 1270 401 Siquidem
1289 367 1335 395 ille
1348 369 1402 403 jam
1417 370 1563 398 credentes
1579 371 1710 407 baptizat.

923 409 968 437 hic
983 418 1050 438 vero
1062 411 1215 440 incredulis
1230 413 1413 448 Erango-lium
1438 416 1621 450 prmdicabat,
1638 421 1710 454 apud

921 463 991 490 quos
1002 457 1085 484 etiam
1095 457 1226 492 periculis
1236 460 1436 495 exponebatur.
1448 471 1456 487 ι
1468 463 1527 490 Non
1540 463 1567 490 in
1575 465 1711 500 sapientia

922 503 1020 530 verbi.
1042 512 1052 528 ι
1070 503 1130 531 Non
1155 504 1236 538 dixit,
1270 506 1330 533 Non
1361 507 1387 534 in
1418 508 1553 543 sapientia
1577 510 1710 544 scicntia,

921 548 969 575 sed
988 557 996 575 :
1014 557 1024 574 ι
1041 548 1100 576 Νοη
1115 549 1142 577 in
1158 551 1294 586 sapientia
1313 553 1402 580 verbi.
1419 563 1428 580 ι
1445 554 1572 583 Pulchre.
1593 557 1660 584 Nam
1684 559 1711 586 in

920 593 1055 628 sapientia
1090 596 1214 624 scicntize
1239 597 1419 633 Evangelium
1444 601 1622 636 praedicabat.
1647 604 1711 632 Ideo

919 646 1029 673 quoque
1047 641 1113 667 alibi
1130 641 1197 668 dicit
1212 651 1218 669 :
1237 652 1245 668 ι
1266 643 1324 671 Etsi
1337 645 1481 680 imperitus
1501 654 1638 682 Sermone,
1656 657 1710 677 non

920 689 1011 713 tamen
1024 687 1152 714 scientia.
1173 697 1182 713 ι
1203 688 1275 721 Quid
1287 690 1362 716 enim
1375 691 1529 726 sapientius
1544 700 1598 726 est,
1614 701 1662 722 aut
1676 697 1710 723 ad

919 731 1061 759 scientiam
1091 733 1190 761 melius
1213 742 1245 761 ac
1271 735 1465 765 vehementius
1489 747 1572 774 quam
1590 741 1662 769 seire
1679 750 1711 770 ac

917 776 1017 805 docere
1032 779 1107 813 quod
1122 786 1204 807 cruce
1219 788 1252 808 ac
1267 787 1355 809 morte
1369 782 1479 810 devicta
1506 784 1543 812 sit
1571 793 1655 818 mors,
1682 794 1711 815 et

917 829 1044 852 nostrum
1073 834 1170 861 genus,
1195 835 1294 863 nempe
1316 829 1458 856 hominum
1472 830 1553 866 longa
1578 833 1711 860 maxime-

917 878 971 905 que
997 872 1147 900 miserabili
1172 874 1275 902 diaboli
1303 876 1449 911 tyrannide
1477 877 1513 905 sit
1543 878 1711 907 liberatum?

65 921 246 957 κηρύγματος
264 921 313 947 καὶ
328 920 374 947 τοῦ
390 921 521 956 σταυροῦ.
537 920 594 948 Νῦν
609 921 638 948 δὲ
653 921 692 957 τῷ
712 922 864 958 ἀγραμμά-
881 936 901 963 Β
920 927 930 943 ι
946 917 950 945 ]

946 917 985 945 Ne
1000 923 1150 946 evacuetur
1164 928 1230 947 crux
1244 921 1348 949 Christi
1362 944 1368 950 .
1389 933 1397 949 ι
1418 923 1457 951 Ne
1470 930 1668 953 nocumentum
1683 931 1711 953 et

64 976 123 999 τοις
139 968 190 994 καὶ
205 966 324 999 ἰδιώταις
339 966 496 1001 ἀνθρώποις
521 967 566 994 τδν
583 967 687 1003 κόσμον
712 976 863 994 πεπιστευ-

66 1013 159 1046 κὲναι,
173 1012 223 1049 τήν
239 1013 287 1041 τοῦ
311 1014 431 1050 Χριστοῦ
454 1013 570 1048 δύναμιν
593 1014 788 1049 άναχηρύττει.
806 1014 861 1040 Κε-

67 1058 164 1086 νοῦται
182 1060 238 1095 γὰρ
258 1060 306 1086 καὶ
334 1058 554 1091 κατευτελίζεται
573 1060 588 1086 ὸ
603 1059 720 1092 σταυρὸς
737 1059 783 1086 τοῦ
796 1060 863 1095 Χρι-

68 1105 132 1132 στοῦ
149 1105 211 1140 ἦτοι
223 1106 254 1132 τὸ
270 1106 341 1142 ὑπὲρ
362 1107 442 1141 ἡμῶν
456 1105 581 1132 ἑκούσιον
595 1105 681 1138 πάθος
694 1105 789 1137 αὑτοῦ,
804 1107 861 1136 τοῖς

65 1152 138 1186 λόγῳ
165 1152 262 1186 σοφίας
286 1153 334 1179 καὶ
353 1151 513 1187 πιθανότητι
524 1152 709 1187 πειρωμένοις
732 1151 816 1178 αὑτοῦ
832 1151 863 1178 τδ

68 1199 216 1234 μεγαλεῖον
229 1198 276 1226 καὶ
290 1198 340 1234 τὴν
355 1198 483 1234 θειότητα
510 1198 698 1233 παραστῆσαι.
720 1198 782 1229 Πῶς
808 1197 862 1233 γάρ

65 1245 124 1271 ἐστι
140 1243 171 1270 τὸ
189 1244 259 1279 ὑπὲρ
275 1244 354 1278 λόγον
371 1244 417 1271 καὶ
439 1244 530 1278 φύσιν,
542 1243 632 1277 λόγοις
648 1243 694 1269 καὶ
710 1242 791 1277 τέχνῃ
808 1242 862 1268 τινὶ

65 1292 262 1327 παραστῆσαις
279 1291 328 1323 Τίς
351 1291 380 1317 δὲ
397 1291 444 1318 καὶ
461 1290 541 1326 χρεία
565 1290 653 1324 λόγων
672 1291 718 1316 καὶ
737 1288 861 1321 πειθοῦς,

64 1338 118 1364 τῶν
134 1337 259 1373 σημείων
271 1337 317 1364 καὶ
331 1337 478 1372 θαυμάτων
490 1336 582 1372 μεῖζον
593 1337 641 1363 καὶ
653 1337 744 1371 φωνῆς
753 1335 863 1370 ἁπάσης

64 1384 263 1419 κεκραγότων,
292 1383 339 1410 καὶ
367 1383 456 1410 πάντα
484 1382 531 1410 τὸν
556 1383 719 1418 βουλόμενον
743 1383 790 1408 ἐπὶ
812 1381 862 1417 τὴν

65 1430 208 1456 εὐσέὸειαν
223 1429 269 1456 καὶ
283 1429 314 1454 τὺ
329 1428 462 1463 κήρυγμα
477 1427 737 1463 χειραγωγούντων;

917 964 1100 1000 abjectionent
1121 974 1189 994 crux
1207 968 1353 996 sustineat.
1369 969 1479 997 Etenim
1498 971 1520 998 si
1537 971 1563 998 in
1576 973 1710 1006 sapientia

916 1012 1054 1040 sermonis
1072 1013 1270 1048 prmdicassent
1298 1017 1428 1052 apostoli,
1453 1019 1613 1052 potuissent
1638 1027 1710 1046 non-

915 1057 983 1084 nulli
998 1059 1161 1087 existimare
1171 1061 1246 1095 quod
1261 1067 1376 1097 propter
1392 1071 1553 1091 sermonum
1571 1073 1710 1100 apparen-

915 1102 980 1130 tiam
990 1105 1114 1138 persuasi
1125 1105 1385 1140 iuissenthomines,
1395 1117 1449 1136 non
1458 1116 1571 1145 propter
1580 1111 1708 1138 virtutem

914 1148 1019 1176 Christi
1052 1150 1100 1185 qui
1140 1152 1354 1186 przcdicabatur,
1395 1155 1468 1189 quod
1504 1161 1706 1184 nocumentuni

915 1193 1012 1222 luisset
1025 1196 1229 1230 praedicationis
1239 1202 1267 1226 et
1281 1199 1383 1227 crucis.
1401 1201 1480 1228 Nunc
1509 1206 1601 1229 autem
1627 1211 1708 1230 mun—

916 1239 981 1267 dum
1002 1241 1152 1270 illitteratis
1164 1251 1196 1270 ae
1217 1245 1354 1279 imperitis
1370 1247 1521 1275 credidisse
1536 1248 1706 1281 hominibus,

916 1287 1020 1314 Christi
1054 1288 1186 1316 virtutem
1228 1290 1361 1319 declarat.
1397 1293 1553 1321 Evacuatur
1590 1295 1663 1322 enim
1679 1301 1708 1322 et

917 1333 1023 1369 abjecta
1039 1335 1165 1362 redditur
1181 1343 1248 1363 crux
1262 1336 1378 1371 Christi,
1393 1338 1451 1366 sive
1477 1340 1633 1367 voluntaria
1647 1341 1708 1375 ejus

916 1380 1008 1415 passio
1037 1389 1089 1416 pro
1118 1382 1208 1415 nobis,
1240 1384 1276 1411 ab
1300 1384 1344 1412 bis
1367 1385 1415 1420 qui
1443 1386 1660 1421 magnitudinem
1676 1395 1708 1414 ac

916 1426 1093 1455 divinitatem
1127 1429 1198 1464 ejus,
1240 1431 1376 1466 sapientia
1409 1439 1442 1459 ac
1473 1433 1707 1467 persnasibilitatu

63 1475 191 1502 nituntur
214 1474 417 1502 demonstrare.
443 1473 511 1501 Nam
531 1474 579 1509 qui
604 1473 663 1501 ﬁeri
694 1477 795 1509 potest,
819 1478 850 1501 ut
870 1473 944 1508 quod
967 1481 1053 1509 supra
1067 1482 1223 1503 sermonem
1248 1484 1279 1504 ac
1302 1483 1429 1505 naturam
1457 1483 1509 1512 est,
1535 1487 1662 1508 sermone
1680 1486 1708 1507 et

63 1527 121 1550 arte
137 1521 257 1558 quadam
275 1520 499 1548 demonstretur?
517 1520 575 1548 imo
595 1528 656 1556 quis
674 1521 757 1548 etiam
774 1520 926 1548 necessitas
950 1525 993 1548 est
1015 1528 1177 1549 sermonum
1193 1523 1360 1558 virtutisque
1371 1522 1533 1558 tlexanimae,
1550 1534 1611 1553 cum
1629 1526 1707 1561 signa

64 1577 95 1597 ac
108 1569 243 1596 miracula
257 1569 356 1597 fortius
373 1569 448 1596 omni
462 1577 528 1597 voce
536 1570 655 1598 clament
673 1577 838 1605 omnemque
854 1570 990 1596 volentem
1001 1569 1035 1596 ad
1052 1570 1182 1604 pietatem
1195 1577 1221 1598 et
1235 1571 1456 1605 przedicationem
1473 1574 1626 1601 deducant?

107 1616 141 1642 '0
156 1616 250 1650 λόγος
264 1615 320 1651 τὰρ
337 1617 354 1643 ὀ
369 1616 422 1643 τοῦ
439 1617 588 1650 atat-p017,
604 1617 667 1649 τοῖς
690 1615 748 1650 μὲν
764 1616 860 1643 (1.10.1.—

948 1615 968 1646 1,
982 1614 1075 1643 18-20.
1086 1614 1180 1642 Sermo
1192 1617 1262 1643 enim
1271 1618 1366 1648 crucis.
1377 1618 1415 1644 his
1425 1618 1529 1652 quidem
1538 1620 1582 1653 qui
1595 1624 1707 1654 pereunt

63 1662 217 1696 ⁵Ιυμέιίνοις,
231 1661 327 1696 μωρία
345 1661 429 1688 ἐστι’.
448 1661 513 1694 Τοῖς
531 1661 566 1689 δὲ
584 1661 762 1697 σωζομένοις
775 1661 858 1695 ἡμῖν.
873 1675 894 1703 c
907 1666 950 1697 ~stu

945 1662 1026 1689 iltilia
1043 1667 1081 1689 est
1098 1671 1107 1689 :
1123 1663 1197 1690 nobis
1213 1667 1302 1690 autent
1318 1665 1363 1699 qui
1377 1664 1491 1691 salutem
1508 1666 1704 1701 consequimur,

63 1707 191 1742 δύναμις
209 1708 283 1734 Θεοῦ
297 1708 374 1734 ἐστι.
392 1707 561 1742 Γέγραπται
579 1707 653 1742 γάρ*
673 1707 791 1735 Ἀπολῶ
802 1707 859 1740 τὴν

63 1762 174 1788 σοφίαν
198 1753 257 1780 τῶν
271 1753 386 1788 σοφῶν,
404 1754 454 1781 καὶ
473 1754 531 1788 τὴν
546 1754 676 1781 σύνεσιν
689 1753 750 1780 τῶν
767 1761 858 1780 συνε-

63 1799 121 1826 τῶν
133 1799 282 1832 ἀθετήσω.
296 1799 358 1826 Ποῦ
374 1800 487 1834 σοφός
499 1799 561 1826 Ποῦ
575 1799 765 1835 γραμμαῑεύς
773 1807 782 1830 ;
796 1798 858 1825 Ποῦ

63 1845 235 1880 συζῖιτητὴς
246 1845 299 1872 τοῦ
318 1845 428 1879 αἰῶνος
445 1846 573 1878 τούτου;
589 1846 662 1881 οὐχὶ
676 1844 828 1881 ἐμώρανεν
841 1846 858 1872 ὀ

64 1892 136 1925 θεὸς
154 1892 212 1926 τὴν
223 1891 340 1926 σοφίαν
353 1891 407 1919 τοῦ
423 1893 540 1927 κόσμου
555 1892 682 1924 τούτους

98 1938 180 1970 Είκδς
197 1937 267 1966 εἶναι
279 1939 346 1974 παρ’
360 1939 451 1970 αὐτοῖς
465 1939 610 1973 ἀπίστους,
622 1939 647 1965 οἶ
665 1938 791 1974 διέσυρον
810 1938 857 1964 τὸν

62 1987 192 2022 σταυρόν,
202 1986 289 2021 Φησὶν
297 1984 353 2013 οὖν·
367 1986 460 2022 Μηδὲν
473 1985 626 2021 ξενισθῆτε.
637 1985 701 2018 Τοῖς
710 1986 765 2022 γὰρ
775 1986 857 2012 ἀπολ-

61 2032 201 2067 λυμένοις,
213 2032 247 2059 τὰ
257 2034 298 2064 είς
311 2032 449 2068 σωτηρίαν
461 2032 574 2059 δοθέντα
585 2032 661 2068 παρὰ
671 2032 750 2066 Θεοῦ,
766 2032 857 2068 μωρία

61 2077 130 2105 εἶναι
142 2079 228 2105 δοκεῖ.

96 2124 204 2161 [MHR]
222 2125 346 2151 Δείκνυσι
360 2125 464 2158 λοιπὸν,
476 2126 516 2152 ἔτι
529 2125 589 2151 οὐδὲ
601 2125 664 2160 ἐνῆν
677 2125 748 2160 λόγῳ
761 2126 856 2160 cio-#2;

61 2171 290 2207 προσαγαγέσθαι
305 2172 381 2204 τινὰς
402 2171 441 2207 τῷ
465 2172 636 2207 κηρύγματι.
657 2171 688 2198 '0
713 2173 768 2208 γὰρ
791 2174 856 2208 περὶ

59 2218 106 2244 τοῦ
130 2217 252 2252 σταυροῦ
270 2218 360 2252 λόγος,
375 2219 405 2245 οὐ
424 2219 506 2254 μόνον
518 2219 549 2244 οὑ
566 2218 711 2253 προσάγει,
725 2219 792 2245 ἀλλὰ
809 2219 856 2245 καὶ

60 2265 114 2296 τοῖς
125 2264 327 2300 ἀπολλυμένοις
337 2265 428 2300 μωρὲα
442 2265 526 2292 δοκεῖ.
539 2265 570 2291 Et
586 2265 615 2291 δὲ
626 2264 716 2298 τοῦτο,
725 2265 756 2292 τί
771 2265 804 2292 ἄν
813 2273 856 2298 τις

61 2312 117 2346 Ilo:
143 2311 237 2345 λέγειν
259 2311 324 2346 περὶ
345 2311 392 2338 τοῦ
410 2311 588 2347 κηρύγματος
601 2333 608 2345 ,
637 2311 674 2348 μὴ
694 2312 785 2339 πάντα
807 2312 855 2347 τῆς

911 1710 1029 1744 polentia
1055 1709 1104 1736 Dei
1116 1713 1164 1736 est.
1199 1709 1334 1745 Siquidem
1362 1712 1491 1746 scriptum
1510 1716 1549 1738 est
1566 1719 1575 1738 :
1591 1711 1706 1739 Perdant

909 1756 1071 1790 sapientiam
1082 1757 1241 1791 sapientium
1253 1762 1277 1783 et
1285 1757 1491 1792 intelligentiam
1503 1758 1705 1794 intelligentium

911 1800 1042 1834 rejiciam.
1066 1799 1115 1827 Ubi
1138 1800 1268 1835 sapiens?
1293 1801 1339 1828 Ubi
1363 1801 1448 1827 acribu
1461 1802 1474 1828 7
1492 1801 1538 1828 Ubi
1555 1803 1705 1837 disputator

910 1847 989 1882 hujus
1007 1847 1121 1874 saeculi?
1152 1847 1247 1873 Annon
1269 1847 1413 1882 infamarit
1441 1847 1509 1874 Deus
1543 1849 1704 1883 sapientiam

910 1893 1003 1919 mnu-ii
1015 1893 1109 1927 hujus?

945 1939 1101 1966 Verisimile
1113 1945 1155 1967 est
1166 1939 1326 1967 incredulos
1338 1940 1423 1967 fuisse
1459 1940 1530 1975 apud
1554 1941 1629 1976 ipsos
1656 1942 1704 1976 qui

909 1985 983 2012 cruci
995 1985 1183 2012 detraherent.
1195 1985 1241 2012 Ait
1255 1993 1322 2021 ergo
1339 1994 1345 2012 :
1357 1985 1430 2012 Nihil
1440 1986 1540 2013 mirum
1549 1991 1703 2014 autnovuzn

911 2031 988 2059 vobis
1002 2031 1144 2064 videatur,
1153 2032 1290 2067 siquidem
1300 2032 1344 2060 his
1354 2032 1400 2067 qui
1413 2038 1541 2068 pereunt,
1551 2041 1583 2060 ea
1596 2041 1657 2068 qnu:
1670 2034 1705 2060 ait

909 2077 1027 2105 salutem
1057 2086 1071 2105 a
1088 2078 1144 2106 Deo
1169 2078 1232 2106 data
1250 2083 1325 2110 sunt.
1359 2079 1476 2106 stultitia
1489 2087 1552 2107 esse
1563 2080 1704 2106 videnlur.

943 2123 1366 2160 4250stenditconsequentcr
1375 2125 1447 2160 quod
1461 2125 1519 2152 ﬁeri
1534 2133 1587 2152 non
1600 2131 1703 2161 posset,

909 2173 1070 2197 utsermone
1081 2169 1222 2205 sapientia
1231 2171 1436 2197 adducerentur
1444 2171 1555 2205 quidam
1563 2171 1597 2198 ad
1608 2171 1706 2206 pracdi-

908 2215 1060 2242 cationem:
1071 2215 1208 2250 siquidem
1220 2224 1312 2243 sermo
1323 2217 1357 2244 de
1367 2224 1449 2244 cruce
1462 2224 1516 2243 non
1529 2220 1635 2243 tantum
1648 2225 1705 2244 non

907 2260 1030 2292 adducit,
1042 2261 1089 2287 sed
1101 2261 1185 2288 etiam
1195 2261 1310 2288 stultitia
1319 2261 1428 2289 videtur
1448 2262 1491 2289 his
1514 2263 1560 2297 qui
1574 2267 1702 2298 pereunt.

908 2306 986 2340 Quod
999 2306 1021 2334 si
1033 2306 1085 2334 hoc
1094 2306 1131 2334 ita
1141 2311 1193 2340 est,
1204 2307 1337 2342 quidnam
1352 2308 1444 2335 dicere
1463 2314 1555 2344 posset
1565 2308 1703 2343 quispiam

61 2358 173 2392 χάριτος
200 2357 274 2392 αὐτῷ
303 2359 493 2393 χορηγούσηςς
514 2367 523 2383 ι
545 2358 610 2390 Τοῖς
634 2358 662 2385 δὲ
687 2358 853 2393 σωζομένοις
870 2354 892 2382 Ι)
908 2352 942 2379 de

970 2352 1165 2387 przedicatione
1178 2373 1185 2385 ,
1205 2361 1267 2380 cum
1294 2354 1379 2388 gratia
1393 2354 1443 2388 ipsi
1456 2362 1511 2381 non
1531 2355 1624 2381 omnia
1639 2362 1704 2389 snp-

62 2405 136 2438 ἠμῖκ,
148 2403 266 2438 δύναμις
288 2403 358 2430 Θεοῦ
373 2404 442 2430 ἐστι.
462 2413 470 2430 ι
495 2405 527 2430 Οἱ
544 2404 598 2440 γὰρ
615 2404 651 2440 μὴ
669 2403 857 2439 ἐξεστηκότες,

62 2450 117 2477 ἀλλ’
135 2447 176 2482 οἷς
197 2451 257 2477 ἐστι
283 2450 420 2486 σωτηρίας
444 2450 532 2482 ἐλπὶς,
548 2451 580 2477 ἐκ
618 2451 713 2478 τούτου
741 2451 859 2486 μάλιστα

63 2498 234 2532 γινώσκομεν
251 2498 302 2532 τὴν
317 2498 433 2532 δύναμιν
461 2498 508 2524 καὶ
523 2497 572 2533 τὴν
590 2498 685 2532 σοφίαν
710 2498 758 2525 τοῦ
777 2498 858 2525 Θεοῦ,

62 2544 183 2579 Δύναμιν
199 2544 261 2578 μὲν,
277 2545 318 2571 ὅτι
333 2544 440 2578 θανάτῳ
456 2545 571 2571 θάνατον
591 2544 680 2570 ἔλυσε·
700 2545 795 2579 σοφίαν
819 2545 858 2576 δὲ,

63 2589 101 2615 ὅτι
127 2588 218 2623 τούτῳ
252 2588 292 2624 τῷ
313 2589 408 2624 τρόπῳ
431 2588 606 2620 ἀπολωλότας
628 2588 750 2617 διέσωσε.
772 2600 780 2616 ι
800 2589 854 2616 Ποῦ

64 2633 141 2667 σοφός
154 2641 162 2665 ;
183 2642 192 2658 ι
209 2632 308 2659 Aa.va
321 2633 478 2669 παρρησίαν
495 2633 549 2659 ἀπὺ
563 2632 612 2668 τῆς
628 2632 750 2668 Γραφῆς,
763 2634 856 2661 λοιπὸν

64 2678 233 2704 καθάπτεται
252 2677 359 2704 αὐτῶν·
379 2686 388 2702 ι
403 2676 457 2703 Ποῦ
475 2677 572 2711 σοφός;
593 2686 602 2702 ι
618 2676 683 2712 περὶ
704 2677 854 2712 Ἑλλήνων

63 2722 164 2756 λέγων-
184 2731 194 2748 (
211 2722 266 2748 Ποῦ
286 2722 483 2758 γραμματεύςς
498 2732 509 2747 ι
527 2722 590 2757 περὶ
613 2721 758 2748 Ἰουδαίων.
776 2731 784 2747 ι
801 2723 855 2749 Ποῦ

65 2766 233 2802 συζητητήςς
253 2775 262 2791 ι
280 2766 428 2793 Ἰόυτὲστιν
441 2787 447 2798 ,
464 2767 489 2793 οί
507 2767 647 2801 λογισμοῖς
667 2767 715 2793 καὶ
731 2767 856 2801 ἐρεύναις

63 2813 94 2838 τά
110 2812 204 2839 πάντα
219 2813 429 2848 ἐπιτρέψαντες.
444 2809 525 2839 Οὗτοι
547 2812 601 2847 γὰρ
618 2812 717 2844 πάντες
729 2833 736 2845 ,
757 2812 857 2839 ὡσανεί

64 2858 164 2893 ἔλεγεν,
185 2858 341 2894 ἐξαρπάσαι
365 2860 426 2886 τινὰ
454 2859 504 2894 τῆς
535 2859 639 2894 πλάνης
661 2859 711 2886 οὐκ
732 2860 855 2894 ἴσχυσαν.

65 2906 127 2941 Οὖχὶ
155 2906 301 2942 ἑμώρανιν
329 2907 344 2933 ὁ
368 2906 435 2937 Θεὸς
469 2906 518 2941 τὴν
549 2906 646 2940 σοφίαν
673 2905 722 2932 τοῦ
749 2906 855 2940 κόσμου

223 2955 360 2987 Pn'ttOL.
385 2955 444 2987 Gtt.
466 2956 608 2988 CXVIII.

908 2398 1012 2433 peditet
1028 2399 1039 2425 ’ἒ
1056 2409 1065 2424 ι
1083 2398 1168 2426 Nobis
1181 2404 1271 2426 autem
1289 2400 1336 2434 qui
1360 2400 1475 2427 salutem
1493 2400 1702 2435 consequimur,

909 2445 1031 2479 potentia
1056 2445 1104 2472 Dei
1124 2450 1177 2472 est.
1208 2455 1217 2471 ι
1235 2445 1302 2473 Nam
1327 2446 1374 2480 qui
1402 2453 1456 2472 non
1475 2446 1623 2478 resiliiuns,
1653 2446 1702 2472 sed

910 2498 986 2525 spem
1015 2492 1149 2519 habemus
1177 2492 1292 2525 salutis,
1319 2500 1353 2520 ex
1378 2493 1431 2520 hoc
1462 2493 1637 2528 potissimum
1653 2492 1700 2520 Dei

911 2538 1059 2572 potentiam
1089 2543 1117 2566 et
1141 2540 1302 2573 sapientiam
1318 2539 1512 2575 cognoscimus
1527 2548 1533 2566 :
1549 2539 1700 2574 potentiam

911 2585 1032 2620 quidem,
1056 2586 1130 2620 quod
1146 2591 1236 2614 morte
1260 2587 1523 2620 solveritmorlem;
1537 2586 1700 2621 sapientiam

910 2639 988 2661 vero.
1007 2631 1081 2666 quod
1091 2632 1147 2667 jam
1162 2632 1296 2668 perditos,
1314 2634 1368 2661 hoc
1382 2634 1464 2661 modo
1482 2633 1572 2660 salvos
1586 2632 1682 2660 iecerit
1692 2651 1699 2659 .

914 2687 922 2703 ι
941 2677 992 2705 Ubi
1007 2677 1135 2712 sapiens?
1154 2688 1162 2704 ι
1180 2678 1296 2714 Sumpta
1307 2680 1439 2715 loquendi
1453 2680 1579 2707 libertate
1592 2687 1607 2706 a
1625 2679 1701 2705 Scri-

909 2728 1001 2760 ptura,
1018 2731 1066 2752 eos
1083 2725 1257 2759 postmodum
1269 2726 1406 2761 objurgat,
1430 2726 1544 2753 dicens:
1558 2724 1610 2752 Ubi
1629 2734 1637 2750 ι
1653 2732 1700 2751 sa~

907 2769 1017 2805 piens?»
1031 2770 1066 2798 de
1085 2770 1206 2800 Grazcis:
1220 2781 1229 2797 ι
1243 2772 1295 2800 Ubi
1310 2771 1462 2799 scriba?de
1472 2770 1575 2798 Judmis
1591 2779 1598 2797 :
1617 2779 1626 2796 ι
1646 2769 1700 2798 Ubi

907 2816 1117 2852 disputator?»
1136 2816 1193 2844 Hoc
1220 2822 1278 2850 est,
1310 2817 1357 2852 qui
1383 2815 1645 2843 ratiocinationibus
1668 2823 1700 2842 ac

907 2862 1128 2890 scrutationibus
1148 2863 1240 2890 omnia
1261 2862 1448 2890 committunt.
1464 2862 1502 2890 Ac
1525 2862 1548 2889 si
1575 2862 1698 2889 diceret:

907 2907 941 2935 Hi
955 2908 1028 2936 enim
1042 2916 1139 2936 omnes
1159 2908 1266 2936 nullum
1294 2909 1328 2937 ab
1352 2917 1447 2936 errore
1476 2913 1626 2943 potuerunt
1643 2907 1699 2934 eri-

1474 2959 1511 2989 21
