1880 3057
174 172 223 202 (ὧι

703 174 903 204 (ECUMENII
920 173 1066 204 TRlCCrE
1082 173 1252 203 EPISCOPI

1751 173 1807 206 652

171 236 248 264 pere.
266 237 276 254 ‹
295 228 393 256 Annon
411 229 556 258 infamavit
585 230 657 258 Deus
682 231 843 265 sapientiam
863 231 957 258 mundi

1053 230 1106 256 irou
1118 238 1125 262 ;
1145 239 1154 255 ι
1173 229 1277 261 Πάντες
1290 227 1344 264 γὰρ
1356 227 1382 254 οι
1395 227 1539 260 δοκοῦντες
1551 224 1621 254 εἶναι
1639 227 1716 263 σοφοὶ
1730 228 1807 262 ἐμω-

172 275 274 310 hujus?
291 285 300 301 ι
320 275 421 303 Omnes
435 276 507 304 enim
523 276 570 311 qui
585 277 725 311 sapientes
748 284 808 305 esse
824 277 957 304 videbano

173 327 218 348 tur
234 321 360 349 infamati
371 326 444 355 sunt,
460 322 529 350 adeo
543 327 574 350 ut
587 323 624 350 illi
638 323 762 350 invenire
779 331 833 350 non
846 327 959 357 possent

173 375 235 402 qua:
250 376 263 394 ιι
281 368 467 402 piscatoribus
477 373 505 396 et
522 369 672 397 illitteratis
687 369 848 397 hominibus
861 370 960 405 pnedi-

173 418 233 441 eata
249 418 314 440 sunt
333 418 360 441 et
385 415 558 442 conlirmata.
576 415 721 448 Quomodo
736 420 829 443 autem
855 416 959 444 conﬁr-

172 459 274 486 mavit?
296 459 353 487 iloc
376 465 428 492 est,
451 461 562 488 stultam
586 469 646 489 esse
672 462 807 497 coarguit,
830 470 864 490 co
885 462 959 498 quod

171 505 313 532 veritatem
326 505 450 533 invenire
460 514 514 533 non
526 507 777 541 possent.—Aliud.
789 507 958 542 Sapientiam

171 551 267 578 mundi
293 556 371 579 vocat
388 552 596 587 eloquentiam;
612 553 715 581 etenim
740 554 821 590 hujus
847 554 960 589 largitor

170 597 243 624 Deus
256 601 307 625 est.
328 598 396 625 Nam
414 605 441 626 et
457 599 516 634 ipse
533 599 641 634 linguas
657 600 761 633 divisit,
779 604 806 627 et
831 601 959 635 proprios

172 644 273 678 cuique
288 644 464 672 characteres
481 645 634 672 distribuit.
651 647 746 681 itaque
766 646 867 674 Graeca:
891 655 960 682 quo.

171 699 225 726 que
240 690 340 725 linguae
358 692 417 725 ipse
432 690 510 718 dedit
523 691 708 726 splendorem.
727 691 762 718 At
778 691 818 718 illi
843 691 895 719 hoc
916 692 959 719 usi

169 746 226 764 non
241 742 306 764 sunt
327 737 361 764 ad
377 737 403 764 id
428 737 502 772 quod
534 737 668 772 oportuit,
695 736 844 765 eﬂieientes
869 737 957 772 ipsam

170 784 342 811 seductionis
356 784 512 816 illecebras,
535 784 619 819 idque
643 788 755 819 agentes
770 788 800 811 ut
823 784 959 812 sermonis

171 831 390 866 persuasibilitas
399 838 482 858 causa
499 830 577 858 ﬁeret
592 830 899 858 introduecndierroris
909 838 958 866 per

1015 277 1163 312 ράνοησαν,
1178 274 1217 310 τῷ
1235 274 1273 310 μὴ
1289 274 1435 310 δυνηθῆναι
1447 274 1548 305 αὐτοὺς
1567 275 1657 307 εὑρεῖν
1682 275 1756 310 ἇπερ
1775 275 1809 301 ἐκ

1012 323 1067 349 τῶν
1085 321 1182 348 ἀλιέων
1198 321 1245 348 καὶ
1260 321 1452 356 ἀγραμμάτων
1467 321 1638 355 κεκήρυκται
1662 321 1710 346 καὶ
1725 321 1808 346 πεπί-

1017 377 1136 395 στευται.
1147 368 1209 400 Πῶς
1229 367 1258 394 δὲ
1279 366 1424 402 ὲμώρανε;
1449 366 1582 396 τουτέστι.
1601 366 1697 400 μωρὰν
1723 364 1808 392 οὖσαν

1020 414 1128 450 ἤλεγξε,
1143 414 1182 449 τῷ
1200 413 1237 449 μὴ
1258 413 1367 448 ἰσχύσαι
1384 413 1473 448 εὑρεῖν
1492 412 1521 438 τὸ
1535 412 1644 447 ἀληθές.
1659 413 1807 439 -Ἀλλα

1015 459 1180 496 [ΘΕΟΔΩΡ.]
1189 460 1289 494 Σοφίαν
1298 459 1345 486 τοῦ
1357 460 1472 495 κόσμου,
1482 458 1531 495 τὴν
1540 458 1601 492 εὑγ)
1608 458 1709 485 ωττίαν
1718 458 1806 484 καλεῖ.

1015 507 1128 542 καὶγὰρ
1148 506 1249 542 ταύτης
1267 506 1385 542 χορηγὸς
1398 508 1411 533 ὁ
1427 505 1502 536 Θεὸς.
1520 505 1606 537 Αὐτὸς
1618 505 1672 540 γὰρ
1688 505 1735 532 καὶ
1757 505 1808 536 τὰς

1015 553 1140 588 γλώσσας
1153 553 1243 586 διεῖλε,
1260 553 1308 580 καὶ
1322 552 1427 588 ἑκάστῃ
1455 552 1634 587 χαρακτῆρας
1655 550 1737 582 ἰδίους
1756 550 1808 576 ἀπ-

1015 598 1114 630 ένειμε.
1131 599 1187 626 Καὶ
1197 597 1344 634 τῇἙλλάδι
1355 598 1445 624 τοίνυν
1461 598 1549 632 φωνῇ,
1564 596 1645 628 αὐτὸς
1658 595 1742 622 ἔδωκε
1758 595 1808 629 τὴν

1013 644 1204 681 λαμπρότητα.
1223 646 1256 672 Ol
1284 645 1313 671 δὲ
1338 653 1370 679 γε
1396 644 1446 670 οὐκ
1465 645 1504 676 εἰς
1520 643 1579 670 δέον
1597 643 1684 678 ταύτῃ
1704 642 1810 677 χρησά-

1014 700 1099 727 μενοι,
1115 692 1214 727 δέλεαρ
1226 691 1314 727 αὐτὴν
1332 691 1381 725 τῆς
1393 691 1503 725 ἀπάτης
1518 690 1671 724 ἀπέφηναν,
1696 688 1745 715 καὶ
1763 696 1809 714 πι-

1013 738 1096 773 θανὴν
1113 738 1161 774 τὴν
1175 738 1339 773 μυθολογίαν
1357 737 1406 772 τῆς
1422 737 1526 772 πλάνης
1537 735 1712 772 εἰργάσαντο.
1733 735 1810 761 Κατ-

1011 784 1107 820 ηγορεῖ
1118 784 1218 816 τοίνυν,
1235 785 1265 810 οὺ
1282 785 1331 818 τῆς
1344 783 1520 817 εὐγλωττίας,
1537 782 1605 809 ἀλλά
1622 782 1671 817 τῆς
1686 781 1716 807 ἐν
1735 780 1808 816 αὐτῇ

1015 831 1209 866 κρυπτομένης
1226 830 1413 866 ψευδολογίας.

170 878 309 905 fabulosus
316 877 552 905 ratiocinationes.
563 877 713 913 Rcdarguit
722 878 805 913 igitur
814 886 869 905 non
877 878 1076 913 eloquentiam,
1089 878 1135 905 sed
1145 885 1204 905 eam
1211 885 1271 912 quae
1278 877 1305 904 iu
1313 877 1371 912 ipsa
1378 881 1420 903 est
1427 874 1537 903 fallendi
1547 873 1808 910 promptitudinem.

205 925 227 956 1,
242 924 274 951 21
290 938 301 944 -
317 924 361 951 εδ.
381 923 601 959 Quandoquidem
620 925 688 951 enim
704 925 732 950 in
758 925 890 959 sapientia
914 924 962 951 Dei
981 930 1000 957 Β

169 979 220 998 non
235 971 356 1006 cognovit
371 971 485 998 mundus
503 979 549 1006 per
565 971 725 1006 sapientiam
742 971 838 1004 Deum,
858 971 957 1006 placuit

170 1017 223 1044 Deo
239 1026 286 1052 per
301 1017 444 1044 stultitiam
462 1018 659 1052 praedicationis
672 1017 759 1045 salvos
787 1018 873 1053 facere
901 1027 959 1045 cre-

167 1064 267 1091 dentes.
283 1064 416 1096 Quoniam
436 1068 460 1090 et
477 1063 565 1091 Judwi
576 1064 653 1100 signa
668 1064 815 1100 postulant,
832 1069 856 1091 et
875 1063 959 1092 θναιεὶ

167 1110 327 1143 sapientiam
341 1114 475 1144 quwrunt.
493 1110 547 1137 Nos
577 1115 666 1137 autem
680 1111 856 1146 praedicamus
880 1111 958 1138 Chri-

167 1159 238 1182 stum
252 1154 418 1189 cruciﬁxum,
431 1154 519 1182 Judwt‘
533 1155 640 1190 quidem
653 1155 847 1191 offendiculum,
860 1155 959 1184 Graeci:

167 1208 228 1227 vero
243 1199 399 1227 stu/tiliam.

203 1245 285 1281 426
303 1257 311 1271 σ
332 1246 361 1273 In
385 1245 532 1281 sapientia.
553 1255 562 1272 ›
578 1247 645 1282 Quae
660 1247 792 1274 videlicet
822 1247 849 1274 in
879 1254 957 1274 crea-

168 1292 238 1319 turis
251 1292 402 1324 relucebat,
418 1299 517 1327 nempe
530 1292 557 1319 in
568 1293 638 1320 caelo
650 1296 678 1319 et
694 1292 722 1319 in
736 1296 820 1320 terra.
830 1292 958 1325 Quando-

168 1337 292 1372 quidem,
325 1337 426 1372 inquit,
443 1345 499 1364 non
518 1337 649 1372 cognovit
673 1337 793 1364 mundus
807 1338 893 1364 Deum
911 1345 959 1372 per

168 1382 252 1409 talem
269 1382 358 1417 ipsius
371 1381 535 1416 sapientiam
553 1390 615 1417 qure
634 1382 663 1409 in
689 1383 825 1410 creaturis
848 1383 960 1418 conspi-

126 1464 128 1467 τ
169 1428 306 1460 ciebatur,
334 1429 440 1463 placuit
467 1429 524 1456 Deo
534 1436 584 1464 per
613 1436 724 1456 crucem
753 1429 841 1457 salvos
867 1429 959 1458 facere

169 1482 218 1502 eos
229 1474 277 1509 qui
292 1474 449 1507 crederent,
467 1483 528 1510 qua:
541 1474 658 1502 stultitia
672 1482 733 1502 esse
745 1475 856 1503 videtur
869 1476 960 1504 incre-

169 1520 253 1552 dulis,
268 1524 296 1547 et
309 1521 350 1547 his
364 1520 412 1555 qui
429 1525 557 1555 pereunt.
575 1520 744 1555 Sapientiam
757 1524 850 1548 autem
866 1521 960 1556 appel-

169 1566 207 1593 lat
232 1567 382 1593 humanam
403 1574 514 1602 quoque
543 1567 754 1602 intelligentiam
782 1573 811 1595 et
824 1568 958 1603 eloquen-

1057 923 1173 957 Ἐπειδὴ
1188 925 1241 958 γὰρ
1261 923 1294 949 ἐν
1311 922 1347 957 τῇ
1362 922 1454 955 σοφίᾳ
1475 921 1530 948 οὐκ
1553 921 1629 954 ἔγνω
1654 921 1670 946 ὁ
1691 918 1809 953 κόσμος

1010 969 1058 996 διὰ
1067 969 1239 1004 τῆς-σοφίας
1254 969 1306 995 τὸν
1319 969 1402 1001 Θεὸν,
1415 964 1743 1000 εὐδόκησενόθεὸςῦιὰ
1752 963 1808 997 τῆς

1007 1016 1120 1050 μωρίας
1146 1016 1200 1043 τοῦ
1214 1015 1413 1050 κηρύγματος,
1439 1013 1537 1040 σῶσαι
1552 1012 1623 1044 τοὺς
1648 1011 1810 1038 πιστεύον-

1010 1071 1073 1096 τας.
1108 1062 1228 1095 Ἐπειδὴ
1252 1061 1302 1088 καὶ
1330 1060 1469 1088 Ἰουδαῖοι
1483 1057 1810 1094 σημεῖοναὶτοῦσι,και

1010 1108 1161 1142 ’Έλληνες
1184 1109 1297 1142 σοφίαν
1321 1106 1474 1140 ζὴτοῡσιν,
1495 1105 1581 1140 ἡμεῖς
1597 1104 1634 1131 δὲ
1650 1104 1808 1138 κηρύσσο-

1006 1163 1064 1189 μεν
1101 1154 1232 1188 Χριστὸν
1271 1152 1519 1188 ἐσταυρωμένον,
1558 1151 1716 1183 Ἰουδαίοις
1747 1150 1809 1185 μὲν

1010 1200 1199 1233 σκάνδαλον,
1211 1200 1347 1234 Ἕλλησι
1363 1198 1398 1225 δὲ
1410 1199 1536 1234 μωρίαν.

1049 1256 1057 1272 ι
1070 1247 1113 1272 Ἑν
1123 1247 1156 1282 τῇ
1168 1246 1258 1282 σοφίᾳ.
1273 1255 1282 1271 ι
1296 1246 1335 1280 Τῇ
1344 1245 1388 1272 διὰ.
1402 1245 1455 1271 τῶν
1470 1244 1629 1280 κτισμάτων
1640 1242 1808 1278 φαινομένῃ,

1009 1289 1064 1318 οἶον
1082 1292 1198 1328 οὐρανοῦ
1213 1292 1260 1318 καὶ
1285 1292 1347 1326 γῆς.
1369 1291 1489 1325 Ἐπειδὴ,
1515 1290 1609 1324 φησὶν,
1634 1290 1685 1316 οὐκ
1699 1289 1774 1323 ἔγνω
1793 1289 1808 1316 ὁ

1010 1337 1112 1373 κόσμος
1127 1338 1172 1364 τὸν
1182 1337 1248 1364 Θεὸν
1267 1337 1310 1364 διά
1327 1337 1376 1371 τῆς
1389 1336 1517 1370 τοιαύτης
1533 1335 1615 1362 αὐτοῦ
1639 1333 1736 1370 σοφίας
1752 1335 1806 1369 τῆς

1009 1384 1232 1419 ἔνθεωρουμένης
1257 1384 1314 1415 τοῖς
1336 1383 1501 1418 κτίσμασιν,
1528 1382 1675 1417 εὐδόκησεν
1697 1381 1712 1408 ὁ
1737 1380 1810 1413 Θεὸς

1009 1431 1054 1458 διὰ
1070 1432 1118 1458 τοῦ
1132 1429 1249 1466 σταυροῦ
1263 1430 1349 1456 σῶσαι
1364 1430 1427 1461 τοὺς
1440 1428 1632 1461 πιστεύοντας,
1646 1428 1722 1458 ὅστις
1744 1436 1808 1463 μω-

1013 1478 1057 1513 ρία
1072 1478 1127 1508 τοῖς
1140 1477 1267 1508 ἀπίστοις
1281 1477 1327 1502 καὶ
1354 1475 1551 1511 ἀπολλυμένοις
1567 1474 1638 1502 εἶναι
1652 1475 1736 1502 δοκεῖ.
1756 1475 1809 1501 Σο-

1010 1523 1075 1557 φίαν
1089 1522 1129 1555 δὲ,
1148 1523 1195 1549 καὶ
1209 1522 1259 1557 τὴν
1276 1521 1452 1557 ἀνθρωπίνην
1468 1521 1596 1557 ὀνομάζει
1617 1522 1737 1552 συνέσιν,
1759 1522 1810 1548 καὶ

1011 1569 1059 1604 τὴν
1078 1568 1254 1602 εὐγλωττίαν,
1277 1568 1336 1603 ἤτοι
1353 1568 1418 1594 αὐτὸ
1440 1568 1469 1594 τὸ
1494 1568 1544 1603 τῆς
1559 1567 1658 1600 λέξεως
1673 1567 1809 1602 ἀνθηρὸν,

170 1613 246 1645 tiam,
263 1613 320 1640 sive
337 1613 424 1648 ipsam
442 1613 576 1641 doctrinae
587 1614 770 1641 suavitatem:
786 1619 817 1641 ut
833 1615 957 1642 ostendat

1053 1625 1057 1641 ι
1073 1614 1176 1650 διδάξῃ,
1191 1615 1231 1641 ὅτι
1255 1614 1300 1641 νοῦ
1316 1614 1430 1650 ποιητὴς
1450 1616 1463 1641 ὀ
1483 1614 1560 1646 Θεὸς,
1575 1615 1622 1641 καὶ
1644 1614 1808 1650 φρονήσεως

170 1659 256 1686 Deum
272 1660 372 1687 mentis
385 1667 447 1687 esse
461 1665 617 1688 creatorem
632 1665 660 1688 et
682 1661 836 1696 prudentiae
853 1669 884 1688 ac
900 1662 958 1689 elo-

169 1705 289 1740 quentia:
300 1705 481 1740 largitorem:
498 1713 655 1740 quanquam
671 1706 799 1733 nonnulli
813 1707 856 1734 his
878 1708 911 1734 ad
925 1715 958 1735 ea

170 1759 231 1786 qua:
246 1759 301 1778 non
314 1756 424 1786 oportet
438 1752 478 1778 usi
499 1751 564 1779 sint.
582 1751 732 1779 Stultitiam
749 1760 815 1779 vero
826 1753 959 1787 praedica-

171 1797 255 1824 tionis
269 1797 337 1824 dicit
354 1796 560 1832 simplicitatem
578 1796 743 1825 dictionum.
762 1798 852 1824 Divini
870 1798 958 1832 siqui—

170 1842 234 1870 dem
259 1841 389 1877 discipuli
416 1841 508 1869 idiota:
535 1846 625 1875 erant,
649 1842 723 1876 quod
744 1842 777 1869 ad
804 1850 957 1869 sermonem

168 1889 279 1923 attinet,
295 1888 343 1916 sed
354 1888 453 1916 divites
467 1888 591 1916 scientia.
608 1898 617 1914 ι
632 1889 665 1915 Ει
677 1888 764 1916 Judaai
778 1889 855 1923 signa
865 1893 959 1923 postu-

169 1935 238 1962 lant.
257 1943 266 1960 ν
280 1934 308 1961 Si
320 1933 425 1964 Iudaeo,
442 1933 542 1968 inquit,
559 1933 711 1961 dixerimus
726 1942 732 1960 :
750 1933 850 1965 Crede,
871 1933 959 1968 proti-

170 1988 223 2008 nus
235 1980 311 2016 signa
325 1988 357 2007 ac
365 1979 490 2015 prodigia
502 1979 561 2006 ﬁeri
574 1979 694 2014 postulat
707 1979 740 2006 ad
754 1979 958 2014 praedicationis

170 2026 419 2053 conﬁrmationem.
440 2025 497 2052 Nos
512 2030 603 2052 autem
620 2025 758 2052 Christum
777 2025 959 2060 praedicamus

171 2072 346 2105 cruciﬁxum,
377 2072 450 2107 quod
473 2079 529 2099 non
557 2072 638 2098 modo
666 2080 720 2098 non
751 2077 793 2099 est
818 2072 958 2107 signorum

170 2119 382 2150 demonstratio,
398 2117 464 2153 quin
480 2117 573 2152 potius
583 2117 778 2145 imbecillitatis
793 2122 845 2151 est,
872 2125 959 2152 quan-

170 2170 229 2193 tum
243 2164 276 2192 ad
294 2165 320 2192 id
332 2165 406 2200 quod
418 2169 542 2199 apparet.
559 2164 686 2191 Attamen
711 2171 774 2191 eum
801 2164 853 2191 hoc
879 2164 958 2191 inﬁr-

170 2220 245 2240 mum
258 2212 395 2244 videatur,
412 2216 439 2239 et
457 2211 500 2238 his
519 2218 580 2246 qua:
605 2211 751 2245 requirunt
776 2211 956 2244 contrarium,

170 2259 346 2286 adducuntur
367 2258 550 2285 nihilominus
568 2256 601 2284 ad
623 2255 717 2288 ﬁdem,
739 2257 813 2292 quod
832 2265 958 2290 magnam

1013 1661 1130 1696 χορηγὸς
1145 1661 1192 1687 καὶ
1209 1660 1385 1694 εὐγλωττίας,
1408 1661 1433 1686 εί
1452 1660 1499 1687 καί
1515 1669 1589 1692 τινες
1617 1661 1710 1692 αὐτοῖς
1724 1661 1769 1696 ἐφ’
1790 1661 1809 1688 ἃ

1015 1707 1052 1742 μὴ
1065 1707 1105 1733 δεῖ
1121 1707 1282 1742 ἐχρήσαντο.
1294 1706 1408 1741 Μωρίαν
1433 1706 1461 1732 δὲ
1484 1706 1529 1732 τοῦ
1543 1706 1733 1742 κηρύγματος,
1753 1708 1806 1742 τὴν

1012 1753 1066 1779 τῶν
1073 1752 1171 1785 λέξεων
1182 1752 1321 1787 ἁπλότητα
1333 1760 1426 1787 φησιν.
1436 1752 1552 1779 Ἰδιώται
1565 1753 1614 1787 μὲν
1622 1753 1676 1788 γὰρ
1684 1753 1723 1788 τῷ
1733 1753 1809 1789 λόγῳ

1012 1796 1082 1833 ἦσαν
1104 1799 1128 1824 οἱ
1154 1798 1291 1825 θεσπέσιοι
1314 1797 1445 1833 μαῦηταὶ,
1464 1798 1586 1824 πλούσιοι
1602 1798 1631 1824 δὲ
1646 1800 1678 1833 τῇ
1691 1798 1806 1833 γνώσει.

1017 1854 1025 1870 ι
1039 1845 1220 1871 ΚαὶΊουδαῖοι
1235 1846 1346 1880 σημεῖον
1361 1843 1492 1871 αἰτοῦσιν.
1507 1853 1517 1870 ι
1529 1844 1601 1877 Ἐὰν,
1612 1845 1705 1880 φησὶν,
1718 1845 1807 1872 εἴπω-

1015 1899 1064 1926 μεν
1081 1890 1210 1925 Ἰουδαίῳ,
1219 1891 1376 1923 Πίστευσον,
1385 1890 1464 1923 εὐθὺς
1472 1891 1573 1926 σημεῖα
1580 1891 1628 1918 καὶ
1635 1892 1739 1926 τέρατα
1747 1892 1807 1918 ὲπι-

1013 1937 1089 1970 ζητεί
1119 1936 1255 1970 γενέσθαι,
1284 1937 1351 1971 πρὸς
1376 1936 1507 1963 σύστασιν
1533 1936 1580 1964 τοῦ
1613 1938 1804 1972 κηρύγματος.

1019 1981 1114 2016 Ἡμεῖς
1127 1981 1155 2008 δὲ
1168 1981 1285 2017 Χριστὸν
1301 1982 1476 2017 κηρύσσομεν
1486 1983 1702 2018 ἐσταυρωμένον.
1713 1984 1806 2019 Ὅπερ

1012 2027 1043 2054 οὗ
1056 2027 1136 2062 μόνον
1149 2028 1199 2053 οὐκ
1215 2028 1273 2053 ἔστι
1290 2029 1410 2063 σημείων
1422 2028 1560 2061 ἐπίδειξις,
1577 2028 1644 2055 ἀλλὰ
1659 2029 1706 2055 καὶ
1721 2029 1806 2055 ἀσθε-

1012 2073 1096 2105 νείας,
1111 2074 1172 2099 ὅσον
1185 2074 1254 2100 κατὰ
1268 2074 1297 2100 τὸ
1313 2075 1485 2109 φαινόμενον.
1502 2075 1557 2101 Καὶ
1571 2075 1645 2109 ὅμως
1659 2074 1750 2110 τούτῳ
1764 2076 1804 2108 τῷ

1012 2116 1133 2143 δοκοῦντι
1145 2117 1253 2144 ἀσθενεῖ
1267 2119 1314 2144 καὶ
1330 2119 1443 2153 ἐναντίῳ
1465 2118 1502 2150 ὡς
1519 2119 1586 2154 πρὸς
1607 2118 1625 2146 ἃ
1639 2119 1804 2146 ἀπαιτοῦσιν

1012 2162 1154 2196 ὲνάγονται
1170 2165 1238 2198 πρὸς
1253 2165 1302 2198 τὴν
1323 2164 1423 2197 πίστιν,
1439 2165 1508 2199 ὅπερ
1535 2165 1656 2200 μεγάλην
1680 2165 1803 2193 δείκνυσι

1012 2209 1058 2236 τοῦ
1073 2209 1140 2236 Θεοῦ
1154 2210 1201 2245 τὴν
1222 2210 1345 2245 δύναμιν.
1372 2210 1455 2237 Πάλιν
1475 2209 1605 2245 Ἕλληνες
1630 2212 1729 2246 σοφίαν
1751 2212 1804 2246 ζη-

1012 2256 1088 2282 τοῦσι
1104 2258 1168 2292 παρ’
1182 2256 1271 2291 ἡμῶν,
1287 2257 1355 2283 ἀλλά
1372 2257 1509 2288 κάκείνοις
1523 2257 1602 2292 ἡμεῖς
1617 2257 1662 2284 τὸν
1684 2259 1803 2292 σταυρὸν

169 2304 219 2332 Dei
235 2303 363 2331 ostendat
377 2302 538 2338 potentiam.
556 2300 678 2328 Rursum
694 2301 781 2328 Graeci
793 2300 956 2336 sapientiam

1053 2301 1193 2336 ούσσομεν,
1208 2302 1286 2337 ὅπερ,
1303 2302 1372 2329 κατὰ
1382 2302 1412 2328 τὸ
1421 2302 1594 2337 φαινόμενον,
1610 2302 1715 2337 μωρίας
1728 2301 1803 2329 εἶναι

170 2358 186 2377 a
210 2349 291 2376 nobis
309 2351 468 2384 requirunt,
489 2347 537 2376 sed
565 2346 619 2374 illis
644 2354 755 2382 quoque
778 2355 829 2375 nos
848 2354 959 2374 crucem

170 2395 364 2431 przedicamus,
373 2394 448 2430 quod
462 2393 497 2421 ad
510 2393 538 2421 id
552 2393 626 2429 quod
640 2393 667 2420 in
680 2397 827 2428 prospectu
836 2397 878 2420 est
892 2393 960 2420 stul-

172 2441 238 2469 titiae
264 2448 325 2469 esse
340 2440 462 2474 videtur,
478 2440 566 2468 Deum
581 2439 710 2468 videlicet
725 2439 875 2474 praedicare
896 2447 956 2466 cru-

170 2487 302 2514 ciﬁxum:
327 2491 355 2513 at
379 2486 432 2514 hoc
454 2494 564 2522 quoque
588 2486 672 2514 modo
698 2485 904 2521 persuadeatur
932 2489 961 2512 et

169 2535 372 2569 obtemperant.
389 2533 486 2560 Annon
501 2533 558 2560 haec
573 2533 696 2560 maxima:
723 2535 787 2559 sunt
800 2531 960 2558 admiratio-

169 2581 213 2608 nis
229 2588 261 2607 ac
275 2580 412 2610 miraculi.
429 2587 477 2607 eos
488 2587 536 2614 per
550 2579 608 2607 hac
631 2578 790 2614 persuaderi
805 2585 865 2612 quat
893 2584 960 2604 con-

170 2626 254 2653 traria
281 2629 346 2653 sunt
362 2626 397 2653 iis
413 2633 474 2660 quae
500 2625 667 2660 requirunt?
690 2624 743 2650 Aut
771 2622 824 2650 hoc
849 2629 960 2657 quoque

169 2675 251 2701 moJo
285 2673 402 2708 intelligi
430 2678 537 2708 potest:
569 2671 716 2704 Quoniam,
748 2670 848 2705 inquit,
872 2669 959 2698 Judaai

169 2720 245 2755 signa
276 2720 416 2755 postulant
449 2723 475 2746 et
500 2719 586 2746 Graeci
619 2718 793 2752 sapientiam,
816 2716 959 2744 inveniunt

168 2767 279 2801 utrique
296 2766 322 2793 in
343 2766 455 2793 Christo
483 2773 516 2792 ea
537 2772 598 2798 qua:
624 2764 779 2798 requirunt.
796 2763 960 2797 Quomodo?

168 2811 312 2847 Siquidem
324 2811 476 2840 incredulis
488 2810 591 2839 Judaeis
605 2809 803 2837 oll'endiculum
820 2814 872 2842 est,
884 2809 959 2838 Gne-

167 2857 433 2892 cisqueinlidelibus
450 2857 563 2884 fatuitas
587 2861 711 2891 apparet.
737 2857 773 2884 At
798 2856 826 2884 hi
850 2857 896 2892 qui
924 2864 958 2884 ex

167 2903 234 2939 ipsis
249 2903 338 2930 vocati
353 2908 417 2931 sunt
435 2908 462 2931 et
490 2903 582 2938 electi,
607 2903 752 2930 inveniunt
777 2911 840 2931 eum
866 2903 955 2932 Patris

1008 2347 1091 2378 δοκεῖ,
1106 2347 1172 2374 Θεὸν
1200 2349 1346 2383 κηρύσσειν
1371 2348 1588 2384 ἐσταυρωμένον,
1605 2349 1673 2375 ἀλλὰ
1689 2349 1736 2375 καὶ
1755 2349 1803 2375 οὕ-
1827 2361 1831 2364 -

1008 2401 1062 2425 τως
1077 2393 1225 2420 πείθονται.
1249 2392 1323 2429 Ἀρα
1342 2394 1372 2420 οὐ
1394 2394 1481 2421 ταῦτα
1507 2394 1636 2429 μεγίστου
1660 2393 1804 2429 θαύματος

1009 2440 1039 2466 τὸ
1052 2440 1084 2465 ἐκ
1096 2439 1150 2466 τῶν
1162 2440 1291 2466 ἐναντίων
1307 2440 1344 2472 ὡς
1356 2440 1425 2476 πρὸς
1437 2440 1455 2467 ἃ
1470 2441 1547 2468 αὐτοὶ
1561 2440 1721 2472 ἐπιζητοῦσι
1738 2441 1802 2467 πεί-

1009 2485 1103 2512 θεσθαι
1120 2485 1237 2519 αὐτούς;
1253 2487 1269 2522 ἢ
1285 2487 1331 2512 καὶ
1343 2486 1428 2518 οὕτως
1442 2487 1561 2522 νοητέον·
1585 2485 1704 2522 Ἐπειδὴ,
1721 2487 1801 2521 φησὶ,

1009 2531 1057 2558 καὶ
1076 2533 1198 2559 Ἰουδαῖοι
1222 2534 1322 2568 σημεῖα
1347 2533 1506 2567 ἐπιζητοῦσι
1530 2533 1577 2560 καὶ
1598 2533 1728 2568 ’Έλληνες
1755 2541 1802 2559 σο-

1010 2578 1084 2613 φίαν,
1113 2579 1286 2614 εὑρίσκουσιν
1313 2581 1463 2616 ἀμφότεροι
1489 2579 1507 2606 ἃ
1533 2579 1660 2614 ζητοῦσιν
1686 2580 1727 2610 εἰς
1752 2579 1801 2605 τὸν

1010 2625 1137 2660 Χριστόν.
1164 2627 1246 2659 Πῶς;
1270 2627 1332 2659 Τοῖς
1363 2627 1413 2661 μὲν
1431 2626 1484 2661 γὰρ
1507 2627 1632 2657 ἀπίστοις
1661 2625 1803 2657 Ἰουδαίοις

1012 2672 1159 2699 σκάνδαλόν
1189 2674 1258 2706 ἐστι,
1283 2674 1329 2700 καὶ
1351 2675 1407 2706 τοῖς
1429 2674 1555 2705 ἀπίστοις
1573 2673 1686 2707 Ἕλλησι
1708 2672 1803 2708 μωρία

1008 2718 1089 2745 δοκεῖ.
1104 2719 1135 2745 Οί
1150 2719 1177 2746 δέ
1190 2727 1233 2754 γε,
1257 2720 1335 2754 φησὶ,
1361 2719 1456 2755 κλητοὶ
1472 2719 1521 2747 καὶ
1537 2718 1730 2752 ὲπίλεκτοιηὲξ
1748 2718 1802 2744 αὺ-

1007 2764 1072 2798 τῶν,
1084 2765 1259 2801 εὑρίσκουσιν
1274 2765 1355 2792 αὑτὸν
1367 2765 1431 2792 ὄντα
1448 2766 1563 2800 δύναμιν
1584 2765 1630 2791 καὶ
1643 2765 1741 2799 σοφίαν
1753 2765 1801 2791 τοῦ

1008 2811 1126 2846 Πατρός.
1149 2812 1181 2838 Τί
1196 2811 1250 2847 γὰρ
1267 2811 1366 2845 λέγεις,
1390 2808 1412 2838 ὧ
1434 2811 1561 2844 Ίουδαίε;
1579 2811 1683 2846 Σημεῖα
1700 2811 1801 2844 ἐπιζη-

1007 2857 1084 2889 τείς;
1114 2856 1180 2882 Ἰδοὺ
1198 2858 1212 2882 ὁ
1236 2857 1364 2891 Χριστὸς,
1380 2857 1448 2884 Θεοῦ
1476 2856 1590 2892 δύναμίς
1617 2857 1691 2882 ἐστιν
1707 2856 1724 2890 η
1745 2856 1800 2881 τῶν

1010 2902 1130 2937 σημείων
1149 2903 1288 2938 ποιητική.
1306 2903 1360 2930 Καὶ
1375 2903 1406 2930 σὺ
1424 2903 1450 2929 τί
1471 2903 1569 2937 λέγεις,
1584 2900 1607 2930 ὢ
1622 2902 1740 2937 Ἐλλην;
1756 2909 1800 2928 σο-
