1880 3057
167 151 220 182 ίῖ55

700 149 901 181 (ECUMENII
921 149 1066 180 TRICCIE
1081 148 1254 179 EPISCOPI

1744 153 1800 184 656

166 207 210 234 nis
224 206 381 240 atl'eclibus,
399 206 432 235 de
446 207 503 234 Deo
531 215 581 242 per
600 207 736 242 privativa
747 207 837 234 effari.
852 206 900 234 Sic
930 213 943 234 e

1034 207 1166 242 τερήσεως
1189 205 1371 240 ἀποφάσκειν.
1392 205 1472 233 Οὕτω
1497 207 1543 234 καὶ
1559 207 1696 243 ἀόρατον,
1719 210 1803 245 φησιν

164 252 276 279 oracula
294 252 390 280 dicunt
405 253 542 280 invisibile
553 253 656 284 lumen,
669 252 743 288 quod
759 257 849 280 tamen
861 252 954 280 omnia

164 298 303 326 iliustrat:
319 303 346 326 et
364 299 534 326 multimodis
555 299 697 326 laudatum
727 304 810 334 atque
828 299 955 327 nomina-

163 349 233 378 tum,
257 345 424 373 ineﬂ'abilem
456 346 563 378 dicunt,
592 346 760 381 nomincque
785 353 898 379 carere;
926 351 955 374 et

160 399 224 419 eum
242 392 288 427 qui
301 392 431 419 omnibus
444 400 566 427 prmsens
582 396 633 424 est,
644 397 671 420 et
681 401 714 420 ex
727 393 856 420 omnibus
869 392 954 421 rebus

160 438 311 469 invenitur,
337 438 649 474 incomprehensibilem
674 439 824 474 appellant,
853 443 881 467 et
904 439 953 475 qui

158 484 317 519 investigari
333 492 388 511 non
402 485 500 519 possit.

193 529 214 561 1,
225 529 319 557 26-29.
335 530 431 557 Videtis
445 531 514 557 enim
529 531 691 557 vocationem
699 535 827 564 vestram,
840 531 949 566 fratres,

156 575 288 610 quodnon
319 577 398 603 multi
425 579 560 610 sapientes
582 577 727 604 secundant
749 585 868 611 carnem,
898 586 951 605 non

154 621 231 648 mulli
245 626 363 657 potente:
380 631 389 650 :
405 631 456 650 non
473 623 550 650 multi
563 623 671 655 nobiles,
687 632 777 651 verum
788 632 847 659 quc:
866 624 950 652 stulta

153 669 296 695 secundum
310 670 437 696 mundum
455 674 531 696 erant
543 670 639 706 delegit
653 670 734 704 Deus,
754 676 782 697 ut
808 671 950 706 pudeface-

152 719 191 742 ret
207 716 339 750 sapientes
355 724 364 743 :
385 721 408 742 et
432 725 491 751 qua:
502 717 645 744 secundum
664 718 791 744 mundum
806 717 950 744 imbecillia

153 765 230 787 erant
244 760 340 796 delegit
360 761 437 794 Deus,
460 767 489 788 ut
505 771 535 789 ea
559 763 727 798 pudefaceret
757 772 815 798 qua
841 763 948 791 robusta

154 811 236 833 sunt:
243 811 267 833 et
276 815 334 842 quae
342 808 486 835 secundum
497 809 623 836 mundum
633 810 759 845 ignobilia
769 815 846 837 erant
855 815 880 836 et
888 819 950 837 con-

153 856 254 887 tempta
269 852 366 888 delegit
379 853 459 886 Deus,
474 858 499 880 et
514 863 545 881 ea
561 863 620 890 quw
633 864 684 882 non
702 860 788 888 erant,
802 860 830 882 ut
845 857 948 890 ea'quw

1005 252 1040 278 τὰ
1054 251 1133 285 λόγια
1155 251 1186 278 τὸ
1211 251 1342 286 παμιραὲς
1365 251 1434 286 φῶς,
1460 253 1509 280 καὶ
1532 253 1578 280 τὸν
1595 254 1800 290 πολυύμνητον,

1004 299 1052 325 καὶ
1079 298 1265 332 πολυώνυμον,
1293 299 1413 334 ἄρρητον
1443 300 1492 326 καὶ
1509 301 1664 335 ἀνώνυμον,
1691 302 1740 328 καὶ
1751 303 1801 329 τὸν

1004 345 1073 371 πᾶσι
1089 345 1212 380 παρόντα
1232 345 1279 371 καὶ
1294 346 1327 371 ἐκ
1346 345 1456 374 πάντων
1468 346 1674 382 εὑρισκόμενον,
1691 348 1800 376 ἀκατά-

1003 388 1106 425 ληπτον
1117 391 1163 416 καὶ
1176 389 1390 426 ἀνεξιχνίαστον.

1038 523 1171 551 Βλέπετε
1183 524 1238 559 γὰρ
1251 524 1308 559 τὴν
1318 525 1532 561 κλῆσινῠμῶν,
1548 526 1685 562 ἀδελφοί,
1700 528 1746 555 ὅτι
1759 529 1798 556 οὐ

1001 571 1112 597 πολλοὶ
1144 570 1236 605 σοφοὶ
1267 571 1346 598 κατὰ
1356 572 1466 606 σάρκα,
1481 574 1517 600 οὐ
1530 574 1640 600 πολλοὶ
1658 574 1796 607 δυνατοὶ,

1001 616 1037 642 οὐ
1046 616 1154 643 πολλοὶ
1183 617 1329 652 εὐγενεῖς,
1349 617 1430 644 ἀλλὰ
1448 617 1484 644 τὰ
1510 618 1594 653 μωρὰ
1610 619 1663 646 τοῦ
1676 620 1797 654 κόσμου

1000 660 1160 694 ἐξελέξατο
1175 664 1191 689 ὁ
1202 662 1285 695 Θεὸς,
1308 664 1359 690 ἵνα
1369 666 1558 699 καταισχύνῃ
1579 665 1650 699 τοὺς
1664 667 1795 700 σοφοὺς,

1000 706 1095 733 καὶτὰ
1111 707 1226 742 ἀσθενῆ
1237 709 1291 736 τοῦ
1304 711 1422 744 κόσμου
1444 710 1606 743 ἐξελέξατο
1616 713 1633 738 ὀ
1653 713 1726 746 Θεὸς
1741 713 1795 740 ἵνα

999 756 1187 790 καταισχύνῃ
1206 756 1241 783 τὰ
1256 758 1378 792 ἰσχυρά.
1394 758 1448 785 Καὶ
1461 759 1497 786 τὰ
1509 759 1604 794 ἁγενῆ
1613 760 1665 786 τοῦ
1674 761 1794 795 κόσμου

999 802 1097 829 καὶτὰ
1119 803 1339 838 ἐξουθενημένα
1358 803 1519 836 ἐξελέξατο
1538 805 1555 832 ὁ
1574 805 1657 838 Θεὸς,
1681 805 1732 832 καὶ
1755 806 1794 833 τὰ

999 848 1042 882 μὴ
1060 848 1143 880 ὄντα,
1158 849 1207 875 ἵνα
1221 849 1258 875 τὰ
1271 849 1344 875 ὄντα
1355 850 1541 885 καταργήσῃ,
1563 850 1643 884 ὅπως
1654 851 1698 886 μὴ
1717 859 1794 878 καυ-

151 902 211 924 sunt
225 898 387 932 obscuraret,
400 908 431 926 ne
445 900 607 936 gloriaretur
623 901 680 928 ulla
697 910 760 929 caro
772 910 862 929 coram
877 903 943 938 ipso.

1034 895 1130 928 ianraz
1142 896 1227 923 πᾶσα
1238 895 1318 930 σὰρξ
1331 896 1460 923 ἐνώπιον
1474 897 1579 924 αὐτοῦ.

184 943 374 976 Considerate,
389 945 488 980 inquit,
508 950 536 973 et
564 946 698 974 attendite
722 952 824 982 quanta
854 951 945 982 potest

152 990 270 1023 vocatio,
287 998 348 1025 qua:
367 990 460 1018 eﬂ‘ecit
489 995 519 1018 ut
544 991 635 1019 idiota:
660 992 728 1019 adeo
750 993 886 1027 sapientia
901 993 944 1020 di-

151 1041 260 1063 scerent
272 1036 409 1072 dogmata.
430 1046 439 1063 ι
457 1036 535 1070 Quod
547 1046 602 1065 non
620 1038 699 1065 multi
714 1038 863 1073 sapientes.
884 1049 893 1065 ι
912 1039 941 1067 In

150 1088 221 1110 uanc
233 1083 405 1110 vocationem
421 1088 448 1111 et
459 1083 541 1111 ﬁnem
557 1092 611 1111 non
627 1089 766 1112 venerunt
792 1085 873 1113 multi
899 1094 943 1114 sa-

149 1128 265 1163 pientes.
282 1129 365 1157 Addit
385 1134 477 1157 autem
501 1131 591 1162 multi,
616 1132 680 1166 quia
706 1132 830 1159 nonnulli
858 1132 941 1160 etiam

147 1173 287 1208 sapientes
307 1175 494 1208 crediderant,
508 1181 539 1204 ut
562 1177 736 1213 Areopagita,
765 1179 942 1215 Anthypatus

147 1226 179 1247 ac
191 1219 237 1247 alii
251 1229 257 1247 :
268 1225 295 1248 et
307 1220 343 1248 ob
355 1221 425 1249 hanc
435 1230 545 1250 causam
556 1223 659 1259 ubique
669 1225 794 1252 additur:
806 1234 815 1250 ι
826 1225 914 1256 Multi,
928 1235 937 1252 ι

149 1265 213 1300 quia
227 1271 306 1294 erant
321 1271 349 1295 et
363 1269 475 1303 quidatn
490 1274 618 1305 potentes
634 1279 666 1298 ac
684 1272 815 1306 prmclaro
839 1280 940 1307 genere

146 1312 200 1340 orti
217 1314 264 1348 qui
280 1314 465 1343 crediderant.
483 1326 493 1342 ι
511 1317 668 1345 Secundum
693 1326 815 1346 carnem.
835 1328 844 1344 ›
858 1318 939 1346 Juxta

148 1357 174 1387 id
186 1359 260 1393 quod
278 1366 401 1395 apparet,
434 1363 586 1390 secundum
601 1369 774 1398 praesentem
799 1364 883 1391 vitam
910 1369 939 1393 et

147 1407 289 1431 externam
303 1406 500 1434 eruditionem.
512 1407 544 1434 Hi
558 1408 630 1435 enim
643 1408 760 1436 maxime
774 1409 849 1436 stulti
861 1415 936 1442 sunt,

148 1449 194 1483 qui
213 1449 264 1476 sibi
283 1450 349 1485 ipsis
364 1457 562 1486 persuaserunt
576 1453 650 1488 quod
664 1458 758 1480 essent
778 1455 936 1489 sapientes:

148 1493 266 1529 tdeoqtte
298 1494 450 1524 diﬂicillimi
469 1502 542 1531 sunt
567 1505 582 1524 a
605 1498 663 1525 suis
686 1498 767 1525 avelli
793 1500 936 1533 dogmatis.

149 1549 158 1564 ι
179 1540 239 1567 Non
256 1542 335 1569 multi
348 1547 485 1578 potentes.
507 1553 516 1569 ›
533 1543 674 1578 Siquidem
690 1549 815 1578 potentes
828 1553 859 1572 ac
871 1554 937 1580 prat-

1039 941 1252 977 Ἐπισκέψασθε,
1283 943 1350 977 φησὶ
1369 963 1376 975 ,
1409 944 1570 979 προσέχετε,
1606 944 1665 976 πῶς
1676 945 1792 979 ,μεγάλα

997 988 1109 1016 δύναται
1125 989 1140 1024 ἡ
1156 989 1266 1024 κλῆσις,
1294 989 1336 1015 ὅτι
1362 989 1480 1022 ἰδιώτας,
1498 990 1569 1016 οὕτω
1583 990 1652 1024 σοφὰ
1664 991 1791 1025 δόγματα

999 1034 1093 1069 μαθεῖν
1124 1034 1342 1070 παρεσκεύασεν.
1367 1045 1376 1060 ‹
1390 1035 1490 1062 ’οτιοὺ
1506 1035 1598 1063 πολλοὶ
1609 1036 1717 1071 σοφοί.»
1744 1037 1791 1064 Ἐν

995 1082 1028 1116 τῇ
1043 1081 1138 1116 κλήσει
1166 1081 1254 1118 ταύτῃ
1271 1082 1319 1108 καὶ
1332 1083 1364 1117 τῇ
1382 1082 1484 1113 πίστει,
1513 1083 1606 1116 φησὶν,
1636 1083 1687 1110 οὐκ
1705 1080 1791 1118 ἦλθον

996 1126 1088 1153 πολλοὶ
1106 1127 1194 1162 σοφοί.
1209 1126 1367 1162 Προσέθηχε
1383 1127 1412 1153 δὲ
1426 1127 1456 1153 τὸ
1469 1127 1572 1159 πολλοὶ,
1593 1128 1634 1154 ὅτι
1646 1125 1720 1164 ἦσαν
1738 1129 1790 1156 καὶ

996 1173 1073 1207 σοφοί
1095 1182 1165 1205 τινες
1195 1174 1402 1206 πιστεύσαντες,
1433 1172 1489 1200 οἷον
1505 1175 1518 1200 ὸ
1546 1174 1790 1210 Ἀρεοπαγίτης,ὸ

1001 1217 1177 1251 Ἀνθύπατος,
1207 1219 1254 1246 καὶ
1275 1219 1374 1254 ἕτεροι.
1400 1220 1455 1246 Καὶ
1481 1220 1618 1256 πανταχοῦ
1632 1220 1672 1254 τὸ,
1693 1230 1702 1246 ι
1715 1221 1789 1247 Πολ-

993 1263 1045 1296 λοί,
1060 1274 1070 1290 ι
1083 1264 1127 1290 διὰ
1150 1264 1231 1292 τοῦτο
1247 1265 1420 1299 πρόσκειται,
1443 1266 1484 1292 ὅτι
1499 1264 1571 1302 ἦσάν
1587 1276 1659 1300 τινες
1677 1267 1791 1295 δυνατοὶ

994 1311 1042 1337 καὶ
1065 1311 1185 1345 εὐγενεῖς
1210 1311 1416 1344 πιστεύσαντες.
1437 1321 1446 1337 ι
1462 1311 1540 1339 Κατὰ
1567 1313 1667 1348 σάρκα.
1681 1323 1691 1339 ι
1706 1314 1791 1341 Κατὰ

992 1356 1022 1383 τὸ
1039 1357 1211 1392 φαινόμενον,
1238 1357 1310 1384 κατὰ
1339 1358 1385 1385 Ιτὸν
1411 1359 1533 1393 παρόντα
1559 1359 1638 1394 βίον,
1658 1360 1706 1386 καὶ
1735 1360 1791 1395 τὴν

993 1403 1091 1436 ἔξωθεν
1116 1404 1266 1431 παίδευσιν.
1293 1399 1374 1431 Οὗτοι
1407 1405 1462 1441 γὰρ
1487 1405 1604 1438 μάλιστα
1634 1407 1733 1442 μωροὶ,
1761 1408 1788 1434 οι

992 1450 1207 1482 πεπιστευκότες
1228 1451 1335 1482 ἑαυτοῖς
1351 1451 1392 1477 ὅτι
1425 1451 1480 1478 είσ),
1503 1453 1589 1486 σοφοί.
1602 1453 1648 1479 Διὸ
1661 1453 1708 1480 καὶ
1720 1453 1789 1480 δυσ-

992 1496 1176 1528 αποσπάστως
1191 1496 1281 1532 ἔχουσι
1313 1497 1382 1532 πρὸς
1404 1497 1438 1524 τὰ
1461 1498 1516 1524 ἴδια
1547 1498 1682 1533 δόγματα.
1712 1509 1722 1525 ‹
1747 1500 1788 1526 Οὔ

993 1542 1084 1569 πολλοὶ
1094 1542 1211 1570 δυνατοί.
1227 1553 1236 1569 ι
1253 1543 1310 1570 Καὶ
1325 1546 1378 1580 γὰρ
1389 1545 1413 1570 οί
1426 1544 1535 1571 δυνατοὶ
1544 1545 1590 1571 καὶ
1605 1546 1629 1572 οἱ
1645 1547 1789 1580 εὐγενεῖς,

147 1586 222 1613 claro
236 1587 293 1615 nati
308 1596 418 1624 genere,
441 1589 513 1617 fastu
537 1589 630 1624 pleni:
645 1589 683 1616 illi
699 1590 811 1625 quidem
825 1596 938 1626 propter

1034 1598 1074 1623 pou
1096 1590 1318 1625 πεπληρωμένοι,
1333 1592 1358 1617 οἱ
1378 1591 1427 1626 μὲν
1453 1591 1498 1618 διὰ
1513 1591 1558 1618 τὸν
1575 1592 1700 1625 πλοῦτον,
1716 1594 1742 1620 οἰ
1755 1594 1789 1622 δὲ

147 1633 268 1667 divitias,
285 1635 314 1663 hi
331 1641 422 1664 autent
439 1640 552 1672 propter
564 1645 661 1672 genus,
675 1638 780 1673 seipsos
797 1646 811 1666 a
827 1639 873 1666 Dei
892 1647 940 1666 co-

148 1682 271 1717 gnitione
289 1688 428 1719 separant,
444 1693 495 1712 nec
515 1685 611 1712 volunt
623 1686 768 1720 pnesentia
785 1688 937 1721 despicere.

185 1739 195 1755 ι
217 1729 270 1757 Sed
292 1737 353 1765 quae
381 1732 464 1758 stulta
491 1737 555 1759 sunt
585 1734 735 1760 secundum
762 1734 904 1762 mundum.
927 1744 936 1761 ι

144 1773 230 1811 429
246 1776 353 1811 Ubique
378 1777 479 1812 rcjecta
499 1785 531 1804 ac
546 1777 610 1804 vilia
624 1779 742 1813 accepit,
767 1784 796 1806 ut
813 1785 939 1814 potentes

145 1820 304 1849 incredulos
315 1822 500 1856 pndeiaceret.
511 1822 578 1850 Cum
587 1828 678 1851 autem
691 1825 770 1852 audis
784 1834 792 1850 ι
805 1825 936 1860 Detegit,»

145 1874 180 1894 ne
196 1867 349 1902 suspiceris
365 1868 439 1902 quod
459 1868 532 1896 Deus
547 1877 616 1904 opus
647 1870 777 1898 habuerit
804 1879 939 1906 pauperes

144 1920 297 1945 assumere,
315 1917 441 1948 potentes
455 1923 521 1942 vero
534 1916 678 1950 repellere,
689 1918 736 1944 sed
751 1918 823 1951 quod
839 1917 937 1953 abjecti

147 1966 330 1986 accurrerunt
348 1961 434 1995 magis
445 1961 478 1988 ad
498 1962 591 1990 (idem.
605 1962 657 1995 Qui
674 1963 747 1990 enim
765 1963 792 1990 in
809 1968 938 1999 polenta.

147 2004 221 2031 tibus
235 2009 314 2032 erant
327 2010 356 2032 et
369 2006 515 2040 sapientia,
529 2007 635 2042 seipsos
647 2008 852 2042 abstraxerunt,
871 2009 940 2036 indi-

144 2057 228 2086 gnum
244 2051 377 2079 ducentes
405 2054 478 2087 quod
500 2053 535 2080 ab
564 2053 658 2081 idiotis
685 2054 847 2088 discerent;
865 2055 938 2082 Deus

145 2103 263 2131 namque
278 2104 374 2125 omnes
388 2098 478 2125 salvos
497 2097 556 2126 ﬁeri
569 2099 710 2134 cupiebat.
730 2109 738 2125 ι
758 2100 938 2136 Utsapientcs

144 2142 331 2177 pudefaeeret.
355 2154 364 2171 ι
392 2144 460 2173 Cum
477 2150 568 2172 autem
590 2146 693 2181 ubique
706 2148 794 2180 audis,
820 2157 829 2173 ‹
848 2148 938 2175 Pude-

145 2189 257 2222 faceret,
272 2199 281 2216 ›
302 2191 334 2218 de
347 2191 402 2219 illis
419 2191 541 2227 intellige
561 2192 609 2228 qui
637 2193 664 2220 in
681 2194 792 2228 propria
818 2193 938 2221 lidebant

143 2235 278 2269 sapientia
295 2244 327 2263 ac
352 2236 466 2270 divitiis,
491 2245 543 2265 nec
566 2237 749 2266 crediderant.
779 2238 842 2266 Haec
862 2239 936 2266 enim

144 2281 260 2308 maxima
277 2281 379 2310 Christi
392 2283 506 2310 victoria
519 2288 562 2310 est
575 2292 624 2318 per
637 2284 737 2311 stultos
755 2285 812 2312 sive
835 2285 936 2313 idiotas

143 2327 288 2355 devincere
304 2329 443 2363 sapientes
463 2337 496 2356 ac
525 2329 700 2364 pudefacere.
730 2330 864 2358 Maximus
891 2339 935 2359 sa—

142 2373 266 2407 pientum
280 2375 369 2408 pudor
384 2374 510 2410 estquod
527 2375 621 2403 idiotis
632 2376 778 2404 inferiores
792 2378 936 2407 invenian-

143 2422 188 2444 tur
197 2428 202 2445 :
211 2423 238 2445 et
245 2419 362 2446 maxima
369 2420 480 2454 quidem
491 2420 593 2448 Christi
603 2422 718 2450 victoria
727 2428 769 2451 est
781 2431 830 2459 per
838 2425 937 2453 stultos

144 2471 276 2499 superare
292 2466 442 2500 sapientes.
462 2476 471 2492 ι
493 2467 559 2501 Quae
572 2468 686 2496 robusta
698 2475 771 2497 sunt.
795 2479 803 2495 ι
817 2470 874 2498 Hoc
882 2476 935 2504 est,

144 2509 359 2539 intumesccutcs
372 2513 407 2539 ob
422 2515 572 2548 potentiam
586 2518 614 2541 et
627 2515 745 2543 divitias.
761 2526 770 2540 ι
785 2516 819 2543 Et
832 2524 863 2542 ea
875 2524 936 2551 quae

145 2563 197 2582 non
214 2560 303 2583 erant.
326 2568 334 2583 ι
353 2558 390 2585 Ea
402 2567 456 2586 non
470 2567 530 2587 esse
557 2560 625 2588 dicit
652 2569 713 2596 qua:
742 2569 802 2588 esse
823 2562 934 2597 quidem

141 2602 344 2637 existimantur,
360 2610 473 2640 propter
503 2607 617 2634 multam
649 2607 844 2642 abjcctianctn.
872 2617 881 2633 ‹
901 2607 936 2636 Ut

141 2656 172 2676 ea
191 2657 251 2684 qua:
270 2655 334 2678 sunt
355 2651 527 2680 obscuraret.
549 2663 557 2679 ι
595 2654 704 2685 Omnia,
736 2654 836 2688 inquit,
869 2653 936 2681 fecit

142 2695 223 2727 Deus,
237 2704 291 2731 quo
319 2706 366 2725 eos
392 2698 427 2726 ab
454 2699 612 2735 arrogantia
634 2700 790 2732 cohiberet,
818 2704 873 2728 cta
890 2700 934 2728 sui

142 2743 326 2777 reputatione,
344 2753 397 2780 qua
410 2754 471 2774 sese
487 2745 592 2780 aliquid
607 2753 668 2773 esse
680 2745 878 2774 existimabant
905 2751 934 2774 et

141 2795 190 2815 vos
204 2790 295 2818 adhuc
311 2798 471 2828 arrogantes
491 2792 558 2820 estis
584 2801 617 2820 ac
641 2793 837 2821 intumescitis.
868 2803 877 2820 ι
895 2793 933 2821 Ea

140 2843 201 2870 qua:
219 2845 274 2864 non
290 2842 380 2866 erant.
402 2849 412 2865 ι
442 2839 614 2867 Videbantur
640 2839 759 2874 apostoli
790 2847 846 2866 non
871 2846 932 2867 esse

139 2883 290 2918 quidquam
312 2889 406 2919 utpote
426 2885 526 2922 abiecti
541 2885 645 2914 :Gracci
665 2893 732 2915 vero
762 2893 823 2915 esse
835 2886 929 2916 .vide-

989 1635 1032 1662 διὰ
1049 1635 1080 1662 τδ
1093 1636 1182 1670 γένος,
1210 1633 1364 1669 ἐξέλκουσιν
1386 1637 1501 1669 ἑαυτοὺς
1530 1639 1579 1673 τῆς
1603 1639 1786 1673 ϐεογνωσίας,

990 1682 1037 1708 καὶ
1062 1682 1111 1717 οὐχ
1153 1682 1294 1718 αἱροῦνται
1332 1683 1387 1710 τῶν
1425 1685 1566 1719 παρόντων
1587 1688 1786 1721 καταφρονεῖν.

1027 1735 1038 1752 ‹
1059 1727 1140 1753 Ἀλλὰ
1163 1727 1197 1753 τὰ
1221 1727 1301 1762 μωρὰ
1321 1727 1368 1754 τοῦ
1391 1728 1504 1763 κόσμου.
1523 1738 1533 1754 ³
1563 1729 1616 1755 Καὶ
1644 1731 1788 1766 πανταχοῦ

989 1773 1024 1799 τὰ
1052 1773 1207 1808 ἁποῆόλιμα
1231 1774 1280 1800 καὶ
1317 1774 1350 1801 τὰ
1381 1774 1480 1808 εὐτελῆ
1511 1775 1711 1810 προσελάϐετο,
1739 1778 1789 1805 ἵνα

988 1819 1052 1850 τοὺς
1077 1819 1207 1851 δυνατοὺς
1227 1820 1359 1851 ἀπίστους
1386 1821 1565 1858 καταισχύνῃ.
1596 1822 1716 1849 Ἀκούων
1742 1824 1787 1856 δέ,

992 1874 1001 1890 ι
1018 1864 1184 1897 Ἐξελέξατο,
1198 1875 1207 1891 ι
1227 1865 1264 1901 μὴ
1283 1865 1363 1891 τοῦτο
1378 1866 1595 1902 ὑποπεύσῃςὸτι
1611 1868 1692 1903 ἔργον
1704 1869 1788 1905 ἔσχεν

990 1911 1005 1938 ὁ
1021 1912 1097 1943 Θεὸς,
1110 1912 1173 1942 τοὺς
1189 1911 1239 1946 μὲν
1253 1913 1377 1947 πτωχοὺς
1400 1912 1502 1945 λαϐεῖν,
1527 1914 1587 1946 τοὺς
1605 1915 1632 1942 δὲ
1650 1916 1788 1948 δυνάστας

989 1957 1163 1989 ἀπώσασθαι,
1189 1958 1249 1987 ἀλλ’
1262 1958 1302 1985 ὃτι
1318 1959 1342 1985 οἱ
1366 1959 1486 1991 εὐτελεῖς
1504 1961 1696 1997 προσέδραμον
1712 1964 1786 1999 μᾶλ-

988 2004 1035 2030 λον
1056 2005 1090 2040 τῇ
1105 2003 1205 2032 πίστει.
1229 2005 1262 2031 Οἱ
1279 2005 1308 2031 δὲ
1333 2005 1361 2032 ἐν
1375 2005 1550 2038 δυναστείαις
1570 2007 1646 2040 ὄντες
1666 2010 1714 2035 καὶ
1736 2019 1786 2037 σο-

990 2050 1055 2085 φίᾳ,
1087 2051 1200 2083 ἑαυτοὺς
1231 2051 1443 2086 ἀπεσχοίνισαν,
1471 2053 1678 2087 ἀπαξιώσαντες
1707 2058 1786 2091 παρὰ

991 2096 1104 2123 ἰδιωτῶν
1125 2097 1231 2132 μαθεῖν,
1251 2097 1289 2129 ὡς
1308 2098 1322 2124 ὅ
1338 2106 1369 2132 γε
1382 2098 1448 2130 Θεὸς
1465 2099 1569 2132 πάντας
1584 2100 1663 2136 ἤθελε
1684 2102 1784 2130 σῶσαι.

993 2152 1001 2169 ι
1021 2144 1077 2169 Ἵνα
1087 2143 1150 2175 τοὺς
1162 2143 1261 2178 σοφοὺς
1270 2144 1452 2180 καταισχύνῃ.
1467 2154 1530 2172 ι-ι
1544 2155 1715 2185 καταισχυνῃ
1731 2158 1741 2175 ι
1755 2150 1785 2177 δὲ

989 2188 1128 2224 πανταχοῦ
1159 2189 1279 2222 ἀκούων,
1309 2191 1373 2226 περὶ
1406 2191 1520 2218 ἐκείνων
1543 2192 1598 2219 νόει
1624 2194 1678 2221 τῶν
1691 2196 1784 2231 οἰκείᾳ

954 2256 976 2284 D
989 2236 1070 2272 σοφίᾳ
1079 2236 1126 2262 καὶ
1138 2235 1246 2271 πλούτῳ
1259 2235 1441 2270 πεποιθότων,
1454 2238 1501 2264 καὶ
1512 2238 1549 2274 μὴ
1563 2241 1781 2270 πιστευσάντων.

988 2283 1063 2318 Αὕτη
1094 2283 1149 2318 γὰρ
1164 2283 1224 2318 νίκη
1257 2284 1373 2320 μεγίστη
1398 2285 1446 2311 τοῦ
1471 2286 1602 2320 Χριστοῦ,
1622 2287 1652 2314 τὺ
1670 2287 1715 2314 διὰ
1727 2289 1783 2315 τῶν

989 2329 1100 2365 μωρῶν,
1117 2329 1177 2364 ῆτοι
1194 2329 1319 2361 ἰδιωτῶν,
1334 2331 1444 2365 νικῆσαι
1458 2331 1521 2363 τοὺς
1535 2333 1633 2366 σοφοὺς
1651 2333 1698 2359 καὶ
1713 2341 1783 2360 κατ-

986 2376 1123 2411 αισχῦναι.
1151 2375 1276 2411 Μεγίστη
1302 2376 1357 2411 γὰρ
1379 2377 1435 2403 τῶν
1467 2378 1557 2413 σοφῶν
1572 2378 1689 2415 αἰσχύνη
1703 2383 1782 2416 παρὰ

988 2421 1100 2448 ἰδιωτῶν
1127 2421 1272 2456 ἡττᾶσθαι,
1300 2423 1346 2448 καὶ
1377 2423 1492 2460 μεγίστη
1520 2425 1583 2460 νίκη
1600 2425 1732 2461 Χριστοῦ.
1752 2429 1782 2455 ὲν

988 2468 1091 2503 μωροῖς
1118 2468 1196 2503 νικᾷν
1218 2468 1282 2500 τοὺς
1308 2469 1418 2503 σοφούς.
1449 2470 1513 2496 «Τὰ
1544 2472 1653 2507 ἰσχυρά.
1674 2483 1684 2498 ι
1710 2473 1782 2506 Τοὺς

989 2514 1060 2549 μέγα
1086 2514 1250 2548 φρονοῦντας
1276 2514 1323 2540 ἐπὶ
1347 2515 1461 2550 δυνάμει
1490 2517 1537 2542 καὶ
1565 2517 1682 2553 πλούτῳ.
1703 2519 1782 2546 «Καὶ

986 2559 1020 2586 τὰ
1034 2559 1072 2595 μὴ
1084 2559 1159 2587 ὄντα.
1173 2569 1182 2586 ι
1205 2560 1250 2595 Μὴ
1268 2560 1332 2587 ὂντα
1348 2561 1437 2594 καλεῖ,
1453 2562 1517 2594 τοὺς
1533 2563 1602 2597 μηδὲ
1618 2562 1687 2590 εἶναι
1702 2573 1782 2599 νομισ

985 2605 1127 2640 ζομένους,
1149 2606 1194 2633 διὰ
1217 2605 1266 2641 τὴν
1282 2607 1383 2642 πολλὴν
1396 2607 1546 2635 εὐτέλειαν.
1571 2618 1580 2634 ἰ
1595 2609 1654 2636 ἰνα
1665 2611 1698 2636 τὰ
1713 2612 1780 2639 ὅντα

985 2653 1159 2688 καταργήσῃ.
1173 2662 1182 2679 ι
1205 2653 1310 2686 Πάντα,
1347 2654 1442 2688 φησὶν,
1468 2655 1597 2689 εποίησεν
1615 2658 1628 2683 ὁ
1644 2658 1720 2688 Θεὸς,
1736 2659 1781 2684 ἵνα

984 2699 1078 2736 παύσῃ
1102 2700 1201 2731 αὐτοὺς
1223 2700 1272 2735 τῆς
1298 2700 1460 2734 ἀλαζονείας
1477 2723 1484 2735 ,
1511 2704 1558 2730 καὶ
1583 2703 1630 2730 τοῦ
1656 2705 1780 2739 νομὲζειν

984 2746 1098 2777 ἑαυτοὺς
1125 2743 1197 2772 εἶναι
1208 2754 1246 2777 τι,
1263 2747 1310 2772 καὶ
1337 2747 1415 2782 ὑμεῖς
1436 2748 1477 2775 ἔτι
1504 2748 1713 2783 ἀλαζονεύεσθε,
1728 2752 1780 2779 καὶ

985 2794 1109 2828 φρονεῖτε
1134 2792 1217 2827 μέγα.
1237 2801 1246 2818 ‹
1259 2793 1305 2828 Μὴ
1316 2792 1392 2822 ὄντα.
1406 2803 1415 2820 ι
1428 2795 1474 2830 Μὴ
1487 2793 1560 2822 εἷναί
1573 2805 1598 2824 τι
1609 2797 1696 2824 ἐδόκει
1714 2799 1780 2828 τοὺς

984 2839 1154 2870 ἀποστόλους
1184 2838 1222 2870 ὡς
1265 2839 1397 2872 εὐτελεῖς.
1432 2842 1517 2869 Ὄντα
1536 2842 1564 2869 ὁὶ
1599 2843 1687 2871 ἐδόκει
1712 2845 1779 2875 τοὺς

986 2884 1133 2920 Ἕλληνας,
1159 2883 1198 2916 ὡς
1221 2884 1364 2920 οἰομένους
1403 2883 1474 2914 εἶναέ
1497 2896 1544 2922 τι,
1571 2889 1608 2925 μὴ
1628 2889 1707 2921 ὄντας
1733 2890 1774 2918 δέ.
