1880 3057
64 146 73 154 ”
82 157 137 190 637

556 155 748 187 COMMENT.
764 155 804 186 IN
823 153 942 185 EPIST.
960 155 973 184 Ι
995 155 1046 185 AD
1065 155 1246 187 CORINTH.

1672 159 1724 190 658

87 225 98 241 1
109 215 208 246 Ὅπως
219 212 258 249 μὴ
277 212 453 248 καυχήσηται
467 212 546 239 πᾶσι»
553 211 752 247 σὰρξ-ἐνώπιον
766 211 876 238 αὑτοῦ.»

974 216 1043 244 atur,
1057 211 1128 247 quod
1148 220 1207 239 sese
1219 212 1322 247 aliquid
1337 221 1398 242 esse
1418 214 1634 249 arbitrarentur,
1661 222 1724 243 cum

86 260 194 288 Οὐκοῦν
203 259 264 287 οὐδὲ
278 260 369 295 ἡμεῖς,
381 259 460 294 φησὶ,
475 257 674 294 καυχησόμεθα
685 266 692 289 ι
709 258 774 290 Ναὶ,
787 257 881 292 φησὶν,

87 308 170 342 ὑμεῖς
184 307 208 333 ol
221 307 324 339 πιστοὶ,
351 305 506 340 καυχᾶσθαι
531 305 664 340 ὀφείλετε.
693 305 730 331 Οὐ
746 304 801 339 γάρ
821 305 883 330 ἐστε

87 354 171 387 ὑμεῖς
201 352 278 387 σὰρξ,
306 351 364 378 ἀλλ’
393 351 423 383 ἐξ
439 350 522 378 αὑτοῦ
536 350 580 377 διὰ
595 351 643 385 τῆς
669 349 884 384 παλιγγενεσίας

87 398 267 433 ἑγεννή-θητε,
295 397 344 424 καὶ
373 397 450 431 σοφοί
480 397 553 429 ἐστε,
576 395 634 422 ἀλλ’
669 395 751 422 αὑτὸν
775 396 883 430 ἔχοντες

89 444 200 479 σοφίαν,
234 443 281 470 τὸν
295 443 562 478 ἀπολυτρωσὰμενον
583 443 633 478 τῆς
651 441 818 477 τυραννίδος,
836 441 884 468 καὶ

88 492 118 517 οὖ
137 492 220 526 μόνον
236 490 327 522 τοῦτο,
343 489 410 516 ἀλλά
421 490 468 516 καὶ
483 489 633 524 ἁγιάσοντα
650 488 694 515 διὰ
719 488 766 514 τοῦ
786 488 885 523 βαπτί-

89 545 206 572 σματος,
234 536 282 562 καὶ
297 537 329 562 οὐ
345 536 426 571 μένον
451 534 542 568 τοῦτο,
557 535 623 561 ἀλλὰ
636 535 682 561 καὶ
700 534 884 561 δικαιώσαντα

89 583 133 609 διὰ
157 582 349 617 χαρισμάτων.
375 582 470 616 Ἡμεῖς
497 580 544 609 οὖν
573 581 616 608 διὰ
640 581 726 608 ταῦτα
739 580 884 615 ὀφείλομεν

89 628 256 662 καυχᾶσθαι.
280 628 435 662 καυχᾶσθαι
447 627 487 658 δὲ,
502 628 551 662 οὐχ
567 627 608 654 ὃτι
622 626 817 662 κατορθώματι
830 634 884 652 τινι

89 674 222 709 ἡμετέρῳ
245 674 350 700 τούτων
371 673 540 709 ἠξιώθημεν,
573 673 630 700 ἀλλ’
653 673 682 699 ἐν
707 673 813 708 Κυρίῳ,
841 672 883 698 ὅτι

89 721 183 747 πάντα
206 721 255 754 τῆς
279 720 362 746 αὑτοῦ
379 721 483 756 δωρεᾶς
500 721 546 747 καὶ
562 719 768 755 φιλανθρωπίας
782 719 831 754 τῆς
845 719 885 750 είς

90 767 178 802 ἡμᾶς,
196 766 230 793 τὰ
241 766 393 802 τηλικαῦτα
415 766 533 802 ὑπάρχει
551 766 788 801 πλεονεκτήματα.

132 859 183 891 Ἐξ
207 858 300 886 αὑτοῦ
328 858 362 885 δὲ
385 858 471 893 ὑμεῖς
492 857 564 884 ἐστε
582 857 617 884 ἐν
634 855 750 890 Χριστῷ
775 855 884 890 Ἰησοῦ,

91 905 126 937 ὃς
151 905 280 939 ἐγενήθη
311 904 384 939 ἡμῖν
407 904 501 938 σοφία
520 903 579 931 ἀπὸ
603 903 689 935 Θεοῦ,
704 902 882 936 δικαιοσύνη

90 951 184 979 τεκαὶ
208 951 356 986 ἀγιασμὸς
372 950 420 977 καὶ
447 949 677 983 ἀπολύτρωσις,
700 949 763 980 ἵνα,
787 948 884 980 καθὼς

90 997 256 1032 γέγραπται
271 1017 279 1029 ,
302 998 318 1024 ό
349 995 542 1031 καυχώμενος
579 995 615 1022 ἐν
645 994 744 1028 Κυρίῳ
772 994 884 1029 καυχά-

92 1044 167 1070 σθω.

130 1099 140 1115 ‹
163 1090 211 1122 Ἐξ
231 1089 316 1117 αὑτοῦ
342 1090 371 1117 δὲ
398 1089 479 1124 ὑμεῖς
501 1089 574 1120 ὲστε,
599 1097 608 1114 ι
638 1087 718 1114 Ἤτοι
741 1085 788 1113 τοῦ
804 1085 883 1113 Θεοῦ.

91 1137 242 1163 τουτέστιν
267 1136 434 1171 ἀφελόμενος
452 1135 526 1170 ὑμεῖς
542 1135 592 1168 τῆς
605 1133 766 1166 ἀλαζονείας
779 1134 793 1160 ὁ
806 1132 885 1166 Θεὸς,

91 1183 176 1209 τέκνα
185 1183 240 1209 [δια
264 1182 400 1217 πεποίηκε
417 1181 462 1208 διὰ
487 1181 576 1216 Ἰησοῦ
590 1179 720 1216 Χριστοῦ.
732 1179 886 1214 Τοιγαροῦν

92 1229 239 1264 ὀφείλομεν
254 1229 301 1255 καὶ
316 1229 395 1262 ἡμεῖς
408 1227 520 1262 φεύγειν
532 1227 581 1262 τὴν
591 1225 763 1258 ἀλαζονείαν,
785 1225 886 1260 ἐχθρὰν

93 1272 177 1301 οὖσαν
210 1273 257 1300 τοῦ
285 1273 364 1306 Θεοῦ,
384 1282 393 1298 ι
417 1274 480 1306 Ὂς,
511 1272 597 1306 φησὶ,
623 1271 742 1307 Χριστὸς
769 1271 886 1307 ἐγενήθη

93 1322 160 1356 ἡμῖν
176 1320 231 1348 αλδ
251 1320 319 1347 Θεοῦ
348 1320 430 1355 σοφία
457 1321 506 1347 καὶ
517 1319 676 1354 δικαιοσύνη
689 1319 736 1346 καὶ
750 1318 888 1353 ἁγιασμὸς

94 1371 141 1396 καὶ
162 1369 364 1406 ἀπολύτρωσις.
379 1379 388 1395 ι
416 1369 575 1399 Τδυτέστιν,
603 1367 632 1399 ὃς
652 1367 782 1402 ἐποίησεν
813 1367 887 1401 ἡμᾶς

95 1418 142 1444 καὶ
175 1417 297 1448 δικαίους
328 1416 375 1443 καὶ
391 1416 496 1450 ἁγίους,
513 1415 722 1452 λυτρωσάμενος
737 1415 809 1449 ἡμᾶς
834 1414 887 1441 aut

95 1462 149 1488 τῶν
173 1463 304 1489 τοιούτων
335 1462 475 1489 ἐναντίων.
495 1461 607 1496 Ἐπειδὴ
631 1461 686 1496 γὰρ
705 1460 784 1496 μωρὰ
802 1459 888 1492 ἐξελέ-

97 1509 171 1541 ξατο,
192 1509 264 1542 σοφὰ
287 1508 356 1535 αὐτὰ
368 1508 479 1543 ἐποίησε
495 1507 542 1534 καὶ
553 1507 643 1533 δίκαια
655 1507 702 1533 καὶ
715 1507 791 1540 ἆγια,
810 1515 818 1531 ι
839 1507 887 1538 Ὃς

935 261 1026 285 tamen
1041 266 1096 285 non
1111 262 1215 286 essent.
1235 269 1243 284 1
1264 259 1303 287 Ne
1317 260 1453 295 glorietur
1464 261 1519 288 ulla
1540 269 1605 289 caro
1631 269 1724 289 coram

935 305 1005 340 ipso.
1024 315 1032 330 ι
1052 305 1092 332 An
1110 306 1194 341 igitur
1207 314 1297 342 neque
1314 315 1376 341 nos,
1394 308 1494 344 inquit,
1512 309 1696 344 gloriabimur
1714 309 1726 335 '.'

935 351 1035 385 Utique
1050 359 1100 379 vos
1110 352 1157 386 qui
1176 351 1270 380 ﬁdeles
1285 353 1363 386 estis,
1384 354 1496 389 glorian‘
1518 355 1627 382 debetis
1641 363 1648 387 ;
1670 362 1725 382 non

934 397 1007 424 enim
1025 398 1092 426 estis
1106 405 1181 431 caro,
1196 399 1243 426 sed
1259 399 1293 426 ab
1306 407 1339 426 eo
1351 408 1400 435 per
1415 401 1654 436 regenerationem
1668 401 1726 428 nati

934 443 1011 476 estis,
1027 449 1055 471 et
1073 444 1211 479 sapientes
1228 446 1316 473 estis:
1333 446 1380 474 sed
1401 447 1491 482 ipsum
1519 447 1655 474 habentes
1678 446 1726 482 qui

934 490 1068 525 sapientia
1084 496 1136 523 est,
1153 491 1199 526 qui
1217 500 1231 518 a
1245 493 1352 528 tyranni
1365 493 1482 520 redemit
1496 500 1502 519 :
1518 500 1570 520 nec
1585 492 1611 520 id
1625 493 1726 525 solum,

935 538 1021 564 sedet
1032 538 1215 566 sanetiiicavit
1226 548 1276 574 per
1287 540 1423 575 baptisma
1438 550 1444 568 :
1461 549 1512 568 nec
1526 546 1632 568 tantum
1643 541 1726 568 etiam

935 582 998 615 hoc,
1013 591 1108 610 verum
1124 586 1206 612 etiam
1224 593 1272 620 per
1286 586 1359 613 dona
1381 586 1555 621 justilicavit.
1580 587 1636 614 Nos
1662 595 1728 622 ergo

935 633 1048 662 propter
1062 629 1119 657 haec
1136 630 1249 665 gloriari
1261 631 1404 659 debemus.
1431 632 1549 659 Gloriari
1565 637 1658 659 autem
1672 641 1726 659 non

935 674 1008 708 quod
1026 679 1120 702 nostro
1132 675 1225 710 aliquo
1239 677 1350 712 egregio
1369 676 1492 705 facinore
1510 677 1554 706 his
1571 678 1647 713 digni
1663 679 1726 706 facti

935 719 1040 748 simus:
1061 721 1109 748 sed
1125 721 1152 749 in
1170 721 1295 753 Domino.
1314 724 1386 758 quod
1408 724 1540 751 universa
1566 725 1725 760 bnjnsmodi

935 768 1077 795 commoda
1093 769 1187 804 gratia:
1202 770 1289 804 ipsius
1303 770 1369 804 sint,
1390 779 1422 798 ac
1450 771 1627 807 benignitatis
1644 780 1728 807 qnam

935 813 1015 841 nobis
1026 814 1161 842 exhibuit.

974 859 998 892 1,
1015 860 1112 888 30-51.
1133 861 1175 888 Ea:
1190 871 1219 889 eo
1233 868 1322 890 autem
1337 864 1398 890 estis
1415 872 1461 899 per
1474 863 1607 891 Christum
1625 863 1729 896 Iesum,

937 907 982 941 qui
994 906 1078 940 factus
1092 912 1130 934 est
1146 909 1218 936 nobis
1245 910 1378 944 sapientia
1394 919 1410 937 a
1429 910 1493 941 Deo,
1509 911 1671 946 justitiaque
1705 915 1731 938 ct

935 956 1110 990 sanctiﬁcatio
1126 965 1156 984 ac
1174 958 1337 991 redemptio:
1354 963 1392 991 ut,
1417 958 1639 993 quemadmodum
1663 959 1730 986 scri-

935 1007 1009 1036 ptum
1025 1007 1061 1029 est
1081 1002 1152 1036 τρυε
1164 1002 1296 1038 gloriatur
1308 1005 1334 1032 in
1351 1004 1462 1031 Domino
1477 1004 1614 1040 glorietur.

971 1093 1053 1129 430
1068 1094 1124 1121 1E1
1142 1102 1176 1122 eo
1185 1099 1277 1123 autem
1295 1103 1343 1123 vos
1360 1095 1437 1123 estis.
1456 1105 1465 1121 ι
1480 1096 1584 1130 Nempe
1597 1096 1663 1124 Deo.
1675 1095 1732 1123 Hoc

937 1145 990 1174 est,
1001 1141 1116 1169 abduxit
1129 1149 1178 1169 vos
1194 1141 1229 1169 ab
1249 1143 1325 1169 omni
1351 1142 1424 1170 fastu
1457 1143 1540 1176 Deus,
1570 1142 1640 1169 ﬁlios
1667 1149 1732 1170 suos

939 1195 990 1223 per
1008 1188 1104 1216 Iesum
1125 1188 1265 1216 Christum
1293 1189 1396 1216 etl‘ecit.
1421 1189 1515 1224 itaque
1546 1188 1680 1216 debemus
1704 1193 1733 1215 et

938 1240 989 1260 nos
1015 1233 1200 1269 arrogantiam
1230 1233 1325 1269 fugere
1349 1241 1411 1268 quae
1443 1233 1554 1261 inimica
1580 1237 1624 1260 est
1654 1233 1730 1260 Deo:

941 1287 950 1303 1
966 1277 1030 1311 Qui,
1043 1279 1143 1314 inquit.
1158 1278 1285 1306 Christus
1304 1279 1394 1306 factus
1411 1283 1454 1306 est
1475 1278 1557 1306 nobis
1571 1286 1586 1305 a
1600 1278 1656 1306 Deo
1685 1286 1732 1306 sa-

938 1324 1052 1359 pientia,
1070 1325 1223 1359 etjustitia,
1237 1324 1468 1357 etsanctiﬁcatio,
1489 1329 1517 1352 et
1529 1325 1697 1360 redemptio.
1720 1335 1729 1351 ι

938 1369 996 1397 Hoc
1008 1375 1060 1402 est,
1076 1371 1123 1405 qui
1139 1370 1263 1398 fecitnos
1277 1375 1305 1398 et
1320 1371 1410 1405 justos
1423 1374 1450 1397 et
1463 1375 1573 1397 sanctos
1590 1377 1652 1397 cum
1678 1378 1733 1397 nos

938 1417 1102 1444 redemisset
1122 1417 1156 1444 ab
1182 1417 1235 1445 illis
1260 1425 1321 1453 qua:
1344 1421 1408 1444 sunt
1426 1417 1487 1444 istis
1505 1416 1653 1444 contraria.
1663 1416 1732 1443 Cum

939 1464 1014 1491 enim
1034 1463 1116 1491 stulta
1127 1463 1285 1499 delegisset,
1301 1463 1392 1491 effecit
1406 1471 1437 1491 ea
1460 1463 1594 1498 sapientia
1608 1468 1636 1490 et
1646 1463 1732 1497 justa.

944 1519 953 1535 1
971 1509 1022 1543 Qui
1034 1511 1121 1538 iactus
1132 1510 1262 1538 estnobis
1275 1510 1409 1545 sapientia
1425 1518 1439 1537 a
1452 1510 1518 1537 Deo.
1535 1519 1543 1534 ι
1561 1509 1622 1536 Non
1641 1509 1710 1536 dixit
1725 1518 1731 1535 :

96 1555 215 1590 ἐγενηθη
234 1556 300 1590 ἡμῖν
335 1555 416 1589 σοφία
429 1554 483 1581 ἀπὸ
501 1553 601 1580 Θεοῦ.»
621 1554 678 1580 Οὐκ
701 1551 787 1584 εἶπεν.
811 1553 887 1580 Ἐσό-

978 1556 1085 1591 pientes
1098 1564 1149 1584 nos
1163 1556 1267 1587 ell'ecit,
1287 1556 1334 1583 sed
1347 1556 1495 1583 ostendens
1518 1555 1658 1582 inetiabile
1674 1563 1733 1582 mu—

97 1611 174 1637 φισεν
197 1603 282 1637 ἡμᾶς,
299 1602 379 1634 ἀλλὰ,
396 1601 502 1631 δεικνὺς
523 1601 552 1628 τὸ
569 1601 673 1635 ἄφατον
700 1600 750 1635 τῆς
773 1600 888 1635 δωρεᾶς,

97 1649 181 1685 φησίν
194 1658 200 1664 ·
223 1659 231 1675 ι
250 1648 383 1683 Ἐγενήθη
409 1649 474 1683 ἡμῖν
490 1648 600 1682 copia,»
619 1647 760 1674 τουτέστιν
771 1667 778 1678 ,
794 1647 889 1674 ἑαυτὸν

97 1696 162 1729 ἡμῖι
190 1694 301 1720 ἔδωκεν.
332 1693 446 1726 Μεγάλαι
461 1693 547 1719 εἰπὼν
579 1692 645 1728 περὶ
671 1692 719 1718 τοῦ
746 1690 889 1724 Υἰοῢ,οἷον

97 1741 195 1774 σοφίαν
216 1761 223 1772 ,
255 1739 429 1774 δικαιοσύνην
447 1759 454 1771 ,
482 1739 618 1774 ἁγιασμὸν
633 1759 640 1769 ,
679 1737 887 1773 ἀπολύτρωσιν,

98 1784 261 1820 προστίθησι
272 1785 312 1817 τό,
327 1794 336 1809 1
348 1784 413 1810 Ἀπὸ
426 1783 505 1816 Θεοῦ,
519 1793 528 1809 ι
544 1783 587 1810 ἴνα
602 1783 639 1819 μὴ
652 1783 799 1818 ἀγέννητον
808 1783 889 1811 αὐτὸν

97 1832 248 1868 ὑπολάϐῃς.
282 1841 291 1857 1
313 1832 366 1858 Καὶ
398 1830 622 1867 ἀπολύτρωσις.»
651 1831 721 1866 Ὀρα
753 1831 812 1862 πῶς
837 1830 890 1866 ὁδῷ

97 1879 249 1915 προϐαίνει.
274 1878 385 1913 Πρῶτον
411 1877 476 1914 γὰρ,
493 1877 591 1911 σοφοὺς
606 1878 733 1912 ποιήσας,
752 1877 890 1913 ἀπήλλαξε

96 1924 146 1959 τῆς
179 1923 297 1957 πλάνης,
328 1923 374 1949 καὶ
401 1923 462 1949 τότε
488 1922 610 1953 δικαίους
624 1923 671 1948 καὶ
688 1922 781 1956 ἁγίους
796 1924 828 1957 τῇ
841 1921 888 1949 τοῦ

97 1970 175 2002 ἁγίου
199 1969 357 2003 Πσιεύματος
383 1968 567 2002 ὲπιψοιτήσει,
597 1967 645 1994 καὶ
662 1967 748 2000 οὓτως
777 1968 890 2003 moes-

98 2025 169 2052 ρῖιηε
186 2017 294 2042 πάντων
307 2015 361 2041 τῶν
373 2014 476 2042 κακῶν.
509 2024 518 2040 ι
531 2014 616 2041 Τοῦτο
634 2014 688 2050 γάρ
712 2014 780 2045 ἐστι,
795 2013 888 2049 φησὶν,

97 2064 113 2098 ή
128 2061 329 2097 ἀπολύτρωσις.
346 2061 415 2093 Ἵνα,
445 2061 537 2093 καθὼς
567 2061 733 2096 γέγραπται,
754 2062 767 2088 ὁ
782 2060 890 2096 καυχώ-

100 2117 179 2143 μενος
198 2109 227 2135 ὲν
248 2107 343 2143 Κυρίῳ
374 2107 532 2142 καυχάσθω.
544 2117 553 2133 ι
572 2108 674 2140 Πάντα,
700 2109 778 2143 φησὶ,
793 2108 889 2141 γέγονε

97 2155 195 2186 ταῦτα,
210 2154 254 2181 ῑνα
275 2154 368 2189 μηδεὶς
384 2154 481 2181 ἑαυτὸν
493 2153 562 2180 εἷναί
581 2153 729 2190 τινομίζῃ,
763 2154 829 2189 μηδὲ
849 2155 889 2186 είς

98 2201 192 2226 tau-.5»
225 2199 393 2234 καυχῶνται,
420 2199 479 2227 ἀλλ’
508 2201 548 2230 είς
579 2199 626 2226 τὸν
638 2200 716 2226 Θεόν.
734 2199 889 2226 Λίνίττεται

97 2247 124 2274 δὲ
157 2247 269 2278 αὐτούς.
299 2243 388 2273 *Ησαν
413 2247 467 2282 γάρ
507 2255 581 2278 τινες

96 2302 153 2326 τες.

130 2341 219 2376 Κάγὼ
239 2341 336 2368 ἐλθὼν
361 2341 436 2375 πρὸς
466 2340 556 2375 ὑμᾶς,
584 2340 720 2376 ἀδελφοὶ.
745 2339 841 2377 ἦλθον
854 2342 891 2368 οὐ

97 2389 160 2415 καθ’
179 2388 337 2422 ὑπεροχὴν
354 2389 448 2422 λόγου
469 2387 488 2422 ἢ
520 2388 630 2422 σοφίας
647 2408 654 2420 ,
678 2388 891 2423 καταγγέλλων

96 2435 167 2469 ἡμῖν·
178 2434 210 2460 τὸ
220 2434 386 2468 μαρτύριον
404 2433 457 2460 τοῦ
483 2434 568 2461 Θεοῦ.
588 2435 630 2461 Οὺ
652 2434 707 2469 γὰρ
721 2435 824 2468 ἔκρινα
837 2434 890 2460 τοῦ

96 2480 207 2507 εἰδέναι
218 2488 245 2506 τι
256 2479 291 2506 ἐν
299 2478 371 2513 ὑμῖν
377 2478 462 2514 εῑμὴ’
475 2479 597 2513 Ἰησοῦν
606 2480 745 2514 Χριστὸν,
758 2481 805 2507 καί
823 2480 890 2507 τού-

95 2535 149 2553 τον
160 2525 405 2560 ἐσταυρωμένον.

130 2572 260 2608 Είρηκὼς
272 2573 313 2599 ὅτι
331 2573 347 2609 ἡ
366 2572 447 2607 σοφία
468 2572 627 2608 ἐμωράνθη,
645 2573 692 2600 καὶ
705 2574 728 2600 οί
748 2573 890 2606 δοκοῦντες

97 2620 186 2656 μωροὶ
206 2618 384 2654 ὲξελέγησαν.
411 2619 587 2654 προστίθησι·
612 2620 666 2646 Καὶ
690 2620 745 2654 ὲγῲ
759 2620 890 2654 δὲαύτὸς

95 2668 108 2693 ό
122 2667 224 2702 κῆρυξ.
250 2666 300 2692 οὐκ
314 2663 397 2701 ἦλθον
410 2666 604 2701 συλλογισμοῖς
618 2667 889 2702 παρεσκευασμένος,

96 2711 144 2737 καὶ
171 2711 255 2746 σοφίᾳ
283 2711 454 2747 ἀνθρωπίνῃ,
483 2712 560 2747 φησί.
586 2721 596 2738 1
617 2704 737 2748 Λόγουῆ
754 2713 860 2748 σοφίας.
878 2723 888 2740 ι

96 2757 128 2784 Τί
139 2757 250 2792 γὰρ,ἐί
264 2757 311 2783 καὶ
324 2756 467 2792 ἠθέλησεν,
484 2757 609 2793 ἠδύνατο,
628 2759 700 2785 εἴποι
715 2767 767 2790 τις.
783 2759 813 2785 τὸ
821 2757 892 2786 εἶναι

95 2803 124 2829 ἓν
137 2803 239 2839 σοφίᾳ;
261 2803 348 2835 Αὐτὸς
374 2803 423 2838 μὲν
446 2805 495 2831 οὐκ
525 2804 651 2839 iri-Suam,
679 2805 693 2831 ὁ
723 2805 750 2832 δὲ
775 2805 892 2841 Χριστὸς

95 2851 213 2886 Vtin-ro
238 2850 320 2878 αὐτὸν
343 2851 456 2886 ποιῆσαι
489 2852 582 2886 σορὸν,
608 2853 633 2879 εὶ
659 2852 804 2887 ἠθέλησεν.
833 2853 892 2880 ιΤὸ

99 2896 250 2933 μαρτύριον
263 2897 310 2924 τοῦ
325 2897 404 2924 Θεοῦ.
421 2908 430 2924 ι
449 2898 570 2926 Θάνατον
586 2899 641 2933 γὰρ
660 2899 768 2934 περιῆει
784 2908 817 2926 κττ
825 2899 889 2931 p5:-

626 2247 732 2282 μεγάλα
761 2246 890 2282 φρονοῦν-
907 2250 928 2277 ι)

941 1610 1004 1634 nus,
1021 1602 1058 1629 ait
1077 1611 1084 1629 :
1110 1612 1118 1628 1
1140 1603 1241 1630 Factus
1255 1607 1295 1630 est
1312 1602 1393 1629 nobis
1409 1601 1561 1636 sapientia;
1582 1610 1590 1626 ι
1608 1600 1662 1627 hoc
1679 1605 1732 1633 est,

940 1648 1061 1683 seipsnm
1077 1648 1158 1676 nobis
1174 1648 1258 1676 dedit.
1270 1648 1338 1676 Cum
1358 1652 1454 1682 magna
1470 1647 1503 1674 de
1520 1647 1588 1674 Filio
1609 1646 1733 1679 dixisset,

941 1697 1036 1729 utpote
1051 1694 1124 1728 quod
1136 1694 1271 1730 sapientia
1286 1698 1369 1726 esset,
1388 1692 1550 1728 justiticatio
1573 1700 1604 1720 ac
1626 1693 1734 1719 redem-

941 1741 1010 1776 ptio,
1024 1740 1120 1769 addit:
1138 1751 1147 1768 1
1165 1743 1187 1769 A
1205 1741 1272 1774 Deo,
1290 1751 1298 1767 ι
1318 1749 1352 1769 ne
1367 1741 1519 1776 ingenitum
1531 1747 1594 1768 eum
1610 1739 1734 1774 suspice-

940 1787 989 1814 ris.
1003 1796 1012 1813 1
1034 1787 1074 1815 Ac
1089 1786 1255 1822 redemptio.
1275 1797 1284 1813 ι
1307 1787 1374 1814 Vide
1398 1794 1453 1821 quo
1467 1785 1564 1814 ordine
1590 1786 1734 1820 procedat.

940 1833 1063 1862 Primum
1076 1834 1188 1869 quidem
1201 1835 1339 1869 sapientes
1353 1833 1474 1861 alliciens
1495 1833 1529 1859 ab
1547 1840 1641 1859 errore
1665 1832 1733 1859 libe-

941 1881 1022 1912 ravit,
1034 1885 1062 1908 et
1076 1886 1142 1908 tunc
1151 1881 1240 1915 justos
1260 1884 1288 1908 et
1299 1884 1409 1907 sanctos
1420 1879 1634 1914 superventione
1645 1878 1734 1912 Spiri-

941 1930 985 1953 tus
1000 1926 1087 1953 sancti
1105 1926 1235 1958 reddidit,
1249 1930 1278 1952 et
1290 1925 1326 1952 ita
1342 1933 1357 1952 a
1373 1925 1482 1952 cunctis
1495 1924 1730 1956 malisliberavit;

941 1980 1004 2000 nam
1020 1973 1073 2000 hoc
1083 1977 1125 2000 est
1139 1972 1304 2007 redemptio.
1319 1981 1328 1998 1
1347 1972 1392 2003 Ut.
1406 1970 1640 2006 quemadmodum
1666 1970 1733 1997 scri-

940 2024 1018 2055 ptum
1047 2025 1101 2053 est,
1129 2020 1175 2055 qui
1202 2019 1334 2055 gloriatur
1355 2018 1382 2045 in
1413 2018 1529 2045 Domino
1556 2017 1700 2052 glorietur.
1720 2025 1729 2041 ι

940 2066 1048 2097 Omnia.
1064 2066 1164 2102 inquit,
1178 2066 1237 2093 haec
1251 2065 1321 2092 facta
1332 2068 1407 2097 sunt,
1417 2069 1448 2092 ut
1457 2072 1539 2091 nemo
1550 2063 1671 2098 seipsum
1683 2062 1734 2090 ali-

941 2113 1005 2148 quid
1015 2121 1075 2140 esse
1085 2113 1233 2144 existimet,
1247 2120 1337 2147 neque
1348 2112 1374 2139 in
1387 2112 1478 2146 seipso
1490 2110 1634 2146 glorietur.
1645 2109 1692 2136 sed
1704 2108 1733 2135 in

942 2159 1006 2186 Deo.
1022 2158 1134 2186 Occultc
1149 2163 1241 2184 autem
1252 2158 1406 2192 ipsosnotat
1416 2166 1423 2190 ;
1435 2164 1499 2183 nam
1512 2160 1591 2183 erant
1602 2154 1729 2183 nonnulli

940 2206 1134 2240 superbientes
1147 2209 1173 2231 et
1183 2203 1259 2231 elati.

978 2339 1012 2372 ll,
1027 2339 1085 2366 1-2;
1100 2338 1190 2374 Et'ego
1203 2347 1263 2366 cum
1280 2339 1406 2366 uenissem
1423 2338 1458 2365 ad
1473 2346 1527 2371 vos,
1552 2339 1660 2373 fratres,
1675 2341 1733 2368 vani

942 2393 994 2412 non
1008 2386 1034 2412 in
1052 2384 1205 2412 excellentia
1218 2384 1347 2411 sermonis
1358 2389 1403 2411 aut
1417 2384 1555 2419 sapientia:
1569 2386 1746 2413 annuntians-

941 2430 1011 2457 υοίιῐε
1028 2430 1204 2456 testimonium
1228 2429 1286 2456 Dei.
1305 2429 1363 2457 Non
1378 2430 1447 2457 enim
1465 2430 1585 2465 judican
1610 2439 1650 2458 me
1666 2433 1735 2460 scire

942 2478 1085 2512 quidquam
1107 2478 1175 2504 inter
1191 2485 1235 2504 vos
1260 2477 1311 2504 nisi
1335 2477 1593 2511 Jesum~CItristum,
1618 2483 1642 2506 et
1665 2479 1734 2506 hunc

943 2523 1068 2558 cruci/ima
1073 2532 1117 2550 ηιμ

974 2572 1041 2600 Cutn
1056 2572 1172 2601 dixisset
1186 2572 1259 2607 quod
1272 2572 1405 2608 sapientia
1417 2573 1549 2600 infatuata
1563 2578 1614 2605 est,
1632 2577 1660 2600 et
1685 2573 1733 2608 qui

943 2619 1020 2648 stulti
1039 2619 1204 2646 videbantur
1220 2619 1319 2646 delecti
1336 2623 1410 2651 sunt,
1430 2619 1506 2646 addit
1521 2627 1526 2645 :
1545 2618 1579 2645 Et
1597 2626 1647 2653 ego
1661 2618 1731 2656 ipse.

943 2666 989 2701 qui
1008 2673 1098 2700 praeco
1110 2673 1170 2692 sum
1183 2669 1211 2692 et
1224 2665 1398 2698 przedicator.
1421 2672 1478 2691 non
1489 2664 1551 2692 veni
1564 2664 1732 2699 syllogismis

944 2712 1096 2739 instructus
1115 2715 1163 2738 aut
1177 2711 1298 2738 humana
1316 2710 1461 2746 sapientia.
1489 2719 1498 2735 ι
1520 2709 1661 2737 Sermonis
1685 2715 1734 2738 aut.

945 2759 1094 2794 sapientiae.
1115 2768 1124 2785 ι
1144 2758 1214 2792 Quid
1229 2758 1315 2789 enim,
1335 2758 1418 2784 etiam
1431 2757 1452 2783 si
1463 2756 1604 2787 voluisset,
1632 2756 1734 2784 dixerit

944 2805 1090 2840 quispiam,
1110 2813 1175 2832 num
1189 2805 1216 2831 in
1230 2803 1364 2839 sapientia
1383 2801 1487 2828 versari
1499 2802 1634 2837 potuisset
1647 2803 1658 2830 ?
1673 2803 1734 2837 ipse

945 2850 1056 2886 quidem
1081 2858 1134 2878 non
1149 2849 1295 2884 potuisset,
1309 2852 1337 2875 at
1352 2846 1479 2874 Christus
1493 2847 1629 2882 potuisset
1642 2847 1733 2882 ipsum

945 2897 1098 2931 sapientem
1125 2895 1232 2923 eﬂiccre
1262 2894 1294 2929 si,
1315 2892 1459 2921 voluisset.
1493 2903 1503 2920 1
1533 2892 1732 2922 Testimonium
