1880 3057
204 141 257 173 6ίῖ

744 146 948 178 (ECUMENll
968 149 1113 179 TRICCEE
1131 151 1299 182 El’lSCOPl
1785 160 1828 192 MS

207 197 261 225 Deo
285 199 355 232 quod
373 199 504 226 neminem
521 203 637 226 vestrum
657 199 845 235 baptizavcrim
871 201 922 228 nisi
943 200 977 227 Cr

1054 203 1218 233 ὄτιοὺὸἐνα
1233 206 1315 240 ὑμῶν
1341 207 1498 240 ἐϐάπτισα,
1520 211 1546 236 εἰ
1559 210 1602 244 μὴ
1629 213 1763 246 Ιιᾷιίσπιι·
1787 221 1827 244 και

203 251 280 276 apum
304 249 329 270 et
351 244 457 275 Gaium,
472 253 504 271 ne
523 245 580 279 quis
603 245 675 283 dicat
695 246 804 280 quodin
821 247 924 273 nurnine
942 256 998 273 meo

203 288 404 322 baptizauerit».
432 289 570 325 Baptizavi
599 296 688 318 autem
709 296 733 318 et
754 291 895 326 Steplmnw
920 293 999 328 fanti-

204 333 268 359 liam
286 342 295 360 :
324 339 450 369 prazterea
471 335 548 368 .haud
568 336 623 362 scio
651 344 714 362 num
745 345 820 372 quem
842 337 926 363 alium
950 337 999 364 ba-

202 380 368 414 ptizaverim.
389 380 448 407 Non
463 381 532 407 enim
550 381 620 407 misit
636 389 677 408 me
688 380 817 414 Christus,
831 387 859 408 ut
880 382 998 417 baptiza-

202 431 268 456 rem,
291 425 336 451 sed
360 429 389 451 ut
415 425 588 460 Evangelium
610 427 784 461 prwdicarrnt
806 434 815 453 :
836 428 930 454 nonin
952 436 997 455 δα-

200 470 300 503 pientia
313 471 451 503 sermonis,
463 479 496 498 ne
512 476 653 498 evacuetur
664 481 730 499 crux
744 472 849 500 Christi.

185 534 187 546 ν
236 515 447 550 Consequentcr
461 517 531 544 tollit
544 518 618 552 quod
631 518 782 546 absurdum
803 524 856 553 est,
873 528 995 548 omnem-

199 569 252 594 que
259 569 316 588 rem
332 561 359 588 in
369 562 491 597 seipsum
503 563 623 590 traducit
635 573 641 590 :
657 572 690 592 ne
699 573 732 591 ex
743 564 994 594 invidentiavidea-

198 611 244 633 tur
254 607 422 635 mentionem
448 609 537 636 facere
547 610 690 636 nominum
701 610 828 638 aliorum.
838 611 895 639 Nec
903 612 972 639 dixit
985 621 992 639 :

196 651 278 687 423
289 653 359 680 Num
378 653 480 681 Paulus
495 662 544 681 vos
565 655 629 683 fccit
651 660 699 683 aut
723 656 838 689 creavit,
853 657 900 685 scd
917 658 992 693 quod

195 698 283 726 multo
290 700 409 734 amplius
418 700 493 727 illius
500 700 612 736 benigni
619 706 702 729 tatem
717 703 921 736 manifestabat,
930 712 993 732 cru—

196 745 292 772 cemin
301 746 422 772 medium
439 746 564 779 adduxit,
587 755 620 774 ac
630 748 765 782 baptisma
779 756 833 784 quo
841 750 990 784 purifican-

195 795 241 818 tur
255 796 377 826 peccata.
393 792 462 819 Nam
490 800 540 826 per
568 793 626 821 haec
653 794 702 822 Dei
727 803 840 830 regnum
853 797 925 823 nacti
941 804 988 824 su-

194 843 267 862 mus.

226 882 268 908 Ab
281 882 395 910 exordio
406 888 497 912 autem
511 886 641 921 Epistolas
657 887 685 914 in
702 887 784 915 ﬁnem
796 897 882 924 usque
897 891 987 918 conti-

194 935 250 954 nuo
280 928 368 956 ferme
392 930 490 958 ordine
517 933 644 960 meminit
668 934 788 962 nominis
814 935 928 968 Christi,
957 942 988 963 ut

193 973 348 1009 frequentia
371 975 499 1004 salutaris
523 977 605 1014 hujus
624 980 819 1014 appellationis
833 981 934 1009 fastum
954 990 987 1010 ac

192 1022 368 1054 putredinem
404 1025 569 1059 arrogantiae
602 1026 771 1054 cxhauriens
808 1034 984 1064 expurgarct.

195 1076 204 1092 ι
221 1066 331 1096 Gratias
356 1077 406 1104 ago
432 1071 500 1098 Deo.
535 1081 544 1098 ι
576 1072 716 1107 Baptizavi
740 1074 863 1108 quidem,
892 1076 941 1103 scd
957 1076 986 1104 in

191 1112 296 1140 Christi
323 1115 447 1148 nomine,
475 1116 576 1151 inquit.
603 1117 659 1145 Cur
683 1119 786 1152 gratias
803 1120 871 1155 agis,
890 1121 983 1153 Paule,

190 1158 265 1192 quod
292 1160 432 1187 nemiuem
458 1169 555 1189 eorum
586 1163 771 1198 baptizaveris
796 1171 896 1200 praeter
922 1167 984 1195 illos

189 1211 258 1237 quos
274 1206 463 1233 enumerasti?
476 1214 511 1234 an
524 1207 678 1243 baptismus
692 1210 765 1237 inter
780 1211 825 1238 illa
838 1213 983 1246 ponendus

188 1254 241 1280 est,
263 1258 380 1284 quorum
397 1259 480 1286 parva
495 1257 538 1280 est
552 1254 678 1282 habenda
691 1256 783 1283 ratio?
797 1265 980 1292 nequaquam,

189 1295 291 1330 inquit,
315 1297 364 1325 scd
390 1298 425 1325 de
448 1298 501 1326 hoc
527 1299 629 1334 duplici
658 1302 770 1330 nomine
791 1304 894 1337 gratias
919 1311 979 1339 ago.

189 1340 252 1368 Uno
280 1342 391 1377 quidem
418 1345 490 1379 quod
509 1354 564 1372 non
592 1346 758 1382 baptizando
777 1356 831 1375 non
856 1349 980 1377 dederim

187 1385 354 1419 quibusdam
367 1396 460 1416 ansam
475 1389 597 1423 dicendi,
614 1392 687 1426 quod
703 1393 806 1420 multos
823 1393 857 1420 ob
885 1394 911 1420 id
928 1394 979 1421 ba-

187 1431 330 1466 ptizarcm,
345 1441 505 1468 quocmtum
515 1436 714 1471 discipulorum
733 1438 798 1465 mihi
812 1439 864 1474 ipsi
875 1440 978 1467 consti-

187 1482 280 1510 tuens,
296 1481 475 1515 praeceptoris
490 1489 522 1509 ac
540 1482 619 1510 ducis
632 1491 732 1511 nomen
746 1484 812 1511 mihi
829 1486 976 1520 conquirc~

187 1531 258 1550 rem.
272 1524 366 1553 Altero
378 1531 470 1554 autem
487 1528 562 1562 quod
582 1537 673 1564 neque
696 1529 729 1555 ad
746 1537 804 1556 cam
822 1538 879 1557 rem
907 1538 975 1565 apo-

185 1569 322 1596 stolorum
353 1578 368 1598 a
385 1571 497 1600 Christo
522 1574 687 1608 acceperim.
711 1574 798 1601 Simul
828 1577 977 1604 ostendens

183 1615 258 1649 quod
275 1615 298 1643 si
314 1623 374 1652 ego,
391 1617 492 1652 inquit,
511 1619 558 1653 qui
573 1627 588 1645 a
600 1619 710 1646 Christo
739 1620 839 1648 missus
861 1629 922 1649 sum
947 1627 978 1649 ut

184 1661 368 1696 pranlicarem
397 1668 425 1691 et
452 1665 647 1692 annuntiarem
675 1665 762 1700 ipsius
786 1666 976 1703 Evangelium,

185 1715 267 1742 parce
282 1716 315 1736 ac
332 1717 395 1736 raro
409 1709 558 1744 baptizavi,
575 1719 637 1738 cum
655 1716 746 1738 tamen
769 1718 914 1748 cognatum
940 1715 978 1743 sit

182 1761 214 1780 ac
229 1756 435 1782 consecutivum
465 1755 599 1790 baptisma
629 1757 833 1791 praedicationis
847 1768 854 1786 :
867 1767 916 1787 \‘os
929 1761 976 1795 qui

183 1800 295 1834 penitus
307 1800 383 1828 missi
395 1809 450 1828 non
466 1804 545 1833 estis,
563 1803 702 1837 quomodo
712 1811 761 1831 vos
785 1804 859 1839 ipsos
874 1813 977 1840 praece-

182 1849 277 1879 ptores
292 1845 424 1874 exhibere
440 1846 570 1874 audetis?
583 1849 722 1882 quomodo
748 1857 813 1877 vero
828 1851 910 1878 etiam
924 1851 975 1879 ba-

181 1890 303 1925 ptizatis;
319 1896 367 1919 aut
377 1892 495 1919 aliorum
508 1893 649 1928 quidpiam
662 1895 775 1922 omnino
788 1895 889 1929 facitis,
903 1904 974 1932 quo-

181 1943 242 1962 rum
257 1936 359 1964 donum
373 1942 421 1964 aut
431 1938 614 1972 apostolalunt
627 1948 682 1967 non
694 1941 860 1976 accepistis?

218 1990 228 2007 ι
268 1982 347 2015 Quod
382 1983 521 2011 neminem
559 1989 682 2012 vestrum
714 1986 922 2021 baptizaverim.
959 1999 969 2015 ι

178 2026 296 2059 Quidam
326 2027 362 2055 ob
388 2035 437 2056 eos
468 2029 691 2059 intumescebant
717 2040 787 2067 quos
815 2033 972 2068 baptizare-

181 2076 254 2099 rant.
272 2070 366 2106 Itaque
376 2073 431 2100 ait:
444 2074 514 2107 Quid
529 2075 721 2110 intumescitis,
734 2085 795 2105 cum
806 2086 857 2113 ego
868 2080 971 2114 gratias

180 2125 259 2152 agam
275 2118 346 2153 quod
359 2127 413 2146 non
429 2120 648 2155 baptizaverim?
659 2122 716 2150 Hoc
729 2128 821 2150 autem
832 2124 899 2152 dicit
910 2125 971 2153 illo-

179 2171 241 2191 rum
252 2172 409 2201 expurgans
421 2168 617 2203 arrogantiam,
629 2176 685 2196 non
697 2169 834 2204 baptisma
850 2171 969 2206 vilipen-

176 2209 257 2237 dens.
272 2210 370 2238 Absit!
390 2220 399 2237 ι
414 2211 453 2239 Ne
468 2213 531 2247 quis
542 2212 625 2241 dicat.
644 2223 653 2239 ›
668 2213 852 2247 Quamobrem
867 2217 969 2250 gratias
985 2225 1006 2252 ι)

177 2255 236 2290 agis
264 2256 337 2290 quod
369 2258 507 2285 neminem
522 2258 722 2293 baptizavcris?
747 2269 756 2285 ι
783 2260 822 2288 Ne
837 2262 900 2296 quis
925 2262 968 2290 di-

176 2306 234 2332 cat.
254 2302 364 2336 inquit,
393 2303 466 2337 quod
503 2311 565 2331 meo
588 2305 698 2332 nomine
730 2305 936 2340 baptizaverim.
954 2318 964 2334 ι

177 2346 244 2373 Nam
275 2347 309 2379 si,
343 2355 406 2374 cum
433 2349 535 2384 abjecti
565 2350 603 2377 illi
631 2355 659 2377 et
698 2351 809 2379 obscuri
841 2353 966 2388 baptiza-

178 2394 250 2421 rcnt,
293 2395 397 2418 tantum
429 2398 557 2420 exortum
582 2398 624 2421 est
654 2395 810 2429 dissidium,
847 2403 877 2425 ut
905 2399 967 2426 illo-

179 2442 240 2462 rum
271 2436 382 2463 nomine
414 2439 690 2473 cognominarenlur.
712 2442 799 2477 quid,
833 2443 964 2478 obsecro,

177 2480 279 2509 factum
302 2482 408 2515 fuisset,
425 2484 448 2511 si
477 2485 578 2513 Paulus
608 2487 752 2515 universos
782 2489 966 2524 baptizasset?

181 2536 189 2552 ι
209 2527 343 2555 Praeterea
361 2528 435 2557 haud
453 2530 520 2558 scio.
536 2541 545 2557 ι
567 2532 608 2559 Ex
623 2532 675 2560 hoc
693 2534 814 2561 ostendit
826 2535 899 2569 quod
912 2535 965 2563 hoc

177 2571 214 2598 illi
229 2580 327 2608 magno
337 2574 429 2602 studio
451 2583 506 2603 non
518 2581 588 2609 erat,
607 2582 637 2605 ut
660 2578 824 2613 baptizaret,
843 2588 906 2607 cum
929 2589 964 2608 ne

176 2618 348 2646 meminisset
369 2620 491 2654 quidem.
519 2622 577 2650 Hoc
600 2628 693 2651 autem
719 2624 786 2652 dicit
815 2625 963 2660 objurgans

175 2664 274 2691 fastum
290 2664 401 2692 illorum
413 2666 460 2701 qui
475 2674 509 2694 ex
526 2675 560 2695 eo
573 2668 796 2697 intutnescebant
825 2671 899 2705 quod
915 2671 964 2698 ba-

173 2710 320 2744 ptizarent.
337 2720 345 2737 ι
363 2711 420 2739 Non
433 2713 506 2740 enim
523 2714 598 2741 misit
621 2722 665 2742 me
683 2715 811 2743 Christus
829 2722 858 2743 ut
873 2717 962 2752 bapti-

174 2763 275 2783 zarem.
297 2765 306 2781 ι
326 2756 417 2790 Quare
435 2758 519 2793 igitur
534 2759 693 2794 baptizabat
711 2761 734 2787 si
750 2761 783 2787 ad
799 2761 850 2788 hoc
863 2761 963 2790 missus

174 2809 230 2828 non
255 2803 331 2829 erat?
357 2803 439 2840 424
469 2805 539 2837 Quia
565 2806 598 2832 ad
622 2806 826 2840 pradicandum
849 2808 960 2842 quidem

174 2846 352 2882 Evangelium
384 2849 484 2879 missus
510 2857 586 2885 crat,
618 2860 673 2880 non
701 2856 791 2881 tamen
820 2853 959 2890 baptizare

1051 249 1155 283 l‘u'i'or,
1168 251 1218 277 ἵνα
1230 252 1269 285 μή
1285 261 1328 285 τις
1338 252 1408 288 εἴπῃ
1422 254 1466 280 ὅτι
1485 256 1526 286 εἱς
1536 255 1568 282 τὸ
1584 257 1657 290 ἐμόν
1669 258 1760 293 ὄνομα
1773 260 1828 287 ἐϐά-

1050 301 1153 322 πτισα.
1173 296 1260 322 Ἑϐάπ
1266 305 1333 324 tum
1349 297 1383 323 δὲ
1394 299 1442 325 καὶ
1457 300 1510 326 τὸν
1523 302 1660 335 Στεφανᾶ
1670 301 1763 331 οἷκον.
1773 308 1828 332 Λοι-

1049 341 1109 366 πὸν
1123 343 1178 368 οὐκ
1200 340 1265 368 οῖδα
1289 344 1316 370 el
1335 352 1400 370 τινα
1421 345 1518 372 ἄλλον
1540 347 1696 376 ἐϐάπτισα.
1720 351 1760 377 Οὐ
1782 354 1828 386 γὰρ

1050 385 1210 414 ἀπέστειλέ
1218 396 1256 422 με
1270 389 1397 423 Χριστὸς
1410 391 1576 425 βαπτίζειν,
1600 394 1668 421 ἀλλ’
1685 385 1829 431 εὐαγγελί-

1049 430 1158 463 (atram,
1179 435 1235 461 οὐκ
1249 435 1284 461 ἐν
1306 437 1400 470 σοφίῃ
1418 438 1528 472 λόγου,
1550 440 1600 466 ἵνα
1619 441 1662 475 μὴ
1686 430 1796 479 κενοδθῇ
1813 447 1827 472 ὁ

1047 480 1180 512 σταυρὸς
1197 481 1249 507 τοῦ
1262 482 1404 515 Χριστοῦ.

1083 525 1184 552 Λοιπὸν
1193 526 1300 561 ἀναιρεῖ
1316 527 1345 554 τὸ
1360 529 1459 556 ἄτοπον
1470 551 1478 562 ,
1506 531 1553 558 καὶ
1568 532 1598 558 τὺ
1614 535 1667 559 πᾶν
1682 534 1726 568 ἐφ’
1740 535 1825 562 ἑαυτδί

1047 569 1134 604 φέρει,
1152 570 1196 597 ἵνα
1211 572 1248 606 μὴ
1259 572 1322 608 δόξῃ
1335 573 1406 601 κατὰ
1422 575 1519 609 φθόνον
1527 577 1677 612 ἀλλοτρίων
1694 580 1824 614 ὀνομάτων

1046 616 1212 650 μεμνῆσθαι.
1227 618 1283 645 Οὐκ
1299 617 1370 653 εἷπε,
1385 621 1430 656 Μὴ
1443 622 1548 654 Παῦλος
1562 624 1674 659 ἐποίησε
1690 626 1736 652 καὶ
1751 626 1824 652 ἔπλε-

1045 669 1091 687 σεν
1106 662 1198 696 ὑμᾶ;;
1213 663 1281 695 ἀλλ’,
1296 664 1310 690 ὅ
1328 665 1417 700 πολλῷ
1426 666 1510 693 πλέον
1520 668 1568 703 τὴν
1582 669 1665 695 αὑτοῦ
1681 670 1825 706 φιλανθρωο

1044 706 1109 733 πίαν
1121 708 1225 742 ἐδήλου,
1238 710 1284 736 τὸν
1302 712 1419 747 σταυρὸν
1432 713 1473 744 εἰς
1491 714 1573 748 μέσον
1595 715 1713 749 παρῆξε,
1741 717 1824 743 καὶτὸ

1041 752 1097 778 τῶν
1113 754 1255 789 ἁμαρτιῶν
1272 757 1420 792 καθάρσιον
1440 758 1593 796 βάπτισμα,
1608 761 1642 788 δι’
1655 757 1694 788 ὧν
1705 761 1822 798 ηὖραμεν

1040 797 1089 832 τὴν
1107 799 1246 833 βασιλείαν
1260 802 1308 828 τοῦ
1324 803 1402 830 Θεοῦ.

1086 888 1132 915 Ἐκ
1147 891 1298 926 προοιμίων
1313 892 1340 919 δὲ
1357 894 1406 928 τῆς
1418 895 1578 930 Ἐπιστολῆς
1587 897 1651 931 ἄχρι
1663 897 1711 923 τοῦ
1726 897 1819 929 τέλους,

1040 933 1111 960 κατὰ
1138 936 1229 970 στίχον
1250 939 1342 972 σχεδὸν
1357 940 1402 966 τοῦ
1426 941 1558 976 ὀνόματος
1572 942 1619 968 τοῦ
1638 943 1820 977 Χριστοῦ,μί-

1039 985 1151 1013 μνηται,
1179 980 1223 1007 ἵνα
1241 983 1272 1017 τῇ
1302 983 1452 1019 πυκνότητι
1470 985 1519 1020 τῆς
1535 987 1728 1021 σωτηριὼδους
1741 995 1817 1022 προσ-

1037 1026 1152 1059 ηγορίας
1168 1028 1279 1063 ταύτης,
1306 1029 1355 1064 τὴν
1377 1030 1528 1066 ὑπεροψίαν
1543 1033 1590 1058 καὶ
1616 1033 1667 1069 τὴν
1689 1035 1739 1069 τῆς
1758 1035 1818 1061 ὐπο-

1036 1070 1111 1100 νοέας
1123 1072 1256 1105 σηπεδόνα
1272 1073 1412 1100 ἐπαντλῶν
1423 1075 1574 1112 ἐκκαθάρῃ.
1593 1085 1601 1102 t
1614 1077 1774 1113 Εὑχαριστῶ
1785 1079 1817 1113 τῷ

1036 1115 1107 1150 Θεῷ.
1131 1125 1140 1141 ι
1162 1116 1312 1144 Ἐσάπτιτα
1339 1119 1406 1154 μὲν,
1426 1121 1484 1147 ἀλλ’
1507 1123 1548 1153 εἰς
1572 1123 1602 1148 τὸ
1632 1125 1680 1150 τοῦ
1706 1125 1816 1159 Χριστοῦ

1035 1160 1140 1195 ὄνομα,
1160 1162 1237 1197 φησί.
1261 1163 1294 1189 Τί
1315 1165 1507 1200 εὐχαριστεῖς,
1533 1167 1623 1194 Παῦλε
1636 1188 1643 1201 ,
1664 1170 1706 1196 ὅτι
1729 1171 1818 1197 οὐδένα.

1034 1205 1124 1232 αὐτῶν
1140 1206 1301 1241 ἐῦάπτισας,
1314 1209 1385 1244 πλὴν
1401 1207 1438 1236 ὦν
1456 1208 1556 1244 sine“
1582 1212 1619 1247 μὴ
1635 1213 1665 1239 τὸ
1682 1213 1816 1248 βάπτισμα

1034 1251 1063 1276 ἐν
1078 1251 1174 1286 βραχεῖ
1194 1253 1336 1288 τιθέμενος
1345 1256 1433 1291 λόγῳ;
1445 1257 1491 1293 Μὴ
1511 1259 1625 1292 γένοιτο,
1642 1261 1737 1294 φησὶν,
1755 1260 1816 1286 ἀλλὰ

1032 1295 1074 1323 διὰ
1086 1297 1132 1323 δύο
1145 1297 1248 1331 ταύτας
1261 1300 1350 1333 αἰτίας
1370 1302 1537 1338 εὐχαριστῶ,
1558 1306 1623 1339 μίαν
1640 1306 1700 1340 μὲν,
1717 1307 1757 1332 ὅτι
1782 1307 1816 1341 μὴ

1033 1343 1180 1377 βαπτίζων,
1199 1346 1292 1380 φησὶν,
1308 1348 1368 1374 οὐδὲ
1383 1348 1472 1376 ἔδωκά
1492 1359 1563 1376 τισιν
1577 1351 1706 1387 ἀφορμὴν
1720 1352 1818 1386 λέγειν,

1030 1390 1071 1416 ὅτι
1085 1389 1128 1416 διὰ
1142 1391 1220 1418 τοῦτο
1242 1392 1378 1420 ἐϐάπτισα
1404 1395 1528 1429 πολλοὺς,
1545 1397 1589 1423 ἵνα
1608 1398 1688 1432 χορὸν
1710 1399 1816 1433 ἐμαυτῷ

1032 1434 1160 1469 μαθητῶν
1178 1437 1393 1473 συστησάμενος,
1409 1439 1495 1475 ὄνομα
1509 1442 1621 1477 ἐμαυτῷ
1636 1444 1815 1479 περιποιήσω-

1031 1488 1080 1514 μαι
1095 1480 1255 1508 διδασκάλου
1269 1484 1317 1509 καὶ
1338 1484 1507 1519 καθηγητοῦ.
1522 1487 1562 1512 Δι’
1581 1488 1680 1523 ἑτέραν
1708 1488 1752 1521 δὲ,
1775 1489 1814 1515 ὅτι

1029 1525 1084 1551 0'36‘
1098 1524 1170 1561 εἶχον
1192 1527 1241 1554 ἐπὶ
1255 1529 1334 1555 τοῦτο
1356 1531 1431 1566 παρὰ
1445 1532 1563 1567 Χριστοῦ
1581 1534 1743 1569 ἀποστολὴν,
1760 1535 1813 1570 ἄμα

1028 1572 1144 1604 δεικνὺς,
1161 1573 1202 1600 ὅτι
1215 1574 1245 1600 Et
1259 1574 1337 1609 ἐγὼό
1351 1577 1515 1610 ἀποσταλεὶς
1537 1579 1610 1614 παρὰ
1631 1581 1750 1615 Χριστοῦ
1764 1590 1811 1616 κη-

1029 1617 1140 1652 ρύσσειν
1155 1619 1203 1645 καὶ
1215 1621 1411 1655 καταγγέλλειν
1422 1624 1452 1649 τὺ
1466 1625 1548 1651 αὑτοῦ
1564 1626 1811 1662 Εὐαγγέλιον,μετά

1028 1664 1136 1697 φειδοῦς
1161 1666 1208 1692 καὶ
1231 1668 1352 1700 σπανίως
1383 1670 1517 1697 ἐϐάπτισα
1550 1672 1648 1706 (καίτοι
1688 1675 1811 1707 συγγενές

1027 1709 1084 1735 ἐστι
1102 1711 1148 1737 καὶ
1167 1712 1310 1746 συνέχεται
1332 1714 1363 1740 τὸ
1385 1715 1528 1751 βάπτισμα
1544 1716 1589 1743 τοῦ
1612 1719 1808 1753 κηρύγματος.)

1026 1754 1105 1788 ὑμεῖς
1121 1757 1145 1782 οι
1163 1757 1224 1792 μηδ’
1233 1758 1302 1790 ὅλως
1318 1759 1527 1793 ἀποσταλέντες,
1537 1763 1596 1794 πῶς
1612 1764 1728 1799 τολμᾶτε
1741 1765 1809 1791 διδα-

1027 1799 1143 1831 σκάλους
1155 1801 1270 1834 ἑαυτοὺς
1286 1804 1465 1838 ἁποφαίνεινς
1483 1806 1542 1838 πῶς
1550 1808 1578 1834 δὲ
1592 1808 1638 1834 καὶ
1657 1808 1807 1844 βαπτίζετε,

1024 1843 1041 1877 ἢ
1059 1843 1168 1888 ὅλως-τί
1184 1848 1295 1881 ποιεῖτε,
1309 1845 1346 1876 ὧν
1363 1849 1412 1876 οὐκ
1426 1850 1537 1879 ἐλάϐετε
1557 1853 1682 1886 χάρισμα
1699 1855 1715 1890 ἧ
1743 1856 1807 1882 ἀπο-

1025 1890 1122 1925 στολήν
1129 1899 1137 1923 ;

1062 1988 1071 2004 ‹
1078 1978 1240 2024 ’ρτιοὺδένα
1249 1982 1325 2017 ὑμῶν
1331 1983 1476 2012 ἐόάπτισα.
1488 1995 1498 2011 ι
1506 1986 1586 2021 Μέγα
1593 1988 1803 2024 τινὲςὲφρὸνουν,

1022 2022 1081 2049 ἀνθ’
1095 2021 1133 2050 ὧν
1146 2025 1300 2059 ἐσάπτιζον.
1313 2029 1359 2055 καί
1367 2038 1443 2065 φησι,
1453 2031 1486 2058 Τί
1498 2032 1568 2066 μέγα
1578 2021 1736 2069 φρονοῦσινς
1753 2035 1804 2069 ἐγὼ

1022 2068 1178 2105 εὐχαριστῶ
1190 2072 1227 2107 μὴ
1239 2072 1384 2107 βαπτίσας.
1398 2076 1483 2103 Τοῦτο
1490 2077 1518 2104 δὲ
1529 2077 1602 2113 λέγει
1612 2099 1620 2112 ,
1634 2080 1684 2116 τὴν
1697 2068 1802 2108 ἐκείνοιν

1022 2115 1151 2143 ἀπόνοιαν
1166 2117 1316 2154 καθαιρῶν,
1334 2121 1364 2147 οὺ
1381 2121 1411 2148 τὺ
1426 2121 1568 2159 βάπτισμα
1594 2125 1748 2159 εὐτελίζων,
1767 2127 1801 2161 μὴ

1021 2161 1141 2194 γένοιτοέ
1159 2173 1168 2188 ε
1186 2163 1244 2190 ’Ὶνα
1257 2166 1294 2199 μή
1309 2174 1349 2197 τις
1358 2166 1449 2203 εἴπῃ.»
1464 2169 1540 2196 Διατί
1551 2169 1578 2197 δὲ
1590 2171 1758 2207 εὐχαριστεῖς
1767 2172 1801 2206 μὴ

1022 2205 1172 2242 βαπτίσαςς
1192 2218 1201 2235 ‹
1213 2209 1270 2237 Ἵνα
1282 2211 1319 2247 μή
1334 2221 1375 2244 τις
1389 2213 1465 2249 εἴπῃ,
1484 2205 1675 2249 φησὶν,ὄτίεις
1694 2218 1723 2245 τὺ
1740 2205 1801 2251 ἐμὶν

1019 2252 1105 2288 ὄνομα
1113 2255 1258 2284 ἐϐάπτισα.
1269 2266 1279 2283 ι
1290 2258 1321 2284 Εἰ
1330 2258 1384 2294 γὰρ
1395 2259 1448 2286 τῶν
1457 2260 1572 2288 εὐτελῶν
1580 2263 1692 2290 ἐκείνων
1707 2264 1799 2299 βαπτι-

1019 2299 1125 2326 σάντων
1134 2321 1140 2333 ,
1153 2302 1270 2337 τοσαύτη
1277 2303 1372 2337 γέγονε
1385 2305 1514 2340 διχόνοια,
1527 2307 1564 2339 ὼς
1574 2308 1613 2343 τῷ
1626 2309 1736 2336 ἐκείνων
1747 2310 1799 2335 6V6-

1019 2354 1084 2380 ματι
1099 2347 1298 2381 ἐπικαλεῖσθαι,
1312 2350 1338 2376 τί
1354 2351 1386 2377 ἂν
1399 2352 1510 2386 γέγονεν
1521 2355 1544 2380 εὶ
1557 2355 1662 2388 Παῦλος
1674 2355 1707 2393 ἧν
1722 2356 1799 2391 βεὸα-

1017 2391 1121 2424 πτικὼς
1139 2393 1277 2427 ἆπανταςς
1294 2404 1303 2420 ι
1322 2397 1422 2424 Λοιπδν
1447 2401 1497 2426 οὐκ
1521 2398 1589 2428 οἴδα.
1610 2411 1619 2427 ι
1638 2401 1686 2429 Ἐκ
1709 2402 1797 2429 τούτου

1016 2437 1152 2465 δείκνυσιν
1166 2440 1206 2466 ὅτι
1220 2441 1281 2467 οὐδὲ
1292 2444 1526 2478 περισπούδαστον
1536 2444 1570 2482 ἦν
1580 2448 1654 2484 αὐτῷ
1665 2449 1694 2476 τὸ
1703 2450 1797 2485 βαπτί-

1017 2483 1084 2516 ζειν,
1101 2485 1163 2511 ὅθεν
1171 2486 1230 2512 οὐδὲ
1241 2488 1387 2523 μέμνηται.
1400 2491 1485 2518 Τοῦτο
1493 2493 1521 2519 δὲ
1532 2493 1606 2527 λέγει
1616 2496 1796 2522 καταστέλλων

1015 2530 1046 2555 τὸ
1061 2531 1188 2565 φρόνημα
1202 2533 1256 2559 τῶν
1296 2535 1342 2561 ἐπὶ
1363 2535 1401 2571 τῷ
1423 2536 1565 2571 βαπτίζειν
1588 2541 1661 2575 μέγα
1675 2542 1796 2577 φρονούν-

1015 2584 1080 2604 των.
1095 2586 1104 2603 t
1116 2579 1152 2604 Οὐ
1167 2579 1221 2614 γὰρ
1236 2581 1378 2608 ἀπέστειλὲ
1390 2585 1551 2619 μεΧριστὸς
1565 2586 1716 2621 βαπτίζειν.
1727 2598 1736 2614 ι
1754 2588 1796 2614 Τί·

1015 2631 1059 2654 νος
1070 2623 1116 2650 οὖν
1126 2624 1219 2651 ἕνεκεν
1228 2626 1384 2660 ἐϐάπτισεν,
1398 2629 1472 2665 είέμὴ
1483 2630 1530 2657 ἐπὶ
1537 2631 1792 2666 τούτῳάπὲσταλτος

1015 2669 1070 2696 Καί
1084 2672 1233 2705 φαμεν.ἓὸτι
1245 2673 1291 2700 ἐπὶ
1302 2674 1340 2709 τῷ
1351 2675 1575 2709 εὐαγγελίζεσθαι
1585 2679 1634 2714 μὲν
1648 2680 1793 2713 ἀπεστάλη,

1013 2715 1044 2741 τὸ
1072 2716 1100 2742 δὲ
1124 2717 1265 2751 βαπτίζειν
1287 2719 1337 2746 οὐκ
1366 2721 1501 2757 ἐκωλύθη.
1525 2723 1572 2750 Ἐκ
1597 2725 1750 2760 φιλοτιμίας
1767 2726 1794 2752 δὲ

1014 2762 1061 2788 καὶ
1075 2763 1155 2790 τοῦτο
1172 2765 1283 2792 κάκεῖνο
1301 2766 1398 2794 ἐποίει.
1415 2777 1425 2794 ε
1450 2768 1520 2796 Ἀλλ’
1531 2770 1762 2805 εὐαγγελίζεσθαι.
1782 2780 1790 2796 ι

1014 2808 1098 2835 Τοῦτο
1109 2809 1164 2846 γὰρ
1176 2808 1210 2846 ἦν
1225 2811 1362 2846 ἐπίπονον,
1372 2814 1420 2841 καὶ
1437 2815 1550 2850 σιδηρᾶς
1562 2816 1687 2852 δεόμενον
1696 2817 1791 2851 ψυχῆς·

1019 2854 1048 2880 Ὀ
1061 2855 1112 2889 μὲν
1129 2856 1182 2891 γὰρ
1195 2857 1245 2893 ἤδη
1258 2860 1475 2894 πεπιστευκότας
1503 2861 1640 2896 βαπτίζει,
1657 2864 1670 2891 ὀ
1689 2863 1717 2890 δὲ
1732 2863 1790 2890 ἀπί-
