1880 3057
74 176 129 209 8ίῦ

527 176 721 207 COMMENT.
741 177 780 207 IN
803 178 921 209 EPIST.
945 179 955 208 ι
977 180 1027 209 AD
1053 179 1233 210 CORINTH.

1660 184 1713 216 650

76 242 150 266 στοις
167 231 375 268 εὐηγγελίζετο,
392 234 456 269 παρ’
469 233 512 267 οἷς
529 235 578 261 καὶ
592 234 774 262 ἐκινδύνευεν.
795 244 804 261 ι
817 235 874 261 Οὐκ
889 246 911 272 Α
929 243 956 270 pr

951 236 1137 269 rohibebatur,
1164 237 1212 265 sed
1232 237 1257 265 id
1269 245 1379 273 quoque
1396 246 1428 266 ex
1463 239 1626 269 liberalitate
1646 251 1714 279 pra:-

75 280 104 305 ἐν
123 279 206 315 σοφίᾳ
217 279 308 314 λόγου.
322 289 330 305 ι
350 280 408 307 Οὐκ
421 278 508 313 εἶπεν,
527 281 582 307 Οὐκ
599 281 629 306 ἐν
644 281 725 316 σοφίᾳ
741 281 878 315 γνώσεως,

929 281 1028 308 stabat.
1046 291 1054 307 ι
1072 281 1125 309 Sed
1154 287 1182 309 ut
1211 283 1389 318 Evangelium
1403 285 1590 319 pne-dicarem.
1610 297 1619 313 ι
1648 289 1715 317 Nam

75 325 125 351 ἀλλ
141 333 149 340 ·
172 335 182 351 ι
201 325 258 352 οὒκ
281 325 312 352 ὲν
329 327 410 362 σοφίᾳ
423 327 513 360 λόγου.
533 336 542 352 ι
563 327 672 358 Καλῶς.
699 327 755 353 Καὶ
773 327 829 362 γὰρ
850 328 879 354 ἐν
930 325 956 352 lu

951 334 982 353 ne
996 327 1086 362 magni
1103 333 1161 355 erat
1176 328 1290 361 laboris,
1304 330 1434 364 quodque
1453 331 1573 358 ferreum
1590 334 1716 369 require-

74 372 157 406 σοφίᾳ
170 372 299 405 γνώσεως
306 371 507 407 εὐηγγελίζετο.
520 372 566 399 Διὸ
581 373 628 399 καὶ
640 373 784 408 ἀ).λαχοῦ,‹
797 373 878 399 Ἱδιώ-

73 427 124 454 της
151 418 192 453 τῷ
212 419 303 454 λόγῳ,
347 418 450 445 ἀλλὀὐ
478 421 512 454 τῇ
538 418 670 453 γνώσει.)
695 419 726 445 Τί
737 420 792 455 γάρ
819 420 877 446 ἐστι

75 465 236 500 σοφώτερον
251 465 268 500 ἢ
288 466 327 496 εἰς
338 465 440 499 γνῶσιν
461 467 574 500 ἄμεινον
599 466 648 492 καὶ
672 466 875 501 λαμπρότερον,

74 511 122 539 τοῦ
137 511 236 547 μαθεῖν
251 511 298 538 καὶ
310 511 414 545 διδάξαι
424 512 464 538 ὅτι
477 512 587 547 σταυρῷ
596 512 643 539 καὶ
655 512 762 548 θανάτῳ
773 512 876 548 κατήρ-

75 567 160 594 γηται
187 558 320 592 Θάνατοςς
349 558 397 585 καὶ
424 558 456 584 τὸ
483 558 618 594 ἡμέτερον
642 558 698 585 τῶν
722 559 875 594 ἀνθρώπων

75 606 167 640 γένος,
185 606 297 641 μακρᾶς
314 605 360 632 καὶ
381 605 579 640 χαλεπωτάτης
599 605 649 640 τῆς
673 604 721 631 τοῦ
743 604 874 632 Διαϐόλου

75 652 238 687 τυραννίδος
257 651 464 687 ὴλευθέρωται;
490 661 499 677 ι
517 651 576 678 Ἵνα
593 651 631 687 μὴ
645 651 752 687 κενωθῇ
764 652 778 678 ὀ
791 660 873 679 σταυ-

77 697 122 731 ρὸς
148 696 198 722 τοῦ
219 696 352 731 Χριστοῦ.
370 705 379 722 ι
397 696 458 723 Ἴνα
476 696 513 732 μὴ
529 695 632 731 βλάσην
655 696 702 723 καὶ
723 696 873 723 ἐλάττωσιν

75 743 215 780 ὑπομείνῃ
228 743 243 768 ὁ
263 742 391 778 σταυρός.
412 743 444 769 Et
457 742 511 778 γὰρ
530 743 559 769 ὲν
577 743 659 778 σοφίᾳ
671 742 752 776 λόγου
769 743 872 778 ἐκήρυ-

75 789 124 821 ξαν
146 790 172 816 οἱ
193 789 348 820 ἀπόστολοι,
362 786 436 823 εῐχόν
457 797 530 821 τινες
548 789 680 824 νομίζειν,
695 788 739 815 διὰ
757 789 807 824 τὴν
818 789 872 816 τῶν

73 835 162 870 λόγων
175 835 272 868 πειθὼ,
290 835 438 862 πεπεῖσθαι
456 835 520 866 τοὺς
535 835 708 871 ἀνθρώπους,
723 835 753 862 οὐ
767 835 812 862 διὰ
821 835 871 871 τὴν

70 883 189 918 δύναμιν
205 882 251 909 τοῦ
271 881 477 917 κηρυσσομένου
498 881 628 917 Χριστοῦ,
645 879 703 917 δῆν
719 881 805 917 βλάὸη
823 882 869 908 τοῦ

929 377 970 399 ret
983 373 1116 400 animum.
1134 374 1275 409 Siquidem
1294 375 1340 403 ille
1353 377 1406 411 jam
1422 378 1568 406 credentes
1584 379 1715 415 baptizat.

929 417 973 445 hic
989 426 1056 445 vero
1068 418 1220 447 incredulis
1236 421 1418 456 Evange-lium
1443 423 1626 458 pratdicabat,
1642 428 1715 462 apud

926 470 996 497 quos
1008 464 1090 491 etiam
1100 465 1232 499 periculis
1241 469 1441 502 exponebatur.
1452 479 1462 496 ι
1473 470 1532 498 Non
1545 471 1572 498 in
1580 473 1716 508 sapientia

928 510 1026 537 verbi.
1048 519 1057 536 ι
1076 511 1136 538 Non
1161 511 1241 546 dixit,
1275 514 1335 541 Non
1365 515 1393 542 in
1423 516 1557 551 sapientia
1582 519 1715 552 scientiae,

927 555 975 582 sed
994 564 1001 582 :
1020 565 1029 582 ι
1046 556 1105 584 Non
1121 557 1148 584 in
1164 559 1299 594 sapientia
1318 561 1407 588 verbi.
1423 571 1433 588 ι
1450 562 1577 591 Pulchre.
1598 564 1665 592 Nam
1688 567 1716 593 iu

925 601 1060 636 sapientia
1097 604 1219 631 scientia:
1244 605 1424 641 Evangelium
1449 609 1626 644 praedicabat.
1651 612 1716 640 ideo

924 654 1035 681 quoque
1053 648 1118 675 alibi
1135 649 1202 676 dicit
1218 658 1223 676 :
1243 660 1250 676 ι
1271 651 1329 678 Etsi
1342 652 1486 687 imperitus
1506 662 1643 689 sermone,
1661 665 1715 685 non

925 697 1017 720 tamen
1030 694 1158 721 scientia.
1179 705 1187 721 ι
1208 695 1280 729 Quid
1292 698 1367 724 enim
1380 699 1534 733 sapientius
1549 707 1603 734 est,
1619 708 1666 730 aut
1681 704 1714 731 ad

923 739 1066 767 scientiam
1096 741 1196 768 melius
1219 749 1251 769 ac
1276 743 1471 772 vehementius
1494 754 1576 781 quam
1595 749 1667 776 scire
1683 758 1715 777 ac

922 784 1022 813 docere
1037 786 1112 821 quod
1127 793 1210 814 cruce
1224 795 1257 815 ac
1273 795 1361 816 morte
1374 790 1484 818 devicta
1511 792 1548 820 sit
1575 801 1659 826 mors,
1687 801 1716 823 et

922 837 1049 859 nostrum
1078 841 1176 868 genus,
1200 842 1299 870 nempe
1321 836 1464 864 hominum
1477 838 1558 874 longa
1583 841 1715 868 maxime-

922 885 976 912 que
1001 880 1152 908 miserabili
1178 881 1280 909 diaboli
1309 884 1454 918 tyrannide
1482 885 1518 912 sit
1547 885 1715 915 liberatum!

71 928 252 964 κηρύγματος
269 928 318 954 καὶ
332 927 379 954 τοῦ
395 928 526 964 σταυροῦ.
542 927 600 955 Νῦν
615 928 643 955 δὲ
658 928 697 964 τῷ
717 929 869 964 ἀγραμμά-
886 943 906 970 Β
925 933 935 950 ι
951 924 956 952 i

951 924 990 952 Nc
1005 931 1156 954 evacuetur
1169 935 1236 954 crux
1249 928 1374 958 Christi.
1395 940 1403 956 ι
1424 931 1462 958 Ne
1475 938 1672 960 nocumentum
1687 939 1715 961 et

69 982 129 1006 τοις
145 975 196 1000 καὶ
210 973 329 1006 ἰδιώταις
344 973 501 1008 ἀνθρώποις
526 974 572 1001 τὸν
589 975 693 1009 κόσμον
717 983 868 1001 πεπιστευ-

71 1020 164 1053 κέναι,
178 1019 228 1055 τήν
245 1020 293 1048 τοῦ
316 1021 436 1056 Χριστοῦ
459 1020 575 1055 δύναμιν
598 1021 794 1056 ἀναχηρύττει.
811 1021 866 1047 Κε-

70 1065 169 1093 νοῧται
187 1066 242 1102 γὰρ
263 1067 311 1094 καὶ
338 1065 560 1098 κατευτελίζεται
579 1067 593 1092 ὸ
609 1066 726 1099 σταυρὸς
742 1066 788 1093 τοῦ
801 1067 868 1102 Χρι-

70 1112 136 1140 στοῦ
154 1113 216 1147 ἢτοι
228 1113 258 1139 τὸ
275 1113 346 1149 ὑπὲρ
368 1113 448 1148 ἡμῶν
462 1112 586 1139 ἑκούσιον
600 1112 686 1144 πάθος
699 1111 795 1144 αὑτοῦ,
809 1114 866 1144 τοῖς

68 1159 143 1193 λόγῳ
169 1159 267 1194 σοφίας
291 1160 338 1186 καὶ
358 1158 519 1194 πιθανότητι
530 1158 715 1194 πειρωμένοις
737 1158 822 1185 αὑτοῦ
837 1158 868 1185 τὸ

70 1205 220 1241 μεγαλεῖον
234 1205 281 1233 καί¹
295 1205 344 1241 τὴν
360 1205 488 1241 θειότητα
515 1205 703 1240 παραστῆσαι.
725 1205 788 1237 Πῶς
813 1204 867 1240 γάρ

67 1253 127 1278 ἑστι
144 1250 175 1277 τὸ
194 1251 264 1286 ὑπὲρ
281 1251 360 1285 λόγον
375 1251 422 1278 καὶ
444 1251 536 1285 φύσιν,
547 1250 638 1284 λόγοις
653 1250 700 1276 καὶ
715 1249 796 1284 τέχνῃ
813 1250 868 1276 τινὶ

66 1299 267 1333 παραστῆσαι;
284 1298 333 1330 Τίς
356 1297 385 1324 δὲ
402 1298 449 1325 καὶ
466 1297 546 1333 χρεία
570 1297 659 1331 λόγων
677 1298 722 1322 καὶ
743 1295 866 1329 πειθοῦς,

65 1345 121 1371 τῶν
138 1344 263 1380 σημείων
275 1345 322 1370 καὶ
336 1343 484 1379 θαυμάτων
495 1343 587 1379 μεῖζον
598 1343 646 1370 καὶ
659 1343 750 1378 φωνῆς
759 1343 868 1378 ἀπάσης

65 1390 268 1425 ιεκραγότων,
297 1390 344 1416 καὶ
372 1390 461 1417 πάντα
489 1389 536 1416 τὸν
562 1389 725 1425 βουλόμενον
749 1390 795 1416 ἐπὶ
818 1388 868 1424 τὴν

65 1436 213 1463 εὐσέϐειαν
227 1435 274 1462 καὶ
288 1435 319 1461 τὺ
335 1435 467 1470 κήρυγμα
482 1434 744 1470 χειραγωγούντων;

922 971 1105 1006 abjectionem
1126 981 1195 1000 crux
1213 975 1359 1003 sustineat.
1375 976 1484 1004 Etenim
1502 978 1525 1005 si
1541 978 1567 1006 in
1581 980 1714 1014 sapientia

921 1019 1060 1047 sermonis
1077 1020 1276 1055 praedicassent
1303 1024 1434 1058 apostoli,
1459 1027 1618 1059 potuissent
1642 1035 1714 1054 non-

920 1064 989 1091 nulli
1003 1066 1166 1094 existimare
1176 1067 1251 1102 quod
1267 1073 1381 1104 propter
1398 1077 1559 1098 sermonum
1577 1080 1714 1108 apparen-

920 1110 985 1138 tiam
995 1113 1119 1146 persuasi
1130 1112 1248 1141 fuissent
1255 1115 1391 1148 homines,
1401 1124 1455 1143 non
1464 1123 1576 1152 propter
1585 1119 1713 1146 virtutem

919 1155 1024 1184 Christi
1057 1158 1105 1192 qui
1145 1159 1360 1193 prmdicabatur,
1401 1162 1474 1196 quod
1509 1169 1711 1192 nocumentum

921 1201 1018 1229 luisset
1031 1204 1234 1238 praedicationis
1245 1210 1273 1233 et
1287 1207 1389 1234 crucis.
1407 1208 1486 1235 Nunc
1515 1213 1606 1236 autem
1632 1218 1713 1238 mun-

921 1247 986 1274 dum
1007 1249 1158 1278 illitteratis
1169 1259 1201 1278 ac
1222 1252 1360 1287 imperitis
1376 1254 1527 1282 credidisse
1542 1255 1711 1289 hominibus,

922 1294 1025 1322 Christi
1059 1296 1191 1324 virtutem
1233 1298 1366 1327 declarat.
1403 1300 1559 1328 Evacuatur
1595 1302 1713 1330 enimet

922 1340 1029 1376 abjecta
1044 1343 1170 1370 redditur
1186 1351 1253 1371 crux
1267 1344 1383 1379 Christi,
1398 1346 1457 1373 sive
1482 1347 1638 1374 voluntaria
1652 1348 1712 1383 ejus

922 1388 1014 1422 passio
1043 1397 1094 1423 pro
1124 1390 1213 1422 nobis,
1246 1391 1280 1418 ab
1305 1392 1349 1419 his
1373 1393 1420 1427 qui
1448 1393 1665 1428 magnitudinem
1681 1402 1713 1421 ac

922 1433 1098 1462 divinitatem
1133 1437 1203 1472 ejus,
1245 1439 1381 1474 sapientia
1415 1447 1447 1467 ac
1477 1440 1712 1474 persuasibilitats

63 1482 196 1509 nituntur
219 1481 422 1508 demonstrare.
448 1481 516 1508 Nam
536 1481 584 1516 qui
610 1480 670 1508 ﬂeri
700 1484 801 1516 potest,
824 1485 855 1508 ut
876 1480 950 1515 quod
973 1488 1058 1516 supra
1073 1490 1228 1511 sermonem
1252 1492 1285 1512 ac
1307 1491 1434 1512 naturam
1462 1491 1514 1519 est,
1540 1494 1668 1514 sermone
1685 1493 1714 1514 et

64 1534 124 1557 arte
141 1528 262 1564 quadam
280 1527 504 1555 demonstretur?
523 1527 581 1555 lmo
600 1535 661 1563 quae
680 1528 763 1556 etiam
781 1527 932 1556 necessitas
955 1532 999 1555 est
1021 1536 1182 1557 sermonum
1198 1530 1364 1566 virtutisque
1376 1530 1538 1564 tlexanimce,
1555 1541 1616 1560 cum
1634 1533 1712 1568 signa

65 1583 98 1604 ac
111 1575 248 1602 miracula
263 1575 361 1604 fortius
378 1576 453 1604 omni
467 1584 534 1604 voce
542 1577 660 1605 clament
679 1584 844 1612 omnemque
859 1577 996 1604 volentem
1007 1576 1041 1603 ad
1057 1577 1187 1612 pietatem
1200 1585 1226 1605 et
1240 1579 1460 1613 praedicationem
1479 1580 1631 1608 deducant?

110 1623 146 1649 '0
160 1623 255 1657 λόγος
269 1622 325 1658 γὰρ
342 1624 359 1650 ὁ
375 1623 427 1650 τοῦ
445 1623 594 1658 σταυροῦ,
609 1623 673 1656 τοῖς
695 1623 753 1657 μὲν
770 1623 867 1650 ἀπολ-

953 1623 974 1653 l,
987 1621 1080 1650 18-20.
1091 1621 1185 1650 Sermo
1197 1625 1266 1650 enim
1276 1625 1371 1655 crucis,
1382 1626 1420 1652 his
1429 1625 1534 1660 quidem
1543 1627 1587 1660 qui
1600 1632 1712 1662 pereunt

64 1669 223 1704 ⁵ιυμένοις,
236 1669 332 1703 μωρία
350 1667 434 1696 ἐστι’.
453 1669 518 1702 Τοῖς
537 1668 571 1696 δὲ
589 1668 768 1704 σωζομένοις
781 1668 863 1702 ἡμῖν.
879 1682 900 1711 c
913 1673 956 1703 ,διο

951 1669 1031 1696 ιίιὶιὶα
1048 1674 1086 1696 ut
1103 1678 1112 1696 :
1129 1670 1202 1697 nobis
1218 1675 1307 1698 autem
1323 1672 1367 1706 qui
1382 1671 1496 1698 salutent
1513 1673 1710 1708 consequimur,

66 1715 197 1749 δύναμις
214 1715 288 1742 Θεοῦ
302 1715 380 1742 ἐστι.
397 1715 566 1750 Γέγραπται
584 1714 658 1749 τάρι
679 1714 797 1742 Ἀπολῶ
808 1713 866 1747 τὴν

66 1769 179 1796 σοφίαν
203 1761 262 1788 τῶν
277 1761 391 1796 σοφῶν,
410 1761 459 1788 καὶ
478 1761 536 1796 τὴν
552 1762 681 1788 σύνεσιν
695 1760 755 1788 τῶν
773 1767 864 1787 συνε-

66 1807 126 1834 τῶν
137 1806 287 1840 ἀθετήσω.
301 1806 364 1834 Ποῦ
379 1808 492 1842 σοφός
504 1806 567 1834 Ποῦ
581 1806 788 1842 ῃοαμματσύα
802 1805 864 1832 Ποῦ

66 1853 241 1888 συζητητὴς
251 1853 304 1880 τοῦ
324 1852 434 1886 αἰῶνος
450 1854 578 1886 totitoti;
594 1853 668 1888 οὐχὶ
681 1851 834 1888 ἐμώρανεν
848 1853 864 1879 ὁ

67 1901 142 1932 Θεὸς
159 1899 218 1933 τὴν
228 1899 346 1934 σοφίαν
359 1899 412 1926 τοῦ
428 1900 545 1935 κόσμου
560 1900 688 1932 τούτου;

103 1945 186 1977 Είκδς
203 1944 273 1972 εἶναι
285 1946 351 1981 παρ’
365 1946 456 1977 αὐτοῖς
469 1946 615 1980 ἀπίστους,
627 1946 652 1972 οἳ
671 1945 796 1981 διέσυρον
816 1945 863 1971 τὸν

67 1993 198 2028 σταυρόν.
207 1993 294 2028 Φησὶν
302 1990 359 2020 οὖν·
372 1993 464 2028 Μηδὲν
478 1992 631 2028 ξενισθῆτε.
643 1992 706 2025 Τοῖς
715 1993 770 2028 γὰρ
780 1992 863 2019 ἀπολ-

66 2039 206 2074 λυμένοις,
218 2039 252 2066 τὰ
263 2041 303 2071 είς
316 2040 454 2074 σωτηρίαν
467 2039 578 2066 δοθέντα
591 2039 667 2075 παρὰ
677 2038 756 2073 Θεοῦ,
771 2039 862 2075 μωρία

66 2084 136 2112 εἶναι
148 2086 233 2113 δοκεῖ.

102 2131 208 2168 [Mill]
228 2132 351 2158 Δείκνυσι
365 2132 469 2165 λοιπὸν,
481 2132 521 2159 ἔτι
534 2132 594 2158 οὐδὲ
607 2132 670 2168 ἐνῆν
682 2132 754 2168 λόγῳ
766 2133 861 2166 cash:

66 2178 296 2214 προσαγαγέσθαι
310 2179 386 2211 τινας
407 2179 446 2214 τῷ
470 2179 641 2214 κηρύγματι.
662 2179 692 2205 ⁸ο
718 2180 773 2215 γὰρ
797 2181 861 2215 περὶ

64 2225 112 2252 τοῦ
136 2224 257 2259 σταυροῦ
275 2224 364 2259 λόγος,
380 2226 409 2252 οὐ
429 2226 511 2261 μόνον
523 2226 554 2252 οὐ
571 2225 716 2261 προσάγει,
731 2226 798 2252 ἁλλὰ
815 2226 862 2252 καὶ

65 2272 120 2303 τοῖς
131 2271 332 2307 ἀπολλυμένοις
342 2272 432 2308 μωρία
447 2273 530 2299 δοκεῖ.
543 2272 575 2299 Ei
591 2272 619 2298 δὲ
631 2271 721 2306 τοῦτο,
731 2272 761 2299 τί
776 2272 809 2300 ἂν
819 2281 862 2305 τις

64 2319 122 2354 ἔχοι
149 2318 242 2352 λέγειν
264 2318 329 2353 περὶ
350 2319 397 2345 τοῦ
415 2319 593 2354 κηρύγματος
606 2340 613 2352 ,
641 2319 679 2356 μὴ
699 2319 790 2346 πάντα
812 2319 861 2355 τῆς

916 1717 1034 1751 patentia
1060 1716 1110 1743 Dei
1121 1721 1169 1744 est.
1204 1716 1339 1752 Siquidem
1367 1719 1497 1753 scriptum
1515 1723 1554 1746 est
1571 1727 1580 1746 :
1596 1719 1711 1747 Perdant

915 1763 1076 1797 sapientiam
1088 1763 1246 1798 sapientium
1258 1763 1496 1799 etinlelligrntiarn
1507 1765 1710 1801 intelligendum

917 1807 1048 1841 rejiciam.
1072 1806 1120 1834 Ubi
1143 1807 1273 1842 sapiens?
1298 1808 1344 1835 Ubi
1368 1808 1478 1834 scriba?
1497 1809 1543 1836 Ubi
1560 1810 1710 1845 disputator

915 1853 995 1888 hujus
1013 1853 1127 1880 seculi?
1156 1854 1252 1880 Annon
1274 1855 1418 1888 infamavit
1445 1855 1515 1882 Deus
1548 1857 1709 1891 sapientiam

915 1899 1009 1926 munis'i
1020 1900 1115 1934 hujus?

951 1946 1106 1974 Verisimile
1119 1952 1161 1974 est
1172 1947 1331 1974 incredulos
1343 1947 1428 1975 fuisse
1464 1948 1535 1983 apud
1560 1949 1635 1983 ipsos
1661 1950 1709 1984 qui

915 1991 989 2018 cruci
1001 1991 1188 2019 detraherent.
1201 1992 1247 2020 Ait
1261 2000 1327 2028 ergo
1344 2001 1350 2020 :
1363 1993 1435 2020 Nihil
1445 1994 1544 2020 mirum
1554 1999 1708 2021 autnovum

916 2038 994 2065 vobis
1008 2038 1149 2071 videatur,
1159 2039 1295 2074 siquidem
1305 2039 1349 2067 his
1359 2039 1405 2075 qui
1418 2046 1546 2075 pereunt,
1557 2048 1588 2068 ea
1601 2049 1662 2076 qua:
1675 2041 1710 2068 ad

914 2084 1032 2112 salutem
1063 2092 1078 2112 ο
1094 2085 1149 2113 Deo
1175 2085 1237 2113 data
1255 2091 1330 2117 sunt,
1364 2087 1480 2114 stultitia
1495 2095 1557 2114 esse
1568 2088 1709 2114 videntur.

949 2129 1371 2167 42505tenditconscquenter
1379 2133 1452 2168 quod
1466 2132 1524 2160 ﬁeri
1538 2141 1592 2160 non
1605 2139 1708 2168 posset,

914 2180 1076 2204 utsermone
1086 2176 1228 2212 sapientiae
1237 2178 1441 2205 adducerentur
1449 2178 1560 2213 quidam
1568 2178 1601 2206 ad
1612 2178 1711 2213 prwdi-

913 2222 1065 2249 cntionem:
1076 2222 1213 2257 siquidem
1227 2231 1317 2250 sermo
1328 2224 1362 2251 de
1373 2232 1453 2252 cruce
1467 2232 1520 2251 non
1534 2228 1639 2251 tantum
1653 2232 1710 2251 non

913 2267 1036 2299 adducit,
1048 2268 1095 2294 sed
1106 2268 1190 2295 etiam
1201 2269 1316 2296 stultitia
1324 2269 1433 2296 videtur
1453 2269 1496 2296 his
1519 2271 1565 2305 qui
1578 2274 1708 2306 pereunt.

913 2313 992 2347 Quod
1005 2313 1027 2341 si
1038 2313 1091 2341 hoc
1100 2313 1137 2341 ita
1147 2319 1199 2347 est,
1210 2314 1343 2350 quidnam
1357 2315 1448 2342 dicere
1468 2321 1560 2351 posset
1571 2316 1707 2351 quispiam

64 2365 179 2399 χάριτος
205 2364 279 2399 αὖτῷ
308 2366 498 2400 χορηγούσηςς
519 2374 528 2390 ι
551 2366 614 2398 Τοῖς
639 2365 667 2392 δὲ
692 2365 858 2400 σωζομένοις
876 2362 898 2389 ι)
914 2360 947 2386 de

975 2360 1170 2394 praedicatione
1184 2380 1191 2392 ,
1211 2368 1273 2387 curn
1300 2361 1385 2395 gratia
1399 2361 1448 2396 ipsi
1461 2369 1516 2388 non
1536 2363 1628 2388 omnia
1644 2370 1709 2397 sup-

65 2412 142 2445 ἠμῖι,
154 2411 272 2445 δύναμις
292 2410 363 2438 Θεοῦ
378 2411 447 2438 ἐστι.
467 2421 475 2437 ι
500 2412 532 2438 Οἱ
549 2412 603 2448 γὰρ
619 2411 656 2448 μὴ
674 2411 862 2448 ἐξεστηκότες,

65 2457 122 2484 ἀλλ’
140 2454 182 2489 οἷς
203 2458 262 2484 ἐστι
287 2458 425 2493 σωτηρίας
449 2458 537 2490 ἐλπὶς,
553 2459 585 2484 ἐκ
622 2459 718 2486 τούτου
746 2458 865 2493 μάλιστα

65 2505 239 2539 γινώσκομεν
256 2505 307 2540 τὴν
322 2505 438 2539 δύναμιν
465 2506 512 2532 καὶ
528 2505 576 2540 τὴν
595 2506 690 2539 σοφίαν
715 2505 763 2532 τοῦ
783 2505 863 2532 Θεοῦ.

64 2551 189 2586 Δύναμιν
205 2551 266 2586 μὲν,
282 2552 323 2578 ὅτι
339 2551 445 2586 Θανάτῳ
461 2552 575 2579 θάνατον
596 2552 685 2578 ἔλυσε·
704 2552 800 2587 σοφίαν
825 2553 864 2583 δὲ,

64 2597 104 2622 Et:
131 2595 224 2630 τούτῳ
257 2596 297 2631 τῷ
318 2596 412 2631 τρόπῳ
436 2596 611 2628 ἀπολωλότας
633 2596 755 2624 διέσωσε.
778 2607 786 2623 ι
806 2597 860 2624 Ποῦ

65 2640 146 2674 σοφάς
160 2648 168 2673 ;
189 2649 198 2665 ι
214 2639 313 2666 Λαὸὼν
326 2640 483 2676 παρρησίαν
500 2640 554 2666 ἀπὺ
568 2640 617 2675 τῆς
633 2640 756 2676 Γραφῆς,
769 2641 861 2668 λοιπὸν

64 2685 238 2710 καθάπτεται
258 2683 364 2711 αὐτῶν·
384 2693 393 2709 ε
409 2683 463 2710 Ποῦ
480 2685 577 2718 σοφό;;
598 2693 607 2710 ι
623 2684 688 2720 περὶ
709 2685 859 2720 Ἑλλήνων·

64 2729 170 2764 λέγων·
190 2739 200 2755 ι
216 2729 272 2756 Ποῦ
291 2729 488 2766 γραμματεύς;
503 2739 513 2755 ι
532 2729 596 2764 περὶ
618 2729 763 2756 Ἰουδαίων.
780 2739 789 2754 ι
806 2730 860 2756 Ποῦ

65 2772 238 2809 συζητητήςς
258 2782 267 2798 ι
285 2773 433 2800 Τουτέστιν
446 2795 452 2805 ,
469 2775 494 2800 οἱ
511 2775 652 2809 λογισμοῖς
672 2775 720 2801 καὶ
736 2775 862 2809 ὲρεύναις

64 2820 98 2846 τὰ
115 2819 209 2846 πάντα
225 2819 434 2855 ἐπιτρέψαντες.
449 2816 530 2846 Οὗτοι
552 2819 607 2855 γὰρ
623 2820 722 2852 πάντες
734 2840 741 2852 ,
762 2819 863 2847 ὡσανεὶ

65 2865 169 2900 ἔλεγεν,
191 2865 347 2901 ἐξαρπάσαι
370 2867 432 2893 τινὰ
459 2867 509 2901 τῆς
540 2866 644 2901 πλάνης
666 2867 716 2893 οὐκ
737 2867 860 2902 ἴσχυσαν.

66 2913 132 2949 Οὐχὶ
160 2913 305 2949 ἐμώρανεν
334 2914 349 2940 ὸ
373 2913 440 2944 Θεὸς
474 2913 523 2949 τὴν
554 2914 651 2948 σοφίαν
679 2913 727 2941 τοῦ
755 2914 860 2949 κόσμου

228 2963 365 2995 Parua!“
390 2963 449 2995 Gn.
471 2963 613 2996 CXVIII.

914 2406 1018 2441 pcditet
1034 2406 1045 2433 ’Ξ
1062 2416 1070 2432 ι
1089 2406 1174 2434 Nobis
1186 2411 1276 2434 autem
1296 2407 1341 2441 qui
1365 2407 1480 2435 sa!uteut
1497 2408 1707 2442 consequimur,

915 2452 1037 2488 potentia
1062 2452 1109 2480 Dei
1130 2457 1183 2480 est.
1213 2462 1222 2479 ι
1241 2453 1308 2480 Nam
1334 2453 1380 2487 qui
1407 2461 1461 2480 non
1480 2453 1628 2486 rcsilimus,
1659 2454 1707 2480 sed

915 2506 991 2533 spem
1020 2500 1154 2526 habemus
1182 2500 1297 2532 salutis,
1325 2508 1359 2527 ex
1383 2500 1437 2527 hoc
1467 2500 1642 2535 potissimum
1658 2499 1706 2528 Dei

917 2546 1064 2580 potentiam
1094 2551 1123 2574 et
1146 2547 1308 2581 sapientiam
1324 2547 1517 2582 cognoscimus
1532 2556 1538 2573 :
1554 2546 1706 2581 potentiam

917 2592 1038 2627 quidem,
1061 2593 1136 2628 quod
1151 2599 1241 2622 morte
1266 2594 1528 2628 solveritmortem;
1542 2594 1705 2629 sapientiam

917 2646 994 2669 vero,
1012 2639 1086 2673 quod
1097 2640 1152 2674 jam
1168 2640 1301 2675 perditos,
1320 2641 1374 2669 hoc
1388 2642 1469 2669 modo
1487 2641 1577 2668 salvos
1591 2640 1704 2668 fecerit.

920 2693 928 2710 ι
947 2684 998 2712 Ubi
1012 2685 1141 2720 sapiens?
1159 2695 1167 2711 ι
1185 2685 1301 2722 Sumpta
1313 2688 1444 2723 loquendi
1458 2688 1584 2715 libertate
1597 2696 1612 2715 a
1631 2687 1706 2714 Seri-

915 2735 1008 2766 ptura,
1024 2738 1071 2759 eos
1088 2732 1262 2767 postmodum
1275 2733 1411 2769 objurgat,
1436 2734 1549 2761 dicens:
1565 2733 1616 2761 Ubi
1635 2743 1643 2759 ι
1659 2741 1705 2760 sa-

913 2777 1023 2812 piens?»
1037 2777 1071 2805 de
1090 2778 1234 2807 Graecis”
1249 2779 1301 2807 Ubi
1316 2779 1468 2807 scriba?de
1478 2779 1580 2806 Judmis
1597 2787 1604 2806 :
1623 2789 1631 2804 ι
1651 2779 1705 2806 Ubi

913 2823 1094 2859 disputator!
1112 2833 1122 2850 ι
1141 2824 1198 2852 Hoc
1225 2829 1284 2857 est,
1315 2825 1363 2859 qui
1389 2823 1651 2850 ratiocinationibus
1673 2831 1706 2850 ac

913 2869 1133 2897 scrutationibus
1153 2871 1246 2897 omnia
1266 2870 1454 2898 committunt.
1470 2870 1508 2897 Ac
1531 2869 1554 2896 si
1581 2869 1703 2896 diceret:

913 2915 946 2943 lii
961 2916 1034 2943 enim
1048 2923 1144 2943 omnes
1164 2916 1271 2943 nullum
1300 2917 1334 2944 ab
1358 2924 1453 2943 errore
1482 2920 1631 2950 potuerunt
1649 2914 1704 2941 cri-

1480 2966 1517 2995 21
