1880 3057
177 172 226 202 ιιι

706 174 906 204 (ECUMENII
923 173 1069 204 TRlCCIE
1085 173 1255 203 EPISCOPI

1753 174 1806 206 652

175 236 251 264 pcre.
269 237 278 254 ‹
297 228 396 256 Annon
414 228 559 258 infatuavit
587 230 660 258 Deus
685 230 846 265 sapientiam
866 231 959 258 mundi

1055 229 1109 256 ἱτου
1121 238 1128 263 ;
1148 239 1157 255 ι
1176 229 1280 260 Πάντες
1293 227 1347 264 γὰρ
1360 228 1386 254 οἱ
1399 227 1543 260 δοκοῦντες
1554 225 1625 255 εἶναι
1643 228 1719 263 σοφοὶ
1733 229 1807 263 ὲμω-

175 275 277 310 hujus?
295 285 303 300 ι
323 274 425 303 Omnes
438 276 510 303 enim
526 276 573 311 qui
588 276 728 311 sapientes
751 284 812 305 esse
827 276 961 305 videban-

176 326 221 348 tur
237 321 363 348 infamati
374 326 447 355 sunt,
463 322 532 349 adeo
547 327 577 350 ut
590 323 628 350 illi
641 322 765 350 invenire
782 331 836 350 non
850 327 962 358 possettt

177 375 238 402 qua:
252 376 266 394 ιι
284 368 470 402 piscatoribus
481 373 508 395 et
525 368 675 397 illitteratis
690 369 850 397 hominibus
864 370 963 405 pnedi-

176 418 236 440 cata
252 418 317 440 sunt
336 418 364 440 et
388 415 562 442 conlirmata.
579 415 724 448 Quomodo
739 420 832 443 autem
858 416 962 443 conﬁr-

174 459 277 486 mavit?
299 459 356 486 lloc
379 465 431 492 est.
454 461 565 488 stultam
589 469 649 489 esse
675 463 810 497 coarguit,
833 470 867 490 eo
888 462 961 497 quod

174 504 317 532 veritatem
329 505 453 533 invenire
464 514 517 533 non
530 507 709 541 possent.—A
716 507 779 534 liud.
792 507 962 542 Sapientiam

174 551 270 578 mundi
295 556 374 579 vocat
391 551 576 587 eloquentiam
592 562 599 586 ;
615 553 718 581 etenitn
743 554 823 590 hujus
851 554 963 589 largitor

173 597 246 624 Deus
259 601 310 625 est.
331 598 399 625 Nam
417 605 444 626 et
460 599 519 634 ipse
536 599 644 634 linguas
660 600 764 632 divisit,
782 604 809 627 et
834 601 962 636 proprios

175 644 276 678 cuique
291 644 467 672 characteres
484 645 637 672 distribuit.
655 647 749 681 ltaque
769 646 870 674 Graeca:
894 655 963 682 quo-

174 698 228 726 que
243 691 343 725 lingum
362 692 420 725 ipse
435 690 513 718 dedit
526 691 711 725 splendorem.
730 691 765 718 At
781 691 820 718 illi
845 691 898 719 hoc
919 691 962 719 usi

172 746 229 764 non
243 742 309 764 sunt
330 737 364 764 ad
380 737 407 764 id
432 737 506 772 quod
537 737 672 771 oportuit,
698 737 847 764 eﬁieientes
873 737 960 772 ipsam

173 784 346 812 seductionis
359 783 514 816 illecebras,
539 783 622 819 idque
647 787 758 819 agentes
774 787 803 811 ut
826 783 961 811 sermonis

174 830 393 866 persuasibilitas
402 838 485 858 causa
502 830 580 858 ﬁeret
595 830 902 858 introducendierroris
912 838 961 866 per

1019 277 1166 311 ράνῦησαν,
1181 274 1220 310 τῷ
1238 274 1276 310 μὴ
1292 274 1439 310 δυνηθῆναι
1451 274 1551 306 αὐτοὺς
1570 275 1660 307 εὑρεῖν
1685 275 1757 310 ἅπερ
1776 275 1808 300 ὲκ

1015 322 1070 349 τῶν
1088 322 1185 348 ἁλιέων
1201 321 1248 348 καὶ
1263 321 1456 356 ἀγραμμάτων
1471 321 1641 355 κεκήρυκται
1665 321 1713 347 καὶ
1728 321 1808 346 πεπί-

1020 377 1139 395 στευται.
1149 368 1212 400 Πῶς
1233 367 1261 394 δὲ
1283 366 1427 402 ἐμώρανες
1452 367 1586 396 τουτέστι,
1604 366 1700 401 μωρὰν
1726 365 1808 391 οὖσαν

1023 414 1131 450 ἤλεγξε,
1146 414 1185 449 τῷ
1203 413 1240 449 μὴ
1261 413 1370 448 ἰσχύσαι
1387 414 1477 449 εὑρεῖν
1495 412 1524 439 τὸ
1538 413 1647 447 ἀληθές.
1662 412 1808 439 -Ἀλλα

1019 459 1183 497 [ΘΕΟΔΩΡ.]
1192 460 1292 494 Σοφίαν
1301 460 1348 486 τοῦ
1361 460 1475 495 κόσμου,
1486 458 1534 495 τὴν
1543 459 1604 493 εὺγ)
1611 458 1711 485 ωττίαν
1720 457 1807 484 καλεῖ.

1018 507 1065 533 καὶ
1077 507 1131 541 γὰρ
1150 506 1252 541 ταύτης
1270 506 1414 542 χορηγὸςὸ
1430 506 1505 537 Θεός.
1523 505 1608 537 Αὐτὸς
1621 505 1675 540 γὰρ
1690 505 1736 532 καὶ
1759 504 1809 535 τὰς

1018 553 1143 587 γλώσσας
1157 553 1246 586 διεῖλε,
1262 553 1311 580 καὶ
1325 553 1430 588 ἑκάστῃ
1459 552 1636 587 χαρακτῆρας
1657 550 1739 582 ίδίους
1757 550 1809 576 ἀπ-

1018 598 1118 630 ένειμε.
1134 599 1189 625 Καὶ
1200 600 1233 634 τῇ
1242 598 1347 625 Ἑλλάδι
1359 598 1448 625 τοίνυν
1464 598 1552 632 φωνῇ,
1566 596 1647 627 αὐτὸς
1661 595 1744 622 ἔδωκε
1760 594 1809 629 τὴν

1016 644 1208 680 λαμπρότητα.
1227 646 1259 672 Οἱ
1288 645 1316 671 δέ
1341 653 1372 679 γε
1398 644 1449 671 οὐκ
1468 645 1507 676 εἰς
1523 644 1582 670 δέον
1600 643 1686 678 ταύτῃ
1706 641 1811 677 χρησα-

1017 700 1102 726 μενοι,
1119 692 1217 727 δέλεαρ
1229 691 1317 727 αὐτὴν
1335 691 1385 725 τῆς
1397 691 1506 725 ἀπάτης
1521 690 1674 724 ἀπέφηναν,
1698 687 1747 715 καὶ
1766 696 1810 713 πι-

1015 738 1099 773 θανὴν
1116 737 1164 773 τὴν
1178 738 1342 773 μυθολογίαν
1360 737 1409 772 τῆς
1426 737 1529 772 πλάνης
1540 735 1715 772 εἰργάσαντο.
1735 735 1812 760 Κατ-

1014 784 1110 819 ηγορεῖ
1121 784 1222 816 τοίνυν,
1238 784 1267 811 οὐ
1285 785 1334 819 τῆς
1347 783 1523 818 εὐγλωττίας,
1540 782 1608 809 ἀλλὰ
1625 781 1674 816 τῆς
1688 781 1718 807 ἐν
1738 780 1810 815 αὐτῇ

1018 831 1213 866 κρυπτομένης
1229 830 1416 866 ψευδολογίας.

173 878 313 905 tabulosas
319 877 555 905 ratiocinationes.
566 877 716 913 Redarguit
726 878 808 913 igitur
817 885 871 904 non
881 878 1079 912 eloquentiam,
1092 878 1138 905 sed
1148 885 1207 905 eam
1214 885 1273 912 quae
1282 877 1308 904 in
1316 877 1373 912 ipsa
1380 881 1422 903 est
1429 874 1540 902 fallendi
1549 873 1810 909 promptitudinem.

208 925 230 956 Ι,
245 924 303 951 21-
320 924 364 951 εδ.
384 923 603 958 Quandoquidem
623 924 691 950 enim
707 925 735 950 in
761 924 892 959 sapientia
917 924 965 950 Dei
984 930 1002 956 [ς

172 979 224 998 non
238 971 358 1006 cognovit
374 971 488 997 mundus
506 979 552 1006 per
567 970 728 1006 sapientiam
745 970 841 1004 Deum,
861 970 960 1006 placuit

173 1018 226 1044 Deo
242 1025 289 1053 per
304 1017 447 1044 stultitiam
465 1017 661 1051 prwdicationis
675 1017 762 1045 salvos
790 1018 876 1053 facere
903 1026 961 1045 crc-

171 1063 269 1091 dentes.
287 1064 419 1096 Quoniam
438 1067 463 1090 et
480 1063 568 1091 Judazi
579 1064 656 1099 signa
671 1063 817 1100 postulant,
834 1069 859 1090 et
878 1064 961 1091 Gra’ci

170 1110 330 1143 sapientiam
344 1114 478 1144 quierunt.
496 1109 550 1136 Nos
580 1115 668 1137 autent
683 1111 858 1145 prwdicamus
883 1111 961 1138 Chri-

170 1159 240 1181 rtum
255 1154 421 1188 cruciﬁxum,
434 1154 522 1181 Judari
536 1154 642 1190 quidem
655 1155 850 1190 oﬁ'endiculum,
863 1155 962 1184 (ἔνι-σεῖε

169 1208 231 1227 vero
246 1199 402 1226 stultitiam.

206 1245 288 1280 426
307 1257 314 1271 ι
334 1246 363 1273 In
387 1245 535 1280 sapientia.
555 1255 565 1272 ι
580 1246 647 1279 Quae
662 1247 795 1274 videlicet
824 1247 851 1274 in
881 1253 959 1274 crea-

171 1292 241 1319 turis
254 1291 405 1324 relucebat,
420 1299 519 1327 nempe
532 1292 559 1319 in
570 1293 641 1320 coelo
652 1296 681 1320 et
697 1292 724 1319 in
738 1297 822 1320 terra.
832 1291 960 1324 Quando-

171 1337 294 1373 quidem,
328 1337 429 1372 inquit,
445 1345 501 1365 non
521 1337 650 1372 cognovit
675 1337 795 1364 mundus
809 1337 894 1364 Deum
913 1345 961 1371 per

172 1383 255 1410 talem
273 1383 360 1418 ipsius
374 1383 537 1417 sapientiam
555 1390 617 1418 quae
636 1382 664 1410 in
691 1382 827 1410 creaturis
850 1382 962 1418 conspi‘

128 1466 131 1467 ν
172 1429 310 1461 ciebatur,
338 1430 442 1464 placuit
469 1430 586 1465 Deoper
615 1435 727 1456 crucem
755 1429 844 1457 salvos
869 1429 961 1457 facere

172 1483 221 1503 cos
232 1475 280 1510 qui
295 1475 451 1508 crederent,
469 1483 530 1511 quae
543 1475 660 1503 stultitia
674 1482 735 1502 esse
747 1474 858 1503 videtur
872 1475 962 1503 incre-

172 1521 256 1553 dulis,
271 1525 299 1548 et
311 1522 353 1548 bis
367 1521 414 1556 qui
432 1525 560 1556 pereunt.
577 1520 747 1555 Sapientiam
760 1524 852 1548 autem
867 1521 962 1555 appel-

172 1567 210 1594 lat
236 1567 384 1595 humanam
407 1575 518 1603 quoque
547 1567 756 1602 intelligentiam
785 1572 813 1594 et
827 1567 961 1602 eloquen-

1059 924 1176 957 Ἐπειδὴ
1191 925 1244 958 γὰρ
1263 923 1296 949 ἐν
1313 922 1349 956 τῇ
1365 922 1456 955 σοφίᾳ
1478 921 1532 947 οὐκ
1555 920 1632 954 ἔγνω
1656 920 1673 945 d
1694 918 1811 952 κόσμος

1012 969 1061 996 διὰ
1070 969 1123 1002 τῆς
1130 970 1241 1003 σοφίας
1256 968 1308 994 τὸν
1320 968 1404 1000 Θεὸν,
1417 966 1587 999 εὐδόκησεν
1594 967 1610 992 ὁ
1617 964 1688 997 Θεὸς
1696 963 1746 990 διὰ
1756 962 1810 996 τῆς

1009 1016 1122 1050 μωρίας
1148 1015 1202 1042 τοῦ
1216 1014 1414 1049 κηρύγματος,
1441 1012 1539 1040 σῶσαι
1554 1011 1625 1043 τοὺς
1651 1010 1812 1037 πιστεύον-

1012 1071 1075 1095 τας.
1110 1060 1230 1094 Ἐπειδὴ
1254 1061 1304 1087 καὶ
1332 1059 1470 1088 Ἰουδαῖοι
1484 1056 1811 1093 σημεῖοναὶτοῦσι,καί

1012 1108 1163 1140 Ἕλληνες
1186 1107 1300 1141 σοφίαν
1323 1105 1476 1139 ζητοῦσιν,
1496 1105 1584 1139 ἡμεῖς
1599 1103 1635 1130 δὲ
1652 1103 1811 1137 κηρύσσο-

1008 1162 1066 1188 μεν
1103 1152 1233 1188 Χριστὸν
1273 1151 1521 1187 ἐσταυρωμένον,
1559 1149 1718 1182 Ἰουδαίοις
1750 1149 1812 1184 μὲν

1012 1199 1201 1232 σκάνδαλον,
1213 1199 1349 1233 Ἕλλησι
1365 1197 1400 1224 δὲ
1412 1198 1538 1232 μωρίαν.

1051 1255 1059 1271 ι
1072 1246 1115 1271 Ἑν
1126 1247 1158 1280 τῇ
1170 1245 1260 1280 σοφίᾳ.
1275 1254 1284 1270 ι
1298 1245 1337 1280 Τῇ
1346 1244 1390 1271 διὰ
1404 1244 1457 1270 τῶν
1472 1242 1631 1278 κτισμάτων
1642 1241 1810 1278 φαινομένῃ,

1011 1289 1066 1318 οἶον
1085 1291 1200 1327 οὐρανοῦ
1215 1291 1262 1317 καὶ
1286 1291 1348 1325 γῆς.
1371 1289 1491 1324 Ἐπειδὴ.
1517 1289 1612 1323 φησιν,
1636 1289 1687 1314 οὐκ
1701 1287 1779 1322 ἔγνω
1797 1288 1811 1314 ὁ

1011 1337 1114 1372 κόσμος
1128 1338 1174 1363 τὸν
1184 1336 1250 1362 Θεὸν
1268 1335 1312 1362 διὰ
1329 1335 1377 1370 τῆς
1391 1335 1518 1369 τοιαύτης
1535 1334 1617 1361 αὑτοῦ
1641 1333 1738 1368 σοφίας
1756 1334 1808 1368 τῆς

1011 1383 1234 1418 ὲνθεωρουμένης
1259 1383 1316 1413 τοῖς
1338 1382 1502 1416 κτίσμασιν,
1530 1380 1678 1416 εὐδόκησεν
1699 1380 1714 1406 ὁ
1738 1379 1813 1411 Θεὸς

1012 1430 1056 1456 διὰ
1072 1431 1119 1457 τοῦ
1134 1428 1251 1465 σταυροῦ
1265 1428 1351 1455 σῶσαι
1365 1429 1428 1460 τοὺς
1443 1427 1634 1459 πιστεύοντας,
1649 1427 1723 1457 ὅστις
1745 1435 1810 1461 μω-

1015 1477 1059 1512 ρία.
1073 1477 1129 1507 τοῖς
1142 1475 1269 1507 ἀπίστοις
1283 1475 1330 1501 καὶ
1356 1474 1553 1509 ἀπολλυμένοις
1569 1473 1640 1501 εἶναι
1654 1473 1738 1500 δοκεῖ.
1760 1474 1811 1499 Σο-

1012 1522 1077 1556 φίαν
1091 1521 1130 1553 δὲ,
1150 1521 1197 1548 καὶ
1211 1521 1261 1556 τὴν
1278 1520 1454 1556 ἀνθρωπίνην
1471 1520 1598 1555 ὀνομάζει
1620 1520 1739 1550 συνέσιν,
1763 1521 1812 1546 καὶ

1013 1568 1061 1602 τὴν
1080 1567 1256 1601 εὐγλωττίαν,
1279 1567 1338 1601 ἦτοι
1355 1566 1419 1592 αὐτὸ
1442 1566 1471 1593 τὸ
1496 1567 1546 1601 τῆς
1561 1566 1660 1598 λέξεως
1675 1566 1811 1600 ἀνθηρὸν,

173 1614 250 1647 tiam,
267 1615 323 1642 sive
340 1614 427 1650 ipsam
446 1614 579 1642 doctrina:
590 1614 773 1641 suavitatem:
789 1619 820 1640 ut
836 1614 959 1641 ostendal

1055 1623 1059 1640 ι
1075 1613 1178 1649 διδάξῃ,
1193 1614 1234 1640 ὅτι
1257 1613 1302 1640 νοῦ
1319 1613 1432 1648 ποιητὴς
1452 1615 1466 1639 ό
1486 1613 1562 1644 Θεὸς,
1577 1613 1624 1639 καὶ
1646 1613 1810 1648 φρονήσεως

174 1661 259 1688 Deum
276 1661 375 1688 mentis
389 1669 450 1688 esse
465 1665 620 1688 creatorem
635 1665 662 1688 et
685 1660 838 1696 prudentiae
855 1668 887 1688 ac
902 1661 961 1688 elo-

173 1706 293 1741 quentia:
304 1706 484 1742 largitorem:
501 1714 657 1741 quanquam
674 1705 801 1733 nonnulli
815 1706 859 1733 his
880 1707 914 1733 ad
929 1714 961 1734 ea

173 1761 235 1788 qua:
250 1761 304 1780 non
317 1757 427 1788 oportet
441 1752 482 1780 usi
503 1752 566 1779 sint.
585 1751 734 1779 Stultitiam
751 1759 817 1779 vero
829 1751 962 1786 praedica-

175 1799 258 1826 tionis
273 1798 340 1826 dicit
357 1798 563 1833 simplicitatem
581 1796 745 1824 dictionum.
764 1797 854 1824 Divini
873 1797 961 1832 siqui-

174 1845 237 1872 dem
262 1843 392 1879 discipuli
419 1842 511 1870 idiota:
538 1846 627 1875 erant,
652 1842 726 1876 quod
747 1842 779 1869 ad
806 1849 960 1869 sermonem

171 1892 282 1924 attinet,
298 1890 346 1918 sed
357 1889 457 1917 divites
470 1888 595 1916 scientia.
611 1898 620 1914 ‹
635 1888 668 1915 Ει
680 1888 767 1916 Judai
781 1889 857 1923 signa
868 1892 961 1922 postu-

173 1938 242 1964 lant.
261 1946 269 1962 ι
284 1935 312 1963 Si
324 1934 428 1965 Judaao,
445 1933 545 1968 inquit,
562 1933 714 1960 dixerimus
729 1941 735 1960 ι
753 1933 852 1965 Crede,
874 1933 961 1967 prati-

174 1990 227 2010 nus
239 1982 315 2016 signa
329 1989 361 2007 ac
369 1979 493 2015 prodigia
505 1979 564 2006 ﬁeri
578 1979 697 2014 postulat
710 1978 744 2006 ad
757 1978 961 2014 prredicalioms

173 2027 423 2056 conﬁrmationem.
444 2025 501 2052 Nos
515 2030 606 2053 autetn
623 2025 762 2053 Christum
781 2025 962 2060 praedicamus

175 2073 349 2106 cruciﬁxum,
380 2073 453 2108 quod
477 2080 532 2100 non
559 2073 641 2099 modo
669 2080 724 2099 non
754 2077 796 2100 est
822 2072 961 2107 signorum

174 2119 385 2151 demonstratio,
402 2119 468 2155 quin
484 2118 576 2154 potius
586 2118 782 2145 imbecillitatis
796 2122 848 2151 est,
875 2125 962 2152 quan-

175 2172 233 2195 tum
247 2165 281 2194 ad
298 2166 324 2193 id
336 2166 410 2201 quod
422 2171 546 2200 apparet.
563 2165 690 2192 Attamen
715 2171 778 2191 cum
805 2164 857 2191 hoc
883 2163 962 2191 inﬁr-

174 2222 249 2242 mum
263 2213 399 2245 videatur,
416 2217 443 2240 et
461 2212 505 2240 his
523 2219 584 2247 qua:
610 2211 755 2246 requirunt
780 2211 960 2242 contrarium,

174 2260 351 2288 adducuntur
372 2258 555 2286 nihilominus
572 2256 605 2284 ad
628 2256 721 2288 ﬁdem,
743 2256 817 2291 quod
836 2264 962 2290 magnam

1015 1659 1132 1695 χορηγὸς
1147 1660 1194 1686 καὶ
1211 1659 1387 1693 εὐγλωττίας,
1411 1659 1435 1685 εὶ
1454 1659 1501 1686 καί
1518 1667 1590 1690 τινες
1619 1659 1712 1691 αὐτοῖς
1727 1660 1773 1694 ἐφ’
1793 1658 1810 1686 ἃ

1017 1706 1054 1741 μὴ
1068 1706 1107 1732 δεῖ
1123 1706 1284 1741 ἐχρήσαντο.
1297 1705 1410 1740 Μωρίαν
1435 1704 1464 1731 δὲ
1486 1704 1531 1731 τοῦ
1546 1704 1735 1740 κηρύγματος,
1755 1706 1808 1740 τὴν

1015 1752 1069 1779 τῶν
1075 1752 1173 1784 λέξεων
1184 1751 1323 1786 ἁπλότητα
1335 1759 1428 1786 φησιν.
1439 1751 1555 1777 Ἰδιῶται
1568 1751 1616 1785 μὲν
1625 1751 1659 1785 γὰ
1664 1760 1678 1786 ρ
1687 1751 1726 1786 τῷ
1735 1751 1810 1787 λόγῳ

1015 1795 1084 1832 ἦσαν
1106 1798 1131 1824 οἱ
1156 1797 1293 1823 θεσπέσιοι
1317 1796 1448 1832 μαῡηταὶ,
1466 1796 1589 1823 πλούσιοι
1605 1796 1633 1822 δὲ
1649 1799 1681 1832 τῇ
1694 1796 1808 1831 γνώσει.

1020 1853 1028 1869 ι
1042 1844 1097 1870 Καὶ
1104 1843 1222 1870 Ἰουδαῖοι
1238 1844 1349 1878 σημεῖεν
1363 1842 1494 1869 αἰτοῦσιν.
1510 1851 1520 1868 ι
1532 1843 1604 1875 Ἐὰν,
1615 1843 1708 1878 φησὶν,
1721 1843 1808 1871 εἴπω-

1017 1899 1066 1925 μεν
1084 1889 1213 1924 Ἰουδαίῳ,
1222 1890 1378 1922 Πὶστευσον,
1388 1889 1467 1921 εὐθὺς
1475 1889 1576 1924 σημεῖα
1583 1889 1631 1916 καὶ
1638 1890 1742 1924 τέρατα
1750 1891 1809 1916 επι-

1016 1936 1092 1970 ζησεῖ
1122 1935 1258 1969 γενέσθαι,
1286 1935 1354 1970 πρὸς
1379 1935 1509 1961 σύστασιν
1535 1935 1583 1962 τοῦ
1616 1936 1806 1970 κηρύγματος.

1022 1980 1117 2015 Ἡμεῖς
1130 1981 1158 2007 δὲ
1171 1980 1288 2016 Χριστὸν
1304 1981 1479 2015 κηρύσσομεν
1489 1981 1705 2016 ἐσταυρωμένον,
1716 1982 1807 2017 ’Ὁπερ

1016 2027 1045 2053 οὺ
1059 2026 1139 2061 μόνον
1153 2027 1202 2052 οὐκ
1218 2027 1276 2052 ἔστι
1293 2027 1413 2061 σημείων
1425 2026 1564 2059 ἐπίδειξις,
1580 2026 1647 2053 ἀλλὰ
1662 2027 1709 2053 καὶ
1724 2027 1807 2053 ἀσθε-

1015 2073 1100 2105 νείας,
1114 2073 1175 2098 ὅσον
1188 2072 1257 2099 κατὰ
1271 2073 1300 2099 τὸ
1316 2073 1488 2108 φαινόμενον.
1506 2073 1560 2099 Καὶ
1574 2073 1649 2107 ὅμως
1663 2072 1752 2108 τούτῳ
1767 2073 1806 2106 τῷ

1015 2115 1136 2142 δοκοῦντι
1149 2116 1256 2142 ἀσθενεῖ
1271 2117 1317 2143 καὶ
1333 2117 1446 2152 ἐναντίῳ
1468 2117 1505 2148 ὡς
1522 2117 1589 2151 πρὸς
1610 2116 1628 2144 ἃ
1642 2117 1806 2144 ἀπαιτοῦσιν

1016 2162 1157 2196 ὲνάγονται
1173 2163 1241 2197 πρὸς
1256 2163 1306 2197 τὴν
1326 2163 1426 2195 πίστιν,
1443 2163 1511 2197 ὅπερ
1538 2163 1659 2198 μεγάλην
1683 2164 1805 2191 δείκνυσι

1016 2208 1062 2235 τοῦ
1077 2208 1143 2234 Θεοῦ
1157 2208 1205 2243 τὴν
1225 2209 1349 2243 δύναμιν.
1376 2209 1459 2235 Πάλιν
1479 2208 1609 2243 ’Έλληνες
1634 2210 1732 2244 σοφίαν
1755 2210 1805 2244 ξη-

1015 2255 1091 2281 τοῡσι
1108 2256 1171 2290 παρ’
1186 2255 1275 2290 ἡμῶν,
1291 2255 1359 2281 ἀλλὰ.
1376 2255 1513 2286 κάκείνοις
1527 2256 1606 2290 ἡμεῖς
1620 2255 1666 2282 τὸν
1687 2256 1806 2290 σταυρὸν

174 2305 224 2334 Dei
239 2304 367 2332 ostendat
382 2303 542 2339 potentiam.
560 2301 682 2329 Rursum
698 2301 786 2328 (ἶνεθὶ
798 2299 959 2335 sapientiam

1055 2300 1197 2336 ρὺσσομεν,
1212 2301 1289 2335 ὅπερ,
1306 2300 1375 2326 κατὰ
1385 2300 1416 2326 τὸ
1426 2300 1598 2335 φαινόμενον,
1613 2301 1720 2335 μωρίας
1732 2298 1805 2327 εἶναι

175 2360 190 2379 a
214 2351 296 2378 nobis
313 2352 473 2386 requirunt,
493 2349 542 2376 sed
570 2347 624 2375 illis
649 2355 759 2382 quoque
782 2354 833 2374 nos
852 2353 963 2374 crucem

174 2397 368 2433 praedicamus,
377 2395 453 2431 quod
467 2394 502 2422 ad
515 2394 542 2422 id
556 2394 630 2430 quod
645 2394 672 2420 in
684 2397 831 2428 prospectu
841 2397 883 2420 est
896 2392 964 2419 stul-

176 2443 242 2471 titiae
269 2451 329 2471 esse
345 2442 466 2475 videtur,
483 2441 571 2469 Deum
586 2440 715 2468 videlicet
729 2439 879 2475 praedicare
900 2446 960 2465 cru-

175 2489 306 2516 ciﬁxum:
331 2492 359 2515 at
383 2487 437 2515 ltoc
459 2495 569 2523 quoque
593 2486 676 2514 modo
703 2485 908 2521 persuadentur
936 2488 965 2511 et

174 2536 376 2570 obtemperant.
394 2535 491 2562 Auuon
505 2534 563 2561 haec
578 2533 701 2560 maximae
728 2536 792 2559 sunt
805 2530 965 2558 admiratio-

174 2583 218 2609 nis
234 2590 266 2609 ac
280 2581 417 2611 miraculi.
434 2588 482 2608 eos
493 2588 541 2615 per
555 2580 613 2607 hac
636 2578 795 2614 persuaderi
810 2584 870 2612 quae.
898 2584 964 2604 con-

175 2628 259 2655 traria
286 2631 351 2654 sunt
368 2627 402 2654 iis
418 2634 479 2662 quae
505 2625 672 2660 requirunt?
695 2624 748 2651 Aut
777 2623 830 2650 hoc
854 2629 965 2657 quoque

174 2676 256 2703 modo
291 2674 408 2709 intelligi
436 2679 543 2709 potest:
575 2671 721 2706 Quoniam,
753 2670 853 2705 inquit,
877 2669 964 2698 Judzei

174 2722 251 2757 signa
281 2721 421 2756 postulant
455 2724 481 2747 et
506 2719 592 2747 Graeci
625 2718 799 2753 sapientiam,
821 2715 964 2744 inveniunt

174 2768 285 2802 utrique
301 2768 328 2794 in
349 2767 461 2794 Christo
489 2774 521 2793 ea
543 2772 604 2800 qua:
629 2765 785 2798 requirunt.
802 2763 965 2796 Quomodo?

174 2813 317 2849 Siquidem
330 2812 482 2840 incredulis
494 2811 597 2839 Iudaeis
611 2810 809 2837 oﬁ‘eudiculum
825 2814 878 2842 est,
890 2809 965 2838 Grae-

173 2859 270 2893 eisque
282 2858 440 2886 inﬁdelibus
456 2857 570 2885 fatuitas
593 2861 716 2891 apparet.
744 2857 779 2884 At
804 2856 832 2883 hi
856 2856 903 2892 qui
930 2864 963 2883 ex

173 2904 241 2940 ipsis
255 2904 345 2931 vocati
359 2909 423 2932 sunt
440 2909 468 2932 et
497 2904 588 2939 electi,
613 2903 758 2931 inveniunt
783 2910 846 2931 eum
871 2903 960 2931 Patris

1012 2346 1095 2377 δοκεῖ,
1109 2346 1176 2373 Θεὸν
1203 2347 1350 2382 κηρύσσειν
1375 2346 1592 2382 ἐσταυρωμένον,
1609 2347 1677 2373 ἀλλὰ
1692 2347 1740 2373 καὶ
1759 2346 1804 2372 οῦ-
1827 2358 1832 2361 ι

1012 2401 1067 2424 τως
1081 2392 1228 2419 πείθονται.
1253 2391 1327 2428 Ἀρα
1346 2392 1376 2419 οὐ
1398 2392 1485 2419 ταῦτα
1511 2392 1639 2427 μεγίστου
1664 2391 1805 2426 θαύματος

1013 2439 1043 2465 τὸ
1056 2439 1088 2465 ἐκ
1101 2439 1154 2465 τῶν
1166 2439 1296 2465 ἐναντίων
1311 2438 1348 2470 ὡς
1360 2438 1429 2474 πρὸς
1442 2438 1459 2465 ἃ.
1474 2438 1551 2465 αὐτοὶ
1566 2438 1725 2470 ἐπιζητοῦσι
1742 2438 1804 2465 πεί-

1014 2484 1107 2511 θεσθαι
1124 2483 1222 2516 αὐτούς
1235 2493 1242 2518 ;
1257 2485 1273 2521 ἢ
1289 2485 1335 2511 καὶ
1348 2484 1432 2516 οὕτως
1446 2485 1565 2520 νοητέον·
1589 2483 1708 2519 Ἐπειδὴ,
1725 2484 1802 2519 φησὶ,

1014 2531 1062 2558 καὶ
1080 2531 1202 2558 Ἰουδαῖοι
1226 2533 1326 2566 σημεῖα
1352 2531 1510 2566 ἐπιζητοῦσι
1534 2531 1581 2557 καὶ
1602 2531 1732 2565 ’Έλληνες
1758 2539 1803 2556 σο-

1015 2577 1089 2612 φίαν,
1118 2578 1291 2613 εὑρίσκουσιν
1317 2579 1468 2614 ἀμφότεροι
1494 2577 1511 2604 ἃ
1537 2577 1664 2612 ζητοῦσιν
1690 2578 1730 2608 είς
1756 2576 1802 2603 τὸν

1015 2624 1142 2659 Χριστόν.
1170 2626 1251 2658 Πῶς;
1275 2625 1338 2657 Τοῖς
1369 2625 1418 2660 μὲν
1436 2625 1489 2659 γὰρ
1511 2625 1636 2655 ἀπίστοις
1665 2623 1804 2654 Ἰουδαίοις

1017 2671 1164 2698 σκάνδαλον
1195 2673 1262 2704 ἐστι,
1288 2672 1335 2698 καὶ
1356 2673 1412 2704 τοῖς
1435 2672 1560 2704 ἀπίστοις
1578 2671 1690 2705 Ἕλλησι
1712 2670 1804 2706 μωρία

1013 2717 1095 2744 δοκεῖ.
1109 2718 1140 2744 Οί
1155 2717 1182 2744 δέ
1196 2726 1238 2752 γε,
1262 2718 1340 2752 φησὶ,
1366 2718 1460 2753 κλητοὶ
1478 2717 1525 2745 καὶ
1542 2717 1680 2744 ἐπίλεκτοι
1689 2716 1734 2750 “EE
1752 2716 1802 2742 αὺ-

1013 2763 1077 2797 τῶν,
1090 2764 1264 2799 εὑρίσκουσιν
1279 2763 1360 2790 αὑτὸν
1373 2763 1436 2790 ὕντα
1453 2764 1568 2799 δύναμιν
1589 2763 1635 2790 καὶ
1649 2763 1744 2796 σοφίαν
1756 2762 1802 2788 τοῦ

1014 2810 1132 2846 Πατρός.
1155 2810 1187 2836 Τί
1202 2809 1256 2845 γὰρ
1272 2809 1372 2843 λέγεις,
1395 2807 1417 2836 ὢ
1439 2810 1567 2842 Ἰουδαῖε;
1584 2809 1688 2844 Σημεῖα
1704 2808 1802 2841 ὲπιζψ

1013 2856 1090 2888 τείς;
1119 2855 1185 2881 Ἰδοὺ
1204 2856 1218 2881 ὁ
1242 2855 1369 2889 Χριστὸς,
1386 2855 1454 2881 Θεοῦ
1482 2855 1595 2890 δύναμίς
1623 2855 1696 2880 ἐστιν
1712 2854 1728 2888 ἡ
1747 2853 1802 2878 τῶν

1015 2901 1136 2936 σημείων
1155 2902 1295 2937 ποιητική.
1311 2901 1366 2928 Καὶ
1381 2901 1412 2928 σὺ
1430 2901 1456 2928 τί
1477 2901 1575 2935 λέγεις,
1589 2898 1612 2929 ὦ
1627 2899 1744 2935 ’Ἐλλην;
1758 2906 1802 2924 σο-
