1880 3057
165 154 217 184 (55

697 151 899 183 (ECUMENII
918 151 1064 182 TRICC/E
1079 150 1251 180 EPISCOPI

1740 153 1796 185 656

164 209 208 237 nis
222 209 378 242 affectibus,
397 209 431 237 de
443 210 500 237 Doo
529 217 578 244 per
598 209 733 244 privativa
745 209 834 236 cﬂ‘ari.
850 208 897 236 Sic
928 215 942 235 e

1034 208 1164 243 τερήσεως
1187 207 1369 242 ἀποφάσκειν.
1390 206 1470 234 Οὕτω
1495 208 1541 234 καὶ
1557 208 1693 243 ἀόρατον,
1717 210 1799 245 φησὶ,

162 255 273 281 oracula
292 255 388 282 dicunt
403 255 539 282 invisibile
551 255 654 286 lumen,
667 255 740 289 quod
757 259 847 282 tamen
859 254 952 282 omnia

162 301 301 329 iliustrat:
317 305 344 329 et
362 301 532 329 multimodis
553 301 694 328 laudatum
725 306 808 336 atque
826 301 952 329 nomina-

162 351 231 380 tum,
255 348 422 375 inen‘abilem
454 348 561 381 dicunt,
590 348 757 383 nomineque
783 355 896 381 carere;
924 353 953 376 et

158 402 222 422 eum
240 394 286 429 qui
299 394 429 422 omnibus
442 402 564 430 pnesens
580 398 669 427 est,et
679 403 712 422 ex
725 395 854 422 omnibus
867 394 953 422 rebus

158 440 309 471 invenitur,
335 441 647 476 incomprehensibilem
672 440 822 476 appellant,
851 445 879 468 et
902 441 950 476 qui

156 486 315 521 investigari
331 494 386 513 non
401 487 498 521 possit.

191 531 212 564 l,
224 532 317 559 26—29.
334 532 429 559 Videtis
443 534 513 559 enim
527 533 689 560 vocationem
698 537 825 566 vestram,
838 533 948 568 fratres,

154 578 287 612 quodnon
318 579 396 606 multi
424 581 558 612 sapientes
581 579 726 606 secundum
748 588 866 612 carnem,
896 588 949 607 non

152 623 230 651 multi
243 628 362 659 potentes
379 634 388 652 :
403 634 455 652 non
471 625 548 652 multi
562 625 669 657 nobiles,
686 634 776 652 verum
786 634 845 661 quae
864 625 948 653 stulta

151 671 295 698 secundant
308 672 435 698 mundum
453 677 529 699 erant
542 672 638 708 delegit
652 672 733 706 Deus,
752 677 780 700 ut
806 673 949 708 pudeface—

151 721 189 744 ret
205 718 338 753 sapientes
354 726 363 745 :
383 723 407 744 et
430 727 489 754 qua:
501 719 644 746 secundum
662 720 790 746 mundum
805 719 949 746 imbecillia

151 768 228 790 erant
243 763 338 799 delegit
359 764 436 797 Deus,
459 769 534 791 utea
558 765 726 800 pudefaceret
756 773 814 799 quw
839 765 947 792 robusta

153 813 216 835 sunt
226 814 266 836 :et
275 817 333 844 qua:
341 810 485 837 secundum
495 811 622 838 mundum
632 812 758 847 ignobilia
768 817 844 839 erant
854 816 878 838 et
886 820 949 839 con-

151 858 252 889 tempta
268 855 364 890 delegit
377 855 457 888 Deus,
473 860 498 882 et
513 865 545 883 ea
560 865 618 892 qua:
632 866 682 883 non
700 862 787 890 erant,
801 862 829 884 ut
844 859 946 892 ea'qme

1003 253 1038 279 τὰ
1052 252 1130 286 λόγια
1152 252 1184 279 τὸ
1209 253 1340 288 παμφαὲς
1363 252 1432 287 φῶς,
1458 254 1507 280 καὶ
1530 254 1576 281 τὸν
1593 255 1796 290 πολυύμνητον,

1002 300 1050 326 καὶ
1076 299 1264 334 πολυώνυμον,
1291 300 1411 335 ἄρρητον
1441 301 1490 326 καὶ
1507 301 1661 336 ἀνώνυμον,
1688 303 1798 329 καὶτὸν

1003 347 1070 372 πᾶσι
1087 346 1210 382 παρόντα
1230 346 1277 373 καὶ
1292 347 1324 373 ἐκ
1344 346 1454 374 πάντων
1467 347 1671 383 εὑρισκόμενον,
1689 349 1796 376 ἀκατά-

1001 390 1104 426 ληπτον
1115 392 1161 418 καὶ
1174 391 1387 427 ἀνεξιχνίαστον.

1037 525 1169 552 Βλέπετε
1182 526 1236 560 γὰρ
1249 525 1307 560 τὴν
1316 525 1530 561 κλτῖσινύμῶν,
1546 527 1682 562 ἀδελφοὶ,
1697 527 1743 555 ὅτι
1757 528 1795 555 οὐ
1813 537 1816 539 λ

999 572 1110 599 πολλοὶ
1143 572 1234 606 σοφοὶ
1265 572 1344 599 κατὰ
1354 573 1464 606 σάρκα,
1479 575 1516 600 οὐ
1528 574 1637 601 πολλοὶ
1655 574 1794 606 δυνατοὶ,

1000 617 1036 643 οὐ
1044 617 1152 644 πολλοὶ
1181 618 1327 653 εὐγενεῖς,
1348 619 1428 646 ἀλλὰ
1446 618 1482 645 τὰ
1508 619 1592 654 μωρὰ
1608 619 1661 646 τοῦ
1673 620 1795 654 κόσμου

998 662 1158 695 ἐξελέξατο
1173 665 1189 690 d
1201 664 1283 696 Θεὸς,
1306 665 1357 691 ἵνα
1368 666 1556 700 καταισχύνῃ
1577 665 1648 699 τοὺς
1662 666 1793 700 σοφοὺς,

999 708 1093 735 καὶτὰ
1110 709 1224 744 ἀσθενῆ
1236 711 1289 738 τοῦ
1302 712 1420 746 κόσμου
1442 712 1604 744 ἐξελέξατο
1614 713 1631 739 ὁ
1651 713 1724 746 Θεὸς
1739 713 1794 740 ἵνα

997 757 1185 791 καταισχύνῃ
1204 757 1240 785 τὰ
1255 759 1376 793 ἰσχυρά.
1392 759 1447 786 Kal
1460 759 1495 786 τὰ
1507 760 1602 794 ἀγενῆ
1612 760 1663 787 τοῦ
1672 761 1793 795 κόσμου

998 803 1096 831 καὶτὰ
1117 804 1338 839 ἐξουθενημένα
1357 804 1518 836 ἐξελέξατο
1537 807 1553 833 ό
1572 805 1655 838 Θεὸς,
1679 805 1730 832 καὶ
1754 806 1793 832 τὰ

997 850 1040 884 μὴ
1059 849 1142 881 ὄντα,
1157 851 1206 877 ἵνα
1220 850 1256 876 τὰ
1270 850 1343 877 ὄντα
1353 851 1539 885 καταργήσῃ,
1561 851 1641 884 ὅπως
1653 851 1696 886 μὴ
1716 859 1792 878 καυ-

150 905 210 927 sunt
224 901 386 934 obscuraret,
399 910 430 929 ne
444 902 605 938 gloriaretur
622 903 679 930 ulla
695 912 758 930 caro
770 912 860 930 coram
875 905 942 939 ipso.

1034 906 1129 930 ισηται
1141 897 1225 925 πᾶσα
1237 897 1316 930 σὰρξ
1329 897 1458 924 ἐνώπιον
1472 898 1577 925 αὑτοῦ.

182 945 372 978 Considerate,
388 947 487 982 inquit,
507 952 535 974 ct
563 948 696 976 attendite
721 953 822 983 quanta
853 953 943 984 potest

151 992 268 1025 vocatio,
286 1000 347 1027 quae
366 992 458 1020 effecit
487 997 518 1020 ut
542 993 633 1020 idiota:
659 994 727 1021 adeo
749 994 884 1029 sapientia
900 994 943 1022 di-

150 1039 408 1074 scerentdogmata.
429 1048 438 1065 ‹
456 1039 533 1072 Quod
546 1048 601 1067 non
619 1040 698 1066 multi
713 1040 862 1075 sapientes.
883 1050 891 1066 ι
911 1041 939 1068 In

149 1090 220 1112 uane
232 1085 403 1113 vocationem
419 1085 540 1113 etlincm
555 1094 610 1113 non
626 1091 764 1114 venerunt
791 1087 871 1114 multi
898 1095 941 1114 sa-

148 1131 264 1166 pientes.
281 1131 363 1159 Addit
383 1136 475 1159 autem
500 1133 590 1164 multi,
615 1134 679 1168 quia
705 1134 830 1160 nonnulli
857 1133 939 1161 etiam

146 1176 286 1211 sapientes
305 1177 493 1210 crediderant,
507 1183 538 1206 ut
560 1180 735 1215 Areopagita,
764 1180 940 1216 Antbypatus

146 1229 178 1249 ac
190 1222 236 1249 alii
250 1232 257 1250 :
267 1227 295 1250 et
306 1223 342 1251 ob
355 1223 424 1251 hanc
434 1232 544 1252 causam
555 1225 658 1261 ubique
669 1226 793 1253 additur:
805 1235 813 1252 ‹
825 1227 913 1257 Multi,
926 1235 936 1252 ι

148 1267 212 1303 quia
226 1274 305 1296 erant
320 1274 348 1297 et
362 1271 474 1305 quidam
489 1277 617 1307 potentes
633 1281 665 1300 ac
683 1274 814 1308 praeclaro
838 1281 938 1308 genere

145 1315 199 1342 orti
216 1316 262 1350 qui
278 1317 464 1345 crediderant.
483 1328 492 1344 ι
510 1319 667 1348 Secundum
692 1328 814 1347 carnem.
833 1329 842 1345 ι
857 1319 938 1347 Juxta

147 1360 173 1390 id
185 1361 259 1396 quod
277 1369 400 1398 apparet,
434 1365 585 1392 secundum
599 1370 773 1400 praesentem
798 1365 882 1392 vitam
909 1370 938 1393 et

147 1409 288 1433 externam
303 1408 499 1436 eruditionem.
511 1409 542 1436 lli
557 1410 630 1437 enim
642 1410 758 1437 maxime
773 1410 848 1437 stulti
860 1416 935 1444 sunt,

147 1451 194 1486 qui
211 1452 263 1479 sibi
282 1453 348 1488 ipsis
363 1459 561 1488 persuaserunt
575 1455 649 1490 quod
663 1459 757 1482 essent
777 1457 934 1490 sapientes:

147 1496 265 1532 ideoque
297 1497 450 1526 dillicillimi
468 1503 541 1533 sunt
567 1507 581 1526 a
604 1500 662 1527 suis
685 1499 766 1526 avelli
792 1501 935 1534 dogmatis.

149 1552 158 1568 ι
179 1543 239 1570 Νοιι
255 1544 334 1571 multi
347 1549 484 1580 potentes.
507 1555 515 1571 ›
532 1545 673 1580 Siquidem
689 1550 814 1580 potentes
827 1554 858 1573 ac
872 1555 937 1581 prae-

1037 943 1250 978 Ἐπισκέψασθε,
1281 944 1373 978 φησὶ,
1407 944 1568 979 προσέχετε,
1604 944 1791 980 πῶςμεγάλα

996 989 1107 1016 δύναται
1123 991 1139 1024 ἠ
1155 990 1263 1024 κλῆσις,
1292 990 1334 1016 ὅτι
1360 989 1478 1022 ἰδιώτας,
1495 990 1567 1016 οὕτω
1581 990 1650 1024 σοφὰ
1662 990 1791 1024 δόγματα.

997 1034 1091 1070 μαθεῖν
1122 1035 1339 1070 παρεσκεύασεν.
1365 1045 1374 1061 ι
1388 1035 1487 1062 ὀτι-οὐ
1504 1035 1595 1062 πολλοὶ
1608 1036 1715 1070 σοφοί.»
1742 1037 1791 1064 Ἐν

994 1083 1026 1117 τῇ
1042 1081 1136 1117 κλήσει
1164 1081 1252 1118 ταύτῃ
1269 1082 1317 1108 καὶ
1329 1083 1363 1117 τῇ
1381 1082 1482 1113 πίστει,
1512 1083 1604 1116 φησὶν,
1634 1083 1685 1109 οὐκ
1703 1080 1791 1118 ἦλθον

994 1126 1086 1154 πολλοὶ
1104 1127 1192 1162 σοφοί.
1207 1127 1366 1163 Προσέθηκε
1382 1127 1409 1153 δὲ
1425 1127 1454 1153 τὸ
1468 1127 1571 1158 πολλοὶ,
1592 1127 1632 1154 ὅτι
1645 1125 1718 1163 ἦσαν
1736 1129 1790 1155 καὶ

995 1174 1071 1208 σοφοί
1093 1182 1164 1205 τινες
1193 1174 1401 1206 πιστεύσαντες,
1432 1171 1487 1200 οἷον
1503 1174 1517 1200 ὁ
1544 1173 1790 1209 Ἀρεοπαγὶτης,ὸ

999 1218 1175 1251 Ἀνῦύπατος,
1205 1219 1253 1246 καὶ
1273 1219 1372 1255 ἕτεροι.
1398 1220 1453 1246 Καὶ
1480 1219 1617 1255 πανταχοῦ
1631 1220 1671 1253 τὸ,
1692 1230 1700 1245 ι
1713 1220 1790 1247 Πολ-

992 1263 1043 1297 λοί,
1059 1274 1068 1291 ι
1081 1264 1125 1291 διὰ
1149 1265 1229 1292 τοῦτο
1245 1266 1419 1300 πρόσκειται,
1441 1266 1482 1292 ὅτι
1497 1264 1570 1302 ἦσάν
1586 1275 1658 1299 τινες
1675 1267 1792 1294 δυνατοὶ

993 1312 1040 1338 καὶ
1063 1311 1183 1345 εὐγενεῖς
1208 1311 1415 1344 πιστεύσαντες.
1436 1321 1445 1337 ι
1460 1311 1539 1339 Κατὰ
1565 1313 1666 1347 σάρκα.
1680 1323 1689 1339 ι
1705 1314 1791 1340 Κατὰ

991 1357 1021 1384 τὺ
1037 1358 1210 1393 φαινόμενον,
1237 1358 1308 1385 κατὰ
1337 1358 1384 1385 τὸν
1410 1359 1532 1393 παρόντα
1559 1358 1638 1393 βίον,
1657 1359 1705 1386 καὶ
1733 1360 1792 1394 τὴν

991 1403 1090 1436 ἔξωθεν
1114 1404 1265 1432 παίδευσιν,
1292 1398 1373 1431 Οὗτοι
1405 1404 1461 1441 γὰρ
1485 1405 1603 1438 μάλιστα
1633 1406 1731 1440 μωροὶ,
1763 1407 1789 1433 ol

991 1451 1206 1482 πεπιστευκότες
1227 1451 1334 1482 ἑαυτοῖς
1351 1451 1391 1477 ὅτι
1424 1451 1478 1478 εἰσὶ
1501 1453 1588 1485 σοφοί.
1601 1452 1646 1478 Διὸ
1660 1453 1707 1479 καὶ
1720 1453 1789 1479 δυσ-

991 1496 1175 1528 αποσπάστως
1190 1496 1280 1532 ἔχουσι
1312 1497 1381 1533 πρός
1403 1497 1437 1524 τὰ
1460 1497 1515 1524 ἴδια
1546 1498 1681 1533 δόγματα.
1712 1508 1722 1524 ‹
1748 1499 1786 1526 Οὐ

992 1543 1083 1569 πολλοὶ
1093 1543 1211 1570 δυνατοί.
1226 1553 1235 1569 ›
1253 1543 1309 1570 Kal
1323 1545 1377 1579 γὰρ
1388 1545 1412 1570 οἱ
1426 1544 1535 1571 δυνατοὶ
1544 1545 1590 1571 καὶ
1605 1545 1629 1571 oi
1645 1545 1786 1579 εὐγενεῖς,

146 1589 221 1616 claro
236 1590 293 1617 nati
308 1599 418 1626 genere,
441 1591 512 1619 fastu
536 1591 629 1626 pleni:
644 1591 683 1618 illi
699 1591 810 1627 quidem
824 1597 937 1627 propter

1034 1599 1073 1623 μου
1095 1590 1317 1626 πεπληρωμένοι,
1333 1591 1358 1617 οἱ
1378 1591 1426 1625 μὲν
1453 1591 1497 1617 διὰ
1512 1591 1558 1618 τὸν
1575 1591 1700 1624 πλοῦτον,
1717 1593 1744 1619 οἱ
1757 1593 1786 1621 δὲ

146 1636 267 1670 divitias,
285 1637 314 1665 bi
332 1643 422 1666 autem
439 1643 551 1674 propter
564 1647 660 1674 genus,
675 1639 780 1674 seipsos
797 1648 811 1667 a
826 1640 873 1667 Dei
891 1648 939 1667 co-

148 1685 271 1719 gnitione
289 1691 427 1721 separant,
444 1695 495 1714 nec
514 1687 610 1714 volunt
623 1688 768 1722 prazsentia
785 1689 936 1723 despicere.

184 1742 195 1758 ‹
218 1732 270 1760 Sed
292 1740 353 1768 quae
381 1735 464 1761 stulta
490 1739 555 1762 sunt
584 1736 736 1761 secundum
761 1735 904 1762 mundum.
927 1745 936 1761 ι

144 1777 229 1814 429
246 1779 353 1814 Ubique
378 1780 479 1814 rcjecta
499 1787 530 1806 ac
545 1780 610 1806 vilia
624 1780 741 1814 accepit,
767 1785 797 1807 ut
814 1786 939 1815 potentes

146 1823 304 1852 incredulos
316 1825 500 1859 pudefaceret.
511 1824 578 1852 Cum
587 1830 678 1852 autem
691 1826 770 1853 audis
784 1835 792 1851 ι
805 1826 936 1862 Delegit,»

145 1877 181 1897 ne
196 1870 350 1905 suspiceris
364 1870 439 1905 quod
460 1871 533 1898 Deus
547 1878 617 1906 opus
647 1871 777 1899 habuerit
804 1880 939 1907 pauperes

145 1923 298 1948 assumere,
315 1920 442 1951 potentes
456 1924 521 1944 vero
535 1917 678 1952 repellere,
689 1919 736 1945 sed
751 1919 823 1953 quod
839 1918 938 1954 abjecti

148 1968 331 1989 accurrcrunt
349 1962 435 1997 magis
446 1963 479 1990 ad
499 1963 592 1991 (idem.
606 1963 658 1997 Qui
674 1964 747 1991 enim
765 1964 793 1991 in
809 1969 938 2000 potenta—

148 2007 222 2034 tibus
235 2012 314 2034 erant
328 2011 357 2034 et
370 2007 516 2042 sapientia,
529 2009 635 2044 seipsos
647 2010 853 2044 abstraxerunt,
873 2010 940 2037 indi-

144 2060 229 2088 gnum
245 2053 378 2080 ducentes
407 2056 479 2088 quod
500 2054 535 2082 ab
565 2055 658 2082 idiotis
685 2055 848 2089 discerent;
866 2055 939 2083 Deus

145 2105 263 2133 namque
279 2106 375 2127 omnes
389 2100 479 2128 salvos
497 2099 556 2128 ﬁeri
570 2100 711 2135 cupiebat.
730 2111 739 2126 ‹
758 2101 939 2137 Utsapientes

146 2144 332 2179 pudefaceret.
356 2156 365 2173 ›
393 2147 462 2175 Cum
478 2152 569 2174 autem
591 2148 694 2183 ubique
706 2149 796 2181 audis,
821 2158 830 2174 ι
849 2149 939 2176 Pude-

146 2192 259 2224 faceret,
273 2202 282 2218 ι
303 2193 335 2220 de
349 2193 403 2220 illis
420 2193 542 2229 intellige
562 2194 610 2229 qui
638 2195 664 2221 in
682 2195 793 2230 propria
819 2194 939 2222 ﬁdebant

145 2237 279 2272 sapientia
297 2246 328 2265 ac
353 2238 467 2272 divitiis,
492 2247 544 2266 nec
567 2239 750 2267 crediderant.
780 2239 843 2267 llzcc
863 2240 937 2266 enim

145 2283 262 2310 maxima
279 2283 381 2312 Christi
394 2285 507 2312 victoria
521 2290 563 2312 est
577 2293 626 2320 per
639 2286 738 2313 stultos
756 2286 814 2313 sive
836 2285 937 2313 idiotas

144 2329 290 2357 devinccre
306 2331 444 2365 sapientes
465 2339 497 2358 ac
527 2331 702 2366 pudciacere.
731 2331 865 2359 Maximus
893 2340 936 2360 sa-

145 2375 267 2409 pientum
282 2377 371 2411 pudor
386 2376 512 2412 estquod
529 2377 622 2404 idiotis
634 2377 780 2406 inferiores
793 2379 938 2408 invenian-

144 2425 190 2447 tur
198 2430 204 2448 :
213 2426 241 2447 et
248 2421 364 2448 niaxima
371 2422 482 2457 quidem
492 2422 595 2450 Christi
605 2423 720 2451 victoria
729 2429 771 2452 est
782 2433 832 2460 per
840 2426 938 2454 stultos

146 2474 278 2502 superare
294 2469 444 2503 sapientes.
464 2478 473 2494 ι
495 2469 561 2502 Qua:
574 2469 688 2497 robusta
700 2476 773 2498 sunt.
796 2481 805 2496 ι
819 2471 937 2505 Hocest,

146 2512 361 2541 intumescentcs
374 2515 409 2541 ob
424 2517 574 2550 potentiam
588 2519 616 2543 et
629 2517 747 2544 divitias.
764 2528 771 2542 ι
787 2517 821 2544 Ει
834 2525 865 2543 ea
877 2525 938 2552 qua:

148 2566 199 2585 non
216 2563 305 2586 erant.
328 2570 337 2585 ι
355 2560 392 2588 Ea
404 2569 458 2588 non
472 2569 533 2589 esse
559 2562 627 2589 dicit
654 2571 715 2598 quae
744 2571 804 2590 esse
825 2563 936 2598 quidem

144 2605 476 2642 cxistimantur,proptcr
505 2609 619 2635 multam
651 2608 846 2643 abjcclionem.
874 2618 883 2634 ι
903 2609 938 2636 Ut

144 2659 175 2678 ea
193 2659 254 2687 quae
272 2658 337 2680 sunt
357 2654 529 2682 obscuraret.
551 2665 560 2681 ι
598 2655 707 2688 Omnia,
738 2655 838 2690 inquit,
871 2655 938 2682 fecit

145 2698 226 2730 Deus,
239 2707 294 2734 quo
321 2708 368 2727 eos
395 2701 429 2728 ab
457 2701 614 2737 arrogantia
636 2702 792 2733 cohiberet,
820 2706 876 2729 eta
893 2701 936 2728 sui

145 2745 328 2779 reputatione,
346 2755 400 2782 qua
413 2755 473 2776 sese
490 2747 594 2782 aliquid
610 2755 670 2774 esse
682 2747 881 2775 existimabant
908 2752 936 2775 et

143 2798 192 2818 vos
206 2792 297 2820 adhuc
314 2800 474 2830 arrogantes
493 2794 561 2822 estis
587 2803 619 2822 ac
643 2794 840 2822 intumescitis.
871 2803 879 2820 ι
898 2794 936 2822 Ea

143 2846 204 2873 quae
222 2847 277 2866 non
293 2845 383 2868 erant.
405 2851 414 2867 ι
445 2840 617 2868 Videbantur
643 2839 761 2875 apostoli
793 2848 849 2867 non
874 2847 935 2868 esse

142 2886 294 2920 quidquam
315 2891 409 2921 utpote
429 2887 648 2924 objectizﬁraeci
668 2895 734 2916 vero
764 2894 826 2916 esse
837 2887 932 2917 .vide-

989 1635 1032 1662 διὰ
1049 1636 1079 1662 τδ
1093 1637 1182 1671 γένος,
1209 1632 1364 1669 ἐξέλκουσιν
1386 1638 1500 1669 ἑαυτοὺς
1529 1638 1579 1672 τῆς
1602 1638 1784 1672 θεογνωσέας,

989 1683 1037 1708 καὶ
1062 1683 1110 1718 οὐχ
1153 1682 1294 1718 αἱροῦνται
1332 1683 1387 1709 τῶν
1425 1684 1566 1719 παρόντων
1587 1687 1784 1721 καταφρονεῖν.

1028 1736 1038 1752 ι
1059 1727 1140 1754 Ἀλλὰ
1163 1727 1197 1753 τὰ
1220 1728 1301 1763 μωρὰ
1321 1728 1367 1754 τοῦ
1390 1728 1504 1763 κόσμον.
1523 1737 1533 1754 ο
1562 1729 1616 1755 Καὶ
1644 1730 1786 1765 πανταχοῦ

989 1773 1024 1800 τὰ
1052 1773 1207 1809 ἁποῧόλιμσ.
1231 1774 1279 1800 καὶ
1316 1774 1350 1800 τὶ
1381 1774 1480 1808 εὐτελῆ
1511 1775 1711 1809 προσελάϐετο,
1741 1777 1787 1804 ἵνα

988 1819 1052 1850 τοὺς
1077 1819 1207 1851 δυνατοὺς
1227 1820 1359 1852 ἀπίστους
1386 1820 1565 1857 καταισχύνῃ.
1596 1821 1716 1848 Ἀκούων
1744 1823 1786 1855 δέ,

992 1875 1001 1891 ι
1018 1865 1184 1898 Ἐξελένξατο,
1198 1875 1207 1891 ι
1227 1865 1264 1901 μὴ
1283 1865 1363 1892 τοῦτο
1379 1867 1595 1902 ὐποπτεύσῃςὸτι
1612 1867 1692 1902 ἔργον
1703 1868 1786 1905 ἔσχεν

991 1912 1005 1938 ὁ
1021 1912 1097 1943 Θεὸς,
1111 1912 1173 1942 τοὺς
1190 1912 1239 1946 μὲν
1253 1913 1377 1947 πτωχοὺς
1400 1911 1502 1945 λαϐεῖν,
1527 1914 1587 1946 τοὺς
1605 1914 1633 1941 δὲ
1651 1915 1786 1947 δυνάστας

989 1958 1163 1989 ἀπώσασθαι,
1189 1958 1249 1987 ἀλλ’
1262 1958 1303 1985 ὃτι
1318 1958 1343 1985 οἱ
1366 1959 1487 1991 εὐτελεῖς
1504 1961 1696 1996 προσέδραμον
1712 1963 1785 1998 μᾶλ-

989 2004 1035 2031 λον
1056 2005 1090 2040 τῇ
1105 2004 1206 2032 πίστει.
1230 2005 1262 2031 Ol
1279 2005 1308 2031 δὲ
1333 2006 1362 2031 ὲν
1376 2005 1551 2037 δυναστείαις
1571 2007 1647 2039 ὅντες
1667 2009 1714 2034 καὶ
1737 2018 1784 2036 σο-

991 2051 1056 2086 φίᾳ,
1088 2052 1201 2083 ἑαυτοὺς
1231 2051 1443 2086 ἀπεσχοένισαν,
1471 2053 1678 2086 ἀπαξιώσαντες
1707 2056 1785 2090 παρὰ

992 2097 1105 2124 ίδιωτῶν
1126 2097 1232 2133 μαθεῖν,
1252 2097 1290 2128 ὡς
1309 2098 1323 2124 ὃ
1338 2106 1370 2132 γε
1383 2098 1448 2130 θεὸς
1465 2099 1569 2131 πάντας
1585 2100 1664 2135 ῆϐελε
1685 2101 1782 2129 σῶσαι.

993 2153 1002 2169 ι
1021 2144 1078 2170 ’Ίνα
1088 2144 1151 2175 τοὺς
1162 2144 1262 2178 σοφοὺς
1271 2144 1452 2180 καταισχύνῃ.
1468 2154 1530 2171 »-ι
1545 2154 1716 2184 καταισχύνῃ
1732 2157 1741 2174 ι
1755 2149 1784 2176 δὲ

990 2189 1128 2225 πανταχοῦ
1160 2189 1280 2222 ἁκούων,
1310 2190 1374 2226 περὶ
1407 2190 1520 2217 ἐκείνων
1543 2191 1598 2218 νόει
1625 2193 1679 2220 τῶν
1692 2195 1783 2230 οἰκείᾳ

955 2257 977 2285 D
991 2236 1072 2272 σοφία
1080 2236 1127 2263 καὶ
1139 2236 1247 2271 πλούτῳ
1260 2235 1441 2270 πεποιθότων,
1455 2238 1502 2264 καὶ
1513 2237 1550 2274 μὴ
1564 2240 1780 2268 πιστευσάντων.

989 2283 1064 2319 Αὕτη
1095 2283 1150 2319 γὰρ
1165 2283 1226 2318 νίκη
1259 2284 1374 2320 μεγίστη
1400 2285 1447 2311 τοῦ
1472 2285 1603 2320 Χριστοῦ,
1624 2286 1654 2313 τὸ
1672 2287 1716 2313 διὰ
1728 2288 1782 2314 τῶν

990 2329 1101 2365 μωρῶν,
1119 2329 1178 2364 ἦτοι
1195 2329 1320 2361 ἰδιωτῶν,
1335 2331 1446 2364 νικῆσαι
1459 2330 1523 2362 τοὺς
1536 2332 1635 2365 σοφοὺς
1652 2333 1699 2359 καὶ
1714 2341 1781 2359 κατ-

988 2376 1125 2412 αισχῦναι.
1153 2376 1277 2411 Μεγίστη
1303 2376 1358 2412 γὰρ
1381 2377 1436 2403 τῶν
1468 2377 1558 2412 σοφῶν
1574 2378 1690 2414 αἰσχύνη
1705 2381 1781 2414 παρὰ

990 2422 1102 2449 ἰδιωτῶν
1128 2421 1273 2457 ἡττᾶσθαι,
1301 2422 1348 2448 καὶ
1379 2423 1494 2459 μεγίστη
1521 2425 1584 2460 νίκη
1602 2425 1732 2460 Χριστοῦ.
1752 2428 1781 2453 ὲν

990 2469 1092 2503 μωροῖς
1119 2468 1198 2503 νικᾷν
1220 2467 1283 2500 τοὺς
1309 2468 1420 2502 σοφούς.
1450 2470 1514 2496 (Τὰ
1545 2471 1655 2507 ἰσχυρά,
1676 2482 1686 2498 ι
1712 2473 1782 2504 Τοὺς

990 2515 1062 2550 μέγα
1088 2514 1252 2549 φρονοῦντας
1278 2515 1325 2540 ἐπὶ
1348 2515 1463 2550 δυνάμει
1491 2516 1538 2542 καὶ
1566 2517 1684 2552 πλούτῳ.
1705 2518 1781 2544 «Καὶ

988 2560 1022 2587 τὰ
1036 2560 1074 2595 μὴ
1086 2560 1161 2587 ὄντα.
1175 2569 1184 2586 ι
1207 2560 1252 2595 Μὴ
1270 2560 1334 2586 ὂντα
1350 2561 1438 2593 καλεῖ,
1455 2561 1518 2593 τοὺς
1535 2563 1604 2597 μηδὲ
1619 2561 1688 2590 εἶναι
1704 2573 1780 2598 νομι-

988 2605 1129 2640 ζομένους,
1151 2605 1196 2633 διὰ
1218 2605 1268 2641 τὴν
1284 2606 1385 2641 πολλὴν
1398 2607 1548 2635 εὐτέλειαν.
1573 2617 1581 2634 ι
1597 2609 1655 2635 Ἵνα
1667 2610 1700 2636 τὰ
1715 2611 1780 2637 ὄντα

988 2653 1162 2688 καταργήσῃ.
1175 2662 1184 2678 ι
1207 2653 1312 2686 Πάντα,
1348 2653 1444 2688 φησὶν,
1470 2655 1599 2689 εποίησεν
1617 2657 1630 2682 ὀ
1645 2657 1722 2688 Θεὸς,
1737 2657 1780 2682 ἵνα

987 2699 1080 2736 παύσῃ
1104 2699 1203 2731 αὐτοὺς
1225 2700 1274 2735 τῆς
1300 2700 1462 2733 ἀλαζονείας
1479 2722 1486 2735 ,
1512 2703 1560 2729 καὶ
1585 2703 1632 2729 τοῦ
1657 2704 1779 2739 νομίζειν

987 2746 1101 2777 ἑαυτοὺς
1128 2744 1248 2777 εἶναίτι,
1265 2747 1312 2772 καὶ
1339 2747 1417 2782 ὑμεῖς
1438 2747 1479 2774 ἑτι
1506 2748 1715 2782 ἁλαζονεύεσθε,
1729 2750 1778 2777 καὶ

987 2794 1111 2828 φρονεῖτε
1137 2792 1219 2828 μέγα.
1239 2801 1248 2818 ι
1262 2792 1307 2828 Μὴ
1319 2792 1394 2821 ὄντα.
1408 2803 1417 2820 ι
1430 2795 1476 2830 Μὴ
1489 2793 1562 2822 εἷναί
1575 2804 1601 2823 τι
1611 2796 1698 2823 ἐδόκει
1715 2797 1779 2827 τοὺς

987 2839 1156 2870 ἀποστόλους
1186 2838 1225 2870 ὡς
1267 2839 1399 2872 εὐτελεῖς.
1435 2842 1520 2868 Ὄντα
1538 2842 1567 2869 δὲ
1601 2843 1689 2870 ἐδόκει
1714 2843 1778 2873 τοὺς

989 2884 1136 2920 Ἕλληνας,
1161 2883 1201 2916 ὡς
1224 2884 1367 2920 οἰομένους
1405 2883 1476 2914 εἶναὲ
1499 2896 1546 2922 τι,
1574 2888 1611 2924 μὴ
1631 2889 1708 2921 ὄντας
1734 2889 1774 2916 δέ.
