1880 3057
97 121 150 151 ιςθι

562 121 755 152 connexa
776 120 818 151 Ix
836 119 989 152 EPISTJ
1011 97 1058 151 ιξι)
1080 120 1258 152 comam.
1311 139 1312 142 η

1672 126 1726 158 662

97 177 225 208 τελείοις.
245 185 255 203 ι
276 176 423 204 τουτέστιν
447 176 475 202 ὲν
496 176 553 208 τοῖς
568 177 694 209 πιστοῖς·
708 177 806 204 ἐκεῖνοι
834 177 889 212 γὰρ
904 180 925 209 Α
941 177 1036 204 fectus.
1056 186 1065 202 ›
1086 177 1102 203 ll

956 182 1036 204 actos.
1056 186 1065 202 ›
1086 177 1143 203 lloc
1165 181 1216 208 est,
1235 176 1307 203 inter
1321 176 1434 204 fideles:
1461 185 1523 205 nam
1539 179 1576 207 illi
1590 180 1728 216 sapientes

95 224 175 257 σοφοὶ
195 223 244 250 καὶ
258 223 366 255 τέλειοι,
381 223 405 249 οι
427 222 461 249 τὰ
479 222 637 258 ἀνθρώπινα
652 223 825 259 ὑπεριδόντες
850 224 888 255 ὡς

95 270 211 306 ἀσθενῆ,
235 270 284 297 καὶ
306 270 366 304 Θεῷ
393 269 508 302 ἑαυτοὺς
535 270 726 301 ὲκδεδωκότες.
749 279 758 296 ι
781 270 819 296 Οὐ
842 269 888 296 τοῦ

95 317 196 348 αξῶνος
210 317 317 344 τούτου.
336 326 345 342 ›
359 316 460 348 Altinio;
475 316 570 343 τούτου
583 317 667 354 λέγει,
683 316 726 344 διὰ
741 316 770 343 τὸ
783 318 890 344 ἐπίκαι-

96 371 143 396 ρον
164 361 267 393 αὐτῶν,
293 362 340 388 καὶ
368 361 447 397 μέχρι
471 361 518 388 τοῦ
533 362 630 393 αἰῶνος
649 362 744 389 τούτου
764 363 889 393 ἑστάναι.

95 408 145 435 καὶ
157 409 197 443 μὴ
205 409 327 442 προϊέναι
338 408 411 438 εἰςτὺ
423 407 528 443 μέλλον.
540 418 549 434 ι
562 409 621 434 Τῶν
631 410 888 444 καταργουμένων.»

97 455 153 480 Καὶ
172 454 228 489 γὰρ
245 453 445 489 καταργοῦνται
462 454 509 481 καὶ
524 456 712 489 συμπαῠονται
724 455 763 490 τῷ
778 456 891 491 παρόντι

97 500 161 534 βίῳ,
177 501 235 527 ἀλλ’
251 501 299 536 οὐχ
313 502 337 528 οἱ
352 501 460 534 δίκαιοι,
480 501 548 528 ἀλλὰ
563 502 621 536 τότε
636 503 737 536 μᾶλλον
750 503 766 537 ἢ
787 502 834 529 νῦν
846 503 892 529 άν-

97 545 204 573 ουῦσιν.
225 546 375 581 Ἄρχοντες
398 547 426 574 δὲ
446 548 532 580 καλεῖ,
547 549 734 583 αξνιττὸμενος
747 549 811 580 τοὺς
826 549 892 584 παρ’

98 593 194 624 αὐτοῖς
222 593 398 627 φιλοσόφους,
423 593 620 628 λογογράφους,
642 595 769 630 ῥήτορας,
794 594 819 622 οἳ
845 595 892 622 καὶ

97 638 264 672 δημαγωγοὶ
288 639 417 672 ἐγίνοντο.
437 648 446 665 ι
463 639 508 666 Ἐν
532 633 714 675 μυστηρξῳ,’»
732 641 892 675 Μυστήριον

99 683 190 716 καλεῖ,
204 683 235 710 τὸ
253 684 322 710 κατὰ
337 684 454 718 Χριστὸν
468 685 610 719 κήρυγμα,
626 686 665 711 ὃτι
686 685 798 720 οὐδεμία
812 685 890 712 δύνα·

100 738 148 764 μις
159 729 284 764 οὐρανία,
293 730 422 764 ᾔδειαὺτὸ
434 731 486 765 πρὸ
493 730 539 757 τοῦ
549 731 685 764 γενέσθαι,
699 733 746 758 καὶ
758 732 810 763 ὅτι,
825 732 893 758 ἄλλα

98 776 228 810 ὁρῶντες,
237 776 305 803 ἄλλα
313 776 484 811 πιστεύομεν.
492 777 607 811 Χριστον
614 777 695 812 ὁρῶν,
702 777 894 812 ὡςφιλάνϐρω-

99 829 152 848 ’κον
159 822 241 848 σέϐω⁸
250 822 342 849 δοῦλον
350 822 479 856 γεγονότα
486 822 604 854 ἀκούων,
613 823 662 858 τῆς
675 823 837 858 κηδεμονίας
847 824 894 850 αὑ-

940 230 971 250 ac
996 222 1109 257 perfecti
1131 227 1206 255 sunt,
1228 222 1275 257 qui
1295 223 1411 251 humana
1434 228 1562 259 tanquam
1580 226 1728 256 imbecillia

940 267 1136 303 despexerunt,
1150 275 1183 295 ac
1198 275 1257 295 sese
1271 268 1327 294 Deo
1338 268 1521 297 tradiderunt.
1539 280 1547 296 ι
1561 271 1621 298 Non
1635 272 1726 299 saeculi

940 314 1034 350 hujus.
1053 323 1062 340 ι
1080 314 1177 342 Smculi
1196 314 1278 350 hujus
1294 314 1485 351 dicitpropter
1501 318 1727 352 temporalitatem

942 361 1074 396 ipsorum,
1096 360 1169 395 quod
1184 369 1237 388 una
1258 369 1320 389 eum
1342 363 1395 390 hoc
1409 363 1508 390 saeculo
1523 364 1681 398 persistant,
1701 369 1744 392 at'

940 415 996 435 non
1014 407 1164 442 procedant
1179 407 1212 434 ad
1231 407 1362 435 futurum.
1382 417 1392 434 ι
1410 408 1461 442 Qui
1478 408 1634 438 abolentur.
1654 419 1664 436 ι
1684 410 1728 438 Si-

941 453 1053 489 quidem
1072 457 1180 481 cessant
1194 462 1246 481 una
1263 461 1325 482 cum
1340 455 1466 489 praesenti
1485 455 1550 482 vita.
1569 455 1603 482 At
1617 463 1671 483 non
1691 457 1728 484 ita

939 499 1006 535 justi
1021 508 1028 527 :
1055 500 1122 535 quin
1144 499 1235 534 potius
1254 499 1353 527 ﬂorent
1369 505 1434 528 tunc
1444 501 1530 537 magis
1548 509 1629 536 quam
1644 510 1727 530 nunc.

942 545 1084 581 Principes
1095 551 1187 574 autem
1203 551 1283 573 vocat
1295 555 1301 574 :
1311 546 1381 574 clam
1395 547 1542 582 designans
1553 548 1732 584 philosophos

943 591 989 627 qui
1010 592 1082 627 apud
1100 600 1149 620 eos
1170 597 1259 624 erant,
1288 593 1521 628 historiographos
1544 601 1576 621 ac
1594 594 1726 627 rhetores,

943 639 989 672 qui
1007 638 1090 666 etiam
1110 638 1269 673 reipublicae
1293 638 1529 666 administratores
1552 639 1616 667 facti
1639 644 1728 668 erant.

947 692 956 708 ι
974 683 1003 710 In
1016 684 1153 719 mysterio.
1171 694 1180 710 ι
1199 684 1357 720 Mysterium
1371 689 1450 712 vocat
1461 685 1681 720 praedicationem
1695 686 1729 714 de

943 729 1064 761 Christo,
1093 731 1157 765 quia
1179 738 1269 765 neque
1295 731 1348 758 ulla
1369 731 1488 759 caelestis
1510 732 1598 759 virtus
1615 736 1729 760 noverat

944 775 1011 802 illud
1028 775 1186 811 priusquam
1205 775 1291 808 ﬁeret,
1306 779 1335 803 et
1347 776 1410 812 quia
1424 777 1475 803 alia
1495 777 1620 804 videmus
1636 782 1663 805 et
1675 777 1728 804 alia

944 822 1094 850 credimus.
1107 823 1247 850 Christum
1267 823 1374 855 videns,
1396 828 1525 857 tanquam
1544 823 1690 858 benignum
1702 827 1731 850 et

99 867 147 894 τὸν
158 868 331 902 προσκυνῶ(
341 869 396 904 Τὴν
409 869 669 904 ἀποκεκρυμμένην.
686 879 695 896 ι
711 871 771 897 Ἔτι
784 871 894 905 γὰρκαὶ
910 860 929 886 Β
945 867 1094 893 humanum

956 875 1094 893 iumanum
1110 867 1170 894 colo
1185 876 1192 894 :
1213 875 1321 895 servum
1334 867 1602 900 audienseﬂ‘ectum,
1620 867 1655 894 ob
1671 867 1730 895 dis-

99 913 148 939 νῦν
175 913 337 947 κέκρυπται,
351 915 407 946 τοῖς
427 915 476 950 μὲν
491 915 616 947 ἀπίστοις
639 916 685 942 καὶ
713 917 824 952 σφόδρα,
839 918 895 948 τοῖς

100 956 128 982 δὲ
143 958 261 990 πιστοξ,
276 958 306 983 οὐ
325 957 437 993 σφόδρα.
459 967 468 983 ι
488 959 540 984 Ἢν
561 959 713 995 προώρισεν
727 960 826 991 ὸΘεός.
845 961 895 987 Ἦν

101 1000 201 1033 σοφίαν
216 1001 368 1035 προώρισεν
394 1002 407 1028 ὁ
427 1002 531 1036 Πατὴρ,
561 1003 637 1038 φησὶ,
658 1005 708 1038 τὴν
730 1004 794 1039 περὶ
819 1005 894 1039 ἡμᾶς

101 1046 267 1080 κηδεμονίαν
277 1046 490 1082 ἐνδεικνύμενος,
505 1048 548 1074 ἴνα
560 1049 633 1083 ἡμᾶς
644 1050 677 1076 δι’
690 1051 773 1086 αὐτῆς
782 1051 892 1086 δοξάσῃ.

101 1092 138 1117 Τὸ
152 1091 194 1123 δὲ,
212 1101 221 1117 ι
238 1092 294 1128 Πρὸ
303 1092 355 1119 τῶν
369 1093 484 1127 αἰώνων,
499 1103 508 1120 ι
528 1094 612 1129 δηλοῖ,
630 1096 764 1123 συναῖδιον
774 1097 839 1132 πρὸς
851 1097 895 1123 τὸν

103 1137 224 1172 Πατέρα.
253 1148 261 1163 ι
283 1139 334 1165 Ἦν
361 1139 448 1170 οὐδεὶς
476 1140 531 1166 τῶν
557 1141 708 1176 ἀρχόντων.
728 1151 736 1167 ι
757 1142 815 1168 Ἐνι
846 1143 896 1177 μὲν

102 1182 199 1215 vei-par.
224 1183 312 1215 τοῦτο,
331 1184 378 1211 καὶ
400 1185 465 1218 περὶ
489 1185 534 1211 τοῦ
561 1186 677 1213 Πιλάτου
698 1187 744 1213 καὶ
766 1187 894 1222 Ἡρώδου.

103 1228 219 1261 ἠγνόουν
235 1230 298 1264 γάρ.
315 1230 375 1256 Ἔτι
401 1230 429 1256 δὲ
455 1231 502 1258 καὶ
519 1232 583 1267 περὶ
600 1232 655 1259 τῶν
679 1233 832 1269 ἀρχιερέων
849 1235 896 1261 καὶ

104 1274 303 1308 γραμματέων,
336 1276 433 1308 οἵτινες
450 1277 565 1312 ἠγνόουν
588 1277 637 1313 τὴν
654 1279 697 1305 διὰ
711 1278 758 1305 τοῦ
774 1279 890 1315 σταυροῦ

105 1319 151 1344 τοῦ
167 1319 284 1353 Χριστοῦ
306 1321 352 1348 καὶ
368 1321 414 1348 τοῦ
429 1322 545 1350 Θανάτου
562 1324 710 1359 γινομένην
722 1325 889 1361 οἰκονομίαν,

108 1364 181 1391 Ἀνω
197 1365 225 1391 δὲ
251 1367 335 1392 εἰπὼν
355 1367 485 1402 ἄρχοντας
509 1368 555 1395 τοῦ
581 1369 678 1402 αιῶνος
699 1370 794 1398 τούτου
828 1372 892 1404 τοὺς

105 1410 158 1435 τῶν
182 1410 314 1446 Ἑλλήνων
327 1414 433 1447 σοφοὺς,
451 1413 497 1440 νῦν
514 1414 587 1448 λέγει
598 1416 660 1447 τοὺς
674 1416 728 1442 τῶν
747 1416 889 1445 Ἰουδαίων.

943 915 1132 948 pensationem
1156 921 1219 940 eum
1244 913 1340 941 adoro.
1369 923 1378 939 ι
1397 913 1462 947 Quae
1483 913 1624 941 recondita
1651 917 1701 941 est.
1716 922 1726 938 ι

943 958 1010 986 Nam
1027 962 1054 985 et
1065 959 1117 985 hoc
1132 967 1241 994 quoque
1254 963 1378 994 tempore
1393 958 1498 986 occulta
1515 963 1567 990 est,
1582 958 1729 985 incredulis

943 1004 1054 1039 quidem
1074 1004 1262 1036 vehementer,
1284 1004 1460 1032 credentibus
1487 1012 1553 1032 vero
1571 1012 1625 1031 non
1650 1005 1728 1032 adeo.

947 1061 956 1076 ι
976 1051 1062 1084 Quam
1083 1051 1230 1086 prmiinivit
1247 1051 1330 1078 Deus.
1353 1061 1361 1077 ι
1381 1051 1556 1086 Quanquam,
1569 1050 1668 1085 inquit,
1684 1058 1725 1078 sa-

943 1097 1073 1131 pientiam
1094 1097 1239 1132 praelinivit
1262 1097 1353 1129 Pater,
1378 1097 1526 1124 ostendens
1551 1097 1728 1132 gubernatio-

943 1150 1017 1174 nem,
1047 1150 1128 1178 quam
1153 1143 1225 1170 circa
1251 1151 1300 1170 nos
1325 1143 1430 1175 habuit,
1450 1147 1479 1170 ut
1500 1150 1550 1178 per
1572 1143 1658 1178 ipsam
1679 1150 1730 1169 nos

942 1188 1117 1224 gloriﬁcaret.
1145 1188 1222 1222 Quod
1251 1193 1343 1215 autem
1367 1189 1404 1216 ait
1424 1197 1432 1216 :
1459 1198 1468 1214 ι
1485 1189 1554 1216 Ante
1578 1187 1675 1216 saecula
1690 1207 1697 1219 ,
1717 1196 1725 1213 I

943 1234 1079 1270 signiﬁcat
1092 1235 1307 1262 coaeternitatem
1327 1242 1389 1262 cum
1408 1235 1497 1262 Patre.
1521 1243 1530 1260 ι
1549 1234 1635 1267 Quam
1650 1241 1729 1260 nemo

942 1281 1107 1315 principum.
1126 1291 1135 1307 ι
1156 1282 1248 1308 Potest
1259 1280 1371 1316 quidem
1392 1280 1445 1308 hnc
1463 1280 1577 1316 intelligi
1595 1280 1678 1307 etiam
1695 1279 1729 1306 de

943 1325 1030 1353 Pilato
1047 1330 1074 1353 et
1089 1325 1194 1353 Herode
1210 1334 1216 1352 :
1236 1333 1296 1352 nam
1313 1325 1474 1360 ignorabant
1489 1324 1660 1359 sapientiam.
1678 1324 1729 1351 Po-

945 1376 996 1399 test
1020 1375 1048 1399 et
1071 1372 1105 1399 de
1134 1371 1310 1406 pontiﬁcibus
1325 1379 1357 1399 ac
1380 1371 1479 1399 scribis
1501 1371 1547 1406 qui
1568 1370 1730 1406 ignorabant

944 1417 1044 1446 factam
1058 1425 1106 1452 per
1121 1417 1225 1446 Christi
1237 1426 1346 1445 crucem
1366 1422 1394 1445 et
1415 1422 1530 1445 mortem
1547 1417 1730 1452 dispensatio-

106 1464 179 1484 nem.
199 1457 279 1493 533
295 1457 362 1485 Cum
376 1464 467 1487 autem
489 1460 566 1495 prius
581 1463 744 1497 appellasset
755 1463 894 1499 principes
912 1465 1005 1492 saeculi
1026 1465 1108 1500 hujus
1129 1464 1266 1500 sapientes
1300 1464 1468 1496 Graecorum,
1488 1471 1561 1491 nunc
1594 1463 1661 1491 dicit
1685 1470 1729 1490 sa-

107 1503 214 1538 pientes
234 1503 402 1532 Judzeorum.

142 1550 178 1577 Ei
192 1551 245 1585 γὰρ
258 1551 405 1586 ἔγνωσαν,
420 1554 476 1580 οὐκ
487 1553 525 1580 ἂν
541 1553 594 1581 τὸν
603 1555 712 1589 Κύριον
729 1555 783 1590 τῆς
801 1555 892 1590 δόξης
905 1559 927 1587 C
975 1555 1009 1588 ll,
1027 1555 1053 1588 8,
1066 1556 1092 1583 9.

975 1555 1009 1588 ll,
1027 1555 1053 1588 8,
1066 1556 1092 1583 9.
1104 1555 1173 1583 Nam
1185 1556 1207 1582 si
1218 1556 1404 1591 cognouissent,
1413 1564 1578 1591 nequaquam
1589 1555 1728 1583 Dominum

107 1596 309 1631 ἐσταύρωκανο
322 1598 411 1631 ἀλλὰ,
427 1600 521 1632 καθὼς
538 1600 708 1635 γέγραπται,
732 1602 765 1628 Ἀ
781 1602 893 1636 ὀφθαλ-

105 1643 162 1677 μὸς
178 1643 234 1669 οὐκ
257 1641 327 1675 εἶδε,
345 1645 392 1671 καὶ
413 1643 467 1677 οὖς
480 1646 536 1672 οὐκ
552 1646 676 1680 ἤκουσε,
691 1648 741 1674 καὶ
756 1647 805 1674 ἐπὶ
821 1655 893 1682 καρ-

108 1689 177 1716 δίαν
191 1689 348 1723 ἀνθρώπου
369 1692 425 1718 οὐκ
438 1691 540 1726 ἀνέϐη,
558 1691 577 1719 ἃ
601 1693 766 1728 ἡτοίμασεν
785 1695 801 1721 d
821 1694 892 1726 Θεὸς

108 1735 170 1768 τοῖς
185 1735 343 1769 ἀγαπῶσιν
359 1738 462 1765 αὐτόν,
806 1738 809 1742 ’

144 1782 253 1817 Ἐπειδὴ
271 1784 326 1815 τοῖς
342 1784 464 1819 ἀνοήτοις
487 1785 500 1811 ὁ
526 1786 641 1820 σταυρὸς
657 1786 749 1819 ἀδοξία
765 1786 833 1813 εἶναι
850 1787 892 1814 δο-

109 1828 160 1857 κεῖ,
178 1829 229 1863 δρα
242 1829 311 1863 πῶς,
325 1830 442 1865 Χριστοῦ
459 1831 597 1867 μνησθεὶς,
609 1833 709 1868 Κύριον
723 1834 803 1860 αὑτὸν
813 1833 891 1869 δόξης

109 1875 196 1906 καλεῖ,
214 1875 321 1907 δεικνὺς
338 1876 380 1903 ὅτι
404 1877 434 1902 οὗ
459 1877 540 1912 μόνον
563 1879 638 1905 οὐδὲν
653 1880 692 1910 εἰς
715 1879 792 1912 δόξαν
823 1889 891 1914 παρ-

110 1920 213 1955 εὸὶ.ἀ.6η
238 1922 269 1947 ἐκ
287 1923 333 1948 τοῦ
353 1923 469 1958 σταυροῦ
490 1925 536 1951 καὶ
553 1925 598 1952 τοῦ
611 1925 736 1956 θανάτου.
758 1926 824 1952 ἀλλὰ
846 1928 892 1954 καὶ

109 1967 209 2001 μᾶλλον
235 1969 280 1994 ἐπὶ.
299 1969 486 2006 φιλανθρωπίᾳ
509 1971 648 2006 ἐδοξάσθη.
664 1987 697 1993 —-
714 1973 814 2000 Ἄλλο.
832 1972 892 2008 [01-

107 2013 325 2049 ΚΟΥΜὶΞΝΙΟΥ]
344 2015 374 2041 Et
403 2015 453 2049 μὲν
480 2017 519 2048 τό,
551 2026 559 2042 ι
589 2017 648 2043 Τῶν
680 2017 816 2052 ἀρχόντων
843 2018 890 2044 τοῦ

110 2057 205 2087 -Ξῶνος
220 2057 314 2084 τούτου
333 2057 404 2094 δέξῃ,
425 2069 433 2084 ι
457 2060 494 2091 ὡς
509 2060 576 2096 πρὸς
589 2061 634 2088 τὸν
653 2062 775 2097 Ἡρώδην
790 2063 834 2090 καὶ
847 2063 891 2089 τὸν

107 2103 235 2133 Πιλᾶτον,
250 2103 438 2140 ἁπλουστέρως
449 2107 556 2140 νοήσεις
570 2107 600 2133 τὸ
611 2107 752 2141 ἑπόμενον.
764 2118 772 2133 ι
787 2109 815 2134 El
827 2109 889 2143 γὰρ,

107 2149 201 2182 φησὶν,
216 2148 347 2182 ἔγνωσαν,
362 2151 410 2177 οὐκ
425 2151 456 2178 ἂν
468 2152 514 2178 τὸν
526 2152 626 2188 Κύριον
642 2154 690 2188 τῆς
703 2154 781 2188 δόξης
792 2155 891 2182 ἐσταύ-

107 2203 210 2228 ρωσαν.
229 2204 238 2220 ι
254 2195 290 2222 Οὐ
315 2196 368 2230 γὰρ
384 2197 510 2224 τοσοῦτον
534 2198 718 2234 ἑμεμήνεσαν,
733 2199 830 2234 φθόνου
854 2201 891 2236 μὴ

941 1601 1033 1637 gloria:
1051 1602 1264 1635 cruciﬁxissent;
1285 1603 1340 1634 sed,
1362 1601 1581 1636 quemadmodum
1603 1602 1729 1636 scriptum

941 1651 979 1674 est
995 1655 1004 1674 :
1029 1647 1094 1680 Qum
1112 1647 1203 1674 oculus
1217 1655 1269 1674 non
1281 1647 1354 1680 vidit,
1368 1655 1414 1674 nec
1432 1648 1506 1675 auris
1520 1647 1629 1679 audivit,
1645 1655 1691 1674 nec
1702 1648 1728 1673 ἰίι

941 1701 986 1720 cor
1009 1693 1120 1720 hominis
1151 1693 1323 1721 ascenderunt
1341 1701 1401 1729 quae
1426 1694 1587 1729 prwparaeit
1606 1693 1674 1721 Deus
1687 1694 1728 1720 di-

943 1739 1082 1774 ligentibus
1097 1749 1135 1768 se.

977 1785 1111 1818 Quoniam
1127 1786 1274 1814 insensatis
1288 1794 1355 1814 crux
1367 1786 1516 1822 ignominia
1534 1794 1593 1815 esse
1607 1786 1727 1820 videtur,

942 1829 1005 1857 vide
1025 1830 1173 1864 quomodo,
1196 1831 1267 1858 facta
1291 1830 1393 1859 Christi
1421 1832 1570 1864 mentione,
1586 1831 1730 1860 Dominum

942 1875 1036 1909 glorim
1058 1875 1147 1910 ipsum
1174 1880 1273 1903 vocat:
1301 1875 1450 1903 ostendens
1471 1875 1544 1910 quod
1568 1883 1623 1903 non
1640 1876 1728 1903 solum

943 1920 1012 1947 nihil
1034 1921 1072 1947 illi
1088 1920 1121 1948 ad
1141 1920 1255 1956 gloriam
1271 1928 1338 1948 crux
1360 1925 1407 1948 aut
1427 1929 1501 1948 mors
1516 1921 1615 1953 obfuit,
1633 1929 1729 1947 verum

942 1967 1025 1995 etiam
1051 1967 1087 1994 ob
1116 1967 1314 1995 humanitatem
1345 1975 1394 1995 seu
1421 1967 1616 2002 benignitatem
1644 1967 1730 2001 magis

943 2012 1112 2048 gloriﬁcatus
1126 2018 1179 2040 est.
1194 2028 1227 2032 —
1242 2012 1333 2042 Aliud.
1346 2013 1373 2040 Si
1391 2013 1416 2040 id
1431 2013 1504 2048 quod
1516 2013 1554 2040 ait
1570 2022 1576 2039 :
1595 2022 1604 2038 ι
1624 2012 1730 2040 Princi-

943 2066 1008 2094 pum
1024 2059 1115 2086 saeculi
1132 2059 1224 2094 hujus,
1245 2069 1254 2085 ι
1273 2067 1324 2094 pro
1343 2059 1450 2087 Herode
1464 2064 1492 2087 et
1512 2059 1599 2086 Pilato
1616 2066 1730 2094 accepe—

944 2107 992 2138 ris,
1013 2106 1166 2141 simplicius
1182 2106 1317 2141 intelliges
1336 2105 1408 2140 quod
1425 2105 1569 2139 sequitur:
1593 2114 1601 2130 ι
1624 2104 1691 2132 Nam
1708 2103 1729 2131 si

943 2154 1146 2188 cognovissent,
1158 2161 1330 2188 nequaquam
1348 2153 1492 2180 Dominum
1508 2151 1602 2187 glorim
1622 2151 1731 2178 cruciﬁ-

944 2199 1070 2232 xissent;
1089 2209 1098 2225 ι
1125 2207 1214 2234 neque
1228 2199 1302 2226 enim
1328 2202 1402 2225 tanta
1418 2197 1490 2231 capti
1513 2201 1592 2223 erant
1613 2195 1728 2225 insania,

106 2241 298 2276 ὑποκειμένου.
319 2243 349 2269 Εἰ
367 2243 396 2269 δὲ
422 2244 488 2278 πρὸς
504 2245 566 2276 τοὺς
582 2247 719 2281 ἀρχιερεῖς
736 2247 782 2273 καὶ
800 2256 890 2282 γραμ-
908 2245 930 2274 D
944 2253 1006 2272 cum
1024 2252 1071 2274 eos
1082 2253 1102 2271 n‘

956 2253 1006 2272 tum
1024 2252 1071 2274 eos
1082 2252 1137 2271 non
1148 2248 1294 2278 occuparet
1308 2242 1421 2271 invidia.
1440 2242 1467 2271 Si
1480 2249 1543 2269 vero
1556 2249 1605 2276 pro
1619 2240 1734 2275 pontiﬁ-_

107 2288 203 2322 ματεῖ;
218 2287 342 2319 ἐκλάὸοις
364 2289 389 2315 οἳ
403 2289 499 2324 ⁴ᾔδεσαν
523 2290 604 2317 αὑτὸν
620 2291 682 2317 ὄντα
704 2291 749 2318 τὸν
776 2293 891 2328 Χριστὸν

107 2333 165 2364 (καὶ
181 2333 260 2367 δῆλον
277 2333 306 2366 ἐξ
322 2330 358 2361 ὧν
369 2333 460 2368 ἔλεγον
474 2336 498 2362 οἱ
516 2338 633 2372 γεωργοὶ
650 2337 697 2364 τοῦ
713 2337 873 2372 ἀμπελῶνος
883 2347 890 2356 ·

109 2389 118 2404 ‹
136 2379 222 2410 Οὑτός
239 2380 312 2407 ἐστιν
334 2382 347 2407 ὸ
374 2381 550 2418 κληρονόμος,
583 2384 658 2410 δεῦτε
688 2384 892 2419 ἀποκτείνωμεν

106 2425 199 2457 αὺτὸν,
215 2426 263 2452 καὶ
275 2428 288 2453 ὁ
303 2427 436 2462 ἀμπελῶν
451 2429 529 2463 ἡμῶν
542 2429 628 2462 ἔσται,
645 2440 654 2456 ι
671 2429 738 2457 ἀλλὰ
749 2430 787 2465 τῷ
803 2430 892 2466 φθόνῳ

107 2471 361 2507 ἀπετυφὶώθησαν),
386 2473 472 2505 οὕτως
496 2475 602 2508 νοήσεις
627 2475 658 2502 τὸ
683 2475 768 2508 κάτω,
789 2477 842 2508 ὅτι,
860 2476 893 2503 Εἰ

106 2516 240 2550 ἔγνωσαν,
257 2518 350 2553 φησὶν,
366 2519 407 2545 ὅτι
420 2520 537 2555 τοσαύτη
550 2520 625 2547 ἕσται
635 2523 689 2553 τοῖς
701 2522 788 2549 ἔθνεσι
804 2531 892 2558 σωτη⁴

107 2564 152 2597 pia
162 2564 195 2590 ὲκ
211 2564 257 2590 τοῦ
273 2565 400 2599 σταυροῦ,
419 2566 473 2593 οὐδ’
488 2567 521 2593 ἂν
535 2565 616 2602 ἦλθον
628 2568 666 2598 εἰς
676 2568 707 2594 τὸ
723 2568 889 2604 σταυρῶσαι,

106 2609 271 2644 ὲκτήκεσοαι
289 2610 389 2645 μᾶλλον
407 2612 438 2638 ὲκ
453 2611 499 2639 τοῦ
515 2612 612 2647 φθόνου
634 2613 800 2648 αἱρούμενοι,
815 2613 831 2647 ἦ
850 2614 892 2640 ἵνα

107 2655 180 2690 σωθῇ
196 2655 230 2682 τὰ
247 2655 311 2691 ἔθνη
328 2657 374 2683 καὶ
392 2657 494 2693 ἐκϐάλῃ
509 2659 618 2691 αὐτοὺς,
643 2659 690 2685 καὶ
708 2659 890 2694 ἀντικαταστῇ

107 2701 146 2731 εἰς
159 2701 206 2727 τὸν
219 2701 300 2728 τόπον
323 2702 423 2730 αὐτῶν.
438 2719 473 2724 -
489 2704 588 2731 Ἄλλο.
615 2703 732 2740 [ΙΩΑΝ]
750 2703 891 2738 Εὑκαὶρως

107 2745 210 2782 Κύριον
225 2746 304 2782 δόξης
316 2747 454 2776 ἐκάλεσεν.
472 2749 580 2785 Ἐπειδὴ
591 2750 644 2785 γὰρ
660 2751 674 2777 ὁ
695 2750 812 2784 σταυρὺς
830 2749 891 2776 ἀδο-

148 2837 169 2851 ¹¹
187 2835 282 2864 Mazth.
301 2845 357 2870 χχι,
376 2838 420 2865 58.

943 2290 1023 2318 cibus
1038 2295 1065 2317 et
1079 2289 1223 2324 pliarisaeis
1236 2288 1376 2323 acceperis
1388 2308 1394 2320 ,
1420 2287 1467 2322 qui
1489 2291 1622 2314 noverant
1640 2286 1729 2320 ipsum

943 2344 1003 2364 esse
1025 2335 1165 2363 Christum
1191 2335 1284 2370 (idque
1301 2341 1335 2361 ex
1357 2342 1390 2362 eo
1412 2333 1586 2360 manifestum
1600 2338 1641 2360 est
1656 2332 1729 2367 quod

946 2382 1075 2410 dicebant
1088 2381 1207 2408 cultores
1222 2381 1324 2408 vineae:
1338 2389 1347 2406 ι
1361 2379 1411 2407 Hic
1423 2384 1465 2406 cst
1475 2379 1571 2411 haeres,
1586 2378 1668 2414 agite,
1684 2386 1717 2404 oc

946 2428 1069 2456 cidamus
1083 2431 1192 2458 eum,et
1205 2426 1286 2454 vinea
1299 2426 1352 2453 erit
1365 2429 1457 2452 nostra
1472 2425 1492 2440 “
1508 2433 1515 2457 ;
1537 2434 1546 2451 ι
1562 2423 1614 2451 Sed
1628 2423 1730 2450 invidia

946 2473 1074 2501 excaicati
1085 2473 1172 2507 sunt),
1186 2477 1250 2500 tunc
1265 2471 1338 2507 quod
1353 2471 1466 2499 inferius
1478 2470 1588 2499 additur
1600 2470 1639 2497 sic
1651 2469 1732 2497 intel-

945 2521 1011 2556 liges
1027 2530 1032 2547 :
1047 2519 1074 2547 Si
1089 2519 1282 2555 cognovissent
1296 2518 1367 2554 quod
1384 2526 1399 2546 a
1416 2526 1498 2546 cruce
1515 2523 1588 2545 tanta
1605 2516 1730 2552 gentibus

943 2566 1034 2594 futura
1059 2565 1142 2597 salus,
1163 2571 1334 2598 nequaquam
1362 2562 1396 2590 ad
1418 2562 1471 2589 hoc
1488 2562 1675 2596 pervenissent
1701 2563 1731 2586 ut

944 2619 1007 2639 eum
1018 2611 1213 2646 cruciﬁgerent
1226 2618 1232 2636 :
1245 2609 1377 2644 eligentes
1387 2609 1477 2643 potius
1489 2607 1590 2634 invidia
1607 2606 1730 2633 tabesce-

945 2664 986 2689 re,
1011 2663 1094 2691 quam
1110 2660 1140 2682 ut
1157 2659 1251 2690 gentes
1268 2654 1348 2682 salvae
1366 2653 1472 2684 ﬁerent.
1495 2657 1523 2679 et
1547 2651 1613 2687 ipsis
1636 2649 1730 2685 ejectis

945 2703 998 2730 illae
1010 2710 1105 2729 eorum
1119 2702 1179 2729 loco
1191 2698 1560 2729 substituerentur.-—Aliud.
1572 2696 1730 2731 Opportune

948 2748 1092 2776 Dominum
1115 2747 1208 2783 gloriae
1234 2745 1389 2782 appellavit.
1417 2745 1483 2772 Nam
1512 2743 1639 2778 quoniam
1664 2748 1731 2768 crux
