1880 3057
67 157 119 188 665

549 153 743 186 COMMEXT.
758 154 799 184 IN
818 154 937 186 El‘lST.
954 155 963 184 l
989 155 1037 186 AD
1062 155 1244 186 CORINTH.

1647 158 1702 190 666

68 210 196 242 σιάλους,
213 209 295 244 ἡμεῖς
310 208 339 235 δὲ
352 207 382 235 τδ
399 207 513 244 Πνεῦμα
535 209 564 235 τὸ
585 209 673 241 ἅγιον.
693 219 702 234 ι
730 209 800 235 Ἀλλ’
829 210 848 234 ὲ·

947 218 1000 237 are.
1017 210 1059 238 lili
1069 211 1206 246 siquidem
1217 212 1358 239 Platonem
1368 211 1588 248 achthagoram
1599 212 1704 240 habent

66 256 201 286 διδακτοῖς
210 253 369 288 Πνεύματος
375 254 466 288 ἀγίου.
473 254 591 280 »Οὐκοῦν
597 254 716 289 οὐδαμοῦ
725 264 739 289 χ
745 255 803 288 ρεία
809 254 860 289 τῆς

67 300 239 337 ἀνθρωπίνης
250 300 356 334 σοφίας.
371 299 440 326 Ὂλα
448 299 501 335 γὰρ
513 300 695 334 πνευματικά.
710 309 720 325 σ
735 300 859 334 Πνευμα-

65 349 152 379 τικοῖς
165 346 337 381 πνευματικὰ
348 347 565 380 συγκρίνοντες.)
583 345 667 372 Τοῦτο
683 347 768 380 λέγει,
782 348 858 379 ὅταν,

68 393 164 428 φησὶν,
181 392 310 428 ἀνακύψῃ
324 391 436 427 ζήτημα
468 392 664 427 πνευματικὸν,
689 392 744 418 ἀπὸ
771 400 860 427 παρα-

68 440 227 474 δειγμάτων
257 438 452 474 πνευματικῶν
474 438 526 470 τὰς
554 438 715 472 συγκρίσεις
741 437 788 464 καὶ
809 437 860 468 τὰς

69 485 209 516 ἐπιλύσεις
227 485 379 518 ὲπάγομεν,
404 481 479 510 οἷον·
506 485 530 510 εί
552 483 652 519 ἀνέστη
680 484 830 518 τριήμερος
846 484 860 509 ὁ

68 531 196 567 Χριστὸς,
221 531 253 556 ὲκ
266 529 315 556 τοῦ
336 530 416 556 Ἰωνᾶ
436 529 486 561 τὰς
501 529 653 561 ἀποδείξεις
677 529 795 564 παράγω
811 527 860 554 καὶ

69 578 117 613 τὴν
133 575 336 612 μαρτυρίανιεί
353 574 482 610 ἐγέννησε
510 574 647 610 παρθένος
673 575 720 600 τὸν
745 573 858 609 Κύριον,

71 623 101 649 ἑκ
113 622 167 649 τῶν
180 621 295 657 στειρῶν
308 622 409 656 ’Δννης
428 620 477 647 καὶ
497 620 637 648 Ἐλισάσετ
649 620 667 655 ἡ
686 619 822 651 ὲπίλυσις.

107 760 242 794 Ψυχικὸς
253 758 287 785 δὲ
300 758 466 792 ἄνθρωπος,
479 759 515 785 οὐ
529 758 646 792 δέχεται
655 758 691 784 τὰ
702 758 755 785 τοῦ
766 758 861 785 Πνεῦ-

71 816 166 841 ματος
193 806 246 832 τοῦ
265 805 339 832 Θεοῦ
355 813 361 820 ’
376 805 471 838 μωρία
491 805 546 838 γὰρ
560 804 640 837 αὐτῷ
655 805 730 835 ἐστι,
748 804 797 831 καὶ
824 805 861 832 οὐ

911 261 1108 291 praeceptores,
1130 265 1182 284 nos
1196 262 1288 284 autem
1304 257 1439 292 Spiritum
1456 263 1593 285 sanctum.
1610 267 1619 284 ι
1650 259 1703 286 Sed

911 310 961 337 per
973 310 1021 330 eos
1033 310 1103 337 quos
1111 303 1192 330 docet
1205 303 1326 338 Spiritus
1339 309 1463 331 sanctus.
1476 313 1486 330 ›
1503 304 1600 331 Nullus
1612 305 1704 339 itaque

911 357 979 376 usus
993 354 1036 376 est
1049 350 1178 377 humanae
1202 350 1345 377 scientiae:
1362 350 1454 377 omnia
1477 358 1596 385 namque
1621 351 1704 385 spiri-

912 396 995 423 tualia
1009 401 1085 424 sunt.
1103 406 1112 421 ι
1140 397 1340 431 Spiritualibus
1360 396 1515 431 spiritualia
1539 404 1704 431 comparan-
1754 409 1757 413 -

912 445 962 468 tes.
979 442 1056 469 »Ποσ
1068 446 1122 474 est,
1138 442 1212 477 quod
1228 442 1305 470 dicit.
1316 442 1385 470 Cum
1401 442 1704 478 investigaturquaestio

911 488 1000 522 aliqua
1033 488 1199 522 spiritualis,
1215 495 1246 515 ac
1261 488 1397 523 exemplis
1420 489 1611 522 spiritualibus
1627 497 1704 516 corn-

911 533 1069 567 parationes
1084 540 1116 561 ac
1129 533 1373 568 interpretationes
1387 533 1559 564 adducimus.
1575 539 1617 566 ut,
1627 533 1704 560 verbi

911 585 994 604 causa
1006 585 1013 604 ι
1025 578 1047 604 si
1060 577 1180 604 surrexit
1193 578 1276 605 tertio
1291 577 1337 605 die
1349 578 1477 605 Christus
1487 598 1495 611 ,
1513 586 1547 605 ex
1561 578 1629 606 Jona
1642 586 1704 613 pro-

912 623 1039 650 bationes
1059 630 1090 650 ac
1103 623 1294 650 testimonium
1317 623 1445 650 adduco:
1460 624 1482 651 si
1498 628 1580 651 natus
1594 628 1637 651 est
1649 624 1703 650 Do-

911 669 1004 696 minus
1032 677 1066 696 ex
1078 669 1183 704 virgine
1193 689 1199 700 ,
1216 676 1250 696 ex
1262 669 1403 697 sterilibus
1421 669 1499 697 Anna
1518 674 1547 697 et
1561 669 1703 697 Elisabeth

911 715 1030 742 sumitur
1042 715 1245 749 interpretatio.

947 761 980 794 li,
997 761 1090 789 H-l6.
1103 761 1234 788 Animalis
1250 765 1337 788 autem
1351 762 1426 787 homo
1434 769 1486 787 non
1499 762 1592 794 accipit
1605 769 1635 788 ea
1647 769 1705 796 qm:

911 813 974 836 sunt
988 808 1101 842 Spiritus
1114 808 1172 841 Dei,
1186 807 1301 835 stultitia
1315 808 1445 842 siquidem
1472 808 1523 842 ipsi
1551 812 1612 834 sunt
1625 816 1634 834 :
1658 815 1705 834 nec

71 855 195 881 δύναται
209 851 318 887 γνῶναι
333 851 377 877 ὅτι
393 849 600 885 πνευματικῶς
611 851 813 884 ἀνακρίνεται.
834 850 848 875 ’ί

949 859 996 881 test
1022 862 1186 889 cognouere,
1225 854 1287 889 quia
1309 853 1486 888 spiritualiter
1510 853 1704 887 dijudirautur.

71 900 105 928 δὲ
117 898 330 934 πνευματικὸς,
341 897 496 931 ἀνακρίνει
509 897 568 932 μὲν
592 896 699 928 πάντα,
715 897 807 929 αὐτὸς
829 896 848 922 δ

947 888 1070 927 riritualis
1078 908 1139 927 vero
1152 900 1275 926 universa
1283 899 1389 934 quidem
1401 899 1605 933 dijudicat,ipse
1616 903 1706 925 autem

72 946 123 974 ὑπ’
139 945 266 977 οὐδενὸς
280 944 483 978 ἀνακρίνεται.
497 943 546 976 Tir:
558 943 614 978 γὰρ
626 943 702 978 ἔγνω
718 943 795 970 νοῦν
807 945 864 970 Κυ-

70 993 140 1026 ρίου
160 991 194 1024 ὃς
208 989 386 1025 συμϐιϐάσει
405 990 516 1023 αὐτόν;
537 989 637 1024 Ἡμεῖς
652 988 687 1016 δὲ
706 989 782 1016 νοῦν
794 990 863 1023 Χρι-

76 1037 153 1064 στοῦ
170 1037 291 1071 ἔχομεν.

108 1082 233 1117 Ψυχικὺν
259 1082 403 1118 ἄνθρωπον
426 1081 514 1113 καλεῖ,
541 1082 587 1108 τὸν
612 1081 701 1109 πάντα
714 1082 770 1114 τοῖς
787 1081 863 1114 λογι-

74 1131 152 1164 σμοῖς
163 1130 213 1164 τῆς
227 1129 316 1164 ψυχῆς
333 1129 451 1161 διδόντα,
466 1128 513 1155 καὶ
531 1128 616 1163 μηδὲν
641 1127 732 1154 πίστει
747 1127 862 1162 δεχόμε-

71 1185 128 1207 νον,
145 1175 215 1210 μήτε
230 1175 376 1210 νομίζοντά
387 1183 459 1206 τινος
482 1173 586 1201 ἄνωθεν
604 1173 708 1200 δεῖσθαι
726 1173 861 1209 βοηθείας.

75 1223 124 1253 Ὃς
134 1223 192 1252 τοῖς
206 1223 257 1257 τῆς
270 1221 359 1256 ψυχῆς
374 1221 508 1256 νοήμασιν
519 1221 549 1246 οὒ
565 1219 716 1254 δυνάμενος
746 1220 864 1246 καταλα-

26 1281 29 1288 ν
73 1268 131 1294 δεῖν
150 1267 381 1299 τὰςδιδασκαλίας
403 1267 449 1293 τοῦ
472 1266 644 1302 Πνεύματος.
661 1266 806 1292 πιστεῦσαι
834 1266 862 1292 δὲ

73 1313 215 1349 λογισμῶν
227 1314 310 1349 χωρὶς
320 1314 370 1340 οὐκ
386 1313 496 1345 ἐθέλων,
511 1313 601 1340 πάντα
618 1312 697 1347 μωρᾶ
712 1313 817 1345 νοαιίζει
829 1312 862 1339 τὰ

72 1361 122 1394 τῆς
147 1358 305 1394 οἰκονομίας
329 1359 377 1386 τοῦ
405 1358 521 1393 Κυρίου.
543 1372 580 1378 -
597 1358 725 1391 Ἄλλως.
742 1357 861 1394 [ΙΩΔΝ]

73 1406 199 1441 τυχικάς
222 1406 307 1437 ἔστιν,
332 1406 346 1432 ὁ
367 1405 438 1432 κατὰ
451 1404 539 1440 σάρκα
555 1404 621 1436 ζῶν,
647 1403 694 1430 καὶ
714 1404 798 1438 μήπω
816 1403 863 1429 τὶν

73 1455 137 1480 νιιῦν
158 1453 307 1488 φωτισθεὶς
330 1453 374 1479 διὰ
399 1452 447 1479 τοῦ
478 1451 649 1488 πνεύματος,
679 1451 747 1477 ἀλλὰ
779 1451 863 1485 μόνην

73 1500 125 1536 τὴν
140 1500 263 1534 ἔμφυτον
276 1500 324 1526 καὶ
337 1498 510 1534 ἀνθρωπίνην
522 1499 629 1526 σύνεσιν
644 1498 726 1532 ἔχων,
740 1498 773 1532 ἢν
803 1499 863 1529 ταῖς

75 1547 205 1574 ἁπάντων
218 1547 316 1580 ψυχαῖς
328 1546 456 1583 ὲμδάλλει
475 1547 488 1573 ὁ
498 1546 677 1581 Δημιουργός.
688 1561 724 1566 -—
734 1546 861 1577 Ἄλλως.
876 1555 898 1586 C

82 1593 158 1620 Ἀντὶ
176 1592 236 1625 τοῦ,
258 1591 344 1620 Ὅταν
359 1601 385 1618 τι
399 1592 584 1627 πνευματικὸν
598 1592 644 1617 καὶ
665 1591 822 1626 ἀπόρρητον
835 1589 864 1626 ᾖ.

76 1638 131 1665 ἀπὸ
148 1638 204 1665 τῶν
219 1637 412 1673 πνευματικῶν
427 1638 476 1669 τὰς
491 1638 645 1674 μαρτυρίας
670 1638 785 1673 ἄγομεν,
810 1635 867 1664 οἷον

76 1686 117 1712 ὅτι
133 1685 248 1720 ἀνέστη,
265 1685 383 1719 παράγω
399 1685 449 1720 τὴν
464 1684 511 1712 τοῦ
527 1685 606 1711 Ἰωνᾶ
623 1685 787 1720 μαρτυρίαν.
805 1684 867 1711 ’Ότι

76 1733 109 1758 ὲκ
134 1731 274 1767 παρθένου
299 1731 442 1766 ἐγεννήθη,
474 1731 595 1766 παράγω
620 1731 669 1767 τὴν
680 1731 734 1757 τῶν
752 1730 868 1766 στειρῶν

78 1777 220 1812 γέννησιν.
240 1776 364 1811 Ψυχικδς
379 1776 407 1803 δέ
424 1777 498 1805 ἐστιν
512 1778 526 1804 ὁ
539 1776 568 1803 τὸ
585 1777 639 1804 πᾶν
659 1778 716 1809 τοῖς
728 1776 868 1812 λογισμοῖς

77 1823 127 1858 τῆς
158 1823 248 1858 ψυχῆς
269 1822 367 1854 διδοὺς,
389 1822 436 1849 καὶ
469 1821 506 1857 μὴ
529 1822 647 1857 νομίζων
676 1822 780 1850 ἄνωθέν
796 1831 869 1854 τινος

80 1869 219 1904 βοηθείας.
234 1884 271 1889 -
296 1869 425 1902 Ἄλλως.
447 1867 547 1905 [ΦΩΤ.]
581 1869 612 1895 '0
637 1868 763 1903 ψυχικὸς,
775 1868 869 1904 χρείαν

79 1914 136 1950 list
148 1913 320 1950 ἀνακρίσεως
335 1914 381 1940 καὶ
397 1913 545 1946 ἐξετάσεως
560 1914 607 1940 καὶ
625 1913 770 1949 μαθήσεως
786 1922 870 1940 πνευ-

81 1961 212 1996 ματικῆς,
229 1960 273 1986 ῖνα
288 1959 471 1994 παραδέξηται
481 1959 514 1985 τὰ
534 1958 582 1985 τοῦ
608 1959 772 1994 πνεύματος.
790 1959 871 1986 Ἀλλά

80 2007 149 2041 προς
164 2005 268 2040 ταύτην
277 2004 537 2040 ἀπαυθαδιζόμενος,
551 2005 599 2031 καὶ
622 2004 708 2031 δοκῶν
726 2004 871 2039 ἀρκεῖσθαι

80 2053 137 2084 τοῖς
164 2051 348 2087 ἀνθρωπίνοις
378 2051 536 2085 λογισμοῖς,
562 2050 593 2076 οὐ
621 2050 702 2086 μόνον
730 2050 806 2077 οὐδὲν
834 2046 871 2077 ὧν

83 2098 175 2130 ἀγνοεῖ
214 2096 436 2131 καταλαμϐάνει,
471 2095 538 2122 ἀ).λά
566 2096 613 2122 καὶ
644 2095 797 2122 τούναντίον
832 2096 873 2127 εἰς

83 2143 197 2170 πλείονα
231 2141 501 2177 καταδαπτιζόμενος
539 2141 675 2174 ἄγνοιαν,
706 2140 738 2167 τδ
767 2140 872 2167 ἐκείνου

83 2190 170 2221 πάθος
204 2190 251 2216 καὶ
279 2188 401 2223 νόσημα,
428 2188 484 2220 τοῖς
520 2186 568 2214 τοῦ
601 2187 756 2222 πνεύματος
779 2187 873 2222 νόμοις

915 956 930 974 a
947 948 1050 973 nemine
1063 946 1238 981 dijudicatur.
1267 944 1334 977 Quis
1349 945 1418 972 enim
1449 945 1570 979 cognovit
1592 948 1706 970 mentem

914 992 1020 1019 Domini
1032 992 1076 1027 qui
1085 990 1233 1018 conciliabit
1246 999 1305 1017 eum
1319 990 1331 1017 ?
1344 989 1397 1018 Nos
1407 994 1496 1017 autem
1505 994 1616 1016 mentem
1627 988 1705 1016 Chri-

915 1039 949 1065 sti
964 1043 1092 1065 tenemus.
1492 1068 1495 1070 γ

948 1083 1100 1110 Animalem
1116 1087 1197 1110 vocat
1208 1082 1348 1110 hominem
1359 1080 1489 1116 eum,qui
1503 1079 1595 1108 omnia
1607 1079 1706 1107 animi:

914 1129 1067 1156 rationibus
1082 1129 1179 1156 tribuit
1197 1138 1203 1155 ι
1215 1136 1267 1155 nee
1282 1127 1434 1162 quidquam
1448 1126 1501 1153 ﬁde
1513 1126 1640 1160 suscipit,
1654 1132 1708 1152 nec

913 1182 1036 1210 superno
1053 1183 1124 1210 opus
1139 1182 1200 1202 esse
1218 1174 1323 1201 auxilio
1350 1173 1504 1200 arbitratur
1532 1180 1540 1198 :
1565 1171 1613 1206 qui
1642 1178 1705 1196 cum

913 1219 1054 1246 doctrinas
1073 1219 1194 1254 Spiritus
1217 1226 1271 1245 non
1297 1218 1385 1253 possit
1405 1222 1497 1245 mente
1522 1215 1707 1250 comprehen-

913 1265 991 1297 dere,
1012 1273 1064 1292 nec
1087 1265 1153 1292 velit
1170 1265 1275 1300 absque
1296 1263 1453 1291 rationibus
1468 1262 1593 1293 credere.
1615 1261 1707 1288 omnia

914 1310 1065 1337 arbitratur
1079 1317 1139 1337 esse
1160 1310 1244 1337 stulta
1272 1317 1333 1344 quae
1346 1309 1448 1336 divina:
1473 1312 1539 1335 sunt
1566 1307 1709 1342 dispensa-

914 1356 1007 1383 tionis.
1019 1370 1053 1376 -—-
1068 1355 1127 1382 Alio
1140 1355 1227 1382 modo.
1238 1354 1373 1382 Animalis
1381 1358 1433 1384 est.
1447 1353 1494 1388 qui
1508 1353 1586 1387 juxta
1598 1359 1708 1379 carnem

913 1401 1157 1429 vivitetnondum
1184 1407 1235 1435 per
1264 1398 1392 1433 spiritum
1421 1401 1513 1424 mente
1531 1395 1708 1422 illuminatus

914 1452 968 1476 est.
987 1447 1035 1475 sed
1053 1447 1176 1474 innatam
1190 1449 1297 1473 tantum
1312 1449 1338 1471 ct
1354 1445 1501 1471 humanam
1516 1442 1600 1470 habet
1629 1441 1710 1468 intel-

914 1494 1077 1528 ligentiam,
1114 1499 1197 1527 quam
1227 1495 1391 1519 cunctorum
1421 1489 1566 1517 animabus
1597 1488 1712 1515 Creator

916 1540 1048 1567 immittit.
1062 1554 1096 1559 —
1107 1539 1165 1566 Αίίο
1180 1538 1265 1564 modo.
1282 1537 1340 1563 Hoc
1363 1540 1406 1563 est
1423 1545 1430 1562 :
1459 1535 1575 1568 Quando
1601 1533 1709 1568 aliquid

918 1585 1064 1621 spirituale
1073 1589 1101 1612 et
1115 1583 1257 1611 ineﬂ‘abile
1279 1583 1372 1614 fuerit,
1387 1590 1401 1609 a
1425 1581 1617 1616 spiritualibus
1633 1579 1712 1606 testi-

917 1632 1008 1659 monia
1024 1631 1161 1658 ducimus.
1188 1630 1288 1664 Utpote
1305 1628 1337 1656 ad
1350 1628 1376 1655 id
1389 1627 1463 1662 quod
1487 1626 1609 1654 surrexit
1632 1625 1713 1653 Chri-

919 1683 989 1710 stus,
1002 1678 1078 1706 Jonas
1095 1675 1284 1704 testimonium
1299 1674 1407 1702 adduco
1429 1682 1435 1700 :
1451 1673 1525 1708 quod
1549 1680 1582 1699 ex
1605 1671 1711 1702 virgine

917 1730 1000 1753 natus
1011 1729 1064 1755 est,
1087 1723 1196 1750 adduco
1210 1721 1345 1749 sterilium
1369 1725 1478 1756 partum
1503 1727 1534 1746 ac
1554 1718 1711 1754 generatio-

918 1779 992 1799 nem.
1007 1770 1141 1798 Animalis
1156 1776 1222 1796 vero
1247 1772 1300 1799 est.
1326 1767 1373 1802 qui
1399 1774 1455 1794 rem
1482 1773 1591 1793 omnem
1614 1764 1712 1791 animus

918 1817 1190 1846 considerationibus
1205 1814 1344 1847 attribuit,
1361 1821 1412 1841 nec
1429 1813 1578 1840 arbitratur
1591 1818 1712 1845 superno

919 1865 1012 1899 aliquo
1026 1871 1096 1898 opus
1108 1870 1168 1890 esse
1189 1861 1302 1889 auxilio.
1316 1874 1350 1880 --
1381 1859 1442 1887 Alio
1470 1858 1558 1885 modo.
1578 1856 1713 1884 Animalis

920 1919 990 1945 opus
1026 1910 1110 1937 habet
1141 1907 1340 1944 dijudicatione
1363 1910 1391 1933 et
1420 1903 1650 1940 perscrutatione,
1681 1909 1714 1928 ac

920 1956 1064 1991 disciplina
1081 1954 1230 1990 spirituali,
1249 1957 1280 1981 ut
1292 1951 1424 1986 suscipiat
1433 1959 1476 1983 ea,
1502 1957 1564 1985 qua
1580 1952 1646 1976 sunt
1657 1946 1715 1982 spi-

921 2003 1002 2035 ritus,
1017 2002 1098 2038 436
1113 2000 1160 2028 sed
1177 2007 1238 2027 cum
1251 1998 1425 2034 arrogantior
1453 1997 1489 2024 sit
1516 2003 1599 2031 quam
1628 1997 1659 2021 ut
1678 1992 1713 2020 ad

922 2050 994 2077 hanc
1010 2056 1071 2076 sese
1086 2047 1226 2079 demittat,
1238 2051 1267 2074 et
1295 2044 1421 2073 sutlicere
1448 2042 1554 2079 iudicet
1579 2041 1714 2068 humanas

922 2093 1170 2126 considerationes,
1188 2100 1244 2120 non
1256 2091 1339 2119 modo
1353 2089 1423 2117 nihil
1443 2086 1654 2123 comprehendit
1666 2092 1714 2112 eo—

924 2149 984 2168 rum
999 2148 1060 2176 que
1075 2141 1193 2176 ignorat,
1206 2139 1253 2166 scd
1269 2146 1283 2165 e
1294 2138 1403 2165 diverso
1417 2142 1526 2170 quoque
1539 2134 1566 2161 in
1582 2133 1712 2168 majorem

924 2186 1068 2214 demersus
1083 2184 1280 2220 ignorantiam,
1299 2182 1398 2209 animae
1407 2180 1537 2207 aﬂ‘ectum
1551 2181 1579 2204 et
1605 2176 1715 2212 agritu-

84 2236 244 2271 περιάπτει,
274 2235 321 2261 καὶ
342 2235 449 2270 ἡγεῖται
474 2233 544 2261 αὖτά
569 2233 686 2268 μωρίαν,
706 2233 765 2259 δέον
784 2233 848 2260 ὲαυτ

947 2231 1018 2257 inem
1035 2229 1143 2265 legibus
1152 2229 1267 2263 spiritus
1282 2227 1404 2262 adoptat,
1419 2229 1447 2252 et
1455 2223 1596 2252 existimat
1605 2229 1637 2249 ea
1652 2229 1714 2249 esse

87 2282 258 2317 μέμφεσθαι,
272 2282 409 2312 ταπεινοῖς
425 2281 473 2307 καὶ
490 2280 670 2315 ἀνθρωπίνοις
690 2279 810 2315 μέτροις,
838 2279 873 2305 τὰ

85 2329 213 2364 ὑπερφυῆ
227 2328 274 2354 καὶ
284 2327 426 2362 κρείττονα
439 2326 578 2361 λογισμῶν
595 2327 705 2361 μετρεῖν
730 2325 776 2353 καὶ
791 2334 874 2352 κατα-

85 2374 235 2409 λαμϐάνειν
251 2373 452 2407 ὲγχειρήσαντι.
476 2372 506 2398 Ὀ
519 2372 547 2398 δὲ
574 2372 757 2407 πνευματικὸς
772 2371 802 2398 οὐ
819 2371 871 2397 δεῖ·

85 2429 129 2448 ται
145 2420 329 2455 ἀνακρίσεως,
345 2419 401 2445 ἀλλ’
425 2418 505 2449 αὐτὸς
520 2417 713 2453 πνευματικῶς
739 2418 787 2444 καὶ
818 2418 876 2444 θεο-

86 2467 178 2501 σόςως
194 2466 304 2493 ἅπαντα
314 2465 468 2500 δοκιμάζων
485 2463 533 2490 καὶ
545 2463 644 2498 κρίνων
663 2463 813 2490 τελειοῦται
840 2464 873 2498 τῇ

87 2512 189 2547 γνώσει
209 2511 258 2538 τοῦ
278 2511 443 2546 πνεύματος.
462 2509 509 2536 Διὸ
531 2509 578 2536 ὑπ’
600 2509 705 2542 οὐδενὸς
731 2509 876 2545 ἀνακρίνε-

86 2568 144 2586 ται.
165 2558 236 2585 Ὑπὸ
249 2559 298 2593 μὲν
306 2558 361 2584 τῶν
379 2557 496 2588 πιστῶν,
512 2557 553 2583 ὅτι
569 2557 599 2582 οὗ
612 2556 742 2590 διαφωνεῖ
756 2556 877 2592 ἥδιστα-

88 2606 179 2637 σιᾶζει
196 2605 265 2639 πρὸς
275 2603 379 2636 ,αὐτούς
396 2613 403 2619 ·
420 2604 471 2631 ὑπὸ
484 2603 512 2630 δὲ
526 2603 579 2629 τῶν
591 2603 724 2633 ἀπίστων,
737 2603 778 2629 ὅτι
788 2602 878 2637 πολλῷ

88 2653 224 2687 κρείττων
243 2652 301 2678 ἐστὶ
320 2651 370 2685 τῆς
387 2650 500 2678 ἐκείνων
521 2648 703 2684 ἀνακρίσεως,
721 2649 767 2675 καὶ
779 2649 820 2676 ὅτι
846 2649 877 2675 οὐ

90 2702 171 2733 μόνον
185 2702 216 2727 οὐ
236 2701 322 2727 δεῖται
339 2700 451 2734 ταύτης,
469 2699 536 2726 ἀλλά
559 2699 607 2725 καὶ
625 2697 745 2724 σύνοιδεν
756 2696 879 2732 ἀκριϐῶς

89 2747 256 2782 ἀνακρίνων,
268 2747 309 2772 ὅτι
325 2747 380 2777 τοῖς
395 2745 482 2782 ταύτῃ
496 2744 648 2780 χρωμένοις
671 2743 798 2779 μέγιστον
828 2743 879 2777 ἐμ-

90 2792 184 2819 πόδιον
210 2791 280 2826 αὕτη
297 2791 477 2824 καθέστηκεν,
498 2791 538 2821 είς
560 2789 590 2817 τὸ
605 2787 802 2823 πνευματικῶς
815 2787 879 2814 ἀνα-

91 2837 235 2873 κρίνεσθαι
251 2838 299 2864 καὶ
313 2837 441 2869 δέξασθαι
455 2837 488 2862 τὰ
512 2835 557 2862 τοῦ
573 2835 743 2869 Πνεῦματος.
757 2834 801 2861 Διδ
832 2835 879 2860 καὶ

91 2885 257 2921 χηρεύουσιν
272 2881 344 2911 οὗτοι
368 2882 416 2910 τοῦ
434 2880 574 2917 Κυριακοῦ
592 2881 650 2913 v97,
666 2881 724 2916 ἤτοι
739 2879 792 2906 τῶν
804 2879 878 2905 ἐντο-

924 2277 1081 2307 stultitiam,
1112 2283 1175 2303 cum
1201 2274 1322 2308 seipsum
1348 2278 1478 2300 accusare
1508 2269 1632 2300 deberet,
1667 2267 1714 2302 qui

924 2322 1078 2350 humilibus
1100 2329 1132 2349 ac
1145 2321 1277 2348 humanis
1295 2317 1436 2346 mensuris
1452 2313 1674 2350 supernaturalia
1687 2317 1716 2340 et

925 2367 1149 2395 ratiocinationes
1173 2365 1334 2394 excedentia
1368 2369 1530 2390 mensurare
1557 2359 1716 2387 tentaverit.

926 2414 1083 2449 Spiritualis
1111 2421 1176 2440 vero
1187 2420 1242 2439 non
1257 2418 1330 2446 opus
1349 2410 1434 2436 habet
1447 2407 1657 2443 dijudicatione.
1668 2405 1716 2432 sed

926 2468 989 2488 cum
1007 2459 1099 2487 omnia
1112 2458 1297 2494 spiritualiter
1312 2461 1340 2483 et
1356 2455 1450 2483 divina
1468 2453 1603 2488 sapientia
1620 2451 1718 2486 probet

928 2514 959 2534 ac
974 2506 1090 2541 iudicet,
1108 2505 1224 2540 spiritus
1249 2503 1407 2539 cognitione
1432 2501 1585 2537 perﬁcitur.
1614 2498 1679 2526 ideo
1703 2504 1717 2524 a

927 2553 1005 2580 nullo
1020 2552 1190 2587 diiudicatur
1209 2558 1243 2577 :a
1261 2550 1390 2577 ﬁdelibus
1415 2548 1538 2583 quidem,
1568 2545 1632 2580 quia
1663 2550 1716 2570 non

928 2600 1051 2628 dissonat
1063 2606 1115 2625 nec
1125 2597 1254 2624 dissentit
1279 2596 1313 2623 ab
1325 2595 1408 2630 ipsis;
1425 2594 1460 2620 ab
1472 2591 1624 2620 incredulis
1639 2595 1717 2615 vero.

929 2646 993 2681 quia
1007 2645 1087 2679 longe
1099 2642 1227 2678 superior
1252 2646 1294 2669 est
1314 2641 1424 2668 illorum
1456 2634 1665 2681 dijudicatione.
1690 2637 1719 2658 et

929 2679 994 2726 quia
1008 2698 1063 2718 non
1083 2689 1173 2717 solum
1191 2688 1244 2715 hac.
1259 2695 1315 2714 non
1329 2690 1402 2721 eget,
1416 2684 1463 2712 sed
1475 2688 1502 2709 et
1529 2679 1606 2708 novit
1624 2680 1719 2704 exacte

930 2725 1088 2773 dijudicans
1103 2735 1177 2770 quod
1192 2734 1246 2761 hac
1257 2731 1399 2760 utentibus
1410 2729 1558 2756 maximum
1573 2725 1621 2773 ‘ita
1633 2729 1719 2773 "prte-

931 2767 1033 2811 stiterit
1049 2767 1276 2816 impedimentum
1304 2777 1337 2805 ad
1351 2774 1533 2811 spiritualiter
1565 2767 1719 2816 diiudican-

932 2830 1008 2859 dum,
1026 2833 1054 2855 et
1071 2812 1258 2861 recipiendum
1271 2831 1302 2850 ea
1317 2829 1379 2856 quae
1394 2816 1596 2852 suntSpiritus.
1611 2812 1718 2842 Idcirco

932 2882 1042 2912 quoque
1068 2874 1096 2901 hi
1124 2871 1265 2900 DOmllliCO
1294 2876 1374 2896 sensu
1405 2869 1509 2899 carent,
1533 2863 1591 2892 sive
1619 2867 1718 2897 praece-
