1880 3057
198 149 249 181 €67

729 150 931 181 (ECUMENII
942 149 1089 180 TRICC/E
1103 149 1275 180 EPISCOPI

1775 153 1824 184 £83

199 215 219 244 μ’
232 209 263 239 is,
279 211 306 235 et
320 215 352 235 ea
371 215 432 243 qua:
446 206 509 235 inde
522 207 658 242 sequitur,
670 207 738 242 legis
753 207 911 237 traditione.
929 214 941 241 q

1083 215 1095 231 ν
1116 205 1163 230 καὶ
1188 204 1238 238 τῆς
1266 204 1374 232 ἐκεῖθεν
1400 204 1577 239 νομοθεσίας,
1604 205 1652 241 τῆς
1675 209 1825 245 φρενοῦςης

198 262 246 282 eos
258 254 415 289 castigaret,
435 257 463 280 et
480 253 512 280 ad
532 253 717 288 spiritualium
738 252 920 286 quaestionum
941 260 989 286 ap-

199 299 415 333 prehensionem
432 298 575 326 excitaret.
593 297 653 332 lpsa
669 297 743 324 enim
766 297 908 325 Dominica
921 305 990 332 prae-

199 350 278 381 cepta
298 345 462 373 conﬁrmant
491 352 542 372 nos
560 348 589 371 et
611 344 645 371 ad
676 352 739 371 eum
761 352 811 371 nos
841 344 988 376 reducunt,

195 398 332 426 aptosque
364 391 489 419 eﬁiciunt
512 390 545 418 ad
572 390 694 417 divinam
723 390 878 418 doctrinam
902 394 931 417 et
948 390 985 417 in-

205 437 390 471 elligentiam,
407 445 469 472 quae
493 436 584 472 dignis
605 436 669 463 inde
698 436 901 471 suppeditatur.
920 436 988 463 Pro-

195 490 254 517 pter
260 490 290 511 ea
300 491 361 511 cum
374 491 424 510 nos
434 483 508 519 ipsos
518 483 551 510 ad
563 483 621 510 haec
631 482 879 518 composuerimus,
890 483 988 509 merito

193 528 301 557 Christi
317 533 435 557 mentem
462 529 606 558 habemus.
635 529 702 558 Nam
723 536 784 564 quae
808 528 909 557 Christi
924 533 989 556 sunt

195 575 348 603 sentientes
361 583 393 602 ac
407 575 602 610 intelligentes,
617 575 673 610 jam
688 583 742 603 non
758 575 878 603 humana
891 580 920 602 et
929 582 989 602 car-

197 620 252 646 nali
279 621 447 656 cogitatione
473 621 640 649 ﬂuctuantes
665 621 822 653 obruimur,
855 620 989 648 adversus

198 665 327 700 utrinque
358 666 468 694 ﬂatibus
484 670 674 701 tempestatem
689 666 828 694 ferentes:
844 666 891 693 sed
907 666 987 694 solidi

197 718 230 738 ac
239 711 309 739 ﬁrmi
324 712 351 739 in
368 713 474 740 cmlesti
488 713 636 747 divinaque
650 713 850 742 menteeﬁ'ecti.
865 713 988 740 veritatis

198 758 450 793 apprehensionem
465 759 649 794 assequimur.
681 769 690 785 ‹
701 760 757 787 Nec
782 764 872 794 potest
887 767 988 794 cogno-

199 810 287 830 scere.
308 813 317 829 ›
332 804 451 838 ignorat,
467 804 567 839 inquit,
578 805 651 840 quod
669 805 727 840 ipse
740 805 857 832 stolidus
870 805 915 832 sit.
928 804 985 832 Non

198 849 273 876 enim
288 854 379 884 potest
401 850 554 886 intelligere
567 852 641 886 quod
655 852 681 880 in
698 852 799 879 talibus
813 852 871 879 sola
886 851 938 879 ﬁde
950 851 986 878 sit

1040 252 1137 283 αὐτοὺς
1159 252 1205 278 καὶ
1229 250 1417 286 διεγειρούσης
1431 251 1471 283 εἰς
1493 251 1542 286 τὴν
1561 251 1616 278 τῶν
1636 255 1826 288 πνευματικῶν

1040 296 1207 331 ζητημάτων
1230 297 1393 331 κατάληψιν.
1417 294 1502 323 Αῦται
1517 297 1572 331 γὰρ
1583 298 1610 324 αἱ
1628 298 1770 334 Κυριακαὶ
1790 300 1825 326 ἐν·

1041 343 1116 369 τολαὶ
1132 363 1140 375 ,
1165 343 1383 377 συμῦιὸἀζουσαι
1408 344 1481 378 ἡμᾶς
1518 344 1565 369 καὶ
1592 343 1826 372 καταλλάστουςαι

1040 389 1107 423 πρὸς
1123 388 1214 420 αὑτὸν,
1230 388 1486 422 παρασκευάζουσιν
1511 388 1683 423 ἐπιτηδείους
1708 391 1749 421 εἰς
1779 391 1825 426 τὴν

1039 433 1144 459 ἐκεῖθεν
1158 435 1214 465 τοῖς
1229 433 1314 465 ἀξίοις
1326 433 1534 469 χορηγουμένην
1561 433 1697 468 ἔλλαμψίν
1719 444 1751 462 τε
1781 438 1825 463 καὶ

1040 479 1213 514 κατανόησιν.
1227 480 1272 506 Διὸ
1283 480 1307 506 οἱ
1326 480 1441 511 ταύταις
1461 479 1574 511 ἑαυτοὺς
1599 481 1824 513 καταρτίσαντες,

1039 525 1151 556 εἰκότως
1167 524 1228 551 νοῦν
1244 524 1363 559 Χριστοῦ
1375 524 1485 560 ἔχομεν.
1513 525 1552 551 Τὰ
1566 525 1619 560 γὰρ
1635 525 1683 551 τοῦ
1706 526 1826 560 Χριστοῦ

1040 572 1202 606 φρονοῦντες
1226 572 1274 598 καὶ
1297 572 1430 604 νοοῦντες,
1462 572 1513 598 οὐκ
1544 571 1585 598 ἔτι
1605 571 1770 607 ἀνθρωπίνῳ
1781 574 1824 600 καὶ

1040 617 1164 653 σαρκικῷ
1194 617 1317 652 λογισμῷ
1345 618 1504 649 σαλεύοντες
1525 617 1736 653 κυμαινόμεθα,
1767 620 1824 650 ταῖς

1039 663 1208 698 ἑκατέρωθεν
1225 664 1394 695 ἀντιπνοίαις
1420 663 1625 699 χειμαζόμενοι.
1647 664 1716 690 ἀλλὰ
1734 665 1824 699 miris:

1038 709 1086 735 καὶ
1109 710 1306 745 ἀμετάπειστοι
1337 710 1481 744 γεγονότες
1510 710 1539 737 ὲν
1561 710 1681 745 οὐρανίῳ
1695 710 1744 736 καὶ
1761 710 1822 744 θείῳ

1038 755 1088 787 νοῒ,
1107 757 1158 792 τῆς
1177 756 1308 790 ἀληθείας
1325 756 1508 791 καρπούμεθα
1517 756 1567 791 τὴν
1577 756 1758 791 κατάληψινα
1774 757 1825 783 Καὶ

1038 802 1067 828 οὺ
1078 802 1188 829 δύναται
1203 802 1316 837 γνῶναι.
1338 812 1347 828 ι
1370 803 1487 836 Ἀγνοεῖ,
1500 803 1593 838 φησὶν,
1609 802 1649 829 ὅτι
1663 802 1746 834 αὐτός
1755 803 1824 829 ἐστιν

1037 849 1051 874 ὁ
1081 848 1207 882 ἀνόητος.
1239 849 1277 875 Οὐ
1301 848 1413 875 δύναται
1440 849 1495 883 γὰρ
1518 848 1620 882 γνῶναι
1648 849 1688 875 ὅτι
1716 849 1763 874 ἐπὶ
1774 849 1824 874 τῶν

197 902 276 928 opus,
293 895 487 924 deﬁcientibus
500 897 605 925 scilicet
617 898 744 924 humanis
761 898 939 933 cogitationib

1081 895 1175 926 ούτων,
1202 895 1320 927 πίστεως
1349 895 1433 930 μόνης
1455 895 1545 930 χρεία,
1570 895 1608 925 ὼς
1641 894 1823 921 ἀσθενούντων

196 939 265 967 Nam
277 941 330 971 hoc
345 946 396 974 est,
411 943 799 979 spiritualiterdijudicantur,
832 944 906 978 quod
936 951 986 978 per

196 984 279 1013 ﬁdem
293 994 325 1014 ac
337 986 470 1021 Spiritum
488 988 736 1017 demonstrationes
752 989 856 1016 habent
874 996 906 1016 ea
926 997 985 1023 qua:

196 1031 288 1058 divina
304 1037 379 1061 sunt.
399 1043 408 1059 ι
430 1033 564 1062 Uuiversa
578 1035 689 1069 quidem
713 1035 858 1070 dijudicat.
873 1045 882 1060 ›
898 1035 987 1069 Spiri-

196 1077 288 1110 tualis,
304 1078 405 1112 inquit,
423 1079 541 1107 ﬁdeliter
558 1080 681 1108 intuetur
694 1081 786 1108 omnia
801 1088 833 1108 ac
857 1080 987 1116 intelligit

197 1123 337 1157 universa,
349 1129 376 1152 et
393 1127 574 1161 quaepropria
588 1131 652 1154 sunt
676 1131 704 1155 et
722 1135 784 1163 quae
806 1127 958 1155 infidelium
977 1136 983 1156 :

195 1175 257 1201 quae
270 1172 364 1198 autem
379 1169 466 1204 ipsius
488 1175 562 1202 sunt,
574 1171 714 1199 increduli»
724 1176 866 1206 nequeunt
881 1171 986 1199 intelli—

195 1219 271 1246 gere.
296 1212 364 1240 Nam
384 1213 438 1241 hoc
466 1218 518 1247 est,
542 1215 617 1250 quod
644 1215 683 1243 ait
702 1224 709 1243 :
725 1225 734 1242 ι
761 1216 822 1251 ipse
852 1220 943 1244 autem
969 1223 985 1243 a

196 1258 496 1294 ueminedijudicatur.
518 1271 526 1287 ι
558 1261 703 1295 Quomodo
719 1262 804 1298 igitur
824 1262 913 1290 ﬁdelis
933 1270 983 1290 no-

195 1302 235 1328 vit
250 1303 343 1330 omnia
355 1303 508 1337 'IQuouiam
519 1308 669 1340 praesentia-
680 1307 792 1342 quidem
802 1307 891 1339 nuvit,
903 1307 986 1342 43⁵1

195 1348 270 1382 quod
286 1347 417 1378 videlicet
430 1351 533 1379 caduca
554 1352 610 1379 sint
623 1358 651 1380 et
675 1353 792 1388 fragilia,
808 1352 903 1380 futura
919 1361 985 1380 vero

195 1394 285 1427 novit,
300 1403 400 1431 nempe
418 1398 491 1432 quod
507 1398 620 1426 stabilia
635 1399 691 1426 sint
704 1404 733 1426 et
745 1403 858 1426 (eterna.
891 1399 985 1426 Incre-

197 1441 282 1468 dulus
309 1446 402 1470 autem
428 1451 519 1479 neque
544 1445 689 1480 praesentia
717 1444 796 1472 nevit
816 1445 986 1480 (magnifacit

194 1487 270 1514 enim
294 1488 351 1523 ipsa
364 1497 427 1517 cum
451 1490 521 1518 nihil
537 1491 604 1526 sint)
632 1499 723 1527 neque
734 1491 837 1524 futura.
857 1499 922 1521 nam
949 1500 982 1520 ea

196 1539 232 1560 ne
242 1540 302 1561 esse
311 1534 423 1569 quidem
433 1536 530 1564 credit.
544 1545 553 1562 ι
564 1536 631 1569 Quis
638 1538 712 1564 enim
721 1539 852 1574 cognovit
861 1543 981 1567 montem

194 1579 313 1608 Domini.
327 1591 337 1607 ι
357 1581 448 1615 Quare
461 1582 584 1611 inﬁdelis
598 1583 665 1611 nihil
678 1585 772 1612 norit?
788 1585 856 1613 Nam
870 1585 924 1613 hoc
938 1589 980 1613 est

1038 941 1093 967 τῶν
1104 941 1253 976 λογισμῶν.
1271 941 1356 968 Τοῦτο
1374 942 1428 976 γάρ
1444 942 1511 973 ἐστι,
1544 941 1739 975 πνευματικῶς
1761 941 1822 966 ἀνι-

1039 988 1172 1022 κρίνεται,
1185 988 1324 1014 τουτέστιν
1342 988 1382 1014 ὅτι
1397 987 1441 1015 διὰ
1451 987 1569 1019 πίστεως
1590 988 1636 1014 καὶ
1667 987 1823 1022 [Ινεύματος

1037 1035 1086 1064 τὰς
1122 1032 1275 1064 ἀποδείξεις
1299 1032 1356 1067 ἔχει
1393 1033 1427 1058 τὰ
1451 1032 1521 1058 θεῖα.
1551 1041 1560 1057 α
1593 1031 1750 1066 ’Δνακρίνει
1778 1031 1822 1065 μὲν

1038 1079 1137 1105 πάντα.
1162 1088 1171 1104 ι
1200 1078 1228 1104 Ὁ
1249 1077 1444 1112 πνευματικὸς,
1456 1077 1534 1112 φησὶ,
1554 1077 1658 1109 πιστῶς
1668 1077 1722 1113 ὁρᾷ
1740 1077 1823 1104 πάντα

1039 1125 1086 1151 καὶ
1103 1125 1159 1150 νοεῖ
1172 1124 1271 1156 πάντα,
1286 1125 1333 1150 καὶ
1346 1123 1380 1150 τὰ
1396 1123 1450 1150 ἴδια
1466 1123 1513 1150 καὶ
1528 1123 1562 1150 τὰ
1576 1123 1629 1149 τῶν
1642 1123 1776 1150 ἀπίστων.
1787 1123 1822 1149 Τὰ

1036 1170 1065 1197 δέ
1079 1179 1110 1203 γε
1125 1169 1218 1202 αὐτοῦ,
1235 1171 1259 1197 oi
1272 1170 1383 1198 ἄπιστοι
1393 1169 1491 1196 εἰδέναι
1504 1169 1535 1195 οὐ
1557 1168 1698 1196 δύνανται.
1716 1178 1724 1194 ι
1743 1168 1824 1194 Τοῦτο

1038 1217 1092 1251 γάρ
1103 1217 1187 1249 ἐστιν,
1206 1216 1286 1248 αὐτὸς
1301 1216 1330 1242 δὲ
1350 1216 1395 1244 ὑπ’
1408 1216 1517 1247 οὐδενὸς
1529 1215 1716 1252 ἀνακρίνεται.
1738 1224 1748 1241 ›
1767 1214 1824 1245 Πῶς

1039 1262 1088 1290 οὖν
1103 1263 1118 1289 ὁ
1134 1263 1228 1294 πιστὸς
1244 1263 1334 1289 πάντα
1345 1260 1435 1294 οἷδεν;
1453 1262 1548 1297 ἐπειδὴ
1562 1259 1617 1287 οἶδε
1647 1260 1698 1295 μὲν
1724 1260 1758 1285 τὰ
1784 1260 1823 1284 ὲν-

1037 1309 1134 1340 ταῦθα,
1150 1309 1191 1335 ὅτι
1210 1308 1298 1343 σαθρὰ
1314 1308 1361 1334 καὶ
1374 1307 1506 1342 ἐπίκηρα,
1524 1305 1580 1333 οἶδε
1593 1306 1621 1332 δὲ
1637 1306 1670 1332 τὰ
1694 1306 1766 1337 ἐκεῖ,
1785 1305 1822 1331 ὅτι

1039 1355 1140 1390 μόνιμα
1148 1355 1195 1381 καὶ
1215 1353 1323 1381 αἰώνια’
1339 1354 1353 1380 ὁ
1368 1354 1396 1380 δέ
1409 1362 1441 1388 γε
1457 1354 1581 1385 ἄπιστος,
1595 1352 1655 1379 οὐδὲ
1663 1352 1697 1378 τὰ
1709 1351 1823 1378 ἐνταῦθα

1038 1395 1118 1426 οἶδεν.
1147 1399 1289 1434 (Ἦγείται
1313 1398 1368 1433 γὰρ
1395 1398 1465 1424 αὐτὰ
1494 1398 1613 1434 μεγάλα,
1631 1397 1710 1424 οὐδὲν
1740 1396 1823 1429 ὃντα,>

1038 1445 1098 1472 οὐδὲ
1110 1445 1146 1472 τὰ
1168 1446 1235 1476 ἐκεῖ,
1259 1445 1371 1471 ἀπιστεῖ
1388 1444 1440 1480 γὰρ
1463 1444 1567 1476 αὐτοῖς.
1585 1453 1595 1470 ι
1616 1443 1665 1475 Τίς
1684 1442 1743 1477 γὰρ
1758 1442 1823 1476 ἔγνω

1038 1490 1101 1517 νοῦν
1116 1489 1231 1525 Κυρίου.
1248 1499 1257 1515 ι
1280 1490 1356 1516 Διατί
1370 1489 1398 1516 δὲ
1409 1490 1423 1516 ὸ
1440 1490 1555 1521 ἄπιστος
1568 1488 1644 1516 οὐδὲν
1658 1486 1732 1521 ortis;
1750 1487 1825 1514 τοῦτό

1036 1537 1094 1563 ἐστι
1116 1536 1156 1567 τό,
1181 1535 1240 1568 Τίς⁷
1266 1536 1327 1564 ἀντὶ
1356 1536 1412 1568 τοῦ,
1426 1535 1523 1567 Οὐδεὶς
1539 1535 1593 1562 τῶν
1605 1535 1732 1562 ἀπίστων
1745 1532 1822 1561 οἶδεν.

1037 1583 1110 1615 Ὅτι,
1130 1582 1224 1618 φησιν,
1241 1583 1291 1610 οὐκ
1310 1582 1380 1616 ἔγνω
1395 1582 1457 1609 νοῦν
1476 1582 1592 1617 Κυρίου.

195 1627 270 1661 quod
289 1627 342 1660 ait;
359 1627 437 1661 Quis.
450 1628 476 1656 id
488 1633 541 1661 est,
553 1629 646 1657 nullus
657 1630 787 1665 inﬁdelis,
800 1632 897 1660 novit?
914 1631 996 1665 Quia,
1012 1629 1113 1664 inquit,
1130 1637 1186 1656 non
1199 1629 1327 1664 cognovit
1343 1633 1461 1656 mentem
1477 1628 1597 1656 Domini.

232 1672 297 1700 Ideo
313 1681 404 1708 neque
421 1674 582 1702 conciliabit
597 1683 660 1703 eum
676 1676 739 1709 sibi,
756 1677 809 1705 hoc
822 1683 873 1709 est,
888 1678 974 1713 placa-

1081 1676 1114 1702 ttb
1130 1675 1189 1702 οὐδὲ
1204 1674 1366 1710 συμόιὸάσει
1394 1673 1475 1701 αὐτὸν
1501 1673 1600 1709 ἑαυτῷ,
1621 1673 1746 1700 τουτέστι
1764 1681 1823 1700 κατ·

197 1718 238 1746 bit
252 1723 299 1746 aut
313 1719 342 1747 in
355 1720 505 1748 amicitiam
523 1721 637 1749 reducet
655 1731 661 1749 :
679 1722 792 1751 inimico
818 1727 911 1751 autem
937 1731 986 1751 ne-

195 1773 335 1801 quaquam
351 1767 486 1794 revelabit
500 1767 583 1795 Deus.
599 1768 634 1795 Et
656 1777 742 1804 quare
765 1769 861 1797 ﬁdeles
880 1775 909 1798 et
931 1770 987 1805 8ρί-

195 1811 311 1839 rituales
333 1814 522 1847 cognoscunt?
556 1814 702 1848 Quoniam,
731 1815 830 1850 inquit,
867 1819 987 1843 mentem

196 1855 300 1884 Christi
329 1857 475 1890 habemus,
497 1858 550 1887 hoc
579 1864 631 1891 est,
657 1859 784 1894 spiritum
810 1859 940 1888 Christi?
959 1864 988 1888 et

196 1910 259 1937 quae
273 1903 411 1935 novimus,
430 1912 445 1931 a
473 1904 578 1939 Spiritu
595 1911 691 1933 sancto
704 1906 795 1934 edocti
812 1913 924 1935 sumus.
945 1906 987 1934 llli

195 1949 281 1984 igitur
291 1950 390 1977 merito
417 1950 553 1985 ignorant,
570 1960 634 1980 cum
649 1953 734 1980 Deum
755 1953 875 1981 habeant
908 1961 987 1981 aver-

198 2002 260 2023 sum
278 1995 350 2023 :'nos
363 2004 441 2029 vero,
462 1998 562 2032 inquit.
581 1999 784 2034 cognoscimus,
802 2006 864 2027 cum
883 1999 923 2027 usi
941 2007 989 2026 su—

195 2047 258 2067 mus
273 2040 386 2068 doctore
401 2041 550 2076 Spiritu.-—
563 2043 612 2070 Est
626 2048 717 2073 autem
729 2044 899 2079 hyperbaton
915 2047 988 2080 quod

197 2085 248 2112 ait:
269 2095 277 2110 ι
289 2085 356 2118 Quis
369 2087 443 2114 enim
464 2089 718 2121 cognovitmeutem
730 2090 851 2119 Domini.
864 2101 873 2116 ›
886 2091 989 2118 Conse-

196 2130 289 2158 cutive
311 2132 383 2159 enim
401 2133 534 2162 debetilli
552 2135 695 2169 particulae
713 2136 854 2171 conjungi,
872 2136 927 2164 Nec
938 2144 988 2171 po-

199 2180 252 2204 test
265 2185 441 2212 cognoscere,
452 2180 516 2214 quia
523 2180 705 2214 spiritualiler
718 2180 881 2216 diiudicant.
897 2181 990 2210 Potest

197 2226 289 2251 tamen
304 2230 333 2252 et
348 2225 409 2253 sine
425 2226 579 2261 hyperbato
589 2227 738 2259 declarari,
752 2233 834 2262 prout
846 2229 934 2263 posita
948 2233 990 2256 est

196 2269 364 2298 elocutionis
378 2272 526 2306 particula.
547 2282 555 2298 ι
583 2273 639 2301 Nos
661 2278 754 2303 autem
783 2280 905 2303 mentem
937 2275 990 2302 Do-

197 2315 264 2343 mini
274 2317 418 2345 habemus.
439 2327 448 2344 ι
462 2319 514 2351 Qui
527 2319 786 2348 imitationementis
799 2320 871 2348 illius
886 2329 940 2355 quo
955 2321 987 2349 ad

198 2362 398 2390 humanitatem
411 2372 494 2399 quam
529 2365 645 2400 suscipit
657 2366 783 2394 Christus
804 2367 876 2395 Deus
894 2354 988 2395 noster
1005 2354 1024 2380 υ

199 2416 276 2434 suam
311 2413 432 2437 mentem
467 2410 661 2445 puriticarunt,
688 2412 716 2439 hi
744 2417 862 2440 mentem
886 2413 988 2440 Christi

198 2453 440 2483 habent.—Aliud.
456 2457 511 2484 Aut
528 2461 648 2485 mentem
661 2457 764 2485 Christi
776 2463 855 2486 vocat
867 2459 986 2485 Patrem.

200 2499 349 2534 llabemus,
363 2501 463 2536 inquit,
491 2503 519 2529 in
533 2503 613 2531 vobis
638 2503 704 2538 ipsis
726 2503 830 2531 Christi
858 2503 989 2536 Putrem,

195 2546 274 2581 juxta
289 2547 355 2574 illud
373 2556 380 2574 :
399 2558 407 2574 ι
422 2548 586 2577 lnhabitabo
606 2550 634 2577 in
649 2550 691 2577 eis
704 2554 733 2578 et
742 2549 962 2577 inambulabo".
974 2559 983 2575 ι

198 2591 317 2621 Mentem
334 2594 408 2621 enim
428 2596 566 2630 appellare
581 2595 701 2627 Patrem,
732 2595 833 2623 sanctis
860 2594 990 2630 frequens

199 2643 259 2671 est,
276 2643 306 2666 ut
320 2647 384 2667 cum
402 2641 486 2668 habet
511 2641 664 2677 Gregorius
681 2650 687 2668 :
706 2641 806 2674 Mente,
835 2640 936 2672 Verbo,
963 2645 992 2669 et

199 2684 306 2719 Spiritu
325 2694 379 2714 una
404 2687 578 2715 connaturali
605 2687 761 2715 divinitate.
790 2687 824 2714 Et
854 2694 990 2714 rursum:

199 2731 220 2758 Ρ
232 2733 324 2759 -in.um
341 2733 453 2767 quidem
473 2732 781 2768 consideratangelicas
798 2732 936 2767 potentias
959 2740 992 2761 ac

200 2785 216 2804 ο
228 2779 328 2806 ulestcs
345 2782 374 2806 et
385 2783 536 2814 conceptus
552 2778 652 2806 Mentis
665 2786 735 2813 opus
743 2777 795 2806 fuit
808 2777 900 2806 Verbo
915 2786 990 2806 com-

202 2827 305 2859 plelum
334 2829 363 2852 et
386 2825 491 2860 Spiritu
522 2825 683 2861 perfectum.
717 2835 725 2851 ι
746 2825 862 2854 Mentem
887 2825 987 2853 Christi

237 2882 260 2898 “
277 2882 298 2909 ll
311 2882 374 2909 Cor.
394 2891 429 2915 v1,
453 2884 492 2910 16.

1036 1720 1155 1753 αλλάξει.
1179 1721 1236 1747 Οὐκ
1253 1721 1286 1747 ἂν
1315 1720 1343 1746 δὲ
1368 1719 1407 1756 τῷ
1427 1719 1516 1759 ἐχθρῷ
1539 1718 1736 1753 ἀποκαλύψειὸ
1751 1719 1821 1750 Θεός.

1037 1767 1114 1794 Διατί
1130 1767 1158 1794 δὲ
1174 1767 1198 1793 οι
1212 1766 1302 1793 πιστοὶ
1313 1766 1361 1793 καὶ
1377 1766 1402 1792 οἱ
1430 1765 1615 1800 πνευματικοὶ
1640 1765 1750 1799 τσασινς
1775 1766 1821 1797 ὅτι,

1039 1813 1116 1848 φησι,
1132 1812 1195 1840 νοῦν
1208 1811 1327 1847 Χριστοῦ
1357 1811 1466 1846 ἔχομεν.
1482 1811 1606 1838 τουτέστι
1632 1810 1744 1845 πνεῦμα
1763 1811 1827 1844 Χρι-

1041 1859 1115 1892 στοῦ,
1131 1860 1178 1886 καὶ
1192 1858 1263 1893 ἅπερ
1292 1857 1384 1892 ἴσμεν,
1399 1857 1451 1883 ὑπὸ
1473 1856 1521 1884 τοῦ
1536 1848 1701 1891 ῌΠνεύματος
1730 1856 1823 1883 δεδιδά-

1039 1906 1139 1940 γμεθα.
1156 1905 1276 1936 Είκὸτως
1292 1902 1339 1931 οὖν
1356 1904 1380 1930 οἱ
1396 1903 1445 1939 μὲν
1461 1903 1614 1936 ἀγνοοῦσιν,
1633 1903 1824 1938 ἀπεστραμμέ-

1039 1960 1083 1978 νον
1099 1951 1205 1986 ἔχοντες
1219 1950 1264 1977 τὸν
1281 1950 1356 1981 Θεὸν,
1373 1951 1453 1985 ἡμεζς
1482 1950 1522 1981 δὲ,
1545 1950 1644 1983 φησιν,
1675 1949 1756 1985 ἴσμεν
1780 1949 1822 1975 τοῦ

1039 1998 1198 2032 Πνεύματος
1231 1996 1434 2032 εὐπορήσαντες
1464 1996 1637 2022 διδασκάλου.
1667 2011 1702 2015 -
1727 1995 1822 2032 [MT]

1040 2045 1109 2071 Καθ’
1121 2042 1275 2078 ὑπερϐατὸν
1287 2042 1315 2069 δὲ
1328 2043 1368 2073 τὺ,
1387 2051 1397 2067 ‹
1410 2041 1458 2074 Τίς
1469 2041 1523 2076 γὰρ
1536 2041 1606 2076 ἔγνω
1620 2041 1682 2068 νοῦν
1695 2042 1820 2076 [Cupio-an

1046 2091 1103 2125 Ἐφ’
1118 2090 1183 2124 ἑξῆς
1193 2090 1246 2124 γὰρ
1262 2088 1364 2123 ὀφείλει
1378 2087 1582 2120 συντάττεσθαι,
1598 2087 1656 2119 τοῦ,
1670 2086 1708 2114 Οὖ
1717 2087 1822 2114 δύναται

1040 2135 1143 2170 γνῶναι
1157 2136 1199 2162 ὅτι
1213 2133 1408 2169 πνευματικῶς
1440 2133 1626 2167 ἀνακρίνεται.
1654 2134 1773 2159 Δυνατδν
1796 2132 1821 2158 δὲ

1041 2182 1088 2210 καὶ
1119 2181 1204 2217 χωρὶς
1229 2179 1385 2217 ὑπερϐατοῦ
1407 2180 1444 2211 ὡς
1472 2178 1529 2214 ἔχει
1549 2179 1676 2215 φρᾴσεως
1688 2179 1719 2206 τὸ
1729 2179 1825 2214 χωρίον

1040 2228 1176 2254 ὲκλαδεῖν.
1205 2236 1214 2252 r
1240 2227 1336 2261 Ἡμεῖς
1363 2226 1391 2253 δὲ
1422 2226 1484 2252 νοῦν
1508 2225 1628 2261 Χριστοῦ
1647 2226 1757 2261 ἔχομεν.
1772 2235 1823 2251 »-

1041 2273 1165 2310 [ΓΡΗΓ.,
1183 2272 1452 2308 ΟΙΚΟΥΜΕΝῙΟΥ.]
1491 2273 1522 2299 Οἱ
1564 2273 1680 2307 μιμήσει
1711 2272 1755 2299 τοῦ
1780 2270 1822 2298 νοῦ

1041 2320 1145 2346 ἐκείνου
1165 2319 1212 2345 τοῦ
1227 2319 1410 2354 ἀνθρωπίνου,
1426 2316 1457 2346 οῦ
1473 2318 1587 2344 ἀνέλαϐε
1604 2318 1722 2354 Χριστὸς
1737 2319 1750 2344 ὀ
1760 2317 1822 2348 Θεὸς

1040 2365 1128 2399 ἡμῶν,
1145 2364 1190 2391 τὸν
1201 2364 1305 2391 ἑαυτῶν
1322 2363 1385 2390 νοῦν
1400 2363 1618 2398 ἐκκαθάραντες,
1636 2373 1645 2388 ι
1662 2359 1742 2389 Οὗτοι
1764 2361 1822 2388 νοῦν

1040 2408 1158 2443 Χριστοῦ
1191 2408 1309 2443 ἔχουσιν.
1346 2416 1356 2434 ι
1383 2408 1483 2435 Ἄλλο.
1509 2407 1544 2433 Ἦ
1570 2406 1633 2433 νοῦν
1646 2405 1764 2441 Χριστοῦ
1781 2405 1822 2431 τὸν

1040 2455 1149 2489 Πατέρα
1168 2454 1256 2481 καλεῖ,
1286 2463 1294 2479 ι
1314 2454 1442 2488 Ἐχομεν,
1470 2453 1564 2488 φησὶν,
1595 2453 1624 2479 ὲν
1651 2453 1758 2483 ἑαυτοῖς
1780 2450 1822 2477 τὸν

1038 2501 1085 2527 τοῦ
1101 2500 1220 2536 Χριστοῦ
1238 2499 1357 2535 Πατέρα,
1375 2499 1413 2531 ὼς
1440 2500 1480 2532 ea,
1503 2499 1654 2534 Ἐνοικήσω
1679 2498 1709 2525 ὲν
1736 2497 1823 2526 αὐτοῖς

1040 2548 1087 2573 καὶ
1101 2546 1333 2582 ὲμπεριπατήσω.
1349 2555 1358 2571 ι
1373 2544 1447 2572 Νοῦν
1459 2544 1513 2580 γὰρ
1525 2545 1573 2571 τὸν
1601 2543 1712 2579 Πατέρα
1737 2543 1822 2576 λέγειν

1040 2593 1100 2625 ἔθος
1114 2594 1169 2624 τοῖς
1193 2593 1292 2627 ἁγίοις,
1314 2591 1352 2623 ὡς
1370 2591 1519 2626 Γρηγόριος
1531 2599 1537 2606 ·
1555 2591 1609 2618 Καὶ
1622 2590 1668 2626 Νῷ
1685 2590 1732 2616 καὶ
1747 2589 1822 2622 Λόγῳ

1039 2639 1088 2666 καὶ
1105 2639 1245 2675 Πνεύματι
1259 2640 1291 2674 τῇ
1305 2638 1355 2673 μιᾷ
1373 2637 1534 2673 συμπεφυῖᾳ
1550 2637 1668 2672 θεότητι,
1695 2635 1749 2662 Καὶ
1774 2634 1825 2660 mi-

1040 2686 1092 2712 λιν·
1109 2686 1220 2721 Πρῶτον
1236 2685 1284 2720 μὲν
1297 2685 1383 2711 ὲννοεῖ
1409 2683 1459 2716 τὰς
1474 2683 1624 2718 ἀγγελικὰς
1638 2683 1767 2717 δυνάμεις
1779 2680 1823 2707 καὶ

1040 2732 1192 2768 οὐρανίους,
1210 2733 1257 2759 καὶ
1272 2730 1448 2765 τδῈννόημα
1455 2729 1536 2765 ἔργον
1547 2727 1592 2764 ἦν,
1607 2729 1687 2763 Λόγῳ
1703 2727 1823 2762 συμπλη-

1043 2778 1184 2814 ρούμενον,
1201 2777 1249 2804 καὶ
1264 2777 1402 2812 Πνεῦματι
1414 2775 1612 2811 τελειούμενον.
1629 2785 1638 2801 ‹
1667 2774 1739 2802 Νοῦν
1761 2774 1822 2808 Χρι-

1044 2825 1107 2852 στοῦ
1125 2824 1232 2860 ἔχομεν.
1251 2834 1260 2850 ι
1273 2823 1413 2855 Τουτέστι,
1438 2822 1471 2849 τὰ
1487 2823 1515 2848 ἐν
1531 2821 1570 2858 τῷ
1585 2821 1622 2857 νῷ
1637 2822 1683 2849 τοῦ
1697 2818 1820 2856 Χριστοῦ.
