1880 3057
184 169 235 203 671

711 167 911 198 (ECUMENII
923 166 1070 197 TRICC/E
1088 167 1258 198 EPISCOP!

1769 167 1823 199 672

186 225 272 260 igitur
303 227 346 252 est
371 223 492 252 Paulus?
511 233 520 249 ι
538 223 560 251 0
586 222 776 252 admirandam
799 222 928 257 sapientia

1079 232 1081 240 ν
1097 223 1156 249 ἐστι
1182 221 1289 254 Παῦλος
1304 230 1312 254 ;
1331 231 1340 248 ι
1360 221 1447 249 Βαὸαὶ
1461 221 1512 257 τῆς
1540 222 1636 257 σοφίας
1646 222 1707 253 lsi;
1723 222 1821 249 ἑαυτὸν

187 271 315 305 Seipsum
328 274 357 297 et
370 270 468 305 Apollo
477 273 607 296 extenuat
617 272 649 295 ut
668 268 721 296 hoc
737 272 849 295 statuat.
877 267 906 295 Si
917 275 978 301 nos,

187 316 287 350 inquit,
302 316 372 342 nihil
389 323 497 347 sumus,
512 315 576 350 quid
599 314 700 349 poterit
715 314 852 349 quispiam
886 313 980 342 dicere

185 363 218 390 de
233 361 450 396 praeceptoribus
459 361 505 396 qui
523 361 596 395 apud
609 369 658 388 vos
683 365 746 388 sunt
761 361 773 388 3
789 370 798 386 ι
814 360 872 388 Nisi
899 360 982 387 mini—

185 408 246 434 slri.
263 416 272 432 ι
293 406 420 442 Magnum
435 406 547 440 quidem
561 410 602 433 est
633 413 694 433 esse
727 406 810 433 etiam
838 405 982 432 ministros

188 452 262 485 tidei;
284 459 383 479 verum
398 452 420 479 si
438 451 471 478 ad
484 451 639 486 exemplum
650 451 786 484 conferas,
804 451 981 486 radiccmque

187 501 323 525 honorum
341 497 499 528 Christum,
528 505 593 532 pars
615 497 740 532 quaedam
765 496 902 524 sermonis
927 501 980 523 est.

184 542 252 570 Nam
269 543 400 578 quihona
417 543 525 574 tribuit,
551 543 576 570 is
597 543 707 570 demum
739 543 809 570 bene
839 543 873 570 de
901 542 982 570 nobis

186 595 320 622 meretur,
334 598 389 616 non
406 589 457 624 qui
467 589 616 616 ministrat.
633 588 756 616 Minister
781 593 870 616 tamen
893 588 981 623 major

186 641 274 664 esteo
286 636 332 671 qui
345 635 524 671 Evangelinm
542 635 681 670 prmdicat,
699 639 834 669 quatenus
851 635 897 662 hic
919 634 982 669 qui-

186 683 248 710 dem
276 690 421 709 sermones
446 682 602 712 annuntiat.
628 681 674 708 ille
699 689 766 708 vero
787 681 870 708 etiam
897 688 980 715 opera

187 729 311 756 exhibet.
334 738 343 754 ‹
360 729 394 755 Ει
423 732 454 755 ιιι
470 728 571 762 cuique
590 727 724 755 Dominus
751 727 838 756 dedit.
857 737 866 753 ›
887 727 982 762 Neque

187 784 261 808 eam,
274 776 374 810 inquit,
385 774 534 802 ministerii
546 779 649 809 partem
658 783 672 802 a
685 775 836 810 nobisipsis
847 774 982 802 habemus

188 822 237 850 sed
252 822 306 849 hoc
324 822 414 856 ipsum
441 829 551 856 quoque
565 829 580 848 a
597 821 707 848 Christo
730 822 897 857 accepimus.
925 821 982 848 H‘oc

188 869 262 896 enim
274 868 334 895 vult
349 875 410 895 cum
429 868 487 894 ait:
507 878 515 893 ι
528 868 561 895 Ει
573 872 602 894 ut
614 868 712 902 cuique
726 867 857 894 Dominus
869 866 953 894 dedit.
968 876 978 893 ι

192 923 201 940 ι
217 913 274 949 Ego
290 913 419 948 plantavi.
436 923 444 939 ι
463 913 520 947 Ego
545 913 657 948 quidem
681 913 787 948 primus
807 913 980 948 prmdicatio-

189 967 252 987 nem
268 959 295 986 in
310 959 389 986 vobis
398 959 587 990 disseminavi,
603 959 716 994 Apollos
731 967 796 986 vero
814 967 863 986 sua
879 959 981 986 exhor-

190 1005 294 1032 tatione
304 1013 360 1032 non
375 1004 601 1039 permisitsemc'n
611 1005 711 1032 ardore
725 1005 907 1032 tentationum
917 1013 980 1032 exa-

189 1058 299 1078 rescere
338 1050 493 1077 Perfectum
507 1057 572 1077 vero
599 1057 677 1085 opus,
702 1050 750 1077 Dei
766 1055 808 1077 est
831 1051 878 1085 qui
904 1050 981 1077 dedit

190 1096 403 1124 incrementum.
425 1105 433 1121 ι
452 1095 546 1130 Neque
562 1096 608 1130 qui
625 1096 729 1131 plantat
757 1100 799 1123 est
822 1096 936 1131 aliquid.
969 1106 977 1122 ι

189 1141 257 1168 Vide
267 1141 406 1176 quomodo
419 1141 626 1176 depressionem
645 1141 762 1169 divitum
777 1150 808 1169 ac
823 1142 979 1177 sapientum

190 1188 237 1223 qui
247 1189 288 1215 eis
302 1193 450 1223 praeerant,
466 1188 569 1215 invidia
582 1196 678 1216 carere
691 1188 766 1220 facit,
800 1188 981 1223 deprimendo

189 1235 310 1269 acipsum
325 1238 353 1262 et
380 1234 478 1269 Apollo
506 1239 638 1269 quantum
667 1235 700 1262 ad
730 1235 929 1270 apparentiam,
954 1240 982 1262 et

192 1281 365 1309 ostendendo
390 1281 463 1316 quod
479 1281 512 1308 ad
524 1282 612 1309 solum
625 1282 711 1309 Deum
735 1281 877 1308 attendere
900 1290 982 1316 opor-

192 1330 257 1356 teat.
272 1331 300 1353 et
316 1326 343 1353 in
356 1326 444 1361 ipsum
458 1326 562 1354 referre
583 1326 710 1353 universa
733 1334 793 1361 qum
819 1326 982 1362 contingunt

194 1371 283 1399 bona!‘
299 1380 308 1397 (
322 1372 373 1405 Qui
386 1372 491 1407 plantat
511 1377 540 1400 et
556 1372 603 1408 qui
618 1373 687 1407 rigat
718 1380 802 1399 unum
828 1376 902 1400 sunt.
919 1382 927 1398 ›
951 1372 981 1400 in

192 1420 246 1447 hoc
262 1419 335 1455 quod
358 1420 427 1447 nilnl
446 1421 565 1456 amplius
585 1421 691 1455 possint
723 1420 826 1455 absque
851 1421 906 1448 Deo
933 1429 982 1447 au-

193 1469 360 1502 gmentante.
377 1481 412 1486 -—
431 1466 490 1493 Alio
517 1466 602 1493 modo.
639 1466 867 1501 Quandoquidem
897 1467 982 1494 multa

195 1519 260 1539 sane
272 1513 408 1547 percurrit
429 1513 463 1540 de
486 1512 712 1547 praeceptoribus,
745 1513 862 1540 dicens:
884 1522 892 1538 ι
916 1512 983 1546 Quis

193 1563 235 1586 est
246 1559 356 1591 Paulus,
370 1560 433 1594 quis
448 1567 514 1586 vero
530 1558 660 1593 Apollos!
682 1569 690 1584 ι
708 1564 735 1586 et
751 1567 859 1586 rursum
875 1565 882 1586 :
905 1569 913 1584 ι
928 1559 981 1587 Ila-

193 1611 247 1640 qne
267 1613 355 1640 neque
377 1605 423 1640 qui
453 1604 609 1640 plantatcst
623 1605 738 1640 aliquid,
762 1613 852 1640 neque
875 1605 922 1640 qui
942 1605 981 1632 ri-

193 1656 250 1685 gat.
265 1651 342 1679 )“OC
358 1656 448 1678 autem
464 1651 591 1684 faciebat,
615 1659 710 1679 eorum
739 1652 864 1687 mitigare
887 1653 982 1680 volens

194 1697 336 1730 ard‘orem,
363 1697 409 1732 qui
431 1696 467 1723 ob
497 1696 652 1724 doctrinam
672 1698 870 1733 superbiebant
895 1703 924 1725 et
947 1698 981 1725 ad

193 1744 385 1770 contentiones
413 1749 445 1770 ac
467 1741 601 1770 factiones
624 1743 726 1770 Christi
755 1743 885 1778 populum
917 1751 981 1777 per.

195 1790 350 1817 trahebant.
371 1789 504 1822 Quoniam
528 1789 612 1824 igitur
632 1790 700 1816 satis
717 1789 792 1816 visus
813 1794 855 1816 est
871 1789 982 1816 illorum

194 1836 293 1863 fastum
322 1843 469 1870 purgasse;
489 1843 522 1862 eo
544 1835 617 1870 quod
646 1835 768 1870 seipsum
793 1843 903 1869 quoque
929 1843 983 1862 una

193 1890 257 1910 cum
279 1882 375 1917 Apollo
393 1881 570 1916 depresserit,
587 1889 619 1909 ne
637 1882 748 1917 quidam
774 1882 884 1910 dicant:
902 1881 985 1918 440

194 1927 269 1955 Vane
299 1926 382 1961 igitur
403 1926 547 1961 praedicas,
572 1926 679 1961 frustra
693 1928 833 1955 sustinens
854 1935 903 1962 pro
916 1936 985 1962 pra:-

194 1971 332 2000 dicatione
346 1971 464 1999 labores.
484 1972 788 2007 Hujusmodirel‘ellens
814 1973 985 2008 objectioncs

194 2018 338 2053 subjungit
355 2026 361 2044 :
376 2018 572 2053 Unusquisque
587 2026 663 2045 suam
683 2018 837 2046 mercedem
856 2019 984 2054 accipiet,

192 2064 271 2099 juxta
285 2071 364 2091 suum
376 2064 510 2092 laborem.
528 2074 537 2090 ι
557 2064 658 2092 Dicens
680 2065 878 2100 propemodum
901 2073 909 2092 :
935 2073 986 2092 ne-

194 2118 332 2145 quaquam
350 2110 442 2138 animo
453 2115 568 2144 angatur
583 2110 629 2145 qui
640 2111 710 2138 bene
721 2111 818 2142 docet,
830 2119 986 2146 quanquam

194 2157 268 2184 enim
280 2157 498 2192 prohibetur,nc
514 2157 616 2185 Christi
630 2157 762 2193 populum
779 2157 896 2191 dividat,
915 2158 985 2186 sibi-

194 2211 248 2239 que
275 2204 408 2236 vindicet,
437 2209 464 2231 et
494 2203 566 2231 inter
597 2211 645 2231 vos
675 2207 805 2238 tanquam
834 2210 988 2239 praeceptor

1030 268 1078 294 καὶ
1106 268 1228 295 Ἀπολλῶ
1250 267 1371 303 ὲκενώθη
1389 289 1396 301 ,
1427 268 1508 295 τοῦτο
1543 268 1769 300 κατασκευάζων.
1792 269 1823 295 El

1031 313 1123 348 ἡμεῖς,
1143 313 1236 348 φησιν,
1248 313 1325 339 οὐδέν
1340 313 1436 348 ἐσμεν,
1456 314 1484 340 τί
1496 314 1529 341 ἄν
1545 322 1588 345 τις
1598 314 1670 340 εἴποι
1686 314 1752 348 περὶ
1767 314 1823 340 τῶν

1031 359 1096 393 παρ’
1110 359 1176 393 ὑμῖν
1196 358 1381 392 διδασκάλωνς
1401 368 1411 385 ‹
1438 359 1509 386 Ἀλλ’
1531 359 1548 394 ἢ
1566 359 1696 387 διάκονοι.
1713 369 1722 385 ι
1741 359 1823 393 Μέγα

1033 403 1094 439 μὲν,
1113 405 1159 431 καὶ
1176 403 1206 430 τὸ
1233 401 1303 430 εἶναι
1324 404 1465 436 διακόνους
1488 404 1617 437 πίστεως,
1647 405 1717 439 πρὸς
1745 404 1774 431 δὲ
1792 404 1824 430 τδ

1031 449 1186 484 ἀρχέτυπον
1206 449 1254 476 καὶ
1267 449 1321 484 τὴν
1331 449 1410 485 ῥίζαν
1425 449 1479 476 τῶν
1489 449 1601 483 ἀγαθῶν
1629 451 1674 477 τὸν
1690 450 1821 486 Χριστὸν.

1034 495 1118 529 μέρος
1130 503 1156 521 τι
1169 494 1260 529 λόγου.
1283 495 1312 522 '0
1325 495 1379 530 γὰρ
1393 495 1521 531 παρέχων
1547 496 1582 523 τὰ
1599 497 1702 531 ἀγαθὰ,
1733 497 1789 531 οὐχι
1809 497 1823 522 ό

1031 538 1163 565 διακονῶν
1177 539 1326 574 εὐεργετεῖ.
1356 539 1392 565 Τὸ
1404 539 1458 575 γὰρ
1486 539 1622 573 διάκονος,
1654 541 1750 576 μεῖξον
1775 540 1823 566 τοῦ

1032 587 1287 621 εὐαγγελιζομένου,
1317 587 1379 614 ὅσον
1395 589 1408 614 ὀ
1435 589 1484 622 μὲν
1503 588 1600 622 λόγους
1611 589 1794 624 ἀπαγγέλλει,
1812 591 1825 615 ὀ

1031 633 1060 661 δὲ
1073 635 1118 660 καὶ
1129 633 1199 668 ἔργα
1211 635 1296 660 ποιεῖ.
1312 643 1321 660 ι
1342 635 1397 661 Καὶ
1416 635 1526 670 ἑκάστῳ
1542 635 1580 666 ὡς
1596 636 1610 662 ὁ
1639 636 1743 672 Κύριος
1758 636 1826 663 ἔδω-

1032 688 1090 706 κεν.
1111 689 1120 705 )
1141 679 1207 706 Οὐδὲ
1224 679 1289 706 αὐτο
1301 680 1330 706 τὸ
1343 681 1484 716 μικρὸν-τὺ
1498 683 1548 719 τῆς
1559 681 1708 714 διακονίας,
1742 684 1824 718 φησὶ,

1032 726 1100 761 παρ’
1116 726 1222 752 ἑαυτῶν
1236 726 1346 762 ἔχομεν,
1361 727 1430 753 ἀλλὰ
1443 727 1489 754 καὶ
1509 728 1588 754 τοῦτο
1615 728 1691 764 παρὰ
1718 729 1826 765 Κυρίου

1032 772 1194 807 εἰλήφαμεν.
1210 772 1296 800 Τοῦτο
1306 773 1392 807 λέγει,
1413 783 1422 799 ‹
1443 773 1498 800 Καλ⁸
1517 774 1627 810 ἑκάστῳ
1638 775 1675 806 ὼς
1691 777 1705 802 ὁ
1722 776 1828 810 Κύριος

1033 817 1143 845 ἔδωκεν.
1176 828 1185 844 ι
1207 828 1216 845 ι
1241 818 1312 853 Ἐγὼ
1328 819 1476 854 ἐφύτευσα.
1501 829 1510 846 ›
1545 820 1615 855 Ἐγὼ
1641 821 1709 856 μὲν,
1745 822 1825 856 φησι,

1034 865 1143 900 πρῶτος
1158 865 1188 892 τδ
1203 866 1334 901 κήρυγμα
1364 867 1580 903 ὲγκατέσπειρα,
1607 867 1621 894 ό
1639 867 1667 894 δὲ
1687 867 1827 899 Ἀπολλὼς

1032 912 1065 946 τῇ
1079 911 1144 947 παρ’
1159 912 1256 938 ἑαυτοῦ
1274 912 1458 948 παρακλήσει,
1474 913 1524 940 οὐκ
1553 913 1644 940 εἴασεν
1666 914 1828 949 ἀποξηραν-

1033 957 1112 992 θῆναι
1125 957 1171 984 τὸν
1179 957 1284 992 σπόρον
1297 958 1335 993 τῷ
1347 958 1468 985 καύσωνι
1483 958 1535 986 τῶν
1567 960 1741 995 πειρασμῶν,
1752 960 1785 986 τδ
1799 960 1826 986 δὲ

1033 1002 1065 1037 δὴ
1089 1003 1159 1033 ὅλον.
1185 1002 1235 1029 τοῦ
1264 1003 1428 1036 αὖξάνοντος
1454 1004 1534 1031 Θεοῦ.
1554 1014 1562 1030 ι
1577 1004 1646 1032 Οὔτε
1664 1007 1678 1032 ὸ
1698 1005 1827 1039 φυτεύων

1034 1049 1137 1076 ἕστιτι.
1161 1059 1170 1076 ι
1189 1050 1260 1085 Ὅρα
1284 1050 1342 1082 πῶς
1362 1050 1503 1086 ἀνεπαχθῆ
1529 1052 1648 1078 ποιεῖται
1675 1051 1725 1086 τὴν
1748 1052 1827 1085 ἐξου-

1034 1097 1146 1123 δένωσιν
1164 1097 1219 1123 τῶν
1243 1097 1424 1133 προεστώτων
1439 1098 1528 1124 αὐτῶν
1551 1099 1641 1133 σοφῶν
1667 1099 1715 1126 καὶ
1742 1099 1827 1126 πλου-

1035 1143 1111 1175 σίων,
1127 1143 1224 1171 ἑαυτὸν
1242 1143 1289 1170 καὶ
1310 1143 1433 1170 ’Λπολλῶ
1449 1144 1490 1175 εἷς
1512 1144 1542 1170 τὸ
1563 1144 1730 1179 φαινόμενον
1747 1145 1828 1177 ἐξου-

1033 1190 1164 1224 δενὼσας,
1182 1190 1229 1217 καὶ
1246 1190 1336 1223 δείξας
1353 1191 1391 1222 ὥς
1417 1191 1471 1226 χρὴ
1499 1190 1572 1226 μόνῳ
1596 1190 1635 1225 τῷ
1654 1191 1714 1226 Θεῷ
1739 1200 1828 1228 προσ-

1035 1234 1118 1270 ἐχειν,
1129 1234 1177 1261 καὶ
1187 1235 1226 1265 είς
1238 1235 1320 1261 αὑτὸν
1331 1234 1488 1262 ἀνατιθέναι
1500 1236 1630 1262 πάντατὰ
1641 1235 1829 1270 συμϐαίνοντα

1036 1280 1145 1314 irradia;
1167 1289 1176 1305 ι
1198 1280 1228 1306 '0
1245 1279 1379 1314 φυτεύων,
1401 1281 1477 1315 φησὶ,
1495 1281 1542 1307 καὶ
1555 1281 1569 1307 ὁ
1592 1281 1712 1312 ποτίζων
1739 1281 1769 1307 ἓν
1787 1281 1829 1307 εξ-

1036 1333 1089 1357 σιυ,
1113 1333 1122 1350 ι
1143 1324 1205 1350 ὅσον
1221 1321 1299 1359 ἧκεν,
1319 1324 1366 1355 Εἰς
1376 1324 1408 1350 τδ
1423 1324 1509 1360 μηδὲν
1524 1324 1657 1351 δύνασθαι
1671 1325 1754 1351 πλέον
1762 1325 1829 1352 ἄνευ

1036 1368 1082 1396 τοῦ
1113 1369 1275 1402 αὐξάνοντος
1294 1369 1373 1396 Θεοῦ.
1389 1384 1422 1389 -
1439 1369 1566 1404 Ἄλλως.
1582 1369 1684 1406 [ΦΩΤ.]
1714 1371 1830 1406 Ἐπειδὴ

1036 1415 1121 1442 πολλὰ
1134 1415 1289 1450 κατέδραμε
1303 1415 1358 1441 τῶν
1373 1415 1552 1448 διδασκάλων,
1565 1415 1662 1450 λέγων,
1683 1425 1693 1441 ‹
1708 1416 1757 1447 Τίς
1768 1417 1830 1442 ἐστι

1037 1461 1152 1494 Παῦλος,
1173 1461 1215 1492 τίς
1243 1460 1271 1486 δὲ
1308 1459 1465 1494 Ἀπολλώς;
1494 1470 1503 1487 ›
1530 1461 1586 1488 Καὶ
1601 1461 1693 1494 πάλιν,
1713 1471 1723 1488 ‹
1744 1461 1829 1488 Ὥστε

1036 1505 1097 1533 οὔτε
1111 1507 1125 1533 ὁ
1139 1505 1257 1538 ποτίζων
1270 1504 1327 1532 ἔστι
1341 1513 1377 1538 τι,
1387 1504 1450 1532 οὔτε
1475 1507 1488 1532 ὁ
1504 1506 1640 1541 φυτεύων.
1664 1515 1673 1532 ι
1693 1506 1780 1534 Τοῦτο
1801 1506 1832 1533 δὲ

1037 1552 1134 1585 ὲποίει,
1151 1552 1270 1587 πραϋναι
1282 1551 1368 1578 θέλων
1385 1551 1433 1587 τὴν
1448 1552 1604 1588 φλεγμονὴν
1634 1552 1688 1579 τῶν
1715 1553 1763 1579 ini.
1792 1554 1828 1588 τῇ

1034 1597 1196 1634 διδασκαλίᾳ
1217 1598 1521 1633 καταλαζονευομένων,
1546 1599 1592 1625 καὶ
1621 1599 1661 1630 εἷς
1684 1598 1758 1634 ἕρεις
1779 1600 1831 1626 καὶ

1037 1644 1147 1675 στάσεις
1158 1644 1204 1670 τὸν
1217 1643 1281 1670 λαὸν
1292 1642 1339 1670 τοῦ
1367 1642 1487 1678 Χριστοῦ
1505 1643 1730 1670 καταδιελόντων.
1748 1644 1830 1670 Ἐπεὶ

1034 1689 1081 1718 οὖν
1096 1690 1196 1722 ἱκανῶς
1207 1690 1280 1722 ἔδοξε
1294 1690 1434 1726 καθαιρεῖν
1444 1689 1490 1717 τὸν
1507 1690 1618 1716 ἐκείνων
1632 1689 1726 1724 τῦφον,
1740 1690 1784 1717 διὰ
1798 1691 1830 1717 τὺ

1035 1736 1082 1764 καὶ
1094 1736 1190 1763 ἑαυτὸν
1202 1736 1388 1763 συνευτελίσαι
1397 1736 1444 1763 καὶ
1454 1736 1499 1762 τὸν
1507 1735 1638 1768 Ἀπολλὼ,
1651 1736 1694 1762 ἵνα
1706 1737 1742 1771 μή
1753 1745 1830 1768 τινες

1035 1782 1148 1809 εἴπωσιν
1165 1789 1172 1796 ·
1194 1781 1300 1808 Οὐκοῦν
1313 1782 1400 1817 μάτην
1410 1781 1557 1815 διδάσκεις,
1572 1781 1662 1817 μάτην
1677 1781 1740 1813 τοὺς
1754 1783 1829 1817 ὑπὲρ

1035 1827 1082 1854 τοῦ
1096 1827 1274 1863 κηριξγματος
1288 1827 1385 1859 πόνους
1397 1827 1605 1862 ἀναδεχόμενος.
1622 1827 1764 1863 Ἐπήγαγε
1777 1828 1829 1860 τὰς

1035 1874 1163 1905 τοιαύτας
1188 1873 1409 1909 ἁποκρουόμενος
1433 1873 1540 1905 λαῦἂς,
1568 1881 1579 1899 ι
1611 1873 1748 1904 Ἕκαστος
1781 1874 1830 1899 τὸν

1037 1918 1102 1946 ῐδιον
1117 1919 1212 1954 μισθὸν
1224 1919 1351 1954 λήψεται,
1374 1919 1444 1946 κατὰ
1457 1919 1502 1944 τὸν
1515 1918 1580 1945 ῐδιον
1594 1918 1689 1951 κόπον,
1705 1927 1714 1944 ι
1729 1927 1829 1953 μονον-

1037 1966 1097 2000 ουχὶ
1108 1965 1207 2000 λέγων,
1238 1965 1321 2001 μηδὲν
1343 1965 1484 2000 ἁθυμείτω
1500 1966 1513 1991 ὁ
1525 1964 1616 1996 καλῶς
1633 1964 1778 1991 διδάσκων.
1797 1965 1830 1992 Εἰ

1037 2013 1092 2048 γὰρ
1107 2013 1154 2039 καὶ
1169 2011 1325 2039 κεκώλυται
1339 2011 1462 2047 μερίζειν
1475 2011 1521 2037 τὸν
1540 2010 1605 2037 λαδν
1631 2010 1678 2036 τοῦ
1705 2010 1829 2046 Χριστοῦ

1037 2058 1084 2084 καὶ
1097 2057 1295 2089 ἱδιοποιεῖσθαι,
1309 2058 1357 2084 καὶ
1373 2056 1598 2092 σεμνολογεϊσθαι
1624 2057 1653 2083 ὲν
1677 2056 1769 2088 αὐτοῖς
1789 2057 1828 2088 ὠς

1037 2100 1206 2134 διδάσκαλος,
1239 2101 1297 2128 ἀλλ’
1327 2098 1374 2128 οὖν
1397 2109 1429 2135 γε
1459 2101 1556 2136 μισθον
1572 2100 1699 2136 λήψεται,
1716 2101 1764 2127 καὶ
1779 2102 1830 2136 οὐχ

1037 2146 1141 2178 ἁπλῶς,
1164 2146 1232 2174 ἀλλὰ
1260 2147 1331 2174 κατὰ
1356 2147 1402 2173 τὸν
1414 2146 1479 2173 ῑδιον
1499 2146 1594 2174 κόπον.
1611 2145 1677 2174 Εἶτα
1705 2147 1830 2183 ἐπαίρων

1038 2193 1084 2220 ἐπὶ
1105 2193 1186 2220 πλέον
1200 2194 1230 2220 τδ
1244 2194 1371 2229 πρᾶγμα,
1390 2193 1438 2220 καὶ
1465 2193 1646 2229 πιστούμενος
1662 2194 1703 2220 ὅτι
1716 2194 1830 2225 παντως

194 2258 254 2278 sese
266 2251 351 2286 jactet
371 2259 377 2278 :
396 2255 517 2278 attamen
541 2250 694 2277 mercedem
711 2249 837 2285 accipiet,
852 2258 936 2285 neque

1084 2248 1116 2266 ἀι
1129 2240 1144 2265 ὸ
1159 2239 1264 2275 μισθὸς,
1276 2249 1286 2265 ι
1302 2239 1370 2266 Θεοῦ
1384 2239 1449 2276 γὰρ.
1460 2239 1553 2274 φησιν,
1570 2239 1654 2275 ἐσμὲν
1663 2241 1800 2275 συνεργολ,
1818 2249 1826 2266 ι

195 2297 453 2332 temere.sedjnxta
471 2305 552 2324 suum
571 2297 705 2324 laborem.
729 2295 834 2324 Deinde
856 2304 914 2324 rem
927 2304 985 2324 am-

194 2343 268 2376 plius
287 2342 428 2374 attollens,
450 2346 478 2370 et
504 2342 672 2369 conﬁrmans
694 2341 767 2376 quod
796 2341 910 2370 omnino
932 2341 987 2369 erit

195 2395 311 2415 merces.
341 2397 349 2412 ι
366 2386 434 2414 Nam
448 2387 507 2419 Dei,
526 2387 627 2422 inquit,
641 2392 837 2422 cooperatores
861 2395 982 2419 sumus,»

193 2432 276 2459 simul
289 2431 400 2467 quidem
410 2437 439 2459 ut
450 2432 506 2458 dixi
517 2431 649 2459 doctrina:
663 2440 732 2468 opus
745 2432 985 2465 illustrans,simul

193 2478 277 2505 etiam
291 2471 401 2505 rursum
411 2479 590 2506 subindicans
599 2478 673 2513 quod
685 2486 755 2514 opus
768 2479 815 2507 Dei
831 2480 876 2506 sit.
889 2479 985 2513 Itaque

195 2532 250 2551 non
269 2527 380 2558 oportet
395 2529 443 2551 aut
459 2525 509 2552 sibi
522 2525 664 2552 vindicare
680 2530 728 2552 aut
738 2525 805 2552 illud
819 2524 984 2558 discindere,

193 2571 261 2605 quin
276 2570 368 2605 potius
383 2571 550 2606 conjungere
571 2575 599 2598 et
616 2572 694 2598 unire
715 2579 722 2597 :
739 2579 801 2598 nam
814 2570 917 2598 hocest
940 2578 986 2598 eo-

193 2616 312 2651 operari.
328 2615 386 2643 Sibi
402 2621 493 2643 autem
509 2615 650 2643 vindicare
664 2623 696 2643 ac
708 2615 842 2647 dividere,
860 2615 986 2643 inimico-

194 2671 256 2690 rum
267 2667 309 2690 est
334 2663 502 2690 etltostium.
523 2661 628 2690 Deinde
645 2662 672 2689 in
691 2661 744 2689 hoc
771 2661 984 2696 insistitjeadem

194 2715 275 2738 utens
292 2709 539 2737 demonstrationis
567 2709 660 2744 regula
679 2717 685 2735 :
705 2707 780 2742 quod
795 2708 908 2736 omnino
931 2717 985 2736 non

194 2761 322 2792 oporteat
337 2757 469 2792 populum
482 2755 608 2791 personis
624 2754 803 2782 distribuere.
824 2765 833 2781 ι
855 2755 915 2787 Dei,
942 2755 985 2782 in-

195 2803 266 2837 quit,
282 2802 443 2837 agricolatio
453 2801 530 2832 estis,
542 2800 591 2828 Dei
611 2799 766 2827 :edihcatio.
788 2800 841 2828 »υι
864 2800 911 2835 qui
938 2808 986 2828 vos

195 2849 271 2883 ipsos
281 2848 447 2883 deprimitis,
460 2848 487 2875 id
502 2847 575 2882 quod
592 2846 639 2874 Dci
653 2850 705 2879 est,
717 2847 900 2874 atlribucnles
917 2854 984 2874 con-

196 2893 305 2921 servis?
323 2902 332 2919 ‹
355 2893 435 2921 Juxta
446 2901 526 2920 suum
545 2893 678 2921 laborem.
699 2903 706 2919 I
725 2892 861 2927 Quoniam
884 2891 983 2920 verisi-

1039 2284 1098 2318 ἆμα
1114 2283 1175 2319 μὲν,
1190 2283 1285 2319 ὥσπερ
1293 2281 1381 2316 εἷπον,
1392 2285 1440 2311 καὶ
1454 2284 1623 2320 λαμπρύνων
1640 2284 1669 2311 τὸ
1681 2285 1733 2318 τῆς
1753 2285 1830 2312 διδα-

1039 2332 1163 2365 σκαλίας,
1177 2332 1235 2367 ἅμα
1248 2332 1277 2359 δὲ
1290 2332 1338 2359 καὶ
1351 2332 1430 2359 πάλιν
1443 2332 1612 2364 ὑποδεικνὺς,
1630 2332 1670 2358 ὅτι
1685 2331 1754 2358 Θεοῦ
1771 2332 1831 2358 ἐστὶ

1037 2379 1067 2405 τὸ
1081 2379 1171 2414 ἔργον,
1187 2377 1258 2404 ὥστε
1273 2378 1303 2404 οὗ
1320 2378 1360 2404 δεῖ
1375 2378 1558 2405 ίδιοποιεῖσθαι
1575 2379 1623 2405 καὶ
1644 2377 1831 2412 κατατέμνειν

1037 2424 1113 2457 αὐτὸ,
1134 2423 1234 2459 μᾶλλον
1263 2424 1291 2450 δὲ
1309 2423 1455 2451 συνάπτειν
1465 2424 1511 2451 καὶ
1524 2425 1656 2451 ἐνοποιεῖν
1669 2424 1760 2460 (τοῦτο
1774 2425 1830 2460 γὰρ

1039 2469 1199 2506 συνεργῶν),
1213 2470 1244 2497 τὺ
1261 2470 1290 2497 δὲ
1307 2470 1495 2498 ίδιοποιεῖσθαι
1508 2471 1555 2497 καὶ
1572 2470 1706 2506 μερίζειν,
1723 2470 1831 2505 ἐχθρῶν

1037 2515 1084 2542 καὶ¹
1101 2515 1248 2550 πολεμίων.
1262 2512 1330 2542 Εἶτα
1351 2516 1486 2552 ἐπιμένει,
1499 2515 1624 2551 τῷ
1651 2515 1700 2550 τῆς
1716 2515 1830 2542 ἀποδεξ-

1038 2561 1105 2595 ξεως
1117 2561 1261 2598 χρώμενος
1271 2562 1374 2596 κανόνι,
1387 2563 1428 2590 ὄτι
1442 2562 1472 2589 οὗ
1497 2561 1555 2598 χρὴ-
1569 2561 1773 2596 κατανέμεσθαι
1785 2562 1831 2589 τὸν

1036 2609 1099 2636 λαὸν
1114 2609 1271 2645 προσώποις
1286 2609 1365 2641 ὅλως.
1387 2619 1397 2635 ‹
1413 2609 1481 2635 Θεοῦ
1500 2608 1634 2643 γεώργιόν
1649 2608 1720 2639 ἐστε,
1749 2609 1830 2643 φησι,

1036 2655 1104 2683 Θεοῦ
1129 2655 1269 2691 οἰκοδομή.
1298 2664 1307 2681 ι
1325 2654 1358 2681 Τί
1379 2654 1582 2686 κατευτελίζετε
1609 2654 1734 2686 ἑαυτοὺς,
1769 2654 1831 2680 ἐνὸν

1036 2703 1104 2729 Θεοῦ
1116 2701 1186 2729 εἶναι
1196 2703 1252 2733 τοῖς
1268 2700 1424 2736 ὁμοδούλοις
1440 2700 1630 2734 άιιατιοέμενοι
1644 2708 1651 2732 ;
1666 2709 1675 2725 ι
1695 2699 1774 2726 Κατὰ
1782 2700 1831 2726 τὸν

1037 2750 1102 2776 [διον
1116 2749 1210 2776 κόπον.
1231 2757 1240 2773 t
1264 2746 1373 2782 Ἐπειδὴ
1389 2746 1462 2778 εἰκὸς
1475 2744 1509 2782 ἦν
1527 2747 1590 2778 τοὺς
1615 2746 1701 2772 πλείω
1726 2746 1831 2780 καμόν-

1037 2804 1087 2827 τας
1105 2794 1223 2830 περὶτὴν
1239 2793 1352 2819 ἐκείνων
1365 2793 1456 2819 πίστιν
1472 2792 1675 2827 ραθυμοτὲρους
1686 2792 1829 2826 γενέσθαι,

1036 2841 1209 2872 ἀκούσαντας
1239 2839 1268 2865 ἓν
1285 2837 1355 2866 εἶναι
1387 2839 1490 2871 πάντας
1505 2839 1555 2866 κᾶν
1572 2838 1672 2874 μικρὸν
1687 2838 1739 2866 κᾶν
1754 2839 1835 2874 μέγα

1035 2896 1088 2921 τις,
1105 2886 1184 2922 ἔτυχε
1200 2884 1424 2920 συνεισενεγκὼν,
1446 2885 1548 2917 εὐθέως
1570 2885 1636 2912 αὑτό
1659 2885 1828 2922 διορθοῦται.
