1880 3057
193 164 245 196 675

193 220 308 256 quisitio
339 227 346 246 :

194 270 325 301 tanquam
340 272 438 293 aurum
454 268 482 292 et
496 267 651 298 argentum,
666 261 738 297 ignis
751 261 848 289 reddet
862 260 983 296 splendi-

195 312 286 340 diores
307 322 314 340 :
332 311 477 347 pravitatis
495 315 587 337 autem
618 313 788 344 operatores,
805 315 881 335 more
893 307 982 342 ligno-

195 367 269 391 rum,
287 358 342 386 t‘eni
358 365 389 385 ac
407 357 515 392 stipulae
530 361 682 383 consumet.
696 356 718 382 A
730 355 843 382 doctore
857 362 923 382 vero
936 354 984 389 qui

195 412 227 431 ea
239 404 332 431 docuit
343 410 404 438 quae
417 403 516 430 decent
532 409 587 429 non
602 402 748 436 exigentur
760 409 858 436 pmnze,
873 401 928 427 imo
942 407 986 427 sa-

195 449 251 476 lute
266 448 366 483 dignus
384 448 542 478 habebitur,
559 452 586 475 et
604 447 657 474 hoc
669 452 711 475 est
728 447 802 482 quod
818 447 856 474 ait
872 455 879 472 :
901 455 910 472 ‹
925 446 985 481 Ipse

194 501 261 521 vero
276 493 443 526 servabitur,
462 503 472 519 ι
491 500 590 528 nempe
606 492 653 528 qui
667 492 758 525 docet,
778 502 786 518 (
801 492 876 527 Opus
892 496 985 519 autem

194 543 336 571 exuretur,
359 548 369 564 ι
397 538 451 565 hoc
477 542 528 570 est,
558 538 577 564 ii
599 537 646 572 qui
671 537 777 572 seipsos
789 541 986 564 exstruxerunt

194 592 309 619 pravum
327 591 407 619 opus.
432 584 467 611 Et
490 584 527 610 ita
547 582 695 618 diligenter
716 583 838 618 legentes
861 583 986 610 invenie-

194 637 255 657 mus
267 629 474 664 Scripturarum
488 629 652 656 sententiam
668 637 674 655 :
697 637 706 653 ι
727 628 755 655 Si
767 628 846 663 cujus
860 635 929 663 opus
940 635 986 654 ex-

194 680 285 703 ustum
296 676 392 709 fuerit,
408 675 540 703 damnum
550 675 689 710 patietur:
707 675 765 709 ipse
780 681 845 701 vero
862 674 986 701 servabi-

196 726 240 749 tur
256 723 297 750 sic
317 726 409 750 tamen
432 726 462 749 ut
483 730 534 757 per
554 723 666 757 ignem;
682 731 691 748 ι
717 721 768 748 hoc
788 725 840 754 est,
859 724 985 748 exustum

196 767 369 803 tueritjopus
387 768 447 802 ejus
463 775 512 802 per
528 768 628 803 ignem.
655 767 715 802 lpse
734 774 800 794 vero
819 766 985 799 servabitur,

195 822 294 849 nempe
310 815 408 842 doctor
424 814 470 841 ille
484 821 491 840 :
506 822 597 849 neque
609 814 683 841 enim
696 820 779 841 causa
792 812 844 839 fuit
857 812 987 839 mutatio-

195 859 240 886 nis
254 859 288 886 ad
310 859 337 886 id
360 859 434 894 quod
453 860 532 894 pejus
550 864 602 887 est.
620 859 687 886 Nam
703 858 911 886 convenientem
928 857 987 893 ipse

196 904 350 931 doctrinam
368 904 471 932 attulit.
487 905 589 932 Verum
607 905 630 931 si
650 905 713 940 quis
733 904 803 931 nolit
822 904 986 938 particulam

196 949 282 982 illam,
303 959 313 975 ι
332 950 378 978 Sic
398 954 489 978 tamen
509 955 540 977 ut
560 959 610 986 per
630 951 733 986 ignem,
753 960 762 976 ι
789 950 866 985 operi
881 955 986 985 aptare,

196 995 245 1023 sed
258 995 363 1023 doctori
378 1003 386 1022 :
400 1000 466 1023 tunc
482 996 522 1023 sic
537 996 693 1031 intclligito,
706 995 780 1030 quod
795 1003 845 1030 pro
863 995 917 1023 illis
934 1003 989 1022 nou

196 1041 342 1076 exigentur
371 1041 405 1068 ab
430 1049 465 1068 eo
494 1049 602 1076 pwnze;
632 1042 789 1068 servabitur
813 1046 916 1074 autem,
940 1048 990 1076 per

197 1086 288 1121 ignem
311 1091 339 1114 et
359 1087 417 1122 ipse
441 1088 584 1122 probatus,
601 1093 693 1115 utrum
715 1088 799 1115 vitam
820 1088 919 1115 habeat
940 1088 989 1114 du-

196 1133 294 1160 cti-inae
315 1137 527 1168 congruentum.
547 1142 556 1158 ι
575 1134 692 1166 Aurum,
722 1142 731 1159 ι
752 1133 834 1160 Iidem
858 1133 886 1159 in
909 1133 990 1160 Chri-

196 1182 280 1205 stum.
297 1187 306 1204 ι
321 1178 484 1213 Argentum.
496 1188 506 1204 ι
523 1179 591 1206 Nam
607 1183 672 1206 sunt
686 1184 714 1206 et
729 1179 884 1212 inferiores,
898 1179 991 1206 multat

196 1224 333 1259 siquidem
354 1229 420 1252 sunt
441 1225 514 1260 apud
533 1225 643 1252 Patrem
664 1225 823 1252 mansiones
839 1224 872 1251 ".
897 1234 906 1250 ι
926 1225 990 1252 Dies

196 1271 271 1298 enim
280 1270 440 1298 declarabit.
456 1280 466 1297 ›
477 1271 557 1298 Diem
575 1271 644 1298 dicit
653 1271 761 1306 judicii.
772 1279 781 1296 ι
795 1271 825 1298 1η
835 1270 896 1306 igne
911 1280 921 1297 ι
939 1278 990 1298 au-

198 1320 254 1343 tem
265 1316 334 1344 dicit
352 1317 470 1344 revelari
484 1324 567 1352 opera
581 1325 588 1343 :
606 1317 659 1344 hoc
671 1321 724 1349 est,
736 1316 914 1344 manifestum
930 1316 990 1344 ﬁeri

198 1362 278 1397 cujus
293 1361 348 1388 sint
363 1366 479 1394 naturae,
492 1366 586 1389 utrum
602 1369 712 1395 aurum,
726 1366 820 1389 utrum
833 1366 989 1397 argentum,

199 1408 304 1441 talium,
319 1408 418 1443 inquit,
430 1408 503 1444 ignis
518 1407 680 1443 probativus
692 1408 755 1435 erit.
769 1417 778 1433 ι
789 1407 817 1435 Si
829 1408 909 1443 cujus
921 1415 991 1443 opus

197 1458 325 1482 exustum
342 1454 436 1483 fuerit.
453 1463 462 1480 ι
481 1453 510 1481 Si
528 1454 618 1489 cujus,
638 1453 739 1488 inquit,
755 1461 826 1489 opus
843 1454 898 1481 vim
920 1453 992 1489 ignis

197 1507 254 1527 non
270 1499 376 1532 tulerit,
390 1499 438 1527 sed
452 1499 599 1534 probatum
613 1507 644 1526 ac
659 1499 816 1527 convictum
831 1499 914 1527 fuerit
930 1507 991 1527 esse

197 1545 310 1578 malum,
323 1545 465 1577 damnum,
475 1545 524 1576 ait,
534 1545 665 1580 patietur.
682 1544 777 1580 Itaque
791 1545 861 1572 nihil
879 1545 991 1580 prodest

197 1591 266 1618 ﬁdes
280 1595 366 1623 recta,
380 1591 484 1626 absque
497 1591 578 1618 bonis
599 1590 856 1626 operibus.—Anne
870 1591 908 1618 ita
923 1598 991 1626 quo-

196 1644 251 1672 que
276 1636 431 1672 intelligere
452 1636 621 1672 possumus?
635 1637 676 1664 llli
692 1636 804 1672 quidem
825 1637 874 1672 qui
893 1637 991 1665 silvam

197 1690 247 1710 seu
263 1681 407 1709 materiam
426 1681 509 1710 facile
529 1683 699 1711 exurendam
717 1683 897 1716 aediﬁcarunt,
913 1683 992 1718 peni-

196 1733 243 1756 tus
259 1728 410 1763 ejiciuntur
427 1737 433 1755 :
453 1728 585 1756 damnum
607 1729 681 1757 enim
705 1729 848 1764 patiuntur
867 1729 991 1757 omnium

198 1780 313 1800 suorum
339 1773 474 1801 laborum.
497 1784 507 1800 ι
525 1775 586 1810 Ipse
605 1782 673 1802 vero
693 1775 862 1802 servabitur.
882 1783 892 1800 ι
911 1774 992 1808 Quis-

197 1826 262 1846 nam
274 1819 285 1845 ?
299 1819 350 1852 Qui
368 1820 600 1855 supermdilicavit
611 1828 710 1848 aurum
725 1826 754 1848 et
765 1825 909 1857 argentum
922 1823 991 1857 lapi-

196 1864 300 1901 desque
315 1868 463 1901 pretiosos.
487 1868 557 1895 Cum
572 1868 645 1895 enim
665 1868 701 1895 de
724 1868 784 1903 ipso
799 1868 901 1895 dixerit
917 1869 990 1903 quod

196 1912 352 1940 mercedem
375 1914 503 1949 accipiet,
526 1921 602 1942 nunc
625 1914 694 1942 dicit
716 1901 808 1949 quam!
822 1915 989 1948 mercedem,

195 1964 296 1992 nempe
320 1958 448 1986 salutem.
474 1959 637 1987 Servabitur
659 1966 751 1988 autem
765 1980 772 1993 ,
801 1961 860 1996 ipse
880 1969 991 1996 quoque

196 2003 322 2031 dolorem
339 2013 447 2040 passus,
463 2005 535 2033 sicut
550 2006 702 2033 verisimile
715 2012 759 2034 est
776 2007 810 2034 de
827 2015 860 2034 eo
876 2008 923 2042 qui
941 2016 991 2042 per

197 2049 287 2084 ignem
324 2051 469 2078 transierit
492 2050 601 2086 sibique
627 2051 719 2078 unitas
747 2053 870 2080 modicas
895 2053 990 2080 sordes

196 2096 367 2130 cxpurgarit.
384 2096 476 2124 Solius
494 2105 613 2132 namque
628 2097 677 2125 Dei
688 2104 730 2125 est
741 2098 862 2133 perfecte
877 2104 989 2134 peccato

196 2149 303 2169 carere.
329 2142 411 2178 M3
445 2142 578 2171 Homines
603 2152 669 2171 vero
691 2144 743 2172 ctsi
766 2152 847 2179 quam
871 2146 989 2174 maxime

193 2187 262 2223 justi
289 2187 403 2221 fuerint,
428 2196 484 2216 non
512 2189 633 2224 perfecte
662 2190 725 2225 puri
750 2195 823 2217 sunt.
849 2191 989 2226 Siquidem

726 157 925 188 GZtZUMENll
947 157 998 187 Τξὶ
1005 157 1096 186 [ΕὼΕ
1117 155 1289 186 EPlSCOPI

378 222 407 246 et
432 226 480 246 cos
520 217 631 253 quidem
661 215 708 251 qui
736 215 822 250 probe
844 215 981 246 vixerunt,
997 218 1018 245 Α
1035 213 1109 244 νείας

1083 222 1109 244 ις
1121 212 1168 239 τοῦ
1179 213 1305 247 Σωτῆρος
1319 210 1438 246 ἡμέραν,
1451 209 1567 244 βάσανος
1582 207 1658 234 ἔσται
1668 207 1716 234 καὶ
1728 207 1825 239 ἐξέτα-

1773 151 1828 181 6Τ6

1035 269 1077 291 σις
1092 259 1220 295 ἁκριῦής.
1241 260 1296 286 Καὶ
1312 259 1373 289 τοὺς
1389 258 1439 292 μὲν
1456 255 1485 283 εὖ
1501 255 1679 291 βεϐιωκότας,
1697 254 1828 288 καθάπερ

1035 307 1135 341 χρυσὸν
1153 306 1200 332 καὶ
1209 305 1329 341 ἄργυρον
1343 304 1373 330 τδ
1388 303 1444 338 πῦρ
1460 301 1667 337 λαμπροτέρους
1678 301 1827 335 ἀποφανεῖ·

1035 353 1098 384 τοὺς
1113 352 1141 378 δὲ
1164 352 1214 386 τῆς
1234 351 1334 382 κακίας
1351 350 1481 384 ἐργάτας,
1498 348 1577 383 δίκην
1594 347 1681 381 ξύλων
1696 346 1744 373 καὶ
1761 347 1829 380 χάρυ

1035 407 1082 425 τευ
1097 399 1142 425 καὶ
1158 398 1284 433 καλάμης
1309 395 1506 423 καταναλώσει.
1520 395 1549 422 '0
1570 395 1598 421 δέ
1615 402 1648 428 γε
1665 393 1829 423 διδάσκαλος

1035 446 1069 472 τὰ
1083 445 1257 480 προσήκοντα
1270 443 1388 476 διδάξας,
1409 443 1458 469 οὐκ
1479 441 1714 477 εἶσπραχϐήσεται
1736 440 1828 470 δίκας,

1036 491 1105 518 ἀλλὰ
1128 491 1267 526 σωτηρίας
1293 489 1487 524 ἀξιωθήσεται.
1518 488 1605 514 Τοῦτο
1630 487 1701 522 γὰρ,
1731 486 1828 522 φησιν,

1040 547 1049 563 ι
1073 537 1159 568 Αὐτὸς
1185 537 1214 563 δὲ
1246 536 1415 571 σωθήσεται,
1441 545 1450 561 ι
1476 535 1615 561 τουτέστιν
1641 535 1655 560 ό
1681 533 1829 559 διδάσκων.

1040 593 1049 609 ι
1067 584 1104 610 Τὸ
1120 583 1150 610 δὲ
1164 583 1243 618 ἔργον
1260 583 1478 616 κατακαήσεται,
1491 590 1500 606 ι
1521 580 1583 607 ἀντὶ
1599 580 1646 607 τοῦ
1663 581 1686 606 οἱ
1709 579 1830 614 πονηρὸν

1041 629 1156 660 ἑαυτοὺς
1210 627 1468 659 κατασκευάσαντες
1520 626 1611 662 ἔργον.
1659 625 1754 657 Οὕτως
1803 625 1831 651 δὲ

1038 675 1212 710 ἀναγνόντες,
1231 675 1352 710 ἀκριϐῶς
1369 674 1523 709 εὑρήσομεν
1547 673 1595 708 τὴν
1615 672 1669 699 τῶν
1690 671 1827 707 γραμμά-

1036 731 1091 749 των
1115 723 1251 749 διάνοιαν·
1273 731 1282 748 ι
1303 722 1336 748 Εἰ
1359 729 1432 752 τινος
1458 720 1488 746 τὸ
1509 719 1589 757 ἔργον
1609 719 1830 752 κατακαήσεται,

1038 767 1244 803 ζημιωθήσεται
1255 776 1261 782 ·
1279 767 1366 798 οὕτως
1381 767 1419 798 δὲ,
1430 766 1468 797 ὡς
1483 766 1526 792 δ;ὰ
1540 765 1626 800 πυρὸς
1634 765 1803 799 σωθήσεται,
1820 775 1829 789 ι

1038 816 1100 843 ἀντὶ
1135 815 1194 848 τοῦ,
1223 814 1463 849 κατακαυθήσεται
1492 811 1575 839 αὐτοῦ
1604 813 1634 838 τὸ
1671 812 1753 847 ἔργον
1779 812 1832 838 ὑπὸ

1039 862 1084 888 τοῦ
1113 861 1206 897 πυρός,
1235 860 1321 892 Αὐτὸς
1334 859 1363 886 δὲ
1377 859 1542 895 σωθήσεται,
1562 857 1702 885 τουτέστιν
1727 858 1742 884 ό
1759 857 1833 883 διδά-

1040 908 1149 940 σκαλος.
1171 908 1209 934 Οὐ
1231 907 1285 942 γὰρ
1316 906 1403 938 αἴτιος
1432 905 1484 940 τῆς
1504 904 1607 932 τούτων
1632 905 1678 930 ἐπὶ
1694 903 1726 930 τὸ
1738 905 1833 939 χεῖρον

1039 957 1155 990 τροπῆς.
1180 955 1266 986 Αὐτὸς
1288 954 1343 989 γὰρ
1368 953 1417 989 τὴν
1441 953 1634 988 προσήκουσαν
1653 952 1834 978 διδασκαλίαν

1040 1003 1239 1037 προσήνεγκεν.
1270 1001 1302 1027 Et
1327 1000 1356 1027 δέ
1374 1009 1417 1031 τις
1442 1001 1473 1027 οὐ
1491 1000 1616 1035 βούλεται
1631 999 1673 1031 τὸ,
1693 1009 1703 1025 ι
1728 999 1773 1030 Ὠς
1789 999 1833 1025 Eii

1040 1046 1137 1082 πυρὸς,
1157 1055 1166 1071 ι
1180 1045 1219 1081 τῷ
1238 1045 1311 1080 ἔργῳ
1321 1046 1524 1081 προσαρμόσαι,
1533 1045 1600 1072 ἀλλὰ
1615 1045 1653 1080 τῷ
1665 1045 1832 1079 διδασκάλῳ,

1040 1091 1126 1123 οὕτως
1139 1092 1273 1127 νοησάτω,
1289 1092 1331 1119 ὅτι
1356 1092 1426 1127 ὑπὲρ
1444 1092 1493 1127 μὲν
1517 1092 1630 1118 ἑκείνων
1644 1092 1696 1118 οὐκ
1714 1092 1834 1126 εἰσπρα-

1040 1137 1172 1174 χθήσεται
1184 1138 1271 1170 δίκας,
1290 1138 1443 1173 σωθήσεται
1462 1137 1490 1164 δὲ
1507 1137 1553 1164 διὰ
1572 1138 1660 1172 πυρὸς
1684 1139 1732 1164 καὶ
1749 1138 1833 1169 αὐτὸς

1039 1184 1266 1219 δοκιμαζόμενος.
1284 1185 1363 1220 εἴπερ
1377 1185 1433 1220 ἄρα
1443 1183 1500 1220 ἔχει
1515 1184 1561 1211 τὸν
1578 1183 1636 1219 βίον
1653 1185 1686 1219 τῇ
1704 1184 1836 1211 διδασκα-

1040 1230 1085 1266 λίᾳ
1109 1231 1288 1265 κατάλληλον.
1306 1239 1315 1256 ι
1337 1230 1454 1265 Χρυσόν.
1482 1239 1491 1256 ι
1517 1230 1574 1266 Τὴν
1589 1231 1629 1263 είς
1645 1231 1765 1266 Χριστὸν
1791 1231 1835 1257 πί-

1041 1284 1110 1303 στιν·
1129 1286 1140 1303 ‹
1170 1277 1317 1312 Ἀργυρον.
1340 1286 1349 1302 ι
1371 1276 1434 1303 Εἰσὶ
1459 1277 1514 1312 γὰρ
1540 1277 1587 1304 καὶ
1611 1277 1834 1312 καταδεέστεροι.

1041 1323 1142 1350 Πολλαὶ
1157 1323 1213 1358 γὰρ
1232 1324 1312 1358 μοναὶ
1327 1323 1404 1359 παρὰ
1419 1322 1458 1358 τῷ
1473 1323 1572 1359 Πατρί.
1592 1333 1602 1348 ‹
1623 1323 1654 1349 Ἡ
1669 1324 1724 1358 γὰρ
1739 1324 1836 1359 ἡμέρα

1040 1369 1168 1404 δηλώσει.
1191 1379 1200 1396 ι
1227 1370 1349 1405 Ἠμέραν
1366 1369 1434 1405 φησὶ
1455 1369 1504 1404 τὴν
1529 1369 1579 1404 ’τῆς
1596 1369 1724 1404 κρίσεως.
1750 1379 1760 1395 ι
1791 1371 1836 1397 Ἐν

1041 1417 1109 1452 πυρὶ
1131 1417 1160 1444 δὲ
1186 1416 1260 1450 λέγει
1283 1417 1318 1443 τὰ
1345 1416 1416 1452 ἔργα
1436 1415 1690 1448 ἀποκαλύπτεσθαι,
1706 1416 1836 1444 τουτέστι

1041 1463 1147 1499 φανερὰ
1159 1463 1294 1498 γίνεσθαι,
1310 1463 1391 1490 ὁποῖα
1417 1463 1467 1498 τὴν
1490 1463 1572 1497 φύσιν
1587 1462 1672 1496 ἐστὶν,
1688 1461 1745 1499 ἆρα
1768 1472 1836 1500 χρυ-

1042 1510 1099 1543 σὸς,
1121 1507 1176 1545 ἄρα
1199 1509 1335 1545 ἄργυρος
1352 1509 1405 1536 τῶν
1420 1509 1449 1536 δὲ
1463 1509 1593 1536 τοιούτων
1607 1509 1638 1536 τὸ
1653 1509 1719 1547 πῦρ,
1737 1510 1834 1546 φησὶν.

1003 1562 1025 1591 c
1043 1555 1211 1589 ἐλεγκτικόν.
1236 1565 1245 1581 ι
1260 1555 1292 1582 Et
1305 1564 1375 1587 τινος
1392 1555 1422 1582 τὸ
1438 1554 1516 1590 ἔργον
1537 1557 1754 1591 κατακαήσεται.
1776 1566 1786 1582 ι
1807 1557 1837 1583 Et

1043 1611 1125 1634 τινος,
1139 1602 1216 1638 φησι,
1230 1603 1260 1628 τὺ
1271 1602 1351 1637 ἔργον
1362 1601 1411 1628 οὐκ
1429 1602 1498 1628 οἴσει
1510 1602 1560 1636 τὴν
1576 1602 1622 1629 τοῦ
1643 1603 1730 1638 πυρὸς
1747 1612 1836 1638 προσ-

1043 1648 1135 1684 ϐολὴν,
1162 1648 1220 1674 ἁλλ’
1233 1647 1429 1683 ἐλεγχθήσεται
1443 1647 1473 1674 ὃν
1491 1648 1610 1683 πονηρὸν
1631 1649 1678 1676 καὶ
1694 1651 1835 1685 κατεκαή-

1044 1703 1130 1727 σεται,
1146 1695 1364 1730 ζημιωθήσεται,
1380 1695 1472 1729 φησιν.
1491 1695 1563 1730 ’Λρα
1579 1695 1626 1722 οὖν
1639 1695 1716 1721 οὐδὲν
1733 1695 1836 1730 ὠφεῖεῖ

1044 1742 1137 1774 πίστις
1164 1741 1242 1777 ὀρθὴ,
1265 1741 1350 1777 χωρὶς
1381 1741 1482 1776 ἔργων.
1499 1756 1533 1761 -
1554 1740 1833 1779 [01KOTMENIOT.]

1042 1786 1116 1822 Ἀρα
1131 1788 1168 1822 μὴ
1183 1788 1231 1814 καὶ
1254 1787 1343 1819 οὕτως
1357 1787 1497 1823 δυνάμεθα
1510 1787 1622 1822 νοῆσαι;
1639 1787 1672 1814 Οί
1693 1788 1744 1823 μὲν
1759 1790 1833 1816 οἰκο-

1042 1834 1210 1869 δομήσαντες
1224 1833 1273 1868 τὴν
1298 1833 1525 1869 εὐκατάπρηστον
1544 1833 1622 1868 ὓλην,
1642 1834 1734 1862 τέλεον
1753 1836 1833 1862 ἐκϐέ-

1043 1879 1167 1914 ϐληνται.
1189 1879 1372 1914 Ἐζημίωνται
1388 1878 1442 1914 γὰρ
1458 1878 1547 1905 πάντα
1562 1879 1653 1906 αὐτῶν
1666 1880 1700 1906 τὰ
1714 1881 1834 1907 σπουδά-

1044 1933 1145 1960 σματα.
1165 1934 1174 1951 ι
1193 1924 1280 1956 Αὐτὸς
1296 1923 1325 1951 δὲ
1341 1924 1506 1959 σωθήσεται.
1520 1933 1529 1950 ι
1545 1924 1611 1958 Τίς;
1636 1925 1665 1952 '0
1690 1927 1833 1954 ἐποικοδο-

1044 1972 1133 2006 μήσας
1149 1970 1196 1996 τὸν
1209 1969 1310 2005 χρυσὸν
1323 1969 1425 1997 καὶτὸν
1443 1970 1573 2005 ἄργυρον,
1582 1971 1630 1997 καὶ
1642 1971 1707 2002 τοὺς
1722 1973 1833 2006 τιμίους

1042 2016 1145 2048 λίθους.
1162 2015 1256 2042 Εἰπὼν
1270 2016 1324 2051 γὰρ
1342 2015 1407 2050 περὶ
1431 2015 1513 2042 αὑτοῦ
1533 2015 1574 2042 ὅτι
1591 2016 1688 2051 μισθὸν
1704 2017 1832 2053 λήψεται,

1042 2062 1090 2089 νῦν
1120 2062 1196 2096 λέγει
1222 2062 1298 2088 ποῖον
1328 2061 1435 2096 μισθὸν,
1455 2061 1578 2087 τουτέστι
1608 2062 1658 2097 τὴν
1681 2065 1831 2099 σωτηρίαν.

1042 2108 1199 2143 Σωθήσεται
1216 2107 1245 2134 δέ
1263 2115 1295 2141 γε
1310 2106 1456 2138 ἐπωδύνως
1475 2107 1522 2134 καὶ
1533 2107 1624 2140 αὐτὸς,
1641 2108 1679 2139 ὡς
1697 2108 1772 2140 εἰκὸς
1788 2109 1832 2135 τὸν

1041 2154 1086 2181 διὰ
1121 2155 1208 2190 πυρὸς
1245 2153 1399 2189 παριόντα,
1434 2154 1482 2180 καὶ
1512 2153 1747 2189 ἐκκαθαιρόμενον
1787 2156 1832 2182 τὸν

1042 2202 1137 2229 ἐνόντα
1175 2201 1249 2236 αὐτῷ
1279 2199 1383 2235 βραχὺν
1412 2199 1509 2236 ῥύπον.
1544 2200 1614 2227 Θεοῦ
1646 2202 1702 2236 γὰρ
1736 2202 1832 2238 μόνου,

1004 889 1024 917 Β

195 2233 300 2261 dictum
324 2239 377 2267 est,
400 2234 475 2270 quod
498 2235 526 2262 in
547 2235 642 2262 multis
664 2235 783 2263 labimur
803 2243 900 2264 omnes
912 2237 934 2253 ⁷⁶

1097 2248 1197 2279 τελέως
1218 2233 1423 2282 ἀναμάρτητον.
1439 2245 1473 2273 Οἱ
1496 2246 1524 2272 δὲ
1555 2233 1694 2282 ἀνθρωττοι
1792 2233 1831 2274 ὅτι

198 2289 207 2305 ι
225 2279 324 2307 Nullus
347 2288 436 2315 purus
452 2286 495 2308 est
514 2289 529 2308 a
543 2287 669 2316 peccato,
689 2289 722 2309 ne
740 2282 763 2309 si
780 2283 863 2311 unius
876 2284 987 2319 quidem

195 2325 250 2353 diei
269 2327 306 2353 sit
323 2326 379 2353 vita
395 2327 456 2362 ejus
467 2327 500 2354 ⁷⁷.
517 2335 526 2352 ι
547 2327 617 2354 Nam
637 2327 778 2356 Malachite
793 2328 898 2357 dictum
912 2335 954 2358 est
966 2331 988 2347 ⁷⁸

194 2373 269 2407 quod
288 2378 417 2407 tanquam
434 2373 525 2409 ignem
546 2373 574 2401 in
592 2373 714 2408 fornace,
731 2380 760 2402 et
779 2380 907 2412 tanquam
924 2377 987 2405 lier-

195 2422 258 2449 bam
276 2422 412 2449 fullonum
431 2422 565 2457 quosdam
579 2423 673 2450 abluet
688 2423 761 2452 Deus
776 2429 804 2452 et
819 2421 987 2462 puri'ticabit.

197 2478 206 2494 ι
224 2468 286 2503 Ipse
299 2475 367 2495 vero
384 2468 552 2496 servabitur.
569 2478 578 2495 ι
597 2469 676 2503 Quod
696 2470 736 2498 ait
754 2480 763 2496 ι
784 2471 956 2504 Servabitur,
976 2481 985 2498 ι

195 2513 367 2541 tantumdem
380 2518 422 2542 est
437 2523 470 2542 ac
482 2514 505 2542 si
526 2515 601 2543 dicat
623 2524 630 2542 :
654 2515 714 2543 Non
731 2516 843 2544 tolletur
856 2524 871 2544 e
886 2516 988 2550 medio,

194 2568 285 2595 neque
297 2564 454 2588 revertetur
467 2561 495 2588 in
509 2562 639 2595 nihilum,
652 2562 884 2598 quemadmodum
900 2571 990 2597 pravae

193 2606 253 2642 ejus
270 2607 406 2635 actiones.
428 2608 496 2635 Nam
522 2609 580 2636 haec
589 2617 678 2643 usque
695 2608 729 2636 ad
746 2608 772 2635 id
790 2613 898 2643 tempus
914 2610 989 2637 exsi-

192 2654 322 2681 stentiam
348 2654 452 2683 habere
477 2656 644 2684 videbantur
665 2661 692 2683 et
716 2656 837 2690 ﬁebant;
857 2657 985 2686 veniente

192 2704 283 2728 autem
301 2708 335 2728 eo
349 2700 394 2729 die
415 2706 443 2729 et
463 2702 535 2738 igne.
556 2703 621 2737 ipsa:
636 2702 749 2737 quidem
763 2710 839 2730 vana:
856 2708 885 2731 et
902 2712 985 2733 cassae

192 2745 360 2780 etiieiuntur,
381 2755 472 2783 neque
486 2748 607 2783 amplius
625 2747 686 2775 ﬁeri
706 2753 822 2783 possunt
838 2757 844 2775 ς
865 2754 985 2778 attamen

193 2789 277 2818 homo
292 2792 338 2826 qui
357 2792 418 2820 illas
433 2798 566 2828 operatus
576 2797 628 2826 est,
647 2801 702 2820 non
715 2793 795 2821 simul
811 2802 872 2822 cum
888 2796 927 2823 eis
946 2797 986 2823 in-

1044 2295 1162 2330 μάλιστα
1195 2290 1247 2320 ὦσι
1285 2293 1395 2325 δίκαιοι,
1436 2292 1466 2319 οὐ
1495 2293 1587 2320 τέλεόν
1619 2294 1673 2320 εἰσι
1703 2294 1831 2330 καθαροί.

1041 2340 1157 2376 Εἴρηται
1173 2339 1226 2374 γὰρ
1239 2339 1279 2364 ὅτι
1297 2338 1382 2364 πολλὰ
1404 2338 1539 2373 πταίομεν
1557 2338 1668 2371 πάντες,
1701 2339 1750 2365 καὶ
1785 2333 1832 2366 οὗ.

1042 2386 1097 2417 δεὶς
1113 2385 1234 2419 καθαρὸς
1256 2384 1310 2410 ἀπὺ
1333 2383 1484 2419 ἁμαρτίας,
1499 2384 1555 2410 οὐδ’
1572 2384 1606 2411 ἂν
1623 2385 1673 2419 μία
1697 2384 1794 2420 ήμέρα
1818 2387 1832 2412 ό

1043 2432 1098 2467 βίος
1114 2431 1209 2459 αὑτοῦ.
1226 2431 1341 2468 Είρήται
1353 2431 1408 2466 γὰρ
1426 2431 1474 2457 καὶ
1503 2431 1542 2467 τῷ
1561 2431 1701 2468 Μαλαχίᾳ,
1728 2432 1772 2459 ὅτι
1794 2433 1833 2465 ὡς

1043 2477 1098 2512 πῦρ
1117 2477 1146 2503 ὲν
1173 2477 1350 2512 χωνευτηρίῳ
1378 2477 1426 2503 καὶ
1450 2476 1520 2504 πόαν
1544 2477 1710 2510 πλυνόντων,
1736 2479 1834 2506 πλυνεῖ

1040 2523 1088 2550 καὶ
1099 2523 1243 2558 καθαρίσει
1256 2523 1271 2549 ό
1283 2523 1349 2555 Θεός
1366 2532 1454 2555 τινας.
1476 2530 1485 2549 ι
1503 2523 1590 2556 Αὐτὸς
1605 2523 1633 2550 δὲ
1649 2524 1829 2560 σωθήσεται.»

1038 2569 1176 2607 -[ΦΩΤ.]
1190 2570 1228 2596 Τὸ
1240 2580 1248 2596 ι
1261 2570 1429 2606 Σωῡήσεται,
1443 2580 1452 2596 ι
1463 2570 1605 2597 τουτέστιν
1613 2571 1663 2598 οὐκ
1678 2571 1831 2606 ἀφανισθή-

1041 2623 1127 2647 σεται,
1144 2614 1205 2641 οὒδὲ
1228 2615 1268 2646 είς
1283 2614 1313 2640 τὺ
1337 2615 1374 2649 μὴ
1397 2614 1426 2641 ὃν
1447 2615 1579 2651 χωρήσει,
1595 2615 1691 2652 ὥσπερ
1709 2617 1738 2642 αι
1757 2617 1830 2653 «9&-

1041 2660 1095 2694 ξεις
1113 2660 1194 2687 αὑτοῦ
1211 2662 1238 2687 αἱ
1252 2661 1380 2696 πονηραί.
1397 2658 1482 2688 Αἷιται
1508 2662 1572 2697 γὰρ,
1599 2662 1682 2698 μέχρι
1707 2663 1759 2698 μιν
1784 2664 1830 2690 τοῦ

1040 2707 1137 2744 καιροῦ
1167 2707 1283 2739 ἐκείνου,
1315 2707 1365 2743 τὴν
1392 2707 1510 2744 ὕπαρξιν
1539 2708 1612 2743 ἔχειν
1638 2709 1750 2736 ἐδόκουν
1784 2711 1832 2736 καὶ

1040 2755 1216 2789 ὲπράττοντο.
1242 2754 1388 2789 Ἐλθούσης
1412 2754 1440 2781 δὲ
1461 2755 1510 2789 τῆς
1521 2755 1628 2790 ἡμέρας
1653 2755 1762 2792 ἐκείνης
1784 2756 1831 2783 καὶ

1041 2798 1089 2825 τοῦ
1106 2798 1203 2833 πυρὸς,
1217 2796 1297 2825 αὗται
1313 2799 1362 2834 μὲν
1379 2799 1488 2834 φροῦδοι
1504 2799 1644 2834 γεγόνασι,
1663 2801 1734 2838 μήτε
1747 2799 1829 2834 εἶναι,

232 2879 255 2896 ⁷⁸
270 2879 349 2908 Joan.
364 2888 420 2915 xtv,
434 2881 462 2908 Ξ.
501 2882 524 2898 ⁷⁸
543 2881 601 2910 Jac.
616 2890 656 2917 ιιι,
672 2883 700 2911 2.
739 2885 760 2900 ⁷⁷
776 2884 827 2913 Job
844 2894 898 2919 xiv,
912 2886 938 2919 l,
953 2886 974 2919 5,

755 2885 760 2900 ⁷
776 2884 827 2913 Job
844 2894 898 2919 xiv,
912 2886 938 2919 4,
953 2886 979 2919 5,
995 2893 1052 2914 sec.
1071 2885 1153 2914 LXX.
1192 2886 1214 2902 "
1234 2886 1350 2914 Maiaeh.
1367 2894 1408 2921 ιιι,
1425 2887 1453 2920 2,
1471 2888 1497 2915 3.
