1880 3057
175 157 229 189 679

709 155 910 186 (ECUMENII
923 154 1069 184 ΤΗΙΕοἆί
1085 155 1254 184 EPISCOPI

1752 154 1810 186 680

174 211 301 239 Christus
312 212 347 240 sil
361 211 448 239 Filius
459 211 520 242 Dei,
530 213 579 238 aut
591 208 664 236 unde
676 212 816 235 scrutatur
825 207 898 241 quod
909 214 963 234 car-

1043 206 1079 240 εῷ
1092 207 1175 234 ἐστιν.
1189 216 1197 231 ι
1217 207 1254 233 Οὐ
1278 206 1358 241 μόνον
1372 207 1426 241 γὰρ
1440 207 1515 234 οόδὲν
1531 207 1653 234 συντελεῖ
1667 207 1736 243 πρὸς
1757 208 1810 243 τὴν

175 265 237 284 nem
252 258 401 292 acceperit.
418 267 426 283 ι
444 256 584 291 Sapientia
597 255 670 282 enim
687 253 783 281 nmndi
799 254 884 288 hujus
900 253 969 280 stul-

176 302 235 328 titia
256 305 299 329 est
321 309 411 329 enram
442 302 508 327 Deo.
531 310 540 325 ›
571 299 714 334 Siquidem
737 306 792 325 non
820 298 908 325 solum
934 297 968 324 ad

176 355 267 375 veram
284 348 352 374 nihil
366 347 471 374 confert
487 346 659 381 sapientiam,
674 353 768 371 verum
783 345 864 371 etiam
880 344 968 378 impe-

1021 252 1150 287 ἀληθινὴν
1173 252 1220 278 καὶ
1239 252 1322 284 ὅντως
1336 252 1442 286 σοφίαν,
1457 253 1525 280 ἀλλά
1542 256 1589 280 καὶ
1603 254 1755 289 ἐμποδίζει,
1771 256 1810 290 τῷ

1022 297 1125 324 οἴεσθαι
1140 297 1258 330 είδέναι,
1286 298 1333 324 καὶ
1358 298 1491 331 ἀπαξιοῦν
1516 299 1622 334 μαθεῖν.
1643 300 1730 327 Τοῦτο
1754 300 1810 335 γὰρ

1022 344 1093 369 ποιεῖ
1110 344 1126 378 ἡ
1146 343 1278 378 φυσίωσις
1294 344 1388 378 αὐτῆς.

175 393 298 422 dimcnto
322 398 363 420 est
391 393 462 427 quod
484 400 512 419 se
536 392 606 419 scire
629 395 739 426 putent,
761 395 947 426 respuantque
966 390 1120 423 addiscere,
1153 398 1216 418 nam
1233 391 1286 418 hoc
1304 390 1370 418 facit
1388 391 1530 427 sapientiae
1567 392 1692 421 humanae
1729 393 1806 421 inﬂa-

177 447 225 468 tm.

210 486 360 517 nmo-21.
381 485 513 520 Scriptum
529 490 566 511 est
586 485 654 511 enim
676 493 684 511 :
701 484 752 517 Qui
770 483 963 519 comprehendit

174 533 306 567 sapientes
323 540 370 566 per
386 532 513 558 astutiam
530 532 656 566 ipsorum.
674 530 708 558 Et
727 538 832 557 rursum
847 538 856 556 :
873 529 965 556 Domi-

178 587 225 604 ητις
245 580 314 604 norit
336 578 508 612 cogitationes
536 577 694 611 sapientium
719 576 786 610 quod
805 583 880 603 uana:
900 576 962 602 sint.

175 623 257 650 Nemo
272 623 362 657 itaque
378 623 512 649 hominum
526 621 664 655 glorietur.

211 668 264 695 Per
289 668 398 702 propria
426 668 548 702 ipsorum
573 674 666 698 arma,
695 674 793 702 nempe
820 668 963 698 astutiam,

176 714 388 748 comprehendit
399 720 447 740 eos
459 713 541 740 Deus.
555 713 678 745 Quonam
691 713 792 740 modo?
804 712 883 748 445
897 712 965 745 Quia

176 758 249 785 cnim
265 766 314 792 per
325 758 502 785 calliditatem
515 765 603 788 suam,
613 757 671 784 sive
682 757 830 784 versutiam
845 765 876 784 ac
889 762 965 784 astu-

176 803 242 830 tiam
254 803 328 830 circa
342 811 385 830 res
397 803 544 835 humanas,
564 802 723 830 existimant
735 810 764 829 se
777 803 867 829 omnia
882 801 964 834 scire,

177 856 228 876 nec
242 849 294 876 sibi
311 856 381 884 opus
395 857 457 876 esse
476 848 648 881 doctoribus,
664 856 713 883 per
730 848 800 875 hanc
815 848 900 883 ipsam
916 856 964 876 eos

176 894 294 929 accepit,
316 895 400 922 rebus
415 894 563 922 ostendens
579 893 653 928 quod
673 894 742 921 nihil
764 894 850 921 sciant
867 902 963 921 eorum

176 947 238 974 quae
255 939 409 967 necessaria
426 944 500 966 sunt.

211 985 354 1018 Quomodo
363 990 455 1012 autem
467 985 674 1020 comprehendit
684 985 823 1020 sapientes
835 993 883 1021 per
892 990 964 1013 astu-

176 1031 241 1059 tiam
251 1031 391 1067 ipsorum?
399 1031 609 1059 Arbitrabantur
618 1039 666 1066 per
675 1031 832 1064 humanam,
841 1039 901 1066 quae
910 1031 964 1059 illis

176 1076 265 1103 inerat
286 1077 465 1111 sapientiam,
488 1084 549 1104 sese
570 1077 816 1111 comprehensuros
834 1077 963 1104 virtutem

176 1122 299 1157 mysterii
309 1121 413 1150 Christi
428 1132 434 1150 :
449 1122 500 1158 ipsi
515 1130 580 1150 vero
594 1130 649 1149 non
662 1122 751 1149 solum
766 1130 822 1149 non
839 1127 903 1149 sunt
919 1130 963 1149 as-

175 1168 263 1194 secuti
279 1176 339 1202 quae
351 1168 403 1195 sibi
418 1168 546 1196 humattis
561 1168 715 1195 rationibus
727 1175 857 1196 concessa
869 1169 964 1196 existi-

175 1213 288 1240 mabunt
305 1222 311 1240 :
330 1221 426 1240 verum
444 1213 526 1240 etiam
543 1214 643 1241 astutia
659 1214 726 1249 ipsis
744 1214 771 1241 in
792 1215 962 1242 contrarium

174 1257 257 1286 cessit
269 1265 364 1285 eorum
383 1258 415 1285 ad
434 1266 494 1293 quae
507 1259 668 1292 tendebant,
689 1260 716 1286 in
733 1260 864 1295 majorem
884 1260 963 1295 iguo~

175 1305 292 1332 rantiam
306 1310 388 1340 atque
402 1305 610 1340 perplexitatem
623 1306 786 1341 conjiciente
801 1307 875 1341 ipsos
887 1307 961 1342 cogi-

176 1350 311 1378 tationum
336 1357 368 1377 ac
393 1350 530 1378 rationum
561 1351 759 1379 imbecillitate.
792 1361 802 1378 ι
830 1352 962 1380 Dominus

175 1396 252 1424 n0vit
268 1396 460 1431 cogitationes.
481 1406 490 1423 ι
518 1397 545 1425 Si
567 1406 632 1433 ergo
651 1398 782 1426 Dominus
798 1399 884 1431 novit,
900 1399 962 1434 quis

172 1441 229 1477 jam
252 1443 444 1470 contradicet?
470 1443 548 1476 Quod
572 1444 595 1470 si
619 1444 797 1479 cogitationes
818 1445 961 1472 hominum

175 1496 253 1516 vanre
269 1493 344 1519 sunt,
362 1493 390 1516 et
405 1489 428 1517 si
443 1490 582 1524 sapientes
598 1497 647 1525 per
663 1497 741 1517 suam
757 1491 884 1518 astutiam
902 1499 961 1518 ma-

175 1534 217 1570 gis
233 1535 390 1571 capiuntur,
407 1537 544 1570 quodnam
559 1536 666 1563 lucrum
684 1537 771 1571 magis
787 1544 820 1564 ex
837 1537 896 1572 ipsa
910 1537 960 1565 ha-

174 1580 257 1607 beant
269 1582 442 1610 ntanifcstum
457 1586 500 1609 est
513 1591 521 1609 :
537 1583 601 1617 quia
615 1590 705 1617 neque
721 1582 839 1611 humana
853 1583 960 1619 sapien-

175 1625 223 1657 tia.
238 1633 327 1661 neque
343 1627 541 1662 cogitationum
558 1627 692 1655 calliditas
708 1633 798 1662 potest
811 1629 959 1664 quidquam

173 1676 221 1699 aut
239 1673 349 1707 prodest
368 1673 401 1701 ad
419 1674 583 1707 doctrinam,
602 1679 650 1702 aut
665 1675 850 1710 cognitionem
867 1684 960 1704 rerum

174 1715 373 1750 spiritualium.
389 1717 466 1750 Quod
482 1718 505 1745 si
518 1718 617 1745 horum
634 1718 703 1745 nihil
722 1718 756 1745 ad
776 1719 827 1746 ista
843 1720 959 1754 confert,

172 1763 311 1797 quomodo
327 1764 429 1798 poterit
440 1763 578 1798 quispiam
592 1764 694 1791 docens
706 1765 816 1800 gloriari
829 1767 902 1800 (cum
915 1767 961 1794 de-

172 1812 323 1835 monstrata
344 1807 398 1835 sint
414 1816 446 1835 ea
464 1816 524 1844 qua:
538 1809 613 1838 inter
628 1809 756 1837 homines
776 1811 879 1846 aliquid
900 1820 961 1840 esse

172 1852 304 1880 videntur
317 1853 386 1880 nihil
403 1854 493 1888 posse)
508 1853 586 1888 quasi
602 1854 759 1882 conferrent
775 1855 821 1883 illa
836 1856 869 1883 ad
886 1857 960 1884 utili-

172 1900 276 1926 tatem?
289 1899 461 1926 Manifestum
473 1900 547 1927 enim
559 1904 600 1926 est
612 1900 684 1934 quod
696 1901 778 1928 etiam
790 1902 813 1929 si
825 1903 960 1938 quispiam

172 1945 276 1979 aliquid
294 1945 400 1978 doceat,
419 1946 513 1981 gratia:
530 1946 579 1974 Dei
596 1952 638 1974 est
654 1947 774 1983 donique
792 1950 917 1983 superni,
933 1954 961 1978 et

172 1998 226 2018 non
244 1991 361 2025 propria:
377 1999 446 2026 opus
463 1993 605 2027 sapientiae
622 1997 668 2020 aut
684 1994 819 2022 acuminis
835 1995 937 2031 ingenii
951 2005 957 2023 :

171 2036 243 2062 dona
258 2043 324 2062 vero
339 2044 394 2062 non
409 2041 440 2063 ut
455 2037 499 2064 his
514 2038 711 2065 extolleremur
732 2039 892 2074 accipimus,
911 2041 959 2068 sed

171 2079 206 2107 ad
222 2087 396 2108 communem
416 2081 558 2109 hominum
578 2082 736 2110 utilitatem.
761 2093 770 2109 ι
790 2083 870 2117 Quod
884 2092 961 2112 vana:

171 2126 237 2153 sint.
255 2135 264 2151 ι
280 2126 379 2154 Annon
396 2127 433 2154 ita
450 2129 512 2156 est?
526 2128 698 2156 arbitrantur
727 2137 756 2157 se
773 2131 850 2159 nullo
867 2139 959 2167 egere,

170 2172 218 2200 sed
248 2172 301 2200 sibi
329 2173 455 2201 suﬂicere
486 2173 520 2201 ad
548 2174 673 2202 veritatis
701 2176 958 2211 apprehensionem.

173 2227 182 2244 ι
197 2218 283 2246 Nemo
309 2219 401 2254 itaque
426 2220 568 2247 hominum
587 2221 752 2256 glorietur.)
779 2222 809 2249 ln
832 2223 959 2252 doctores

170 2264 292 2299 ipsorum
317 2273 427 2294 rursum
447 2266 597 2301 invehitur,
622 2268 669 2302 qui
693 2268 841 2303 plurimum
860 2270 960 2298 effere-
977 2285 998 2313 ο
1013 2278 1155 2312 ἐφρόνουν,

169 2309 272 2337 bantur
296 2311 370 2345 quod
395 2311 467 2338 dona
491 2314 615 2347 quaedam
641 2313 772 2342 doctrinae
793 2319 822 2342 et
843 2316 958 2344 aliorum

169 2356 350 2390 quorumdam
380 2358 562 2392 accepissent.
593 2358 683 2391 Quare
712 2364 804 2388 autem
832 2362 959 2391 doctores

169 2408 224 2427 non
240 2400 342 2428 debent
358 2402 489 2437 gloriari”
498 2403 546 2430 sed
563 2403 633 2431 dicis
654 2413 660 2431 :
681 2414 690 2431 ι
711 2406 797 2433 Nemo
814 2407 957 2435 hominum

169 2446 323 2481 glorietur?
336 2457 345 2473 ι
365 2448 444 2481 Quia,
459 2449 559 2484 inquit,
576 2458 746 2486 quaecunque
758 2454 828 2480 dona
844 2455 956 2488 habent,

168 2492 214 2519 illa
240 2498 354 2528 propter
377 2502 427 2522 vos
450 2503 549 2530 nempe
573 2497 681 2532 plebem
704 2504 881 2534 acceperunt.
904 2508 958 2535 quo

168 2538 247 2564 vobis
262 2539 435 2572 prodessent.
455 2541 526 2574 Quid
543 2550 608 2578 ergo
624 2543 653 2569 in
671 2543 713 2571 his
731 2544 884 2579 gloriantur
898 2553 959 2580 quae

167 2591 222 2610 non
250 2585 308 2612 suis
332 2585 484 2620 laboribus,
510 2589 556 2616 sed
585 2596 698 2625 propter
721 2598 770 2617 vos
792 2596 958 2625 acceperunt

166 2635 344 2667 vestramque
361 2633 499 2661 salutem?
513 2644 522 2660 ι
539 2634 625 2663 Nemo
643 2636 785 2670 glorietur.
807 2646 816 2662 ι
829 2637 876 2664 Vel
894 2645 959 2672 pro-

166 2681 227 2712 pter
240 2677 368 2706 doetores
382 2687 389 2705 :
409 2687 498 2715 neque
514 2681 588 2708 enim
598 2681 747 2716 quidquam
762 2691 777 2710 a
792 2690 820 2710 se
837 2683 954 2717 habenti;

164 2723 209 2750 vel
234 2729 348 2759 propter
374 2725 510 2754 humanas
536 2727 728 2762 cogitationes.
751 2728 833 2765 M6
861 2730 955 2765 Neque

165 2767 239 2795 enim
255 2777 304 2804 per
316 2770 377 2798 illas
387 2776 478 2806 potest
492 2772 594 2799 veritas
606 2774 811 2808 comprehendi,
825 2783 896 2811 saepe
908 2785 957 2804 au-

165 2817 221 2840 tem
237 2814 429 2850 interpretatio
451 2818 538 2853 magis
552 2822 662 2853 aptatur
672 2823 700 2848 et
711 2820 850 2855 particula!
860 2821 958 2851 dictio-

165 2859 258 2894 nibus,
270 2866 298 2888 et
313 2861 356 2890 his
371 2871 432 2898 quae
444 2868 608 2899 sequuntur.

1054 481 1224 516 Γέγραπται
1240 481 1295 516 γάρ
1305 502 1313 515 ,
1336 482 1363 508 '0
1381 482 1591 518 δρασσόμενος
1609 485 1681 518 τοὺς
1692 487 1811 522 σοφοὺς

1017 527 1051 554 ἐν
1072 527 1110 561 τῇ
1124 529 1292 562 πανουργίᾳ
1308 529 1415 555 αὐτῶν.
1437 530 1491 557 Kal
1516 531 1619 558 milli"
1634 533 1745 567 Κύριος
1766 544 1809 571 για

1017 572 1127 599 νώσκει
1142 573 1214 606 τοὺς
1232 573 1447 609 διαλογισμοὺς
1473 575 1531 602 τῶν
1549 577 1663 611 σοφῶν,
1679 578 1725 605 ὅτι
1748 580 1810 606 εἰσ)

1015 618 1144 653 μάταιοι.
1162 620 1252 646 Ὥστε
1268 620 1373 654 μηδείς
1389 621 1550 656 καυχάσθω
1565 623 1599 649 ἐν
1612 624 1792 658 ἀνθρώποις.

1050 665 1099 692 Διά
1119 666 1173 691 τῶν
1182 666 1288 692 οἰκείων
1304 667 1395 693 αὐτῶν
1414 668 1515 700 ὅπλων,
1528 669 1649 696 τουτέστι
1666 671 1716 705 τῆς
1736 680 1808 699 πανο

1014 710 1137 746 ουργίας,
1154 711 1259 738 ἁλίσκει
1276 713 1374 744 αὐτοὺς
1397 715 1411 739 ὁ
1432 713 1513 745 Θεός.
1532 715 1612 748 Πῶς;
1643 716 1740 752 ἐπειδὴ
1754 719 1810 754 γὰρ

1014 756 1058 783 διὰ
1071 756 1121 791 τῆς
1134 757 1302 792 πανουργίας
1316 758 1416 790 αὐτῶν,
1428 760 1441 786 ὃ
1456 760 1514 786 ἐστι
1532 761 1581 795 τῆς
1604 762 1669 797 περὶ
1686 762 1720 788 τά
1733 764 1809 797 πρά-

1015 811 1107 837 γματα
1134 804 1294 839 δεινότητος,
1319 805 1419 833 οἴονται
1451 807 1543 835 πάντα
1569 809 1671 836 εἰδέναι
1694 811 1743 837 καὶ
1769 812 1808 846 μὴ

1017 848 1119 876 δεῖσθαι
1138 849 1317 883 διδασκάλων,
1334 851 1368 878 δι’
1385 852 1468 888 αὐτῆς
1495 853 1596 889 ταύτης
1622 856 1720 886 αὐτοὺς
1737 854 1808 889 εἷλε,

1018 893 1061 920 διὰ
1081 894 1136 921 τῶν
1159 896 1331 931 πραγμάτων
1351 897 1452 931 δείξας,
1479 898 1520 925 ὄτι
1547 900 1622 927 οὐδὲν
1651 900 1726 928 ίσασι
1751 903 1808 930 τῶν

977 945 1002 976 Β
1016 939 1182 973 ἀναγκαίων.

1051 983 1151 1021 [ΦΩΤ.]
1179 985 1242 1018 Πῶς
1264 987 1294 1014 δὲ
1309 987 1417 1020 ἐδέξατο
1431 989 1496 1022 τοὺς
1513 991 1625 1025 σοφοὺς
1641 992 1670 1019 ἐν
1685 994 1720 1029 τῇ
1735 1002 1807 1021 παν-

1014 1031 1112 1067 ουργίᾳ.
1126 1032 1230 1066 αὐτῶνς,
1250 1033 1393 1069 Ἐνόμισαν
1409 1035 1453 1062 διὰ
1475 1036 1524 1072 τῆς
1539 1037 1694 1074 προσούσης
1710 1041 1806 1073 αὐτοῖς

1014 1076 1142 1109 γνώσεως
1157 1077 1341 1113 ἀνθρωπίνης,
1360 1079 1407 1107 τοῦ
1424 1081 1496 1109 κατά
1510 1082 1628 1118 Χριστὸν
1645 1085 1802 1120 μυστηρίου

1014 1122 1063 1157 τὴν
1077 1123 1193 1158 δύναμιν
1206 1124 1421 1161 καταλήψεσθαι·
1438 1128 1463 1154 οἱ
1480 1128 1508 1154 δὲ
1529 1129 1559 1155 οὺ
1577 1130 1657 1163 μόνον
1675 1131 1726 1158 οὐκ
1739 1132 1806 1159 ἐτυ-

1014 1177 1062 1205 χον
1078 1166 1171 1206 ὧνπερ
1189 1171 1306 1207 ἡλπισαν
1321 1173 1503 1208 ἀνθρωπίνοις
1523 1174 1664 1210 λογισμοῖς
1685 1177 1805 1210 ἑαυτοὺς

1014 1217 1222 1252 ἐπιτρέψαντες,
1234 1217 1303 1245 ἀλλά
1325 1219 1372 1245 καὶ
1391 1220 1432 1251 εἰς
1446 1219 1602 1248 τούναντίον
1626 1221 1642 1256 ἢ
1660 1222 1805 1255 ἔσπευδον,

1013 1262 1048 1288 τὰ
1070 1262 1120 1297 τῆς
1149 1264 1316 1298 πανουργίας
1337 1265 1430 1297 αὐτοῖς
1459 1265 1608 1302 ἐχώρησεν,
1637 1268 1736 1303 ἀγνοίᾳ.
1757 1270 1806 1296 καὶ

1013 1308 1115 1344 ἀπορίᾳ
1129 1308 1243 1342 πλείονι,
1256 1311 1304 1345 τῆς
1314 1311 1368 1337 τῶν
1378 1311 1516 1345 λογισμῶν
1527 1313 1671 1344 ἀσθενείας
1687 1315 1804 1348 ἑαυτοὺς

1013 1354 1226 1390 περιλαὸούσης.
1249 1365 1258 1382 ι
1279 1356 1380 1392 Κύριος
1404 1358 1533 1392 γινώσκει
1575 1360 1639 1391 τοὺς
1681 1361 1804 1396 διαλογι-

1013 1400 1109 1434 σμούς.
1127 1410 1136 1426 ι
1159 1401 1191 1427 Εἰ
1205 1399 1251 1428 οὖν
1273 1403 1286 1429 ὁ
1317 1402 1420 1439 Κύριος
1443 1404 1586 1439 γινώσκει,
1619 1406 1661 1439 τίς
1693 1407 1804 1443 ἀντερεῖ

1013 1446 1126 1480 λοιπ6ν;
1153 1447 1184 1473 Ei
1212 1447 1258 1475 οὖν
1278 1449 1301 1475 οὶ
1326 1449 1498 1485 διαλογισμοὶ
1512 1451 1567 1478 τῶν
1583 1452 1735 1488 ἀνθρώπων
1751 1455 1804 1489 μά-

1012 1492 1084 1518 ταιοί
1111 1493 1175 1525 εἰσι,
1202 1494 1250 1520 καὶ
1279 1494 1304 1520 οῐ
1329 1496 1406 1530 σοφοὶ
1423 1497 1450 1522 ὲν
1473 1497 1506 1532 τῇ
1531 1498 1685 1535 πανουργίᾳ
1712 1500 1804 1526 αὐτῶν

1015 1538 1115 1573 μᾶλλον
1130 1539 1298 1572 ἁλίσκονται,
1311 1541 1384 1576 ἥπερ
1399 1550 1424 1568 τι
1442 1542 1535 1577 κέρδος
1549 1543 1578 1575 ἐξ
1595 1544 1681 1579 αὐτῆς
1697 1544 1803 1579 ἔχουσι,

1013 1584 1092 1619 δῆλον
1102 1585 1142 1611 ὅτι
1156 1584 1217 1611 οὔτε
1234 1586 1316 1620 σοφία
1330 1586 1500 1623 ἀνθρωπίνη,
1511 1587 1573 1615 οὔτε
1594 1589 1736 1625 λογισμῶν
1747 1591 1803 1618 δει-

1012 1631 1091 1665 νότης
1114 1631 1200 1666 texuit
1216 1641 1242 1658 τι
1258 1632 1274 1668 ἢ
1297 1633 1420 1659 συντελεῖ
1445 1636 1514 1669 πρὸς
1529 1636 1578 1666 τὴν
1597 1636 1653 1663 τῶν
1670 1645 1800 1673 πνευμα-

1012 1678 1098 1704 τικῶν
1117 1678 1289 1705 διδασκαλίαν
1304 1679 1351 1705 καὶ
1366 1679 1495 1715 μάθησιν.
1512 1681 1542 1707 Ei
1554 1681 1583 1708 δὲ
1599 1682 1684 1718 μηδὲν
1697 1684 1803 1712 τούτων

1012 1723 1080 1758 πρὸς
1091 1724 1179 1751 ταῦτα
1196 1725 1327 1759 συντελεῖ,
1350 1725 1408 1757 πῶς
1433 1726 1466 1753 ἄν
1484 1735 1526 1758 τις
1541 1727 1677 1756 διδάσκων
1697 1732 1804 1766 καυχή-

1013 1777 1101 1802 σαιτο,
1119 1770 1202 1805 μηδὲν
1218 1771 1273 1798 τῶν
1300 1772 1329 1797 ὲν
1345 1771 1502 1807 ἀνθρώποις
1520 1773 1670 1802 δοκούντων
1686 1777 1802 1812 ἰσχύειν,

1011 1816 1258 1852 ἀποδεδειγμένων,
1278 1817 1315 1849 ὡς
1334 1818 1491 1845 συντελοῦσι
1507 1820 1575 1855 πρὸς
1589 1821 1698 1857 δνησινς
1715 1824 1802 1859 Δῆλον

1011 1862 1065 1897 γὰρ
1080 1862 1118 1894 ὡς
1135 1862 1162 1889 εἰ
1175 1864 1215 1895 τίς
1229 1872 1253 1890 τι
1271 1863 1318 1890 καὶ
1334 1863 1466 1896 διδάσκει,
1482 1866 1592 1901 χάριτός
1614 1868 1673 1894 ἐστι
1688 1870 1735 1895 καὶ
1750 1870 1803 1896 δω-

1012 1910 1076 1944 ρεᾶς
1093 1909 1142 1944 τῆς
1157 1909 1270 1942 ἀνωθεν,
1284 1910 1342 1936 ἀλλ’
1357 1911 1418 1946 οὐχὶ
1434 1912 1530 1946 erogata;
1544 1913 1647 1946 οἰκείας
1669 1915 1763 1950 ἔργον,
1785 1918 1801 1952 ῆ

1010 1955 1059 1990 τῆς
1076 1956 1146 1982 κατά
1164 1955 1282 1983 διάνοιαν
1299 1956 1438 1992 ὀξύτητος.
1460 1958 1499 1985 Τά
1516 1959 1546 1985 δὲ
1561 1960 1732 1996 χαρίσματα,
1751 1964 1802 1999 οὐχ

1012 2001 1054 2028 ἵνα
1070 2002 1176 2034 τούτοις
1193 2002 1372 2038 ἐπαιρὼμεθα
1392 2004 1578 2041 λαμὸἀνομεν,
1594 2007 1651 2033 ἀλλ’
1664 2008 1709 2035 ἐπὶ
1722 2013 1801 2045 κοινῇ

1010 2048 1064 2074 τῶν
1080 2048 1230 2083 ἀνθρώπων
1246 2048 1377 2085 ὠφελείᾳ.
1396 2060 1405 2076 ι
1423 2051 1485 2077 ’Ότι
1501 2051 1554 2078 elei.
1567 2053 1686 2086 μάταιοι.
1707 2063 1716 2079 ι
1739 2055 1801 2087 Πῶς

1010 2093 1065 2128 γὰρ
1079 2093 1126 2126 οὓς
1143 2094 1283 2129 νομίζουσι
1300 2095 1339 2132 μὴ
1357 2095 1460 2123 δεῖσθαι
1475 2097 1599 2132 μηδενὸς,
1617 2099 1675 2125 ἀλλ’
1692 2101 1802 2134 ἑαυτοῖς

1011 2139 1171 2174 ἀρκεῖσθαι,
1183 2141 1251 2176 πρὸς
1269 2141 1319 2176 τὴν
1334 2142 1381 2168 τοῦ
1394 2142 1511 2177 ἀληθοῦς
1521 2145 1683 2180 κατάληψιν.
1701 2147 1800 2174 ιὨσ-τε

1012 2185 1106 2221 μηδεὶς
1119 2187 1265 2222 καυχάσθω
1284 2188 1313 2215 ὲν
1338 2188 1501 2224 ἀνθρώποις.
1520 2200 1529 2216 ι
1554 2191 1626 2226 Πρὸς
1640 2192 1703 2224 τοὺς
1727 2194 1802 2221 8.6a-

1012 2232 1129 2264 σκὰλους
1151 2233 1242 2260 αὐτῶν
1257 2234 1339 2261 πάλιν
1353 2235 1538 2270 ἀποτείνεται,
1554 2237 1651 2269 οἵτινες
1669 2239 1802 2274 μέγιστον

1179 2279 1221 2313 ἐφ’
1246 2277 1287 2311 οἷς
1311 2281 1470 2315 χαρίσματα
1485 2282 1613 2318 εἰλήφασι
1625 2284 1802 2320 διδασκαλίας

1013 2324 1060 2350 καὶ
1081 2324 1182 2358 ἐτέρων
1204 2325 1296 2352 τινῶν.
1313 2327 1389 2352 Διατί
1414 2326 1443 2353 δὲ
1472 2328 1497 2354 οξ
1520 2328 1687 2363 διδάσκαλοι,
1704 2333 1801 2367 φησὶν,

1012 2371 1062 2396 οὐκ
1081 2370 1218 2403 ὀφείλουσι
1243 2372 1416 2406 καυχᾶσθαι,
1445 2373 1513 2401 ἀλλὰ
1540 2375 1641 2409 λέγεις,
1667 2387 1676 2403 ι
1695 2378 1802 2414 Μηδεὶς

1012 2416 1158 2450 καυχάσθω
1183 2417 1212 2442 ἐν
1235 2417 1407 2453 ἀνθρώποις;
1427 2429 1437 2445 ι
1454 2420 1495 2446 ὄτι
1519 2421 1570 2448 ὅσα
1590 2422 1701 2457 ἔχουσι,
1717 2426 1798 2460 φησὶ,

1010 2461 1179 2496 χαρίσματα,
1192 2461 1226 2488 δι’
1244 2463 1316 2497 ὑμᾶς
1335 2463 1380 2490 τὸν
1392 2464 1455 2492 λαὸν
1475 2466 1571 2493 ἔλαϐον
1584 2468 1652 2495 αὐτὰ
1667 2469 1711 2496 ἴνα
1726 2471 1801 2505 ὑμᾶς

1010 2506 1156 2540 ὼφειλῶσι.
1173 2508 1205 2534 Τί
1230 2507 1277 2535 οὖν
1293 2509 1336 2535 ὲπ*
1348 2510 1462 2543 ἐκείνοις
1484 2513 1651 2548 καυχῶνται,
1666 2514 1684 2542 ἃ
1700 2516 1801 2545 ἔλαϐον

1009 2552 1039 2578 οὺ
1057 2552 1090 2579 δι’
1105 2553 1223 2586 οἰκείους
1257 2554 1366 2587 πόνους,
1395 2556 1461 2582 ἀλλά
1494 2557 1528 2584 δι’
1557 2558 1643 2594 ὑμᾶς..
1673 2561 1720 2588 καὶ
1748 2562 1800 2598 τὴν

1010 2598 1086 2632 ὑμῶν
1102 2600 1259 2635 σωτηρίαν;
1275 2611 1284 2627 ι
1298 2602 1401 2636 Μηδεὶς
1416 2604 1572 2638 καυχάσθω,
1597 2615 1607 2631 ›
1626 2607 1661 2632 Ἦ
1683 2608 1730 2634 ἐπὶ
1741 2611 1800 2640 τοῖς

1008 2645 1188 2678 διδασκαλίοις
1204 2648 1243 2682 (οὔ
1261 2649 1316 2684 γάρ
1326 2657 1352 2675 τι
1364 2649 1471 2684 ἔχουσιν
1485 2651 1564 2678 αὐτοὶ
1574 2653 1702 2688 οἴκοθεν).
1719 2654 1736 2690 ἢ
1751 2657 1799 2683 ἐπὶ

1004 2692 1060 2723 τοῖς
1073 2692 1254 2729 ἀνθρωπίνοις
1273 2695 1424 2730 λογισμοῖς.
1441 2698 1478 2724 Οὐ
1501 2697 1555 2734 γὰρ
1578 2698 1636 2726 ἐστι
1655 2700 1689 2726 δι’
1704 2702 1798 2728 αὐτῶν

1005 2738 1169 2766 καταλαϐεῖν
1199 2740 1249 2775 τὴν
1278 2741 1420 2776 ἀλήθειαν,
1439 2744 1539 2778 μᾶλλον
1567 2745 1594 2772 δὲ
1620 2746 1636 2781 ἡ
1664 2747 1798 2784 ἀνωτέρω

1006 2784 1103 2830 ἐκδοχὴ
1119 2785 1166 2811 καὶ
1192 2787 1225 2821 τῇ
1251 2786 1321 2820 λέξει
1340 2788 1388 2815 τοῦ
1418 2791 1519 2826 χωρίου
1540 2791 1587 2818 καὶ
1611 2793 1668 2824 τοῖς
1693 2793 1798 2830 ἐφεξῆς

1008 2829 1083 2856 ἐστιν
1095 2830 1298 2866 ὲφαρμόζουσα.
