1880 3057
137 128 185 161 691

137 233 339 268 pudefacientis
360 239 411 260 est.
437 232 492 260 Nos
516 236 546 258 ut
561 232 640 258 video
660 231 737 258 stulti
755 238 861 263 sumus,
876 230 923 265 qui

140 280 202 307 talia
226 280 282 314 pati
303 279 480 305 sustinemus.
510 287 519 302 ι
543 278 598 304 Vcs
612 282 702 303 autem
719 277 868 311 prudentes
881 285 924 304 es-

142 327 187 355 tis.
208 335 216 350 ι
242 326 288 359 qui
309 325 344 351 ita
362 331 452 350 vestra
468 323 672 357 disposueritis,
687 327 716 349 ut
734 324 788 358 jam
804 323 924 357 regnetis

141 374 166 400 in
182 374 301 403 Christo,
321 372 347 398 id
364 376 416 400 est.
433 373 459 398 in
477 371 559 397 rebus
574 378 634 405 qua:
653 371 793 398 Christum
809 378 925 398 concer-

140 424 208 446 nunt
237 418 338 445 Dx-imle
354 417 496 452 subiungit
512 417 584 451 quod
610 417 761 444 imbecilles
773 424 883 451 quoque
898 421 926 443 et

141 464 248 499 inglorii
274 471 304 490 ac
328 463 491 490 necessariis
507 463 591 490 rebus
614 466 736 497 egentes.
760 463 813 490 Vos
834 467 926 489 autem

140 510 251 536 omnino
264 517 278 536 e
292 509 402 535 diverso
415 529 421 539 ,
437 512 567 542 tanquam
586 508 638 535 hoc
654 508 799 536 ostendere
813 508 924 540 volens;

140 563 190 582 nos
207 554 296 588 potius
313 557 441 587 oportere
460 553 540 580 bonis
558 553 622 586 frui,
641 554 689 589 qui
703 553 853 581 modestias
865 554 928 580 tuli-

140 608 211 631 mus,
226 608 256 626 ac
278 600 475 639 laboravimus,
493 607 575 633 quam
596 607 655 632 vos,
669 599 716 634 qui
731 600 757 626 in
774 600 850 626 nullo
862 599 927 626 fati-

139 646 194 681 gati
216 645 282 673 estis
301 655 307 672 ι
324 646 397 680 quod
413 646 436 672 si
455 653 505 672 nos
522 645 645 682 nondum
660 644 794 677 fruimur,
817 644 863 671 sed
880 645 928 671 ad—

138 694 193 720 huc
211 693 281 719 mala
295 692 426 727 patimur,
447 691 585 726 quomodo
601 699 651 718 vos
668 696 794 726 tanquam
809 691 929 725 prtemiis

140 747 189 773 per
204 739 276 765 dona
299 738 432 768 fruentes,
457 742 484 764 et
498 737 575 771 quasi
592 737 646 771 jam
662 744 776 771 regnum
797 736 928 764 cwlorum

141 784 168 811 in
193 784 320 812 manibus
337 784 471 810 habentes
486 783 571 819 (quod
585 783 712 817 superius
733 783 866 818 designat.
887 782 931 809 di-

141 838 206 857 cens
227 839 233 858 :
259 839 268 855 (
293 829 352 856 Jam
369 837 483 864 regnum
498 829 588 863 adepti
603 829 670 856 estis
687 838 696 855 ι
712 829 721 863 )
736 828 878 862 magniﬁce
894 827 927 855 dc

140 875 219 902 vobis
238 875 358 905 sentitis,
384 880 412 901 et
437 881 485 901 vos
509 875 582 908 ipsos
601 874 728 909 jactatis?
745 884 753 899 ι
773 873 827 900 Nos
851 873 925 900 stulti

142 926 254 955 propter
280 919 420 947 Chri-tum
441 928 448 946 :
471 929 481 945 ι
500 920 551 946 hoc
577 924 629 949 cst.
654 919 730 946 stulti
762 926 927 954 apparemus

142 965 311 992 suilerendo.
328 965 382 992 Vos
401 969 505 997 autem,
523 973 585 992 cum
606 965 674 992 nihil
695 965 853 999 patiamini,
868 965 927 999 opi-

142 1010 226 1037 nione
252 1016 342 1037 vestra
373 1010 475 1036 habere
507 1010 640 1037 videmini
667 1009 769 1036 Christi
802 1017 926 1044 regnum.

142 1056 229 1083 Porro
243 1057 276 1083 ad
290 1056 371 1083 tinem
387 1064 473 1091 usque
486 1057 630 1084 sententiae
642 1063 733 1083 sermo
748 1063 797 1090 per
811 1056 926 1083 ironiam

142 1101 193 1136 ipsi
211 1103 354 1136 processit.
374 1111 383 1127 ‹
407 1102 446 1128 Ad
470 1102 524 1128 hoc
540 1110 626 1136 usque
642 1107 761 1136 tempus.
780 1111 788 1127 ι
811 1101 925 1133 Omitto,

142 1147 240 1181 inquit.
256 1151 360 1176 vetera.
377 1147 523 1181 praesentia
547 1152 652 1174 tantum
672 1147 763 1175 refero
778 1148 806 1174 in
827 1148 927 1182 quibus

142 1192 283 1219 constituti
300 1200 406 1220 sumus.

177 1237 220 1270 IV,
238 1239 280 1269 Η,
298 1239 338 1265 l5.
356 1238 390 1265 Et
402 1239 530 1265 esurimus
551 1243 574 1264 et
584 1239 686 1265 sitimus
701 1247 731 1265 ac
747 1239 810 1265 nudi
826 1247 927 1271 sumus,

141 1283 311 1318 colaphisque
334 1284 472 1316 cwdimur,
498 1288 522 1310 et
545 1285 650 1311 incertis
665 1293 795 1318 vagamur
813 1285 927 1317 sedibus,

142 1334 166 1356 et
188 1329 334 1364 fatigamur
345 1331 458 1364 propriis
479 1329 627 1356 laborantes
643 1330 763 1356 manibus
776 1338 784 1356 :
799 1330 869 1356 male
881 1338 929 1356 au-

142 1375 252 1405 dientes,
273 1376 448 1402 benedirimus
465 1384 474 1402 .'
487 1377 693 1410 persecutionem
710 1377 849 1410 patientes,
869 1384 926 1402 tus-

144 1420 257 1445 tinemus
275 1427 283 1446 :
304 1420 426 1446 conuiciis
450 1421 544 1454 affecti,
572 1420 736 1447 obsecramus
755 1429 763 1446 :
787 1421 867 1447 ueluti
885 1428 931 1447 ea:-

144 1469 277 1491 cremenla
295 1466 387 1491 mundi
404 1466 467 1500 facti
479 1474 579 1498 sumus,
596 1467 713 1492 omnium
731 1467 877 1501 peripsema
895 1466 930 1493 ad

143 1510 191 1536 hoc
201 1518 282 1545 usque
297 1515 408 1545 tempus.

179 1555 219 1582 Ad
239 1564 287 1583 eos
308 1557 355 1591 qui
377 1556 486 1584 deliciis
507 1556 656 1584 atlluebant
672 1556 774 1584 dicitur
795 1565 802 1583 :
823 1567 832 1583 ι
851 1557 932 1585 Cola-

143 1600 206 1635 phis
218 1601 363 1633 caedimur;
386 1611 396 1627 ›
417 1601 450 1628 ad
467 1610 515 1629 eos
529 1602 577 1636 qui
598 1601 836 1634 intumescebant,
859 1612 868 1627 ι
891 1602 933 1629 lu-

143 1646 227 1673 certis
237 1654 369 1682 vagamur
384 1647 508 1679 sedibus,
526 1657 535 1672 »
553 1647 579 1673 id
595 1652 647 1679 est,
658 1647 693 1676 ob
711 1647 932 1681 persecutionem

144 1697 250 1719 certum
273 1701 328 1719 non
354 1693 488 1719 habemus
505 1693 675 1719 consistendi
692 1693 793 1720 locum.
813 1703 822 1718 ι
845 1693 933 1721 Labo-

144 1742 247 1764 rantes.
266 1748 275 1764 ι
291 1738 353 1765 Haec
364 1738 397 1765 ad
411 1739 472 1765 illos
488 1738 647 1764 referuntur
659 1738 705 1772 qui
718 1739 787 1765 lucri
799 1747 830 1766 ac
844 1747 934 1773 quaes-

147 1788 190 1810 tus
212 1791 294 1811 causa
320 1784 354 1810 ad
382 1783 606 1818 praedicationem
619 1783 799 1810 accedebant.
814 1783 879 1816 Nos,
894 1784 934 1811 in-

146 1829 216 1863 quit,
234 1830 380 1864 fatigamur
399 1828 518 1862 prolnriis
533 1833 680 1863 operantes
703 1829 839 1861 manibus,
864 1829 934 1856 male

146 1875 300 1907 audientes,
333 1874 556 1908 persecutionem
587 1875 774 1908 sustinentes,
802 1876 934 1904 conviciis

145 1921 236 1949 affecti
252 1930 305 1948 non
324 1921 511 1956 indignamur,
528 1921 574 1948 sed
588 1922 758 1956 gaudemus;
771 1922 833 1950 ideo
850 1923 933 1950 etiant

146 1967 347 1994 benedicimus.
372 1975 380 1992 (
404 1967 626 1994 Persecutionem
655 1968 790 2002 patientes
817 1968 936 1995 sustine-

148 2021 217 2040 mus.
240 2022 249 2038 ι
273 2012 331 2039 Hoc
354 2017 397 2039 est
420 2012 536 2040 stultum
563 2012 622 2040 ﬁeri
648 2018 760 2047 propter
783 2013 934 2040 Christum.

146 2059 199 2093 Qui
221 2059 294 2086 enim
315 2059 373 2086 haec
395 2058 538 2093 patiuntur
555 2066 606 2085 nec
623 2062 787 2094 repugnant,
807 2060 873 2094 quin
888 2067 936 2094 po-

149 2105 205 2131 tius
233 2103 326 2130 verbis
360 2103 595 2130 commodioribus
629 2103 816 2138 respondent,
860 2105 935 2138 stulti

147 2150 221 2185 apud
241 2150 368 2178 homines
380 2149 583 2177 existimantur.
601 2149 707 2176 «Veluti
720 2154 906 2179 excrementa.
924 2159 932 2175 ι

147 2197 200 2224 hoc
217 2202 269 2228 est.
293 2201 421 2231 tanquam
439 2195 622 2227 iInmnndilia,
643 2195 682 2222 sic
703 2195 812 2230 inglorii
827 2199 855 2222 el.
871 2203 936 2222 con-
953 2190 974 2218 ο

148 2243 243 2270 templi
261 2242 324 2269 facti
349 2250 455 2269 sumus.
472 2241 576 2268 Deinde
594 2249 627 2268 ne
645 2240 727 2276 454
745 2240 936 2268 existimarent

149 2289 222 2323 quod
240 2288 314 2323 ipsos
327 2288 484 2323 designaret
500 2287 573 2319 (nam
592 2287 716 2314 Corinthi
738 2288 822 2314 multa
839 2296 936 2322 passus

148 2334 218 2369 erat)
234 2343 240 2360 :
264 2343 273 2359 ι
292 2334 397 2366 Mundi,
418 2343 426 2358 ι
442 2333 540 2367 inquit.
556 2340 611 2359 non
624 2337 724 2360 vestra.
744 2342 753 2359 ι
771 2333 937 2361 Excremen-

151 2384 187 2406 ta.
208 2389 216 2404 ι
237 2380 295 2406 Hoc
312 2384 364 2410 est.
386 2379 528 2414 putamina
552 2382 581 2406 et
606 2384 785 2414 purgamenta
804 2379 868 2407 facti
892 2388 937 2408 su-

151 2432 222 2454 mus,
242 2424 299 2451 sive
317 2424 427 2456 rudera,
444 2431 504 2458 quae
527 2424 712 2452 communiter
737 2424 937 2459 ἀποφιλοκα).ήο

153 2479 224 2505 ματα
236 2470 377 2497 dicuntur.
392 2466 432 2497 ᾹῘ)
443 2470 572 2498 omnibus
582 2471 788 2505 \‘ilipendimur,
801 2471 938 2498 omnium-

150 2525 203 2552 que
227 2521 403 2544 cxcrementa
421 2525 516 2544 sumus
535 2525 585 2544 nos
606 2517 679 2552 ipsos
698 2517 829 2544 omnibus
851 2516 938 2551 subji-

152 2563 256 2590 cientes
279 2563 439 2591 hominibus
463 2568 574 2598 propter
599 2563 750 2591 Christum.
777 2572 786 2588 ι
811 2562 939 2589 Omnium

154 2609 319 2644 peripsema.
339 2619 348 2636 ι
365 2610 404 2637 Ac
420 2610 442 2637 si
457 2611 561 2637 diceret
581 2619 588 2636 ι
604 2610 725 2638 Gratiam
742 2609 870 2635 omnibus
891 2608 940 2635 ha-

152 2656 214 2684 beo.
236 2656 306 2684 Sunt
322 2661 413 2684 autem
428 2657 513 2684 veluti
532 2657 652 2691 graviter
670 2655 783 2682 ferentis
798 2654 891 2684 verba,
911 2658 941 2681 ut

154 2702 221 2737 ipsis
236 2703 401 2738 persuadeat
419 2711 454 2730 ne
471 2703 613 2736 magnifice
628 2702 662 2728 de
682 2709 710 2729 se
723 2700 852 2728 sentiant.
872 2701 939 2727 Nam

154 2748 176 2774 si
191 2756 252 2777 nos.
266 2749 365 2783 inquit,
381 2748 496 2783 apostoli
514 2748 586 2774 inter
597 2747 655 2773 haec
665 2753 818 2777 versamur,
834 2745 938 2780 utquid

153 2801 202 2822 vos
217 2795 364 2823 etl'erimini
378 2798 491 2830 propter
509 2801 541 2821 ea
558 2801 618 2828 quze
641 2792 786 2827 accepistis
805 2791 887 2823 dona.
905 2800 937 2820 ac

649 127 845 158 (ECUMENII
866 127 1012 157 TRICC/E
1034 129 1205 159 EPISCOPI

172 187 253 223 453
271 195 278 212 ι
295 186 351 214 Nos
365 186 442 214 stulti
459 190 572 222 propter
584 185 748 213 Christum.»
764 186 853 213 Etiam
870 185 922 212 hoc
938 187 959 214 Α

1011 196 1021 212 ι
1046 187 1143 222 Ἡμεῖς
1157 186 1245 222 μωροὶ
1255 187 1298 214 διὰ
1312 187 1440 222 Χριστόν.
1464 196 1474 212 ι
1489 187 1545 214 Καὶ
1568 186 1648 214 τοῦτο
1675 186 1767 223 ἐντρε-

974 233 1089 264 πτικῶς.
1123 233 1230 268 Ἡμεῖς,
1255 233 1348 268 φησιν,
1376 233 1414 264 ὡς
1455 233 1521 268 ὁρῶ,
1555 233 1641 268 μωροί
1671 234 1766 267 ἔσμεν,

974 277 1086 304 τοιαῦτα
1109 278 1225 312 πάσχειν
1252 279 1420 313 ἀνεχόμενοι.
1438 287 1447 304 ι
1470 278 1564 312 Ὑμεῖς
1586 279 1614 305 δὲ
1639 278 1768 314 φρόνιμοί

975 323 1048 350 ἐστε,
1068 332 1077 348 ›
1107 323 1199 354 Οὕτως
1211 322 1244 349 τὰ
1255 323 1314 350 καθ’
1326 323 1438 354 ἑαυτοὺς
1467 323 1708 358 οἱκονομήσαντες,
1732 323 1768 354 ὼς

975 369 1025 403 ήδη
1058 369 1104 395 καὶ
1135 369 1289 404 βασιλεύειν
1318 370 1347 395 ἐν
1370 369 1492 404 Χριστῷ,
1521 370 1535 396 ὃ
1553 371 1637 401 ἐστιν,
1662 370 1692 396 ἐν
1715 371 1769 400 τοῖς

976 415 1046 441 κατὰ
1076 415 1194 450 Χριστὸν
1223 415 1394 450 πράγμασιν.
1427 414 1494 442 Εἶτα
1517 415 1625 448 ἐπάγει,
1654 415 1696 441 ὂσι
1723 416 1769 441 καὶ

976 461 1099 491 ἀσθενεῖς
1112 460 1160 486 καὶ
1176 460 1280 494 ἄτιμοι,
1304 459 1350 486 καὶ
1373 459 1428 486 τῶν
1459 459 1617 492 ἀναγκαίων
1650 459 1767 490 ἐνδεεῖ;’

977 506 1054 541 ὑμεῖς
1073 505 1102 531 δὲ
1123 506 1176 532 πᾶν
1191 504 1346 532 τούναντίον
1359 513 1366 520 ο
1384 505 1463 532 τοῦτο
1488 504 1716 536 κατασκευάζων,
1729 504 1770 530 ὅτι

977 553 1051 588 ἡμᾶς
1075 552 1174 587 μᾶλλον
1193 552 1246 578 ἔδει
1261 552 1324 583 τοὺς
1338 552 1524 582 κοπιάσαντας
1533 552 1580 579 καὶ
1592 550 1770 585 κεκμηκότας

977 597 1123 624 ἀπολαύειν
1133 597 1187 624 τῶν
1199 596 1318 630 ἀγαθῶν,
1328 596 1392 631 παρ’
1410 596 1481 630 ὑμᾶς
1490 596 1553 627 τοὺς
1570 595 1608 631 μὴ
1617 595 1770 621 κοπιάσαν-

977 652 1036 674 τας.
1051 644 1082 670 Εἰ
1099 643 1126 669 δὲ
1140 644 1219 678 ἡμεῖς
1244 642 1320 669 olim)
1343 641 1527 676 ἀπολαύομεν,
1547 640 1659 667 ἀλλ’ἑτι
1686 639 1771 674 ἐσμὲν

979 690 1007 715 ὲν
1022 689 1061 722 τῷ
1073 690 1188 724 πάσχειν
1196 688 1300 721 κακῶς,
1316 688 1375 720 πῶς
1400 689 1479 723 ὑμεῖς
1506 687 1544 719 ὡς
1575 687 1626 723 ήδη
1646 686 1771 721 ἀμοιόων

978 734 1195 766 ἀπολελαυκότες
1204 735 1249 761 διὰ
1264 735 1319 761 τῶν
1331 735 1519 770 χαρισμάτων,
1537 733 1585 760 καὶ
1603 733 1641 765 ὡς
1653 733 1704 767 ἢδη
1721 732 1771 767 τὴν

981 784 1120 820 βασιλείαν
1135 784 1190 809 τῶν
1217 783 1340 818 οὐρανῶν
1363 782 1471 817 ἔχοντες
1498 782 1527 808 ὲν
1550 780 1644 816 χερσὶν
1670 780 1772 816 (ἥνπερ

979 831 1036 858 ἄνω
1069 830 1143 863 λέγει
1180 829 1220 856 ὅτι
1253 838 1262 854 ι
1289 828 1498 856 Ἐὃασιλεύσατε
1516 826 1563 862 ›),
1590 827 1662 861 μέγα
1703 834 1772 860 φρο-

979 877 1060 906 νεῖτε,
1075 876 1122 902 καὶ
1134 873 1330 907 ἁλαζονεύεσθε
1346 882 1353 905 ;
1370 883 1379 899 ι
1404 873 1500 908 Ἡμεῖς
1523 873 1610 907 μωροὶ
1636 872 1681 898 διὰ
1704 872 1772 905 Χρι-

978 922 1050 948 στόν.
1070 931 1078 947 ι
1099 921 1239 952 Τουτέστι,
1263 921 1302 947 Δι’
1317 919 1398 946 αὑτὸν
1427 919 1514 954 μωροὶ
1537 917 1700 953 φαινώμεθα
1725 917 1774 943 καὶ

978 967 1140 1002 πάσχοντες.
1156 968 1234 1002 ὑμεῖς
1252 966 1280 992 δὲ
1301 965 1330 998 ἐξ
1344 966 1471 1000 οἰήσεως,
1485 964 1533 990 καὶ
1551 963 1588 998 μὴ
1606 964 1771 994 πάσχοντες,

979 1013 1108 1047 φαίνεσθε
1123 1013 1196 1048 ἔχειν
1210 1013 1259 1048 τὴν
1275 1012 1322 1038 τοῦ
1337 1011 1457 1046 Χριστοῦ
1477 1010 1626 1045 βασιλείαν.
1649 1009 1725 1039 ’Ἕως
1744 1008 1773 1034 δὲ

979 1059 1064 1091 κάτω,
1092 1058 1162 1085 κατὲ
1189 1057 1342 1092 είρωνείαν,
1372 1057 1386 1083 ὸ
1413 1056 1491 1089 λόγος
1523 1054 1597 1089 αὑτῷ
1620 1054 1771 1088 προῆκται.

981 1114 990 1130 ι
1007 1105 1088 1139 ’Ἄχρι
1103 1105 1152 1138 τῆς
1164 1103 1225 1138 ἄρτι
1241 1103 1325 1138 ὧρας.
1345 1113 1354 1128 ι
1377 1102 1439 1135 Ἐῶ,
1451 1102 1527 1136 φησὶ,
1542 1100 1577 1127 τὰ
1593 1099 1709 1131 παλαιὰ,
1726 1099 1763 1124 τὲ

978 1150 1026 1177 νῦν
1047 1150 1165 1184 λέγω,ἐν
1176 1147 1217 1181 οἷς
1231 1150 1325 1184 ἐσμεν.

1015 1242 1068 1270 Καὶ
1086 1242 1244 1276 πεινῶμεν,
1259 1241 1460 1274 καίόιψῶμεν,
1475 1237 1770 1273 καὶγυμνητεύομεν,

979 1288 1027 1315 καί
1037 1287 1263 1322 κολαφιζόμεθα,
1272 1287 1320 1314 καὶ
1335 1287 1535 1320 ἀστατοῦμεν,
1553 1284 1601 1312 καὶ
1611 1283 1773 1317 κοπιῶμεν,

979 1333 1168 1368 ἐργαζόμενοι
1193 1333 1258 1365 ταῖς
1269 1333 1357 1364 ιδίαις
1369 1333 1467 1366 χερσί.
1477 1329 1776 1364 Λοιδορούμενοι.εὐ-

980 1380 1140 1414 λογοῦμεν,
1172 1379 1344 1413 διωκόμενοι
1361 1378 1537 1412 ἀνεχόμεθα,
1562 1375 1772 1410 ,βλασφημού-

978 1434 1064 1460 μενοι
1091 1425 1332 1459 παρακαλοῦμεν,
1349 1425 1388 1457 ὡς
1405 1423 1645 1458 περικαθάρματα
1661 1422 1714 1449 τοῦ
1726 1422 1773 1448 x6-

981 1479 1061 1506 σμου
1079 1471 1273 1506 ἐγενήθημεν,
1298 1470 1419 1497 πάντων
1433 1470 1588 1504 περίψημα
1610 1468 1667 1500 ἕως
1681 1467 1758 1501 ἄρτι.

1018 1563 1088 1598 Πρὸς
1121 1563 1185 1593 τοὺς
1217 1561 1388 1596 τρυφῶντας,
1406 1560 1466 1592 καὶ,
1484 1570 1493 1585 ι
1514 1558 1741 1594 Κολαφιζὸμεοα.
1762 1567 1772 1584 ι

983 1609 1056 1644 Πρὸς
1081 1609 1144 1640 τοὺς
1168 1607 1407 1642 πεφυσιωμένους,
1425 1617 1434 1632 ι
1459 1605 1676 1640 Ἀστατοῦμενη
1697 1613 1773 1632 τουτ-

983 1656 1041 1682 έστι
1066 1654 1221 1688 διωκόμεθα
1246 1653 1341 1680 στάσιν
1370 1653 1407 1687 μὴ
1439 1652 1556 1686 ἔχοντες.
1571 1661 1581 1677 ι
1603 1651 1773 1685 Ἐργαζόμε-

983 1709 1034 1727 νοι.
1055 1709 1064 1725 ι
1091 1700 1185 1726 Ταῦτα
1217 1699 1254 1730 ὡς
1282 1699 1350 1733 πρὸς
1382 1699 1445 1730 τοὺς
1475 1698 1587 1733 κέρδους
1612 1697 1706 1724 ἕνεκεν
1730 1698 1772 1723 κατ

984 1744 1119 1779 πορισμοῦ
1131 1743 1335 1778 ἐπιχειροῦντας
1350 1744 1380 1769 τδ
1394 1743 1553 1778 κηρύσσειν,
1572 1743 1678 1776 Ἡμεῖς,
1696 1742 1774 1776 φησὶ,

984 1790 1126 1824 κοπιῶμεν
1145 1790 1336 1824 ἐργαζόμενοι.
1362 1789 1581 1824 Λοιδορούμενοι,
1602 1789 1775 1822 διωκόμενοι,

987 1835 1239 1870 βλασφημούμενοι,
1258 1835 1289 1862 οὐ
1304 1835 1529 1870 δυσχεραίνομεν,
1543 1834 1611 1860 ἀλλὰ
1629 1834 1775 1868 χαίρομεν·

984 1881 1025 1907 διὸ
1060 1881 1107 1907 καὶ
1136 1880 1310 1915 εὐλογοῦμεν.
1342 1890 1350 1906 ι
1375 1880 1540 1914 Διωκόμενοι
1579 1880 1742 1915 ἀνεχόμεθα.
1764 1888 1774 1905 ι

986 1926 1072 1953 Τοῦτό
1094 1927 1152 1953 ἐστι
1170 1926 1261 1960 μωρὸν
1286 1925 1414 1959 γενέσθαι
1437 1926 1482 1952 διὰ
1503 1925 1630 1961 Χριστόν.
1665 1926 1698 1951 01.
1722 1925 1778 1960 γὰρ

985 1972 1072 1998 ταῦτα
1088 1972 1239 2006 πάσχοντες
1269 1971 1317 1998 καὶ
1348 1972 1385 2006 μὴ
1412 1971 1601 2007 ἁντιδρῶντες,
1629 1971 1698 1998 ἀλλὰ
1728 1971 1776 1998 καὶ

986 2018 1042 2049 τοῖς
1055 2017 1248 2052 χρηστοτέροις
1264 2017 1453 2052 ἀμειϐόμενοι,
1470 2018 1557 2052 μωροὶ
1589 2018 1645 2048 τοῖς
1671 2017 1778 2052 ἀνθρὼ-

987 2072 1048 2095 ποις
1063 2062 1230 2098 νομίζονται.
1247 2072 1256 2089 ι
1283 2063 1328 2094 Ὠς
1341 2071 1374 2089 πε
1381 2063 1586 2098 ρικαθάρματα.
1607 2072 1617 2090 ι
1631 2062 1778 2089 Τουτέστιν

988 2109 1025 2140 ὡς
1037 2108 1205 2143 ἀκαθαρσία,
1227 2109 1264 2140 ὡς
1280 2109 1373 2143 ἄτιμοι
1390 2109 1438 2135 καὶ
1453 2109 1566 2143 φευκτοὶ
1593 2109 1777 2143 ἐγενήθημεν.

990 2153 1055 2181 Εἶτα
1063 2154 1108 2180 ἵνα
1123 2154 1159 2189 μὴ
1173 2154 1322 2189 νομίσωσιν
1336 2155 1377 2181 ὃτι
1401 2154 1499 2186 αὐτοὺς
1516 2155 1663 2182 αἰνίττεται
1681 2155 1779 2190 (πολλὰ

989 2200 1044 2236 γὰρ
1051 2197 1084 2234 ἦν
1093 2200 1242 2234 ὑπομείνας
1251 2201 1279 2226 ὲν
1286 2199 1434 2235 Κορίνθῳ),
1446 2210 1455 2226 ι
1469 2200 1521 2226 Τοῦ
1530 2201 1642 2235 κόσμου,
1662 2210 1670 2226 ι
1685 2201 1778 2235 φησιν,

990 2247 1039 2282 οὐχ
1068 2246 1154 2282 ὑμῶν.
1175 2255 1184 2271 ι
1204 2246 1452 2281 Περικαθάρματα.
1470 2255 1479 2272 ι
1500 2246 1561 2272 ἀντὶ
1593 2246 1641 2272 τοῦ
1674 2247 1780 2281 ἀποψή-

990 2301 1096 2327 γματα,
1114 2292 1162 2319 καὶ
1171 2291 1266 2326 ὥσπερ
1280 2291 1487 2327 ἀποσαρώματα
1501 2291 1665 2326 γεγόναμεν,
1694 2292 1779 2325 ἤγουν

992 2337 1126 2368 σκύϐαλα,
1161 2337 1232 2371 ἅπερ
1263 2337 1361 2367 κοινῶς
1391 2337 1691 2372 ἁποςριλοκαλήματιῑ.
1712 2338 1780 2364 Ύπῦ

991 2383 1101 2409 πάντων
1119 2381 1331 2416 εὐτελιζόμενοι,
1355 2383 1403 2408 καὶ
1418 2383 1527 2409 πάντων
1560 2382 1780 2417 ἀποκαθάρματά

992 2429 1087 2462 ἐσμεν,
1104 2427 1279 2459 ὑποτιθέντες
1307 2429 1420 2460 ἑαυτοὺς
1451 2430 1534 2456 πᾶσιν
1554 2429 1711 2464 ἀνθρώποις
1738 2430 1780 2456 διὰ

992 2473 1120 2508 Χριστόν.
1140 2482 1150 2498 ι
1171 2473 1283 2500 Πάντων
1298 2474 1453 2509 περίψημα.
1468 2484 1477 2500 ›
1499 2475 1543 2505 Ὠς
1559 2473 1677 2507 είεῖπεν,
1694 2475 1781 2509 Χάριν

992 2519 1047 2554 ἔχω
1073 2519 1165 2546 πᾶσιν.
1180 2520 1407 2555 Βαρυθυμοῦντος
1439 2520 1467 2547 δὲ
1491 2521 1564 2555 λέγει
1588 2522 1711 2556 ῥήματα,
1740 2521 1782 2547 ἵνα

992 2565 1075 2600 πείσῃ
1088 2566 1187 2597 αὐτοὺς
1204 2566 1241 2600 μὴ
1257 2567 1366 2602 φρονεῖν
1381 2567 1462 2601 μέγα.
1476 2567 1506 2593 ΕΞ
1520 2567 1573 2601 γὰρ
1582 2568 1674 2601 ἡμεῖς,
1687 2568 1780 2601 φησὶν,

991 2612 1015 2638 οί
1028 2612 1172 2639 ἀπόστολοι
1187 2613 1216 2638 ὲν
1227 2613 1341 2645 τούτοις,
1353 2613 1380 2639 τί
1394 2613 1472 2647 ὑμεῖς
1493 2613 1565 2648 μέγα
1588 2614 1716 2647 φρονεῖτε
1740 2613 1780 2647 ἐφ’

991 2654 1032 2688 οἷς
1048 2656 1161 2683 ἐλάϐετε
1172 2657 1341 2692 χαρίσμασιν
1356 2657 1392 2688 ὼς
1404 2658 1454 2692 ἤδη
1469 2658 1583 2692 μεγάλοι
1595 2658 1666 2689 τινές
1683 2658 1782 2691 ;Περι’-

990 2704 1075 2737 ¹ψημα
1090 2703 1116 2729 δὲ
1125 2702 1236 2736 λέγεται
1251 2703 1282 2729 τὸ
1305 2702 1450 2733 σάϐανον,
1466 2703 1479 2729 ὃ
1504 2703 1567 2734 τοὺς
1589 2703 1705 2737 ίδρῶτας
1734 2701 1780 2729 τοῦ

995 2748 1145 2782 κάμνοντος
1187 2747 1333 2782 ἀποῴήχει.
1351 2757 1360 2774 ‹
1392 2748 1464 2777 Ἕως
1501 2748 1575 2784 ἄρτι.
1599 2758 1608 2774 ι
1627 2749 1701 2774 Ἀντὶ
1722 2747 1780 2781 τοῦ,

995 2793 1065 2821 Οΰτε
1079 2793 1133 2829 γὰρ
1147 2793 1205 2826 νῦν,
1218 2793 1471 2828 φησὶν,ὲπαύσαντο
1481 2795 1504 2820 οί
1516 2793 1727 2828 ἐπηρεάζοντες.

154 2843 176 2871 si
193 2843 248 2878 jam
271 2844 363 2879 magni
387 2842 491 2878 aliquid
524 2842 644 2871 essetis?
674 2841 821 2878 Περίῷημα
853 2851 918 2870 vero
952 2842 1054 2870 dicitur
1077 2843 1192 2870 σὰὅανον
1220 2842 1294 2877 quod
1314 2842 1463 2870 laborantis
1499 2841 1614 2870 sudores
1637 2841 1779 2878 abstersit.
