1880 3057
131 107 138 135 _'
145 96 198 128 695

671 99 872 130 (ECUMENII
891 99 1038 130 TRICCIE
1058 100 1233 130 EPISCOPT

1721 102 1782 134 696

141 158 253 192 gniores
269 157 452 186 redderentur
466 163 595 194 tanquam
612 159 670 194 ipse
688 159 721 187 ad
738 166 786 187 eos
797 163 923 187 venturus

1015 169 1062 196 μαι
1084 160 1123 187 δέ.
1138 169 1148 186 ι
1167 175 1203 180 -
1221 169 1230 185 1
1251 160 1457 196 Ἐφυσιώθησάν
1471 169 1553 192 τινες.
1568 171 1577 186 ι
1595 158 1687 188 Ἦσαν
1702 162 1780 188 κατᾶ

138 212 193 231 non
214 208 297 237 esset,
315 205 429 241 corrigit
454 206 518 238 hoc,
539 206 634 234 dicens
656 215 663 233 :
683 216 691 232 1
712 206 765 234 Sed
780 207 900 234 veniam.
916 217 924 232 ι

106 281 108 284 ν
141 259 151 276 ‹
177 249 268 277 lnﬂati
291 255 355 278 sunt
372 251 496 286 quidam.
518 262 527 278 ι
545 252 631 279 Erant
652 253 789 284 nonnulli,
806 257 835 280 ut
854 254 928 281 veri-

139 295 230 323 simile
245 297 344 330 estqui
358 297 464 331 seipsos
475 301 674 331 provexerant,
692 302 854 333 arroganter
869 305 928 325 sese

139 344 277 375 gerentes,
296 345 343 367 aut
358 341 394 368 ob
417 341 572 373 scientiam,
594 346 642 368 aut
667 342 702 368 ob
717 342 811 375 vitam,
826 347 874 369 aut
891 342 926 369 ob

141 386 216 413 aliud
240 387 350 421 quidvis
376 395 470 414 rerum
500 387 703 422 spiritualium.
732 389 834 416 Deinde
861 389 927 416 hinc

130 431 231 469 ‘inanis
243 431 330 466 gloria
344 439 375 459 ac
390 431 495 459 inﬂatio
511 433 692 460 subintrarat.
707 433 758 460 Per
774 433 925 460 absentiam

141 477 279 511 siquidem
292 477 414 512 magistri
428 486 489 505 cum
503 478 594 506 nullus
608 483 682 506 esset
696 479 742 513 qui
755 483 881 514 argueret
895 487 927 506 ac

140 522 302 557 corrigeret,
319 522 497 550 inﬂabantur.
519 533 527 548 1
544 523 597 550 Sed
615 523 734 550 veniam.
751 533 760 548 ι
779 523 855 556 Quod
868 523 924 550 ait:

144 578 152 594 1
173 569 285 596 Veniam
303 569 382 597 brevi
404 570 438 597 ad
454 578 513 603 vos,
529 579 537 596 ι
557 571 686 598 terrentis
699 575 741 598 est
754 575 781 598 et
797 577 926 605 pavorem

140 614 311 647 inculientis,
337 614 421 651 456
445 615 528 650 idque
543 615 701 651 apparantis
713 620 743 643 ut
766 615 817 650 ipsi
830 615 926 650 vigila-

140 665 202 687 rent
214 664 241 688 et
257 661 283 687 in
300 660 389 688 oﬂicio
407 662 625 689 continerentur.
645 670 655 687 1
673 660 707 688 Et
721 668 893 696 cognoscam.
913 670 922 686 ι

139 706 275 734 Fortassis
288 706 372 734 etiam
387 714 448 734 sese
460 707 603 742 jactabant
617 712 747 741 tanquam
763 705 877 741 perfecti
894 712 926 732 ac

138 753 298 787 spirituales
312 762 323 778 L
333 753 380 780 sed
398 753 528 786 veniens,
541 753 641 788 inquit,
653 757 748 788 potero
761 759 926 788 cognoscere

138 805 203 824 num
227 798 262 826 de
284 798 434 833 vobisipsis
457 799 624 834 gloriemini.
647 799 721 826 Nihil
737 798 810 826 enim
835 797 926 824 meriti

981 207 1011 234 τ’)
1027 207 1100 238 εἰκὸς
1126 206 1239 238 ἑαυτοὺς
1258 206 1463 239 ὲπιδεδωκότες,
1496 207 1512 242 ἢ
1546 207 1593 233 ἐπὶ
1623 207 1736 240 γνώσει,
1755 208 1777 241 ἢ

981 253 1027 280 ἐπὶ
1046 253 1105 288 βίῳ,
1124 253 1140 288 ἢ
1154 253 1199 279 ὲπί
1215 261 1267 278 τινι
1278 253 1331 279 τῶν
1346 254 1543 287 πνευματικῶν
1572 252 1780 288 ἀλαζονευόμε-

981 308 1032 326 νοι.
1052 298 1118 326 Εἶτα
1129 299 1206 326 ἔνθεν
1224 299 1362 332 κενοδοξία
1376 300 1422 326 καὶ
1436 299 1570 334 φυσίωσις
1594 300 1759 335 παρυπέστη
1769 320 1778 327 .

981 346 1019 381 Τῇ
1035 344 1080 373 οὖν
1094 345 1212 380 ἀπουσίᾳ
1226 345 1272 371 τοῦ
1288 345 1459 378 διδασκάλω,
1475 345 1590 380 μηδενὸς
1622 346 1700 377 ὄντος
1723 345 1777 372 τοῦ

980 391 1139 426 ἐλέγχοντος
1154 391 1200 417 καὶ
1226 391 1431 426 διορθουμένου,
1453 389 1523 426 ἦσαν
1549 391 1773 425 πεφυσιωμένοι.

984 447 993 463 ι
1016 437 1177 472 Ἐλεύσομαι
1206 437 1245 464 δέ.
1263 448 1272 462 ›
1297 438 1343 470 Τὸ,
1366 447 1376 463 1
1391 437 1551 473 Ἐλεύσομαι
1577 439 1683 472 ταχέως
1703 437 1776 473 πρὸς

981 483 1063 518 ὑμᾶς,
1078 493 1088 509 ι
1111 483 1255 515 πτοοῦντός
1291 484 1348 509 ἔστι
1375 484 1422 510 καὶ
1445 483 1627 518 φοϐουμένου,
1657 483 1773 514 τούτους

980 529 1076 563 νήφειν
1104 529 1153 555 καὶ
1175 527 1357 555 κατεστάλθαι
1393 527 1662 563 παρασκευάζοντος.
1681 537 1691 553 1
1716 527 1774 553 Καὶ

979 572 1130 607 γνώσομαι.
1146 582 1155 598 ι
1175 571 1254 604 Ἴσως
1265 572 1312 599 καὶ
1328 572 1485 606 ἐκόμπαζον
1504 572 1542 604 ὡς
1568 572 1666 598 τέλειοί
1697 580 1773 603 τινες

979 619 1025 646 καὶ
1035 618 1212 653 πνευματικοί
1223 627 1229 634 ·
1242 619 1320 650 ἀλλὰ,
1335 619 1428 654 φησὶν,
1438 618 1597 653 ἐρχόμενος,
1606 618 1661 653 ἔχω
1668 617 1776 652 γνῶναι,

979 665 1004 690 εἰ
1020 665 1083 699 περὶ
1094 664 1200 691 ἑαυτῶν
1216 664 1385 700 κομπάζετε.
1399 664 1482 690 Τοῦτο
1502 664 1556 700 γὰρ
1571 664 1676 695 οὐδενὸς
1683 663 1771 696 ἄξιον,

979 706 1009 732 τὸ
1022 706 1175 740 κομπάζειν
1189 707 1270 741 μόνον
1294 707 1356 742 δίχα
1373 706 1472 742 ἔργων,
1501 706 1558 732 ἀλλ’
1578 707 1603 732 εί
1623 706 1686 738 ἀξια
1716 706 1772 732 τῶν

979 751 1067 785 λόγων
1081 751 1114 777 τὰ
1128 751 1208 787 ἔργα.
1226 751 1262 777 Οὺ
1276 752 1330 787 γὰρ
1343 751 1431 786 λόγων
1446 751 1537 786 χρεία,
1553 750 1622 777 ἀλλὰ
1631 751 1678 777 τοῦ
1690 751 1772 786 ἔργον

979 797 1066 823 ποιεῖν
1082 797 1276 830 πνευματικόν.
1296 797 1332 823 οὺ
1347 797 1402 832 γὰρ
1420 798 1493 832 λόγοι
1508 797 1592 832 χωρ“’ς
1607 796 1697 832 ἔργων
1714 798 1773 823 εἰσ-

138 843 230 876 llabet,
254 844 357 879 absque
376 844 507 879 operibus
530 844 653 884 gloriari,
671 844 720 871 sed
733 844 755 871 si
774 843 855 879 digna
871 850 923 870 ser-

1015 842 1117 876 ίγκοιεν
1145 843 1184 874 είς
1210 842 1259 878 τὴν
1289 842 1427 877 βασιλείαν
1452 843 1507 870 τῶν
1541 842 1676 878 οὐρανῶν,
1703 844 1773 877 ὅπερ

138 890 266 918 monibus
281 890 337 917 sint
350 899 444 925 opera.
468 891 608 925 Siquidem
624 898 678 918 non
693 894 759 918 sunt
774 888 925 929 necessarii

137 943 290 967 sermones,
309 937 355 964 sed
381 941 410 964 ut
431 944 514 971 opera
535 936 688 972 spiritualia
707 936 770 971 quis
783 939 925 970 operetur.

979 887 1052 920 λέγει
1065 888 1105 918 είς
1121 887 1170 922 τὴν
1190 886 1329 922 βασιλείαν
1353 888 1400 914 τοῦ
1422 888 1501 921 Θεοῦ,
1518 888 1575 915 ἀλλ’
1593 889 1622 915 ὲν
1642 887 1771 923 δυνάμει,

979 933 1120 960 τουτέστιν
1135 933 1164 960 ὲν
1178 934 1211 968 τῇ
1226 933 1356 967 ἐπιδείξει
1370 933 1424 960 τῶν
1437 934 1537 970 ἔργων.

137 982 285 1011 Sermones
306 991 424 1019 namque
454 984 513 1012 sine
546 985 676 1019 operibus
693 984 721 1011 in
742 991 854 1018 regnum
888 982 1022 1010 caelorum
1059 987 1233 1015 nequaquam
1258 980 1445 1008 introducent.
1478 981 1513 1008 Et
1538 981 1590 1009 hoc
1612 985 1655 1009 est
1695 983 1771 1017 quod

136 1027 176 1055 ait
192 1037 198 1056 :
217 1038 227 1055 1
243 1029 304 1057 Non
314 1030 387 1058 enim
409 1038 458 1066 per
473 1039 628 1059 sermonem
642 1035 684 1059 cst
698 1038 811 1066 regnum
826 1029 886 1062 Dei,
903 1028 951 1056 sed
972 1034 1022 1062 per
1035 1026 1179 1059 virtutem,
1203 1035 1212 1052 ι
1231 1026 1257 1054 id
1274 1030 1326 1059 est,
1343 1034 1393 1062 per
1412 1035 1527 1062 operum
1553 1027 1773 1056 demonstratio-

135 1084 210 1104 nem.
518 1099 520 1102 .

447 1136 561 1165 CAPUT
582 1137 612 1165 ΙΙ.

134 1180 265 1208 Adversus
287 1184 382 1217 stupra
403 1186 429 1208 et
443 1183 615 1209 scortatt‘ones
633 1191 664 1209 ac
683 1190 725 1209 eos
742 1182 786 1217 qui
809 1190 868 1208 cum
884 1182 922 1208 his

443 1218 615 1252 participant.

168 1262 213 1295 ιν,
226 1262 271 1290 21.
284 1277 319 1282 -
329 1263 362 1296 ν,
379 1263 404 1295 1,
422 1263 450 1290 2.
466 1263 535 1295 Quid
548 1263 626 1290 vultis
637 1264 649 1290 ?
660 1272 724 1291 num
736 1268 764 1290 ut
775 1272 834 1290 cum
848 1264 921 1298 virga

134 1310 239 1336 ueniam
253 1309 287 1336 ad
304 1317 347 1336 vos
365 1317 400 1336 an
417 1317 475 1336 cum
491 1310 621 1337 charitate
635 1314 659 1336 et
672 1310 768 1344 spiritu
784 1308 923 1335 Leuitatis?

135 1354 249 1381 Omnino
268 1354 376 1380 auditur
393 1355 461 1381 inter
480 1363 523 1382 vos
542 1359 675 1388 stuprum,
692 1353 772 1389 quale
790 1361 836 1380 nec
853 1354 924 1380 inter

135 1404 224 1434 gentes
239 1401 392 1427 nominatur
407 1408 416 1427 :
433 1404 461 1427 ut
478 1401 557 1428 etiam
577 1400 661 1436 patris
679 1407 786 1426 uxorem
802 1400 859 1434 quis
876 1399 924 1426 Ita-

135 1447 206 1473 οισι.
223 1445 258 1473 Et
280 1454 325 1473 uos
343 1447 431 1482 inﬂati
455 1448 516 1474 estis
538 1455 569 1474 ac
593 1455 644 1474 non
660 1446 744 1482 magis
760 1445 874 1477 luxictis,
897 1450 925 1472 ut

137 1492 275 1519 tolleretur
294 1493 325 1520 de
345 1493 430 1520 medio
447 1496 563 1520 vestrum
577 1493 621 1528 qui
642 1493 745 1527 facinus
761 1492 808 1519 hoc
828 1499 922 1527 perpe-
937 1508 961 1540 ο

138 1540 228 1567 ιναυίι.

172 1586 239 1614 Nam
253 1586 281 1614 in
296 1590 399 1622 vestra,
411 1587 512 1622 inquit,
525 1586 607 1613 situm
625 1591 667 1614 est
677 1589 812 1621 potestate
825 1589 856 1613 ut
867 1585 926 1613 haec

139 1631 247 1659 faciatis
263 1641 269 1658 :
289 1637 337 1659 aut
357 1636 386 1659 ut
399 1639 497 1666 segnes
509 1631 599 1658 eﬁ‘ecti
614 1639 657 1658 me
670 1631 703 1658 ad
716 1631 785 1658 iram
797 1634 826 1658 et
841 1630 925 1657 ultio-

138 1687 200 1706 nem
219 1679 385 1714 provocetis,
407 1678 638 1713 quemadmodum
658 1679 770 1706 Petrum
794 1677 924 1709 Ananias,

137 1729 168 1751 et
179 1725 316 1760 meipsum
331 1724 432 1751 Elimas
445 1733 451 1750 :
464 1729 511 1750 aut
521 1728 554 1751 ut
561 1724 683 1751 studiose
695 1727 807 1758 agentes
820 1727 847 1749 et
857 1722 926 1757 vigi-

137 1770 227 1797 lantes
252 1770 285 1797 ad
312 1769 474 1797 charitatem
502 1777 534 1796 ac
558 1769 701 1797 lenitatem
723 1776 766 1796 me
789 1768 926 1796 excitetis.

142 1826 150 1841 ι
168 1815 238 1843 Cum
255 1815 355 1850 spiritu
374 1814 506 1842 lenitatis.
528 1824 538 1840 ι
555 1815 649 1842 Potest
667 1814 741 1842 enim
762 1817 791 1841 et
812 1813 927 1848 spiritus

137 1869 199 1889 esse
212 1861 381 1888 austeritatis
396 1867 428 1888 ac
443 1861 567 1890 ultionis.
584 1870 592 1886 1
609 1861 728 1888 Auditur
742 1861 815 1888 inter
831 1868 888 1887 vos.
915 1870 923 1886 ι

136 1906 318 1934 Communem
328 1906 532 1934 facitomnibus
547 1907 751 1934 accusationem
766 1915 772 1933 :
785 1913 820 1933 ne
829 1912 927 1940 segnes

138 1953 290 1980 reddantur
306 1956 434 1988 tanquam
448 1953 531 1980 alieni
553 1961 567 1980 a
581 1953 693 1980 delicto.
714 1963 723 1979 1
744 1953 818 1981 lnter
833 1959 892 1979 vos.
915 1960 924 1976 ι

138 1999 185 2032 qui
202 1998 297 2026 ﬁdeles
312 1999 390 2032 estis,
404 2003 534 2034 tantaque
548 2000 694 2034 accepistis
709 1998 853 2026 beneﬁcia.
871 1997 928 2024 Nec

138 2043 223 2071 dicit:
243 2044 398 2079 Peragitur,
413 2044 461 2072 sed
478 2052 511 2071 ex
523 2044 675 2071 abundanti
693 2044 831 2074 cautione,
845 2051 854 2068 1
873 2042 929 2068 Au-

139 2090 223 2117 ditur.
241 2098 250 2116 ›
270 2104 304 2110 -
323 2100 332 2115 1
348 2091 405 2118 Nec
417 2090 490 2118 inter
508 2094 614 2125 gentes.
635 2099 644 2116 ›
662 2090 685 2117 Α
698 2089 855 2125 gentilibus,
874 2088 927 2115 hec

138 2140 191 2167 est.
211 2136 374 2170 incredulis,
390 2136 539 2171 exprobrat
559 2136 698 2163 ﬁdelibus.
712 2134 789 2168 Quod
809 2134 832 2162 si
855 2133 926 2168 apud

1265 1135 1390 1163 ΚΕΦΑΛ.
1411 1135 1449 1162 B’.

978 1183 1058 1211 Κατὰ
1086 1182 1206 1217 πορνῶν
1233 1183 1282 1209 καί
1305 1183 1457 1226 πορνείας,
1486 1184 1535 1211 καί
1567 1182 1627 1210 τῶν
1653 1184 1775 1217 τούτοις

1263 1226 1499 1245 κοινωνουντων.

1014 1264 1047 1292 Τί
1063 1265 1166 1292 θέλετε
1183 1273 1192 1296 ,'
1208 1265 1243 1291 ἐν
1257 1265 1357 1299 ῥάϐδῳ
1377 1264 1455 1292 ἔλθω
1481 1264 1556 1299 πρὸς
1579 1264 1658 1299 ὑμᾶς
1687 1265 1706 1298 ἢ
1739 1265 1776 1292 ἐν

972 1311 1074 1346 ἀγάπῃ
1105 1310 1255 1345 πνεύματί
1274 1319 1306 1337 τε
1335 1310 1523 1344 πραότητος;
1557 1310 1656 1343 ὀλως
1682 1310 1776 1337 ὼιού-

974 1365 1037 1384 εται
1053 1356 1165 1392 ἑνὺμῑν
1178 1357 1314 1391 πορνεία,
1329 1356 1378 1383 καὶ
1402 1356 1526 1390 τοιαύτη
1557 1356 1682 1390 πορνειά
1707 1356 1775 1390 ἣτις

975 1402 1047 1430 οὐδὲ
1073 1403 1109 1430 ἐν
1135 1402 1198 1435 τοῖς
1215 1403 1338 1430 ἔθνεσιν
1354 1401 1535 1436 ὀνομάζεται,
1551 1401 1630 1429 ὥστε
1645 1402 1776 1436 γυναῖκά

975 1457 1044 1476 τινα
1053 1449 1106 1476 τοῦ
1121 1449 1236 1483 πατρὸς
1255 1448 1348 1482 ἔχειν.
1368 1448 1423 1475 Καὶ
1438 1448 1521 1482 ὑμεῖς
1549 1448 1776 1482 πεφυσιωμένοι

977 1495 1059 1528 ἐστὲ,
1075 1495 1123 1523 καί
1138 1495 1205 1529 οὐχί
1216 1494 1338 1529 μᾶλλον
1351 1494 1549 1527 ἐπενθήσατε,
1579 1495 1642 1521 ἵνα
1659 1492 1777 1529 ἐξαρθῇ

975 1541 1010 1568 ἐκ
1021 1540 1118 1576 μέσου
1129 1541 1213 1575 ὑμῶν
1225 1541 1241 1568 ὁ
1255 1540 1288 1566 τὸ
1301 1540 1390 1574 ἔργον
1403 1539 1491 1566 τοῦτο
1507 1539 1649 1572 ποιήσας.

1017 1587 1112 1622 Ὑμεῖς
1124 1587 1188 1621 γὰρ,
1221 1586 1300 1621 φησὶ,
1314 1585 1420 1612 τούτων
1442 1585 1533 1620 κύριοί
1560 1585 1632 1618 ἐστε,
1650 1585 1665 1619 ἢ
1690 1585 1777 1620 ῥᾳθυ-

978 1632 1095 1668 μοῦντες
1110 1634 1149 1664 είς
1166 1633 1251 1668 ὀργήν
1271 1641 1304 1667 με
1318 1632 1366 1658 καὶ
1390 1631 1526 1666 τιμωρίαν
1541 1631 1657 1665 ἐγεῖραι,
1675 1631 1714 1661 ὼς
1728 1631 1775 1657 τὸν

977 1679 1077 1714 πέτρον
1105 1679 1119 1705 ὁ
1136 1678 1273 1710 Ἀνανίας,
1300 1678 1348 1704 καὶ
1377 1677 1428 1712 ἐμὲ
1455 1677 1536 1704 αὑτὸν
1559 1677 1574 1702 ὁ
1596 1676 1729 1711 Ἐλύμας,
1757 1676 1774 1710 ἥ

978 1724 1179 1756 σπουδάζοντες
1191 1723 1238 1750 καὶ
1253 1724 1394 1758 νήφοντες,
1411 1723 1452 1754 είς
1468 1723 1591 1757 ἀγάπην.
1609 1731 1618 1748 1
1635 1722 1681 1748 Ἐν
1690 1721 1775 1748 πνεύ-

980 1770 1221 1806 ματιπραότητος.
1243 1779 1252 1795 ι
1273 1769 1333 1796 Ἕνι
1346 1769 1401 1804 γὰρ
1416 1769 1463 1795 καὶ
1484 1768 1594 1803 πνεῦμα
1622 1767 1775 1802 αὐστηρίας

981 1818 1028 1844 καὶ
1040 1817 1188 1852 τιμωρίας.
1211 1826 1220 1842 1
1243 1816 1387 1843 Ἀκούεται
1404 1816 1434 1842 ἐν
1447 1815 1511 1850 ὑμῖν
1524 1835 1531 1841 .
1548 1824 1557 1840 ι
1586 1814 1684 1841 Κοινὺν
1700 1813 1774 1840 πάν-

977 1873 1032 1891 των
1048 1865 1118 1890 ποιΞῖ
1132 1863 1161 1889 τὸ
1179 1863 1308 1897 ἔγκλημα
1326 1862 1370 1888 ἵνα
1384 1862 1420 1897 μὴ
1436 1861 1634 1896 ῥᾳθυμὴσωσιν
1643 1860 1681 1891 ὡς
1694 1859 1774 1886 ἀλλό-

978 1919 1048 1947 τριοι
1064 1909 1110 1936 τοῦ
1127 1909 1375 1944 πλημμελήματος.
1391 1917 1399 1932 ι
1417 1907 1463 1933 Ἑν
1476 1907 1550 1941 ὑμῖν,
1570 1916 1578 1931 ι
1598 1905 1676 1940 φησι.
1688 1905 1774 1930 Τουτ-

980 1957 1037 1983 έστι
1060 1956 1115 1987 τοῖς
1139 1956 1256 1986 πιστοῖς,
1276 1955 1331 1984 τοῖς
1348 1953 1484 1979 τοσούτων
1511 1950 1677 1986 εὐεργεσιῶν
1705 1951 1774 1977 ἀπο-

979 2002 1104 2029 λαύσασι.
1128 2001 1184 2028 Καὶ
1205 2001 1256 2026 οὐκ
1275 1997 1345 2030 εἶπε,
1360 1999 1523 2033 Πρᾶιττεται,
1546 1998 1644 2024 dum):
1661 2005 1773 2032 περιου-

980 2049 1051 2079 σίας,
1070 2057 1078 2073 ι
1097 2047 1250 2078 Ἀκούεται,
1267 2055 1275 2072 ι
1296 2045 1374 2080 φησί.
1393 2055 1401 2071 ι
1421 2044 1488 2071 Οὐδὲ
1500 2045 1529 2070 ὲν
1547 2044 1601 2074 τοῖς
1620 2042 1737 2068 ἔθνεσιν.
1760 2051 1769 2067 ι

980 2093 1046 2121 Ἀπὺ
1061 2093 1116 2119 τῶν
1130 2092 1256 2123 ἐθνικῶν,
1273 2091 1409 2122 τουτέστι,
1429 2090 1484 2116 τῶν
1498 2090 1621 2116 ἀπίστων
1646 2088 1773 2120 ὀνειδίζει

979 2141 1035 2172 τοῖς
1048 2140 1164 2171 πιστοῖς,
1180 2139 1211 2165 Εἰ
1225 2139 1253 2165 δὲ
1267 2138 1332 2173 παρ’
1348 2137 1440 2168 αὐτοῖς
1468 2137 1518 2163 οὐκ
1543 2135 1717 2171 ὀνομάζεται.
1745 2134 1774 2161 τι

140 2182 201 2210 illos
214 2189 265 2210 nec
280 2183 450 2214 nominatur,
473 2181 539 2216 quid
558 2181 632 2209 dicet
647 2181 739 2216 quivis
755 2180 866 2216 quando
884 2180 923 2207 hit

1015 2193 1107 2216 ποιτις
1122 2184 1187 2212 ἔνθα
1199 2185 1245 2211 καὶ
1257 2183 1409 2219 πράσσεται
1422 2191 1430 2216 ;
1449 2191 1458 2208 1
1483 2183 1563 2208 Ὥστε
1578 2182 1697 2216 γυναῖκά
1711 2190 1775 2208 τινα

139 2228 221 2254 etiam
233 2228 431 2263 perpetratur?
449 2237 459 2252 1
474 2227 509 2255 Ut
533 2227 616 2254 etiam
639 2226 725 2262 patris
739 2234 851 2254 uxorem
866 2225 929 2261 quis

139 2274 264 2302 habeat.)
282 2274 417 2302 Fortassis
430 2272 655 2300 novercam—Si
671 2280 732 2307 quas
750 2273 821 2301 inter
833 2277 929 2308 gentes

139 2324 215 2354 sunt,
233 2328 266 2348 ea
275 2321 318 2347 vel
333 2320 422 2347 audiri
443 2319 515 2346 inter
529 2327 577 2346 vos
594 2327 722 2354 magnum
734 2319 813 2347 aﬂ'ert
828 2327 929 2354 oppro-

141 2366 230 2393 brium
247 2374 254 2392 :
269 2365 349 2402 457
364 2366 453 2400 turpia
467 2373 529 2400 quae
548 2365 620 2392 inter
637 2369 733 2400 gentes
745 2369 927 2400 peraguntur,

143 2413 200 2438 haec
211 2411 295 2438 etiam
306 2411 379 2438 inter
392 2418 441 2438 vos
455 2410 514 2438 ﬁeri
530 2417 654 2446 magnam
670 2410 767 2438 reddet
780 2411 930 2438 accusatio-

142 2464 216 2484 nem.
229 2456 308 2489 Quod
320 2457 344 2484 si
355 2456 407 2483 hoc
418 2456 457 2483 ita
469 2460 521 2488 est,
534 2455 591 2483 ﬁeri
604 2457 676 2484 inter
688 2464 735 2484 vos
745 2464 806 2491 quze
816 2463 869 2482 nec
884 2455 927 2482 in-

141 2508 183 2529 ter
202 2501 264 2528 illos
278 2504 483 2536 perpetrantur,
500 2509 582 2536 quam
596 2509 651 2528 non
672 2500 815 2536 superabit
835 2499 929 2534 pravi-

143 2547 246 2575 tatem?
258 2547 336 2580 Quod
357 2554 424 2574 vero
443 2547 482 2573 ait
499 2556 506 2574 :
525 2546 664 2574 10mnino
683 2546 822 2578 auditur,»
840 2544 926 2572 veluti

142 2600 175 2620 cx
191 2592 261 2620 fama
276 2592 499 2627 obstupescentis
511 2596 554 2619 est
565 2596 592 2619 et
605 2590 842 2619 excandescentis.
859 2590 881 2617 0
893 2590 929 2617 fa-

141 2639 219 2666 cinus
233 2638 391 2673 indignuml
417 2648 425 2663 1
444 2637 572 2668 Omnino.
585 2637 685 2672 inquit,
702 2636 827 2663 auditur.
842 2645 851 2662 ›
865 2634 928 2663 Haec

141 2685 169 2711 in
184 2685 341 2720 aliquorum
358 2684 450 2719 lingua
473 2684 587 2711 omnino
602 2683 636 2710 de
659 2682 740 2709 vobis
755 2687 927 2717 grassantur.

144 2740 151 2753 ι
167 2729 202 2757 Et
213 2737 262 2757 vos
275 2730 361 2756 inﬂati
375 2730 451 2757 estis.
468 2739 476 2755 ι
493 2729 571 2756 Illius
581 2735 701 2763 namque
711 2728 843 2755 delictum
854 2736 928 2755 comp.

141 2783 252 2802 munem
275 2775 373 2802 debuit
396 2775 495 2802 atl'erre
521 2774 599 2802 vobis
622 2774 768 2809 pudorem,
786 2783 860 2802 nunc
880 2783 928 2803 au-

142 2827 196 2848 tem
211 2819 297 2848 inﬂati
309 2820 386 2853 estis,
401 2828 433 2848 eo
445 2820 519 2855 quod
533 2819 641 2848 videtur
653 2820 704 2848 sibi
720 2821 835 2857 quisque
853 2828 926 2852 rcctc

982 2230 1029 2257 τοῦ
1042 2230 1146 2266 πατρὸς
1158 2229 1240 2263 ἔχειν.
1255 2238 1263 2255 ι
1285 2229 1363 2259 Ἴσως
1377 2228 1560 2263 μητρυιάν.-
1579 2225 1681 2262 [ΦΩΤ.]
1702 2225 1774 2252 Et“

980 2276 999 2303 ἃ
1014 2276 1162 2311 πράττεται
1174 2275 1204 2301 ὲν
1221 2276 1278 2305 τοῖς
1288 2274 1389 2305 ἔθνεσι,
1402 2272 1489 2300 ταῦτα
1500 2273 1528 2299 ὲν
1542 2273 1606 2306 ὑμῖν
1618 2273 1665 2299 καὶ
1690 2273 1773 2306 μόνον

981 2321 1136 2355 ἀκουόμενα
1151 2319 1221 2355 μέγα
1238 2319 1338 2350 ὄνειδος
1351 2319 1439 2354 φέρει,
1461 2319 1492 2344 τὸ
1507 2319 1554 2344 καὶ
1575 2317 1676 2353 ὁμοίως
1693 2318 1722 2344 ἐν
1740 2326 1772 2344 τε

980 2367 1035 2398 τοῖς
1047 2365 1137 2391 ἔθνεσι
1151 2365 1199 2392 καὶ
1222 2365 1251 2391 ὲν
1265 2365 1329 2399 ὑμῖν
1352 2367 1408 2396 τοῖς
1428 2365 1537 2395 πιστοῖς
1560 2363 1674 2390 τοιαῦτα
1689 2363 1772 2398 αἴσχη

982 2411 1162 2445 πράττεσθαι,
1182 2410 1271 2445 πόσην
1298 2410 1347 2445 τὴν
1369 2410 1538 2445 κατηγορίαν
1567 2409 1644 2441 αὕξει
1660 2418 1669 2442 ;
1686 2409 1719 2435 Εἰ
1744 2409 1774 2435 δὲ

982 2456 1070 2487 τοῦτο,
1085 2456 1116 2482 τὸ
1140 2456 1311 2490 πράττεσθαι
1327 2457 1355 2483 ἐν
1381 2457 1446 2491 ὑμῖν
1460 2455 1478 2482 ἃ
1490 2455 1551 2490 μηδ’
1576 2456 1605 2482 ὲν
1643 2456 1772 2487 ἐκείνοις,

980 2501 1041 2527 τίνα
1068 2501 1167 2528 κακίαν
1185 2501 1234 2536 οὐχ
1252 2500 1476 2536 ὑπερακοντίζει;
1492 2515 1528 2520 -
1542 2500 1577 2526 Τδ
1587 2499 1626 2532 δὲ,
1656 2509 1665 2524 1
1682 2499 1772 2530 Ὂλως

981 2544 1120 2578 ἀκούεται,
1141 2554 1150 2571 ι
1172 2545 1211 2576 ὡς
1231 2545 1459 2580 ἐκπεπληγμένου
1486 2544 1533 2570 ἐπὶ
1561 2545 1594 2579 τῇ
1619 2544 1699 2580 φήμῃ
1725 2545 1773 2571 καὶ

979 2591 1229 2627 ἀσχάλλοντος.Φεῦ
1243 2592 1291 2625 τῆς
1303 2590 1432 2622 ἀτοπίαςί
1449 2590 1563 2623 ι”0).ω;,
1573 2591 1665 2625 φησὶν,
1679 2591 1773 2617 ἀκούε-

980 2646 1044 2669 ται;
1062 2647 1071 2664 ι
1085 2638 1173 2670 Ὀλως
1196 2638 1242 2664 ἐπὶ
1256 2637 1382 2671 γλώσσης
1400 2636 1473 2668 τινος
1497 2636 1583 2663 ταῦτα
1595 2636 1687 2670 λέγειν
1704 2638 1771 2672 περὶ

982 2683 1058 2718 ὑμῶν
1070 2683 1277 2718 ἐγκατέσκηψεν
1289 2692 1296 2716 ;
1317 2692 1326 2707 1
1346 2683 1554 2717 Πεφυσιωμένοι
1565 2682 1656 2709 ἐστέ.»
1668 2683 1700 2709 Ἡ
1714 2684 1770 2718 γὰρ

981 2729 1086 2756 ἐκείνου
1097 2729 1281 2764 πλημμέλεια,
1296 2729 1389 2763 κοινὴν
1402 2728 1518 2763 ὠφειλεν
1546 2728 1610 2762 ὑμῖν
1637 2729 1770 2765 αἰσχύνην

981 2775 1121 2810 γεννῆσαι,
1137 2775 1185 2801 νῦν
1196 2774 1224 2800 δὲ
1259 2774 1405 2809 φυσιοῦσθε
1422 2774 1464 2808 ἐφ’
1476 2770 1516 2806 οἷς
1534 2774 1650 2805 ἕκαστος
1668 2783 1769 2810 κατορ-

981 2820 1132 2847 οοῦνόοκεῖ.
1145 2820 1207 2847 Ἐὰν
1219 2820 1245 2846 δὲ
1254 2817 1303 2856 ἦτε
1314 2819 1496 2854 οίκειουμένοι
1507 2819 1554 2845 καὶ
1566 2819 1672 2846 ἐκείνου
1681 2820 1771 2855 πληιι
