1880 3057
40 157 92 189 697

503 156 697 189 COMMENT.
714 156 757 188 ΙΝ
776 155 898 187 EPIST.
914 156 988 187 IAD
1007 157 1188 188 CORINTH.

1617 163 1698 193 693'

41 213 152 250 μέλημα
166 212 204 244 ὡς
220 212 354 247 ὑμετέρου
366 211 476 247 μέρους,
495 211 633 238 ὲπενθεῖτε
659 211 704 243 ἂν,
735 211 795 237 ὲπει

920 213 1001 241 erari.
1014 212 1092 246 Quod
1109 215 1131 242 si
1148 214 1290 249 proprium
1302 214 1440 243 dueeretis
1454 216 1527 244 illius
1538 217 1669 246 delictum

39 261 79 291 είς
92 260 122 286 τὸ
137 259 228 286 κοινὸν
239 259 287 293 τῆς
302 258 466 292 Ἐκκλησίας
485 258 502 293 ἡ
521 257 607 292 βλάϐη
625 256 829 292 προεχώρησεν,

43 315 51 331 1
72 306 132 332 Ἱνα
149 304 263 341 ἐξαρθῇ.
281 314 290 330 ι
308 305 385 331 Atat!
397 304 590 338 ἒπενθήσαμεν
605 303 657 336 6w;
675 303 713 335 ὡς
735 303 765 336 ἐξ
782 304 831 330 ἀν-

39 350 180 381 τιθέσεως.
226 350 321 381 Auni;
348 351 405 384 Οὐχ
453 350 497 376 ἶνα
529 349 678 384 ἐκϐάλητε,
703 349 761 376 ἀλλ’
785 349 830 375 ἴνα

39 395 139 430 ἐξαρθῇ
153 395 192 426 ὡς
203 395 250 421 ἐπὶ
265 394 360 430 λοιμοῦ
373 403 445 426 τινος
457 403 464 410 ·
478 394 516 426 ὡς
527 395 551 421 εί
563 393 652 421 εἶπεν·
672 394 767 429 Εὑχῶν
784 394 831 421 καὶ

41 441 154 472 πένθους
174 441 255 476 χρεία
278 441 321 467 ἵνα
346 441 447 476 ἐξαρθῇ
473 441 488 466 ὁ
507 441 600 475 λοιμὸς
625 438 712 472 οὗτος.
727 450 736 466 1
758 441 786 466 '0
802 440 832 466 τὸ

40 489 119 523 ἔργον
134 488 216 515 τοῦτο
241 489 369 523 ποιήσας.
390 497 399 513 ι
422 487 459 514 Οὐ
474 487 550 521 λέγει
582 487 612 513 τὸ
641 487 736 522 ὄνομα,
763 487 831 521 ὅπερ

40 534 178 569 εἰώθαμεν
188 534 234 560 ἐπὶ
250 534 304 560 τῶν
319 533 423 568 σφόδρα
443 533 553 559 ἀτόπων
580 533 679 563 ποιεῖν,
707 531 763 559 οἷον
784 532 830 559 καὶ

39 580 87 615 τὴν
103 579 292 615 προσηγορίαν
301 579 338 610 ὡς
356 579 496 614 μολυσμὸν
514 577 742 613 παραιτούμενος.

40 626 182 654 suevimus
196 626 225 654 in
243 626 277 654 iis
292 634 353 662 qum
368 626 516 653 admodum
532 625 651 653 absurda
667 629 731 652 sunt
755 632 761 651 :

41 673 178 706 devitans.
193 696 195 698 .

79 741 219 776 Ἔγὼμὲν
232 742 287 776 γὰρ
307 742 343 774 ὡς
361 741 447 768 ἀπὼν
463 741 503 773 τῷ
526 739 649 774 σώματι.
678 738 780 772 παρὼν
797 738 832 764 δὲ

40 789 79 821 τῷ
97 789 255 823 πνεύματι,
281 787 338 822 ἤδη
357 787 478 821 κέκρικα
500 787 540 820 ὡς
565 786 678 820 παρὼν,
706 785 759 811 τὸν
783 784 833 810 οῦ-

41 843 96 868 τως
107 835 198 862 τοῦτο
213 833 485 868 κατεργασάμενον,
512 833 548 859 ἐν
566 831 606 864 τῷ
628 831 750 866 ὀνόματι
777 829 830 856 τοῦ

41 880 149 914 Κυρίου
160 879 246 914 ἡμῶν
253 879 356 914 Ἰησοῦ
366 877 392 904 Χ
390 876 508 912 ριστοῦ.
522 877 738 911 συναχθέντων
748 874 831 909 ὑμῶν

43 925 156 952 καὶτοῦ
168 926 243 960 ἐμοῦ
265 924 446 959 πνεύματος,
478 923 540 950 σὺν
567 921 604 956 τῇ
629 921 754 955 δυνάμει
778 919 831 947 τοῦ

882 264 1010 294 tanquam
1036 260 1121 294 partis
1141 261 1226 288 vestri
1250 262 1385 296 corporis,
1408 262 1540 296 lugeretis
1563 264 1669 299 utique,

880 305 1012 340 quoniam
1031 304 1058 331 in
1078 311 1224 332 commune
1239 304 1368 332 Ecclesiae
1386 305 1516 333 damnum
1533 307 1672 334 redunda-

881 350 931 376 vit.
955 358 964 375 1
989 349 1025 377 Ut
1041 349 1197 376 tolleretur.
1217 359 1226 374 ι
1245 349 1336 382 Quare
1353 358 1404 377 nos
1420 351 1513 385 lugere
1529 352 1673 386 oportuit?

882 399 1013 429 tanquam
1036 402 1068 421 ex
1088 402 1118 422 re
1142 394 1279 429 opposita.
1297 395 1384 428 Quam
1403 396 1439 423 ob
1459 397 1539 423 rem?
1557 397 1617 423 Non
1642 401 1672 424 ut

882 441 1032 476 ejicerctis.
1049 440 1097 468 sed
1117 445 1147 468 ut
1164 441 1383 469 tolleretisveluti
1401 442 1427 468 in
1443 447 1520 477 peste
1535 442 1671 477 quadam;

884 495 916 514 ac
928 487 951 514 si
967 487 1092 520 dixisset,
1111 486 1282 514 Necessaria:
1293 491 1358 514 sunt
1374 495 1470 521 preces
1484 495 1516 515 ac
1537 488 1628 515 luctus
1643 494 1673 515 ut

884 533 996 560 tollatur
1018 533 1178 568 hujusmodi
1200 533 1294 567 pestis.
1312 542 1321 558 1
1341 533 1393 566 Qui
1413 533 1522 561 facinus
1538 534 1590 561 hoc
1609 542 1674 568 per-

884 577 1015 612 petravit.
1032 587 1041 603 ι
1058 577 1119 605 Non
1133 579 1264 613 exprimit
1279 587 1379 607 nomen
1394 590 1401 606 :
1415 581 1488 616 quod
1502 582 1592 609 facere
1604 589 1672 609 cou—

795 628 925 659 tanquam
957 624 1171 659 appellationem
1196 633 1307 660 quoque
1332 626 1418 654 veluti
1444 635 1502 654 rem
1545 627 1674 654 infectam

917 737 950 769 V,
971 737 998 770 5,
1019 736 1046 764 6.
1068 736 1204 772 Siquidem
1221 746 1268 773 ego
1289 742 1419 774 tanquam
1441 740 1533 767 absens
1549 749 1673 776 corpore,

883 791 1000 818 prwsens
1020 787 1110 810 autem
1127 784 1235 818 spiritu,
1252 784 1313 818 jam
1325 785 1446 819 judican
1463 791 1591 821 tanquam
1605 796 1674 822 pra:-

882 838 953 862 sens,
971 834 1000 856 ut
1016 831 1038 857 is
1059 831 1103 865 qui
1123 831 1170 857 hoc
1186 831 1224 857 ita
1249 832 1377 865 patravit,
1396 832 1423 858 in
1449 833 1553 858 nomine
1571 832 1676 860 Domini

885 877 969 903 nostri
984 875 1045 903 Iesu
1061 876 1170 909 Christi,
1186 877 1353 912 congregatis
1373 878 1442 904 vobis
1457 882 1482 904 et
1497 885 1554 904 meo
1569 878 1676 912 spiritu,

885 930 945 949 cum
959 923 1055 949 virtute
1069 922 1177 949 Domini
1192 923 1275 949 nostri
1287 923 1351 950 Jesu
1365 923 1474 955 Christi,
1490 924 1614 950 tradatur
1627 923 1677 951 Sa-

32 972 151 1006 ,Κυρίου
171 958 258 1005 ημῶν
281 958 383 1004 Ἰησοῦ
406 969 548 1004 Χριστοῦ,
568 967 755 1002 παραδοῦναι
783 975 796 993 τ

920 976 958 994 me
972 967 1007 994 ad
1017 968 1154 995 interitum
1168 969 1267 1000 carnis,
1280 973 1310 995 ut
1324 969 1433 1003 spiritus
1443 969 1533 996 saluus
1548 971 1581 997 sit
1597 970 1623 997 in
1635 970 1678 997 die

42 1018 179 1045 τοιοῦτον
192 1017 234 1049 τῷ
243 1016 362 1050 Σατανᾷ
373 1017 417 1048 εὶς
435 1016 561 1049 ὄλεθρον
572 1013 625 1048 τῆς
637 1012 761 1046 σαρκὸς,
784 1012 834 1038 ἵνα

43 1063 73 1089 τὸ
89 1062 210 1096 πνεῦμα
225 1061 307 1095 σωθῇ
323 1061 357 1088 ἐν
369 1060 406 1095 τῇ
418 1060 512 1095 ἡμέρᾳ
527 1060 580 1086 τοῦ
596 1058 707 1093 Κυρίου
719 1057 833 1091 Ἰησοῦ.

44 1110 81 1136 οὐ
95 1109 194 1136 καλὸν
209 1108 242 1135 τὸ
258 1108 398 1142 καύχημα
410 1106 503 1142 ὑμῶν.
754 1104 757 1106 ’

74 1175 371 1211 Ἐπείγεταιέκδιῶξαι
390 1175 484 1206 αὐτὸν,
508 1174 557 1201 καὶ
571 1173 631 1200 οὐδὲ
647 1174 695 1209 τὴν
713 1182 835 1209 σωματι-

42 1224 89 1258 κὴν
109 1223 196 1250 αὑτοῦ
215 1221 370 1258 παρουσίαν
392 1221 540 1256 ἀναμεῖναι
563 1220 664 1252 αὐτοὺς
693 1219 832 1255 βούλεται.

45 1279 54 1295 1
71 1269 173 1304 Παρὼν
193 1268 221 1295 δὲ
236 1268 274 1303 τῷ
284 1267 431 1302 πνεύματι.
449 1276 458 1292 ι
479 1267 622 1293 Δείκνυσιν
641 1267 739 1293 ἑαυτὸν
754 1268 837 1294 πνεύ-

44 1324 105 1350 ματι
121 1314 258 1349 παρόντα,
277 1312 402 1343 δεδοικὼς
417 1312 453 1347 μή
477 1319 504 1337 τι
519 1311 613 1346 ἕτερον
637 1310 836 1344 βουλεύσωνται

44 1361 104 1393 περὶ
113 1359 145 1386 τὸ
162 1358 291 1386 ἐκϐαλεῖν
305 1356 455 1388 automata!
472 1365 565 1392 φησιν,
581 1365 590 1381 1
606 1356 675 1390 Ἤδη
685 1356 812 1391 κέκρικα.
824 1366 833 1383 ι

43 1405 144 1441 Μηδεὶς
158 1405 252 1431 τοίνυν
276 1403 480 1431 ἀναϐαλλέσθω.
501 1402 534 1429 Ἠ
552 1402 606 1437 ἐμὴ
624 1402 715 1437 κρίσις
733 1403 750 1438 ὴ
775 1403 835 1430 κατ’

42 1452 132 1483 αὑτοῦ,
147 1451 201 1487 ἠδη
213 1451 347 1485 πέπηγεν.
363 1450 430 1477 «Τὸν
442 1449 529 1480 οὕτως
542 1448 621 1476 τοῦτο
630 1450 837 1484 κατεργασάμε-

43 1497 223 1529 manna:
231 1497 316 1528 οὕτως
328 1497 495 1530 ἀνέγνωσαν
513 1496 564 1522 Τὸν
574 1493 662 1532 οὕτως
679 1494 759 1522 τοῦτο
769 1496 836 1522 κατ-

42 1543 236 1578 ιργασάμενον
252 1543 280 1568 ἐν
292 1542 331 1577 τῷ
341 1542 453 1576 ὀνόματι
467 1541 513 1568 τοῦ
534 1540 639 1575 Κυρίου
649 1541 729 1575 ἡμῶν
747 1540 836 1576 Ἰησοῦ

43 1587 324 1623 Χριστοῦ,τουτέστι,
341 1587 386 1614 τὸν
404 1588 443 1619 εἰς
469 1587 499 1614 τὸ
530 1586 616 1622 ὄνομα
644 1585 690 1612 τοῦ
716 1586 836 1621 Χριστοῦ

888 1012 995 1040 Domini
1009 1013 1083 1042 Iesu.
1101 1013 1163 1041 Non
1178 1018 1215 1041 est
1232 1015 1299 1042 bona
1315 1014 1440 1050 gloriatio
1454 1019 1550 1042 castra.

923 1176 1055 1212 Properat
1066 1185 1129 1205 eum
1146 1177 1295 1213 expellere,
1308 1183 1335 1206 et
1349 1186 1437 1214 neque
1450 1179 1622 1214 corporalem
1634 1179 1676 1206 sui

887 1222 1062 1257 praesentiam
1076 1224 1136 1250 vult
1151 1224 1225 1258 ipsos
1237 1229 1409 1259 exspectare.
1429 1234 1438 1250 1
1452 1225 1574 1252 Przcsens
1584 1231 1676 1253 autem

887 1267 998 1302 spiritu.
1021 1277 1031 1294 ι
1057 1268 1184 1296 Ostendit
1206 1277 1236 1296 se
1255 1270 1355 1304 spiritu
1379 1274 1554 1304 praesentem,
1571 1271 1676 1297 veritus

887 1320 922 1339 ne
939 1313 1006 1347 quid
1029 1313 1104 1340 aliud
1128 1314 1162 1340 de
1185 1313 1245 1348 ipso
1269 1314 1407 1349 ejiciendo
1432 1314 1634 1346 consultarent,
1650 1319 1678 1341 ct

887 1360 945 1387 ait:
961 1369 970 1385 1
985 1360 1044 1388 1am
1053 1361 1186 1396 judicavi.
1203 1371 1212 1387 ι
1226 1361 1324 1389 Nullus
1336 1362 1428 1396 itaque
1441 1361 1551 1389 differat
1567 1370 1573 1388 ι
1587 1369 1678 1388 meum

886 1405 1020 1434 adversus
1043 1407 1120 1439 illum
1140 1407 1276 1442 judicium
1299 1408 1355 1442 jam
1372 1407 1523 1434 stabilitum
1547 1411 1599 1434 est.
1616 1417 1625 1432 1
1645 1407 1680 1434 Ut

887 1452 912 1479 is
924 1451 970 1486 qui
987 1451 1040 1479 hoc
1055 1452 1091 1478 ita
1108 1453 1255 1487 patravit.»
1277 1452 1330 1480 Alii
1348 1453 1385 1480 ita
1398 1453 1546 1489 legerunt:
1565 1453 1598 1480 Ut
1614 1460 1678 1480 eum

887 1497 934 1531 qui
950 1497 1003 1524 hoc
1024 1497 1061 1524 ita
1077 1499 1195 1532 patravit
1213 1499 1240 1525 in
1266 1506 1367 1526 nomen
1381 1499 1489 1526 Domini
1514 1499 1600 1526 nostri
1615 1499 1679 1526 Jesu

887 1542 990 1570 Christi
1012 1551 1019 1569 :
1037 1542 1090 1570 hoc
1113 1547 1166 1574 est,
1189 1543 1237 1577 qui
1257 1543 1284 1570 in
1313 1551 1414 1570 nomen
1438 1543 1541 1571 Christi
1563 1543 1681 1578 iniurius

888 1587 941 1614 fuit
960 1595 966 1614 :
985 1592 1013 1614 et
1028 1592 1172 1622 postquam
1188 1588 1292 1616 Christi
1309 1596 1461 1623 cognomen
1480 1588 1596 1622 accepit.
1617 1588 1680 1614 talia

44 1634 297 1670 ἐνυϐρίσαντα,καὶ
315 1633 384 1669 μετὰ
408 1634 438 1660 τὸ
467 1633 616 1669 ἀξιωθῆναι
645 1634 694 1667 τῆς
716 1634 796 1668 Χρισπ

920 1641 972 1661 isus
993 1638 1046 1665 est,
1068 1634 1183 1661 tradatis
1203 1634 1321 1662 Satanm.
1341 1643 1350 1659 1
1367 1634 1547 1668 Cougrcgatis
1559 1633 1648 1660 vobis.
1669 1643 1678 1658 ι

45 1681 216 1716 ἐπωνυμίας,
228 1680 340 1707 τοιαῦτα
358 1680 544 1716 τολμήσαντα,
565 1680 701 1715 παράδοτε
721 1679 761 1715 τῷ
783 1680 837 1706 Σα-

45 1729 119 1763 τανᾷ.
137 1737 147 1753 1
160 1726 352 1761 Συναχθέντων
367 1726 454 1760 ὑμῶν.
471 1735 480 1751 ι
496 1726 559 1753 Ἵνα
568 1725 606 1761 μὴ
614 1725 677 1760 δόξῃ
688 1725 836 1756 αὐθαδείας

45 1772 112 1802 εἶναι
120 1775 164 1808 τὺ,
181 1784 190 1800 1
198 1774 268 1809 Ἤδη
280 1774 423 1808 κέκρικα.»
435 1773 482 1799 καὶ
491 1773 590 1804 αὐτοὺς
599 1772 734 1807 λαμσάνει
743 1780 838 1798 κοινω-

44 1823 114 1853 νοῦς,
127 1822 159 1848 ὲν
174 1821 214 1855 τῷ
223 1821 324 1855 λέγειν·
337 1819 543 1855 ιΣυναχΘέντων
557 1818 639 1854 “ὑμῶν
657 1819 703 1845 καὶ
716 1817 837 1852 τοῦὲμοῦ

45 1867 214 1902 πνεύματος,
233 1877 241 1893 ι
276 1867 326 1900 τῆς
351 1867 420 1901 ἐμῆς
442 1867 561 1900 ἀοράτου
595 1864 754 1900 ἐπιδημίας.
772 1861 839 1890 Εἶτα

46 1913 153 1947 ἐπάγει·
172 1922 182 1938 1
200 1913 246 1939 Ἐν
263 1913 302 1948 τῷ
317 1912 430 1947 ὀνόματι
442 1911 487 1938 τοῦ
505 1911 607 1944 Κυρίου
626 1911 741 1946 Ἰησοῦ.»
754 1910 838 1936 Τουτ-

46 1959 112 1991 im,
133 1959 209 1986 κατὰ
222 1959 289 1985 Θεὸν
305 1957 461 1994 ’συνάχθητε
471 1958 518 1986 καὶ
534 1958 658 1993 κρίνατε,
677 1957 714 1992 μὴ
734 1956 839 1992 ἀνορω-

46 2006 108 2041 πίνῃ
125 2005 198 2041 πρὸς
211 2005 294 2032 αὐτὸν
307 2005 411 2039 αἱδοῖ,ἥ
427 2006 494 2040 τιμῇ
522 2004 712 2039 κατεχόμενοι.
731 2003 839 2029 Δέδοικε

46 2052 107 2087 γὰρ,
129 2052 170 2087 μή
182 2060 208 2077 τι
228 2052 322 2086 ἕτερον
334 2051 459 2086 κρίνωσι.
477 2060 486 2076 ‹
501 2051 556 2077 Καὶ
570 2050 616 2076 τοῦ
635 2049 702 2085 ἐμοῦ
716 2048 840 2084 πνεύμα-

45 2107 98 2127 τος,
120 2108 130 2124 ι
152 2098 239 2124 Πάλιν
253 2097 409 2132 ἐπέστησεν
424 2097 517 2127 αὐτοῖς
534 2095 642 2126 ἑαυτὸν,
661 2095 708 2121 καὶ
739 2094 768 2120 οὐ
793 2093 841 2128 μό-

45 2153 86 2172 νον
99 2145 197 2176 τοῦτο,
213 2144 280 2170 ἀλλὰ
299 2144 347 2170 καὶ
361 2143 409 2169 τὸν
434 2142 553 2177 Χριστόν
570 2151 575 2157 ·
595 2141 640 2168 ἵνα
658 2141 722 2167 ὅταν
739 2140 840 2174 κρίνωὲ

49 2201 100 2225 σιν,
120 2192 162 2223 ὡς
177 2190 224 2217 τοῦ
237 2188 358 2225 Χριστοῦ
375 2189 422 2215 καὶ
433 2188 516 2215 αὐτοϋ
532 2188 676 2222 παρόντος,
697 2186 841 2212 ἀδίκαστον

46 2238 213 2271 ἐξενέγκωσι
240 2236 339 2271 ψῆφον;
375 2244 383 2260 1
403 2235 451 2266 Είς
476 2234 587 2269 ὕλεορον
623 2234 673 2267 τῆς
697 2231 808 2265 σαρκός.
829 2239 838 2256 ι

47 2284 130 2318 Ὀρον
147 2283 241 2317 τίθησι
258 2282 296 2317 τῷ
307 2282 424 2316 Σατανᾷ,
453 2280 534 2316 μόνου
561 2279 686 2314 σώματος
710 2277 840 2311 ἅψασθαι,

49 2311 146 2363 μὴΙκαὶ
160 2311 260 2362 diuiti};
280 2311 438 2361 II'OLLOtGV
453 2311 502 2361 ,τῷ
521 2325 580 2352 Ἰώδ
603 2311 688 2359 ιρησιν
713 2324 728 2349 ὁ
754 2323 837 2354 Θεός·
855 2311 877 2339 D

50 2384 58 2398 ι
74 2375 149 2409 Πλὴν
164 2373 214 2407 τῆς
225 2373 315 2408 ψυχῆς
330 2371 413 2398 αὑτοῦ
432 2371 552 2407 μὴξᾶψῃ.
573 2381 582 2397 ι
601 2370 700 2401 Καλῶς
716 2369 756 2401 δὲ,
777 2369 839 2401 «Εἰς

47 2419 160 2454 ὖλεθρον
179 2420 228 2454 τῆς
243 2419 357 2454 σαρκὸς,
376 2427 385 2444 ι
412 2416 468 2445 οἷον
483 2418 528 2444 Eva
551 2417 622 2452 νόσῳ
653 2417 734 2444 αὐτὸν
761 2415 831 2450 τήξῃ

53 2466 166 2500 Ἐπειδὴ
185 2465 241 2500 γὰρ
264 2466 296 2491 ὲκ
311 2464 359 2491 τοῦ
387 2463 513 2499 σώματος
539 2464 585 2490 καὶ
606 2462 657 2497 τῆς
685 2462 791 2497 τρυφῆς
816 2460 848 2487 αι

49 2511 206 2546 ἐπιθυμίαι,
219 2510 250 2536 τὸ
264 2509 344 2545 σῶμα
355 2509 521 2544 κολασθῆναι
538 2509 585 2535 καὶ
597 2507 772 2543 νεκρωθῆναι
784 2505 848 2540 βού-

47 2556 134 2585 λεται.
151 2557 284 2592 Ὀλεθρον
298 2557 348 2591 τῆς
364 2556 466 2593 σαρκὸς
498 2553 584 2588 εἶπεν,
613 2554 676 2588 ὅρον
702 2552 785 2584 τιθεὶς
807 2551 846 2587 τῷ

47 2603 178 2638 διαϐόλῳ,
186 2604 233 2630 καὶ
244 2603 282 2639 μὴ
298 2603 350 2630 ἑῶν
358 2603 440 2630 αὐτον
449 2602 605 2637 περαιτέρω
615 2599 773 2635 προϐῆναι.ι
789 2599 847 2624 Ἵνα

47 2651 76 2678 τὺ
90 2650 204 2685 πνεῦμα
230 2650 316 2685 σωϐᾔ.
336 2659 345 2675 ι
363 2649 458 2684 Τούτῳ
479 2649 533 2683 γὰρ
549 2647 588 2682 τῷ
616 2646 722 2682 τρόπῳ,
748 2645 795 2671 καὶ
818 2644 849 2670 τὸ

50 2695 130 2730 σῶμα
151 2695 315 2731 σωθήσεται.
332 2695 387 2722 Καὶ
399 2695 486 2726 ἄλλως
502 2695 541 2725 εἰς
554 2693 595 2726 τό,
613 2693 673 2719 Ἵνα
687 2691 717 2717 τὸ
740 2690 849 2724 πνεῦμα

51 2742 125 2778 σωθῇ
137 2763 146 2775 ,
174 2741 311 2773 τουτέστι,
330 2741 362 2767 τὺ
377 2740 490 2775 Πνεῦμα
507 2740 537 2766 ἰδ
566 2739 644 2774 ἆγιον
664 2737 738 2772 σωθῇ
763 2736 847 2770 αὐτῷ,

51 2788 96 2814 καὶ
113 2788 155 2822 μὴ
167 2787 333 2823 ἀναχωρήσῃ
350 2786 387 2818 ὡς
401 2785 432 2819 ἐξ
448 2786 573 2816 ἀσεϐοῦς.
601 2783 687 2811 Τοῦτο
715 2782 742 2809 δὲ
767 2782 845 2818 κηδο-

86 2877 150 2894 ¹⁴ο¹¹¹
166 2877 225 2905 Job.
243 2884 274 2910 tt,
294 2877 320 2903 6.

887 1678 927 1705 Ne
943 1678 1080 1713 praefracti
1099 1678 1184 1706 animi
1200 1686 1262 1706 esse
1281 1678 1406 1705 videatur
1417 1678 1491 1713 quod
1505 1679 1560 1713 jam
1575 1677 1682 1712 judica-

888 1724 969 1755 verit,
986 1723 1071 1759 458
1085 1724 1160 1759 ipsos
1173 1731 1285 1759 quoque
1298 1724 1414 1752 assumit
1424 1724 1525 1755 socios,
1542 1723 1607 1750 dum
1624 1723 1679 1750 ait:

891 1778 901 1796 1
917 1769 1099 1805 Cougregatis
1113 1770 1191 1797 vobis
1213 1774 1241 1797 et
1264 1777 1325 1797 meo
1342 1770 1452 1804 spiritu,
1479 1779 1488 1795 ι
1507 1769 1533 1796 id
1553 1774 1604 1801 est,
1622 1777 1682 1796 mea

889 1814 1021 1842 invisibili
1033 1815 1189 1849 praesentia.
1206 1815 1312 1842 Deinde
1328 1815 1454 1850 adiunxit
1469 1823 1475 1842 :
1497 1824 1506 1840 1
1522 1814 1552 1841 1η
1571 1813 1682 1841 nomine

890 1859 997 1887 Domini
1014 1859 1091 1887 Jesu.
1118 1869 1127 1885 ι
1149 1860 1208 1887 lloc
1223 1865 1276 1891 est,
1293 1860 1445 1887 secundum
1462 1860 1547 1887 Deum
1566 1867 1683 1893 congre-

890 1907 991 1941 gemini
1004 1906 1185 1942 acjudicetis,
1201 1914 1255 1932 non
1271 1906 1392 1932 humano
1404 1914 1467 1939 erga
1486 1905 1562 1931 illum
1578 1905 1683 1939 pudore

891 1957 939 1980 aut
950 1952 1056 1979 honore
1066 1951 1256 1986 reprimamini
1270 1959 1277 1977 :
1291 1950 1384 1977 timuit
1395 1950 1469 1977 enim
1481 1958 1514 1976 ne
1527 1949 1593 1984 quid
1607 1949 1681 1976 aliud

890 1999 1058 2035 iudicarent.
1081 2008 1090 2024 1
1118 1999 1152 2025 Et
1177 2005 1238 2025 meo
1256 1997 1366 2032 spiritu.
1389 2006 1398 2022 ι
1419 1997 1538 2023 Rursum
1561 1996 1683 2030 seipsum

892 2046 947 2072 illis
962 2045 1097 2076 exhibuit,
1119 2052 1169 2071 nec
1191 2044 1217 2071 id
1236 2044 1336 2075 solum,
1361 2043 1407 2070 sed
1429 2048 1457 2070 et
1472 2042 1613 2070 Christum
1631 2051 1636 2068 :
1655 2047 1685 2070 ut

892 2098 955 2118 cum
971 2089 1159 2125 iudicaverint
1178 2093 1309 2124 tauquam
1331 2088 1442 2116 Christo
1465 2092 1494 2114 et
1517 2087 1575 2122 ipso
1600 2087 1684 2114 Paulo

891 2140 1038 2171 praesente,
1059 2135 1198 2162 sincerum
1225 2143 1258 2162 ac
1271 2135 1463 2168 incorruptum
1481 2134 1569 2160 ferant
1585 2133 1684 2159 suﬂra-

893 2182 977 2217 gium.
994 2191 1002 2206 1
1021 2181 1060 2208 Ad
1079 2181 1222 2207 interitum
1234 2180 1338 2207 carnis.
1355 2189 1364 2205 ι
1387 2179 1549 2206 Terminutu
1569 2178 1685 2212 prmtigit

893 2227 1011 2258 Satanze,
1033 2231 1063 2253 ut
1086 2225 1221 2255 duntaxat
1242 2233 1344 2260 corpus
1368 2229 1510 2260 tangeret,
1528 2233 1585 2252 non
1601 2225 1685 2252 etiam

893 2272 1023 2298 animam.
1041 2270 1137 2298 Simile
1156 2275 1198 2297 est
1216 2270 1290 2305 quod
1305 2270 1338 2297 de
1357 2270 1409 2297 Job
1427 2270 1466 2296 ait
1483 2270 1556 2297 Deus
1573 2277 1579 2296 :
1600 2279 1609 2295 1
1631 2270 1684 2296 Ve-

892 2316 1170 2344 rumtamenanimam
1179 2316 1239 2350 eius
1250 2322 1283 2342 ne
1293 2320 1387 2350 tangas
1399 2315 1472 2342 “'5‘.
1485 2325 1493 2340 ι
1510 2315 1583 2342 Bone
1594 2318 1686 2341 autem

893 2363 951 2390 ait:
971 2371 980 2387 1
1000 2361 1041 2389 Ad
1064 2361 1208 2388 interitum
1222 2361 1333 2393 carnis,
1355 2371 1363 2387 ι
1383 2361 1436 2388 hoc
1458 2365 1509 2393 est,
1528 2365 1558 2388 ut
1575 2361 1687 2395 maritu—

893 2409 959 2436 dine
977 2409 1066 2444 ipsum
1081 2412 1246 2435 maeeraret.
1264 2407 1399 2441 Quoniam
1416 2408 1490 2435 enim
1504 2416 1518 2435 a
1534 2415 1649 2442 corpore
1660 2412 1688 2434 et

894 2456 1027 2483 alimento
1057 2455 1480 2491 proceduntconcupiscentia.
1505 2463 1607 2489 corpus
1630 2455 1689 2481 vult

894 2501 987 2537 puniri
1002 2509 1033 2528 ac
1043 2501 1214 2528 tnortiticari.
1230 2501 1375 2528 interitum
1391 2501 1484 2536 itaque
1502 2501 1571 2528 dixit
1586 2501 1687 2532 carnis,

895 2547 1044 2574 terminum
1061 2547 1205 2581 praeﬁgens
1216 2546 1337 2578 diabolo,
1356 2554 1408 2574 nec
1425 2546 1520 2574 sinens
1536 2555 1600 2573 cutu
1617 2546 1690 2572 ultra

897 2594 1059 2629 procedere.
1079 2604 1088 2619 1
1107 2593 1141 2621 Ut
1154 2594 1270 2628 spiritus
1285 2594 1379 2620 salvus
1391 2594 1436 2620 sit.
1455 2603 1464 2620 ι
1476 2593 1513 2620 Ut
1525 2593 1625 2623 anima,
1643 2591 1686 2617 in-

897 2642 966 2676 quit,
979 2644 1114 2673 servetur.
1127 2648 1190 2667 nam
1202 2645 1229 2667 et
1239 2649 1339 2676 corpus
1353 2641 1405 2668 hoc
1418 2641 1501 2668 modo
1515 2639 1685 2667 servabitur.

898 2687 932 2714 Et
945 2691 1075 2722 praetcrea
1098 2686 1126 2713 in
1144 2686 1206 2718 hoc,
1229 2685 1265 2714 Ut
1295 2686 1410 2721 spiritus
1431 2691 1567 2718 servetur,
1592 2685 1618 2712 id
1634 2689 1687 2717 est,

900 2739 929 2762 ut
951 2734 1071 2769 Spiritus
1094 2738 1206 2762 sanctus
1227 2733 1278 2768 ipsi
1300 2738 1425 2760 servetur
1446 2739 1473 2761 et
1494 2740 1549 2759 non
1564 2730 1690 2758 discedat

903 2785 1031 2815 tanquam
1048 2780 1082 2807 ab
1100 2779 1194 2814 impio.
1222 2778 1280 2806 Hoc
1304 2783 1394 2806 autem
1412 2777 1582 2813 providentis
1598 2775 1698 2812 potius-
