1880 3057
228 158 283 191 707

755 160 956 191 (ECUMENII
970 161 1118 191 TRICCIE
1140 161 1314 193 EPISCOPI

1814 168 1859 198 703

228 223 308 244 suam
325 223 382 243 non
395 221 540 244 servarunt
560 216 659 252 legem,
685 223 736 244 nos
757 222 850 245 autem
868 219 970 246 secund

1115 229 1143 253 ν,
1161 221 1242 256 ἡμεῖς
1267 221 1296 248 δὲ
1321 221 1392 247 κατὰ
1412 221 1475 253 τοὺς
1499 221 1624 254 δοθέντας
1651 222 1718 257 ἡμῖν
1740 223 1795 249 ὑπὸ
1820 225 1857 250 το]

229 262 308 290 datas
335 263 418 290 nobis
429 271 444 289 a
461 263 577 290 Domino
594 263 678 297 leges,
691 262 773 299 464
790 264 885 297 (etiam
901 265 954 291 illis
971 272 1021 293 nos

229 309 440 344 impotentibus)
461 309 618 336 conversati
640 317 737 337 sumus
754 318 760 336 :
775 310 797 337 si
812 318 878 345 ergo
899 311 961 338 illos
975 319 1021 338 ar-

230 362 355 390 guemus,
371 359 399 381 et
413 354 598 382 inexcusabile
614 356 815 383 constituemus
831 357 938 384 illorum
954 365 1020 392 pec-

232 407 334 433 catum,
349 406 452 436 quanto
479 401 564 436 magis
592 402 684 429 idonei
699 411 795 430 sumus
816 404 864 438 qui
886 404 1021 432 humanas

229 448 421 476 eohtentiones
429 448 613 475 dissolvamus
629 453 790 483 mutuasque
806 450 878 477 inter
889 457 939 477 nos
957 457 1021 477 cau-

229 502 273 522 sas
281 502 313 522 ac
323 494 489 527 litesYQuod
500 495 521 521 si
535 495 658 522 nondum
674 496 717 522 his
725 503 786 530 quae
795 497 868 523 dicta
881 500 946 523 sunt
958 504 1021 531 per-

228 541 394 572 suademini.
414 541 462 568 sed
489 541 581 568 adhuc
602 542 767 569 existimatis
796 542 937 568 inﬁrmum
959 549 1020 569 esse

228 584 398 610 credentium
419 585 555 619 judicium
578 592 610 612 ac
637 586 790 613 invalidum
813 586 847 613 ad
869 594 967 614 causas
993 590 1021 613 et

227 630 432 659 Contentiones.
461 638 523 664 quae.
552 631 625 658 inter
653 639 702 658 vos
728 632 1009 663 sunt,dissolvendas

225 674 354 701 Attamen
367 664 480 702 ‘etiamsi
505 675 576 702 inter
592 683 640 703 vos
660 676 764 704 fuerint
795 677 896 704 inﬁrmi
912 681 939 704 et
956 685 1007 705 con

228 719 323 753 tempti
351 719 457 751 ﬁdeles,
475 720 578 754 quique
595 728 650 747 non
665 725 781 756 possunt
803 722 906 756 justum
921 721 1018 748 intelli-

226 772 289 799 gere
304 765 450 798 iudicium,
462 766 562 793 melius
575 769 666 793 tamen
680 771 722 794 est
732 767 784 794 hos
797 769 892 795 sedere
901 768 1018 803 iudices,

226 812 338 845 quando
349 811 428 838 vobis
443 819 556 840 necesse
575 812 658 840 fuerit
673 813 811 841 mundana
829 814 929 842 habere
944 815 1019 850 judi-

228 858 371 892 cia.quam
388 865 438 884 vos
452 857 527 893 ipsos
545 858 696 886 incredulis
708 859 816 887 tradere
832 860 858 887 in
872 860 1016 896 judicium.

227 905 355 938 Alijectos
374 910 466 932 autem
490 913 538 932 seu
556 910 730 941 contemptos
750 907 817 940 dixi,
839 908 938 943 inquit,
951 917 1018 936 con-

227 950 347 977 fundens
364 958 413 977 vos
431 958 463 978 ac
482 951 661 985 pudefaciens
683 954 832 988 :quoniam
857 956 936 982 multi
954 962 1020 984 sunt

226 997 274 1032 qui
289 1001 405 1031 possunt
419 1005 516 1024 causas
530 1002 557 1024 et
572 999 774 1031 contentiones,
793 1008 853 1035 qua:
866 1006 930 1028 sunt
947 1002 1019 1030 inter

226 1051 286 1074 vos,
307 1055 312 1067 ι
325 1044 466 1070 issolvere.
486 1043 515 1070 ld
529 1044 602 1070 enim
612 1045 738 1072 maximae
751 1046 925 1074 verecundia:
940 1052 967 1074 et
979 1047 1020 1074 vi-

226 1090 407 1124 tuperationis
427 1095 479 1121 est,
495 1091 517 1116 si
535 1097 569 1117 ne
589 1098 661 1117 unus
680 1091 793 1125 quidem
820 1092 894 1119 inter
915 1100 962 1120 eos
977 1101 1019 1120 sa-

225 1137 301 1170 piens
319 1136 354 1163 sit
368 1136 414 1170 qui
427 1137 501 1170 justc
514 1136 601 1170 possit
616 1136 688 1164 inter
704 1137 902 1165 dissentientes
916 1138 1015 1171 fratres

222 1181 356 1216 judicare.
372 1182 465 1208 Varias
479 1185 570 1208 autem
583 1183 662 1216 ponit
681 1184 859 1218 probationes
872 1184 947 1218 quod
962 1191 1018 1211 non

225 1232 352 1262 oporteat
374 1228 479 1255 relictis
492 1229 620 1256 ﬁdelibus
634 1230 667 1257 ad
684 1230 804 1257 tribunal
822 1231 955 1258 accedere
974 1231 1017 1258 in-

224 1274 414 1301 credulorum.
430 1274 552 1301 Primum
576 1275 687 1309 quidem
707 1277 772 1310 quia
786 1284 859 1303 nunc
873 1284 934 1303 cum
949 1277 1017 1303 ﬁde-

223 1319 264 1346 les
279 1327 375 1346 sumus
388 1327 442 1345 non
458 1319 615 1354 judicamus
635 1320 708 1352 illos,
721 1328 783 1347 cum
798 1320 854 1348 sint
868 1321 1015 1349 increduli.

227 1373 237 1390 ι
253 1364 324 1397 Quid
345 1365 431 1396 enim,
452 1365 553 1400 inquit,
568 1365 601 1392 ad
620 1372 664 1392 me
687 1366 785 1392 attinet
805 1365 888 1392 etiam
907 1374 954 1393 eos
969 1367 1016 1401 qui

223 1410 292 1436 [oris
308 1414 371 1436 sunt
386 1410 521 1445 judicare.
542 1420 550 1435 ι
571 1409 657 1442 Quam
682 1417 810 1445 magnum
830 1418 896 1446 ergo
915 1419 1016 1446 oppro-

224 1455 314 1482 brium
331 1459 374 1482 est
387 1455 422 1482 ab
437 1455 586 1483 incredulis
600 1455 718 1489 judicari
735 1455 848 1483 ﬁdeles!
865 1456 1013 1485 Secundo:

224 1500 251 1528 Si
263 1501 300 1528 illi
312 1502 422 1536 quidem
432 1502 526 1533 iniusti
536 1505 610 1532 sunt,
621 1500 665 1527 isti
675 1507 740 1527 vero
749 1501 835 1528 sancti
844 1509 850 1527 :
858 1506 960 1536 quanta
970 1502 1015 1530 de-

223 1548 325 1574 mentia
340 1552 382 1575 est
392 1548 495 1575 relictis
508 1546 612 1574 sanctis
623 1554 734 1574 currere
750 1546 783 1573 ad
796 1547 921 1582 injustos,
932 1548 1014 1583 idque
1027 1562 1049 1590 α

221 1600 285 1619 cum
306 1595 415 1627 assequi
433 1592 546 1626 cupiant
562 1591 635 1626 quod
650 1591 756 1626 justum
776 1593 839 1619 est?
855 1593 968 1621 Tertio:
983 1594 1012 1622 Si

222 1638 310 1665 sancti
321 1638 455 1664 mundum
466 1641 584 1671 arguent
602 1644 633 1664 ac
645 1637 830 1666 inevitabilem
841 1647 937 1667 eorum
947 1648 1013 1668 cau-

221 1691 279 1709 sam
297 1683 428 1714 eﬂicient,
443 1690 476 1709 eo
485 1681 558 1716 quod
571 1689 633 1709 cum
650 1683 775 1716 ejusdem
790 1690 882 1712 essent
897 1690 1011 1719 naturae,

220 1732 249 1754 et
257 1728 373 1754 virtutes
381 1731 573 1762 operarentur,
580 1735 634 1755 non
643 1728 799 1756 habuerunt
806 1738 854 1758 eos
862 1731 1012 1760 imitatores

221 1780 291 1807 quos
305 1773 459 1806 arguebant
478 1782 484 1799 :
501 1779 604 1807 quanto
627 1775 714 1809 magis
733 1781 859 1810 potentes
882 1781 947 1804 sunt
963 1777 1011 1812 qui

221 1818 294 1845 inter
316 1818 386 1846 duos
412 1819 509 1845 arbitri
532 1820 588 1847 sint
604 1828 637 1848 ac
661 1821 805 1856 judicent?
829 1822 933 1855 Quarto
956 1823 1011 1850 :Si

220 1868 349 1897 potentes
364 1872 459 1892 sumus
484 1866 531 1900 qui
554 1871 583 1893 et
603 1867 725 1901 angelos,
742 1867 769 1894 id
798 1872 852 1901 est,
874 1868 1011 1897 daemones

221 1909 400 1943 incorporeas
416 1918 574 1945 arguamus,
591 1917 696 1947 quanto
710 1914 797 1948 magis
808 1913 871 1941 illos
882 1915 928 1949 qui
939 1916 1012 1950 ejus-

220 1954 280 1981 dem
304 1955 449 1983 nobiscum
472 1962 580 1985 natura
600 1963 682 1990 sunt,
701 1959 880 1995 ejusdemque
895 1960 1011 1988 rationis

219 2001 330 2028 vivendi
343 2001 354 2028 ί
367 2001 469 2034 Quinto
488 2011 494 2030 :
513 2003 600 2030 Etiam
624 2004 647 2031 si
663 2012 718 2031 non
738 2010 851 2040 possent
865 2006 1010 2033 credentes

217 2046 295 2073 litem
308 2047 471 2080 dissolvere,
483 2048 536 2075 hoc
548 2053 640 2076 tamen
653 2049 736 2077 modo
756 2051 857 2078 melius
869 2055 943 2078 esset
958 2052 1009 2079 sub

217 2091 259 2118 eis
274 2092 393 2126 judicari
411 2101 494 2127 quam
506 2094 558 2121 sub
570 2093 740 2121 inﬁdelibus.
757 2095 797 2121 Ad
811 2095 879 2128 haec,
891 2096 913 2122 si
929 2103 1009 2124 mun-

217 2136 293 2169 dum.
310 2137 586 2174 inquit,judicamus,
611 2147 704 2167 annon
721 2139 863 2175 indignum
877 2146 920 2168 est
935 2142 1008 2170 utab

216 2183 368 2211 incredulis
377 2185 562 2220 judicemini?
574 2185 642 2214 Nam
654 2186 708 2213 hoc
720 2186 857 2221 signiﬁcat
866 2195 928 2214 cum
943 2188 982 2215 ait
998 2197 1005 2216 :

1072 267 1176 302 Κυρίου
1205 267 1324 302 νόμους,
1354 268 1443 295 καίτοι
1471 269 1605 295 κάκείνων
1632 269 1857 303 ἐπηρεαζόντων,

1071 311 1316 348 ὲπολιτευσάμεθα.
1345 314 1376 340 Ei
1402 313 1450 340 οὖν
1463 314 1584 345 ἐκείνους
1620 314 1792 349 ὲλέγξομεν,
1820 317 1858 342 καί

1072 357 1277 394 ἀναπολόγητον
1311 359 1402 390 αὐτοῖς
1440 359 1670 395 καταστησόμεθα
1702 360 1734 387 τὸ
1776 361 1859 396 ἀμάρ-

1071 411 1157 438 τημα,
1174 404 1250 440 πόσῳ
1269 404 1370 439 μᾶλλόν
1394 405 1478 439 ἐσμεν
1497 406 1586 432 ἱκανοὶ
1606 406 1640 431 τὰ
1669 406 1787 441 βιωτικὰ
1811 407 1858 432 διπ-

1071 448 1151 475 λῦσαι
1169 449 1396 484 φιλονεικήματα,
1412 451 1459 476 καὶ
1481 451 1530 482 τὰς
1545 450 1615 486 πρὸς
1630 451 1766 486 ἀλλήλους
1789 451 1860 482 δίκας

1070 493 1118 519 καὶ
1149 492 1270 527 ἔριδας;;
1286 494 1318 520 Et
1333 493 1355 520 δ’
1379 494 1456 521 οὔπω
1471 496 1527 527 τοῖς
1544 496 1700 531 εἰρημένοις
1729 497 1859 523 δυσωπεῖ-

1072 538 1130 570 σθε,
1157 538 1215 565 ἀλλ’
1233 539 1273 565 ἔτι
1296 539 1420 574 νομίζετε
1448 541 1489 567 ὅτι
1514 540 1568 567 τῶν
1593 542 1698 568 πιστῶν
1723 545 1756 568 τὸ
1787 543 1860 569 δικα-

1072 585 1183 618 στήριον
1208 584 1321 616 ἀσθενές
1344 587 1403 612 ἐστι
1439 586 1485 612 καὶ
1511 586 1641 613 ἀδύνατον
1672 589 1713 618 εἰς
1743 587 1776 614 τὸ
1805 589 1859 614 διι-

1071 629 1144 656 λύειν
1159 630 1208 662 τὰς
1219 631 1296 662 δίκας
1315 632 1380 664 ὑμῖν
1397 631 1444 658 καὶ
1467 631 1516 663 τὰς
1533 632 1700 666 φιλονεικίας
1711 641 1719 648 ·
1742 633 1801 659 ἀλλ’
1817 632 1859 659 οὖν

1070 676 1094 702 εί
1111 676 1160 702 καὶ
1179 676 1303 708 ἀσθενεῖς
1329 677 1391 703 καθ’
1407 677 1479 712 ὑμᾶς
1502 679 1549 704 καὶ
1563 677 1775 712 ὲξουθενημένοι
1798 676 1859 705 ὦσιν

1069 721 1094 747 oi
1127 721 1235 755 πιστοὶ,
1263 723 1310 749 καὶ
1340 723 1466 749 ἀδύνατοι
1495 723 1612 750 συνιδεῖν
1640 723 1858 759 δικαιοκρισίαν,

1070 767 1182 802 ἄμεινόν
1200 769 1258 794 ἐστι
1275 768 1386 800 τούτους
1405 768 1528 801 καθίζειν
1542 768 1683 802 δικαστὰς,
1700 770 1768 796 ὅταν
1784 769 1860 804 ἔχητε

1069 814 1164 848 χρείαν
1179 813 1314 848 βιωτικῶν
1327 814 1515 850 κριτηρίων,ἢ
1532 816 1588 846 τοῖς
1603 815 1730 846 ἀπίστοις
1748 816 1860 846 eas-toi;

1070 859 1110 890 εἰς
1125 859 1215 895 κρίσιν
1233 859 1376 887 ἐκδιδόναι.
1397 860 1642 895 Ἐξουθενημένους
1658 860 1686 886 δὲ
1703 858 1795 891 εἶπον,
1811 869 1860 896 φη-

1071 905 1125 936 σὶν,
1144 905 1284 940 ἐντρέπων
1296 904 1368 939 ὑμᾶς
1380 904 1428 931 καὶ
1439 905 1584 939 αἰσχύνων,
1601 905 1663 930 ἐπεὶ
1683 904 1779 931 πολλοί
1794 907 1860 930 εἰσιν

1069 949 1188 976 διαλύειν
1214 950 1243 975 ὲν
1268 949 1332 983 ὑμῖν
1358 949 1435 980 δίκας
1461 949 1597 984 ἰσχύοντες
1616 950 1663 976 καὶ
1680 950 1858 984 φιλονεικω.

1070 994 1159 1028 Πόοης
1168 993 1222 1029 γὰρ
1231 993 1281 1020 οὐκ
1294 993 1367 1019 ἐστιν
1379 993 1492 1029 αῑχὺνης
1501 994 1547 1020 καὶ
1559 994 1761 1027 καταγνώσεως
1772 995 1858 1026 τοῦτο,

1069 1039 1093 1065 εί
1109 1039 1159 1065 οὐκ
1175 1038 1216 1066 Evt
1236 1039 1317 1072 σοφὸς
1332 1039 1361 1065 ὲν
1383 1039 1458 1073 ὑμῖν.
1475 1039 1568 1074 φησιν,
1586 1039 1646 1065 οὐδὲ
1664 1037 1716 1070 εἷς,
1733 1039 1765 1070 ὃς
1781 1040 1859 1074 δυνή-

1070 1093 1145 1112 σεται
1159 1085 1302 1111 δικαιῶσαι
1324 1085 1376 1111 ἀνὰ
1393 1085 1474 1119 μέσον
1503 1085 1626 1119 ἀδελφῶν
1651 1085 1858 1120 δικαζομένων;

1069 1131 1218 1166 Διαφόρους
1234 1131 1262 1157 δὲ
1283 1131 1433 1163 ἀποδείξεις
1456 1131 1548 1166 τίθησι
1566 1132 1614 1158 τοῦ
1645 1132 1682 1167 μὴ
1698 1131 1755 1158 δεῖν
1775 1140 1858 1158 κατα-

1069 1176 1196 1207 λιπόντας
1208 1177 1272 1207 τοὺς
1285 1177 1408 1209 πιστοὺς,
1423 1176 1469 1202 ἐπὶ
1482 1177 1512 1202 τὺ
1531 1176 1586 1203 τῶν
1599 1177 1723 1203 ἀπίστων
1739 1177 1859 1211 βαδίζειν

1070 1222 1222 1256 κριτήριον.
1238 1222 1350 1257 Πρῶτον
1363 1222 1423 1257 μὲν,
1443 1222 1484 1248 ὃτι
1500 1223 1582 1257 ἡμεῖς
1596 1222 1643 1249 νῦν
1667 1223 1698 1249 οὑ
1728 1223 1859 1258 κρίνομεν

1069 1268 1190 1298 ἐκείνους
1204 1268 1229 1293 οι
1242 1269 1333 1294 πιστοὶ
1344 1268 1407 1299 τοὺς
1420 1268 1560 1300 ἀπίστους.
1579 1277 1588 1294 ι
1597 1269 1629 1294 Τί
1641 1269 1694 1303 γάρ
1709 1277 1769 1303 μοι,
1782 1269 1857 1302 φησὶ,

1068 1313 1115 1340 καὶ
1128 1314 1192 1344 τοὺς
1214 1313 1267 1345 ἔξω
1287 1313 1406 1348 κρίνεινς
1427 1323 1437 1339 ι
1455 1313 1516 1345 Πῶς
1530 1313 1561 1339 οὐ
1590 1314 1660 1348 μέγα
1681 1314 1787 1345 ὄνειδος
1810 1314 1859 1340 ὑπὸ

1067 1359 1121 1386 τῶν
1138 1359 1261 1386 ἀπίστων
1275 1359 1418 1394 κρίνεσθαι
1433 1359 1495 1391 τοὺς
1510 1358 1620 1390 πιστούς
1633 1367 1640 1390 ;
1656 1359 1794 1392 Δεύτερον
1807 1368 1815 1375 ο
1830 1359 1858 1385 Ei

1066 1406 1092 1431 οί
1117 1404 1167 1438 μὲν
1183 1405 1281 1438 ἄδικοι,
1298 1406 1323 1431 οἱ
1349 1405 1377 1431 δὲ
1392 1405 1476 1439 ἅγιοι,
1492 1405 1550 1436 πῶς
1572 1405 1623 1431 οὐκ
1650 1404 1725 1430 ἐστιν
1741 1404 1858 1439 ἠλίθιον,

1067 1450 1253 1476 καταλιπόντα
1269 1450 1333 1480 τοὺς
1346 1449 1452 1483 ἁγίους,
1466 1450 1513 1476 ἐπὶ
1527 1449 1591 1480 τοὺς
1607 1449 1718 1480 ἀδίκους
1736 1449 1857 1484 τρέχειν,

1066 1497 1113 1522 καὶ
1127 1495 1222 1528 ταῦτα,
1233 1496 1324 1530 τυχεῖν
1337 1495 1481 1527 ἐλπίζοντα
1497 1495 1545 1522 τοῦ
1560 1495 1685 1527 δικαίου;
1701 1495 1817 1529 Τρίτον·
1830 1495 1857 1522 Εἰ

1068 1541 1093 1567 oi
1104 1541 1177 1574 ἅγιοι
1189 1540 1235 1568 τὸν
1253 1541 1355 1576 κόσμον
1371 1541 1510 1575 έλέγξουσι
1526 1540 1572 1568 καὶ
1585 1541 1800 1576 ἁναπόδραστον
1813 1542 1858 1567 αὑ-

1065 1589 1122 1618 τοῖς
1137 1587 1188 1622 τὴν
1206 1586 1285 1621 δίκην
1301 1587 1568 1621 παρασκευάσουσιν,
1584 1587 1626 1622 ἐφ’
1645 1584 1686 1619 οἷς
1703 1587 1756 1621 τῆς
1773 1588 1858 1622 αὐτῆς

1065 1632 1172 1669 φύσεως
1188 1632 1274 1665 ὄντες,
1287 1633 1392 1664 καὶτὰς
1408 1633 1507 1666 ἀρετὰς
1520 1632 1697 1669 πράττοντες,
1711 1633 1763 1658 οὐκ
1781 1632 1859 1667 ἔσχον

1065 1679 1250 1713 μιμουμένους
1275 1678 1338 1709 τοὺς
1353 1677 1558 1712 ἐλεγχομένους,
1577 1678 1653 1711 πόσῳ
1676 1678 1784 1712 μᾶλλόν
1807 1679 1857 1703 εἰσι

1063 1723 1244 1759 δυνατώτεροι
1266 1723 1423 1758 ἀναμεταξὺ
1438 1723 1485 1750 δύο
1512 1723 1635 1754 δικάζειν
1659 1724 1707 1749 καὶ
1732 1723 1857 1758 κρίνεινς

1065 1770 1218 1804 Τέταρτον·
1234 1770 1265 1797 Εἰ
1290 1769 1423 1803 ἀγγέλους
1447 1769 1511 1800 τοὺς
1537 1770 1701 1804 ἀσωμάτους
1723 1769 1857 1803 δαίμονας

1063 1816 1185 1851 ἐλέγχειν
1202 1816 1286 1851 ἐσμὲν
1302 1816 1419 1848 δυνατοὶ,
1434 1815 1510 1850 πόσῳ
1525 1815 1627 1850 μᾶλλον
1642 1816 1706 1846 τοὺς
1722 1815 1856 1850 ὁμοφυεὴ

1064 1862 1113 1889 καὶ
1125 1862 1317 1897 ὁμοδιαίτους;
1332 1862 1461 1896 Πέμπτον
1474 1869 1481 1876 ·
1499 1861 1530 1888 Εί
1545 1862 1592 1887 καὶ
1606 1860 1643 1896 μὴ
1658 1861 1752 1895 ῐσχυον
1767 1861 1794 1887 οἱ
1812 1870 1855 1886 πι-

1064 1908 1121 1934 στοὶ
1138 1908 1270 1940 δικάζειν,
1296 1907 1408 1942 ἄμεινον
1431 1904 1465 1942 ἦν
1480 1907 1527 1933 καὶ
1542 1906 1639 1940 οὕτως,
1660 1908 1708 1933 ὲπῖ
1730 1906 1854 1941 αὑτῶνῆ

1061 1951 1110 1980 ἐπὶ
1136 1953 1190 1979 τῶν
1210 1953 1333 1979 ἀπίστων
1353 1952 1506 1986 κρίνεσθαι.
1527 1952 1583 1979 Καὶ
1599 1952 1667 1987 πρὸς
1694 1952 1818 1985 τούτοις,
1833 1954 1854 1978 εἰ

1061 1999 1107 2025 τὸν
1130 1997 1231 2032 κόσμον
1246 1997 1385 2033 κρίνομεν,
1400 1998 1479 2032 φησι,
1497 1997 1554 2028 πῶς
1570 1997 1620 2024 οὐκ
1644 1997 1720 2024 ἐστιν
1742 1998 1855 2030 ἀνάξιον

1061 2043 1138 2078 ὑμῶν
1156 2043 1298 2077 κρίνεσθαι
1318 2043 1370 2070 ὑπὸ
1385 2043 1438 2069 τῶν
1454 2042 1596 2076 detinent;
1613 2043 1694 2070 τοῦτο
1707 2043 1765 2078 γὰρ
1780 2044 1856 2078 δηλοῖ

1059 2090 1104 2117 διὰ
1120 2090 1166 2116 τοῦ
1185 2090 1283 2116 εἰπεῖν·
1300 2098 1309 2114 t
1321 2089 1376 2116 Καὶ
1393 2089 1418 2115 εί
1435 2089 1463 2115 έν
1477 2089 1542 2123 ὑμῖν
1565 2088 1688 2124 κρίνεται
1701 2090 1715 2115 ὁ
1738 2090 1854 2125 κόσμος,

1060 2133 1164 2167 ἀνάξιοί
1176 2135 1238 2160 ἐστε
1249 2133 1399 2168 κριτηρίων
1413 2133 1571 2167 ἐλαχίστων.
1583 2142 1592 2160 ι
1604 2134 1747 2169 Παραθεῖς
1760 2135 1791 2161 δὲ
1805 2136 1854 2167 τὰς

1059 2179 1193 2210 τοσαύτας
1210 2179 1373 2211 ἀποδείξεις,
1386 2180 1426 2205 ὅτι
1450 2179 1481 2206 οὺ
1498 2179 1540 2206 δεῖ
1557 2179 1700 2215 κρίνεσθαι
1716 2181 1767 2208 ἐπὶ
1790 2182 1855 2208 ἆ.πί-

218 2237 228 2253 σ
243 2228 278 2256 Et
296 2230 319 2256 si
338 2237 388 2264 per
401 2231 597 2266 vosjudicatur
609 2231 740 2264 mundus,
756 2231 860 2268 indigni
874 2233 960 2261 estis:

1109 2233 1140 2258 ιν,
1153 2225 1199 2251 ἐπὶ
1210 2225 1241 2251 τὸ
1253 2224 1419 2260 τελειότερον
1433 2225 1528 2259 ἀνάγει
1540 2226 1585 2252 τὸν
1600 2225 1692 2260 λόγον,
1705 2228 1755 2253 καί
1773 2237 1851 2262 φησι,

211 2274 375 2309 jeetissimis
390 2276 514 2310 judiciis.
535 2277 617 2305 γι]ῢί
631 2282 723 2305 autem
740 2281 780 2305 tot
795 2279 916 2307 rationes
928 2279 1005 2308 addi-

214 2319 255 2347 dit
275 2321 424 2355 probantes
442 2330 497 2349 non
514 2327 642 2357 oportere
657 2323 692 2351 ab
707 2323 858 2352 incredulis
873 2326 1003 2360 judicari,

215 2366 249 2391 ad
264 2365 289 2392 id
302 2367 374 2399 quod
391 2367 544 2401 perfectius
562 2372 605 2395 est
618 2376 773 2396 sermonem
793 2370 910 2402 reducit,
922 2370 1003 2406 565

213 2415 242 2437 ct
260 2411 298 2437 ait
320 2411 414 2444 :Quid
435 2412 498 2439 dico
513 2420 567 2439 non
587 2417 716 2448 oportere
729 2421 779 2441 vos
801 2415 834 2441 ab
854 2415 1004 2442 incredulis

211 2453 357 2488 judicari?
381 2455 480 2483 melius
494 2460 568 2483 esset
588 2465 622 2484 ne
642 2465 658 2484 a
681 2458 860 2486 credentibus
879 2459 1002 2493 quidem,

212 2500 261 2526 sed
277 2501 364 2528 multo
379 2501 476 2528 melius
489 2502 579 2529 nullas
592 2503 663 2530 inter
673 2511 722 2531 vos
732 2504 835 2531 habere
849 2503 920 2531 lites.
935 2504 1002 2532 Nam

212 2545 332 2580 idipsum
346 2553 443 2575 mutuo
455 2556 584 2576 accusare
597 2557 629 2577 ac
642 2550 772 2585 querelas
782 2549 897 2582 habere,
909 2550 1000 2585 dejec-

212 2590 250 2618 tio
264 2592 348 2619 vestri
369 2597 421 2620 est.
434 2594 571 2628 Optimum
585 2594 679 2629 itaque
691 2599 764 2622 esset
780 2598 810 2621 ut
826 2601 908 2621 nemo
927 2594 1000 2630 inju-

211 2635 279 2664 riam
296 2637 441 2672 irrogaret,
469 2643 517 2666 aut
540 2640 623 2667 etiam
647 2640 747 2675 injuria
768 2638 923 2666 afﬁceretur
939 2648 946 2666 :
961 2640 998 2668 ita

209 2683 284 2710 enim
303 2685 459 2712 communis
473 2689 547 2713 esset
564 2685 686 2712 omnium
703 2685 794 2712 virtus
812 2692 845 2711 ac
872 2685 955 2713 salus.
970 2686 997 2714 Si

208 2737 275 2757 vero
294 2738 408 2758 necesse
423 2735 466 2758 est
481 2735 511 2758 ut
530 2731 646 2757 alterutri
661 2730 942 2765 accedat,eligibilius
956 2735 998 2759 est

1059 2271 1090 2298 Τί
1105 2271 1175 2305 λέγω
1186 2272 1227 2298 ὅτι
1235 2272 1264 2298 οὒ
1278 2271 1319 2298 δεῖ
1328 2271 1467 2307 κρίνεσθαι
1478 2273 1551 2307 ὑμᾶς
1559 2273 1606 2300 ἐπὶ
1617 2273 1758 2307 ἀπίστων;
1771 2276 1853 2310 ἄμει-

1058 2326 1103 2344 νον
1115 2316 1158 2354 ἦν,
1172 2317 1238 2352 μηδὲ
1255 2318 1301 2344 ἐπὶ
1316 2318 1432 2349 πιστῶν.
1449 2318 1518 2345 ἀλλὰ
1531 2319 1623 2355 πολλῷ
1639 2320 1766 2355 ἄμεινον,
1784 2323 1852 2357 μηδὲ

1058 2363 1136 2394 δίκας
1149 2363 1221 2399 ἔχειν
1242 2363 1311 2398 πρὸς
1326 2363 1468 2398 ἀλλήλους.
1493 2364 1565 2392 Αὐτὸ
1578 2366 1634 2401 γὰρ
1658 2367 1691 2392 τὸ
1707 2368 1853 2395 αἰτιᾶσθαι

1057 2409 1125 2440 ὅλως
1136 2409 1278 2443 ἀλλήλους,
1285 2409 1395 2444 ἥττημα
1410 2409 1424 2436 ὕ
1429 2410 1487 2445 μῶν
1500 2411 1585 2439 ἔστιν,
1594 2412 1725 2446 Ἀριστον
1737 2414 1790 2448 μὲν
1805 2414 1854 2441 οὖν

1058 2454 1160 2489 μηδένα
1178 2455 1248 2489 μήτε
1264 2455 1368 2482 ἀδικεῖν
1395 2457 1465 2491 μήτε
1489 2456 1654 2485 ἀδικεῖσθαι,
1679 2459 1779 2491 Οὕτως
1797 2462 1854 2496 γὰρ

1057 2501 1134 2536 κοινὴ
1150 2501 1260 2528 πάντων
1273 2499 1305 2537 ἦν
1316 2503 1332 2536 ή
1348 2503 1432 2537 ἀρετὴ
1444 2503 1491 2530 καὶ
1504 2504 1520 2538 ὴ
1536 2505 1670 2539 σωτηρία.
1683 2505 1715 2532 Εί
1730 2506 1761 2533 δὲ
1778 2507 1853 2533 δυεῖν

1055 2546 1164 2582 ἀνάγκη
1182 2547 1296 2582 θάτερον
1311 2548 1492 2584 αἱρετώτερον
1507 2549 1554 2576 τοῦ
1571 2551 1675 2577 ἀδικεῖν
1691 2552 1731 2587 τῷ
1747 2553 1852 2581 ἀδικεῖ-

1056 2591 1129 2618 σθαι.
1142 2591 1178 2618 Τὸ
1193 2592 1242 2626 μὲν
1259 2592 1314 2627 γὰρ
1325 2593 1452 2620 ἐκϐάλλει
1465 2594 1513 2629 τῆς
1525 2595 1675 2630 βασιλείας,
1688 2598 1719 2624 τὸ
1733 2599 1763 2625 δὲ
1781 2608 1852 2635 προ-

1054 2638 1125 2670 ξενεῖ
1139 2640 1237 2675 αὐτήν.
1251 2640 1281 2667 Et
1293 2640 1321 2667 δὲ
1331 2641 1363 2667 οὐ
1380 2641 1460 2676 μόνον
1473 2643 1523 2678 οὐχ
1539 2644 1663 2680 αἱρεῖσθε
1680 2645 1851 2677 ἀδικεῖσθαι.

1052 2684 1121 2711 ἀλλὰ
1144 2686 1191 2712 καὶ
1214 2686 1343 2718 ἀδικεῖτε,
1367 2688 1414 2714 καὶ
1433 2688 1494 2716 τότε
1521 2689 1654 2724 ἀδελφοὺς
1677 2693 1726 2719 καὶ
1745 2694 1852 2729 ὁμο-κί-

1054 2739 1144 2763 στους,
1162 2731 1201 2762 εἰς
1220 2728 1276 2758 οἷον
1291 2733 1355 2766 ὑμῖν
1369 2733 1403 2760 τὰ
1419 2734 1470 2769 τῆς
1481 2736 1618 2771 τιμωρίας
1630 2728 1773 2773 χωρήα-ειξ

209 2775 337 2810 injuriam
355 2777 412 2811 pati
432 2784 515 2811 quam
531 2776 607 2803 illam
626 2776 762 2811 irrogan.
785 2775 926 2811 Siquidem
960 2777 1014 2805 hoc
1029 2785 1045 2805 e
1060 2785 1144 2812 regno
1166 2777 1251 2812 ejicit,
1268 2777 1336 2806 illud
1354 2785 1446 2808 autem
1470 2781 1561 2817 ipsum
1580 2784 1722 2812 conciliat.
1741 2785 1850 2819 Quodsi

210 2829 264 2847 non
282 2822 364 2850 modo
387 2831 441 2850 non
459 2821 562 2857 eligitis
584 2822 713 2858 injuriam
738 2823 877 2858 accipere,
897 2825 945 2852 sed
962 2830 990 2852 et
1005 2825 1078 2852 illam
1095 2823 1232 2859 irrogatis,
1250 2824 1333 2861 idque
1347 2826 1481 2857 adversus
1496 2828 1596 2858 fratres
1610 2835 1639 2858 et
1657 2832 1705 2867 qui
1718 2832 1848 2868 ejusdem

208 2873 272 2896 sunt
288 2868 364 2903 ﬁdei,
382 2875 515 2905 quantum
549 2870 628 2898 vobis
643 2870 671 2899 id
706 2871 739 2898 ad
756 2879 852 2906 poenas
890 2874 968 2901 cedet
987 2872 1134 2909 supplicii!
