1880 3057
179 176 232 207 715

707 171 908 201 (ECUMENll
928 172 1074 202 ΤΗΙΕοᾹί
1087 172 1256 202 EPISCOPI

1754 169 1809 201 716

179 232 270 261 Patris
288 230 442 259 suntFilio.
454 229 520 257 Nam
540 235 600 263 qua:
611 226 774 260 Paterfacit,
783 227 876 254 haecet
885 227 964 255 Filius

1056 228 1101 254 λον
1119 227 1158 260 ὡς
1172 227 1404 261 συναναστήσεται
1422 226 1452 253 τὺ
1469 225 1561 252 λοιπον
1575 225 1666 261 σῶμα.
1680 235 1690 251 ι
1700 225 1750 252 Διὰ
1762 227 1814 260 τῆς

178 280 255 310 facit.
264 283 350 306 etnos
363 274 580 304 resuscitabit.Si
589 280 654 308 ergo
665 273 870 301 sumusChristi
879 281 968 301 mem-

178 327 238 357 bra,
248 325 328 352 sicuti
335 327 410 351 certe
419 329 523 356 sumus,
530 319 705 347 manifestum
713 323 755 347 est
763 319 837 354 quod
848 321 968 347 excitato

178 372 278 406 capite,
320 370 456 404 reliquum
483 374 535 394 una
548 374 649 401 corpus
678 366 855 393 excitabitur.
884 375 894 392 ι
917 366 970 394 Per

176 417 326 452 potentiam
356 422 444 442 suam.
464 422 473 439 ι
491 413 556 448 Ejus
574 412 647 447 quod
663 412 691 439 in
713 419 843 439 sermone
857 411 966 439 creditu

185 463 294 490 diﬂicile
307 465 375 493 erat,
393 468 442 495 per
459 459 507 486 Dei
523 457 673 493 potentiam
690 457 771 485 (idem
800 457 875 490 facit,
897 457 970 492 quod

1021 274 1163 308 δυνάμεως
1177 272 1271 300 αὑτοῦ,
1289 282 1298 298 ι
1318 273 1355 299 Τὸ
1373 273 1420 299 τοῦ
1443 272 1523 306 λόγου
1541 271 1686 303 ἀπίθανον,
1705 271 1750 298 διὰ
1764 274 1814 307 τῆς

1020 323 1162 357 δυνάμεως
1179 322 1226 349 τοῦ
1241 321 1308 349 Θεοῦ
1327 322 1537 353 πιστοποιεῖται,
1555 321 1623 355 ὅπερ
1642 320 1684 352 εις
1703 319 1753 355 τὴν
1766 320 1813 346 τοῦ

1021 368 1140 402 Χριστοῦ
1168 368 1315 395 ἀνάστασιν
1344 367 1374 394 οὗ
1407 367 1530 394 τέθεικεν
1565 365 1701 400 (ἐγεγόνει
1729 365 1811 400 γὰρ),

1023 413 1081 440 ἀλλ’
1097 414 1143 441 ἐπὶ
1158 414 1207 448 τῆς
1224 413 1301 449 ἡμῶν
1319 413 1506 444 ἀναστάσεως,
1520 412 1564 438 ἵνα
1583 411 1621 447 μὴ
1636 411 1813 446 ἁπιστῶμεν,

1022 459 1070 486 καὶ
1089 459 1133 486 ἵνα
1149 460 1211 491 τοὺς
1226 459 1416 492 ἀντιλέγοντας
1433 458 1609 493 ἐπιστομίσῃ.

177 511 211 537 ad
225 509 328 537 Christi
353 506 583 534 resurrectionem
605 512 660 531 non
696 504 804 539 posuit,
839 504 894 538 jam
922 505 996 532 enim
1016 505 1088 533 facta
1117 510 1186 538 erat,
1209 505 1256 533 sed
1281 509 1393 540 propter
1417 509 1537 532 nostram
1555 503 1789 531 resurrectionem
1802 515 1813 534 ς

176 564 212 584 ne
225 553 358 583 increduli
391 553 487 584 simus,
501 556 529 578 et
542 555 571 578 ut
585 549 838 577 contradicentibus
848 549 974 577 obstruat
993 557 1050 578 ora.

211 602 255 633 YI,
274 600 366 626 l5-18.
381 599 422 625 An
439 597 543 624 nescitis
554 596 624 631 quod
647 602 759 630 corpora
777 598 863 621 vestra
879 602 962 620 mem-

176 649 223 675 bra
236 648 289 674 sint
304 645 423 673 Christi?
437 643 507 670 Num
520 643 601 677 igitur
617 641 711 668 tollens
738 640 855 666 membra
872 639 969 667 Christi

177 695 273 729 faciam
302 692 382 719 scorti
394 690 510 717 membra
523 689 535 716 7
552 689 636 715 Absit.
670 687 712 714 An
728 687 830 713 nescitis
845 685 914 719 quod
923 686 968 720 qui

141 739 148 751 ’
177 739 360 774 agglutinatur
380 740 467 763 ποι-ιο
479 742 561 761 unum
578 740 671 767 corpus
687 731 747 758 est?
779 731 866 758 Erunt
898 731 968 756 enim

176 785 238 815 duo,
250 784 345 818 inquit,
358 782 386 808 in
394 788 498 808 carnem
511 787 605 806 unam.
614 778 702 812 Atqui
716 777 899 812 aqglutinatur
920 776 968 802 Do-

177 831 249 857 mino
269 837 336 855 unus
362 827 470 862 spiritus
493 830 540 852 est.
564 824 655 859 Fugite
672 824 870 854 scortationem,
887 821 969 850 Omne

1055 597 1117 623 Οὐκ
1131 595 1230 623 οῖδατε
1246 595 1290 622 ὄτι
1306 594 1342 621 τὰ
1357 593 1480 628 σώματα
1489 592 1572 628 ὑμῶν
1584 593 1666 628 μέλη
1681 593 1812 628 Χριστοῦ

1017 641 1123 674 eatur;
1147 641 1220 675 ἄρας
1240 638 1297 668 οὖν
1320 639 1355 666 τὰ
1376 640 1456 674 μέλη
1476 639 1530 666 τοῦ
1547 639 1679 673 Χριστοῦ
1695 640 1813 672 ποιήσω

1020 688 1134 721 πόρνης
1147 687 1242 722 μέλω
1268 686 1315 720 Μὴ
1334 686 1459 720 γένοιτο.
1475 687 1514 713 Ἣ
1528 687 1582 712 οὐκ
1603 686 1707 712 auare
1728 686 1774 713 ὅτι
1797 688 1813 713 ὀ

1020 732 1210 766 κολλώμενος
1223 731 1260 766 τῇ
1277 733 1372 766 πόρνῃ
1392 731 1427 758 ἓν
1440 731 1526 766 σῶμά
1546 731 1651 764 eatur;
1665 730 1812 758 Ἔσονται

1020 778 1086 812 γὰρ,
1099 777 1204 812 φησιν,
1219 778 1246 804 ol
1259 777 1314 804 δύο
1327 778 1370 810 εἰς
1379 776 1478 810 σάρκα
1496 776 1580 810 μίαν.
1598 775 1626 801 '0
1646 776 1681 802 δὲ
1695 775 1812 802 κολλώ-

1018 833 1111 858 μενος
1126 822 1166 856 τῷ
1181 823 1277 857 Κυρίῳ
1300 823 1335 850 ἓν
1361 822 1482 857 arsi-yet
1503 823 1579 849 ἐστι.
1605 823 1736 856 Φεύτετε
1757 821 1813 855 τὴν

177 879 312 910 pet‘catum
324 873 494 908 quodcunque
506 871 596 906 fecerit
615 870 703 902 homo,
713 874 787 896 extra
804 877 897 904 corpus
912 872 949 895 est
958 877 964 896 .'

1054 870 1176 904 ζινείον.
1191 869 1257 898 Πᾶν
1274 869 1429 904 ἁμάρτημα
1457 869 1472 896 ὃ
1499 869 1554 896 ἐὰν
1566 868 1680 903 ποιήσῃ
1699 868 1813 902 ἅνθρω-

175 921 222 948 sed
240 920 287 956 qui
294 923 438 950 uertatur,
451 918 478 944 in
498 917 635 952 proprium
652 923 745 950 corpus
761 920 861 950 peccat.

212 1011 252 1039 Ad
265 1010 435 1046 praemissam
446 1008 518 1036 redit
530 1007 752 1035 adhortationem
760 1013 821 1041 qua:
835 1005 968 1033 adversus

176 1057 454 1086 scortationemerat.
470 1054 538 1082 Vide
554 1058 645 1080 autem
674 1052 748 1088 quod
777 1059 832 1079 non
846 1052 966 1079 dixerit:

176 1103 299 1131 Membra
310 1101 412 1129 Christi
426 1101 539 1136 jungam
553 1097 702 1130 meretrici,
720 1097 767 1125 sed
785 1097 858 1132 quod
875 1097 967 1124 horri-

176 1148 258 1175 bilius
273 1151 343 1178 erat,
357 1153 455 1180 nempe
473 1144 570 1171 tollere
587 1151 602 1170 a
618 1143 731 1170 Christo
755 1142 850 1169 eadem
880 1141 968 1177 ipsius

176 1193 310 1224 membra,
334 1196 363 1218 et
373 1189 482 1217 ellicere
494 1192 524 1216 ut
539 1188 595 1216 sint
615 1188 700 1216 scorti
718 1195 726 1214 :
745 1196 755 1212 ι
779 1187 868 1214 Erunt
892 1186 966 1214 enim

175 1238 242 1270 duo.
259 1236 365 1272 inquit,
381 1236 409 1263 in
425 1242 539 1262 carnem
555 1241 651 1261 unam.
671 1242 681 1258 ι
711 1232 753 1260 Ad
776 1231 966 1260 testimonium

176 1284 290 1311 adducit
304 1287 382 1310 vetus
395 1282 612 1309 Testamentum.
628 1279 769 1312 Quomodo
780 1283 871 1305 autem
885 1281 967 1305 erunt

178 1331 238 1359 sive
255 1330 416 1364 redigentur
431 1328 458 1354 in
471 1333 583 1354 carnem
596 1325 698 1353 unam?
723 1324 859 1358 Quoniam
889 1331 967 1351 com-

180 1376 274 1404 ruistio
291 1384 346 1403 non
363 1374 498 1409 permittit
509 1372 579 1400 duos
607 1379 668 1399 esse
698 1371 778 1404 duos,
807 1370 854 1398 sed
881 1376 966 1397 unum

177 1422 261 1450 cilicit
275 1426 322 1455 ;et
338 1421 469 1456 quoniam
489 1418 613 1446 membra
628 1417 730 1446 Christi
745 1422 811 1444 sunt
822 1417 904 1444 homo
918 1415 966 1451 qui

177 1473 270 1496 scorto
293 1466 398 1499 uiuitur,
419 1465 457 1492 illi
474 1465 594 1499 seipsum
609 1463 680 1495 unit,
705 1462 865 1497 Christique
878 1469 966 1489 mem-

176 1516 226 1543 bra
254 1518 431 1549 conspurcat.
444 1513 477 1540 Et
489 1519 645 1548 quanquam
658 1511 686 1538 in
697 1518 764 1538 vero
780 1517 888 1545 quoque
899 1516 966 1536 con-

1018 924 1085 949 πος,
1101 916 1189 949 ἐκτὸς
1199 916 1251 943 τοῦ
1268 916 1403 951 σώματός
1413 915 1508 949 ἐστιν,
1526 916 1542 942 ό
1553 914 1588 941 δὲ
1597 915 1759 949 πορνεύων
1769 916 1813 948 εις

1018 963 1051 989 τὸ
1065 962 1142 989 ἴδιον
1153 962 1240 997 σῶμα
1255 962 1426 997 ἁμαρτάνει.

1054 1007 1139 1034 Πάλιν
1154 1008 1200 1034 ἐπὶ
1214 1008 1264 1043 τὴν
1285 1007 1470 1043 προκειμένην
1484 1005 1551 1042 ἦλθε
1567 1006 1742 1041 παραίνεσιν,
1762 1005 1812 1042 τὴν

1019 1054 1088 1081 κατὰ
1103 1054 1242 1090 πορνείας.
1259 1055 1328 1090 Ὅρα
1344 1054 1382 1086 δὲ,
1397 1054 1447 1080 οὐκ
1461 1051 1522 1080 εἷπε
1537 1054 1578 1080 Τὰ
1592 1054 1662 1089 μέλη
1678 1053 1726 1080 τοῦ
1744 1053 1812 1087 Χρι-

1019 1099 1082 1126 στοῦ
1097 1100 1184 1132 ζεύξω
1196 1100 1294 1136 πόρνῃ,
1317 1099 1375 1127 ἀλλ’
1391 1100 1459 1135 ὅπερ
1473 1098 1507 1135 ἦν
1529 1099 1677 1136 φρικῶδες,
1697 1099 1728 1126 τὺ
1745 1096 1812 1133 ἆραι

1017 1145 1052 1172 τὰ
1067 1145 1164 1173 ἑαυτοῦ
1178 1146 1245 1182 μέλη
1261 1146 1299 1182 τῷ
1313 1144 1382 1173 εἶναι
1403 1145 1522 1182 Χριστοῦ
1543 1146 1589 1172 καὶ
1603 1147 1719 1181 ποιῆσαι
1736 1143 1811 1172 εἶναι

1019 1191 1122 1228 πόρνης
1136 1200 1144 1207 ·
1158 1201 1168 1218 ι
1193 1193 1321 1219 Ἔσονται
1334 1192 1399 1227 γὰρ,
1417 1193 1511 1227 φησὶν,
1535 1192 1560 1218 οἱ
1573 1189 1626 1218 δύο
1650 1193 1692 1223 εἰς
1717 1192 1811 1226 σάρκα

1019 1237 1094 1272 μίαν.
1114 1247 1123 1263 ι
1148 1237 1196 1270 Et;
1213 1237 1367 1274 μαρτυρίαν
1386 1238 1465 1273 φέρει
1480 1237 1528 1273 τὴν
1547 1237 1679 1266 Παλαιᾶν.
1704 1237 1769 1268 Πῶς
1783 1237 1812 1263 δὲ

1017 1282 1123 1309 ἔσονται
1139 1284 1178 1315 είς
1196 1283 1285 1319 σάρκα
1302 1284 1379 1318 μίαν;
1399 1284 1459 1311 Ὀτι
1480 1284 1496 1320 ἡ
1522 1284 1630 1315 σύνοδος
1641 1284 1692 1310 οὐκ
1709 1283 1811 1319 ἀφίησι

1017 1329 1080 1360 τοὺς
1092 1328 1139 1355 δύο
1155 1326 1224 1356 εἶναι
1239 1329 1296 1361 δύο,
1310 1329 1367 1356 ἀλλ’
1383 1330 1430 1356 ἕνα
1445 1330 1526 1357 ποιεῖ.
1548 1329 1658 1365 Ἐπειδὴ
1677 1329 1747 1364 μέλη
1762 1329 1811 1356 τοῦ

1017 1373 1136 1408 Χριστοῦ
1152 1375 1227 1401 ἐστιν
1241 1375 1255 1401 ὸ
1271 1374 1416 1410 ἄνθρωπος
1431 1375 1574 1410 ὲνούμενος
1589 1377 1621 1410 τῇ
1638 1375 1739 1410 πόρνῃ,
1753 1375 1813 1402 ἑνοῖ

1018 1419 1114 1446 ἑαυτὸν
1130 1420 1198 1455 αὐτῇ
1214 1420 1262 1446 καὶ
1288 1420 1389 1456 μιαίνει
1411 1421 1445 1447 τὰ
1464 1421 1530 1456 μέλη
1550 1420 1681 1455 Χριστοῦ.
1700 1420 1732 1447 Εἰ
1753 1420 1811 1455 γὰρ

1017 1464 1064 1491 καὶ
1078 1465 1118 1496 είς
1131 1464 1177 1492 τὸν
1192 1464 1318 1500 ἀληθινὸν
1332 1465 1420 1500 γάμον
1432 1465 1555 1492 ἐνοῦνται
1570 1466 1594 1491 οἱ
1606 1465 1652 1492 δύο
1667 1467 1708 1498 εἰς
1717 1466 1810 1501 σάρκα

977 1533 1000 1565 C
1020 1509 1093 1545 μίαν,
1111 1510 1169 1536 ἀλλ’
1184 1510 1286 1545 ὁμοίως
1308 1511 1354 1537 καὶ
1378 1512 1418 1542 είς
1432 1511 1480 1546 τὴν
1504 1511 1722 1547 διαϐεϐλημένην
1738 1520 1811 1547 πορ-

173 1562 251 1597 jugio
264 1561 394 1588 uuiantur
409 1559 491 1595 47o
517 1559 572 1586 duo
601 1558 630 1585 in
657 1564 768 1584 carnem
788 1563 881 1588 unam,
906 1555 964 1590 pari

1054 1555 1102 1582 ἶαν.
1123 1564 1132 1580 ι
1155 1555 1185 1581 Ὀ
1201 1555 1230 1582 δὲ
1254 1554 1424 1591 κολλώμενος
1445 1556 1484 1592 τῷ
1507 1557 1613 1592 Κυρίῳ.
1632 1566 1640 1582 ι
1658 1557 1731 1593 Ὅρα
1748 1557 1810 1588 πῶς

178 1613 269 1635 tamen
281 1606 363 1634 modo
384 1606 467 1633 etiam
491 1603 592 1632 accidit
615 1603 642 1630 in
666 1602 761 1630 infami
785 1601 965 1629 scortatione.

178 1665 188 1680 ι
205 1655 240 1682 At
262 1654 309 1689 qui
336 1653 523 1688 agglutinatur
547 1652 675 1679 Domino.
698 1661 707 1676 ι
731 1650 800 1678 Vide
826 1649 966 1684 quomodo

175 1701 278 1737 apertis
291 1699 542 1728 nominibusscorti
553 1703 580 1726 et
595 1697 710 1730 Christi,
733 1697 866 1732 producat
884 1703 966 1723 accu-

175 1746 322 1777 sationem,
331 1744 544 1779 reddensipsam
556 1742 722 1778 graviorem.
742 1751 751 1767 ι
764 1741 841 1769 Unus
851 1741 966 1775 spiritus

175 1795 242 1818 est.»
254 1791 338 1823 Talis,
349 1789 509 1825 inquit,ctsi
525 1786 845 1823 eorporecircumdetur,
853 1786 967 1821 spiritus

177 1842 267 1865 tamen
282 1837 416 1868 edicitur;
427 1843 460 1862 ex
474 1835 527 1862 hoc
543 1834 632 1861 solum
658 1833 731 1868 quod
760 1833 828 1860 nihil
857 1833 965 1860 carnale

175 1887 315 1916 operatur.
333 1896 367 1901 —-
383 1880 442 1906 Alio
456 1878 543 1906 modo.
561 1879 614 1906 Aut
629 1878 692 1912 quia
706 1885 756 1912 per
766 1877 885 1904 medium
903 1877 965 1912 Spi-

176 1932 261 1958 ritum
277 1934 403 1957 sanctum
414 1928 470 1955 Deo
485 1927 673 1962 coniungitur,
689 1927 735 1962 qui
747 1934 797 1961 per
810 1926 964 1961 spiritualia

175 1983 259 2010 opera
270 1975 326 2009 ipsi
352 1963 549 2008 agglutinatur.
563 1987 598 1993 -—
626 1972 686 1999 Alio
702 1971 789 1998 modo.
813 1971 900 1999 Unius
922 1975 965 1998 est

175 2021 291 2056 speciei,
307 2019 421 2047 omnino
433 2018 586 2053 spiritualis
602 2018 719 2045 «dicitur
731 2017 834 2044 unione
858 2016 891 2044 ad
909 2017 964 2044 Βο-

176 2066 292 2097 minum,
306 2073 361 2092 non
374 2064 523 2092 attrahitur
534 2063 692 2091 carnalibus
705 2063 860 2095 all‘eclibus,
873 2069 964 2097 neque

176 2112 313 2139 scinditur
323 2111 350 2139 in
363 2110 475 2146 duplum
487 2109 629 2145 quiddam,
642 2110 697 2137 Deo
709 2109 834 2136 serviens
843 2112 870 2135 et
881 2115 964 2135 mam-

176 2166 275 2190 monae,
288 2158 336 2185 sed
344 2157 437 2184 unitus
445 2156 558 2183 omnino
566 2160 617 2188 est,
629 2159 756 2190 totusque
764 2153 924 2189 spiritualis,
936 2153 963 2180 in

1016 1601 1060 1628 διὰ
1076 1602 1187 1637 γυμνῶν
1201 1602 1256 1628 τῶν
1271 1602 1410 1637 ὀνομάτων
1423 1603 1472 1638 τῆς
1487 1603 1589 1639 πόρνης
1609 1604 1656 1631 καὶ
1673 1604 1721 1630 τοῦ
1740 1604 1812 1639 Χρι-

1018 1647 1091 1680 στοῦ,
1116 1647 1231 1682 προάγει
1257 1647 1306 1682 τὴν
1332 1649 1511 1684 κατηγορίαν,
1528 1648 1688 1676 δεινοποιῶν
1705 1649 1804 1684 αὐτήν.

1019 1702 1029 1719 ι
1053 1693 1101 1720 Ἓν
1116 1693 1225 1728 πνεῦμά
1239 1694 1322 1721 ἐστιν.
1342 1703 1351 1720 ι
1377 1694 1406 1720 '0
1422 1694 1552 1727 τοιοῦτος,
1565 1695 1643 1730 φησὶ,
1659 1695 1710 1722 κᾶν
1725 1695 1809 1730 σῶμα

1017 1739 1182 1772 περίκειται,
1197 1739 1306 1774 πνεῦμα
1320 1739 1436 1774 γίνεται,
1457 1741 1536 1775 μόνον
1555 1740 1593 1775 τῷ
1611 1740 1696 1775 μηδὲν
1717 1741 1809 1766 ποιεῖν

1018 1785 1159 1820 σαρκικόν.
1177 1799 1208 1804 —
1221 1786 1345 1819 Ἄλλως.
1362 1785 1532 1822 [ΟῙΚΟΥΜ.]
1549 1787 1585 1812 Ἦ
1600 1784 1640 1813 ὅτι
1657 1786 1701 1813 διὰ
1721 1787 1808 1822 μέσον

1015 1831 1063 1858 τοῦ
1079 1830 1158 1865 ἁγίου
1171 1831 1330 1867 Πνεύματος
1346 1832 1512 1858 συνάπτεται
1529 1832 1568 1867 τῷ
1578 1832 1700 1868 Χριστῷ,
1719 1841 1809 1868 προσ-

1017 1874 1188 1909 κολλώμενος
1208 1874 1283 1910 αὑτῷ
1298 1875 1342 1902 διὰ
1362 1876 1417 1902 τῶν
1441 1877 1634 1911 πνευματικῶν
1656 1877 1760 1912 ἔργων.
1775 1892 1811 1897 —

1019 1921 1142 1952 Ἄλλως.
1173 1920 1279 1957 [ΦΩΤ.]
1308 1921 1456 1956 Μονοειδής
1483 1923 1574 1955 ἐστιν,
1607 1922 1676 1954 ὅλως
1700 1923 1810 1957 γίνεται

1017 1966 1212 2000 πνευματικὸς,
1239 1967 1272 2001 τῇ
1305 1967 1374 2001 προς
1404 1967 1451 1994 τὸν
1486 1967 1589 2003 Κύριον
1614 1967 1722 1995 ἐνώσει.
1750 1969 1810 1995 Οὐκ

1015 2012 1173 2046 ἐπισύρεται
1195 2012 1229 2039 τὰ
1247 2013 1367 2047 σαρκικὰ
1394 2013 1478 2048 πάθη,
1496 2014 1557 2040 οὐδὲ
1572 2014 1694 2050 σχίζεται
1711 2015 1754 2046 είς
1769 2015 1810 2041 δι-

1015 2058 1100 2092 πλόην
1117 2058 1187 2090 τινὰ,
1213 2058 1273 2093 Θεῷ
1298 2059 1432 2085 δουλεύων
1448 2059 1496 2086 καὶ
1513 2060 1642 2096 μαμωνᾷ,
1659 2060 1719 2086 ἀλλ’
1735 2060 1807 2092 ὅλως

1016 2103 1116 2135 ὲνιαῖός
1132 2104 1190 2130 ἐστι
1209 2105 1256 2132 καὶ
1269 2104 1329 2136 ὅλος
1344 2105 1540 2139 πνευματικὸς,
1556 2106 1597 2138 είς
1612 2106 1727 2142 ἑνότητα
1744 2114 1809 2133 συν-

1016 2151 1151 2184 αγόμενος
1166 2150 1331 2185 πνεύματος.
1347 2160 1356 2176 ι
1375 2151 1433 2177 Πᾶν
1450 2151 1602 2187 ἁμάρτημα
1615 2151 1629 2178 ὃ
1642 2151 1691 2178 ἐὰν
1703 2153 1809 2189 ποιήσῃ

175 2203 291 2239 spiritus
300 2203 434 2230 unitatem
442 2202 586 2229 adductus.
599 2210 607 2227 ι
624 2201 710 2228 Omne
725 2205 865 2236 peccatum
875 2199 963 2234 quod-

1054 2193 1169 2229 Βρωπος,
1181 2195 1260 2227 ἐκτὸς
1271 2195 1317 2222 τοῦ
1330 2195 1455 2230 σώματός
1467 2198 1552 2224 ἐστιν.
1573 2206 1582 2222 ι
1601 2197 1664 2223 Ἐπὶ
1676 2197 1728 2232 τῆς
1739 2206 1809 2232 πορ-

175 2257 284 2284 cunque
299 2249 395 2276 fecerit
415 2249 507 2278 homo.
524 2253 601 2275 extra
617 2255 717 2282 corpus
727 2251 779 2274 est.
795 2256 804 2271 ι
821 2245 850 2273 ln
861 2251 965 2273 scorta-

177 2297 262 2327 tione,
291 2295 390 2329 inquit,
404 2298 490 2321 totum
505 2301 605 2328 corpus
616 2298 815 2328 conspurcatur
828 2299 836 2319 :
852 2296 964 2327 propter

177 2339 251 2374 quod
263 2339 346 2366 etiam
361 2338 447 2365 moris
454 2343 496 2365 est
511 2343 541 2365 ut
552 2338 599 2372 qui
616 2338 727 2365 scortati
743 2337 849 2365 suntad
865 2337 963 2363 balnea

180 2387 304 2410 currant.
320 2381 460 2409 Homicida
470 2389 535 2408 vero
562 2386 589 2409 et
600 2386 694 2416 raptor
707 2389 805 2408 manus
832 2382 964 2407 duntaxat

176 2428 389 2456 commaculant.
419 2427 497 2460 Quod
509 2432 600 2454 autem
621 2427 699 2459 dicit,
717 2437 726 2453 ι
744 2427 840 2462 Fugite
861 2429 965 2453 scorta-

178 2474 291 2503 tiouom.
309 2482 318 2499 ι
339 2473 489 2500 studiosam
505 2473 629 2508 designat
653 2474 842 2501 evitationem.
861 2486 896 2492 -—
910 2471 964 2498 Aut

177 2519 242 2554 quia
259 2523 356 2545 extera
369 2518 433 2545 vitia
445 2526 478 2546 ex
489 2518 571 2545 animi
581 2519 797 2554 uniuscujusque
811 2516 964 2551 procedunt

184 2564 339 2596 all‘cctibus,
357 2568 451 2598 utpote
463 2563 509 2590 ira:
523 2563 549 2590 in
563 2564 709 2595 homicida,
724 2563 813 2590 inanis
825 2562 918 2597 gloriae
934 2561 962 2588 in

179 2610 222 2637 his
238 2610 283 2644 qui
298 2609 433 2636 ditescere
450 2609 564 2643 cupiunt
579 2617 586 2640 ;
606 2609 738 2636 scortatio
754 2614 822 2634 vero
846 2613 881 2633 ex
902 2606 962 2640 ipso

170 2663 292 2690 ~corpore
304 2655 392 2682 fontes
403 2655 444 2682 sui
458 2654 541 2681 habet
555 2654 672 2681 ardoris.
682 2654 748 2680 Rem
760 2656 850 2679 autem
861 2659 962 2687 augere

175 2701 279 2732 noluit,
296 2701 424 2734 quoniam
437 2700 471 2727 de
490 2699 587 2726 eodem
615 2698 757 2733 praemissa
778 2700 821 2723 cst
847 2697 880 2723 ab
901 2697 962 2730 ipso

177 2746 342 2772 exhortatio.
364 2746 458 2780 Neque
474 2744 548 2771 enim
562 2743 652 2769 omnia
666 2743 779 2770 omnino
802 2742 910 2770 excedit
934 2743 960 2769 in

178 2790 313 2824 pravitate
327 2790 468 2816 scortatio.
484 2789 579 2815 Plures
595 2787 645 2814 hac
655 2787 688 2814 de
702 2794 731 2813 re
740 2785 815 2813 dedit
827 2786 962 2822 interpre-

179 2833 297 2860 tationes
309 2832 406 2860 beatus
425 2832 591 2860 Severianus
605 2830 832 2866 quinquagesimo
844 2833 962 2867 septimo

180 2876 333 2909 volumine,
345 2885 470 2906 sermone
486 2876 671 2911 tcrtio,capite
685 2876 792 2905 decimo
805 2885 878 2906 nono
890 2878 960 2907 hanc

1016 2240 1100 2271 νείας,
1116 2241 1208 2276 φησὶν,
1221 2240 1280 2267 ὂλον
1297 2240 1440 2275 μολύνεται
1455 2241 1484 2268 τδ
1496 2241 1585 2276 σῶμα.
1601 2241 1684 2268 Ὅθεν
1695 2243 1746 2268 καὶ
1762 2243 1809 2269 ἐπὶ

1016 2285 1143 2321 βαλανεῖα
1155 2286 1263 2322 τρέχειν
1279 2286 1338 2318 ἔοος
1350 2287 1406 2318 τοῖς
1418 2287 1609 2322 πορνεύσασιν.
1627 2286 1657 2314 ’0
1670 2287 1699 2314 δέ
1712 2296 1746 2322 γε
1759 2289 1809 2315 ἀνι

1015 2331 1142 2366 δροφόνος
1157 2331 1204 2357 καὶ
1225 2332 1329 2367 ἅρπαξ,
1346 2334 1425 2367 χεῖρα
1441 2332 1583 2368 μολύνουσι
1601 2333 1694 2367 μόνον.
1711 2333 1751 2360 Th
1767 2333 1806 2365 δὲ,

1001 2376 1027 2402 ἰ
1045 2377 1161 2410 Φεὺγετε
1179 2377 1227 2413 τὴν
1244 2378 1382 2412 πορνείαν,
1400 2378 1449 2414 τὴν
1473 2378 1542 2413 μετὰ
1562 2378 1683 2412 σπουδῆς
1704 2379 1809 2406 ἀποδο-

1015 2423 1065 2457 χὲλν
1079 2423 1161 2457 δηλοῖ.
1180 2438 1214 2443 --
1231 2423 1401 2460 [Ο]ΚΟΥΜ.]
1421 2425 1455 2452 Ἦ
1471 2425 1512 2452 ὅτι
1531 2425 1564 2452 τὰ
1580 2425 1662 2452 λοιπὰ
1677 2425 1809 2461 ἁμαρτή-

1016 2476 1090 2501 ματα
1111 2468 1158 2494 καὶ
1180 2468 1212 2494 ὲκ
1230 2469 1347 2504 ψυχικοῦ
1375 2471 1477 2502 πάθους
1501 2471 1617 2504 γίνεται,
1638 2468 1695 2497 οἷον
1720 2472 1806 2506 ὀργῆς

1013 2513 1062 2539 ἐπὶ
1086 2514 1260 2549 ἀνδροφόνου,
1287 2517 1440 2550 κενοδοξίας
1463 2517 1510 2543 ἐπὶ
1531 2517 1586 2543 τῶν
1603 2517 1733 2544 πλουτεῖν
1749 2518 1807 2544 ἐθε-

1013 2560 1122 2589 λόντων.
1145 2561 1177 2588 Ἦ
1192 2561 1220 2588 δέ
1237 2570 1268 2596 γε
1282 2563 1394 2597 πορνεία
1410 2563 1439 2595 ἐξ
1455 2562 1537 2589 αὐτοῦ
1551 2562 1599 2589 τοῦ
1615 2562 1746 2597 σώματος
1758 2563 1807 2594 τὰς

1014 2607 1104 2642 πηγὰς
1120 2607 1176 2642 ἔχει
1194 2609 1243 2642 τῆς
1260 2608 1420 2643 ἐπιθυμίας.
1444 2607 1554 2644 Ὲξᾶραι
1569 2609 1597 2635 δὲ
1613 2609 1756 2645 ἠϐουλήθη
1776 2609 1806 2635 τὸ

1013 2654 1139 2688 πρᾶγμα,
1153 2654 1246 2688 ἐπειδὴ
1259 2654 1322 2689 περὶ
1340 2654 1422 2680 αὑτοῦ
1441 2654 1584 2690 πρόκειται
1601 2654 1677 2689 αὐτῷ
1696 2656 1713 2688 ἡ
1731 2664 1805 2690 παρα

1013 2697 1124 2729 αἱνεσις.
1143 2698 1181 2724 Ui:
1206 2698 1261 2733 γὰρ
1275 2699 1382 2730 πάντως
1402 2699 1511 2726 πάντων
1527 2700 1619 2734 χεῖρον
1642 2700 1659 2734 ἡ
1676 2700 1803 2735 πορνεία.

1013 2741 1096 2770 Εἶπεν
1126 2745 1164 2775 είς
1194 2743 1274 2769 τοῦτο
1303 2743 1412 2776 πλείους
1435 2744 1595 2780 ἑρμηνείας,
1620 2744 1635 2771 ὁ
1659 2745 1689 2771 ὲν
1714 2745 1805 2778 ἁγίοις

1012 2789 1186 2824 Σευηριανὸς,
1202 2788 1292 2824 τεύχει
1304 2789 1353 2822 νζ,
1375 2789 1447 2825 λόγῳ
1464 2793 1498 2824 γ’,
1515 2789 1657 2825 κεφαλαίῳ
1672 2789 1716 2824 ιϐ’,
1737 2790 1803 2818 ταύ-

1011 2843 1060 2868 την
1085 2843 1113 2861 τε
1141 2834 1225 2870 αὐτὴν
1249 2834 1333 2861 εἰπὼν
1345 2836 1393 2862 τοῦ
1409 2836 1616 2870 Χρυσοστόμου,
1632 2837 1680 2863 καὶ
1697 2837 1803 2871 ἄλλην·

1013 2881 1083 2912 Ὅτι,
1099 2881 1193 2915 φησιν,
1207 2882 1220 2908 ὁ
1236 2881 1384 2917 πορνεύων,
1397 2882 1436 2913 είς
1449 2882 1498 2917 τὴν
1514 2882 1582 2908 ίδίαν
1594 2882 1738 2917 σύστασιν,
1755 2882 1802 2909 καὶ
