1880 3057
59 173 116 205 717

547 173 743 204 COMMENT.
763 173 803 203 ΙΝ
822 173 940 204 EPIST.
962 173 975 202 Ι
991 173 1040 203 AD
1059 173 1238 204 CORINTII.

1642 178 1694 208 τίδὲ

59 234 103 265 εἰς
130 232 217 268 αὐτὴν
233 232 282 268 τὴν
298 232 344 259 τοῦ
369 231 495 267 σώματος
515 232 561 259 τοῦ
577 232 747 269 ἀνθρωπείου
771 241 854 260 κατα-

924 240 993 267 )ειιιιι
1009 231 1103 260 dicens
1126 234 1187 260 es’se
1202 232 1389 268 Chrysostomi
1402 242 1410 266 ;
1422 238 1449 261 et
1463 233 1556 268 aliam,
1575 234 1644 268 Quia
1662 237 1697 268 is.

60 278 169 313 σκευὴν
196 277 362 313 πλημμελεῖ,
379 277 530 313 ὲνυὸρίζων
552 279 593 310 είς
613 278 643 305 τὸ
658 278 705 305 τοῦ
729 279 853 314 σώματος

59 324 145 359 ἡμῶν
163 324 356 359 ἐργαστήριον.
373 323 428 349 Καὶ
441 323 534 358 ἀλλην·
552 323 614 350 Ὀτι
629 323 708 358 σῶμα
722 323 851 359 Χριστοῦ,

60 371 112 396 καὶ
139 369 212 404 μέλη
228 367 347 404 Χριστοῦ
364 369 439 394 ἐστιν
452 367 465 394 ό
480 367 634 403 ἄνθρωπος.
650 367 684 395 Ὄ
705 366 751 395 οὖν
770 368 810 400 εἰς
824 368 854 395 τδ

60 415 131 442 ἴδιον
144 415 227 450 σῶμα
243 414 421 450 πλημμελῶν,
435 416 475 446 είς
491 414 607 449 Χριστὸν
623 415 788 450 πλημμελεῖ,
803 415 853 450 τήν

60 461 189 496 κεφαλὴν
204 461 294 496 ἡμῶν,
320 458 349 488 οὗ
374 460 421 487 καὶ
436 461 499 492 ναός
522 461 580 487 ἐστι
605 461 634 488 τὺ
663 461 752 497 σῶμα.
775 461 853 488 Μετὰ

60 507 179 533 πάντων
204 507 250 533 καὶ
265 506 350 533 ταῦτα
361 507 436 539 δέξαι
456 507 480 533 εἰ
496 506 585 541 βούλει
603 515 611 522 ·
636 506 747 542 Ἐξᾶραι
761 507 854 543 βουλό-

60 560 149 586 μενος
164 552 194 578 τὸ
204 551 254 586 τῆς
274 552 402 587 πορνείας
420 551 581 588 ἁμάρτημα,
597 552 717 579 τοιοῦτόν
733 561 792 579 τινα
808 553 852 580 λέ-

59 607 105 632 γει
123 598 238 630 σκοπδν,
264 598 305 625 ὅτι
329 598 434 633 μυρίων
459 599 535 631 ἄξιος
551 599 693 634 τιμωριῶν
715 600 729 626 ὀ
745 599 852 636 πόρνος.

64 646 97 672 '0
111 647 170 680 γὰρ
185 645 232 673 τοῦ
247 646 383 682 μολυσμοῦ
394 647 440 673 τοῦ
455 647 554 674 οἰκείου
570 646 696 682 σώματος
712 647 750 683 μὴ
764 647 853 682 φειδόα

61 700 161 726 μενος,
187 692 244 723 πῶς
268 692 348 719 ἀλλον
365 692 506 727 (pateant);
526 693 556 719 Ὀ
571 693 625 728 γὰρ
644 693 735 728 ἑαυτῷ
756 692 851 725 κακὸς,

60 737 117 764 τίισι
136 737 239 773 ἀγαθός
252 745 260 770 ;

101 831 161 859 Kal
192 831 302 864 ἄλλως.
338 830 494 866 Γέγραπται
523 830 587 866 περὶ
614 828 661 857 τοῦ
687 830 783 866 ἀνδρὸς
807 830 853 857 καὶ

60 876 112 911 τῆς
134 876 274 910 γυναικὸς,
291 885 300 902 ι
319 876 443 903 Ἔσονται
452 877 476 903 oi
500 875 547 903 δύο
571 877 610 908 είς
639 876 728 912 σάρκα
749 875 822 911 μίαν.
841 885 849 902 ι

904 278 1004 313 inquit,
1019 278 1065 314 qui
1080 283 1229 312 scortatur,
1253 279 1281 307 in
1297 280 1436 315 propriam
1452 285 1549 316 peccat
1561 281 1677 310 substan
1687 298 1696 304 -

904 323 969 351 tiam
982 327 1010 351 et
1027 324 1054 351 in
1067 324 1153 359 ipsam
1181 324 1294 352 humani
1322 325 1447 360 corporis
1474 325 1668 355 formationem
1687 344 1696 358 ι

904 377 1032 405 injuriam
1047 377 1180 398 exercens
1194 370 1221 397 in
1234 371 1362 406 corporis
1377 371 1464 399 nostri
1489 371 1636 401 ofﬁcinam.
1658 374 1694 402 Et

903 416 1014 444 tertiam
1035 425 1042 443 :
1056 415 1125 449 Quia
1139 423 1240 452 corpus
1253 416 1354 445 Christi
1371 421 1400 445 et
1411 418 1531 446 membra
1547 419 1629 447 homo
1645 425 1696 453 est,

903 462 951 497 qui
965 462 993 489 in
1015 463 1157 498 proprium
1169 468 1264 498 peccat
1275 471 1387 500 corpus,
1401 464 1429 492 in
1444 464 1588 493 Christum
1610 471 1694 501 caput

903 513 1028 537 nostrum
1042 514 1146 544 peccat,
1160 510 1240 546 cujus
1252 510 1334 538 etiam
1357 511 1490 546 templum
1513 517 1556 540 est
1580 520 1696 548 corpus.

905 554 981 582 Inter
1006 555 1100 583 omnia
1117 563 1184 583 vero
1199 560 1226 583 et
1241 556 1301 584 haec
1315 556 1410 592 accipe
1434 557 1456 585 si
1474 558 1583 594 placet:
1598 559 1698 587 Volens

904 600 1085 629 scortationis
1099 600 1201 636 augere
1212 606 1367 636 peccatum,
1382 603 1463 630 talem
1474 604 1630 639 quempiam
1637 612 1698 632 sco-

905 653 971 680 pum
1002 646 1095 679 habet,
1122 654 1223 681 nempe
1248 647 1321 682 quod
1352 648 1506 677 innumeris
1526 649 1627 685 dignus
1653 654 1698 678 est

904 695 1040 718 scortator
1056 692 1219 727 suppliciis:
1233 693 1281 727 qui
1291 693 1366 720 enim
1389 701 1444 721 non
1465 694 1586 723 abstinet
1606 704 1622 723 a
1644 696 1696 725 fm-

905 737 997 764 dando
1014 737 1127 772 proprio
1140 745 1265 773 corpore,
1279 739 1418 774 quomodo
1441 740 1476 768 ab
1498 741 1552 769 alio
1572 741 1696 770 abstine-

905 783 962 810 bit?
977 783 1045 811 Nam
1073 783 1121 818 qui
1138 783 1191 811 sibi
1207 792 1326 820 nequam
1350 790 1404 818 est,
1434 785 1480 813 cui
1505 786 1595 815 bonus
1617 787 1698 815 erit?

940 829 1000 856 Alio
1030 837 1132 865 quoque
1156 830 1241 858 modo.
1273 830 1410 866 Scriptum
1436 835 1479 859 est
1518 833 1552 861 de
1577 833 1638 861 viro
1667 838 1696 862 et

907 875 1025 902 muliere
1041 875 1142 911 ιήῚῙ
1164 884 1173 902 ι
1192 876 1282 904 Erunt
1302 875 1410 904 duo'in
1441 885 1550 907 carnem
1569 887 1662 908 unam.
1682 889 1693 906 ι

67 923 98 948 '0
128 921 176 948 οὖν
196 921 234 957 μὴ
249 922 323 957 νόμῳ
346 922 579 958 ἐπιτετραμμένος
605 922 653 949 καὶ
669 921 734 958 θείῳ
758 922 851 958 γάμῳ,

924 921 958 953 [ui
985 928 1050 956 ergo
1077 929 1134 949 non
1151 921 1210 957 lege
1237 922 1371 951 divinisve
1389 925 1554 961 conjunctus
1581 929 1624 952 est
1649 933 1696 952 nu-

62 968 136 996 ἁλλὰ
152 969 303 1005 πορνεύων,
318 969 376 996 δέον
394 969 466 1005 ἔχειν
486 969 577 1004 τίμιον
594 969 682 1005 γάμον
698 970 746 997 καὶ
761 970 854 1004 κοίτην

63 1018 212 1052 ἀμίαντον,
235 1016 267 1042 ὲκ
289 1015 339 1050 τῆς
363 1015 491 1048 πορνείας
506 1015 614 1050 καὶτῆς
636 1015 713 1042 ἔνθεν
731 1016 855 1050 ἀκαθαρ-

63 1062 141 1094 σίας,
164 1061 300 1097 λνυὸρίζει
314 1061 359 1088 τὸν
383 1060 472 1096 γάμον
488 1060 535 1087 καὶ
556 1059 606 1096 τὴν
621 1061 749 1095 γυναῖκα.
775 1060 805 1088 '0
826 1061 854 1088 δὲ

62 1110 148 1137 τοῦτο
163 1110 258 1142 ποιῶν,
275 1110 314 1141 εἰς
329 1109 393 1136 ἴδιον
410 1109 488 1144 σῶμα
505 1104 667 1144 ἁμαρτάνει,
685 1110 726 1141 είς
741 1109 790 1145 τήν
806 1118 854 1144 γυ-

63 1158 149 1183 ναῖκα
166 1155 341 1191 ἁμαρτάνων,
359 1155 418 1190 ἥτις
434 1154 462 1182 ἓν
487 1155 569 1190 σῶμά
588 1156 646 1182 ἐστι
664 1155 733 1189 μετά
746 1155 793 1182 τοῦ
809 1155 855 1182 ἀν-

62 1203 140 1239 δρός.
156 1202 212 1230 Καὶ
227 1201 306 1237 σῶμά
317 1202 374 1228 ἐστι
391 1201 437 1229 τοῦ
452 1201 559 1237 ἀνδρὸς,
577 1201 645 1229 καθὸ
658 1202 763 1237 πλευρὰ
773 1201 854 1229 αὑτοῦ

65 1251 146 1276 ἔστιν
163 1248 209 1275 καὶ
221 1247 251 1280 ἐξ
264 1247 346 1274 αὐτοῦ
366 1247 482 1283 ἐλήφθη.
503 1248 558 1282 Τὴν
573 1247 733 1275 τελευταίαν
754 1247 855 1283 νομίζω

65 1294 217 1328 καλλίστην
233 1291 312 1320 εἶναι·
330 1293 459 1328 ἀνελλιπῆ
482 1292 536 1329 γὰρ
562 1292 612 1329 τὴν
634 1293 681 1320 τοῦ
697 1293 779 1328 ῥητοῦ
797 1294 854 1321 διὰ-

64 1350 144 1370 νοιαν
159 1340 250 1373 σώζει.
265 1340 429 1376 Εὑρίσκεται
443 1340 498 1375 γὰρ
511 1339 597 1372 οὕτως
611 1349 618 1357 ·
635 1340 693 1367 Πᾶν
704 1340 854 1376 ἁμάρτημα

66 1388 81 1414 ὃ
94 1388 130 1414 ἂν
146 1387 236 1423 πράξῃ
264 1386 421 1422 ἄνθρωπος,
439 1387 516 1418 ὲκτός
528 1387 585 1414 ἐστι
601 1387 648 1422 τῆς
665 1388 733 1422 πρὸς
746 1387 794 1423 τὴν
808 1395 854 1421 γυ·

66 1433 150 1460 ναῖκα
178 1432 299 1468 ὲπιμίξει
326 1432 479 1468 παροινίας,
495 1432 543 1459 καὶ
568 1432 748 1468 ἀκαθαρσίας.
775 1433 804 1460 ’0
827 1433 854 1459 δὲ

67 1479 222 1514 πορνεύων,
244 1479 284 1510 είς
297 1478 348 1514 τὴν
362 1479 479 1512 γυναῖκα
499 1478 662 1515 ἁμαρτάνει,
684 1478 854 1514 ἀκαθαρσίας

66 1523 156 1558 αὐτὴν
173 1523 350 1558 ἁναπιμπλὰς
368 1523 415 1550 καὶ
429 1523 616 1560 αἰσχρότητος.
639 1524 694 1551 Καὶ
709 1523 758 1550 τοῦ
776 1525 854 1559 ἁγίου

72 1569 234 1597 Ἀθανασίου
255 1568 318 1596 ἐστὶ
340 1569 408 1604 πρὸς
426 1568 530 1601 τούτοις
550 1570 650 1597 ἅπασιν
664 1570 806 1606 ἑρμηνεία,
826 1571 854 1597 ἐν
868 1585 889 1615 C

66 1614 107 1649 τῷ
123 1614 194 1648 Περὶ
218 1614 332 1648 σεμνοῦ
350 1613 464 1648 γάμου,
495 1614 541 1640 καὶ
564 1614 630 1650 πρὸς
653 1614 758 1646 τούτοις
784 1615 855 1647 ὅλοις

67 1660 243 1694 ἡρμήνευσεν
258 1658 354 1694 οὕτως·
373 1659 443 1694 Πρὸς
459 1659 646 1695 ἁϐροδιαίτους
663 1660 710 1687 καὶ
724 1661 854 1696 φιλοπαρ-

68 1713 136 1736 κους
153 1704 268 1739 γράφων
284 1704 298 1730 ὁ
315 1704 430 1738 Παῦλος,
446 1706 478 1740 τῇ
500 1706 589 1733 αὐτῶν
609 1705 773 1741 φιλοσαρκίᾳ
796 1714 856 1733 συν-

68 1750 146 1786 εργῷ
165 1750 301 1785 ἐχρήσατο
314 1750 381 1786 πρὸς
396 1750 445 1786 τήν
461 1750 511 1785 τῆς
534 1750 662 1786 πορνείας
679 1750 855 1787 παραίτησιν,

69 1797 151 1823 τοῦτο
164 1795 262 1830 λέγων,
278 1796 319 1822 ὅτι
338 1795 373 1822 τὰ
390 1795 472 1822 λοιπά
492 1795 679 1831 ἁμαρτήματα
696 1794 782 1831 ψυχὴν
797 1795 856 1823 ἀδι-

69 1842 126 1874 κεῖ,
145 1842 194 1869 καὶ
211 1842 250 1873 είς
268 1841 352 1876 αὐτὴν
366 1839 449 1876 μόνην
465 1840 513 1875 τὴν
531 1839 633 1875 βλάϐην
651 1839 831 1875 παραπέμπει
846 1848 852 1855 ·

69 1887 83 1913 ὁ
96 1886 126 1913 δέ
149 1895 182 1921 γε
213 1886 361 1922 πορνεύων,
386 1886 434 1912 σὺν
448 1886 479 1921 τῇ
495 1885 567 1921 ψυχῇ
595 1885 642 1912 καὶ
654 1885 685 1911 τὸ
709 1885 787 1920 σῶμα
798 1886 855 1912 ἀδι-

69 1934 124 1964 κεῖ,
143 1932 264 1968 φθείρων
282 1932 348 1958 αὐτὸ
365 1932 412 1958 καὶ
427 1931 595 1966 ὲκδυναμῶν,
616 1939 664 1958 και
680 1930 725 1958 τδν
738 1931 853 1966 ψυχιχίιν

69 1980 118 2004 καὶ
138 1977 255 2010 ζωτικδν
268 1977 407 2012 καθαιρῶν
420 1977 508 2008 τόνον,
518 1976 554 2009 ὠς
571 1978 594 2004 εί
610 1975 687 2004 εἶπεν
700 1985 707 1992 ·
725 1976 855 2004 Φείσασθε

53 2023 122 2055 ,κᾶν
136 2022 185 2049 τοῦ
211 2021 335 2057 σώματος
355 2021 431 2055 ὑμῶν
458 2022 472 2048 ὂ
495 2022 640 2058 περιέπετε
665 2022 710 2049 καὶ
727 2022 855 2054 θάλπετε,

71 2068 118 2094 καὶ
133 2064 166 2094 οὗ
185 2067 313 2102 πρόνοιαν
335 2067 464 2102 πλείστην
486 2067 617 2094 ποιεῖσθε.
633 2082 666 2088 -
689 2067 770 2104 ΠΟΥ
795 2067 856 2094 ΑΥ-

70 2113 165 2150 ΤΟΥ.]
179 2114 212 2140 Τί
230 2113 295 2147 οῦνς
310 2114 324 2140 ό
338 2113 444 2148 φθόνος,
465 2113 558 2149 φησὶν,
573 2113 604 2140 οὗ
622 2114 701 2150 τήκει
712 2114 742 2140 τὸ
759 2113 855 2149 σῶμα;

70 2159 98 2186 τί
109 2158 157 2186 οὖν
175 2159 260 2195 μόνην
279 2159 328 2195 τὴν
345 2159 473 2194 πορνείαν
492 2159 571 2186 τοῦτο
589 2159 642 2195 φὴς
658 2160 764 2192 ποιετνς
790 2159 857 2186 Δίαν

70 2205 202 2240 ἀσφαλῶς
237 2203 314 2232 εἶπεν
340 2206 354 2232 ὁ
380 2204 553 2237 Ἀπόστολος.
576 2205 644 2240 Φησὶ
669 2205 733 2238 γὰρ,
759 2212 769 2230 ι
800 2204 858 2231 Πᾶν

905 966 981 1001 ptiis,
996 967 1044 994 sed
1056 971 1206 1001 scortatur,
1217 967 1263 995 ubi
1275 976 1345 1004 opus
1356 975 1430 997 esset
1441 970 1631 998 honorandum
1648 971 1696 998 ha-

905 1012 971 1040 bere
1005 1013 1175 1040 eonnubium
1210 1018 1356 1050 torumque
1384 1014 1633 1048 immaculatum",
1661 1023 1696 1043 ex

904 1059 1070 1086 scortatione
1089 1059 1304 1087 etimmunditia
1324 1068 1386 1096 qua:
1418 1060 1482 1089 inde
1503 1061 1630 1097 provenit
1650 1061 1694 1088 in-

902 1103 975 1139 juria
989 1103 1072 1132 allicit
1099 1105 1210 1140 nuptias
1233 1110 1261 1133 et
1287 1113 1412 1135 uxorem.
1448 1106 1501 1140 Qui
1523 1111 1616 1135 autem
1643 1107 1695 1134 hoc

905 1149 980 1181 facit,
989 1149 1016 1176 in
1032 1150 1174 1185 proprium
1187 1158 1289 1186 corpus
1300 1151 1445 1187 delinquit,
1460 1153 1526 1180 dum
1534 1152 1569 1180 «in
1581 1160 1694 1181 uxorem
1719 1148 1732 1152 y

904 1194 1051 1230 delinquit,
1075 1203 1136 1231 quae
1151 1204 1238 1223 unum
1252 1205 1352 1232 corpus
1366 1202 1408 1225 est
1431 1205 1494 1226 cum
1520 1199 1581 1226 viro
1600 1206 1608 1231 ;
1636 1198 1694 1226 imo

904 1248 1005 1276 corpus
1016 1240 1068 1268 viri
1081 1246 1124 1269 est
1140 1241 1283 1270 earatione
1294 1251 1348 1277 qua
1363 1243 1451 1278 ipsius
1465 1243 1538 1272 latus
1553 1249 1596 1272 est
1615 1249 1643 1272 et
1657 1244 1693 1271 ab

904 1292 938 1313 eo
961 1291 1081 1320 sumpta.
1107 1286 1208 1314 llarum
1236 1287 1499 1323 iuterpretationum
1522 1294 1690 1324 postremam

904 1331 1023 1359 arbitror
1048 1339 1111 1359 esse
1137 1332 1362 1367 pulcherrimam.
1391 1334 1488 1362 Servat
1512 1335 1586 1362 enim
1614 1335 1693 1363 verbi

905 1378 1082 1411 sententiam,
1106 1378 1146 1406 sic
1170 1383 1200 1406 ut
1220 1379 1289 1406 nihil
1307 1379 1346 1407 illi
1362 1379 1445 1417 desit,
1463 1380 1589 1416 nihilque
1602 1381 1692 1409 abun-

905 1424 959 1452 det.
986 1424 1053 1452 Nam
1072 1424 1125 1452 hoc
1147 1425 1228 1452 modo
1248 1424 1412 1454 deducitur:
1437 1426 1525 1454 Omne
1549 1432 1693 1462 peccatum

904 1470 1088 1506 quodcunque
1100 1470 1196 1499 fecerit
1212 1471 1304 1504 homo,
1317 1472 1384 1500 illud
1401 1473 1561 1508 operabitur
1589 1473 1694 1509 absque

904 1516 1071 1544 contumelia
1087 1524 1119 1544 ac
1132 1516 1305 1545 immunditia
1319 1525 1379 1552 qua:
1390 1517 1421 1545 ﬁt
1439 1518 1466 1545 in
1483 1526 1616 1553 uxorem:
1644 1520 1691 1554 qui

905 1568 997 1591 autem
1008 1567 1157 1596 scortatur,
1171 1564 1199 1591 in
1217 1571 1329 1591 uxorem
1344 1568 1450 1599 peccat,
1469 1565 1644 1593 immunditia
1657 1574 1692 1594 ac

907 1609 1076 1644 turpitudine
1089 1609 1175 1644 ipsam
1205 1609 1323 1644 replens.
1347 1610 1449 1637 Prteter
1463 1610 1521 1638 hazc
1530 1611 1621 1638 omnia
1635 1611 1692 1639 divi

907 1662 1016 1690 quoque
1029 1655 1171 1682 Athanasii
1185 1655 1480 1690 daturinterpretatio,
1495 1655 1542 1690 qui
1565 1655 1593 1683 in
1619 1656 1692 1684 libro

906 1700 945 1728 De
956 1701 1112 1729 venerandi;
1121 1701 1232 1737 nuptiis,
1252 1701 1323 1728 ultra
1338 1700 1388 1729 ista
1400 1701 1491 1729 omnia
1506 1701 1543 1729 ita
1555 1701 1690 1737 interpre-

907 1750 982 1775 tatus
991 1751 1045 1775 est:
1056 1747 1096 1776 Ad
1107 1747 1239 1775 delicatos
1251 1755 1282 1775 ac
1293 1747 1482 1783 voluptuarios
1493 1747 1616 1776 scribens
1625 1749 1691 1776 Pau-

908 1793 952 1821 lus
982 1793 1084 1822 auxilio
1095 1794 1276 1830 voluptuariae
1301 1802 1397 1822 eorum
1421 1794 1483 1822 vitae
1512 1802 1576 1822 usus
1596 1795 1691 1823 estad

907 1839 1082 1867 scortationis
1094 1839 1295 1874 depulsionem,
1313 1839 1367 1867 hoc
1385 1840 1489 1873 dicens,
1505 1840 1578 1876 quod
1592 1844 1691 1868 caetera

907 1888 1018 1919 peccata
1032 1885 1151 1912 animam
1164 1885 1264 1921 injuria
1274 1884 1405 1917 alliciunt,
1421 1890 1449 1913 et
1469 1885 1496 1913 in
1509 1885 1593 1913 solam
1605 1886 1690 1921 ipsam

908 1934 1105 1958 nocumentnm
1114 1930 1304 1958 transmittunt
1316 1939 1324 1963 ;
1337 1930 1384 1965 qui
1397 1937 1462 1957 vero
1475 1934 1692 1962 scortatur.cor-

909 1982 960 2010 pus
977 1982 1030 2002 una
1041 1982 1103 2002 cum
1113 1974 1204 2002 anima
1217 1974 1299 2002 aﬂicit
1315 1975 1425 2011 injuria,
1434 1982 1614 2010 corrumpens
1622 1975 1691 2002 illud

908 2029 942 2048 ac
961 2020 1127 2053 debilitans,
1152 2024 1180 2048 et
1208 2020 1352 2048 animalem
1374 2028 1405 2048 ac
1426 2021 1536 2048 vitalem
1563 2021 1693 2049 auferens

909 2067 1030 2102 vigorem
1053 2066 1092 2092 Ac
1106 2066 1129 2093 si
1142 2066 1256 2094 dixisset
1271 2074 1278 2092 ε
1303 2066 1409 2094 Parcite
1424 2066 1466 2093 vel
1478 2066 1587 2102 corpori
1600 2071 1692 2094 vestro

909 2113 982 2147 quod
990 2112 1116 2139 ercoutis
1127 2119 1160 2139 ac
1174 2111 1281 2142 levetis.
1296 2115 1322 2139 et
1338 2111 1417 2147 cujus
1432 2119 1566 2139 summam
1583 2112 1693 2140 habetis

910 2157 1056 2185 rationees.
1068 2172 1094 2178 —
1115 2156 1186 2191 Quid
1203 2165 1268 2192 ergo
1282 2157 1294 2184 ἲ
1312 2165 1404 2184 annon
1421 2161 1450 2184 et
1467 2157 1569 2185 invidia
1592 2165 1693 2193 corpus

910 2199 1112 2229 maceraticur
1124 2208 1191 2236 ergo
1210 2201 1295 2228 solam
1326 2200 1519 2228 scortationem
1546 2200 1616 2228 dicis
1642 2201 1694 2228 hoc

71 2251 226 2286 ἁμάρτημα
239 2251 253 2277 ὃ
262 2251 310 2278 ἐὰν
322 2252 430 2286 ποιήσει
444 2250 597 2286 ἄνθρωπος,
612 2249 689 2281 ἐκτὸς
705 2249 751 2276 τοῦ
766 2248 855 2284 σῶμα·

924 2246 1022 2274 acere?
1034 2246 1121 2274 Caute
1139 2245 1286 2273 admodum
1302 2246 1410 2273 locutus
1420 2250 1462 2273 est
1488 2245 1644 2281 Apostolus.
1659 2245 1694 2273 At

72 2297 114 2328 τός
142 2298 235 2323 ἐστιν·
265 2305 275 2323 ι
305 2296 319 2322 ό
336 2296 364 2323 δὲ
389 2296 485 2331 φθόνος
505 2296 535 2322 οὑ
551 2295 654 2330 γίνεται
679 2295 745 2330 παρ’
766 2294 854 2329 ἡμῶν,

72 2341 293 2377 ἀλλ’ὲνεργετται
320 2342 359 2373 είς
372 2341 446 2377 ἡμᾶς
463 2349 470 2356 ·
491 2341 633 2376 πάσχομεν
648 2340 702 2376 γὰρ
717 2359 724 2373 ,
741 2340 799 2367 ἀλλ’
825 2340 855 2366 οὐ

75 2388 206 2422 ποιοῦμεν
219 2387 265 2414 τὸν
275 2387 381 2422 φθόνον,
394 2387 440 2414 καὶ
454 2387 538 2419 πάθος
551 2388 634 2420 ἐστὶν,
647 2386 705 2414 ἀλλ’
715 2386 766 2413 οὐκ
781 2385 856 2421 ἐνέρ-

74 2443 146 2467 γεια,
163 2434 228 2470 περὶ
244 2434 383 2469 ἐνεργείας
398 2433 426 2460 δὲ
441 2433 488 2460 νῦν
505 2433 518 2459 ὸ
528 2434 605 2467 λόγος
618 2433 656 2468 τῷ
676 2431 830 2467 Ἀποστόλῳ
847 2439 854 2446 ·

75 2480 139 2513 φησι
154 2479 234 2513 γάρ,ι
248 2479 305 2505 Πᾶν
320 2478 469 2514 ἁμάρτημα
482 2478 497 2504 ὃ
511 2478 559 2504 ἐὰν
573 2478 671 2513 ποιήσῃ
686 2477 855 2512 ἄνθρωπος»

75 2525 103 2550 οὔ
120 2525 174 2560 μὴν
199 2525 264 2560 περὶ
281 2524 394 2556 πάθους.
418 2538 453 2544 —-
468 2523 587 2556 Ἄλλως
605 2522 702 2558 [ΦΩΤ.]
716 2522 787 2550 Αὐτὸ
810 2530 855 2556 με·

78 2569 145 2602 ρίῖει
159 2569 189 2595 τι
208 2569 272 2596 ἴδιον
281 2569 369 2603 σῶμα,
383 2569 430 2596 καὶ
442 2568 481 2599 είς
495 2569 603 2600 ἑαυτὸν,
620 2567 677 2594 ἀλλ’
691 2567 741 2594 οὐκ
757 2568 796 2599 είς
811 2567 856 2594 άλ-

76 2613 120 2640 λον
142 2614 192 2649 τὴν
209 2613 316 2641 ἀδικίαν
333 2614 529 2646 ἐπιδείκνυται,
547 2613 616 2648 ὅπερ
637 2612 680 2639 ἐπ’
699 2612 786 2639 οὐδενὶ
805 2612 858 2639 τῶν

78 2660 162 2686 ἄλλων
178 2661 253 2687 ἐστιν
268 2660 356 2696 εὑρεῖν
377 2659 592 2696 ἁμαρτημάτων.
611 2658 714 2690 Πάντες
735 2658 788 2693 γάρ
810 2657 857 2685 ἄλ-

77 2705 138 2738 λους
155 2706 318 2741 βλάπτοντες
335 2706 549 2742 ἁμαρτάνουσιν,
567 2705 582 2732 ὁ
595 2705 623 2732 δὲ
637 2704 786 2741 πορνεύων,
799 2705 860 2731 ἑαυ-

77 2751 122 2778 τὸν
136 2752 262 2787 βλάπτων
271 2753 319 2779 καὶ
333 2751 663 2784 κακοποιῶν.-Ἀλλως.
683 2751 714 2777 'H
729 2751 860 2784 ἱπαγωγὴ

79 2798 196 2826 δείκνυσι
209 2799 258 2834 τὴν
268 2798 372 2826 ἔννοιαν
383 2797 430 2826 τοῦ
442 2797 661 2833 προτεταγμένον
673 2796 755 2832 αὐτῆς
768 2795 860 2832 ῥητοῦ·

129 2877 150 2892 "
167 2876 250 2905 llcbr.
264 2885 323 2910 xm,
341 2878 366 2904 4.

908 2292 983 2320 enim
1001 2302 1009 2317 ι
1026 2291 1111 2320 Omne
1134 2296 1276 2326 peccatum
1303 2292 1485 2327 quodcunque
1498 2291 1594 2319 fecerit
1611 2291 1693 2319 homo

909 2342 984 2366 extra
998 2345 1099 2372 corpus
1110 2341 1171 2370 est;
1190 2346 1199 2363 ι
1220 2337 1322 2365 invidia
1355 2345 1420 2365 vero
1449 2345 1504 2365 non
1528 2337 1557 2365 fit
1570 2345 1585 2365 a
1599 2337 1691 2370 nobis,

910 2383 958 2411 sed
974 2384 1001 2410 in
1015 2391 1066 2410 nos
1084 2383 1211 2411 ellicitur.
1239 2383 1361 2411 Patimur
1377 2383 1450 2411 enim
1468 2388 1496 2411 et
1508 2391 1563 2411 non
1587 2384 1694 2419 agimus

909 2427 1051 2460 invidiam,
1067 2428 1212 2463 passioque
1229 2432 1271 2456 est
1285 2432 1312 2455 et
1333 2435 1387 2456 non
1401 2428 1472 2456 actio
1489 2437 1496 2456 :
1515 2436 1590 2457 nunc
1600 2433 1692 2457 autem

907 2473 941 2501 de
951 2473 1060 2501 actione
1071 2481 1227 2502 sermonem
1239 2473 1305 2501 facit
1315 2474 1469 2509 Apostolus,
1485 2478 1511 2502 et
1521 2482 1692 2511 nequaquam

907 2520 941 2547 de
952 2520 1089 2555 passione.
1107 2519 1150 2547 Ait
1161 2519 1252 2548 enim:
1275 2529 1284 2545 ι
1298 2519 1385 2548 Omne
1399 2524 1542 2555 peccatum
1551 2521 1694 2556 quodcun-

907 2573 961 2601 que
972 2565 1069 2593 fecerit
1085 2565 1177 2594 homo.
1199 2575 1208 2591 ι
1222 2580 1257 2587 -
1272 2565 1331 2594 Alio
1340 2566 1427 2594 modo.
1438 2566 1529 2601 Ipsum
1541 2574 1620 2593 suum
1630 2574 1693 2594 cor-

908 2619 961 2647 pus
973 2611 1083 2644 dividit,
1104 2611 1171 2639 etin
1186 2611 1307 2647 seipsum
1334 2619 1389 2639 non
1423 2611 1450 2639 in
1473 2611 1556 2639 alium
1583 2615 1693 2638 exercet

910 2656 1087 2692 iniustitiam,
1101 2658 1175 2692 quod
1193 2657 1228 2686 de
1247 2658 1323 2686 nullo
1341 2658 1458 2686 aliorum
1481 2657 1619 2685 invenitur
1628 2663 1693 2692 pee-

911 2707 1046 2731 calorum.
1062 2703 1164 2731 Omnes
1178 2703 1251 2731 enim
1267 2704 1328 2732 aliis
1339 2707 1534 2732 nocumentum
1549 2702 1693 2730 inferendo

915 2753 1030 2784 peccant
1048 2758 1054 2776 :
1071 2750 1118 2784 qui
1134 2756 1199 2778 vero
1208 2755 1345 2778 scortntur
1361 2750 1413 2777 sibi
1432 2749 1483 2784 ipsi
1498 2752 1588 2780 nocet,
1610 2748 1693 2779 malo-

919 2803 972 2828 que
1002 2793 1094 2822 aliicit.
1104 2808 1139 2815 —
1155 2795 1216 2823 Alio
1229 2796 1313 2823 modo.
1328 2795 1458 2823 Deductio
1471 2794 1604 2828 prarmissi
1617 2794 1691 2824 verbi
