1880 3057
212 173 266 205 7‘10

735 177 943 208 (ECUMENII
964 178 1111 211 ΤΒῙΟΟιῈ
1131 182 1303 214 EPlSCOPI

1793 190 1840 222 730

198 235 295 263 dalem
314 233 437 261 ostendit
457 241 517 261 esse
529 234 697 260 intellectum
715 243 720 260 :
738 233 767 260 ln
779 234 922 269 proprium
939 244 980 263 cot

1071 239 1180 275 οιαύτην
1194 238 1264 268 εἶναι
1278 251 1285 258 ·
1297 243 1344 274 Εἰς
1360 242 1390 270 τὸ
1413 243 1478 270 ἴδιον
1502 243 1582 279 σῶμα
1598 244 1765 280 ἁμαρτάνει,
1789 245 1838 274 οἷον

209 289 260 316 pus
270 284 374 315 peccat,
391 279 472 316 472
494 280 547 307 hoc
563 284 614 310 est,
632 279 659 306 in
676 279 764 314 ipsum
786 281 929 315 proprium
944 281 983 309 Do

201 327 275 354 mini
291 333 400 361 corpus.
413 326 522 353 Etenim
534 325 674 361 subjungit
691 335 717 352 ει
735 327 775 353 An
793 326 906 354 nescitis
927 327 1000 362 quod

204 381 324 408 corpora
337 377 427 400 vestra
447 372 580 407 templum
595 377 659 399 sunt
677 373 799 407 Spiritus
820 373 908 400 sancti
923 382 930 406 ;
950 382 958 399 ι
972 378 1001 401 et

212 427 324 446 rursum
344 427 351 445 :
370 428 381 444 ι
397 418 431 445 Et
446 426 501 446 non
512 418 580 446 estis
591 416 765 454 vestrijuris;
779 423 806 446 et
822 420 904 454 paulo
915 424 997 448 ante:

206 476 220 492 ν(
243 467 284 493 An
297 465 411 493 nescitis
422 465 496 500 quod
526 472 642 500 corpora
667 470 760 493 vestra
785 466 908 494 membra
934 470 999 493 sunt

207 514 329 542 Christi?
344 524 353 540 ι
366 522 533 549 rursumque
559 522 569 541 τ
595 523 604 540 ι
621 514 692 541 Num
706 514 789 550 igitur
806 515 904 542 tollens
912 522 998 542 mein-

207 562 256 588 hra
268 561 420 588 Christi...?
436 570 444 586 )
467 561 562 595 Itaque
575 560 599 588 is
609 561 656 595 qui
680 565 828 592 scorlalur,
842 561 868 587 in
886 561 996 595 propria

204 605 445 634 Chrislimemhra
472 609 500 633 ct
539 606 567 632 in
601 605 688 640 ipsius
710 613 811 641 corpus
849 605 995 640 delinquit.

204 652 275 686 Quid
288 652 374 688 ergo?
388 652 478 687 inquit
490 661 497 678 ε
508 652 553 687 qui
568 651 595 679 in
614 651 720 679 caeteris
731 651 895 686 delinquunt
911 651 995 683 vitiis,

204 706 298 725 annon
325 697 503 733 etipsijuxta
518 697 646 724 eumdem
662 705 817 724 sermonem
836 697 863 724 in
893 697 996 724 Christi

204 753 306 780 corpus
318 744 507 779 delinquunt?
521 744 556 771 Et
568 743 687 771 dicimus
697 743 771 778 quod
787 751 841 771 non
856 751 889 771 eo
903 743 996 771 modo.

201 794 365 827 Quanquam
378 791 453 818 enim
475 790 498 818 is
506 790 554 825 qui
567 789 684 823 furatur,
695 795 742 817 aut
756 789 803 824 qui
815 789 995 817 homicidium

203 838 422 871 committit,'per
431 835 542 871 aliquod
559 835 715 863 membrum
741 840 884 870 peccaturo
902 835 993 868 iaciat,

203 887 231 910 at
241 891 299 910 non
318 883 407 918 ipsum
418 881 583 914 metnbrum,
598 881 646 909 sed
666 886 742 909 extra
755 882 822 909 etin
836 881 993 916 quempiam

202 930 287 957 alium
298 933 428 965 operatur
442 929 542 956 malum
554 937 560 955 :
571 928 618 963 qui
633 936 698 955 vero
712 932 859 960 scertatur,
873 935 922 963 per
937 927 996 963 ipsa
1013 920 1035 948 Β

202 983 311 1011 quoque
322 975 445 1002 membra
457 975 528 1002 sicut
547 978 574 1001 et
590 974 640 1007 illi,
665 977 694 1000 et
707 973 734 1000 in
748 981 797 1000 sua
813 973 935 1000 membra
951 976 994 1000 to-

202 1027 317 1057 tumque
331 1028 430 1055 corpus
444 1024 638 1047 nocumentum
651 1018 817 1054 etinjuriam
833 1018 992 1045 committit.

200 1069 293 1096 —Alio
303 1069 388 1095 modo.
398 1068 458 1095 Non
467 1066 707 1101 dixit,Percorpus
715 1071 821 1101 peccat,
833 1065 905 1100 quod
915 1065 992 1092 multi

199 1115 398 1147 existimantes,
432 1113 572 1149 negotium
606 1112 744 1139 facessunt
771 1111 992 1147 interpretibus,

200 1161 247 1188 sed
263 1171 271 1187 ι
287 1161 313 1187 In
324 1158 466 1195 proprium
478 1166 579 1194 corpus
595 1162 718 1193 peccat,»
732 1158 760 1184 in
776 1157 865 1193 ipsum
878 1158 990 1190 labitur,

201 1209 291 1243 ipsum
302 1206 438 1241 inquinat,
457 1206 546 1240 ipsum
560 1203 652 1231 reddit
683 1203 990 1231 detestandum.'Veluti

201 1255 225 1282 si
238 1254 301 1289 quis
317 1253 408 1280 dicat:
425 1251 541 1285 Quidam
555 1252 676 1286 seipsum
706 1250 806 1285 injuria
819 1250 901 1277 allicit
924 1249 989 1277 dum

198 1301 316 1328 alterum
331 1302 408 1334 putat
433 1297 533 1334 injuria
545 1297 661 1324 allicere.
676 1297 756 1325 Nunc
774 1297 847 1323 enim
877 1296 989 1331 respicit

199 1346 322 1381 Apostoli
337 1352 427 1372 sermo
438 1352 493 1371 non
511 1343 682 1378 supplicium,
702 1343 776 1378 quod
790 1347 884 1377 postea
896 1342 988 1377 sequi-

199 1397 245 1420 tur
261 1395 415 1426 peccatum,
433 1389 481 1418 sed
494 1388 623 1425 injuriam
639 1397 698 1424 qua:
710 1389 737 1416 in
765 1388 824 1424 ipso
849 1396 932 1423 opere
953 1388 989 1415 ‘lit

201 1439 311 1473 corpori
323 1445 356 1465 ex
372 1437 444 1464 coitu
471 1443 615 1470 vemreo':
645 1435 698 1463 hoc
723 1440 775 1467 est,
797 1435 985 1463 ftedationem.

200 1484 343 1519 Siquidem
358 1483 404 1518 qui
417 1483 596 1510 homicidium
612 1486 764 1517 perpetrat,
784 1482 867 1509 alium
892 1481 988 1509 interi-

200 1531 250 1558 mit
264 1538 271 1557 :
284 1530 331 1565 qui
346 1537 412 1556 vero
427 1533 564 1556 scortatur
577 1528 698 1563 seipsqu
714 1528 814 1563 injuria
834 1527 925 1555 allicit.
952 1527 987 1555 Et

1052 286 1092 318 εἰς
1119 287 1196 319 αὐτὸ,
1222 289 1298 323 φησὶ,
1314 289 1344 315 τὸ
1362 289 1427 317 ἴδιον
1450 290 1498 317 τοῦ
1522 291 1661 318 Δεσπᾶτου
1679 292 1771 327 σῶμα.
1790 293 1839 321 Καὶ

1051 332 1105 368 γὰρ
1130 334 1238 368 ἐπάγει,
1262 345 1275 369 «-
1292 336 1327 362 Ἦ
1347 336 1397 363 οὐκ
1412 336 1501 363 οἴδατε
1517 337 1558 364 ὅτι
1575 338 1609 364 τὰ
1623 338 1741 373 σώματα
1769 340 1839 375 ὑμῶν

1051 379 1113 412 ναὸς
1127 380 1174 407 τοῦ
1186 381 1264 414 ἁγίου
1281 382 1441 418 Πνεύματός
1455 383 1531 416 tam;
1552 393 1560 409 ι
1582 384 1629 411 καὶ
1644 385 1739 412 πάλιν·
1763 395 1772 411 ι
1792 387 1840 413 Καὶ

1050 427 1100 453 οὐκ
1112 427 1173 453 ἐστὲ
1190 428 1296 454 ἑαυτῶν
1313 437 1320 444 ·
1343 437 1352 454 ι
1372 429 1419 456 καὶ
1431 431 1484 462 πρὸ
1504 429 1629 465 βραχέοςο
1649 440 1658 457 ι
1679 432 1738 458 Οὐκ
1753 432 1838 459 οἴδατε

1049 473 1090 500 ὅτι
1116 473 1150 500 τὰ
1174 475 1287 510 σώματα
1314 475 1486 512 ὺμῶνίμέλη
1514 477 1632 512 Χριστοῦ
1657 478 1735 511 ἐστις
1765 487 1776 504 ι
1796 479 1840 506 καὶ

1049 521 1141 547 πάλιν·
1163 531 1172 547 ι
1192 522 1280 556 Ἀρας
1296 520 1342 549 οὖν
1359 522 1393 549 τὰ
1403 523 1472 558 μέλη
1487 523 1535 550 τοῦ
1546 524 1715 558 Χριστοῦ...;
1732 534 1743 551 ι
1762 526 1838 552 Ὠπε

1048 568 1062 594 ὁ
1076 568 1228 604 πορνεύων,
1243 570 1284 601 είς
1298 569 1332 596 τὰ
1350 569 1403 597 ἴδια
1420 570 1488 606 μέλη
1501 570 1547 597 τοῦ
1559 571 1679 607 Χριστοῦ
1694 573 1744 599 καὶ
1759 574 1799 604 εἰς
1811 574 1839 599 τὸ

1048 614 1128 649 σῶμα
1154 615 1237 642 αὐτοῦ
1262 615 1430 651 πλημμελεῖ.
1447 616 1480 643 Ti
1501 615 1564 650 05v;
1584 618 1678 653 φησίν.
1695 619 1728 645 Οί
1747 619 1839 651 λοιπὰς

1049 660 1272 696 πλημμελοῦντες
1289 663 1438 697 ἁμαρτίας,
1456 663 1516 698 οὐχὶ
1531 665 1602 691 κατὰ
1618 664 1716 701 τοῦτον
1735 665 1784 692 τὸν
1797 665 1838 692 λό-

1046 715 1094 741 γον
1109 708 1156 734 καὶ⁸
1175 708 1252 735 αὐτοὶ
1272 709 1311 740 είς
1335 708 1366 736 τὸ
1383 709 1429 736 τοῦ
1455 709 1574 745 Χριστοῦ
1603 704 1683 745 σῶμα
1711 711 1837 746 πλημμε-

1046 753 1140 788 λοῦσις
1158 755 1213 781 Καί
1227 764 1328 790 φαμεν,
1345 756 1386 782 ὅτι
1407 756 1456 792 οὐχ
1474 756 1571 788 οὔτως.
1595 757 1627 784 Et
1652 757 1706 792 γὰρ
1730 759 1780 784 καὶ
1797 758 1839 784 διὰ

1044 808 1117 831 τινος
1138 800 1235 835 μέλους
1256 801 1270 828 ὁ
1294 801 1417 828 κλέπτων
1437 802 1453 837 ἢ
1477 802 1598 837 φονεύων
1624 803 1674 838 τὴν
1698 804 1837 839 ἁμαρτίαν

1045 847 1127 878 ποιεῖ,
1147 846 1205 873 ἀλλ’
1219 847 1279 881 οὐχὶ
1295 847 1335 878 εις
1350 847 1380 874 τὸ
1392 848 1475 874 αὑτοῦ
1495 849 1586 883 μέλος,
1607 849 1665 875 ἀλλ’
1677 849 1769 882 ἐκτὸς,
1792 851 1838 876 καὶ

1047 893 1087 922 εἰς
1102 891 1182 919 ἄλλον
1200 893 1261 919 τινὰ
1275 895 1436 928 κακουργεῖ.
1462 893 1491 920 'O
1505 894 1534 921 δέ
1558 895 1709 930 πορνεύων,
1727 896 1778 922 καὶ
1795 895 1837 922 διὲ

1047 937 1102 964 τῶν
1112 937 1212 973 μελῶν,
1226 939 1319 975 ὥσπερ
1328 939 1438 971 ἐκεῖνοι,
1452 940 1500 967 καὶ
1511 942 1551 973 είς
1563 941 1645 967 αὑτοῦ
1659 942 1692 968 τὰ
1706 941 1777 977 μέλη
1792 942 1837 968 καὶ

1046 984 1107 1012 ὅλον
1134 984 1165 1011 τὸ
1181 984 1263 1020 σῶμα
1283 985 1333 1021 τὴν
1358 985 1460 1021 βλάϐην
1482 987 1530 1014 καὶ
1545 987 1595 1022 τὴν
1611 987 1719 1015 ἀδικίαν
1735 988 1835 1015 ἐπιδεί-

1046 1041 1136 1060 κνυσι.

1082 1079 1205 1111 Ἄλλως.
1229 1078 1285 1105 Οὐκ
1305 1075 1377 1113 εῖπε,
1393 1079 1443 1106 Διὰ
1459 1079 1505 1106 τοῦ
1527 1079 1655 1115 σώματος
1669 1081 1835 1116 ἁμαρτάνει,

1045 1125 1112 1160 ὅπερ
1140 1125 1164 1152 οι
1192 1125 1283 1151 πολλοὶ
1308 1124 1475 1160 νομίζοντες,
1501 1126 1653 1162 πράγματα
1682 1128 1834 1164 παρέχουςι

1044 1171 1101 1202 τοῖς
1125 1171 1333 1205 ἑρμηνεύουσιν,
1360 1171 1429 1203 ἀλλ’,
1447 1171 1495 1203 Εἰς
1520 1172 1585 1199 αὐτὸ
1603 1173 1769 1208 ἁμαρτάνει,
1794 1175 1835 1205 εἰς

1045 1216 1110 1242 αὐτὸ
1124 1216 1246 1251 σφάλλει,
1264 1217 1329 1244 αὐτὸ
1343 1217 1461 1252 μολύνει.
1479 1218 1544 1245 αὐτὸ
1561 1219 1657 1253 ἐναγὲς
1672 1220 1833 1254 ἀποφαίνει·

1043 1263 1080 1294 ὡς
1096 1262 1129 1289 ἄν
1139 1262 1184 1294 τις
1196 1263 1277 1295 εἴποι,
1288 1263 1317 1290 '0
1330 1263 1402 1290 δεῖνα
1417 1264 1513 1290 ἐαυτὸν
1526 1264 1729 1299 ὕϐρίζει,ἇλ).ον
1742 1266 1834 1292 δοκῶν

1044 1308 1172 1344 ὑϐρίζειν.
1189 1309 1245 1335 Νῦν
1260 1310 1314 1344 γὰρ
1328 1309 1423 1344 βλέπει
1436 1310 1474 1346 τῷ
1495 1310 1648 1346 ’Λποστὸλῳ
1666 1313 1679 1338 ὁ
1696 1312 1786 1345 λόγος,
1803 1314 1833 1339 οὗ

1043 1354 1110 1390 πρὸς
1123 1355 1172 1390 τὴν
1182 1356 1250 1390 μετὰ
1259 1356 1344 1382 ταῦτα
1356 1355 1491 1392 ἐψομένην
1506 1356 1544 1392 τῷ
1555 1357 1737 1393 ἁμαρτήματι
1748 1367 1834 1394 τιμω-

1043 1401 1114 1437 ρίαν,
1122 1401 1190 1428 ἀλλὰ
1198 1402 1265 1437 πρὶς
1272 1402 1321 1437 τὴν
1331 1403 1360 1429 ἐν
1371 1404 1404 1438 τῇ
1413 1402 1510 1438 πράξει
1519 1403 1666 1439 γινομένην
1673 1404 1713 1439 τῷ
1723 1404 1833 1439 σώματι

1041 1449 1074 1474 ἐκ
1082 1447 1131 1482 τῆς
1154 1447 1316 1484 συμπλοκῆς
1331 1448 1418 1484 ὓϐριν,
1435 1449 1557 1476 τουτέστι
1575 1450 1620 1476 τὸν
1636 1450 1785 1486 μολυσμόν.
1805 1452 1832 1477 '0

1041 1494 1091 1529 μὲν
1098 1495 1151 1529 γὰρ
1158 1495 1288 1528 φονεύων,
1297 1495 1376 1523 ἄλλον
1384 1495 1500 1530 φονεύει,
1511 1496 1524 1522 ὸ
1535 1496 1562 1523 δὲ
1574 1497 1724 1531 πορνεύων,
1734 1498 1833 1525 ἑαυτὸν

1040 1540 1209 1575 καθυϐρίζει.
1232 1541 1286 1567 Καὶ
1314 1541 1328 1567 ὁ
1354 1541 1388 1568 τά
1403 1541 1469 1568 ἄλλα
1495 1542 1661 1577 πταίσματα
1682 1543 1765 1578 δρῶν,
1790 1545 1833 1576 είς

195 1577 242 1612 qui
255 1580 353 1604 cmtera
369 1580 498 1610 operatur
507 1580 628 1610 peccata,
646 1574 672 1601 in
689 1574 741 1601 alia
758 1579 898 1608 operatur,
911 1580 980 1600 scor-

1071 1586 1104 1613 λα
1120 1574 1181 1622 δρᾷ,
1196 1588 1209 1613 ὁ
1219 1586 1247 1613 δὲ
1260 1587 1410 1621 λαγνεύων,
1421 1587 1516 1614 ἑαυτὸν
1532 1574 1720 1624 καταισχδνει,
1733 1574 1832 1617 ἐαυτὸν

195 1627 269 1650 lator
282 1625 376 1648 autem
393 1621 515 1655 seipsum
536 1619 687 1655 pudefacit,
706 1620 827 1653 seipsum
848 1619 984 1654 inquinat.

191 1667 275 1697 Unde
291 1666 550 1698 etiamabluuntur,
571 1673 604 1692 eo
615 1665 688 1699 quod
715 1665 866 1692 l'tedilatem
885 1664 986 1692 intelli-

195 1717 271 1749 gant,
293 1717 320 1740 et
335 1713 534 1740 absurditalem
549 1711 754 1738 abomincntur.
768 1711 875 1738 Etenim
887 1715 986 1738 caetera

194 1761 295 1788 delicta
307 1760 334 1786 in
343 1767 407 1787 eutn
421 1759 505 1786 etiam
521 1757 673 1792 respiciunt
684 1757 731 1791 qui
742 1756 841 1792 injuria
850 1756 984 1790 allicitur;

196 1807 251 1834 hoc
265 1811 356 1834 autern
368 1805 395 1832 in
412 1812 474 1832 eum
492 1803 538 1838 qui
555 1803 637 1830 allicit
653 1803 763 1837 injuria.
787 1802 891 1831 Caetera
908 1807 984 1830 extra

194 1861 296 1888 corpus
307 1856 372 1880 sunt
381 1850 517 1881 facientis,
531 1849 583 1876 hoc
593 1849 720 1883 inquinat
731 1848 818 1883 ipsum
827 1847 983 1875 facientem.

143 1906 147 1910 ·
192 1898 222 1926 lu
238 1898 345 1925 caeteris
359 1896 428 1923 alios
437 1894 536 1930 injuria
555 1893 647 1927 allicit,
663 1894 692 1920 in
723 1892 890 1921 seortatione
916 1901 984 1922 vero

190 1951 324 1979 seipsum.

228 1990 307 2024 Quod
318 1990 340 2016 si
354 1989 505 2016 scentulum
515 1988 615 2023 aperiri
634 1988 684 2016 tibi
699 1988 768 2015 velis
778 1988 891 2021 ostium,
916 1995 983 2015 con-

190 2036 284 2064 sidera
294 2035 378 2070 quod,
391 2042 452 2061 cum
468 2034 626 2068 frequenter
636 2033 742 2061 homini
753 2034 890 2061 laboranti
907 2033 984 2061 dele‘

191 2087 237 2110 ctu
253 2087 300 2109 aut
317 2081 419 2108 delicto
432 2081 506 2116 quod
518 2081 598 2108 venia
614 2080 727 2115 dignum
741 2084 792 2112 est,
804 2080 983 2108 adhortantes

190 2128 315 2156 dicamus
332 2127 484 2159 z—Frater,
499 2126 609 2154 discede
625 2126 659 2153 ab
673 2125 725 2153 hoc
739 2125 835 2152 morbo
842 2124 889 2160 qui
904 2129 984 2153 uete-

189 2175 229 2203 ris
238 2175 368 2203 omnibus
378 2174 455 2209 pejor
468 2178 521 2206 est,
537 2188 571 2193 —-
585 2180 640 2200 non
658 2171 731 2207 quod
748 2180 843 2199 omnes
855 2171 980 2205 excedat,

189 2223 236 2251 sed
248 2222 321 2258 quod
352 2221 386 2249 ab
399 2221 445 2248 illo
462 2228 572 2255 quoque
584 2220 702 2247 velimus
725 2219 814 2254 ipsum
833 2219 955 2254 separari
971 2227 979 2245 :

188 2269 260 2296 forte
295 2268 377 2295 etiam
417 2266 566 2301 Apostolus
591 2266 625 2293 de
653 2270 749 2300 stupro
781 2265 834 2292 hoc
855 2264 979 2297 dixerit,
997 2267 1019 2295 ι)
1041 2279 1202 2311 umnam;

188 2319 217 2342 et
229 2313 345 2349 cupiens
358 2321 422 2340 eum
435 2312 482 2347 qui
494 2312 565 2346 apud
578 2311 737 2339 Corinthios
746 2316 882 2339 scortatus
890 2311 979 2338 fuerat

188 2364 294 2387 castum
309 2367 379 2390 esse,
394 2359 422 2386 in
439 2359 509 2385 hanc
517 2359 610 2393 erupit
626 2365 733 2386 vocem.

224 2414 254 2441 Si
268 2421 333 2441 vero
353 2417 381 2440 et
406 2413 529 2444 tertium,
551 2411 632 2448 473
655 2411 776 2447 intellige
803 2412 877 2448 quod
906 2411 978 2440 sicut

188 2460 212 2487 is
221 2459 267 2494 qui
282 2458 403 2486 triticum
420 2461 467 2484 aut
479 2458 553 2484 aliud
566 2465 658 2485 semen
673 2457 701 2485 in
711 2466 785 2486 mare
802 2459 923 2494 projicit,
950 2458 977 2485 in

186 2513 282 2533 semen
299 2509 404 2540 peccat,
418 2505 569 2540 prohibens
591 2505 680 2540 ipsum
696 2513 729 2533 ne
757 2504 791 2532 ad
823 2505 978 2540 generatio—

183 2560 249 2580 nem
268 2551 398 2587 procedat
413 2560 419 2578 :
435 2551 471 2578 ita
484 2556 512 2578 et
528 2552 575 2586 qui
596 2559 677 2579 suum
703 2559 797 2579 semen
813 2551 840 2577 in
855 2555 976 2578 scortum

181 2598 346 2634 projicit.,ln
359 2597 500 2633 proprium
512 2602 731 2633 corpuspeccat:
756 2601 877 2624 scortum
902 2597 975 2623 enim

186 2653 242 2672 non
257 2644 347 2672 solum
360 2644 496 2671 interimit
508 2644 581 2679 quod
590 2643 708 2679 peperit,
731 2643 779 2670 sed
794 2643 975 2678 impedimen-

182 2698 244 2720 tum
263 2692 344 2719 etiam
356 2691 434 2726 ponit
449 2691 594 2726 nepariat.

222 2739 301 2772 Quod
331 2738 353 2766 si
371 2738 461 2765 etiam
499 2741 641 2772 quartum,
669 2736 824 2771 intelligere
867 2741 976 2771 oportet

186 2783 260 2818 quod
273 2791 305 2811 ea
318 2787 403 2818 parte
421 2790 475 2818 qua
489 2782 555 2817 agit,
580 2781 662 2808 etiam
685 2781 799 2816 patitur.
833 2781 974 2816 Siquidem

187 2829 240 2856 nisi
261 2837 357 2863 passus
371 2833 454 2859 esset,
466 2836 522 2856 non
537 2827 696 2856 deduxisset
713 2828 802 2863 ;quod
814 2830 835 2857 si
849 2829 973 2864 defluxit,

188 2879 336 2908 corruptus
349 2879 414 2904 est;
439 2874 565 2902 siautem
593 2881 737 2910 corruptus
758 2880 810 2907 est,
845 2876 974 2910 injuriam

185 2920 305 2954 accepit.
331 2919 453 2954 Denique
466 2920 493 2947 in
511 2921 586 2949 nulla
612 2921 663 2949 alia
675 2923 833 2956 operatione
851 2931 933 2958 quam
945 2924 973 2951 in

1040 1633 1154 1668 μιαίνει.
1174 1633 1254 1660 Ὀθεν
1278 1634 1324 1661 καὶ
1345 1634 1534 1666 ἀπολούονται,
1557 1635 1603 1661 τὶν
1627 1635 1769 1670 μολυσμὸν
1787 1637 1831 1662 ἐν-

1038 1679 1173 1712 νοοῦντες,
1195 1680 1242 1706 καὶ
1257 1681 1307 1715 τὴν
1332 1681 1447 1707 ἀτοπίαν
1470 1680 1685 1715 βδελυττόμενοι.
1712 1682 1754 1709 Τὰ
1781 1683 1830 1718 μὲν

1037 1725 1091 1760 γὰρ
1111 1725 1178 1752 ἄλλα
1196 1726 1430 1762 πλημμελήματα,
1452 1727 1499 1753 καὶ
1521 1727 1562 1758 εἰς
1580 1727 1626 1753 τὸν
1649 1727 1831 1763 ἀδικούμενον

1038 1770 1142 1806 βλέπει,
1162 1771 1241 1798 τοῦτο
1255 1771 1294 1803 δὲ,
1314 1773 1354 1803 είς
1367 1772 1412 1799 τὴν
1431 1772 1588 1800 ἀδικοῦντα.
1606 1773 1646 1799 Τὰ
1661 1774 1731 1800 ἄλλα
1747 1775 1829 1806 ἐκτὸς

1036 1817 1083 1844 τοῦ
1100 1817 1226 1854 σώματος
1239 1819 1298 1845 ἐστι
1313 1818 1361 1845 τοῦ
1383 1819 1509 1854 δρῶντος,
1524 1819 1604 1846 τοῦτο
1616 1821 1646 1847 δέ
1661 1821 1708 1847 τὸν
1720 1821 1829 1857 δρῶντα

1038 1864 1156 1899 μολύνει.
1174 1864 1230 1891 Καὶ
1248 1866 1276 1891 ἐν
1295 1864 1344 1899 μέν
1362 1866 1417 1898 τοῖς
1442 1866 1542 1899 ἄλλοις,
1565 1866 1661 1899 ἄλλους
1679 1867 1783 1901 ἀδικεῖ,
1801 1870 1829 1895 ἐν

1036 1909 1064 1937 δὲ
1079 1911 1111 1946 τῇ
1128 1910 1252 1947 πορνεία,
1269 1911 1375 1939 ἑαυτὸν.

1071 2003 1140 2030 Εἰδὲ
1159 2003 1288 2039 δευτέραν
1300 2003 1390 2039 βούλει
1412 2012 1452 2031 σοι
1468 2005 1610 2040 ἀνοιγῆναι
1633 2006 1828 2042 θύραν,ἐννόει

1033 2048 1075 2075 ὅτι
1095 2049 1187 2084 ἐπειδὴ
1202 2049 1332 2081 πολλάκις
1348 2049 1485 2086 ἀνθρώπῳ
1501 2052 1531 2077 οὗ
1549 2052 1715 2088 συγγνώμης
1732 2055 1828 2089 μεῖζον

1034 2093 1121 2130 ἔχοντι
1144 2094 1298 2130 ἐλάττωμα,
1326 2096 1520 2131 παραινοῦντες
1539 2098 1654 2134 λέγομεν
1668 2107 1675 2114 ·
1702 2100 1827 2135 ’Δδελᾳὲ,

1033 2140 1167 2176 ἀπόστηθι
1183 2141 1278 2168 τούτου
1291 2141 1338 2168 τοῦ
1355 2143 1520 2178 νοσήματος,
1537 2144 1615 2170 τοῦτο
1638 2145 1750 2172 πάντων
1768 2147 1827 2174 ἐστὶ

1033 2188 1129 2214 κάκιον
1150 2188 1212 2224 (οὐκ
1235 2188 1328 2223 ἐπειδὴ
1350 2189 1440 2216 πάντα
1452 2190 1620 2224 ὑπερϐαίνει,
1641 2191 1699 2217 ἀλλ’
1716 2193 1759 2219 ὅτι
1778 2195 1828 2220 κὰ-

1033 2233 1124 2260 κείνου
1142 2234 1222 2260 αὑτὸν
1238 2234 1390 2266 ἀπαλλάξαι
1408 2234 1573 2270 βουλόμεθα)
1585 2243 1592 2250 ·
1609 2237 1646 2271 μή
1664 2245 1731 2263 ποτε
1749 2238 1801 2264 καὶ
1813 2241 1826 2265 ὁ

1225 2280 1272 2306 ἐπὶ
1291 2280 1340 2314 τῆς
1368 2281 1497 2316 πορνείας
1514 2280 1592 2307 τοῦτο
1616 2281 1680 2316 ἔφη.
1698 2283 1752 2309 Τὸν
1770 2285 1825 2318 γὰρ

1032 2325 1220 2360 πορνεύσαντα
1235 2325 1312 2360 παρὰ
1331 2325 1484 2360 Κορινθίοις
1499 2327 1667 2361 σωψρονίσαι
1688 2327 1825 2364 βουλόμε‹

1033 2378 1090 2403 νος,
1111 2369 1213 2404 ταύτην
1224 2370 1322 2405 ἔρρηξε
1342 2371 1391 2406 τὴν
1406 2372 1507 2407 φωνήν.

1067 2416 1097 2441 Εἰ
1111 2415 1139 2442 δὲ
1154 2416 1200 2442 καὶ
1212 2415 1320 2451 τρίτην,
1337 2417 1421 2444 ἐννόει
1434 2417 1475 2444 ὅτι
1490 2417 1585 2454 ὥσπερ
1600 2420 1612 2445 ὁ
1628 2419 1668 2450 εἰς
1682 2419 1824 2447 θάλασσαν

1032 2461 1131 2496 σῖτονῆ
1144 2461 1237 2495 ἕτερον
1249 2462 1353 2498 ῥίπτων
1365 2463 1487 2500 σπέρμα,
1504 2465 1544 2496 είς
1555 2465 1600 2491 τὸν
1616 2465 1716 2501 σπόρον
1728 2467 1823 2502 ἁμαρ-

1031 2506 1118 2539 τάνει,
1136 2507 1248 2534 κωλύων
1268 2509 1350 2535 αὑτὸν
1363 2511 1402 2541 είς
1415 2510 1544 2545 γέννησιν
1557 2511 1656 2544 ἐλθεῖν,
1671 2512 1761 2545 οὕτως
1776 2516 1823 2540 καὶ

1031 2553 1044 2579 ὁ
1073 2553 1113 2584 εἰς
1138 2553 1251 2588 ἑταίραν
1281 2555 1385 2590 ῥίπτων
1410 2556 1440 2582 τὸ
1462 2557 1559 2583 ἑαυτοῦ
1585 2558 1708 2593 σπέρμα,
1728 2561 1770 2590 εις
1792 2562 1824 2586 τὶ

1030 2600 1129 2626 οίκείον
1146 2600 1226 2635 σῶμα
1238 2601 1402 2636 ἁμαρτάνει,
1415 2603 1523 2638 ἐκείνης
1541 2604 1571 2630 οὗ
1584 2604 1678 2638 τεχθὲν
1691 2606 1824 2641 ἀναιροὺ-

1031 2653 1079 2681 σης
1092 2646 1184 2681 μόνον,
1206 2647 1275 2674 ἀλλὰ
1287 2648 1334 2674 καὶ
1348 2648 1479 2684 τεχθῆναι
1497 2648 1667 2684 κωλυούσης.

1065 2740 1095 2766 Εί
1110 2741 1138 2767 δέ
1157 2741 1205 2768 καὶ
1221 2742 1368 2777 τετάρτην,
1391 2743 1493 2770 ἐννοεῖν
1509 2744 1573 2779 χρὴ,
1598 2743 1640 2770 δτι
1685 2744 1749 2779 δρᾷ,
1772 2746 1820 2771 καὶ

1029 2787 1138 2821 πάσχει.
1158 2787 1188 2813 Et
1205 2787 1253 2822 μὲν
1268 2788 1322 2822 γὰρ
1351 2789 1387 2824 μὴ
1410 2789 1522 2820 ἔπαθεν,
1549 2789 1599 2815 οὐκ
1623 2789 1657 2816 ἂν
1674 2789 1819 2825 ἕρῥευσεν.

1030 2833 1061 2860 Εἰ
1090 2833 1116 2859 δὲ
1143 2833 1282 2868 ἓρρευσεν,
1308 2834 1425 2870 ἐφθάρη.
1447 2835 1478 2861 El
1504 2835 1531 2861 δὲ
1547 2835 1664 2870 ἐφθάρη,
1688 2836 1818 2872 ὐὸρίσθη.

1034 2879 1142 2914 Ἀμέλει
1179 2879 1222 2905 ἐπ’
1255 2880 1367 2916 οὐδεμιᾷ
1396 2880 1464 2916 ἄλλος]
1501 2881 1598 2916 πράξει
1622 2881 1638 2916 ἢ
1664 2881 1711 2908 ἐπ).
1746 2882 1817 2917 μόνῃ

1027 2925 1059 2959 τῇ
1075 2923 1170 2961 ἀνδρὸς
1188 2925 1254 2959 πρὶς
1275 2927 1391 2959 γυναῖκα
1413 2926 1514 2960 συνόδῳ
1534 2925 1652 2961 λέγεται,
1678 2927 1815 2964 ἐφθάρθαι
