1880 3057
85 107 154 139 725

562 112 761 144 COMMENT.
781 113 822 143 IN
842 112 963 143 EPIST.
984 112 997 142 I
1017 112 1068 142 AD
1087 112 1267 142 COlthTlI.

1678 114 1731 147 7'26

84 164 146 199 Μὴ
158 165 378 200 ἐγκρατευέσθω,
396 165 474 201 φησὶ,
488 166 612 203 θάτερος,
627 168 741 203 θατέρου
763 168 800 204 μὴ
823 168 891 204 βου·
904 168 927 197 Λ
941 167 967 193 Νι

978 167 1146 199 νοοιιιὶηοοι,
1164 167 1264 202 inquit.
1289 167 1358 195 alter
1381 167 1490 196 nolente
1512 169 1608 202 altero,
1627 177 1660 197 ne
1674 177 1731 204 quo

85 209 227 246 λομένου,
240 212 277 246 μὴ
291 221 349 243 πως
355 212 485 248 πορνείας
492 213 605 248 γένηται
617 214 746 250 πρόξενος
755 214 793 249 τῷ
805 215 891 250 ἑτέρῳ

88 258 180 293 μέρει
198 259 215 293 ἡ
231 259 389 293 ἐγκράτεια.
407 269 416 284 ι
433 259 504 295 Πρὸς
516 260 622 295 καιρόν.
639 270 648 286 ι
667 261 807 293 Τουτέστι,
820 261 891 288 κατὰ

87 303 198 339 καιρὸν
211 303 256 330 τὸν
274 305 456 340 προσήκοντα.
473 305 606 341 Εὖκαιρία
618 306 646 333 δέ
659 307 733 333 ἐστιν
743 307 859 342 ἀποχῆς,
874 307 890 342 ἠ

86 350 214 384 νηστεία
231 351 277 376 καὶ
296 351 477 387 ήπροσευχή.
495 352 581 379 Τοῦτο
594 353 633 386 δὲ,
662 354 755 389 φησὶν,
777 353 807 381 οὗ
828 354 891 386 τοὺς

89 396 231 427 συνόντας
245 398 367 431 γυναικὶ,
381 397 509 433 εὔχεσθαι
521 399 538 434 ἧ
548 399 690 434 νηστεύειν
699 401 822 433 κωλύων,
833 401 890 427 ἀλλ’

87 442 174 475 ὅπως
187 444 205 478 ἡ
224 443 292 478 εὐχὴ
307 444 356 471 καὶ
379 446 394 480 ἡ
421 446 534 481 νηστεία
550 446 746 480 σπουδαιοτέρα
768 447 889 482 γένηται.

95 487 255 525 ’Δπέχεσοε
268 490 332 526 γὰρ,
347 492 439 526 φησὶν,
452 491 495 518 ἵνα
509 491 658 527 σχολάσητε
673 493 705 528 τῇ
719 493 830 529 νηστείᾳ
845 494 891 520 καὶ

88 535 128 569 τῇ
147 537 300 572 προσευχῇ,
316 536 353 569 ὡς
370 538 421 570 τῆς
439 537 539 572 μίξεως
561 537 690 572 ἀσχολίαν
703 539 753 565 οὐκ
768 539 891 574 ἀκαθαρ-

90 579 165 616 qia:
186 581 330 617 ποιούσης,
360 583 460 618 μίξεως
475 584 504 611 δὲ
529 585 579 620 τῆς
610 584 679 619 πρὸς
698 585 747 618 τὴν
771 586 891 621 νομίμην

88 627 230 659 γυναῖκα.
250 636 260 653 ‹
280 628 330 655 Διά
349 629 398 664 τὴν
425 630 561 665 ἀκρασίαν
589 631 677 666 ὑμῶν.
696 641 706 657 ι
726 632 785 659 Ἰνα
801 632 892 668 μάθῃς

88 671 138 698 ὃτι
156 673 207 708 οὐχ
224 674 237 700 ὀ
249 673 370 706 διάϐολος
387 675 466 710 μόνος
482 676 569 708 αἴτιος
583 677 634 712 τῆς
662 674 801 714 πορνείας,
823 679 891 706 ἀλλὰ

89 717 144 744 καὶ
159 718 177 753 ἠ
204 719 284 754 ἡμῶν
302 720 433 756 ἀκρασία,
464 722 572 757 ἐπάγει,
592 732 601 750 ι
626 724 678 751 Διά
689 725 738 760 τὴν
755 725 891 760 ἀκρασίαν

90 763 186 798 ὑμῶν,
207 774 216 791 ι
231 766 339 799 δεικνὺς
354 767 430 795 ἔνθεν
443 769 554 804 μᾶλλον,
569 770 585 806 ἢ
606 771 638 797 ὲκ
654 771 700 798 τοῦ
716 771 838 798 διαϐόλου
852 772 891 806 γί-

89 810 193 838 νεσθαι
213 814 393 848 πειρασμούς.
410 824 419 841 ι
438 815 477 842 Οὐ
494 816 553 842 κατ’
573 817 718 853 ἐπιταγήν.
746 827 755 844 ι
782 817 890 854 —-[Ol-

89 856 224 893 KOYMJ
234 859 271 885 Οὐ
284 859 338 895 γὰρ
347 859 442 896 ὥσπερ
451 862 492 894 τὸ,
503 862 557 889 «οὐ
571 864 735 899 μοιχεύσεις,
748 865 786 891 Οὐ
794 864 890 899 φονεύκ

90 911 164 935 σεις,
188 913 197 930 ι
221 905 272 940 ἠδη
292 906 340 933 καὶ
363 905 394 933 τὸ
413 907 451 942 μὴ
467 908 630 944 ἀποστερεῖν
645 909 776 946 ἀλλήλους
793 911 889 937 ἐπιτα-

89 951 128 985 γή
155 951 201 983 τίς
212 952 282 982 ἐστι,
299 952 346 980 καὶ
359 953 504 986 ὲπαινετδς
531 954 546 982 ὀ
560 954 640 982 τοῦτο
655 956 740 983 ποιῶν
758 957 796 988 ὼς
807 956 890 992 νόμον

91 997 221 1033 πληρῶν.
252 998 331 1025 Κατά
356 999 540 1036 συγγνώμην,
570 1002 657 1037 φησὶ,
686 1001 765 1029 τοῦτο
794 1001 888 1036 εἷπον,

90 1043 274 1076 συγκαταὸὰς
297 1045 331 1080 τῇ
348 1045 474 1082 ἀσθενείᾳ
499 1047 587 1082 ὑμῶν,
613 1048 663 1075 οὐκ
678 1048 828 1077 ἐπιτάσσω.
844 1049 890 1085 Μὴ

91 1090 288 1125 ἀποστερεῖτε,
307 1091 376 1118 ἀλλά
387 1093 524 1128 μακάριος
540 1094 556 1120 ό
572 1095 819 1131 ἐγκρατευόμενος.
842 1097 890 1124 Ἐκ

91 1135 120 1162 δὲ
131 1135 182 1162 τοῦ
198 1137 295 1169 εἰπεῖν,
307 1137 503 1173 συγγνώμην,
521 1139 621 1172 ἔδειξεν
632 1141 673 1168 ὅτι
687 1142 732 1168 καὶ
750 1151 890 1177 κατεγνω-

92 1181 199 1215 σμένον
214 1182 329 1218 πράττει
344 1185 474 1220 πρᾶγμα,
489 1186 504 1211 ὸ
518 1186 599 1220 μόνον
620 1187 648 1213 ὲν
662 1189 695 1224 τῇ
715 1188 829 1224 νηστείᾳ
842 1190 891 1216 καὶ

91 1229 125 1263 τῇ
142 1230 286 1265 προσευχῇ
316 1230 498 1266 ἀπεχόμενος.
524 1241 534 1258 ι
554 1231 631 1260 Εἶναι
657 1234 696 1266 ὡς
719 1234 847 1270 ἐμαυτόν.
878 1246 888 1262 ι

94 1274 185 1301 Ἔνθα
197 1274 326 1310 δυσχερὲς
342 1277 485 1304 ἐπιτάσσει
509 1279 636 1314 πρᾶγμα,
653 1280 748 1307 ἑαυτὸν
770 1282 799 1307 ιν
816 1282 891 1318 μέσῳ

93 1320 188 1354 φέρει.
209 1330 219 1346 ι
234 1320 306 1348 Ἀλλ’
319 1323 434 1356 ἕκαστος
452 1324 518 1351 ἴδιον
531 1325 655 1361 χάρισμα
669 1325 726 1362 ἔχει
737 1327 770 1354 ὲκ
786 1327 866 1355 Θεοῦ.
878 1338 887 1355 ι

100 1367 215 1404 Ἐπειδὴ
232 1369 334 1405 σφόδρα
361 1370 453 1398 αὐτῶν
475 1372 666 1407 κατηγόρησεν
695 1373 790 1407 εἰπὼν,
811 1384 820 1400 ι
844 1375 889 1410 Μή

95 1422 156 1446 πως
182 1415 304 1452 πειράζῃ
334 1417 407 1451 ὑμᾶς
434 1418 448 1443 ὁ
474 1418 596 1451 Σατανᾶς
620 1419 666 1446 διά
681 1420 730 1456 τὴν
754 1421 890 1457 ἀκρασίαν

97 1461 188 1496 ὑμῶν,
213 1471 223 1488 ι
252 1462 301 1489 νῦν
325 1463 471 1496 σπουδάζει
495 1466 750 1501 παραμυθήσασθαι
778 1467 888 1500 αὐτούς.

96 1507 239 1543 Παρθὲνος
254 1505 288 1544 ἦν
305 1509 444 1544 ὀΠαῦλος,
458 1511 504 1538 κα¹ι
519 1511 613 1547 ἐπειδὴ
624 1510 694 1544 εἷπε,
706 1521 715 1538 ι
732 1512 807 1540 Θέλω
826 1514 893 1540 πάν·
905 1515 925 1543 C
945 1505 1093 1532 θοηδοῖτπῖ·
1122 1504 1203 1539 Virgo
1234 1509 1294 1531 cn“
1320 1505 1421 1531 Ρ³¹¹¹¹¹⁵
1448 1512 1454 1531 ³

96 1561 146 1585 τας
177 1551 248 1580 εἷναι
265 1554 302 1585 ὠς
317 1555 384 1590 ἐγὼ,
401 1565 410 1581 ι
434 1558 511 1592 φησὶ,
525 1557 555 1583 τὸ
574 1558 663 1593 μεῖναι
679 1558 827 1593 παρθένον,
843 1560 892 1595 χά-

98 1607 186 1635 ρισμα
200 1598 270 1628 εἶναι
286 1601 340 1628 ἀπὸ
355 1600 402 1628 τοῦ
415 1602 495 1635 θεοῦ,
509 1603 560 1630 οὐκ
576 1604 670 1639 ἐπειδὴ
682 1604 732 1639 τῆς
754 1605 891 1641 ἡμετέρας

95 1645 126 1672 οὐ
141 1646 230 1673 δεῖται
248 1647 372 1683 σπουδῆς
388 1648 418 1675 τὺ
436 1649 564 1684 πρᾶγμα·
581 1650 648 1676 αὐτὸ
662 1649 717 1686 γὰρ
730 1650 761 1677 τδ
772 1650 891 1687 ἀξιωθῆ-

96 1699 141 1719 ναι
158 1692 342 1728 χαρίσματος,
361 1694 447 1722 πολλά
464 1696 549 1731 κοπιᾷ
570 1704 628 1728 τις·
645 1696 704 1723 ἀλλ’
729 1696 767 1728 ὡς
783 1697 891 1733 εἴρηται

96 1737 304 1772 παραμυθεῖται
321 1739 419 1771 αὐτοὺς
432 1739 502 1775 ὑπὲρ
529 1741 579 1776 τῆς
599 1740 716 1777 ὕϐρεως.
737 1750 746 1768 ι
769 1743 818 1774 Ὃς
837 1742 888 1777 μὲν

97 1783 197 1816 οὕτως,
221 1784 250 1816 ὃς
264 1784 292 1812 δὲ
315 1785 411 1817 οὕτως.
433 1796 443 1813 ι
467 1787 516 1819 ’ος
534 1788 582 1822 μὲν
602 1788 650 1815 καὶ
674 1789 816 1821 παντελῶς
839 1789 891 1816 ἀπ·

98 1829 189 1865 έχεται
209 1830 320 1866 μίξεως,
330 1831 359 1863 ὃς
376 1831 404 1859 δὲ
420 1833 483 1868 ἀχρι
500 1834 549 1868 τῆς
564 1834 688 1870 γαμετῆς
701 1835 820 1862 ἵσταται.

132 1967 218 2001 Λέγω
229 1967 264 1994 δὲ
276 1967 339 2000 τοῖς
355 1967 490 2004 ἀγάμοις,
510 1971 559 1998 καὶ
582 1971 647 2004 ταῖς
662 1973 780 2007 χήραις,
796 1975 892 2002 καλὸν

98 2014 203 2047 αὐτοῖς
223 2013 309 2041 ἐστιν
321 2014 375 2041 ἐὰν
389 2015 538 2050 μείνωσιν
549 2016 590 2050 ὠς
606 2017 698 2053 κάγώ.
725 2020 761 2046 Et
781 2019 816 2047 δὲ
836 2021 892 2048 οὐκ

99 2061 342 2096 ἐγκρατεύονται,
354 2062 588 2096 γαμησάτωσαν.
601 2063 753 2098 Κρεῒσσον
764 2065 820 2100 γάρ
826 2066 892 2094 ἐστι

99 2108 245 2145 γαμῆσαι,
260 2109 279 2144 ἦ
294 2109 475 2143 πυροῦσθαι,

135 2192 305 2229 [ΘΕΟΔΩΡ.]
315 2193 423 2226 Ἕδειξι
441 2193 524 2221 πάλιν
540 2194 637 2221 ἑαυτὸν
649 2195 700 2230 τῆς
711 2195 765 2222 τῶν
776 2196 892 2232 ἀγάμων

100 2238 163 2265 ὄντα
184 2239 354 2274 συμμορίας.
371 2239 408 2266 οὐ
427 2239 532 2276 γὰρ·ἀν
547 2248 589 2271 τις
603 2240 685 2267 αὐτὸν
704 2241 818 2273 εἰκότως
832 2244 892 2274 ταῖς

100 2283 283 2319 χηρευούσαις
300 2283 423 2310 ὲντάττοι
439 2293 446 2300 ·
464 2284 571 2317 νεανίας
586 2284 640 2320 γὰρ
655 2285 692 2312 ὣν
709 2285 749 2312 ἔτι
762 2286 812 2322 τῆς
826 2287 892 2322 κλή-

101 2339 168 2361 σεως
179 2329 296 2365 ἠξιώθη.
314 2330 418 2365 Μηδεὶς
438 2330 467 2356 δὲ
490 2331 570 2357 αὑτὸν
583 2331 682 2358 οἰέσθω
696 2331 745 2367 τὴν
758 2332 808 2368 μὲν
821 2334 892 2367 ἀγα-

103 2375 165 2410 μίαν
175 2377 233 2407 τοῖς
247 2376 372 2411 ἀνδράσι,
385 2377 434 2411 τὴν
445 2376 474 2402 δὲ.
487 2377 556 2411 μετὰ
567 2377 612 2404 τὸν
624 2377 714 2414 γάμον
727 2378 892 2415 ἐγκράτειαν

100 2423 160 2454 ταῖς
174 2422 285 2456 γυναιξὶ
315 2423 411 2457 μόναις
427 2423 596 2458 νομοθετεῖν,
615 2424 658 2451 διὰ
675 2425 704 2452 τὺ
716 2426 814 2458 εἰπεῖν,
830 2426 893 2459 τοῖς

101 2467 237 2502 ἀγάμοις,
249 2468 318 2502 ῆτοι,
331 2469 387 2500 τοίς
399 2468 523 2504 ἀνδράσι,
538 2471 586 2496 καὶ
596 2470 660 2503 ταῖς
672 2470 789 2505 χήραις,
798 2472 892 2507 ἤγουν,

101 2515 159 2545 ταῖς
178 2514 313 2548 γυναιξίν.
336 2514 496 2550 ’Λμιρότερα
508 2516 563 2551 γὰρ
580 2509 712 2551 ἑκάτερον
734 2517 893 2545 ὲκπαιόεύει

102 2553 191 2593 γένος,
207 2559 255 2585 καὶ
267 2559 316 2595 τὴν
328 2560 462 2596 ἀγαμίαν,
480 2561 528 2587 καὶ
537 2561 586 2596 τὴν
600 2562 668 2596 μετά
681 2561 727 2588 τὸν
741 2563 829 2598 γάμον
847 2564 894 2596 ἐγ-

103 2605 234 2641 κράτειαν
251 2605 301 2640 τῆς
325 2606 451 2641 χηρείας.
472 2615 481 2632 ι
500 2607 531 2633 Εἰ
552 2607 581 2633 δὲ
594 2607 645 2634 οὐκ
671 2608 893 2644 ἐγκρατεύονται,

103 2652 319 2688 γαμησάτωσαν.
339 2663 348 2679 ι
367 2653 439 2688 Ὅρα
448 2654 556 2688 σοφίαν·
573 2654 621 2680 καὶ
637 2653 759 2690 βελτίονα
773 2655 895 2682 δείκνυσι

103 2698 151 2734 τὴν
162 2699 338 2734 ἐγκράτειαν,
353 2700 401 2726 καὶ
413 2700 463 2726 οὐκ
475 2700 628 2734 ἀναγκάζει
640 2700 685 2727 τὸν
699 2701 735 2736 μὴ
748 2700 894 2734 φθάνοντα,

104 2742 230 2775 δεδοικὼς
257 2744 294 2779 μή
316 2753 344 2770 τι
375 2746 468 2779 μεῖζον
489 2746 669 2781 παράπτωμα
686 2746 810 2780 γένηται,
832 2755 840 2771 ι
859 2746 895 2772 Ἢ

105 2788 266 2824 πυροῦσθαι.
284 2798 293 2815 ›
317 2789 462 2824 Ἐνέῳηνεν
477 2791 526 2826 ὅση
539 2791 588 2826 τῆς
600 2790 748 2826 ἐπιθυμίας
764 2792 781 2826 ή
797 2799 896 2826 τυραν-

105 2833 154 2866 νίς.
172 2834 204 2862 Et
222 2834 335 2870 πολλὴν,
359 2836 453 2871 φησὶν,
476 2836 615 2874 ὑπομένῃς
634 2837 694 2873 βίαν
723 2838 770 2865 καὶ
801 2837 892 2873 πύρω-

944 213 1024 240 modo
1039 214 1219 248 temperantia
1229 214 1264 241 sit
1276 213 1355 242 alteri
1368 214 1437 249 parti
1450 223 1530 242 causa
1546 215 1645 250 stupri.
1664 225 1672 240 ι
1690 215 1731 242 Ad

943 263 1061 294 tempus.
1089 269 1098 285 ι
1124 260 1181 287 iloc
1197 265 1250 293 est,
1275 260 1450 288 convenicnti
1469 266 1600 296 tempore.
1617 261 1730 288 Occasio

943 310 1034 334 autem
1057 306 1214 334 abstinendi
1233 311 1275 334 est
1293 307 1428 342 jejunium
1451 312 1480 334 et
1495 307 1593 334 oratio.
1612 307 1670 334 Hoc
1683 315 1733 334 au—

943 359 997 382 tem
1023 354 1100 385 dicit.
1129 362 1185 382 non
1210 353 1362 389 prohibe'ns
1383 362 1430 382 eos
1446 355 1494 389 qui
1518 354 1732 381 commiscentur

942 408 1004 428 cum
1027 408 1113 428 uxore
1127 401 1253 436 jejunare
1270 405 1317 428 aut
1333 400 1439 436 precari
1455 409 1462 428 :
1480 400 1526 428 sed
1545 404 1575 428 ut
1593 400 1730 435 jejunium

942 453 974 473 ac
989 446 1077 473 oratio
1089 446 1243 474 studiosius
1261 447 1317 473 ﬁat.
1331 447 1399 474 Nam
1419 446 1567 479 abstinete,
1582 446 1684 481 inquit,
1702 451 1732 473 ut

941 493 1044 521 vacetis
1056 493 1162 529 jejunio
1183 499 1211 522 et
1224 495 1344 522 orationi
1358 501 1365 520 :
1379 502 1414 521 ne
1429 494 1559 522 videlicet
1570 493 1730 528 occupatio-

942 547 1004 567 nem
1025 544 1120 568 causet
1148 540 1294 576 impuritas
1308 541 1509 568 commistionis
1529 548 1591 568 cum
1610 540 1732 575 legitima

942 593 1038 613 uxore.
1065 595 1074 611 ι
1100 585 1216 621 Propter
1239 586 1480 621 intemperantiam
1508 590 1639 613 vestram.
1663 594 1672 611 ›
1696 585 1731 613 Ut

941 631 1031 659 discas
1043 631 1117 666 quod
1128 639 1182 659 non
1196 632 1272 659 solus
1285 631 1413 659 diabolus
1424 631 1512 667 stupri
1527 639 1609 659 causa
1622 631 1669 665 sit,
1683 632 1731 659 sed

940 677 1024 705 etiam
1046 682 1141 705 nostra
1163 677 1387 712 intemperantia,
1410 677 1563 713 subjungit,
1583 686 1592 703 ‹
1616 677 1732 712 Propter

942 723 1184 759 intemperantiam
1198 728 1319 751 vestram
1340 734 1346 751 :
1369 733 1378 749 ›
1398 723 1550 751 ostendens
1564 723 1630 750 hinc
1646 723 1732 757 magis

941 777 1023 805 quam
1037 777 1070 798 ex
1086 763 1196 798 diabolo
1214 769 1283 798 oriri
1307 769 1484 797 tentationcs.
1505 779 1513 794 ι
1531 769 1592 796 Non
1613 776 1647 795 ex
1661 776 1731 803 pia:-

941 821 1031 852 cepto.
1059 825 1069 842 r
1091 816 1186 852 Neque
1203 817 1278 844 enim
1301 816 1384 850 sicut,
1404 825 1413 843 ι
1435 816 1496 844 Non
1521 815 1651 847 occides;
1671 815 1732 842 Non

910 863 1114 897 T'adulterium
1133 864 1300 896 committes,
1328 873 1337 890 ι
1365 863 1402 890 ita
1425 870 1501 890 nunc
1519 869 1629 897 quoque
1652 869 1686 888 ne
1702 868 1732 888 se

940 909 1068 937 fraudent
1084 909 1212 942 invicem,
1228 914 1395 945 praeceptum
1409 910 1520 945 aliquod
1536 915 1590 941 est,
1604 913 1634 936 ut
1645 908 1728 936 laude

941 955 1041 990 dignus
1054 955 1089 983 sit
1102 956 1150 991 qui
1173 956 1226 983 hoc
1243 956 1309 992 agit,
1330 960 1460 991 tanquam
1475 956 1564 990 legem
1579 955 1730 989 complens.

941 1001 980 1027 Ex
1001 1002 1195 1036 permissiouc,
1216 1002 1317 1036 inquit,
1334 1002 1387 1029 hoc
1402 1001 1469 1032 dixi.
1485 1001 1635 1029 demitteus
1645 1008 1687 1028 me
1698 999 1732 1026 ad

942 1046 1160 1074 imbecillitatem
1184 1051 1314 1074 vestram.
1341 1047 1401 1074 Non
1421 1046 1506 1082 jubeo
1528 1054 1562 1074 ne
1586 1045 1730 1076 fraudetis,

941 1092 989 1120 sed
1012 1092 1110 1120 beatus
1130 1097 1173 1120 est
1189 1093 1237 1128 qui
1260 1093 1394 1120 continet.
1415 1092 1455 1120 Ex
1479 1093 1530 1119 hoc
1545 1096 1637 1119 autem
1658 1090 1732 1126 quod
1777 1126 1781 1131 .

942 1138 1009 1166 dicit
1028 1139 1205 1174 συγγνώμην,
1228 1139 1255 1166 id
1279 1144 1331 1172 est,
1352 1140 1550 1174 permissionem
1573 1141 1622 1165 aut
1640 1138 1733 1172 potius

941 1183 1055 1215 veniam,
1069 1184 1190 1211 ostendit
1201 1191 1265 1211 eum
1282 1184 1373 1212 facere
1387 1183 1573 1211 damnandum
1588 1190 1667 1218 opus,
1684 1182 1733 1217 qui

942 1228 1032 1256 solum
1045 1229 1167 1256 abstinet
1184 1237 1247 1256 cum
1266 1229 1446 1265 jejunandum
1466 1234 1507 1257 est
1522 1233 1570 1256 aut
1584 1228 1731 1256 orandum.

946 1284 955 1300 ι
971 1275 1006 1303 Ut
1025 1283 1076 1310 ego
1094 1276 1152 1310 ipse
1169 1283 1241 1303 sum.
1267 1286 1276 1301 ι
1300 1275 1351 1303 Ubi
1370 1283 1428 1302 rem
1445 1275 1563 1310 imponit
1582 1275 1732 1309 ditlicilem,

941 1321 1062 1355 seipsum
1080 1321 1108 1347 in
1124 1321 1277 1356 exemplum
1293 1321 1432 1356 proponit.
1447 1331 1455 1346 ι
1473 1320 1526 1348 Sed
1542 1321 1733 1355 unusquisque

942 1367 1084 1402 proprium
1097 1367 1179 1394 habet
1191 1367 1303 1394 donum.
1322 1376 1331 1393 ι
1346 1366 1480 1400 Quoniam
1495 1367 1673 1393 vehementer
1685 1374 1733 1394 eos

942 1419 1120 1441 accusaverat
1135 1414 1231 1441 dicens
1245 1423 1250 1440 :
1269 1423 1277 1439 ι
1294 1413 1332 1441 Ne
1352 1417 1440 1441 tentet
1455 1421 1503 1440 vos
1520 1413 1636 1441 Satanas
1649 1420 1733 1447 prop-

944 1463 986 1485 ter
1002 1458 1243 1493 intemperantiam
1263 1463 1394 1490 vestram,
1425 1468 1434 1484 ›
1456 1459 1548 1486 studet
1569 1466 1643 1486 nunc
1659 1459 1734 1493 ipsos

1481 1508 1509 1531 ct
1525 1504 1589 1539 quia
1616 1504 1733 1535 dixerat,

946 1558 956 1575 ι
973 1549 1108 1584 Cuperem
1129 1557 1225 1576 omnes
1243 1557 1303 1576 esse
1327 1554 1357 1576 ut
1371 1557 1422 1584 ego
1442 1557 1524 1582 sum;
1545 1559 1553 1575 ι
1578 1550 1646 1577 dicit
1660 1558 1735 1577 nunc

943 1594 1016 1629 quod
1032 1602 1144 1623 manere
1159 1595 1294 1630 virginem
1317 1595 1418 1622 donum
1441 1594 1488 1622 Dei
1510 1599 1570 1629 est;
1589 1603 1643 1622 non
1659 1595 1734 1630 quod

944 1649 987 1668 res
1002 1646 1096 1669 nostro
1111 1649 1165 1668 non
1181 1646 1260 1677 egeat
1275 1641 1367 1669 studio
1382 1650 1388 1669 :
1405 1641 1523 1668 Inuitum
1541 1641 1614 1668 enim
1628 1641 1734 1669 laborat

943 1688 1079 1722 quispiam
1092 1688 1118 1715 in
1132 1687 1184 1715 hoc
1199 1688 1339 1722 ut‘dignus
1351 1688 1488 1716 habeatur
1498 1687 1586 1715 dono:
1598 1688 1644 1715 sed
1658 1689 1732 1723 quia.

944 1738 973 1760 ut
988 1733 1091 1760 dictum
1103 1738 1155 1767 est,
1172 1734 1385 1762 eonsolatureos
1394 1734 1428 1762 de
1442 1735 1642 1770 improperio.u
1658 1735 1735 1762 Unus

942 1779 1054 1815 quidem
1071 1780 1121 1812 sic,
1139 1780 1210 1807 alius
1222 1788 1288 1807 vero
1302 1780 1352 1808 sic.
1370 1790 1379 1807 ι
1402 1779 1451 1808 Hie
1468 1780 1579 1816 quidem
1595 1781 1706 1815 penitus
1718 1788 1735 1808 ι

943 1825 1135 1852 commistione
1159 1825 1291 1858 abstinet,
1317 1826 1364 1853 ille
1382 1833 1448 1852 vero
1470 1826 1520 1858 sic,
1550 1829 1579 1853 ut
1601 1826 1635 1853 ad
1653 1826 1733 1853 aliam

943 1879 998 1898 non
1014 1871 1126 1899 accedat
1137 1879 1218 1906 quam
1239 1879 1363 1899 uxorem.

978 1961 1058 1997 477
1075 1961 1130 1994 Vll,
1154 1961 1179 1994 8,
1198 1962 1224 1989 9.
1251 1960 1315 1988 Dico
1338 1965 1427 1988 autem
1450 1962 1629 1997 iuconjugatis
1650 1968 1674 1988 et
1696 1962 1735 1988 vi-

943 2007 1022 2034 duis:
1040 2007 1137 2034 bonum
1157 2007 1194 2034 eis
1218 2011 1256 2034 est
1279 2007 1302 2034 si
1324 2008 1520 2042 permanserint
1539 2008 1607 2034 sicut
1628 2012 1652 2035 et
1674 2015 1733 2043 ego.

943 2053 1019 2087 Quod
1041 2055 1064 2081 si
1084 2062 1136 2081 non
1163 2055 1314 2087 continent,
1337 2055 1498 2082 contrahant
1523 2054 1734 2087 matrimonium,

943 2109 1006 2128 nam
1027 2099 1119 2127 melius
1141 2104 1177 2127 est
1192 2101 1393 2127 matrimonium
1412 2102 1568 2128 contra/iere
1587 2109 1667 2135 quam
1681 2101 1733 2127 uri.

909 2187 930 2215 D
982 2190 1101 2217 ltursum
1125 2190 1247 2225 seipsum
1270 2189 1390 2217 ostendit
1412 2197 1473 2217 esse
1501 2190 1535 2217 de
1557 2189 1732 2216 multitudine

943 2243 1039 2263 eorum
1056 2235 1102 2270 qui
1116 2235 1256 2270 conjugati
1273 2243 1327 2262 non
1341 2240 1405 2262 sunt
1419 2244 1424 2261 :
1442 2243 1531 2270 neque
1543 2235 1616 2263 enim
1634 2235 1733 2262 merito

943 2280 1089 2315 quisquam
1104 2280 1193 2314 ipsum
1218 2280 1292 2307 inter
1306 2279 1405 2307 viduas
1427 2280 1570 2315 producet,
1587 2288 1650 2307 cum
1666 2280 1733 2306 adu-

944 2327 1052 2354 lescens
1064 2326 1155 2353 adhuc
1172 2326 1256 2353 fuerit
1271 2333 1334 2352 cum
1349 2326 1494 2353 vocatione
1507 2325 1606 2361 dignus
1623 2324 1735 2354 habitus

944 2379 994 2401 est.
1015 2373 1101 2400 Porro
1120 2381 1202 2400 nemo
1222 2372 1360 2400 existimet
1379 2373 1466 2407 ipsum
1486 2373 1553 2400 viris
1563 2379 1684 2401 statuere
1699 2382 1734 2401 ne

944 2418 1110 2446 contrahant
1129 2418 1347 2449 matrimonium,
1366 2418 1528 2446 mulieribus
1548 2428 1614 2447 vero
1630 2425 1659 2447 ut
1675 2425 1736 2455 post

944 2470 1100 2493 contractas
1120 2465 1232 2500 nuptias
1244 2464 1349 2492 etl’ecta:
1365 2464 1454 2493 viduae
1474 2466 1641 2499 abstineant,
1654 2474 1687 2493 ex
1702 2474 1735 2493 eo

945 2513 1017 2548 quod
1032 2513 1070 2540 ait
1084 2513 1147 2543 eoi;
1160 2512 1288 2546 ἀγάμοις,
1298 2511 1325 2538 id
1341 2516 1392 2544 est,
1404 2519 1461 2539 non
1471 2513 1624 2548 eonjugatis
1635 2520 1735 2547 genere

946 2559 1109 2588 masculino.
1129 2565 1228 2592 nempe
1239 2557 1308 2585 viris
1327 2566 1333 2584 :
1348 2561 1376 2585 et
1393 2559 1454 2589 ταῖς
1465 2559 1573 2594 χήραις,
1590 2558 1616 2585 id
1628 2563 1680 2590 est,
1695 2558 1737 2585 vi-

946 2604 1161 2637 duist‘eminino,
1175 2609 1240 2639 puta
1255 2603 1408 2631 feminisJu
1423 2609 1538 2638 utroque
1548 2604 1622 2631 enim
1634 2609 1738 2631 utrum-

947 2659 1001 2686 que
1022 2651 1135 2678 instruit
1156 2659 1253 2686 genus,
1270 2651 1347 2678 etde
1363 2651 1530 2678 abstinentia
1556 2658 1570 2677 a
1596 2651 1735 2686 conjugio,

947 2698 1018 2725 etde
1031 2697 1201 2725 continentia
1215 2698 1242 2724 in
1263 2697 1399 2725 viduitate
1420 2702 1482 2733 post
1494 2701 1650 2724 contractas
1664 2705 1736 2733 nup-

948 2745 1010 2771 tias.
1029 2753 1038 2770 4
1056 2744 1134 2778 Quod
1154 2744 1176 2770 si
1197 2752 1252 2771 non
1274 2743 1426 2775 continent,
1450 2743 1614 2770 contrahant:
1642 2744 1738 2770 matri-

949 2791 1082 2818 monium.
1113 2799 1122 2815 ι
1151 2790 1218 2818 Vide
1243 2789 1427 2824 prudentiam.
1451 2788 1594 2816 Meliorem
1615 2789 1738 2816 ostendit

949 2835 1157 2866 continentiam,
1184 2842 1234 2862 nec
1261 2838 1350 2860 tamen
1374 2833 1446 2869 cogit
1471 2841 1533 2862 eum
1553 2834 1599 2870 qui
1623 2834 1658 2862 ad
1675 2841 1735 2862 eam
