1880 3057
61 133 117 170 7‘21)

529 144 724 175 COMMENT.
746 146 786 175 ΙΝ
801 146 920 176 EPIST.
943 146 956 175 Ι
974 147 1025 176 ΑΙ)
1041 145 1222 176 (ΣΟΒΙΝΤΙΙ.

1651 148 1706 179 730

60 206 153 230 νεται,
169 198 227 230 πῶς
243 199 330 225 ἐκεῖνο
346 198 395 233 μὲν
416 198 526 232 κωλύει,
541 200 618 227 τοῦτο
631 201 660 227 δὲ
673 200 720 234 0’3;
736 201 789 228 Καί
805 210 850 235 φα-

952 201 981 228 ἳο
995 201 1116 228 dimittat
1130 209 1200 229 eam.
1222 211 1230 226 ι
1247 201 1275 228 Si
1290 201 1313 228 is
1325 201 1372 236 qui
1391 201 1576 236 agglutinatur
1600 208 1703 236 scorto,

62 251 128 277 μεν,
140 243 170 270 ἓν
185 243 236 278 μὲν
253 244 332 279 σῶμα
350 244 397 270 καὶ
411 245 458 271 ἐπὶ
476 245 525 280 τῆς
535 246 650 273 ἀπίστου
663 247 777 280 γίνεται,
792 247 859 274 ἀλλὰ

60 290 128 324 νικᾷ
151 290 168 325 ἡ
186 290 344 326 καθαρότης
360 290 408 316 τοῦ
422 291 520 317 πιστοῦ
538 292 651 326 μέρους,
667 293 716 328 τὴν
735 292 859 328 ἀκαθαρ-

63 335 127 362 σίαν
151 336 198 362 τοῦ
221 336 349 363 ἀπίστου.
370 336 450 368 Πῶςς
475 337 536 364 Ἐπὶ
553 337 669 374 μὲνγὰρ
685 339 734 373 τῆς
757 339 860 373 πόρνης

61 381 221 416 ἀμφότεροι
244 382 408 418 ἀκάθαρτοι,
437 383 484 409 καὶ
504 384 520 418 ἡ
544 384 631 418 πόρνη
661 384 708 410 καὶ
727 386 741 410 ὁ
757 384 804 410 ἐπὶ
820 384 859 419 τῷ

61 426 216 461 πορνεῦσαι
227 428 358 463 προσιὼν.
382 429 445 455 Ἐπὶ
459 429 487 456 δὲ
503 429 551 464 τῆς
569 429 695 461 ἀπίστουο
721 429 790 463 αὕτη
811 430 859 464 μὲν

61 472 133 499 καθό
148 473 223 499 ἐστιν
233 474 357 508 ἄπιστος,
365 475 530 510 ἀκάθαρτος,
545 476 558 501 ό
570 475 599 501 δὲ
615 475 735 511 προπιὼν
748 476 798 502 οὐκ
808 475 858 503 ἔτι.

61 518 101 544 Οὐ
117 519 173 552 γὰρ
184 519 227 546 ἵνα
241 520 296 546 τῶν
308 522 542 556 ἀπηγορευμένων
554 530 580 548 τι
599 521 689 557 πράξῃ
707 521 857 557 προσέρχε-

59 572 120 596 ται,
135 565 204 592 ἀλλὰ
215 565 262 601 τὴν
277 567 521 602 ἐπιτετραμμένην
535 567 584 594 τοῦ
597 567 685 603 γάμου
699 567 784 601 μίξιν.

915 255 1000 275 unum
1020 255 1121 283 corpus
1130 247 1247 275 eﬁicitur
1263 256 1270 274 ι
1285 252 1313 275 et
1325 248 1371 282 qui
1387 248 1574 282 agglutinatur
1589 248 1704 282 inﬁdeli,

912 293 1009 321 itidem
1024 302 1109 321 unutn
1127 301 1228 328 corpus
1242 293 1359 321 eﬁicitur
1380 302 1386 320 :
1404 293 1543 328 quomodo
1560 293 1626 320 illud
1643 302 1706 328 pro-

914 339 1002 371 hibet,
1020 339 1093 367 istud
1109 347 1174 367 vero
1188 339 1263 366 non?
1278 339 1311 366 Et
1324 338 1444 366 dicimus
1456 338 1530 373 quod
1545 347 1630 365 unum
1644 339 1705 373 qui-

916 386 978 413 dem
995 393 1097 420 corpus
1112 386 1195 413 etiam
1223 386 1249 412 in
1266 384 1369 412 inﬁdeli
1386 384 1514 416 cﬁicitur,
1536 384 1582 411 sed
1601 385 1706 419 pnritas

914 432 1000 466 partis
1011 432 1099 460 ﬁdelis
1111 432 1197 459 vincit
1209 432 1395 466 impuritalem
1408 431 1536 457 inﬁdelis
1548 431 1705 464 Quomodo?

914 477 1022 504 Etenim
1045 478 1072 504 in
1089 483 1185 512 stupro
1214 482 1330 512 uterque
1346 476 1505 503 immundus
1522 480 1574 507 est,
1589 480 1615 503 ct
1631 484 1706 503 scor-

914 528 971 551 tum
999 530 1027 552 et
1046 525 1093 560 qui
1117 524 1224 552 accedit
1240 528 1270 550 ut
1296 528 1445 551 scortctur.
1463 522 1491 549 In
1517 523 1621 550 inﬁdeli
1639 530 1704 549 vero

910 577 1006 603 uxore,
1029 571 1086 606 ipsa
1107 570 1218 605 quidem
1239 578 1271 597 ea
1291 569 1396 596 ratione
1418 577 1471 604 qua
1494 568 1622 600 inﬁdelis,
1653 570 1704 595 im-

61 611 169 638 munda
186 616 229 639 est
249 621 256 639 :
273 613 321 647 qui
342 621 435 640 autem
450 613 557 641 accedit
569 614 626 649 jam
646 622 701 641 non
718 613 780 641 talis
794 618 847 642 est.
871 613 965 650 Neque
987 618 1061 644 enim
1081 617 1189 645 accedit
1219 621 1249 643 ut
1267 616 1438 651 prohibitum
1463 616 1568 651 aliquid
1599 622 1704 650 opere-

62 662 121 688 tur,
136 657 186 684 sed
200 663 230 685 ut
246 660 380 694 permissa
399 660 519 695 coniugii
538 660 732 688 commistione
747 664 851 688 utatur.

103 703 159 736 Καὶ
177 705 267 738 πάλιν,
284 706 345 733 κατ’
361 706 425 733 ἄλλο
449 707 498 742 μὲν
515 707 531 742 ἡ
548 707 662 739 ἄπιστός
685 708 759 734 ἐστιν
787 707 858 734 ἀκά-

63 750 166 786 Θαρτος
179 752 250 778 κατὰ
262 753 312 787 τὴν
335 753 473 786 ἀσέϐειαν,
497 755 557 780 κατ’
592 753 656 781 ἄλλο
677 754 705 781 δὲ
731 755 858 781 κοινωνεῖ

62 797 104 832 τῷ
125 799 215 833 πιστῷ
238 799 334 834 μέρει,
359 800 429 826 κατὰ
462 799 512 835 τὴν
537 799 592 826 τῶν
614 801 750 834 σωμάτων
774 800 857 835 μίξιν.

70 844 137 870 Ἐπὶ
157 844 186 871 δὲ
196 845 246 879 τῆς
260 845 364 881 πόρνης
376 847 436 873 κατ’
450 847 517 874 αὐτὸ
545 847 612 874 καθό
640 848 713 874 ἐστιν
739 846 859 883 ἀκάθαρ-

64 899 113 922 τος
141 891 158 926 ἡ
192 892 318 919 κοινωνία
350 892 474 926 γίνεται,
506 892 562 921 οἷον
590 894 661 921 κατὰ
701 894 732 921 τὸ
767 895 857 930 σῶμα.

68 945 78 961 ι
99 936 245 970 Ἦγίασται
265 937 320 973 γᾶρ
334 938 348 964 ὁ
365 939 436 974 ἀνὴρ
451 941 464 966 ὁ
482 939 685 971 ἄπιστοςηἹνα
695 939 731 974 μὴ
743 939 862 974 φοϐῆται

65 982 96 1008 τὸ
130 983 226 1008 πιστὸν
240 983 325 1018 μέρος
344 984 485 1011 συνοικοῦν
495 984 534 1020 τῷ
546 985 654 1020 ἀπίστῳ
664 985 701 1016 ὡς
717 985 862 1020 γενόμενον

66 1030 100 1063 τῇ
121 1029 279 1064 συνοικήσει
301 1029 546 1065 ἀκάθαρτον,,ὄρα
572 1030 632 1062 πῶς
665 1030 791 1057 ἐκϐάλλει
817 1031 863 1057 τὶν

65 1075 162 1109 φόϐον.
185 1075 342 1109 Ἠγίασται,
359 1074 436 1110 φησι,
452 1077 486 1111 τῇ
506 1076 649 1112 περιουσίᾳ
670 1076 720 1111 τῆς
746 1077 864 1112 καθαρό-

64 1129 159 1156 τητος,
177 1121 266 1155 λέγων
283 1122 412 1148 νικᾶσθαι
428 1122 477 1157 τὴν
494 1122 678 1156 ἀκαθαρσίαν,
694 1124 743 1149 οὐκ
767 1123 862 1158 ἐπειδὴ

65 1167 144 1200 atto;
162 1168 176 1193 ὀ
187 1167 302 1199 ἄπιστος
314 1167 420 1202 γίνεται
435 1176 441 1183 ·
457 1168 487 1194 οὐ
504 1168 558 1203 γὰρ
572 1167 660 1200 οὕτως
692 1167 778 1201 εἶπεν,
793 1169 860 1202 ἀλλ’,

68 1222 77 1236 ι
99 1212 259 1246 Ὶιγίασται,
279 1221 289 1238 ι
315 1213 564 1248 παραμυθούμενος
588 1213 619 1240 τὸ
645 1213 740 1240 πιστὸν
768 1214 861 1249 μέρος,

66 1258 113 1284 καὶ
139 1258 171 1284 τὸ
208 1258 322 1286 ἄπιστον
355 1259 395 1290 εἰς
420 1259 570 1294 ἐπιθυμίαν
598 1259 716 1291 πίστεως
746 1260 861 1294 ὲνάγων.

64 1319 99 1324 —-
233 1306 288 1332 Kal.
299 1305 365 1332 αὐτὸ
380 1305 408 1332 δὲ
421 1305 501 1332 τοῦτο
516 1306 545 1332 τὺ
562 1306 708 1340 ἀνέχεσθαι
730 1308 777 1333 τὸν
796 1307 863 1334 ἀπι-

66 1358 140 1385 στον,
155 1351 201 1377 καὶ
218 1350 255 1385 μὴ
269 1351 414 1386 ἀποπηδᾷν
429 1350 476 1377 τοῦ
491 1353 626 1378 συνοικεῖν
639 1351 677 1386 τῷ
693 1351 790 1386 πιστῷ,
818 1352 863 1386 ὲγ-

64 1395 118 1430 τύς
135 1397 195 1423 ἐστι
209 1396 256 1423 τοῦ
283 1396 352 1432 πρὸς
378 1397 427 1431 τὴν
464 1397 607 1424 εὐσέϐειαν
637 1399 764 1433 συνορᾷν.
793 1392 863 1424 Ἀλλ’

66 1441 138 1468 duo:
149 1450 193 1486 τις
210 1442 241 1468 ἂν
256 1442 320 1474 ἴσως
331 1449 338 1457 ·
352 1442 457 1469 Οὐκοῦν
471 1442 501 1469 τὺ
516 1442 582 1469 avi-.0
595 1443 719 1476 νοοῦντες
738 1445 785 1470 καὶ
799 1445 862 1479 περὶ

66 1486 115 1512 τοῦ
130 1485 240 1517 πιστοῦ.
253 1487 337 1520 ἐγγὺς
351 1487 434 1514 αὑτὸν
451 1485 520 1514 εἶναι
532 1489 651 1523 φαίημεν
667 1489 700 1516 ἂν
722 1489 769 1516 τοῦ
795 1490 864 1525 πρὸς

67 1533 198 1560 ἀπέδεξαν
212 1534 288 1569 ὁρᾷν.
311 1534 382 1569 Πρὸς
407 1535 420 1561 ὅ
439 1542 542 1569 φαμεν,
560 1535 602 1561 ὃτι
617 1535 666 1561 οὐκ
692 1535 766 1561 ἐστιν
795 1536 862 1568 ἴσον,

67 1579 128 1606 οὐδὲ
142 1579 242 1606 πολλοῦ
255 1580 306 1607 δεῖ.
336 1580 365 1607 '0
396 1580 446 1616 μὲν
464 1580 518 1616 γὰρ
544 1581 639 1613 πιστὺς
665 1582 797 1608 συνοικῶν
823 1582 861 1618 τῷ
876 1594 898 1624 c

68 1625 188 1661 ἀπίστῳ,
207 1626 257 1660 τῆς
270 1626 388 1658 πίστεως
401 1626 510 1661 ἐντολὴν
525 1626 572 1653 καὶ
587 1626 668 1661 νόμον
681 1626 792 1662 πληροῖ,
809 1626 862 1653 ὦσ-

67 1680 97 1699 1:
112 1672 258 1708 καὶταύτῃ
273 1672 373 1707 μᾶλλον
389 1673 525 1709 ᾠκείωται
536 1674 571 1712 τῇ
584 1673 685 1705 πίστει,
701 1674 747 1700 καὶ
759 1674 862 1701 διίστα-

67 1726 113 1745 ται
128 1718 180 1753 τῆς
193 1718 335 1751 ἀπιστίας.
352 1719 381 1746 '0
395 1720 424 1746 δὲ
443 1719 558 1750 ἄπιστος
582 1719 652 1754 μόνῃ
674 1721 706 1755 τῇ
726 1719 794 1755 πρὸς
818 1720 864 1747 τὸν

69 1763 247 1791 συνοικοῦντα
263 1765 365 1800 στοργῇ
394 1765 547 1800 δεδεμένος,
573 1766 622 1800 τὴν
656 1766 804 1800 συνάψειαν
833 1766 862 1793 οὑ

71 1810 139 1842 λύει,
158 1810 220 1845 οὐχὶ
233 1810 316 1845 νόμον
325 1811 371 1836 τὸν
380 1810 434 1836 ἀπὸ
447 1811 497 1845 τῆς
521 1810 624 1843 οἰκείας
641 1811 770 1842 ἀπιστίας
783 1812 864 1842 αὺτδς

70 1856 198 1889 ὶκτελῶν,
217 1858 340 1892 στέργων
355 1856 383 1883 δὲ
405 1857 451 1882 τὸν
466 1857 644 1884 συνοικοῦντα
658 1858 865 1892 χειραγωγηθή-

74 1903 151 1929 σεται
167 1911 234 1929 ποτε
256 1903 302 1928 καὶ
327 1901 395 1937 πρὸς
425 1902 474 1936 τὴν
496 1902 579 1929 αὐτοῦ
605 1902 697 1928 πίστιν
726 1902 864 1930 διἀὺτοῦ.

74 1950 129 1976 Καὶ
146 1949 178 1975 τδ
194 1949 321 1984 στέργειν
335 1949 363 1975 δὲ
376 1949 452 1981 αὐτὸ,
467 1949 517 1983 τῆς
525 1948 654 1980 εὺσίὸοῦς
677 1949 735 1975 ἐστι
753 1948 866 1983 νομοθε-

72 1995 142 2028 ciae,
159 1995 219 2022 ἀλλ’
233 1995 294 2030 οὐχὶ
309 1995 359 2030 τῆς
367 1995 506 2026 ἀσεϐείας,
522 1995 603 2020 Ὥστε
615 1994 662 2021 καὶ
677 1994 762 2031 ταύτῃ
781 1994 866 2028 ἐγγύς

73 2043 130 2068 ἐστι
147 2040 197 2067 τοῦ
223 2040 346 2067 εὐσεϐεῖν
362 2041 455 2074 αὑτὸν,
475 2041 521 2066 καὶ
531 2040 661 2075 ἡγιάσοαι
675 2040 720 2067 διὰ
737 2041 785 2075 τῆς
802 2048 864 2066 aov-

72 2088 130 2122 οική
135 2095 206 2117 ergo);
222 2085 270 2112 τοῦ
286 2086 393 2115 πιστοῦ.

110 2133 195 2161 Ἐπεὶ
209 2133 264 2168 ἄρα
279 2133 314 2159 τὰ
332 2132 423 2159 τέκνα
439 2132 522 2166 ὑμῶν
536 2131 690 2166 ἀκάθαρτὰ
711 2131 788 2159 ἐστι.
804 2132 870 2159 Νῦν

73 2180 103 2207 δὲ
117 2179 189 2214 ἅγιά
198 2179 294 2206 ἐστιν.
310 2179 343 2206 El
359 2178 394 2204 δὲ
408 2181 423 2205 ὀ
436 2179 561 2211 ἄπιστος
579 2179 742 2213 χωρίζεται,
781 2187 868 2213 χωρι-

73 2226 172 2258 ζέσθω.
190 2227 233 2253 Οὐ
248 2225 428 2253 δεδούλωται
456 2227 472 2252 ὀ
490 2225 621 2259 ἀδελφὸς
637 2225 656 2258 ἥ
674 2225 692 2259 ἠ
703 2224 819 2259 ἀδελφὴ
836 2225 871 2251 ἐν

947 707 1029 743 479
1044 708 1076 735 Ει
1095 715 1205 735 rursum
1221 716 1228 734 :
1244 707 1325 734 Juxta
1336 707 1411 734 aliud
1426 708 1534 741 impura
1566 712 1609 734 est
1638 705 1706 734 inﬁ-
1753 707 1761 715 ⁵

913 753 993 785 detis,
1011 761 1109 788 nempe
1122 752 1274 784 secundum
1306 752 1494 786 impietatem;
1521 753 1599 787 juxta
1627 751 1703 778 aliud

912 807 979 826 vero
994 799 1181 826 communicat
1194 806 1257 825 curn
1273 802 1351 833 parte
1367 797 1451 829 ﬁdcli,
1469 802 1533 832 puta
1550 799 1704 824 secundum

911 853 1056 880 corporum
1074 845 1305 873 eommistionem.
1327 844 1357 871 In
1378 848 1470 871 scorto
1495 848 1592 870 autem
1613 843 1639 869 in
1653 843 1705 869 hoc

913 893 972 928 ipso
984 899 1038 926 quo
1062 891 1201 918 immunda
1227 895 1270 917 est
1295 890 1322 916 llt
1350 888 1574 918 communicatio.
1607 895 1706 922 uentpe

913 938 1184 972 secundumcorpus.
1199 946 1209 962 ι
1223 936 1416 964 Sanctiﬁcatus
1424 939 1466 962 est
1479 934 1553 962 enim
1579 933 1621 960 vir
1638 933 1706 959 ﬁde-

911 985 957 1013 lis.
969 985 1022 1012 iNe
1034 989 1138 1012 metuat
1152 991 1216 1018 pars
1231 982 1319 1010 lidelis
1331 981 1489 1008 cohabitare
1502 979 1618 1011 inﬁdeli,
1628 980 1705 1014 quasi

913 1032 1117 1060 cohabitatione
1134 1031 1260 1065 impurus
1278 1028 1441 1055 redderetur
1456 1046 1463 1058 ,
1481 1027 1543 1054 vide
1566 1025 1705 1060 quomodo
1721 1046 1729 1051 .

913 1079 1019 1113 repellit
1034 1079 1170 1106 timorem.
1189 1076 1381 1104 Sanctiﬁcatus
1391 1078 1442 1105 est,
1457 1073 1558 1109 inquit.
1572 1080 1703 1100 asserens

912 1126 984 1152 vinci
1000 1125 1186 1160 imporitatem
1201 1123 1366 1150 adveniente
1385 1121 1503 1156 puritate
1520 1129 1527 1146 :
1548 1127 1603 1146 non
1630 1117 1704 1153 quod

913 1171 1029 1199 inﬁdelis
1053 1175 1163 1198 sanctus
1190 1169 1257 1196 ﬁat:
1274 1175 1362 1202 neque
1391 1167 1464 1194 enim
1483 1167 1520 1192 ita
1547 1165 1626 1195 dixit,
1656 1161 1706 1191 sed

918 1227 927 1243 ι
951 1217 1140 1244 sanctiﬁcatus
1152 1220 1214 1242 est:
1234 1225 1242 1241 ι
1259 1213 1427 1242 consolando
1449 1216 1555 1247 partem
1584 1210 1705 1242 ﬁdelem,

914 1272 946 1290 ac
960 1263 987 1290 in
1001 1266 1094 1290 lucens
1110 1262 1247 1289 inﬁdelem
1262 1262 1294 1287 al
1312 1261 1372 1287 lidei
1398 1267 1519 1287 amorem
1543 1263 1570 1285 et
1595 1257 1706 1283 deside-
1738 1269 1740 1275 ι

914 1309 1044 1336 rium.—
1059 1309 1147 1336 Etiam
1181 1308 1233 1334 hoc
1249 1307 1335 1342 ipsum
1362 1314 1460 1340 nempe
1483 1305 1556 1339 quod
1586 1303 1706 1331 infidelis

914 1355 1023 1385 toleret,
1053 1361 1105 1381 nec
1137 1353 1243 1379 resiliat
1269 1352 1303 1378 ab
1331 1351 1502 1377 habitatione
1529 1357 1590 1376 cum
1621 1348 1705 1381 ﬁdeli,

912 1399 1034 1427 vicinum
1056 1398 1197 1433 quidpiam
1228 1397 1284 1432 agit
1313 1401 1344 1423 ut
1371 1396 1494 1422 animum
1527 1395 1645 1429 applicet
1672 1393 1706 1420 ad

914 1445 1054 1480 pietatem.
1071 1444 1123 1472 Sel
1141 1443 1211 1470 dicet
1224 1443 1339 1469 fortasse
1351 1442 1469 1476 aliquis:
1487 1441 1572 1475 Igitur
1587 1440 1706 1474 idipsum

914 1490 1130 1520 considerantes,
1148 1489 1182 1516 de
1197 1489 1268 1515 ﬁdeli
1286 1487 1439 1523 poterimus
1455 1487 1548 1514 dicere
1561 1486 1634 1521 quod
1648 1491 1709 1513 ten-

915 1535 961 1562 dat
991 1535 1024 1561 ad
1046 1535 1224 1569 impietatem.
1244 1533 1286 1560 Ad
1313 1532 1386 1567 quod
1421 1530 1617 1558 dicimus‘non
1647 1538 1708 1557 esse
1726 1552 1734 1558 .

915 1581 1015 1612 simile,
1034 1587 1123 1614 neque
1139 1579 1253 1606 omnino
1267 1578 1292 1605 id
1305 1583 1444 1612 oportere.
1462 1576 1530 1603 Nam
1549 1575 1637 1602 ﬁdelis
1647 1574 1708 1609 qui-

914 1627 976 1655 dem
989 1626 1091 1653 inﬁdeli
1105 1625 1278 1657 eohnbitans,
1293 1624 1308 1650 ﬁ
1322 1623 1354 1651 lei
1368 1626 1535 1657 praeceptum
1562 1621 1707 1656 legemque

915 1671 1045 1706 complet,
1066 1676 1096 1698 ut
1110 1671 1162 1698 hoc
1179 1669 1261 1697 modo
1277 1673 1305 1696 ct
1329 1668 1392 1695 ﬁdei
1418 1667 1503 1702 magis
1531 1666 1707 1698 concilietur,

915 1723 944 1746 et
960 1719 994 1745 ab
1010 1717 1171 1754 inﬁdciitate
1185 1717 1272 1751 magis
1301 1715 1433 1743 dissideat
1448 1723 1455 1741 :
1469 1713 1589 1740 inﬁdelis
1615 1717 1708 1740 autem

915 1772 1008 1792 amore
1027 1764 1122 1792 saltem
1137 1771 1200 1798 erga
1231 1762 1436 1790 cohabitautcm
1461 1760 1617 1791 devinctus,
1641 1767 1708 1786 con-

913 1811 1085 1848 iunctionem
1102 1819 1156 1837 non
1172 1810 1264 1840 solvit,
1278 1817 1335 1836 sua:
1348 1807 1518 1835 inﬁdelitatis
1540 1807 1629 1841 legem
1653 1813 1709 1832 non

916 1857 1072 1893 perﬁciens,
1098 1855 1145 1884 sed
1170 1863 1264 1882 amore
1288 1861 1460 1889 prosequens
1491 1853 1709 1882 eohahitantem,

916 1911 966 1938 per
980 1911 1043 1930 eum
1060 1901 1262 1928 manuducetur
1277 1899 1443 1935 quandoque
1460 1898 1493 1925 ad
1510 1898 1597 1932 ipsius
1616 1897 1708 1924 ﬁdem.

917 1949 1008 1984 Ipsum
1024 1955 1140 1985 namque
1151 1954 1253 1978 amare,
1267 1946 1401 1980 religiosae
1417 1944 1599 1979 legislationis
1619 1947 1656 1969 est
1682 1947 1710 1969 et

917 2001 973 2022 non
989 1993 1138 2028 impietatis
1156 2001 1162 2019 :
1183 1993 1275 2026 itaque
1286 1991 1338 2018 hoc
1349 1998 1459 2025 quoque
1486 1996 1580 2017 amore
1602 1988 1711 2015 vicinus

918 2044 960 2068 est
973 2044 1001 2066 ut
1018 2039 1161 2074 religiosus
1180 2037 1326 2068 eﬁiciatur,
1347 2041 1374 2063 et
1399 2036 1586 2063 sanctilicetur
1607 2042 1656 2070 per
1664 2042 1711 2063 co-

919 2086 1119 2114 habitationem
1133 2083 1232 2111 ﬁdelis.

954 2133 1012 2164 V'll,
1029 2132 1072 2163 Η,
1090 2131 1132 2158 15.
1149 2130 1256 2165 Alioqui
1280 2130 1331 2164 ﬁlii
1354 2130 1434 2158 vestri
1457 2129 1587 2156 immundi
1615 2132 1709 2159 essent,

921 2188 990 2206 nunc
1006 2184 1094 2206 autem
1108 2178 1193 2204 sancti
1217 2182 1289 2203 sunt.
1311 2176 1386 2208 Quod
1409 2177 1432 2202 si
1455 2175 1569 2208 inﬁdelis
1591 2174 1709 2204 discedit,

922 2226 1051 2254 discedat.
1064 2225 1122 2252 Non
1137 2230 1173 2251 est
1187 2224 1306 2251 servituti
1323 2223 1452 2257 subjectus
1470 2224 1554 2256 frater
1580 2224 1628 2247 aut
1636 2228 1712 2247 soror

73 2273 133 2306 τοῖς
143 2272 381 2306 τοιούτοιςηἜν
393 2271 427 2299 δὲ
444 2271 549 2307 ειρήῖνῃ
575 2271 724 2305 κέκληκεν
746 2271 825 2307 ἡμᾶς

964 2271 1123 2306 hujusmodi.
1139 2270 1209 2298 Nam
1224 2271 1251 2297 in
1262 2278 1325 2305 pace
1337 2269 1436 2297 vocavit
1451 2276 1498 2296 nos
1507 2268 1587 2294 Deus.

75 2320 155 2353 Θεός.

106 2366 138 2392 El
153 2365 210 2399 γὰρ
231 2364 269 2400 μὴ
286 2364 405 2397 νικᾶται,
421 2364 489 2400 φησὶ
502 2384 509 2397 ,
523 2365 557 2400 τῇ
575 2364 741 2400 καθαρότητι
758 2364 805 2391 τοῦ
821 2373 868 2392 πι-

77 2412 137 2440 στοῦ
155 2412 260 2448 μέρους
276 2412 306 2439 τὺ
319 2412 444 2445 ἄπιστον,
467 2412 543 2439 οὐδὲν
556 2412 645 2439 λείπει
674 2412 819 2448 ἀκάθαρτα
835 2413 869 2439 τὰ

76 2458 236 2494 γεννώμενα
253 2457 387 2491 γίνεσθαι,
403 2458 418 2493 ἢ
440 2456 469 2490 ἐξ
483 2457 608 2493 ἡμισείας
635 2457 753 2492 καθαρά.
770 2458 868 2492 Ὅπερ,

78 2506 167 2539 φησὶν,
183 2505 234 2531 οὐκ
250 2504 324 2530 ἔστιν
339 2505 415 2540 (ἆγια
438 2504 491 2538 γάρ
518 2503 597 2538 ἐστι),
616 2505 648 2537 τῇ
667 2504 809 2539 περιουσίᾳ
820 2504 871 2538 τ’ής

78 2551 128 2579 τοῦ
141 2552 231 2586 ἁγίου
241 2551 342 2583 λέξεως
354 2551 495 2578 ἐκϐάλλων
507 2551 537 2577 τὺ
551 2551 619 2581 δέος.
634 2551 720 2577 Τοῦτο
734 2551 788 2585 γάρ
797 2553 870 2578 ἐστιν

79 2597 202 2632 ὅλέγειῚ
215 2598 286 2625 Επεὶ
301 2598 355 2633 ἄρα
368 2599 401 2623 τὰ
411 2597 493 2624 τέκνα
510 2597 586 2632 ὑμῶν
603 2596 747 2631 ἀκάθαρτά
758 2598 842 2630 ἐστιν,
858 2607 868 2623 ι

80 2645 103 2671 al
115 2645 164 2681 οὐχ
177 2645 265 2676 οὕτως
278 2645 345 2680 ἔχει.
370 2644 451 2671 Ἀλλὰ
462 2643 510 2670 νῦν
526 2643 592 2677 ἅγιά
603 2643 661 2669 ἔστι
676 2644 708 2678 τῇ
727 2644 871 2679 περιουσίᾳ

80 2691 126 2725 τῆς
137 2690 308 2724 ἁγιωσύνης.

116 2746 125 2762 ι
140 2738 171 2764 Εἰ
187 2737 216 2764 δὲ
239 2738 253 2764 ὁ
267 2737 383 2769 ἄπιστος
408 2737 566 2773 χωρίζεται,
590 2737 782 2774 χωριζέσθω.»
808 2734 871 2763 Οῗον

83 2784 104 2809 εἰ
117 2784 225 2810 κελεύει
241 2784 457 2819 συγκοινωνῆσαι
479 2783 529 2818 τῆς
544 2785 672 2815 ἀπιστίας
701 2783 786 2818 αὐτῷ,
800 2783 815 2818 ἢ
834 2784 871 2818 μὴ

83 2831 157 2857 τοῦτο
191 2831 335 2865 ποιούσης,
369 2831 533 2866 ἀναχωρεῖν,
561 2831 748 2866 ἀναχωρείτω,
793 2830 870 2865 φησί.

84 2876 188 2904 Βέλτιον
204 2877 259 2913 γὰρ
275 2877 321 2904 τὸν
336 2877 436 2913 γάμον,
459 2876 475 2913 ἤ
495 2877 544 2914 τὴν
572 2876 713 2904 εὐσέϐειαν
743 2875 867 2913 λυθῆναι.

944 2366 1012 2394 Nam
1024 2365 1046 2394 si
1058 2373 1132 2401 pars,
1147 2364 1246 2400 inquit,
1261 2363 1380 2391 inﬁdelis
1393 2370 1447 2389 non
1461 2361 1582 2389 vincitur
1594 2360 1712 2395 puritate

920 2414 1018 2446 ﬁdelis,
1034 2413 1103 2440 nihil
1120 2416 1207 2439 restat
1221 2412 1272 2438 nisi
1290 2415 1319 2438 ut
1330 2410 1377 2445 qui
1402 2414 1554 2436 nascuntur
1571 2406 1711 2434 innnundi

919 2463 1043 2493 iiant,aut
1055 2459 1167 2486 dimidia
1180 2463 1284 2486 tantum
1298 2462 1373 2492 porte
1390 2456 1486 2483 mundi
1501 2464 1507 2482 :
1521 2455 1593 2489 quod
1609 2455 1645 2480 ita
1667 2453 1713 2480 in-

892 2532 902 2543 ,
920 2507 990 2542 quit,
1004 2515 1057 2533 non
1072 2510 1123 2538 est,
1137 2513 1199 2532 nam
1213 2504 1301 2531 sancti
1314 2507 1379 2529 sunt
1395 2511 1400 2528 :
1420 2509 1468 2536 per
1481 2501 1627 2527 dictionem
1648 2505 1714 2525 san-

924 2553 1028 2581 ctitatis
1041 2552 1216 2580 abundanter
1245 2550 1381 2585 repellens
1406 2548 1546 2575 timorem.
1567 2545 1624 2572 Hoc
1639 2544 1712 2570 enim

923 2599 1047 2634 estquod
1059 2599 1116 2626 ait:
1137 2608 1145 2623 ι
1167 2598 1275 2632 Alioqui
1286 2597 1336 2624 ﬁlii
1347 2595 1430 2623 vestri
1444 2592 1687 2622 immundiessent,
1703 2600 1711 2614 ι

925 2646 976 2674 nisi
992 2645 1169 2672 videlicetita
1191 2649 1284 2672 esset:
1317 2647 1344 2671 at
1366 2649 1439 2670 nunc
1465 2639 1553 2669 sancti
1581 2641 1655 2670 sunt,
1680 2644 1716 2664 cx

924 2693 1093 2726 abundantia
1121 2691 1286 2719 sanctitatis.

960 2738 1042 2774 430
1062 2736 1158 2769 «Quod
1170 2737 1191 2764 si
1211 2735 1329 2763 inﬁdelis
1347 2733 1472 2763 discedit,
1489 2729 1639 2757 discedat.»
1658 2727 1716 2756 Hoc

922 2791 974 2815 est.
983 2784 1089 2819 sijubet
1100 2787 1128 2810 ut
1139 2789 1201 2810 cum
1210 2791 1243 2809 eo
1251 2781 1436 2809 communiecs
1446 2779 1472 2804 in
1487 2775 1659 2804 inﬁdelitate.
1668 2779 1718 2803 aut,

922 2828 975 2856 nisi
986 2829 1038 2856 hoc
1052 2829 1146 2860 facias,
1156 2828 1228 2863 quod
1239 2826 1422 2862 scparabitur,
1441 2826 1594 2858 separetur,
1605 2821 1695 2856 inquit
1709 2829 1715 2847 :

924 2875 1022 2903 melius
1035 2880 1077 2902 cst
1091 2874 1164 2902 enim
1179 2873 1336 2909 conjugium
1348 2871 1462 2899 dissolvi
1478 2876 1560 2906 quam
1573 2869 1714 2906 pietatem.
