1880 3057
197 151 248 184 731

725 150 924 180 (ECUMENII
944 148 1090 180 TRICC/E
1110 148 1282 180 EPISCOPI

1770 147 1816 178 '13!

200 207 276 236 «Non
291 212 333 236 est
342 207 470 236 servituti
485 207 628 243 subjectus
649 207 745 234 frater.
761 216 770 232 ι
781 207 859 240 Quod
868 207 891 234 si
903 207 985 235 etiam

1044 207 1102 233 1οὺ
1121 206 1282 233 δεδούλωται
1297 206 1312 232 ὁ
1336 204 1460 239 ἀδελφός.
1479 214 1488 231 ι
1510 204 1542 231 Εἰ
1555 204 1583 231 δὲ
1605 203 1655 232 καὶ
1681 204 1742 232 καθ’
1758 206 1814 233 ἑκὰ-

196 254 226 281 in
239 254 299 282 dies
310 258 412 289 pugnat
423 258 470 281 aut
480 253 630 286 contendit,
648 252 742 280 volens
755 257 780 280 te
793 254 826 280 ad
836 260 913 280 suam
923 251 984 279 inﬁ-

197 300 337 327 delitatem
353 300 511 334 pertrahere
532 307 539 325 :
555 299 607 326 hoc
619 306 729 333 quoque
745 298 828 325 modo
845 305 983 333 separare.

198 345 258 373 Non
267 346 340 373 enim
351 347 382 372 ad
395 345 584 380 hujuscemodi
602 353 645 372 res
656 345 797 380 subjectus
808 352 838 371 es
848 344 984 376 servituti,

199 393 322 418 utetiam
331 395 494 425 pugnantem
505 390 586 417 feras.
597 389 809 416 Etmanifestum
820 394 861 416 est
870 389 942 419 quod
952 389 986 417 de

198 444 288 472 pugna
297 444 356 470 qua:
368 436 468 463 accidit
479 436 678 470 loquitur.cum
690 435 845 470 subjungit:
859 444 868 460 ‹
881 435 910 462 In
921 442 986 469 pace

198 482 305 510 vocavit
319 489 370 508 nos
382 482 464 513 Deus,
487 491 496 507 ι
512 482 564 508 hoc
587 485 638 512 est,
663 485 690 507 ut
714 481 741 507 in
757 488 825 515 pace
846 480 985 515 degamus,

199 532 227 555 et
242 535 296 554 non
314 528 349 554 sit
361 528 432 554 inter
444 534 494 553 nos
508 526 650 554 dissidium
669 530 716 553 aut
740 534 840 561 pugna.
853 525 987 565 Quoniam

199 574 282 608 igitur
299 577 399 608 pugnat
411 577 437 600 et
448 573 563 606 rixatur,
592 576 735 607 propterea
752 571 854 598 bonum
867 576 909 599 est
918 571 988 599 libe-

199 619 282 646 rari.«
301 618 358 646 bon
372 623 414 646 est
428 619 554 646 servituti
567 619 706 654 subjectus
715 618 799 646 frater
812 623 860 645 aut
871 626 948 645 soror
960 618 988 645 in

198 665 366 700 huiusmodi.
388 674 397 690 ι
409 665 468 692 Νοη
492 664 585 697 habet,
598 664 697 699 inquit,
714 663 804 691 ﬁdelis
815 664 931 691 maritus
942 668 989 691 aut

199 718 268 738 uxor
282 717 344 737 cum
370 709 496 736 ﬁdelibus
509 717 569 737 eam
584 709 774 737 necessitatem
787 717 847 744 quae
865 709 989 736 imminet

199 756 225 784 ei
233 763 295 783 cum
333 755 471 783 ﬁdelibus.
484 756 524 783 lbi
534 755 607 782 enim
618 755 693 782 nullo
703 755 785 782 modo
793 755 897 790 absque
908 762 989 782 causa

199 801 388 829 fornicationis
402 802 467 828 licet
479 809 493 828 a
503 809 532 828 se
545 809 641 828 mutuo
654 809 702 829 eos
712 801 760 836 qui
776 801 914 837 conjuncti
925 805 990 828 sunt

199 847 331 882 separari.
350 846 400 873 Hie
414 854 479 873 vero
490 847 512 873 si
530 846 678 874 assenserit
695 847 807 881 quidem
834 853 899 881 pars
925 845 987 873 inﬁ-

199 892 270 920 delis
281 897 311 919 ut
332 892 438 919 habitet
463 900 525 920 cum
549 892 632 924 ﬁdeli,
660 897 768 927 oportet
795 900 850 919 non
877 892 985 920 solvere

199 938 356 973 conjugium
365 959 373 970 ,
386 939 409 966 si
420 946 485 965 vero
498 938 643 966 dissidium
653 939 769 965 moverit
777 946 808 965 ac
820 938 983 966 solutionem

199 983 245 1011 illa
259 983 366 1016 fecerit,
381 991 435 1011 non
453 987 496 1011 est
516 983 642 1010 servituti
668 983 809 1018 subjectus
835 983 925 1011 ﬁdelis
954 989 985 1011 ut

198 1037 252 1057 non
269 1034 412 1064 separetur
426 1038 433 1056 :
452 1029 499 1057 sed
513 1029 583 1056 liber
596 1033 639 1056 est
652 1032 681 1055 ut
703 1029 749 1055 illa
778 1029 984 1056 matrimonium

199 1075 322 1102 solvente
333 1075 416 1102 etiam
433 1075 490 1109 ipse
504 1080 655 1109 separetur.
678 1074 804 1101 Attamen
829 1083 985 1110 quanquam

197 1119 268 1147 liber
282 1120 326 1150 sit,
340 1124 369 1147 ut
385 1125 496 1155 propter
509 1120 656 1148 incredula:
667 1120 811 1147 dissidium
822 1121 910 1148 solvat
920 1129 985 1148 con-

195 1168 318 1203 iugium:
336 1168 421 1195 multo
439 1172 528 1195 tamen
546 1168 643 1195 melius
655 1167 776 1194 facturus
789 1174 841 1200 est,
855 1169 876 1195 si
895 1168 983 1195 soluta

195 1214 371 1240 contentione
382 1221 431 1248 per
449 1221 542 1248 pacem
557 1213 683 1248 bonaque
697 1221 790 1248 opera.
801 1221 856 1240 non
869 1214 984 1241 solverit

196 1259 412 1286 matrimonium.
431 1269 440 1284 ‹
461 1259 527 1285 Nam
539 1259 567 1285 in
582 1266 647 1293 pace
662 1259 769 1285 vocavit
787 1266 836 1285 nos
866 1258 948 1287 Deus.
971 1268 981 1284 ι

196 1304 261 1336 Hoc,
282 1305 383 1339 inquit,
395 1305 501 1339 signum
515 1308 556 1332 est
571 1305 741 1331 vocationem
756 1309 876 1331 nostram
893 1312 954 1332 esse
964 1305 984 1338 Ia

196 1350 261 1378 Deo.
275 1351 297 1378 si
324 1359 387 1386 erga
416 1358 512 1378 omnes
534 1355 666 1385 quantum
684 1350 710 1378 in
723 1350 804 1378 nobis
823 1354 865 1377 est
879 1351 983 1385 paciﬁci

195 1396 291 1423 simus.
322 1396 356 1423 Et
385 1396 449 1423 huic
472 1395 693 1430 interpretationi
721 1395 861 1423 conforme
888 1400 930 1423 est
957 1396 983 1423 id

196 1442 268 1476 quod
282 1440 407 1476 sequitur
427 1450 434 1468 2
453 1451 461 1467 ‹
481 1441 550 1475 Quid
570 1441 643 1468 enim
659 1441 744 1472 nosti.
756 1449 833 1472 uxor,
846 1449 880 1468 an
894 1441 983 1469 virum

196 1487 300 1514 salvum
313 1487 395 1515 facies
410 1487 421 1514 ’ἒ
441 1497 450 1514 ι
473 1492 586 1523 propter
599 1487 743 1514 maximam
756 1487 790 1514 ad
808 1487 895 1522 ipsam
916 1495 983 1514 con-

195 1533 371 1560 formitatem.

230 1578 286 1609 VII,
303 1579 346 1612 16,
361 1579 402 1606 17.
415 1579 483 1612 Quid
499 1581 567 1607 enim
583 1581 668 1612 nosti,
690 1587 766 1609 uxor.
780 1588 815 1606 αι
829 1580 915 1606 virum
933 1578 989 1606 sal—

193 1633 254 1652 vum
268 1625 346 1658 [acies
360 1626 373 1652 .9
383 1631 428 1652 aut
437 1627 482 1660 qui
491 1627 569 1659 nosti,
581 1627 632 1658 vir,
641 1635 675 1653 an
687 1634 793 1652 uxorem
802 1626 903 1653 salvam
911 1626 989 1660 {acies

193 1679 283 1699 annon
305 1672 317 1699 ἵ
334 1672 513 1707 Unusquisque
524 1677 552 1699 ut
567 1673 616 1706 ipsi
631 1672 720 1699 divisit
744 1673 833 1699 Deus:
850 1673 990 1708 unusquis-

194 1725 244 1752 que
265 1722 293 1744 ut
319 1718 404 1751 ipsum
435 1719 535 1745 vocavit
557 1717 697 1750 Dominus,
714 1719 750 1745 ita
764 1718 879 1745 ambulet
894 1727 904 1746 :
919 1723 943 1746 et
953 1719 989 1745 sic

194 1763 228 1791 ἰηι
242 1763 355 1790 ccclesiis
367 1764 486 1790 omnibus
500 1765 588 1790 doceo.

229 1809 269 1837 Ad
286 1810 312 1836 id
340 1817 449 1836 rursum
479 1810 595 1841 accedit,
620 1814 713 1837 utrum
745 1810 925 1837 dimittendus
951 1810 988 1838 sit

194 1854 316 1883 inﬁdelis
331 1855 446 1889 quivult
458 1862 579 1886 manere,
596 1862 649 1882 nec
667 1854 812 1882 dissidium
834 1859 935 1888 movet,
959 1859 988 1883 et

193 1902 252 1929 ait:
268 1901 296 1929 Si
310 1901 454 1929 dissidium
472 1909 525 1928 non
537 1906 644 1928 moveat
655 1903 802 1929 adversum
819 1906 856 1934 te,
877 1906 986 1929 maneto

194 1956 259 1975 cum
274 1947 344 1982 ipso.
358 1946 514 1974 Verisimile
528 1947 601 1974 enim
613 1947 739 1982 estquod
753 1947 888 1982 temporis
903 1947 983 1983 ἀει

195 2000 344 2029 progressu
371 1992 459 2026 ipsum
490 2001 599 2028 quoque
627 1994 732 2021 salvum
761 1994 856 2027 faetes,
882 1994 984 2022 factum

193 2039 320 2074 ejusdem
350 2042 440 2065 tecum
468 2039 563 2070 animi,
593 2039 732 2074 faciesque
761 2039 879 2067 fidelem.
916 2040 986 2068 Vide

196 2084 372 2119 autemquod
388 2092 444 2111 non
469 2085 554 2120 exigit
574 2090 604 2112 ut
631 2085 657 2112 id
680 2086 836 2113 necessario
866 2086 922 2118 ﬁat,
949 2095 984 2114 ne

195 2139 277 2166 grave
292 2139 362 2159 onus
374 2131 506 2166 imponat.
519 2131 566 2158 sed
581 2131 667 2158 futuri
687 2131 882 2159 incertitudine
897 2137 925 2159 et
936 2140 986 2160 ne-

195 2177 352 2205 cessitatem
369 2177 481 2210 ademit,
495 2182 523 2205 et
538 2178 563 2205 id
577 2178 684 2205 curavit
698 2185 732 2205 ne
748 2178 805 2206 h:ec
833 2179 985 2206 necessitas

1035 260 1102 286 στην
1115 252 1224 288 ἡμέραν
1240 251 1370 278 πυκτεύει
1383 251 1430 277 καὶ
1447 251 1576 286 μάχεται,
1604 250 1766 286 βουλόμενός
1789 261 1814 279 σι

1034 296 1160 332 πρὺςτὴν
1177 296 1275 323 ἑαυτοῦ
1290 295 1420 322 ἀπιστίαν
1433 294 1558 328 ἑλκύσαι,
1584 296 1630 322 καὶ
1655 295 1743 328 οὓτως
1767 306 1815 332 χω-

1036 344 1152 379 ρίσθητι.
1171 345 1208 371 Οὐ
1220 344 1274 379 γὰρ
1287 343 1459 375 sesamum,
1475 344 1569 378 φησιν,
1587 344 1626 375 είς
1640 345 1674 370 τὰ
1699 343 1814 377 τοιαῦτα,

1036 389 1107 416 ὥστε
1123 390 1170 416 καὶ
1199 390 1352 424 μαχόμενον
1365 389 1520 424 βαστάζειν.
1540 389 1594 416 Καὶ
1611 389 1691 423 δῆλον
1705 391 1746 416 ὅτι
1758 392 1814 426 περὶ

1037 433 1125 468 μάχης
1137 433 1287 468 γενομένης
1301 433 1385 466 λέγει,
1400 433 1429 467 ἐξ
1443 430 1480 460 ὧν
1490 433 1598 468 ἐπάγει·
1613 443 1622 459 1
1635 434 1679 460 Ἐν
1690 434 1718 460 δὲ
1728 435 1815 471 εἰρήνῃ

1035 478 1170 513 κέκληκεν
1183 479 1257 513 ἡμᾶς
1273 479 1287 505 ὁ
1305 478 1555 511 Θεόςητουτέστιν,
1571 479 1614 506 ἶνα
1628 480 1815 515 εἰρηνεύωμεν,

1036 524 1084 550 καὶ
1100 524 1138 560 μὴ
1153 525 1183 551 ὲν
1199 524 1263 559 ὑμῖν
1303 524 1398 556 στάσις
1416 525 1432 559 ἢ
1447 525 1533 560 μάχη.
1551 525 1627 552 Ἐπεὶ
1639 523 1686 552 οὖν
1695 526 1813 561 μάχεται,

1036 571 1078 597 διὰ
1094 570 1171 597 τοῦτο
1198 571 1388 606 ἀπαλλαγῆναι
1414 571 1507 598 καλόν.
1533 580 1542 597 ι
1559 571 1597 598 Οὐ
1628 572 1816 598 δεδούλωταιὸ

1037 615 1150 651 ἀδελφὸς
1166 616 1182 652 ἢ
1194 617 1211 652 ή
1221 616 1321 652 ἀδελφὴ
1332 618 1362 643 έν
1377 618 1432 648 τοῖς
1447 617 1600 649 τοιούτοις.»
1619 618 1676 644 Οὐκ
1686 618 1744 653 ἔχει
1757 618 1816 645 ἀνά-

1037 671 1118 698 γκην,
1133 663 1226 698 φησὶν,
1241 664 1255 690 ό
1270 664 1365 695 πιστὸς
1382 664 1398 699 ἢ
1425 664 1441 700 ή
1459 665 1542 700 πιστὴ
1564 666 1593 691 ὲν
1622 666 1678 696 τοῖς
1702 666 1817 696 ἀπξστοις

1037 709 1176 744 τοιαύτην,
1193 709 1238 737 οἵα
1249 709 1324 745 αὐτῷ
1341 710 1478 737 ἐπίκειται
1497 711 1608 737 ἐπὶτῶν
1621 711 1738 737 πιστῶν.
1753 711 1818 738 Ἐκεῖ

1040 755 1090 790 μὲν
1104 755 1158 790 γὰρ
1173 756 1255 782 παντὶ
1269 755 1372 791 τρόπῳ,
1397 756 1482 792 χωρὶς
1498 756 1578 788 λόγου
1604 756 1746 792 πορνείας,
1773 757 1816 783 οὑκ

1039 801 1145 835 ἔξεστιν
1159 802 1206 829 ἀπ’
1217 802 1339 837 ἀλλήλων
1353 803 1416 834 τοὺς
1432 803 1617 838 συναφθέντας
1640 804 1815 838 χωρισθῆναι·

1041 847 1158 875 ¹ἐνταῦθα
1181 848 1218 882 δὲ,
1247 849 1344 884 ἂνμὲν
1370 849 1518 884 συνευδοκῇ
1547 849 1578 876 re
1603 848 1720 876 ἄπιστον
1745 850 1818 884 μέμ

1038 893 1078 929 τῷ
1093 893 1180 929 τειστῷ
1213 895 1356 927 συνοικεῖν,
1375 895 1415 921 δεῖ
1441 895 1479 930 μὴ
1495 895 1569 921 λύειν
1593 895 1625 922 τὸ
1645 895 1817 921 συνοιχέσιον·

1039 939 1072 967 ἂν
1095 939 1123 966 δὲ
1158 941 1307 976 στασιάζῃ,
1338 940 1385 966 καὶ
1407 941 1456 976 τὴν
1497 940 1574 967 λύσιν
1615 941 1719 972 ἐκεῖνος
1750 943 1818 976 ποιῇ,

1038 985 1069 1012 οὐ
1089 985 1250 1013 δεδούλωται
1282 987 1296 1012 ὁ
1331 985 1426 1017 πιστὸς
1454 987 1494 1018 είς
1510 986 1541 1013 τὸ
1578 987 1615 1022 μὴ
1645 986 1817 1022 χωρισθῆναι,

1037 1031 1094 1058 ἀλλ’
1128 1031 1268 1067 ἐλεύθερός
1309 1032 1393 1064 ἐστιν,
1425 1032 1530 1058 ἐκείνου
1559 1032 1669 1064 λύοντος
1688 1033 1737 1059 τὸν
1776 1033 1819 1064 γά-

1039 1086 1099 1112 μον,
1117 1077 1164 1104 καὶ
1193 1077 1272 1108 αὐτὸς
1301 1077 1487 1112 διαναστῆναι.
1513 1078 1694 1114 Πλὴν,φησὶν,
1721 1080 1746 1106 si
1779 1080 1820 1105 καὶ

1038 1122 1178 1158 ἐλεύθερός
1192 1122 1249 1148 ἐστι
1278 1122 1309 1149 τὸ
1341 1123 1506 1150 συνοικέσιον
1533 1123 1576 1150 διὰ
1606 1124 1656 1159 τὴν
1672 1123 1721 1150 τοῦ
1761 1123 1819 1150 ἀπί-

1038 1177 1101 1195 στου
1138 1168 1232 1195 στάσιν
1269 1168 1353 1200 λύειν,
1401 1169 1459 1196 ἀλλ’
1486 1170 1597 1204 ἀμεινον
1641 1170 1735 1205 πολλῷ
1749 1171 1819 1204 ποιή-

1039 1223 1090 1246 σει,
1117 1215 1142 1241 εί
1175 1215 1224 1250 τὴν
1239 1215 1298 1250 ἔριν
1327 1215 1424 1252 εἰρήνῃ
1453 1215 1498 1242 καὶ
1521 1217 1711 1252 καλοκαγαθίᾳ
1735 1217 1820 1247 λύσας,

1039 1261 1076 1296 μὴ
1093 1260 1168 1287 λύσει
1184 1261 1229 1287 τὸν
1247 1261 1345 1294 γάμον.
1362 1270 1372 1286 ι
1393 1261 1438 1287 Ἐν
1463 1260 1518 1295 γὰρ
1538 1262 1645 1298 εἰρήνῃ,
1673 1262 1753 1296 φησι,
1779 1261 1820 1287 κέ-

1038 1306 1142 1340 κληκεν
1153 1307 1228 1340 ἡμᾶς
1241 1306 1254 1332 ὁ
1275 1306 1353 1338 Θεός.
1373 1316 1383 1332 ›
1406 1306 1491 1333 Τοῦτο
1518 1307 1583 1342 γὰρ,
1598 1307 1675 1342 φησὶ,
1704 1308 1754 1333 καὶ
1778 1306 1820 1340 τῆς

1037 1352 1159 1388 κλήσεως
1195 1353 1245 1388 τῆς
1282 1353 1337 1379 ἀπὸ
1379 1352 1446 1379 Θεοῦ
1488 1354 1612 1388 σημεῖον,
1648 1353 1679 1380 τὸ
1722 1354 1820 1388 εἰρηνι-

1037 1398 1101 1429 κοὺς
1122 1399 1183 1424 ὅσον
1212 1399 1242 1425 τ’)
1264 1398 1293 1431 ἐξ
1319 1399 1396 1434 ἡμῶν
1417 1399 1488 1432 πρὸς
1512 1400 1618 1430 πάντας
1656 1397 1743 1426 εἷναι.
1772 1399 1820 1424 Καὶ

1037 1441 1068 1467 τὺ
1083 1441 1181 1476 ἐφεξῆς
1192 1442 1230 1474 δὲ,
1244 1451 1253 1468 ι
1272 1443 1304 1468 Τί
1316 1443 1369 1478 γὰρ
1377 1441 1461 1475 οἶδας,
1477 1442 1584 1477 γύναι,ι
1595 1443 1641 1470 καὶ
1655 1443 1732 1478 ἑξῆς,
1745 1442 1820 1477 ταύτῃ

1039 1487 1146 1522 συνᾴδει
1167 1489 1197 1524 τῇ
1218 1489 1352 1524 ἑρμηνείᾳ
1366 1488 1417 1522 ,διὰ
1445 1488 1493 1524 τῆς
1514 1489 1582 1524 πρὸς
1605 1481 1692 1524 αὐτὴν
1710 1489 1822 1524 μάλιστα

1040 1534 1211 1566 ἀκολουθίας.

1080 1581 1110 1606 Τί
1129 1580 1183 1615 γὰρ
1195 1579 1289 1614 οἶδας,
1307 1581 1403 1614 γύναι,
1419 1582 1445 1608 ει
1461 1581 1516 1608 τὶν
1526 1580 1620 1615 ἄνδρα
1644 1581 1758 1614 σώσεις
1777 1590 1786 1614 ;
1808 1581 1822 1614 ἦ

1040 1625 1068 1652 τί
1080 1624 1174 1660 οϊδας,
1198 1626 1280 1661 ἆνερ,
1308 1627 1334 1653 εὶ
1348 1628 1407 1659 τὴν
1426 1627 1556 1660 γυναῖκα
1586 1626 1696 1659 σώσεις
1714 1627 1735 1661 ἢ
1761 1626 1823 1661 mi;

1037 1671 1154 1705 ἑκάστῳ
1183 1672 1223 1704 ὡς
1263 1672 1428 1706 ἐμέρισε·νό
1445 1672 1528 1704 Θεὸς,
1557 1672 1690 1699 ἕκαστον
1721 1674 1762 1705 ὡς
1783 1672 1824 1698 κέ-

1037 1719 1152 1751 κληκεν
1163 1720 1178 1744 ὀ
1192 1718 1310 1752 Κύριος,
1321 1718 1417 1751 οὕτως
1433 1719 1638 1753 περιπατείτω.
1656 1718 1713 1745 Καὶ
1739 1719 1824 1750 οὕτως

1037 1763 1072 1790 ἐν
1086 1764 1150 1797 ταῖς
1165 1764 1362 1798 Ἕκκλησίαις
1374 1764 1486 1797 πάσαις
1492 1764 1702 1798 διατάσσομαι.

1073 1810 1158 1838 Πάλιν
1175 1810 1244 1846 πρὸς
1260 1810 1304 1836 τὸν
1318 1811 1428 1845 ἀφιέναι
1446 1810 1537 1845 μένειν
1553 1810 1664 1837 θέλοντα
1686 1811 1734 1838 τὸν
1766 1812 1824 1839 ἄπι-

1040 1865 1102 1883 στον
1120 1857 1187 1892 μηδὲ
1219 1856 1400 1889 στασιάζοντα
1436 1857 1617 1892 μεταδέὸηκε,
1647 1857 1695 1883 καί
1735 1865 1821 1892 φησιν·

1037 1901 1067 1928 Εἰ
1081 1901 1118 1937 μὴ
1131 1902 1316 1934 διαστασιάζοι
1327 1902 1396 1937 πρὸς
1409 1902 1449 1934 σὲ,
1470 1903 1533 1937 μένε
1547 1902 1606 1937 μετ’
1632 1902 1727 1930 αὑτοῦ.
1754 1903 1824 1933 Εἰκὸς

1037 1944 1091 1980 γὰρ
1105 1943 1143 1979 τῷ
1158 1945 1248 1980 χρόνῳ
1260 1945 1308 1972 καὶ
1320 1945 1417 1977 σώσεις
1434 1946 1515 1973 αὐτὸν
1534 1946 1768 1981 ωμὸουλεύοντα,
1784 1948 1824 1974 καὶ

1038 1990 1134 2017 πιστὸν
1148 1991 1285 2026 ποιήσεις.
1301 1991 1371 2027 Ὅρα
1388 1991 1417 2018 δὲ
1428 1992 1487 2023 πῶς
1501 1992 1551 2018 οὐχ
1567 1993 1596 2019 έν
1618 1993 1729 2029 ἀνάγκῃ
1753 1992 1825 2020 τοῦτο

1037 2036 1164 2070 γενέσθαι
1175 2037 1326 2072 ἀπῄτησεν,
1341 2037 1386 2064 ἵνα
1398 2037 1436 2072 μὴ
1452 2037 1534 2073 βάρος
1549 2037 1642 2073 ἐπιθῇ,
1653 2038 1723 2064 ἀλλὰ
1738 2040 1771 2073 τῇ
1783 2037 1824 2064 τοῦ

1039 2082 1183 2117 μέλλοντος
1222 2082 1320 2118 ἀδηλία
1347 2083 1395 2109 καὶ
1417 2083 1466 2118 τὴν
1494 2083 1618 2117 ἀνάγκην
1647 2082 1746 2115 ἐξεῖλε,
1784 2082 1825 2109 καὶ

1040 2127 1145 2162 ταύτην
1167 2128 1205 2164 μὴ
1239 2128 1396 2162 ἀπογνῶναι
1429 2129 1478 2155 καὶ
1511 2129 1677 2164 ὲνναρχῆσαι
1711 2129 1824 2164 συμεον-

1035 2174 1176 2207 λεύουσαν,
1198 2174 1417 2210 παρεσκεύασεν.
1463 2183 1472 2200 ι
1487 2175 1523 2201 ’Ἦ
1555 2175 1605 2210 μὴ.
1622 2185 1631 2201 ι
1670 2175 1749 2207 Ἕως
1766 2175 1820 2207 τοῦ,

195 2221 230 2250 ad
247 2222 467 2257 desperationem
493 2223 623 2251 suaderet
647 2228 695 2251 aut
724 2227 832 2259 torpere
865 2224 979 2253 faceret.

1044 2229 1047 2246 ι
1078 2221 1114 2248 Ἦ
1146 2220 1194 2256 μὴ,
1219 2230 1229 2247 ι
1259 2221 1349 2253 στίξον
1374 2220 1480 2247 τελείαν
1520 2221 1650 2256 στιγμὴν,
1674 2220 1755 2259 ἴναῇ
1781 2221 1823 2248 οὒ-

197 2276 208 2294 ι
231 2268 340 2296 Annon.
363 2278 372 2295 ι
391 2268 482 2304 Usque
491 2269 524 2296 ad
544 2269 571 2296 id
587 2269 701 2296 verbum
713 2278 722 2294 ‹
742 2269 851 2302 Annon,
869 2279 878 2295 ›
892 2269 984 2304 perfe-

195 2317 266 2340 ctam
283 2314 428 2348 prnducito
444 2314 664 2347 distinctionem,
681 2319 711 2341 ut
725 2314 761 2341 sit
788 2314 834 2342 hic
862 2323 961 2343 sensus
979 2324 986 2342 :

194 2358 249 2385 Aut
262 2359 308 2392 qui
325 2359 407 2392 nosti,
426 2359 477 2389 vir.
498 2364 588 2386 utrum
603 2367 715 2387 uxorem
727 2361 828 2388 salvam
842 2361 925 2389 facies
937 2370 988 2389 an-

194 2404 272 2430 non?
287 2403 343 2431 [loc
355 2409 407 2436 est,
423 2404 500 2432 Unde
516 2405 588 2432 nosti
600 2410 692 2433 utrum
709 2407 810 2434 salvam
824 2407 918 2438 facies.
934 2416 984 2435 an-

1036 2274 1104 2299 τως·
1119 2267 1155 2293 Ἦ
1170 2266 1196 2292 τί
1208 2264 1292 2298 οἶδας,
1304 2265 1470 2301 ἄνερ,εὶτὴν
1483 2267 1601 2301 γυναῖκα
1616 2265 1712 2298 σώσεις
1731 2267 1747 2302 ἢ
1763 2267 1797 2302 μή
1811 2275 1818 2299 ;

1038 2313 1172 2343 τουτέστι,
1186 2312 1271 2338 Πόθεν
1281 2310 1355 2343 οἶδας
1371 2309 1532 2347 εῑσώσειςῆ
1549 2312 1586 2347 μὴ
1598 2312 1694 2344 σώσεις
1708 2321 1716 2345 ;
1732 2313 1823 2348 ἄδηλον

1040 2358 1095 2393 γὰρ
1115 2357 1145 2384 τὸ
1161 2357 1256 2392 μέλλον
1267 2364 1275 2372 ⁸
1302 2357 1402 2393 ἀδήλου
1425 2358 1454 2385 δὲ
1471 2358 1557 2390 ὄντος,
1571 2358 1601 2385 οὺ
1622 2358 1663 2384 δεῖ
1680 2358 1756 2386 λύειν
1780 2359 1821 2385 τὸν

1040 2404 1140 2438 γάμον.

193 2456 249 2476 non
264 2449 366 2476 salvam
380 2449 636 2479 facies?lnccrtum
651 2456 693 2480 est
708 2452 782 2480 enim
803 2452 870 2488 quid
888 2452 1010 2480 futurum
1042 2451 1077 2479 sit
1093 2459 1100 2476 :
1128 2455 1247 2483 cumque
1261 2448 1399 2476 incertum
1434 2449 1480 2483 sit,
1499 2457 1555 2477 non
1585 2454 1698 2486 oportet
1716 2451 1819 2479 solvere

192 2503 364 2531 coniugium.

231 2542 338 2570 Etenim
354 2542 376 2570 si
391 2543 493 2570 salvam
511 2552 566 2572 non
593 2545 703 2578 feceris,
729 2546 836 2573 nullum
865 2545 985 2580 accipies

193 2587 390 2615 detrimentum
407 2597 414 2616 :
433 2589 456 2617 si
472 2598 538 2618 vero
559 2591 661 2618 salvam
677 2591 788 2622 feceris,
818 2595 846 2618 et
874 2591 986 2626 juvabis

192 2639 220 2660 et
232 2634 448 2670 ipsejuvabcris.
465 2645 474 2661 ι
490 2636 646 2671 Unicuique
654 2641 688 2666 .ut
700 2637 752 2671 ipsi
769 2637 862 2664 divisit
875 2637 958 2664 Deus.
974 2647 983 2662 ι

192 2679 334 2714 Siquidem
352 2681 428 2708 solus
443 2681 502 2717 ipse
517 2683 592 2709 novit
607 2682 673 2716 quid
688 2682 756 2708 utile
769 2682 815 2714 sit,
837 2687 866 2709 et
891 2688 984 2710 utrum

192 2726 279 2760 magis
305 2726 465 2754 conferebat
490 2731 520 2754 ut
547 2727 581 2754 ab
606 2727 686 2754 initio
712 2727 801 2754 fidelis
824 2728 987 2763 conjunctus

193 2777 268 2799 esset
282 2772 385 2800 infideli
402 2781 436 2800 an
454 2772 534 2799 ﬁdeli.
552 2772 661 2799 Etenim
680 2772 707 2799 in
730 2772 896 2807 quibusdam
919 2781 987 2802 con-

193 2817 312 2845 ducebat
329 2823 358 2846 ut
375 2819 464 2846 ﬁdelis
481 2818 555 2846 ﬁdeli
585 2818 756 2846 cohabitarct
770 2827 802 2846 ac
824 2820 987 2856 conjunctus

193 2868 276 2898 esset,
293 2865 320 2892 in
334 2865 500 2900 quibusdam
517 2873 581 2894 vero
597 2871 626 2894 ut
638 2865 727 2894 ﬁdelis
748 2866 851 2895 infideli
870 2866 921 2896 :ct'
940 2868 978 2896 ita

1068 2544 1113 2580 Μὴ
1129 2543 1224 2576 σώζων
1245 2544 1295 2580 μὲν
1308 2544 1363 2580 γὰρ
1375 2545 1425 2571 οὐκ
1445 2544 1575 2579 ἐϐλάϐης,
1595 2545 1691 2577 σώζων
1709 2545 1738 2572 δὶ
1755 2545 1824 2578 ὠφε-

1033 2591 1131 2626 λήθης.
1149 2599 1158 2616 ι
1181 2590 1305 2626 Ἐκάστῳ
1325 2590 1362 2621 ώς
1394 2590 1522 2626 ἐμέρισεν
1544 2591 1558 2617 ό
1587 2590 1684 2622 Θεὸς.»
1707 2591 1744 2617 Τὸ
1772 2591 1822 2625 γὰρ

1037 2636 1175 2672 συμφέρον
1200 2636 1281 2668 αὐτὸς
1302 2636 1382 2671 μόνος
1411 2635 1478 2669 οἶδε,
1495 2636 1544 2663 καὶ
1575 2637 1691 2672 πότερον
1721 2636 1816 2671 μᾶλλον

1038 2681 1185 2714 συνετέλει,
1200 2681 1245 2707 τὸν
1258 2681 1354 2707 πιστδν
1376 2681 1405 2714 ἐξ
1426 2682 1513 2716 ἀρχῆς
1530 2682 1637 2716 ἀπίστῳ
1657 2681 1821 2716 συνοφθῆναι

1041 2728 1057 2764 ἢ
1071 2727 1169 2762 πιστῷ.
1182 2727 1242 2753 Ἐπ’
1261 2727 1400 2762 ὶνίωνμὲν
1416 2728 1469 2762 γὰρ
1485 2728 1617 2763 συνέφερε
1631 2728 1726 2754 πιστὸν
1740 2726 1822 2761 πιστῷ

1041 2775 1186 2804 συνοικεῖν.
1200 2773 1247 2799 καὶ
1260 2773 1382 2809 συνήφθη
1397 2774 1455 2800 ·ὲπ’
1467 2774 1545 2800 ἐνίων
1556 2775 1584 2800 δὲ
1599 2775 1694 2801 πιστὸν
1702 2774 1817 2807 ἀπίστῳ,

1040 2820 1087 2848 καὶ
1103 2819 1214 2854 γέγονεν
1225 2818 1321 2851 οὕτως.
1338 2820 1393 2846 Καὶ
1402 2819 1504 2847 τούτων
1513 2820 1600 2851 οὐδείς
1624 2820 1699 2846 ἐστιν
1726 2818 1820 2850 ἱκανὸς,

1034 2865 1149 2894 συνιδεῖν
1162 2865 1211 2897 τὰς
1226 2865 1324 2899 αἰτίας,
1338 2865 1408 2901 πλὴν
1417 2864 1469 2892 τοῦ
1487 2865 1557 2893 οὕτω
1566 2865 1765 2901 διαταξαμένου
1777 2863 1820 2891 καὶ
