1880 3057
89 142 147 173 733

557 144 755 177 COMMENT.
773 145 816 176 ΙΝ·
828 146 952 178 EPIST.
967 147 982 177 Ι
1002 147 1052 177 ΑΙ)
1066 135 1250 178 CDRINTH.

1675 150 1729 183 734

90 198 258 233 μερίσαντος
264 197 344 229 Θεοῦ,
357 198 404 225 καὶ
414 197 579 231 καλέσαντος
590 200 704 236 Κυρίου.
718 199 750 227 Εἰ
762 201 790 227 δὲ
800 200 868 227 όΘεδ

964 207 1037 229 clum
1054 207 1106 230 est.
1123 203 1156 230 Et
1171 202 1272 230 horum
1286 211 1383 231 causas
1393 211 1475 232 nemo
1491 204 1608 233 idoneus
1623 211 1665 234 est
1679 207 1727 242 qui

90 243 139 270 καὶ
149 245 164 270 ὁ
173 243 277 279 Κύριος
288 243 338 275 τὰς
347 243 476 276 τοιαύτας
490 244 639 280 συναφείας
655 245 734 279 ἔταξε
749 247 796 273 καὶ
817 245 886 281 ἑμί-

91 298 153 324 ρισε
165 290 237 316 κατά
251 290 281 316 τὸ
293 290 409 317 ἑκάστου
417 291 570 326 συμιρέρον,
581 292 632 318 οὐκ
647 292 750 327 ὀφείλει
766 293 779 319 ὁ
789 291 886 324 πιστὸς

89 335 201 371 ἀπίστῳ
215 336 362 371 συναφθεὶς
376 337 533 374 δυσφορεῖν,
556 335 572 373 ἢ
589 338 710 372 ἀγωνίαν
738 339 787 366 καὶ
808 338 885 365 λύσιν

89 381 245 415 ἐπιζητεῖν,
264 381 331 409 ἀλλὰ
365 383 456 416 καθὼς
489 383 591 419 ἐκλήθη
627 384 751 414 ἕκαστος,
791 384 879 419 τούτῳ

92 426 227 461 ἐμμένειν
236 427 519 463 καὶξουμπεριπατεῖν.
529 428 557 455 '0
564 429 618 464 γὰρ
633 429 798 464 Σευηριανὸς
813 429 886 455 ἔστι-

89 471 136 504 ξεν
153 472 252 503 οὓτως.
267 472 299 499 El
319 473 374 508 γὰρ
397 473 434 509 μὴ
456 473 544 506 οὕτως
571 474 674 510 οτῐξῃς,
699 475 886 510 ἀσυνάρτητον

88 518 186 551 ἔλεγεν
196 516 266 544 εἶναι
278 517 328 554 τὴν
338 518 475 551 σύνταξιν.
487 518 580 550 Οὕτως
589 528 630 552 σε,
640 521 733 555 φησιν,
758 520 886 556 ἐμέρισεν

89 564 103 590 ὀ
119 563 187 594 Θεὸς
203 563 250 590 καὶ
263 563 350 595 οὕτως
365 563 511 598 κέκληκεν,
532 564 600 600 μετὰ
620 565 748 599 γυναικὸς
760 565 776 600 ἢ
790 565 886 600 ἀνδρὸς

87 610 209 638 ἀπίστου
219 618 226 626 ·
243 612 343 645 στέργε
362 610 510 646 τοιγαροῦν
524 610 569 638 τὸν
581 611 681 646 γάμον,
700 611 748 638 καὶ
762 610 800 646 μὴ
824 611 886 638 δια-

87 656 177 692 λύσῃς
192 656 242 692 τὴν
250 656 468 689 πίστιν.ιοΰτως
481 657 510 684 ἐν
523 658 583 690 ταῖς
591 657 768 692 Ἑκκλησίαις
785 657 886 689 πάσαις

86 703 393 738 διατάσσομαι.ιτοῦτο
401 704 512 738 ἐπάγει,
529 703 572 730 ἵνα
586 703 624 739 τῷ
637 705 712 739 σχεῖν
726 705 773 730 καὶ
789 704 886 736 ἄλλους

88 749 240 780 κοινωνοὺς
274 749 322 776 καὶ
355 749 439 782 ἄλλας
482 749 657 785 Ἐκκλησίσς,
685 750 886 786 προθυμότεροι

89 795 156 830 περὶ
175 793 224 830 τὴν
243 795 367 831 ὑπακοὴν
379 795 522 830 γένωνται.

937 252 1086 283 cognoscat
1109 248 1161 275 nisi
1193 249 1250 284 ipse
1266 249 1338 276 Deus
1355 250 1401 284 qui
1419 250 1455 278 ita
1473 251 1610 286 disposuit
1623 260 1655 280 ac
1683 254 1728 280 di-

936 292 1041 325 visit,et
1053 293 1185 320 Dominus
1196 293 1240 328 qui
1256 294 1455 328 vocavit.Qu0d
1470 296 1491 323 si
1505 297 1576 323 Deus
1589 305 1621 323 ac
1634 297 1728 325 Domi-

935 335 1092 370 hujusmodi
1107 337 1317 372 coniunctiones
1331 338 1479 373 disposuit,
1496 348 1528 367 ac
1540 340 1634 368 divisit
1645 342 1723 376 juxta

935 383 1069 418 cujusque
1083 383 1238 416 utilitatem,
1263 391 1317 411 non
1342 384 1424 412 debet
1447 385 1536 413 ﬁdelis
1566 387 1729 422 conjunctus

936 430 1041 458 inﬁdeli
1055 431 1175 466 graviter
1203 431 1276 458 l’erre
1307 435 1354 458 aut
1378 432 1484 459 anxiari
1511 437 1539 460 et
1562 434 1727 462 solutionem

927 475 1078 510 acquirere
1094 485 1101 503 :
1118 476 1166 503 sed
1182 475 1254 503 sicut
1273 477 1464 512 unusquisque
1486 483 1600 506 vocatus
1623 483 1676 511 est,
1699 479 1727 507 in

936 521 989 549 hoc
1002 526 1162 556 permaneat
1175 530 1207 550 ac
1236 523 1376 557 procedat.
1401 523 1567 552 Severianus
1590 525 1664 552 enim
1689 526 1727 552 ita

935 567 1060 595 distinxit
1076 575 1158 595 :nam
1175 568 1196 595 si
1212 568 1249 595 ita
1265 576 1319 595 non
1333 569 1498 605 distinguas,
1511 570 1722 605 incompositam

936 612 1005 640 dixit
1016 621 1078 641 esse
1093 614 1305 642 ordinationem.
1326 614 1376 646 lla,
1391 616 1490 650 inquit.
1505 620 1530 643 te
1547 616 1641 644 divisit
1653 617 1726 644 Deus

935 663 963 686 et
983 660 1019 686 ita
1034 660 1217 687 vocavitcum
1239 668 1324 688 uxore
1351 665 1398 688 aut
1427 661 1485 688 viro
1510 662 1635 690 inﬁdeli:
1665 670 1726 690 ama

936 705 1019 741 igitur
1033 706 1191 741 conjugium
1208 713 1260 733 nec
1276 706 1356 733 iidem
1371 706 1515 734 dissolvas.
1534 717 1543 733 ι
1562 707 1600 735 lta
1623 708 1650 735 in
1671 708 1725 736 Ec-

935 751 1027 779 clesiis
1044 751 1174 778 omnibus
1185 751 1309 779 ordino.»
1323 751 1381 780 Hoc
1402 743 1496 780 autem
1518 753 1670 788 sulijungit.
1697 757 1728 781 ut

935 802 968 822 ex
983 794 1036 822 hoc
1052 794 1126 830 quod
1139 795 1208 822 alios
1222 803 1333 830 quoque
1350 796 1469 824 habeant
1493 798 1583 825 socios
1601 803 1630 826 et
1659 798 1727 826 alias

936 841 1078 873 ecclesias,
1092 841 1276 876 promptiores
1291 842 1358 870 (iant
1373 842 1407 869 ad
1421 842 1617 870 obedientiam.

126 886 382 921 Περιτετμημένος
401 896 448 920 τις
470 887 596 922 ἐκλήθη,
617 887 660 923 μὴ
690 888 868 917 ἐπισπάσθω

971 887 1028 919 Vll,
1042 887 1134 914 18-20.
1149 887 1323 915 Circumcisus
1336 889 1467 924 quispiam
1483 893 1592 916 vocatus
1605 893 1654 921 est,
1674 897 1728 916 non

95 933 149 960 ‘Er
169 933 353 966 ἀκροϐυστίᾳ
368 940 415 966 τις
438 933 564 969 ἐκλήθη,
585 934 628 970 μὴ
656 935 885 969 περιτεμνέσθω.

95 979 135 1007 Ἦ
144 978 289 1014 περιτομὴ
303 979 394 1007 οὐδέν
407 980 484 1014 ἐστι,
499 981 548 1008 καὶ
564 981 582 1015 ή
598 981 781 1015 ἀκροϐυστία
797 981 888 1009 οὐδέν

89 1027 189 1060 ἐστιν,
205 1027 287 1055 ἀλλὰ
312 1027 439 1062 τήρησις
456 1027 590 1055 ἐντολῶν
616 1029 700 1056 Θεοῦ.
735 1029 887 1062 ’Ἕκαστος

89 1074 126 1100 ἐν
140 1073 179 1107 τῇ
198 1073 308 1107 κλήσει
324 1071 344 1110 ᾗ
368 1074 493 1108 ἐκλήθη,
512 1075 548 1101 ἐν
571 1075 665 1109 ταύτῃ
690 1075 814 1110 μενέτω.

132 1120 231 1150 Πάλιν,
245 1121 323 1155 φησι,
335 1120 572 1155 περιτετμημένος
583 1120 753 1156 ὲκλήθη;,μὴ
766 1120 885 1148 ἐπισπῶ.

88 1179 126 1185 -
141 1163 246 1200 [sum
264 1164 293 1191 '0
307 1164 384 1199 ἅγιος
396 1165 556 1199 Ἐπιφάνιος
573 1164 655 1192 τοῦτό
668 1174 761 1200 φησιν,
780 1166 821 1192 ὅτι
841 1165 888 1192 διὰ

90 1219 165 1241 τινος
176 1210 324 1246 θεραπείας
337 1212 565 1246 φαρμακευτικῆς
588 1211 704 1238 δύναταί
718 1220 760 1243 τις
773 1212 887 1246 ποιῆσαι

91 1256 139 1283 τὸν
149 1257 338 1292 ὲμπερίτομον
347 1257 528 1292 ἀκρόδυστον,
541 1257 589 1284 καὶ
597 1258 638 1284 ὅτι
651 1257 753 1293 ταύτης
769 1258 818 1292 τῆς
826 1258 888 1283 ἐπι-

90 1302 168 1332 νοίας
179 1302 289 1337 πρῶτος
302 1303 416 1338 εὑρετὴς
428 1303 539 1337 γέγονεν
557 1303 653 1330 Ἠσαῦ.
664 1304 713 1330 Διὰ
737 1303 815 1331 τοῦτό
838 1313 888 1339 φη-

91 1349 243 1380 σινόΘεός·
257 1358 266 1375 ι
278 1349 421 1376 ΤὸνἮσαῦ
435 1350 634 1385 ὲμίσησα.›-ι
651 1351 696 1377 Ἐν
718 1350 887 1387 ἀκροϐυστίᾳ

90 1402 133 1426 τις
158 1394 273 1430 ἐκλήθη,
297 1395 334 1430 μὴ
354 1395 569 1430 περιτεμνέσθω.
583 1405 592 1422 ι
621 1395 833 1431 -[01ΚΟΥΜ,]
844 1396 887 1423 El-

91 1442 139 1473 ιὺς
155 1441 212 1476 γὰρ
230 1441 284 1468 ἀπό
300 1449 371 1472 τινος
388 1440 670 1476 οεραπείαςδύνασθαι
684 1442 724 1473 είς
735 1440 764 1467 τὺ
776 1442 887 1477 ἀρχαῖον

91 1486 251 1514 ἐπανελθεῖν
262 1487 311 1522 τὴν
323 1486 485 1522 περιτομὴν,
495 1486 620 1522 καὶπρὸς
632 1487 717 1522 αὐτὴν
729 1487 888 1522 ἀνατρέχειν

91 1533 141 1560 καὶ
150 1532 314 1568 καυχᾶσθαι.
324 1532 367 1559 Ἐν
376 1532 551 1568 ἀκροϐυστίᾳ,
562 1534 654 1568 φησὶν,
664 1532 791 1568 ἐκλήθης,
802 1533 865 1568 μένε
873 1532 887 1559 ὃ
900 1549 922 1578 c

91 1578 127 1607 εἴ.
137 1579 210 1607 οὔτε
217 1579 271 1614 γὰρ
281 1580 297 1615 ή
309 1579 446 1615 περιτομὴ
457 1579 674 1614 πρὺςσωτηρίαν
686 1579 883 1614 συμϐάλλεται,

89 1626 153 1654 οὔτε
170 1626 188 1662 ἡ
200 1625 367 1661 ἀκροὸυστία
381 1625 551 1660 λυμαίνεται.
561 1625 636 1657 Ἐνδς
649 1626 703 1660 γὰρ
717 1625 796 1661 χρεία
806 1625 886 1658 μόνον

91 1673 140 1700 τοῦ
149 1671 272 1708 πληροῦν
281 1671 329 1703 τὰς
338 1671 459 1704 ἐντολάς.
477 1686 513 1692 -
529 1669 630 1708 [ΦΩΤ.]
666 1672 721 1698 Καὶ
738 1673 754 1707 ἡ
768 1670 887 1707 ὠφέλεια

91 1720 135 1747 διὰ
148 1720 200 1755 τὴν
215 1720 333 1754 τήρησιν
352 1718 400 1753 τῆς
416 1717 526 1753 ὲντολῆς
534 1717 708 1754 περιγίνεται
723 1717 824 1753 ὁμοίως
839 1718 887 1746 καὶ

90 1767 123 1801 τῇ
139 1765 278 1801 περιτομῇ
293 1764 340 1791 καὶ
355 1765 388 1800 τῇ
407 1763 586 1800 ἀκροϐυστίᾳ,
616 1764 677 1791 Τῶν
705 1764 759 1799 γὰρ
782 1765 810 1790 ιν
838 1764 887 1791 ἁν-

93 1811 214 1847 Θρώποις
228 1809 368 1846 πράξεων,
382 1811 408 1836 αί
426 1810 475 1846 μὲν
493 1809 553 1836 καθ’
566 1810 652 1841 αὑτὰς
665 1810 756 1846 ἔχουσι
778 1811 807 1837 τὸ
819 1811 889 1846 χρή-

93 1865 183 1893 σιμον,
195 1857 242 1884 καὶ
256 1857 281 1883 εἰ
296 1856 334 1892 μὴ
351 1852 417 1882 ὦσιν
433 1856 544 1891 ἐντολῆς
559 1856 711 1892 ἠρτημένοι
728 1856 813 1890 θείας,
832 1854 888 1883 οἷον

93 1905 109 1940 ή
135 1903 295 1938 δικαιοσύνη
325 1903 373 1929 καὶ
397 1903 432 1929 τὰ
456 1903 548 1934 ὅμοια·
575 1903 605 1929 al
623 1901 651 1928 δὲ
669 1901 713 1928 διὰ
734 1901 817 1938 μόνην
839 1902 888 1939 τὴν

92 1950 215 1985 ἐντολὴν,
231 1949 268 1981 ὡς
280 1948 313 1976 τὰ
324 1948 439 1976 πλεῖστα
457 1949 510 1975 τῶν
526 1949 554 1975 ὲν
567 1947 605 1984 τῷ
617 1947 703 1983 νόμῳ.

125 1996 243 2028 Δοῦλος
255 1994 399 2029 ἐκλήθης,
427 1994 468 2030 μή
496 2002 546 2022 σοι
571 1994 697 2030 μελέτω·
714 1993 783 2022 ἀλλ’
802 1993 887 2021 είκαί

92 2042 225 2070 δύνασαι
248 2041 407 2074 ἐλεύθερος
437 2041 588 2077 γενέσθαι,
617 2040 737 2076 μᾶλλον
764 2040 886 2075 χρῆσαι.

97 2090 128 2115 ’0
145 2089 203 2124 γὰρ
223 2087 258 2115 ὲν
274 2088 371 2122 Κυρίῳ
400 2086 524 2122 κληθείς
545 2086 668 2120 δοῦλος,
688 2087 889 2121 ἀπελεύθερος

93 2134 206 2168 Kupl'av
218 2132 314 2160 ἐστίν.
339 2133 460 2167 Ὁμοίως
510 2131 559 2158 καὶ
586 2134 603 2159 ὀ
630 2132 787 2166 ἐλεύθερος
816 2133 889 2165 κλη-

93 2179 171 2212 θεὶς,
195 2177 306 2210 δοῦλός
326 2178 392 2204 ἐστι
427 2177 566 2212 Χριστοῦ.
597 2177 686 2212 Τιμῆς
720 2177 889 2212 ἠγοράσθη-

937 938 1056 961 accersat
1071 935 1231 969 pra’putium
1248 944 1257 962 :
1274 936 1301 962 in
1313 937 1441 970 proputia
1460 935 1528 962 alius
1550 941 1657 963 uocatus
1676 941 1725 969 est,

937 989 989 1008 non
1003 981 1218 1008 circumcidatur.
1233 981 1403 1009 Circumcisio
1421 982 1547 1015 nihilost,
1573 987 1597 1009 ct
1619 990 1728 1017 pra-pm

937 1028 1003 1054 tium
1018 1027 1084 1054 nillil
1097 1032 1147 1060 est,
1156 1027 1201 1054 sed
1214 1028 1359 1056 observatio
1371 1029 1628 1064 prmeeplorumlbei.
1644 1029 1729 1057 Unus-

937 1073 1046 1109 quisque
1060 1074 1087 1100 in
1101 1082 1131 1100 ea
1140 1075 1275 1101 vocatione
1285 1079 1392 1102 maneat
1404 1075 1430 1102 in
1443 1084 1494 1110 qua
1507 1079 1612 1103 vocalus
1625 1079 1674 1103 est.

973 1120 1117 1153 Praeterea,
1135 1120 1235 1155 inquit,
1247 1120 1429 1148 circumcisus
1442 1126 1555 1149 vocatus
1570 1129 1611 1154 es,
1629 1129 1664 1149 ne
1681 1129 1729 1149 ac-

938 1172 1030 1192 cersas
1046 1165 1343 1200 praeputium—Divus
1355 1166 1526 1201 Epiphanius
1540 1167 1589 1198 ait,
1600 1167 1672 1201 quod
1681 1175 1730 1201 per

938 1211 1056 1246 aliquam
1072 1212 1263 1240 medicinalem
1277 1220 1372 1240 curam
1389 1217 1479 1247 potest
1500 1213 1636 1248 quispiam
1665 1221 1729 1241 eum

938 1258 985 1292 qui
1001 1258 1182 1285 circumcisus
1195 1263 1238 1286 est
1261 1258 1352 1286 facere
1374 1259 1586 1293 prmputiatum:
1603 1259 1685 1295 482
1701 1264 1730 1287 et

937 1302 1010 1338 quod
1024 1302 1107 1338 hujus
1130 1303 1239 1330 consilii
1269 1303 1376 1338 primus
1401 1302 1529 1331 inventor
1555 1303 1607 1331 fuit
1620 1304 1692 1331 Esau
1713 1312 1721 1330 ι

936 1353 965 1377 et
989 1353 1132 1384 propterea
1149 1350 1218 1377 dixit
1241 1350 1313 1377 Deus
1330 1359 1336 1376 :
1357 1359 1366 1376 ι
1386 1350 1457 1377 Esau
1475 1350 1539 1377 odio
1569 1350 1696 1377 habui".
1716 1359 1726 1377 ι

937 1410 972 1416 ——
992 1405 1001 1421 ι
1022 1395 1052 1422 ln
1065 1396 1200 1431 praeputio
1215 1396 1286 1423 alius
1300 1401 1413 1423 vocalus
1430 1399 1483 1428 est,
1497 1404 1553 1423 non
1582 1396 1728 1424 circumci-

938 1441 1027 1468 datur.
1052 1441 1275 1469 s—Verisimile
1290 1445 1333 1469 est
1356 1441 1448 1476 aliqua
1478 1449 1542 1469 cura
1567 1441 1625 1469 ﬁeri
1651 1449 1731 1476 posse

938 1491 969 1513 ut
984 1490 1139 1514 revertatur
1154 1486 1330 1514 circumcisio
1347 1487 1374 1513 in
1390 1487 1415 1513 id
1428 1487 1501 1521 quod
1520 1487 1585 1514 olim
1611 1492 1681 1519 erat,
1700 1491 1728 1514 ct

939 1533 972 1560 ad
988 1533 1074 1567 ipsam
1089 1533 1150 1566 quis
1166 1536 1291 1560 recurrat
1311 1540 1343 1559 ac
1358 1533 1501 1568 glorietur.
1529 1533 1558 1560 in
1584 1533 1728 1567 praeputio,

939 1578 1038 1613 inquit,
1048 1582 1162 1606 vocatus
1171 1586 1211 1609 es,
1226 1586 1304 1605 mane
1317 1579 1345 1605 in
1362 1586 1395 1605 eo
1408 1579 1481 1614 quod
1495 1587 1534 1606 es.
1551 1579 1646 1612 Neque
1656 1580 1730 1607 enim

937 1625 1044 1652 confert
1057 1625 1091 1652 ad
1107 1625 1221 1652 salutem
1235 1624 1419 1657 circumcisio,
1441 1632 1531 1660 neque
1561 1625 1639 1652 obest
1662 1633 1731 1660 pra:-

937 1669 1056 1704 putium.
1072 1669 1213 1705 Siquidem
1228 1671 1279 1698 hoc
1296 1679 1350 1698 uno
1364 1679 1433 1706 opus
1448 1675 1491 1699 est
1512 1676 1542 1698 ut
1573 1672 1732 1706 complean~

939 1716 1135 1750 tur‘praeccpta.
1149 1731 1183 1736 —
1194 1716 1227 1743 Et
1235 1724 1284 1751 per
1294 1717 1515 1744 observationem
1528 1722 1731 1752 praeceptorum

937 1760 1033 1788 eadem
1047 1761 1156 1788 accedit
1173 1761 1276 1788 utilitas
1294 1761 1499 1788 circuincisioni
1525 1766 1553 1788 et
1582 1762 1730 1796 praeputio.

938 1808 1012 1835 Inter
1023 1815 1107 1843 opera
1122 1816 1240 1843 namque
1259 1808 1390 1841 humana,
1418 1808 1543 1843 quaedam
1575 1815 1609 1836 ex
1634 1808 1732 1842 scipsis

938 1853 1009 1881 bona
1027 1857 1100 1885 sunt,
1118 1853 1226 1880 etiamsi
1250 1857 1387 1888 praecepto
1409 1861 1462 1880 non
1482 1858 1612 1888 aptentur
1628 1853 1732 1886 divino,

938 1898 1025 1925 veluti
1042 1902 1085 1925 est
1098 1898 1205 1933 justitia
1233 1905 1264 1924 ac
1297 1897 1397 1925 similia
1419 1907 1425 1924 :
1445 1897 1498 1924 alia
1526 1905 1592 1925 vero
1618 1902 1732 1932 propter

938 1944 1028 1972 solum
1039 1947 1217 1978 przeceptum,
1234 1942 1326 1977 qualia
1342 1946 1407 1968 sunt
1423 1941 1507 1968 multa
1527 1941 1553 1967 in
1569 1941 1639 1975 lege.

974 1988 1236 2022 Vll,2[-2i.Servus
1244 1993 1349 2015 vocalus
1360 1996 1396 2019 es,
1406 1996 1438 2014 ne
1449 1988 1482 2014 sit
1496 1987 1542 2013 tibi
1555 1995 1644 2014 curre:
1658 1987 1735 2022 quiu-

939 2037 1020 2064 etiam
1041 2037 1065 2064 si
1087 2041 1158 2071 poles
1174 2035 1234 2070 ﬁeri
1257 2035 1338 2066 liber,
1354 2035 1439 2070 potius
1460 2037 1542 2060 utere.
1556 2032 1628 2059 Nam
1642 2033 1686 2066 qui
1706 2033 1733 2059 in

940 2083 1053 2110 Domino
1063 2086 1169 2110 voratus
1183 2085 1221 2109 est
1235 2089 1324 2108 servus
1342 2081 1450 2107 libertus
1463 2080 1567 2105 Domini
1581 2084 1619 2105 est
1636 2086 1644 2105 :
1661 2079 1735 2105 simi-

939 2129 1031 2156 lileret
1042 2130 1086 2164 qui
1103 2128 1169 2155 liber
1178 2133 1284 2156 vocatus
1299 2132 1347 2158 est,
1363 2135 1452 2154 servus
1469 2125 1622 2153 estC/tristi.
1645 2125 1736 2151 Prelio

940 2177 1019 2212 empti
1028 2177 1099 2208 estis,
1115 2184 1146 2202 ne
1160 2175 1307 2210 eﬂiciamini
1321 2174 1388 2201 servi
1397 2174 1541 2200 hominum.
1556 2171 1738 2205 Unusquisque:

93 2233 135 2257 τε,
146 2224 190 2259 μὴ
200 2224 321 2259 γίνεσθε
340 2224 445 2251 δοῦλοι
465 2223 638 2259 ἀνθρώπων.
656 2225 805 2256 ’Ἕκαστος
815 2221 868 2257 ἐνᾷ

971 2231 1000 2249 eo
1016 2221 1043 2248 in
1057 2229 1107 2256 quo
1119 2225 1225 2247 vocatus
1238 2224 1286 2251 est,
1305 2221 1412 2253 fratres,
1423 2219 1449 2244 in
1466 2219 1513 2244 hoc
1537 2220 1644 2243 maneat
1663 2216 1735 2250 apud

93 2270 219 2304 ἐκλήθη.
229 2269 368 2304 ἀδελφοὶ,
378 2269 414 2296 ἐν
427 2269 522 2302 τούτῳ
533 2268 648 2303 μενέτω
664 2270 742 2303 παρὰ
755 2268 794 2301 τῷ
809 2268 880 2301 Θεῷ.

129 2317 214 2343 Πάλιν
225 2317 242 2351 ή
260 2316 330 2352 αὑτὴ
344 2315 496 2350 συμϐουλὴ,
516 2315 547 2342 τὸ
563 2316 592 2342 ὲν
606 2315 661 2346 τοῖς
686 2315 777 2346 αὐτοῖς
809 2312 888 2345 εἶναι,

96 2363 124 2389 ἐν
136 2361 177 2394 οἷς
187 2362 291 2397 ἐκλήθη
307 2371 358 2394 τις.
372 2362 403 2388 Et
417 2362 509 2393 δοῦλος
527 2360 564 2388 ὢν
581 2361 711 2398 ἐκλήθης,
741 2361 778 2396 μὴ
792 2360 889 2396 Γ,Θορυ-

96 2409 154 2441 δοῦ,
172 2408 203 2435 οὐ
220 2407 380 2443 λυμαίνεται
400 2407 468 2443 προς
478 2407 527 2443 τὴν
540 2407 632 2433 πίστιν
648 2407 664 2442 ὴ
684 2406 801 2433 δουλεία.
835 2407 890 2433 Καὶ

94 2454 222 2481 τοσοῦτον
232 2454 263 2480 οὐ
273 2453 445 2488 λυμαίνεται,
462 2453 504 2480 ὅτι
519 2453 543 2479 εί
557 2453 603 2480 καὶ
612 2452 726 2480 δύνασαι
741 2453 888 2488 ἐλευθερω-

96 2501 185 2535 οῆναι,
212 2499 312 2535 μᾶλλον
339 2500 392 2536 χρή
424 2508 453 2526 σε
473 2499 620 2527 δουλεύειν.
646 2499 739 2530 Οὕτως
759 2499 820 2525 οὐδὲ
849 2495 889 2530 εἷς

95 2546 171 2572 ἐσται
184 2554 226 2572 σοι
247 2546 278 2571 ὲκ
301 2544 352 2580 τῆς
368 2545 490 2576 δουλείας
515 2545 739 2581 ξμποδισμός.-
759 2545 888 2577 Ἄλλως.

97 2590 198 2627 [ΦΩΤ.]
212 2591 271 2617 Ἱνα
283 2590 322 2626 μὴ
335 2591 391 2622 τοῖς
406 2590 511 2623 δούλοις
525 2590 652 2626 ἐμπόδιον
666 2590 735 2625 πρὸς
749 2589 798 2626 τὴν
819 2590 892 2616 εὐσέ-

98 2637 174 2663 ϐειαν
190 2638 206 2672 ἡ
220 2636 327 2663 δουλεία
340 2637 466 2672 νομισθῇ,
483 2636 631 2672 διαρρήδην
647 2636 738 2671 φησὶν,
756 2637 796 2663 ὅτι
812 2637 891 2664 τοῦτο

97 2682 223 2709 τοσοῦτον
231 2682 326 2716 ἀπέχει
338 2682 384 2708 τοῦ
392 2682 516 2717 ἐμποδὼν
525 2681 603 2714 εἶναι,
612 2681 681 2708 ὥστε
700 2681 760 2707 οὐδὲ
771 2682 891 2717 ἐνιψρον-

98 2726 230 2756 τίδιεῖναι
253 2728 293 2755 δεῖ
312 2730 377 2764 περὶ
398 2729 494 2763 αὐτῆς.
509 2738 518 2754 ι
533 2728 578 2763 Μὴ
606 2728 662 2762 γὰρ
684 2727 789 2762 μελέτω
810 2736 881 2759 σοι,1

100 2776 191 2811 φησὶν,
204 2774 262 2802 ἀλλ’
282 2776 306 2802 εί
336 2775 384 2802 καὶ
406 2775 521 2802 δύνασαι
546 2775 590 2813 διά
606 2783 679 2807 τινος
701 2774 819 2810 σπουδῆς
843 2775 889 2801 καὶ

155 2867 180 2884 ³⁸
199 2866 343 2901 Gemnv,
363 2865 506 2901 23;Rom.
525 2874 565 2899 ix,
584 2865 623 2893 l0.

941 2267 1038 2294 Deum.

975 2313 1049 2341 Idem
1068 2320 1164 2340 rursus
1175 2310 1321 2339 consilium
1339 2314 1391 2342 est,
1409 2318 1509 2344 nempe
1523 2314 1552 2336 ut
1565 2310 1590 2336 in
1604 2310 1638 2336 iis
1653 2309 1731 2344 quis--

940 2367 993 2394 que
1010 2362 1169 2394 permaneat
1193 2359 1222 2385 in
1259 2356 1361 2392 quibus
1392 2362 1506 2383 vocatus
1533 2362 1584 2383 est.
1616 2355 1642 2383 Si
1670 2363 1733 2382 cum

939 2412 1037 2432 servus
1049 2411 1124 2432 esses
1141 2408 1254 2431 vocatus
1271 2410 1310 2434 es,
1325 2410 1359 2428 ne
1372 2402 1513 2429 turberis:
1531 2409 1584 2428 non
1599 2401 1685 2428 ollieit
1700 2401 1733 2427 ad

941 2450 1021 2477 ﬁdem
1041 2449 1170 2481 servitus,
1196 2448 1320 2482 adeoque
1344 2455 1399 2474 non
1432 2446 1516 2474 ollicit
1543 2451 1573 2473 ut
1597 2446 1679 2473 etiam
1710 2445 1735 2472 si

940 2503 1034 2530 posses
1050 2494 1109 2522 ﬁeri
1123 2495 1202 2526 liber,
1218 2494 1304 2528 magis
1317 2493 1446 2528 expediat
1474 2492 1523 2519 tibi
1548 2492 1662 2518 servire.
1694 2490 1735 2517 lla

941 2542 1046 2568 nullum
1085 2542 1134 2568 tibi
1163 2541 1307 2576 proveniet
1338 2547 1353 2566 e
1381 2539 1514 2567 servitute
1547 2538 1733 2572 impedimen-

941 2592 1010 2615 tum.
1026 2603 1060 2608 —
1076 2587 1169 2614 Aliud.
1199 2587 1238 2613 Ne
1256 2586 1344 2613 servis
1367 2584 1540 2613 existimetur
1549 2583 1581 2610 ad
1603 2582 1736 2616 pietatem

940 2634 1112 2661 obstaculqu
1128 2641 1189 2660 esse
1202 2632 1331 2665 servitus,
1347 2632 1447 2666 palam,
1462 2630 1560 2665 inquit.
1588 2633 1630 2655 est
1657 2627 1734 2662 qUod

941 2681 995 2709 hoc
1013 2681 1081 2708 adeo
1108 2688 1163 2707 non
1186 2683 1297 2715 praestat
1330 2679 1570 2714 impedimentum,
1600 2678 1629 2701 ut
1642 2681 1736 2707 neque

942 2729 1025 2764 hujus
1037 2735 1128 2755 curam
1142 2727 1244 2754 habere
1263 2730 1399 2761 oporteat,
1424 2724 1463 2751 ait
1487 2723 1580 2749 eiiim:
1603 2729 1611 2746 I
1631 2719 1670 2747 Ne
1697 2720 1734 2748 sit

945 2775 996 2802 tibi
1013 2781 1107 2807 cura;
1125 2782 1134 2800 ›
1157 2773 1311 2809 quinetiam
1323 2771 1346 2799 si
1361 2775 1439 2806 potes
1460 2768 1551 2803 aliquo
1580 2766 1672 2794 studio
1700 2772 1735 2793 ac
