1880 3057
115 137 172 168 7:17

577 141 770 172 COMMENT.
792 142 834 173 IN
851 142 971 174 El‘lST.
994 144 1007 174 Ι
1025 145 1075 175 ΑΙ)
1090 145 1272 180 COHINTH.

1695 155 1749 186 738

115 192 246 226 νόμενον,
275 192 322 218 καὶ
344 192 393 224 τὰς
419 193 502 226 ἄλλας
525 195 658 230 ἐπηρείας
685 196 733 222 καὶ
762 196 892 227 κακώσεις

963 201 1028 225 tem.
1052 208 1061 224 ι
1080 199 1171 226 Aliud.
1185 200 1289 236 Opinor
1303 209 1366 229 eum
1385 203 1436 231 hoc
1452 203 1512 231 loco
1526 207 1747 239 persecutionem

114 236 152 268 ἃς
171 236 317 271 ὑπέμενον.
333 237 419 264 Τοῦτο
437 238 491 274 γὰρ
505 239 651 267 ἀκόλουθον
666 241 818 268 ἐνεστῶσαν
842 242 909 269 ἀνά-

113 292 190 318 γκην
203 283 285 310 αὐτὸν
302 283 406 311 καλεῖν.
422 284 532 320 Ἐπειδὴ
554 287 607 321 γὰρ
624 287 785 323 παραίνεσιν
798 287 905 323 ὑψηλὴν

113 330 165 356 καὶ
178 330 300 364 μεγάλην
313 329 429 366 ἠθέλησε
444 332 621 366 ποιήσασθαι,
640 333 708 366 μετὰ
722 334 908 369 περιστάσεως

113 375 207 407 ἔδοξεν
235 376 320 411 αὐτὴν
342 377 474 411 εἰσάγειν.
500 377 600 412 Καλὸν,
626 378 717 413 φήσιν,
732 380 748 414 ὴ
765 379 906 415 παρθενία,

112 423 164 449 καὶ
198 423 243 450 διὰ
274 423 324 459 τὴν
353 424 505 451 ἐνεστῶσαν
539 425 592 451 τῶν
624 425 782 460 πειρασμῶν
811 427 907 460 φοράν.

116 468 204 505 Ῥᾷον
219 470 275 506 γὰρ
289 471 335 497 καὶ
352 471 527 506 ἀκοπώτερον
542 470 644 507 ταύτην
668 473 787 507 οἴσομεν,
811 473 827 508 ἢ
857 481 907 507 γυ.

110 517 215 548 ναῐκας
233 516 281 542 καὶ
294 516 376 543 τέκνα
393 517 421 542 ἐν
434 516 565 552 διωγμοῖς
579 518 626 544 καὶ
642 517 753 552 μυρίαις
765 519 905 545 ταλαιπω-

112 562 193 597 ρίαις
219 563 446 597 συνεπαγόμενοι.
485 563 748 599 Καταμεριζομένης
786 565 840 599 γὰρ
867 565 906 596 εἰς

110 608 204 634 πολλὰ
218 608 292 643 πάθη
318 609 365 644 τῆς
377 609 478 644 ψυχῆς,
495 610 526 648 ὲν
541 610 669 646 ἀφορήτῳ
694 611 770 646 κακῷ
799 612 905 648 ἀνάγκη

110 654 375 689 καταδαπτισιιῆναι
394 655 439 681 τὸν
457 655 600 690 ἄνθρωπον
613 663 620 671 ’
634 656 714 691 μόνον
727 657 754 683 δὲ
770 657 844 689 ὄντα,
859 659 906 684 καὶ

109 701 171 730 τοῖς
189 700 292 735 ἑτέρων
309 700 408 728 πάθεσι
424 701 460 736 μὴ
472 702 717 737 κατατεμνόμενον,
733 704 844 738 εὐχερὲς
855 705 906 739 τῆς

109 746 170 772 τῶν
189 745 282 773 κακῶν
299 747 500 782 ὑπερανασχεῖν
525 748 682 783 τρικυμίας.
712 746 776 775 Εἶτα
801 750 845 777 ῖνα
868 751 904 786 μή

108 801 154 824 τις
184 793 268 829 εἴπῃ·
286 793 391 820 Οὐκοῦν
426 794 473 820 καὶ
494 795 508 820 δ
535 794 641 828 φθάσας
669 796 750 831 γάμῳ
776 797 905 831 κοινωνῆ-

109 847 173 871 σαι,
195 839 309 874 ἄμεινον
339 841 447 875 ποιήσει
476 839 547 867 λύων
573 840 618 867 τὸν
645 841 745 876 γάμον,
769 842 902 876 ἐπήγαγε,

105 884 154 919 Μὴ
188 885 301 919 γένοιτο.
340 885 427 912 Τοῦτο
477 886 531 922 γὰρ
573 886 650 922 δηλοῖ
670 887 713 914 διὰ
734 887 780 914 τοῦ
804 889 901 924 εἰπειῖν,

108 938 118 955 ε
138 929 254 956 Δέδεσαι
270 930 389 963 γυναικὶ,
409 930 446 965 μὴ
468 930 544 965 ζήτει
558 930 645 958 λύσιν.
665 939 675 957 ›
705 930 775 956 Ἀλλ’
798 931 902 966 ὥσπερ,

105 975 206 1009 φησὶν,
223 975 236 1000 δ
249 975 391 1009 δεδεμένος
410 975 460 1001 οὐκ
482 975 585 1009 ὀφείλει
601 975 678 1001 λύσιν
695 975 797 1010 ζητεῖν,
815 975 902 1008 οὕτως

103 1021 170 1047 οὐδὲ
189 1022 203 1047 δ
232 1021 377 1055 λελυμένος
393 1020 492 1055 δεσμὸν
510 1020 599 1055 ἐαυτῷ
622 1020 725 1053 ὀφείλει
755 1022 900 1056 περινοεῖν,

102 1065 143 1093 τὸ
168 1066 208 1098 δὲ,
242 1076 250 1092 ι
265 1066 395 1098 Δέλυσαι,
411 1074 422 1091 ι
446 1066 528 1101 διχῶς
555 1065 629 1092 ἐστιν
656 1065 791 1098 ἐκλαϐεῖν,
820 1065 836 1101 ἢ
861 1066 901 1092 ὅτι

102 1112 192 1140 Οῑπω
203 1113 272 1145 ὅλως
287 1113 392 1148 ὲδέθης,
406 1113 422 1148 ἢ
437 1113 477 1139 ὅτι
504 1113 602 1144 Λυθεὶς
615 1113 662 1147 ἀφ’
682 1111 712 1140 οὗ
739 1112 832 1148 ὲδέθης
854 1113 899 1139 δε-

102 1157 188 1193 σμοῦ,
201 1159 251 1184 οὐκ
266 1158 383 1193 ὀφείλεις
397 1158 468 1193 ἄλλῳ
485 1158 614 1192 γυναικὸς
634 1158 727 1194 δεσμῷ
745 1158 826 1185 πάλιν
839 1167 900 1185 συν-

100 1205 232 1238 δεθῆναι.
266 1214 275 1231 ι
292 1205 337 1239 Μὴ
364 1204 442 1240 ζήτει
472 1204 559 1231 λύσιν.
580 1214 590 1230 ι
622 1204 732 1239 Ἐπειδὴ
751 1203 811 1231 εἷπε
837 1205 899 1240 περὶ

101 1250 271 1285 παρθενίας,
289 1251 416 1282 δεδοικὼς
433 1252 533 1283 αὐτοὺς
558 1251 596 1283 ὡς
618 1252 801 1286 ἀστηρίκτους
819 1253 856 1288 μή
871 1261 897 1279 τι

99 1295 290 1330 θορυῦηθῶσι,
318 1296 458 1331 συντρέχει
487 1296 534 1322 τὸν
554 1297 652 1332 γάμον.
673 1297 785 1332 Συνᾴδει
800 1297 827 1323 δὲ
842 1299 898 1328 τοῖς

98 1342 158 1368 ἄνω
188 1342 354 1376 είρημένοις.
381 1342 467 1369 Λύσιν
491 1342 546 1378 γὰρ
575 1342 704 1376 ἐνταῦθα,
729 1343 758 1369 οὐ
787 1343 836 1378 τὴν
865 1344 896 1370 ἑκ

99 1388 268 1423 augeor/£1;
294 1388 399 1423 ἀποχὴν
429 1388 478 1423 τῆς
510 1388 610 1422 μίξεως
636 1388 723 1423 λέγει,
753 1389 822 1416 ἀλλὰ
847 1389 896 1423 τὴν

98 1435 178 1469 παρὰ
203 1433 317 1468 γνώμην
340 1435 387 1461 καὶ
413 1434 478 1461 ἄνευ
503 1435 584 1469 λόγου
610 1434 749 1470 πορνείας,
773 1435 896 1461 διάλυσιν

97 1480 146 1506 τοῦ
165 1480 391 1514 συναλλάγματος,
408 1487 415 1494 ·
433 1480 463 1506 τὸ
485 1479 524 1513 δὲ,
551 1480 676 1514 μένοντος
690 1480 738 1506 τοῦ
761 1480 894 1514 ἀνδρογύ-

961 243 1067 277 dicere,
1087 253 1148 280 qua:
1165 247 1199 274 ab
1218 248 1367 277 incredulis
1389 249 1585 278 intendebatur
1610 252 1747 288 ﬁdelibus,

960 295 1128 325 caeterasque
1144 293 1350 326 persecutiones
1360 299 1388 321 et
1405 294 1569 323 afﬂictiones
1579 304 1648 331 quas
1662 300 1747 326 susti-

959 337 1073 364 nebant.
1091 337 1158 364 Natu
1174 345 1347 374 consoquens
1360 345 1420 366 erat
1433 345 1461 367 ut
1481 341 1533 368 hoc
1547 347 1659 370 vocaret
1678 351 1747 378 pra:-

960 388 1067 410 santem
1081 385 1286 412 necessitatem.
1301 384 1371 412 Cum
1383 386 1456 413 enim
1472 387 1616 415 sublimem
1631 397 1662 417 ac
1691 397 1748 416 πησ-

961 433 1041 460 gnam
1074 426 1208 454 voluisset
1229 429 1337 456 tradere
1365 430 1592 465 admonitionem,
1613 434 1688 461 visus
1704 441 1747 462 est

959 470 1034 497 illam
1045 479 1078 498 ex
1091 473 1222 506 temporis
1234 473 1442 502 circumstantia
1456 474 1602 503 deducere.
1616 477 1690 504 Bona
1701 480 1746 506 re’s

960 514 1058 551 inquit.
1075 521 1116 544 est
1130 517 1274 552 virginitas
1289 518 1324 545 ob
1346 524 1508 553 praesentem
1525 529 1634 555 quoque
1657 523 1745 550 afflic-

959 561 1064 588 tionum
1081 562 1224 597 impetum.
1237 563 1304 590 Nam
1319 564 1428 591 facilius
1439 569 1466 592 et
1480 566 1539 592 sine
1552 567 1745 602 defatigatione

959 607 1032 635 hunc
1054 607 1185 641 feremus,
1204 617 1286 644 quam
1313 610 1336 637 si
1354 618 1454 638 uxores
1475 619 1507 638 ac.
1525 612 1594 640 filios
1608 613 1635 639 in
1653 621 1746 648 perse-

957 653 1127 686 cutionibus,
1139 655 1347 690 innumerisque
1360 657 1481 683 miseriis
1500 658 1643 692 adjunctus
1659 660 1745 687 habe-

958 706 1060 726 remus.
1089 700 1243 735 Siquidem,
1257 701 1345 729 divisa
1361 702 1389 729 in
1408 703 1500 730 varios
1512 703 1627 731 allectus
1641 706 1743 738 anima,

956 751 1069 771 necesse
1084 749 1127 771 est
1155 748 1185 771 ut
1200 744 1283 772 homo
1305 745 1333 772 in
1356 746 1428 773 malo
1451 747 1616 775 intolerabili
1635 749 1744 777 demer-

956 795 1036 824 gatur
1058 799 1064 817 :
1087 798 1149 818 cum
1175 795 1267 818 tamen
1291 791 1314 818 si
1349 793 1425 819 solus
1448 798 1530 825 esset,
1554 801 1605 821 nec
1626 795 1743 822 aliorum

957 841 1068 867 quoque
1087 835 1345 867 perturbationibus
1359 837 1588 870 contunderetur,
1605 838 1683 866 facile
1697 847 1743 867 es-

956 884 997 906 set
1013 880 1146 907 malorum
1161 881 1279 909 tolerare
1292 883 1451 917 procellam.
1462 883 1564 911 Deinde
1577 892 1611 912 ne
1621 885 1683 920 quis
1699 886 1743 913 di-

955 930 1000 952 cat
1023 933 1029 952 :
1048 925 1134 961 Igitur
1159 927 1242 954 etiam
1260 928 1283 955 is
1297 929 1344 963 qui
1363 937 1396 956 eo
1408 931 1535 964 pervenit
1552 938 1583 958 ut
1605 932 1744 967 particeps

951 970 1007 1005 jam
1026 971 1062 997 sit
1076 972 1207 1007 coniugii.
1222 973 1319 1000 tnelius
1334 973 1416 1002 faciet
1431 976 1452 1002 si
1470 976 1557 1003 solvat
1569 977 1740 1012 conjugium,

953 1016 1322 1053 subjungitzNequaquam;
1349 1019 1402 1047 hoc
1429 1021 1503 1048 enim
1525 1022 1663 1056 significat
1678 1031 1740 1051 cum

952 1061 1043 1090 dicit:
1066 1073 1075 1089 ι
1103 1064 1239 1100 Alligatus
1259 1073 1289 1093 es
1318 1067 1408 1100 uxori,
1431 1075 1466 1095 ne
1494 1076 1601 1103 quaeras
1625 1071 1741 1098 solutio-

951 1116 1025 1135 nem.
1045 1118 1054 1135 ι
1085 1108 1138 1136 Sed
1155 1111 1398 1145 quemadmodum,
1423 1113 1522 1148 inquit.
1553 1115 1599 1149 qui
1614 1115 1741 1150 alligatus

950 1159 993 1182 est
1007 1163 1062 1182 non
1077 1155 1159 1183 debet
1174 1164 1298 1190 qumrerc
1316 1157 1492 1190 solutionem,
1510 1159 1545 1186 ita
1564 1160 1587 1187 is
1599 1161 1646 1195 qui
1663 1161 1740 1188 solu-
1775 1194 1781 1197 _

952 1206 995 1228 tus
1014 1206 1057 1228 est
1068 1209 1121 1228 non
1137 1201 1219 1229 debet
1242 1202 1295 1229 sibi
1313 1202 1363 1237 ipsi
1380 1203 1522 1230 vinculum
1538 1205 1677 1232 adducere
1692 1211 1740 1233 aut

950 1248 1132 1276 comminiSci.
1149 1249 1226 1282 Quod
1242 1254 1334 1276 autem
1357 1250 1395 1276 ait
1413 1258 1426 1278 ι.
1439 1259 1447 1275 ι
1465 1250 1578 1278 Solutus
1598 1259 1637 1284 es,
1661 1262 1668 1277 ι
1689 1252 1740 1279 du-

949 1295 1059 1330 pliciter
1087 1300 1177 1330 potest
1201 1296 1314 1330 intelligi
1333 1306 1338 1323 :
1358 1297 1398 1324 vel
1414 1297 1477 1332 quia
1501 1297 1623 1325 nondum
1640 1299 1740 1334 ligatus

949 1349 1071 1376 unquam
1095 1341 1182 1374 fuisti,
1194 1343 1236 1369 vel
1252 1343 1316 1377 quia
1342 1343 1450 1370 solutus
1467 1351 1496 1370 es
1520 1351 1534 1370 a
1551 1344 1662 1372 vinculo
1683 1352 1738 1379 quo

947 1389 1048 1423 ligatus
1062 1396 1125 1415 eras
1143 1397 1148 1415 :
1169 1396 1233 1416 non.
1254 1388 1339 1416 debes
1366 1396 1432 1424 ergo
1449 1389 1547 1417 iterato
1568 1391 1662 1418 uxoris
1676 1391 1738 1417 vin-

948 1434 1012 1462 culo
1025 1434 1160 1470 colligari.
1181 1444 1190 1460 ι
1209 1435 1248 1462 Ne
1259 1443 1366 1470 quaeras
1377 1436 1556 1463 solutionem.
1574 1446 1583 1462 ›
1601 1436 1736 1470 Quoniam

948 1480 981 1507 de
993 1480 1149 1514 virginitate
1161 1480 1271 1508 locutus
1286 1485 1363 1512 erat,
1381 1481 1528 1508 veritusne
1549 1481 1586 1508 illi
1607 1488 1736 1517 tanquam

98 1535 144 1553 νου
169 1526 363 1561 παρθενεύειν,
391 1526 484 1554 καλόν.
511 1535 520 1552 ι
538 1526 603 1552 Ἐὰν
630 1526 658 1552 δὲ
685 1526 730 1552 καὶ
760 1526 890 1561 γήμῃς.»

960 1534 1001 1552 non
1016 1526 1088 1552 ﬁrmi
1105 1526 1131 1552 in
1155 1526 1248 1561 aliquo
1266 1527 1454 1558 turbarentur,
1470 1527 1552 1554 simul
1567 1528 1651 1555 etiam
1668 1536 1736 1555 con-

103 1572 325 1608 Ἐπιδιορθοῦται
340 1572 416 1603 αὐτὸ,
433 1571 464 1598 τὸ
479 1571 592 1602 ἀσθενὲς
603 1572 658 1597 τῶν
681 1571 822 1606 ἀκροατῶν
849 1572 891 1598 δε-

99 1618 206 1650 Βοέκὼς,
221 1619 260 1649 ὡς
274 1620 302 1644 οὐ
318 1617 477 1652 χωρούντων
493 1617 541 1651 τὴν
554 1617 713 1651 παρθενίαν.

943 1572 1048 1607 jugium
1075 1572 1191 1605 inducit,
1218 1576 1245 1599 et
1262 1572 1442 1600 eonfortniter
1466 1573 1586 1608 loquitur
1615 1574 1658 1600 bis
1674 1582 1736 1608 qum

947 1627 1030 1653 supra
1056 1618 1129 1646 dicta
1151 1622 1223 1645 sunt.
1242 1618 1309 1645 Nam
1336 1619 1500 1645 solutionem
1531 1619 1583 1646 hoc
1595 1619 1656 1646 loco
1680 1627 1734 1646 non

97 1670 178 1692 vocat
192 1665 394 1699 separationem
409 1671 423 1690 a
439 1663 631 1690 commistione
643 1667 738 1689 mutuo
753 1669 890 1691 consensu
910 1663 1008 1691 factam
1027 1672 1036 1691 :
1058 1664 1105 1691 sed
1136 1668 1236 1699 praeter
1263 1664 1398 1691 consortis
1414 1665 1594 1699 voluntatem,
1614 1671 1642 1692 et
1679 1675 1733 1697 non

101 1711 303 1739 subexsistcnte
319 1718 400 1738 causa
426 1710 514 1744 stupri
532 1709 651 1744 conjugii
669 1709 901 1740 dissolutionem;
920 1714 948 1736 at
978 1711 1094 1737 durante
1125 1710 1256 1737 caelibatu
1283 1718 1394 1737 servare
1439 1711 1622 1746 virginitatem
1646 1713 1736 1740 bone-

97 1764 171 1785 stum
186 1763 240 1785 est.
260 1768 269 1784 ‹
290 1759 416 1785 Attamen
431 1757 453 1784 si
465 1757 577 1784 duxeris
593 1765 718 1788 uxorem,
731 1765 786 1784 non
801 1757 932 1791 peccasti.
952 1767 960 1782 ι
975 1756 1094 1792 Corrigit
1108 1761 1136 1784 et
1147 1757 1274 1791 explanat
1300 1757 1374 1791 quod
1407 1757 1510 1785 dictum
1546 1763 1599 1791 est,
1631 1761 1734 1788 veritus

98 1807 260 1834 auditorum
283 1806 512 1838 imbecillitatem,
537 1809 568 1832 ut
592 1806 639 1840 qui
670 1813 724 1832 non
743 1806 889 1840 capiebant
909 1807 1108 1842 virginitatem.

133 1855 267 1886 Ἄλλως.
293 1851 393 1889 [ΦΩΤ.]
420 1852 468 1885 τὸ,
490 1861 498 1877 ι
528 1852 592 1879 Ἐὰν
604 1851 632 1878 δὲ
656 1854 702 1878 καὶ
726 1852 892 1887 γήμῃς,οὺχ

97 1901 252 1936 ἤμαρτες,ι
284 1899 333 1926 καὶ
359 1899 468 1932 ἑφεξῆς,
494 1899 550 1930 τοῖς
575 1899 631 1925 ἀνω
651 1898 711 1925 καθ’
739 1898 892 1933 ὑπερὸσιτὸν

99 1946 276 1978 συντακτὲον,
307 1942 362 1971 οἷον
384 1953 390 1959 ·
409 1945 498 1971 Καλὸν
512 1943 649 1979 ἀνθρώπῳ
661 1944 692 1970 τὸ
708 1943 794 1975 οὕτως
808 1942 889 1970 εἷιαι.

103 1992 224 2019 Ἐὰν-δὲ
251 1991 299 2018 καὶ
323 1992 415 2028 γήμῃς
444 1991 493 2026 οὺχ
523 1991 659 2026 ἥμαρτες,
687 1991 734 2016 καὶ
751 1990 824 2024 ἑξῆς.
853 1990 891 2016 0τῦ

97 2039 152 2075 γὰρ
164 2039 207 2065 δεῖ
220 2039 366 2065 συνάπτειν
382 2038 447 2064 αὐτὸ
461 2037 511 2072 τῷ,
531 2047 539 2063 ι
552 2037 670 2064 Λέλυσαι
681 2037 735 2064 ἀπὸ
752 2036 890 2070 γνναικὶς,

101 2086 136 2121 μὴ
152 2086 231 2120 ζήτει
247 2086 375 2118 γυναῖκα.
391 2083 458 2110 Ἐὰν
472 2083 499 2109 δὲ
510 2084 556 2109 καὶ
567 2085 661 2118 γήμῃς
676 2083 724 2117 οὐχ
737 2083 887 2118 ἥμαρτες.»

100 2130 213 2165 Πρῶτον
229 2130 279 2164 μὲν
298 2129 362 2163 γὰρ,
390 2128 571 2159 ἀνακόλουθος
595 2128 666 2154 οὕτω
694 2127 887 2162 λαμὸανομένη

99 2177 114 2211 ἡ
132 2177 234 2203 ἔννοια.
252 2175 283 2202 Τί
297 2175 351 2210 γὰρ
366 2175 404 2210 τῷ
418 2174 590 2208 γεγαμηκότι
609 2174 659 2208 ήδη
675 2174 721 2199 καὶ
737 2172 888 2200 διαλυθέντι

977 1852 1060 1888 485
1074 1852 1164 1879 Aliud.
1179 1852 1256 1885 Quod
1271 1852 1384 1885 dicitur,
1405 1862 1414 1878 ‹
1434 1853 1562 1880 Attamen
1577 1853 1600 1881 si
1621 1853 1733 1882 duxeris

943 1906 1130 1929 uxorem.non
1148 1898 1267 1933 peccasti
1285 1909 1294 1924 ι
1312 1903 1340 1926 et
1354 1905 1460 1929 caetera.
1477 1898 1669 1933 superioribus
1683 1907 1732 1934 per

942 1944 1115 1979 hyperbaton
1134 1945 1324 1980 coniungenda
1351 1949 1426 1976 sunt.
1443 1949 1509 1979 puta
1528 1954 1534 1971 :
1568 1944 1672 1971 Bonum
1689 1949 1731 1972 est

943 1990 1049 2017 homini
1070 1990 1109 2017 sie
1125 1997 1186 2017 esse
1205 2000 1211 2017 :
1229 1994 1351 2017 attamen
1369 1990 1392 2017 si
1406 1989 1517 2016 duxeris
1530 1996 1653 2020 uxorem,
1676 1997 1730 2016 non

942 2037 1062 2072 peccasti
1076 2044 1084 2068 ;
1096 2043 1149 2064 etc.
1168 2043 1258 2071 neque
1286 2035 1360 2062 enim
1374 2036 1504 2070 conjungi
1522 2035 1603 2062 debet
1619 2042 1682 2062 cum
1697 2043 1731 2062 eo

943 2084 1018 2118 quod
1045 2083 1149 2110 dicitur
1166 2092 1172 2109 :
1195 2091 1202 2107 ι
1222 2083 1335 2111 Solutus
1360 2090 1391 2109 es
1413 2081 1558 2113 abuxorc,
1576 2089 1610 2108 ne
1626 2089 1731 2116 qua-ras

943 2138 1067 2157 uxorem.
1081 2129 1208 2156 Attamen
1219 2129 1242 2155 si
1254 2128 1365 2155 duxeris
1374 2135 1499 2159 uxorem,
1515 2134 1570 2154 non
1581 2127 1726 2161 peccasti.»

943 2176 1066 2203 Primum
1083 2175 1206 2210 quidem,
1232 2182 1287 2201 non
1306 2177 1381 2200 recte
1405 2173 1587 2207 consequitur
1602 2177 1730 2206 sumptus

100 2222 237 2257 προσήκει
263 2221 364 2255 λέγειν,
387 2230 395 2243 ι
413 2220 477 2246 Ἐὰν
502 2219 530 2246 δὲ
557 2219 605 2245 καὶ
630 2220 744 2254 γήμῃςς
767 2227 775 2244 ι
806 2217 890 2244 Τοῦτο

963 2229 996 2248 oc
1014 2221 1097 2248 modo
1122 2221 1288 2247 intellectus.
1306 2219 1376 2251 Quid
1394 2219 1467 2246 enim
1483 2218 1613 2246 convenit
1632 2218 1658 2245 ei
1682 2219 1729 2253 qui

98 2271 151 2306 γὰρ
165 2270 223 2300 τοῖς
247 2269 331 2304 μήπω
353 2267 542 2302 γεγαμηκᾶσιν
562 2265 699 2302 ἁρμόδιον.
718 2265 833 2291 Ἔπειτα
849 2264 887 2296 δὲ,

99 2318 144 2342 καὶ
178 2316 252 2350 μέγα
284 2315 358 2340 ἐστὶν
386 2314 550 2348 ἁμάρτημα,
582 2311 735 2346 λυσάμενον
763 2310 817 2337 ἀπὸ
841 2310 890 2344 τῆς

99 2362 240 2396 γυναικὸς,
270 2360 354 2395 ἄλλην
386 2359 553 2394 γήμασθαιη·
586 2358 656 2385 ὥστε
692 2357 742 2383 οὐκ
771 2356 888 2392 ἐγχωρεῖ

99 2407 185 2438 οὕτως
197 2406 315 2440 συνάψαι
330 2405 360 2432 τὸ
374 2405 485 2440 χωρίον,
506 2404 562 2431 ἀλλ’
572 2404 609 2435 ὡς
627 2403 758 2439 πρότερον
771 2403 888 2438 εἴρηται.

101 2453 152 2479 Καὶ
174 2452 229 2488 γὰρ
251 2453 298 2478 καὶ
320 2452 372 2487 προ
400 2451 492 2485 ὀλίγον
516 2450 608 2484 φησὶν,
628 2459 637 2475 t
652 2450 715 2476 Ἐὰν
735 2449 761 2476 δὲ
776 2449 822 2475 καὶ
836 2457 889 2482 χω-

102 2501 192 2535 ρισθῇ,
214 2499 317 2534 μενέτω
329 2499 443 2532 ἄγαμος.
462 2507 471 2523 ι
483 2497 533 2523 Διά
550 2505 578 2522 τε
590 2496 637 2523 οὖν
651 2496 684 2522 τὰ
703 2495 889 2530 προειρημένα

100 2545 145 2572 καὶ
165 2545 197 2571 τδ
215 2544 264 2572 νῦν
278 2544 435 2579 εἰρημένον,
451 2543 494 2569 ἴνα
514 2542 550 2578 μὴ
569 2541 677 2568 ἐναντία
694 2540 780 2575 ἑαυτῷ
799 2541 888 2574 λέγειν

99 2592 172 2628 δόξῃ,
199 2591 262 2618 καθ’
283 2590 437 2626 ὑπερειτδν
463 2588 638 2616 συντακτέον.
656 2588 685 2614 Εἰ
699 2587 727 2614 δὲ
745 2587 784 2619 τὸ,
806 2597 814 2612 ι
834 2586 887 2613 Λέ-

99 2638 202 2670 λυσαι,ι
229 2637 289 2672 οὐχὶ
309 2637 376 2672 πρὸς
397 2637 458 2668 τοὺς
490 2634 691 2670 σνναφθὲντας,
715 2631 774 2660 εἶτα
797 2633 888 2659 διαλυ-

101 2684 196 2716 θέντας
210 2684 348 2715 ἀκούσεις,
369 2683 427 2710 ἀλλ’
446 2682 540 2713 ἁπλῶς
562 2681 631 2717 πρὸς
653 2680 715 2711 τοὺς
738 2680 774 2714 μὴ
794 2679 887 2706 συνελ-

101 2730 196 2762 (κως
211 2730 279 2761 ὅλως
294 2730 333 2761 εἰς
349 2730 439 2764 γάμου
456 2728 609 2759 κοινωνίαν,
635 2727 702 2753 ἀλλὰ
724 2725 888 2760 λελυμένους

100 2777 178 2808 litata;
193 2775 241 2803 τοῦ
257 2776 377 2802 τοιούτου
400 2774 512 2809 δεσμοῦ,
535 2774 652 2808 ἐγχωρεῖ
666 2773 712 2799 καὶ
734 2772 804 2798 κατὰ
820 2771 887 2797 πόδα

101 2823 279 2857 ήσύνταξις.‹
294 2823 347 2849 Καὶ
356 2822 403 2849 ἐὰν
415 2822 490 2857 γήμῃ
503 2821 518 2856 ἡ
531 2820 676 2856 παρθένος,
687 2819 735 2854 οὐχ
747 2819 804 2853 ﬁt”
811 2826 882 2853 ρτε.»

103 2869 237 2905 Παρθένον
251 2868 369 2896 ὲνταῦθά
386 2877 469 2905 φησιν
492 2868 522 2895 οὐ
537 2867 586 2904 τὴν
605 2865 796 2902 ἁφιερωμένην
813 2864 883 2900 Θεῷ,

940 2267 995 2301 jam
1008 2267 1124 2293 duxerat
1138 2270 1165 2292 et
1182 2265 1289 2292 solutus
1300 2269 1341 2291 est
1357 2264 1449 2291 dicere
1462 2263 1620 2290 :tAttamen
1639 2264 1662 2290 si
1676 2263 1728 2290 du-

943 2312 1016 2339 xeris
1028 2319 1142 2338 uxorem
1159 2311 1171 2338 'I
1186 2321 1194 2336 ι
1211 2311 1277 2338 Nam
1299 2310 1351 2337 boc
1362 2309 1396 2337 iis
1409 2314 1518 2344 aptatur
1532 2309 1580 2344 qui
1605 2310 1727 2336 nondum

941 2366 1056 2385 uxorem
1083 2358 1232 2385 duxerunt.
1248 2357 1351 2384 Deinde
1366 2363 1431 2383 vero
1445 2364 1571 2391 magnum
1590 2361 1633 2383 est
1662 2364 1728 2392 pec-

942 2409 1045 2436 catum,
1062 2404 1085 2431 si
1104 2404 1126 2431 is
1142 2403 1188 2439 qui
1206 2403 1312 2430 solutus
1324 2407 1367 2429 est
1380 2402 1414 2429 ab
1432 2409 1518 2429 uxore
1539 2402 1620 2429 aliam
1633 2403 1725 2430 ducat.

941 2450 1034 2484 Itaque
1046 2457 1100 2476 non
1119 2454 1209 2484 potest
1223 2457 1256 2476 eo
1270 2449 1351 2476 tnodo
1372 2448 1501 2484 conjungi
1522 2449 1665 2483 particula,
1679 2450 1726 2476 sed

940 2497 1012 2524 sicut
1034 2497 1111 2532 prius
1123 2496 1226 2524 dictum
1248 2500 1300 2523 est.
1334 2495 1401 2522 Nam
1416 2499 1444 2522 et
1472 2495 1554 2529 paulo
1580 2500 1643 2521 ante
1666 2495 1724 2521 ait:

944 2553 952 2570 ι
970 2544 1048 2577 Quod
1061 2543 1084 2571 si
1099 2544 1181 2570 etiam
1198 2547 1324 2577 separata
1341 2542 1435 2573 fuerit,
1456 2546 1564 2568 maneat
1576 2541 1700 2574 innupta.
1713 2550 1722 2565 ι

940 2590 1057 2624 Propter
1076 2590 1122 2616 illa
1136 2589 1219 2624 igitur
1245 2597 1305 2624 qua:
1319 2588 1393 2615 d'cta
1411 2591 1486 2619 sunt,
1511 2586 1593 2613 etiam
1607 2592 1726 2619 praesens

940 2637 1068 2667 verbum.
1085 2643 1120 2662 ne
1134 2635 1186 2662 sibi
1202 2635 1340 2663 contraria
1352 2634 1444 2662 dicere
1460 2633 1598 2662 videatur,
1611 2638 1661 2665 per
1678 2631 1726 2666 hy-

941 2682 1073 2718 perbaton
1097 2681 1319 2716 coniungendum
1343 2684 1394 2708 est.
1420 2677 1545 2712 Quodjsi
1577 2675 1724 2703 dictionem

943 2739 952 2755 ι
971 2728 1084 2756 Solutus
1109 2735 1150 2758 cs.
1170 2737 1179 2753 ›
1192 2735 1247 2754 non
1262 2727 1295 2754 ad
1313 2734 1360 2754 eos
1376 2726 1423 2758 qui
1437 2723 1576 2759 conjuncti
1596 2723 1723 2754 fuerunt,

939 2778 968 2800 et
982 2773 1081 2800 deinde
1096 2773 1179 2800 soluti
1194 2776 1271 2802 sunt,
1282 2769 1421 2801 retuleris,
1441 2768 1488 2795 sed
1505 2766 1667 2801 simpliciter
1690 2766 1724 2793 ad

937 2827 985 2847 eos
994 2819 1040 2854 qui
1050 2819 1162 2845 omnino
1173 2825 1228 2845 non
1240 2818 1429 2843 convenerunt
1440 2814 1472 2841 ad
1486 2812 1723 2849 participationem

938 2863 1072 2900 conjugii,
1083 2863 1130 2891 sed
1146 2864 1179 2890 ab
1193 2860 1351 2897 bujusmodi
1366 2860 1477 2888 vinculo
1498 2859 1578 2888 liberi
1594 2863 1621 2886 et
1641 2857 1723 2885 soluti
