1880 3057
171 158 224 190 739

697 157 864 188 (ECUMEN
867 157 897 187 II
916 159 1061 190 TRICCE
1077 161 1249 193 EPISCOPI

1687 174 1691 177 '
1747 168 1798 200 ἨΟ

171 217 246 245 sunt,
271 212 361 240 locum
383 212 467 240 habet
482 219 544 248 qua:
567 212 659 241 statim
673 219 734 240 sese
749 212 832 241 oﬂert
846 213 953 241 ordina-

1045 215 1077 243 λὰ
1087 217 1137 252 τὴν
1152 217 1260 253 ἄγαμον
1279 219 1375 255 κόρην.
1397 220 1442 253 ὀς
1461 221 1513 257 ῆγε
1529 222 1716 258 ἀφιερωθεῖσι
1728 224 1799 260 Θεῷ,

172 258 221 285 tio.
239 267 248 283 ι
267 258 300 285 Et
316 257 340 285 si
355 258 480 293 nupserit
491 258 579 292 virgo,
594 265 648 284 non
659 259 958 294 peccavitJVirginem

172 305 225 331 hoc
238 304 299 332 loco
311 304 429 338 appellat
441 312 496 331 non
519 311 578 331 eam
594 312 654 339 quae
670 305 726 331 Deo
739 311 898 333 consecrata
905 311 959 340 est,

173 350 222 378 sed
243 350 386 384 innuptam
413 350 542 384 puellam.
558 349 625 376 Nam
642 358 703 385 quae
725 351 781 378 Deo
799 358 960 380 consecrata

174 399 217 421 est
235 394 258 421 si
283 394 418 428 nupserit,
433 393 542 421 Christo
556 395 646 422 reddit
659 396 815 423 adulterum
829 405 892 424 eum
913 398 958 425 cui

174 441 264 467 nubit.
284 449 293 465 4
311 439 494 467 Aiﬂictionem
508 445 598 468 tamen
615 441 641 468 in
659 449 742 469 carne
753 442 893 471 habebunt
905 443 956 471 hu-

171 486 303 521 jusmodi.
327 495 336 511 ›
356 486 407 519 Qui
425 487 643 519 matrimonium,
659 487 758 522 inquit,
777 489 956 522 contrahunt,

172 532 347 559 aiﬂictionem
366 532 509 560 habebunt
519 533 554 560 ob
568 541 702 561 mmrores
714 535 762 568 qui
787 535 814 562 in
828 536 957 571 conjugio

173 583 246 605 sunt.
275 587 284 603 ι
301 578 358 612 Ego
385 583 477 605 autem
493 579 573 607 vobis
598 587 691 613 parco,
710 589 720 605 ›
738 584 867 615 tanquam
883 581 956 614 ﬁliis,

1011 261 1036 288 si
1052 263 1139 298 γήμῃ,
1163 265 1255 299 μοιχὸν
1269 266 1396 301 ἐπιφέρει
1412 267 1455 302 τῷ
1468 268 1589 303 Χριστῷ,
1609 265 1632 302 ᾧ
1646 270 1799 305 νενύμφιυ-

1011 317 1068 337 ται.
1097 319 1107 336 ‹
1122 310 1216 345 Θὶίψιν
1236 311 1264 338 δὲ
1280 312 1370 344 ἕξουσι
1386 315 1418 348 τῇ
1436 315 1527 349 σαρκί.
1547 323 1558 340 ι
1583 315 1615 341 οι
1634 315 1797 350 γαμοῦντες,

1011 354 1089 387 φησὶ,
1110 354 1199 390 θλίψιν
1217 355 1317 389 ἕξουσι,
1343 357 1387 384 διὰ
1409 358 1459 389 τὰς
1479 359 1508 385 ἐν
1534 359 1574 394 τῷ
1593 360 1675 396 γάμῳ
1699 361 1796 394 λύπας.

1014 408 1023 424 ι
1038 399 1109 433 Ἐγὼ
1124 401 1162 434 δὲ,
1175 402 1252 437 φησὶ,
1278 403 1404 438 φείδομαι
1428 404 1515 439 ὑμῶν,
1531 414 1541 432 ι
1564 405 1602 435 ὡς
1621 407 1737 439 τέκνων,
1753 408 1798 435 καὶ

1012 444 1142 480 βούλομαι
1161 446 1320 483 ἐλευθέρους
1343 447 1414 475 εἶναι
1434 451 1482 476 καὶ
1504 450 1636 483 ἀλύπους.
1654 451 1730 485 Τέως
1745 453 1797 489 γὰρ

1010 491 1039 517 ὲν
1065 491 1176 526 δεσμοῖς
1196 495 1356 529 τυγχάνετε.
1383 504 1392 521 ‹
1411 496 1523 523 Δέδεσαι
1551 497 1616 532 γὰρ,
1643 499 1722 533 φησὶ,
1749 508 1797 533 γυ-

1010 538 1094 564 ναικί.
1116 547 1125 565 ι
1140 538 1206 566 Εἶτα
1219 541 1265 567 καὶ
1276 541 1381 569 ἑαυτῶν
1395 543 1445 570 οὐκ
1460 543 1675 579 ἐξουσιάζουσιν,
1689 545 1728 578 ὡς
1743 545 1797 573 ἄνω

1011 583 1103 617 φησίν.

172 628 200 652 et
214 625 296 659 cupio
308 632 357 652 vos
371 626 473 653 liberos
485 633 546 654 esse
571 634 603 654 ac
623 627 683 655 sine
697 635 828 656 mcerore.
845 629 956 656 [nterim
976 637 1095 665 namque
1109 631 1137 658 in
1152 632 1271 661 vinculis
1285 634 1362 662 estis.
1380 635 1426 662 Ait
1440 636 1514 663 enim
1530 645 1538 664 :
1574 646 1583 663 ι
1600 637 1738 674 Alligatus
1769 650 1798 678 ε,

172 669 261 696 uxori.
283 678 292 694 ι
314 670 416 698 Deinde
434 671 519 698 etiam
537 679 592 698 non
619 677 684 700 sunt
702 673 744 700 sui
756 674 835 708 juris,
857 678 887 701 ut
906 675 1033 709 superius
1050 675 1130 703 dixit.

207 715 264 748 VII,
278 716 375 744 29-51.
392 716 523 744 Caeterum
537 718 605 745 illud
632 719 701 752 dico,
729 720 837 754 fratres,
858 725 959 756 tempus

172 768 335 790 conlractum
349 768 387 791 est
403 772 412 791 :
429 769 548 799 superest
559 770 587 792 ut
603 766 648 800 qui
664 766 761 793 habent
776 775 871 794 uxores
882 788 889 800 ,
905 769 958 794 sint

172 812 299 843 tanquam
317 817 370 836 non
387 810 501 837 habeant
516 815 560 838 :et
576 813 620 843 qui
635 811 750 846 plorant,
768 817 894 845 tanquam
905 821 956 840 non

171 853 276 888 plorent
291 861 300 880 :
313 859 340 881 et
357 854 401 890 qui
414 855 541 890 gaudent,
554 860 681 891 tanquam
697 865 750 884 non
761 857 893 892 gaudeant
910 865 919 884 :
932 862 957 885 et

1052 723 1144 750 Τοῦτο
1169 723 1203 750 δέ
1224 733 1312 760 φημι,
1338 725 1473 761 ἀδελφοὶ,
1497 728 1542 755 ὅτι
1559 730 1577 755 ὁ
1599 730 1702 763 καιρὸς
1724 739 1798 759 συν-

1012 769 1201 803 εσταλμένος
1221 770 1253 796 τὸ
1265 772 1375 798 λοιπόν
1389 772 1484 806 ἐστιν,
1501 773 1550 800 ἵνα
1565 775 1613 802 καὶ
1630 777 1658 803 οι
1675 777 1798 812 ἔχοντες

987 817 991 821 ’
1011 814 1167 848 γυναῖκας,
1182 815 1222 848 ὡς
1231 815 1275 850 μὴ
1292 816 1415 851 ἔχοντες
1427 816 1512 851 ὦσιν,
1528 820 1577 847 καί
1591 822 1619 848 οι
1641 823 1798 858 κλαίοντες

1009 859 1049 892 ὡς
1067 860 1110 894 μὴ
1133 861 1301 895 κλαίοντες,
1326 863 1375 890 καὶ
1399 865 1426 891 οι
1445 865 1600 900 χαίροντες
1614 867 1655 901 ὡς
1671 868 1716 903 μὴ
1731 870 1796 904 χαι-

172 899 218 933 qui
231 903 331 932 emunt,
347 903 477 935 tanquam
491 909 542 928 non
555 902 706 935 possideant
722 906 767 930 :el
783 903 829 937 qui
844 907 953 930 utuntur

1043 914 1122 938 ντες,
1156 907 1206 934 καὶ
1236 909 1264 934 οι
1292 908 1485 943 ἀγοράζοντες
1516 911 1556 945 ὡς
1581 913 1623 948 μὴ
1642 899 1798 949 pagg”.

171 945 270 971 mundo
281 945 338 977 hoc,
357 951 485 981 tanquam
500 955 552 974 non
571 947 727 976 abutantur.
748 948 873 976 Prteterit
886 950 956 977 enim

170 987 274 1015 habitus
291 989 382 1016 mundi
395 990 482 1025 hujus.

205 1094 341 1128 Quoniam
354 1094 423 1121 dixit
445 1101 452 1119 :
470 1103 480 1120 ‹
501 1093 685 1122 Aiﬂictionem
703 1099 793 1123 tamen
823 1096 851 1123 in
873 1104 956 1125 carne

169 1139 321 1170 habebunt,
341 1148 350 1164 ι
374 1146 408 1166 ne
421 1139 482 1173 quis
499 1138 572 1166 dicat
588 1143 603 1166 :'
617 1139 698 1174 Atqui
725 1141 808 1168 etiam
827 1142 955 1177 volupta-

170 1191 224 1213 tem
240 1185 393 1217 habebunt,
410 1192 443 1212 ex
460 1189 602 1212 contracto
618 1190 740 1221 tempore
755 1193 872 1215 conatur
886 1196 956 1224 prae-

169 1231 294 1259 scindere
320 1230 403 1266 486
429 1231 608 1265 voluptatem.
624 1232 772 1267 Propterea
797 1233 836 1262 ait
864 1234 956 1263 :Dico

169 1278 242 1313 quod
263 1276 442 1304 aiﬂictionem
471 1277 625 1310 habebunt,
646 1279 777 1313 quoniam
801 1288 892 1315 neque
909 1289 956 1309 vo-

169 1322 304 1356 luptatem
329 1321 432 1348 habere
447 1326 562 1356 possunt
575 1321 610 1349 ob
622 1322 648 1349 id
666 1323 739 1357 quod
764 1328 873 1359 tempus
887 1326 956 1353 adeo

168 1372 338 1396 contractum
364 1367 399 1394 sit
420 1372 448 1395 et
467 1368 508 1394 'ad
525 1368 732 1396 dissolutionem
757 1375 864 1406 urgeat.
895 1372 955 1399 Jam

169 1414 243 1441 enim
257 1413 489 1448 appropinquavit
509 1421 623 1449 regnum
640 1414 753 1448 Christi,
784 1421 812 1443 et
826 1417 956 1452 deinceps

170 1459 203 1486 ad
217 1467 280 1486 eum
298 1460 416 1494 migrare
427 1459 568 1494 jubemur.
587 1470 596 1486 ι
613 1460 673 1488 Sint
690 1466 817 1496 tanquam
832 1470 887 1489 non
905 1463 956 1490 ha-

168 1505 262 1532 beant.
287 1514 296 1531 ι
312 1504 371 1538 Quo
387 1509 466 1540 pacto
493 1505 551 1532 lieri
576 1510 667 1540 potest
697 1511 727 1533 ut
742 1507 797 1534 sint
823 1512 953 1542 tanquam

167 1559 221 1578 non
247 1550 386 1578 habeant?
400 1550 429 1577 In
445 1550 498 1578 hoc
512 1551 586 1586 quod
607 1552 675 1586 ipsis
690 1560 744 1579 non
763 1552 955 1601 obsequantur
967 1572 987 1601 ο

167 1597 200 1624 ad
217 1597 314 1624 stultas
330 1596 426 1623 mundi
439 1597 695 1632 concupiscentias;
717 1602 765 1625 aut
777 1598 849 1633 quod
869 1600 951 1627 etiam

168 1643 244 1677 cupit
258 1648 288 1670 ut
303 1643 374 1671 circa
392 1643 612 1671 commistionem
625 1643 796 1672 abstinentes
807 1645 872 1673 sint.
892 1657 901 1673 ι
919 1647 953 1674 Et

167 1688 214 1723 qui
247 1690 368 1723 plorant.
387 1693 514 1723 tanquam
528 1695 582 1715 non
595 1688 713 1722 plorent.
735 1698 744 1715 ι
761 1689 801 1717 0b
820 1692 951 1725 temporis

166 1734 346 1766 brevitatem,
364 1733 463 1768 inquit,
477 1733 569 1760 omnia
582 1741 643 1768 quae
657 1735 796 1762 nonnullis
812 1735 839 1762 in
854 1744 951 1772 magna

166 1784 229 1807 sunt
252 1787 331 1811 cura,
347 1779 479 1806 debemus
491 1778 594 1805 ducere
613 1783 742 1814 tanquam
761 1788 815 1808 non
830 1787 924 1810 essent
941 1792 948 1810 ι

165 1829 194 1853 et
222 1826 260 1853 ita
286 1825 389 1852 habere
406 1831 519 1851 uxorem
535 1827 564 1852 et
578 1818 697 1859 gaudere
718 1833 750 1854 ac
762 1826 868 1861 lugere.
881 1827 950 1856 Cum

165 1872 239 1900 enim
271 1872 298 1899 in
323 1871 478 1906 propinquo
506 1871 541 1898 sit
557 1879 641 1903 mors,
660 1872 726 1907 quid
744 1880 812 1908 opus
822 1877 864 1901 est
880 1882 951 1909 pra:-

165 1918 292 1945 sentibus
305 1924 367 1944 cum
379 1923 473 1943 amore
488 1916 650 1944 immorari?
663 1918 707 1946 vel
718 1919 878 1948 existimare
889 1928 950 1949 esse

164 1963 321 1998 coniugium
334 1966 380 1989 aut
393 1962 505 1990 omnino
514 1963 617 1990 mundo
630 1964 689 1991 uti?
707 1973 715 1990 ι
734 1965 768 1992 Ει
777 1965 824 2000 qui
834 1970 950 1994 utuntur

163 2010 217 2036 hoc
243 2007 356 2040 mundo,
380 2012 510 2042 tanquam
529 2016 585 2036 non
600 2009 761 2038 abutantur.
786 2020 795 2037 ›
824 2012 949 2040 Abusum

163 2055 230 2082 dicit
249 2053 364 2080 nimium
378 2054 418 2081 uti
434 2054 576 2082 mundana
591 2055 732 2090 voluptate
747 2061 812 2091 puta
829 2057 949 2090 deliciis,

164 2100 265 2128 divitiis
279 2107 311 2127 ac
330 2100 468 2135 voluptate
482 2108 530 2128 seu
557 2101 674 2136 imperio
689 2109 696 2128 :
714 2102 870 2137 signiﬁcans
896 2104 949 2132 hoc

161 2154 222 2174 esse
236 2154 290 2173 non
303 2146 343 2173 uti
360 2153 395 2174 eo
415 2146 490 2174 sicut
506 2146 597 2174 decet.
616 2146 711 2182 Neque
731 2147 804 2175 enim
818 2148 854 2176 ob
875 2149 903 2176 id
920 2149 948 2177 in

161 2194 294 2229 mundum
309 2193 421 2221 adducti
440 2201 536 2221 sumus
551 2197 582 2220 ut
603 2193 662 2221 haec
682 2193 825 2222 faciamus.
838 2195 907 2223 Nam
920 2196 946 2223 in

1007 958 1065 983 τες,
1093 951 1144 978 καὶ
1170 952 1197 978 οι
1223 953 1367 987 χρώμενοι
1392 954 1432 987 τῷ
1457 956 1561 991 κόσμῳ
1587 959 1681 991 τούτῳ
1698 960 1795 996 ὡςμὴ

1006 996 1237 1032 καταχρώμενοι.
1252 999 1380 1034 Παράγει
1394 1009 1448 1035 γαρ
1459 1002 1491 1028 τὸ
1502 1002 1606 1038 σκῆμα
1616 1004 1669 1032 τοῦ
1679 1006 1796 1042 κόσμου

1006 1042 1125 1070 τούτου.

1049 1087 1158 1124 Ἐπειδὴ
1171 1085 1250 1115 εἶπεν
1263 1089 1303 1116 ὄτι
1317 1090 1407 1125 θλίψιν
1421 1093 1454 1127 τῇ
1469 1093 1551 1128 σαρκὶ
1563 1094 1680 1129 ἕξουσιν,
1695 1097 1740 1125 ἵνα
1759 1099 1795 1134 μή

1006 1141 1048 1164 τις
1062 1134 1139 1169 εἴπῃ,
1155 1134 1236 1161 Ἀλλὰ
1260 1135 1307 1162 καὶ
1327 1136 1434 1171 ἡδονὴν,
1448 1138 1481 1164 ὲκ
1505 1139 1553 1166 τοῦ
1575 1142 1796 1178 συνεσταλμένου

1006 1179 1104 1213 καιροῦ
1116 1181 1243 1217 πειρᾶται
1255 1182 1290 1209 τὰ
1303 1182 1351 1217 τῆς
1364 1183 1461 1218 ἡδονῆς
1478 1184 1633 1220 ὑποτεμεῖν.
1653 1188 1703 1215 Διὰ
1717 1188 1796 1217 τοῦτό

1007 1233 1089 1260 φησιυ
1105 1226 1194 1260 Λέγω,
1207 1227 1248 1254 ὃτι
1265 1227 1354 1262 θλίψιν
1376 1228 1494 1263 ἕξουσιν,
1505 1231 1599 1267 ἐπειδὴ
1615 1233 1683 1268 μήτε
1699 1235 1796 1271 ἡδονὴν

1005 1271 1131 1298 δύνανται
1158 1272 1243 1307 ἔχειν,
1266 1273 1305 1308 τῷ
1319 1273 1365 1300 τδν
1385 1275 1482 1310 καιρὸν
1501 1275 1574 1303 οὕτω
1601 1280 1794 1313 συνεστάλθαι,

1006 1318 1132 1353 καὶπρὸς
1143 1319 1220 1346 λύσιν
1235 1320 1405 1354 ἐπείγεσθαι.
1421 1322 1490 1357 Ἤδη
1509 1322 1562 1359 γὰρ
1579 1324 1695 1359 ἤγγικεν
1711 1327 1728 1361 ἡ
1747 1327 1796 1362 βα-

1007 1364 1095 1391 σιλεία
1106 1365 1152 1391 τοῦ
1165 1366 1296 1401 Χριστοῦ,
1310 1368 1357 1394 καὶ
1369 1367 1461 1394 λοιπὸν
1473 1369 1623 1404 ἀποδημεῖν
1633 1371 1703 1406 πρὸς
1713 1373 1796 1401 αὑτὸν

1005 1410 1185 1446 κελευόμεθα.
1203 1421 1213 1438 ί
1232 1412 1275 1444 Ὠς
1291 1414 1328 1448 μὴ
1341 1413 1447 1449 ἔχοντες
1458 1411 1519 1441 ὦσι.
1539 1423 1549 1441 ι
1567 1416 1629 1447 Πῶς
1643 1417 1666 1443 δ’
1681 1417 1716 1444 ἂν
1724 1415 1797 1446 Lm

1004 1456 1041 1487 ὼς
1056 1455 1093 1492 μὴ
1106 1456 1232 1491 ἔχοντες;
1248 1458 1293 1485 Ἐν
1311 1458 1349 1494 τῷ
1363 1459 1399 1494 μὴ
1413 1460 1562 1487 ὑπακούειν
1574 1462 1669 1495 αὑταῖς
1687 1464 1727 1495 εἰς
1745 1465 1795 1497 τὰς

1006 1502 1101 1537 μωρὰς
1110 1502 1158 1529 τοῦ
1174 1503 1276 1538 κόσμου
1293 1505 1452 1540 ἐπιθυμίας.
1471 1521 1504 1526 -
1515 1506 1686 1545 [ΟΚΚΟΥΜ.]
1704 1510 1740 1536 Ἦ
1753 1511 1796 1538 ὅτι

1006 1547 1052 1572 καὶ
1066 1547 1129 1582 περὶ
1146 1547 1195 1583 τὴν
1213 1549 1288 1583 μίξιν
1303 1551 1448 1586 ἐγκρατεῖς
1467 1549 1536 1578 εἶναι
1551 1553 1686 1588 βούλεται.
1709 1564 1718 1581 ι
1738 1556 1795 1582 Καὶ

1006 1591 1030 1617 ei
1043 1592 1210 1625 κλαίοντες.»
1225 1594 1276 1621 Διὰ
1284 1594 1333 1629 τὴν
1341 1595 1387 1622 τοῦ
1402 1598 1498 1631 καιροῦ
1514 1598 1682 1635 βραχύτητα,
1701 1601 1794 1628 πάντα

1006 1638 1034 1664 ἐν
1048 1638 1149 1674 σπουδῇ
1162 1639 1210 1666 νῦν
1226 1639 1384 1675 ὑπάρχοντά
1397 1650 1479 1674 τισιν,
1489 1643 1527 1675 ὡς
1536 1645 1587 1670 οὐκ
1603 1644 1679 1677 ὄντα,
1696 1646 1790 1681 φησὶν,

1005 1683 1149 1720 ὀφείλομεν
1178 1686 1314 1720 ἡγεῖσθαι,
1337 1688 1433 1714 καὶτὸ
1447 1688 1520 1724 ἔχειν
1534 1691 1661 1724 γυναῖκα,
1689 1693 1738 1718 καὶ
1760 1693 1790 1719 τὸ

1004 1729 1122 1764 χαίρειν,
1152 1732 1200 1758 καὶ
1225 1732 1256 1758 τὸ
1286 1732 1439 1762 λυπεῖσθαι.
1467 1735 1552 1762 Ὅταν
1582 1736 1637 1772 γὰρ
1668 1738 1752 1772 ἐγγὺς
1775 1739 1789 1765 ὁ

1005 1774 1130 1808 θάνατος.
1149 1777 1176 1803 τί
1190 1777 1230 1804 δεῖ
1242 1779 1296 1810 τοῖς
1314 1775 1365 1806 ὧδε
1380 1780 1590 1817 ὲμφιλοχωρεῖν,
1606 1783 1652 1809 καὶ
1669 1783 1789 1817 νομίζειν

1004 1820 1074 1848 εἶναι
1090 1823 1180 1858 γάμον
1196 1825 1242 1851 καὶ
1261 1825 1421 1861 ἀγορασίας,
1442 1827 1457 1862 ἢ
1474 1827 1505 1854 τὸ
1527 1828 1595 1861 ὅλως
1615 1830 1734 1865 χρᾶσθαι
1751 1831 1788 1866 τῷ

1003 1869 1099 1904 κόσμῳ
1113 1878 1121 1903 ;
1141 1879 1150 1896 ι
1165 1871 1221 1897 Καὶ
1230 1871 1255 1897 οἱ
1268 1871 1404 1907 χρώμενοι
1419 1873 1457 1908 τῷ
1472 1873 1567 1910 κόσμῳ
1582 1875 1679 1911 τούτῳ,
1697 1876 1736 1909 ὡς
1752 1877 1787 1912 μὴ

1003 1917 1221 1953 καταχρώμενοι.
1240 1928 1249 1945 ι
1275 1919 1311 1947 Τὸ
1330 1921 1401 1948 πάνυ
1429 1922 1461 1956 τῇ
1485 1925 1604 1959 κοσμικῇ
1628 1923 1787 1957 ἀπολαύσει,

1003 1959 1059 1989 οἷον
1083 1965 1172 1998 τρυφῇ
1199 1966 1247 1992 καὶ
1266 1965 1374 2002 πλούτῳ
1390 1967 1436 1994 καὶ
1456 1968 1601 2005 δυναστείᾳ
1627 1969 1786 2005 κῖχρῆοθαι,

1003 2009 1178 2045 παράχρησιν
1204 2011 1293 2045 καλεῖ,
1306 2012 1431 2040 τουτέστι
1449 2014 1479 2040 τὺ
1496 2014 1533 2049 μὴ
1549 2015 1699 2050 κεχρῆσθαι
1715 2016 1788 2052 αὐτῷ

1002 2055 1092 2088 καθὼς
1107 2056 1207 2092 πρέπει
1222 2058 1374 2092 σημαίνων.
1403 2060 1440 2086 Οὺ
1466 2060 1520 2096 γὰρ
1544 2060 1587 2088 διὰ
1608 2061 1689 2089 τοῦτο
1716 2071 1789 2098 παρ-

1002 2101 1127 2138 ήχοημεν
1144 2104 1183 2135 είς
1197 2103 1243 2130 τὸν
1257 2104 1370 2140 κόσμον,
1378 2105 1421 2132 ἶνα
1435 2106 1527 2135 ταῦτα,
1538 2108 1716 2143 πράττωμεν.
1731 2109 1789 2135 Ἐπ’

1001 2148 1093 2184 ιργοις
1120 2149 1175 2186 γὰρ
1203 2151 1316 2185 ἀγαθοῖς
1339 2152 1500 2188 ἑκτίσμεθα.
1527 2153 1558 2181 '0
1577 2151 1624 2181 οὖν
1649 2154 1684 2181 τὰ
1701 2156 1732 2181 ὲν
1749 2151 1789 2187 οἷς

1001 2195 1124 2231 ἐπλάσθη
1140 2197 1229 2231 ἀφεὶς,
1246 2197 1293 2224 καὶ
1315 2198 1419 2234 ἑτέρως
1445 2199 1484 2235 τῷ
1515 2200 1610 2236 κόσμῳ
1635 2200 1788 2236 χρώμενος,

162 2241 240 2268 bouis
255 2240 384 2275 operibus
398 2240 481 2267 creati
497 2240 659 2273 sumus.Qui
670 2248 736 2276 ergo
750 2241 793 2268 his
805 2241 832 2269 in
848 2242 948 2277 quibus

1043 2244 1176 2278 ραχρᾶται
1207 2244 1292 2278 αὐτῷ.
1313 2253 1322 2270 ι
1343 2245 1467 2279 Παράγει
1493 2245 1548 2281 γὰρ
1566 2245 1597 2272 τὸ
1622 2247 1717 2282 σχῆμα
1741 2247 1788 2274 τοῦ

159 2287 292 2314 formatus
299 2291 341 2314 est
350 2286 465 2319 relictis,
482 2287 564 2313 etiam
574 2286 628 2314 alio
646 2287 821 2315 modoulitur
830 2288 945 2321 mundo,

159 2332 282 2359 abutitur
294 2331 362 2366 ipso.
384 2341 393 2357 ‹
415 2332 539 2359 Ρι-κῑθτίι
565 2331 640 2358 enim
654 2331 765 2360 habitus
779 2333 874 2361 mundi
893 2334 946 2362 hu-

156 2379 212 2414 jus.
233 2386 242 2402 i
263 2377 374 2404 Transit
396 2381 423 2404 et
440 2376 520 2404 ﬁnem
537 2377 632 2410 habet,
649 2377 749 2412 inquit,
764 2380 884 2408 mundus
898 2381 946 2415 qui

158 2430 232 2450 nunc
248 2421 367 2449 videtur.
383 2422 452 2455 Quid
470 2430 536 2458 ergo
568 2423 607 2450 illi
636 2423 776 2453 adhaerere
805 2433 875 2461 opus
902 2431 946 2454 est

157 2468 230 2504 quod
244 2468 421 2495 dissolvitur?
435 2468 564 2496 Habitum
584 2473 676 2497 autem
693 2470 774 2502 dixit,
796 2471 946 2499 ostendens

1000 2288 1104 2323 κόσμου
1121 2289 1226 2316 τούτου.
1243 2298 1252 2315 ι
1270 2289 1440 2325 Παρέρχεται
1456 2291 1501 2317 καὶ
1516 2291 1592 2322 τέλος
1610 2291 1678 2324 ἔξει,
1692 2293 1787 2327 φησιν,

1000 2334 1015 2360 ὸ
1029 2335 1131 2370 κόσμος
1147 2335 1161 2361 ό
1178 2335 1225 2361 νῦν
1241 2335 1389 2370 ὁρώμενος.
1416 2337 1448 2363 Τί
1469 2335 1533 2370 οὖν;
1551 2337 1660 2373 ἔχεσθαι
1682 2338 1726 2365 δεῖ
1741 2339 1788 2365 τοῦ

999 2381 1131 2416 λυομένου
1146 2390 1154 2414 ;
1170 2382 1264 2417 Σχῆμα
1284 2382 1312 2409 δὲ
1337 2380 1423 2416 εἶπεν,
1451 2383 1590 2418 ἐμφαίνων
1618 2383 1683 2418 ἄχρι
1696 2384 1786 2418 ὅψεως

999 2424 1069 2453 εἶναι
1094 2427 1129 2454 τὰ
1156 2427 1203 2453 τοῦ
1226 2428 1358 2464 παρόντος
1383 2428 1496 2464 κόσμου,
1522 2429 1570 2456 καὶ
1594 2429 1646 2456 οὐκ
1670 2428 1747 2465 ἔχειν
1760 2438 1786 2456 τι

1000 2473 1114 2508 μόνιμον
1125 2473 1141 2508 ἢ
1157 2473 1274 2508 βέὸαιον.

157 2515 184 2541 in
201 2518 346 2549 prospectu
361 2517 466 2541 tantum
493 2522 553 2542 esse
567 2523 627 2550 quae
652 2516 733 2552 hujus
749 2517 843 2543 mundi
861 2522 936 2550 sunt,
956 2526 1007 2547 nec
1026 2520 1174 2555 quidquam
1193 2519 1294 2548 habere
1311 2520 1437 2548 durabile
1454 2524 1501 2548 aut
1512 2520 1631 2548 ﬁrmum.

194 2560 247 2593 ΥΠ,
262 2560 358 2588 2Ξν54.
378 2560 461 2596 Cupio
479 2566 568 2590 autem
591 2571 635 2590 vos
652 2563 748 2598 absque
766 2563 944 2590 sollicitudine

155 2615 220 2634 esse.
240 2605 291 2639 Qui
307 2606 398 2634 cwlebs
410 2611 448 2634 est
459 2612 536 2636 curat
550 2617 580 2635 eo
596 2617 655 2644 qua:
665 2613 728 2635 sunt
752 2609 870 2641 Domini,
881 2617 946 2643 quo-

155 2652 231 2679 moda
244 2652 388 2687 placiturus
403 2654 438 2680 sit
453 2653 576 2681 Domino.
604 2653 656 2687 Qui
670 2659 759 2682 autem
787 2655 862 2682 duxit
877 2663 945 2682 uxo-

154 2707 209 2725 rem
221 2720 227 2731 ,
242 2702 316 2725 curat
343 2707 373 2726 ea
390 2707 448 2734 quae
463 2704 525 2726 sunt
541 2700 644 2733 mundi,
658 2700 787 2735 quomodo
798 2699 945 2735 placiturus

152 2746 187 2772 sit
200 2746 286 2772 uxori.
297 2745 388 2772 Divisa
406 2751 443 2772 est
458 2747 602 2781 conjugata
618 2755 634 2773 α
647 2747 757 2781 uirgine.
774 2745 839 2778 Qui:
854 2747 943 2774 calci);

154 2796 192 2818 est
215 2795 289 2817 curat
313 2799 344 2818 ea
367 2799 426 2826 qua!
445 2797 508 2818 sunt
521 2791 635 2824 Domini,
653 2796 680 2818 ut
693 2793 726 2819 sit
741 2797 833 2820 sancta
847 2797 871 2819 et
883 2801 943 2820 cor-

153 2845 215 2872 pore
241 2841 265 2862 et
278 2837 372 2871 spiritu
391 2845 400 2864 :
418 2846 476 2869 qua
490 2845 551 2865 vero
566 2840 652 2873 nupsit
669 2839 735 2870 uiro,
751 2843 827 2867 curat
840 2847 869 2867 ea
885 2848 942 2874 quae

153 2887 215 2909 uin!
229 2883 329 2912 mundi,
350 2884 478 2917 quomodo
492 2884 623 2919 placitura
640 2886 675 2913 si!
689 2886 752 2914 viro.

1030 2566 1111 2595 Θέλω
1135 2567 1170 2594 δὲ
1192 2568 1270 2602 ὑμᾶς
1289 2568 1469 2603 ἀμερίμνους
1494 2565 1581 2596 εἶναι.
1613 2568 1644 2595 '0
1668 2568 1785 2604 ἄγαμος

992 2613 1120 2648 μεριμνᾷ
1135 2613 1170 2641 τὰ
1192 2615 1245 2642 τοῦ
1263 2615 1384 2649 Κυρίου,
1406 2613 1468 2647 πῶς
1489 2614 1590 2648 ἀρέσει
1616 2614 1655 2648 τῷ
1671 2616 1782 2649 Κυρίῳ·

995 2660 1012 2685 ό
1039 2658 1074 2685 δὲ
1098 2660 1237 2694 ’μιμήσας
1263 2659 1390 2695 μεριμνᾷ
1419 2659 1456 2687 τὰ
1483 2659 1536 2686 τοῦ
1567 2660 1693 2694 κόσμου,
1718 2659 1785 2692 πῶς

994 2704 1095 2740 ἀρέσει
1111 2705 1148 2740 τῇ
1175 2706 1303 2740 γυναικί.
1333 2706 1512 2740 Μεμέρισται
1539 2707 1559 2740 ἠ
1584 2705 1662 2741 γυνὴ
1685 2705 1737 2733 καὶ
1763 2705 1782 2739 ἠ

996 2752 1153 2786 παρθένος.
1181 2752 1212 2780 Ἠ
1236 2751 1349 2787 ἄγαμος
1368 2751 1497 2787 μεριμνᾷ
1524 2751 1559 2779 τὰ
1585 2750 1638 2779 τοῦ
1657 2751 1781 2786 Κυρίου,

996 2795 1047 2822 ἵνα
1073 2791 1095 2830 ᾔ
1122 2795 1191 2829 ἁγία
1221 2794 1270 2822 καί
1295 2793 1408 2829 σώματι
1437 2795 1486 2822 καὶ
1518 2794 1685 2828 πνεύματιο
1702 2794 1723 2828 ὴ
1749 2793 1784 2820 δὲ

995 2839 1167 2875 γαμήσασα,
1182 2839 1309 2876 μεριμνᾷ
1324 2839 1359 2867 τὰ
1377 2839 1429 2868 τοῦ
1452 2841 1577 2875 κόσμει),
1595 2838 1657 2872 πῶς
1680 2838 1783 2873 ἁρέσει

994 2882 1033 2916 τῷ
1043 2882 1139 2918 ἀνδρΙ.
