1880 3057
74 170 127 203 7M

521 171 716 203 COMMENT.
738 171 780 202 ΙΝ
798 171 945 202 ΕΡΙὲΤ.ἶ
960 172 1011 202 AD
1030 172 1211 204 CORlNTH.

1650 177 1705 208 742

106 225 171 258 Πῶς
197 225 221 253 δ’
244 224 278 252 ἄν
301 224 397 260 εἴημεν
412 225 571 262 ἀμέριμνοι,
593 226 617 253 εί
643 227 746 262 ἄγαμοι
769 223 860 262 ὧμενς

954 227 1097 261 Quomodo
1120 233 1214 257 autem
1248 229 1352 265 absque
1377 230 1562 260 sollicitudine
1579 240 1639 261 esse
1655 241 1707 270 po-

73 272 128 305 Τὰς
143 272 198 307 γὰρ
213 272 348 307 κοσμικὰς
363 272 519 307 φροντίδας,
533 272 576 304 τίς
589 273 704 307 ἀγνοεῖς
722 282 731 299 ι
756 273 785 300 '0
798 273 868 306 ἄγα-

74 328 124 354 μος
152 319 274 354 μεριμνᾷ
289 319 323 345 τὰ
343 318 391 344 τοῦ
415 317 530 353 Κυρίου.
549 327 558 344 t
586 319 657 354 Ὅρα
680 319 739 350 πῶς
760 320 794 353 τῇ
818 319 868 353 τῆς

72 366 211 401 μερίμνης
228 365 348 400 διαφορᾷ
359 365 405 391 ἐπὶ
417 365 568 400 παρθενίαν
580 365 746 400 παρακαλεῖ.
759 364 797 392 Τὸ
813 365 868 400 γὰρ

70 411 104 438 τὰ
125 410 174 437 τοῦ
200 411 304 445 Κυρίου
331 411 540 445 μεριμνᾷν,οὑχ
557 411 615 437 ἔστι
637 411 776 446 μέριμνα,
800 410 868 438 ἀλλὰ

72 456 207 492 σωτηρία.
226 455 308 482 Ὅθεν
323 455 380 483 ἀνω
404 456 489 490 λέγει,
509 465 518 482 ι
537 457 613 484 Θέλω
639 457 668 484 δὲ
685 457 757 489 ὑμᾶς
770 456 867 492 ἀμερί-

72 511 157 537 μνους
179 500 260 529 εἶναι.
278 511 287 527 ι
299 517 333 521 -
350 511 359 528 ι
376 502 548 538 Μεμέρισται
565 503 582 538 ἡ
599 503 668 538 γυνὴ
683 503 728 530 καὶ
757 503 774 538 ἠ
797 511 868 539 παρ-

71 548 178 579 θένος.»
197 546 402 584 [ΟΙΚΟΥΜ.]--
412 548 594 583 Μεμέρισται,
605 549 754 580 τουτέστιν,
770 548 801 574 οὐ
818 549 866 583 τὴν

70 593 157 628 αὐτὴν
171 593 265 628 ιχουσι
283 593 423 629 φροντίδα,
439 593 507 620 ἀλλὰ
521 594 725 628 μεμερισμέναι
738 594 792 620 atat
805 594 866 624 ταῖς

72 639 215 670 σπουδαῖς.
254 638 285 665 ἸΙ
318 639 367 673 μὲν
394 639 448 674 γὰρ
479 639 625 675 παρθένος,
645 639 724 674 φησὶ,
753 641 788 667 τὰ
819 640 865 667 τοῦ

74 683 180 718 Κυρίου
196 684 327 718 μεριμνᾷ,
348 683 392 710 ἵνα
412 681 428 720 ᾖ
453 684 559 719 σώματι
576 685 622 711 καὶ
638 685 772 719 πνεύματι
789 685 864 719 ἁγία,

72 729 182 763 σώματι
199 729 249 763 μὲν
277 729 321 755 διὰ
341 729 391 764 τὴν
413 730 535 763 ἁγνείαν,
562 730 698 766 πνεύματι
713 731 740 758 δὲ
755 731 799 758 διὰ
816 731 865 766 τὴν

72 774 141 809 πρὸς
165 774 212 800 τὸν
235 774 301 800 Θεὸν
330 775 497 809 οἰκειότητα,
521 777 569 802 καὶ
580 777 630 811 τὴν
658 776 793 812 ἐνοίκησιν
817 777 864 803 τοῦ

72 819 252 854 παρακλήτου
278 819 446 855 Πνεύματος.
478 830 488 847 ι
516 821 547 848 Ἡ
566 821 595 848 δὲ
622 822 657 849 τὰ
685 822 733 849 τοῦ
762 822 864 854 κόσμου

74 866 209 900 μεριμνᾷ.
226 874 236 891 ι
257 865 348 899 Ἀνδρὶ
372 866 425 901 γὰρ
439 867 538 901 ἀρέσαι
555 866 691 902 βούλεται.
708 868 789 899 Ἴσως
810 868 863 902 γάρ

920 273 1046 305 terimus,
1061 274 1084 301 si
1102 282 1158 301 non
1173 274 1261 302 simus
1275 276 1434 311 conjugati?
1445 275 1512 310 Quis
1529 278 1603 305 enim
1625 286 1707 307 curas

919 318 1026 354 ignorat
1038 320 1215 348 mundanas?
1231 330 1241 347 ι
1267 321 1319 355 Qui
1334 322 1434 350 cazlebs
1447 327 1488 350 est
1506 328 1585 350 curat
1597 332 1628 351 ea
1643 333 1705 359 quae

918 369 983 392 sunt
999 365 1117 393 Domini.
1140 375 1149 391 ι
1171 366 1241 394 Vide
1254 368 1392 402 quomodo
1407 376 1457 402 per
1478 377 1552 396 cura:
1573 369 1706 397 dilIeren-

918 411 983 438 tiam
999 411 1122 447 587ml
1140 412 1324 448 virginitatem
1338 413 1511 442 adhortetur.
1528 415 1595 442 Nam
1608 424 1706 444 curare

917 464 948 484 ea
960 465 1021 492 qua:
1033 458 1140 485 Domini
1155 463 1230 491 sunt,
1245 466 1301 486 non
1323 464 1365 487 est
1378 461 1529 488 sollicitum
1557 470 1632 495 esse,
1657 463 1705 490 sed

916 507 958 530 est
974 504 1058 530 salus.
1074 504 1150 532 Unde
1163 505 1290 540 superius
1310 505 1377 532 dicit
1396 514 1402 531 :
1422 516 1430 532 I
1448 506 1536 542 Cupio
1553 513 1645 535 autem
1657 517 1706 536 vos

916 546 1021 581 absque
1027 548 1214 576 sollicitudine
1225 557 1297 577 esse.
1306 559 1316 576 ι
1325 559 1370 576 -ι
1378 550 1468 578 Divisa
1479 555 1521 578 cst
1532 552 1677 588 conjugata
1689 561 1705 580 a

915 593 1033 627 virgine.
1051 603 1060 620 ι
1081 603 1090 620 ι
1111 594 1203 622 Divisa
1217 599 1270 627 est,
1298 605 1307 621 ι
1337 596 1388 624 hoc
1413 602 1465 629 est,
1495 605 1550 625 non
1577 599 1703 626 eamdem

916 638 1019 666 habent
1048 648 1154 672 curam,
1172 641 1219 668 sed
1234 640 1333 668 studiis
1351 642 1447 669 divisa:
1462 648 1536 670 sunt.
1560 643 1703 678 Siquidem

916 684 1003 720 virgo,
1014 685 1113 720 inquit,
1124 691 1202 714 curat
1216 695 1248 714 ea
1261 696 1321 723 qua
1331 695 1394 716 sunt
1411 690 1530 724 Domini,
1543 695 1573 718 ut
1589 699 1704 726 corpore

915 735 943 756 et
967 730 1066 764 spiritu
1095 737 1190 758 sancta
1218 732 1276 759 sit:
1305 740 1422 768 corpore
1450 735 1563 769 quidem
1589 743 1704 771 propter

915 776 1083 808 castitatem.
1100 777 1201 812 spiritu
1225 786 1290 806 vero
1306 785 1418 814 propter
1433 780 1650 809 l'atniliaritatem
1670 783 1704 810 ad

916 822 1014 855 Deum,
1032 828 1060 850 et
1074 822 1196 858 Spiritus
1207 825 1337 859 paracleti
1353 825 1593 854 inhabitationem.
1611 838 1619 853 ι
1638 828 1704 860 Qum

915 876 981 895 vero
997 869 1091 904 nupsit
1109 870 1185 902 viro,
1207 877 1285 898 curat
1295 879 1328 899 ea
1343 880 1404 907 quae
1415 873 1509 900 mundi
1530 878 1621 900 sunt.»
1635 874 1702 901 Nam

71 899 118 938 καί
126 899 242 943 simam;
257 909 325 938 εἶναι
337 899 474 946 βούλεταί,
487 914 533 940 καὶ
543 899 678 948 οἰκουρὸς,
694 915 739 940 καὶ
748 899 860 949 μηδὲ-τῷ

951 922 978 942 ro
996 915 1103 949 placere
1118 916 1206 951 cupit.
1220 899 1359 944 Fortassis
1369 918 1441 945 enim
1453 918 1567 953 pulchra
1588 924 1702 954 aspectu

70 957 194 992 δεομένῳ
207 956 332 984 ἁπλοῦσα
351 958 430 992 χεῖρα
461 958 662 994 φιλάνθρωπον.
685 959 821 986 Γυναῖκα
833 959 862 986 δέ

71 1012 149 1039 φησι,
166 1004 217 1039 τὴν
227 1004 430 1039 γεγαμηκυίαν.

104 1145 203 1173 Τοῦτο
215 1145 249 1172 δὲ
259 1145 335 1180 πρὸς
348 1145 381 1172 τὸ
397 1144 480 1180 ὑμῶν
493 1145 593 1173 αὐτῶν
607 1145 765 1181 συμφέρον
771 1146 861 1182 λέγω,

70 1195 126 1227 οὐχ
153 1193 206 1220 ἵνα
226 1193 343 1227 βρόχον
357 1192 427 1227 ὑμῖν
453 1192 595 1226 ἐπιϐάλω,
618 1193 699 1220 ἀλλὰ
725 1194 800 1227 πρὸς
830 1193 863 1220 τὸ

69 1240 230 1274 εὔσχημον
243 1241 293 1266 καὶ
312 1238 518 1273 εὑπρόσεόρον
530 1238 570 1272 τῷ
586 1240 686 1273 Κυρίῳ
699 1239 862 1273 ἀπερισπά-

70 1295 162 1319 στως.
189 1287 224 1313 El
244 1285 278 1312 δέ
295 1295 341 1319 τις
355 1285 544 1320 ἀσχημονεῖν
575 1286 625 1312 ἐπὶ
642 1285 700 1320 τὴν
712 1287 863 1320 παρθένον

70 1332 166 1360 αὐτοῦ
200 1332 322 1366 νομίζει,
347 1332 401 1359 ἐὰν
426 1330 446 1368 ᾖ
474 1332 654 1366 ὑπέρακμος,
694 1333 742 1359 καί
769 1332 864 1364 οὕτως

70 1378 188 1412 ὀφείλει
209 1378 354 1412 γίνεσθαι,
380 1377 396 1405 ὃ
418 1378 509 1412 θέλει,
532 1379 661 1411 ποιείτω,
683 1379 740 1413 οὐχ
773 1378 862 1413 ἁμαρ-

69 1423 167 1453 τάνει,
185 1424 384 1457 γαμείτωσαν.

102 1469 176 1500 Τοὺς
190 1469 218 1495 δὲ
245 1470 307 1504 περὶ
324 1469 472 1504 παρθενίας
487 1469 595 1503 λόγους,
617 1470 711 1504 φησὶν,
734 1470 859 1505 ἐκίνησα,

69 1515 152 1542 τοῦτο
166 1515 230 1549 ὑμῖν
249 1516 399 1550 συμφέρειν
414 1515 504 1548 εἰδὼς,
517 1517 567 1551 οὐχ
597 1516 642 1542 ἵνα
666 1516 694 1543 δὲ
713 1517 863 1550 ἀναγκάσω

71 1561 143 1596 cna;
170 1562 218 1588 καὶ
244 1561 368 1593 θέλοντας
391 1562 439 1588 καὶ
470 1562 508 1597 μὴ
530 1562 656 1594 θέλοντας
667 1562 856 1597 παρθενεύειν.

70 1589 126 1643 Tir:
134 1589 194 1643 γὰρ
208 1608 329 1642 ἀνάγκην
355 1589 451 1643 ῥρόχον
464 1589 552 1635 καλεῖ.
571 1589 655 1644 Ὁρᾷς
679 1589 737 1640 πως
761 1609 862 1636 δέδοικε
876 1589 897 1618 c

69 1654 173 1682 τέλειόν
193 1663 220 1680 τι
235 1653 384 1686 ἐπιτάξαι;
405 1663 415 1679 ι
442 1653 523 1680 Ἀλλὰ
540 1653 608 1689 πρὸς
625 1653 655 1680 τὸ
675 1654 821 1689 εὔσχημον.
852 1663 860 1679 ι

70 1700 102 1727 Τί
133 1699 192 1735 γὰρ
207 1699 341 1735 παρθένου
356 1699 404 1726 καὶ
425 1699 476 1734 τῆς
508 1699 636 1734 τοιαύτης
651 1699 788 1730 πολιτείας
816 1699 863 1725 καὶ

70 1748 143 1782 ζωῆς
164 1746 433 1781 εὐσχημονέστερον;
454 1755 464 1772 ι
478 1746 533 1772 Καὶ
550 1745 730 1782 εὒπρόσεδρον
745 1745 784 1780 τῷ
808 1745 863 1772 Κυ-

72 1794 132 1829 ρίῳ.
166 1802 176 1819 ι
193 1793 231 1819 Οὐ
244 1793 297 1828 γὰρ
313 1792 395 1826 λέγω,
410 1793 486 1827 φησὶ,
498 1792 595 1824 ταῦτα,
622 1792 666 1819 ἵνα
680 1791 777 1827 βρόχον
798 1792 862 1826 ὑμίν

70 1839 117 1865 καὶ
127 1839 254 1873 ἀνάγκην
266 1838 398 1870 ἑπιὸάλω,
416 1838 483 1864 ἀλλὰ
509 1839 578 1874 πρὸς
590 1838 620 1864 τὸ
651 1837 789 1873 εῡσχημον
816 1838 862 1864 καὶ

70 1885 289 1920 ἀπερισπάστως
304 1884 486 1920 εὐπρόσεδρον
497 1884 535 1919 τῷ
546 1884 641 1919 Κυρίῳ
655 1884 769 1918 ἀγαγεῖν
791 1883 863 1918 ὑμᾶς

74 1931 250 1966 βουλόμενος.
275 1931 354 1958 Ἔστι
373 1931 402 1958 δὲ
417 1930 609 1966 εὐπρόσεδρον,
625 1929 656 1957 τδ
678 1929 799 1965 εὐχερῶς
812 1937 864 1955 πα-

73 1976 223 2012 ραμένονῆ
246 1976 388 2010 διηνεκῶς,
412 1977 633 2011 ἁμετεωρίστως,
664 1975 860 2011 ἀφροντίστως.

74 2032 84 2048 ι
108 2023 140 2049 Et
154 2022 185 2048 δέ
203 2030 246 2053 τις
257 2022 430 2057 ἀσχημονεῖν.
454 2031 464 2047 ι
486 2021 627 2048 Ἀσοένεια
639 2021 746 2056 φύσεως
757 2020 862 2056 ἀνθρὼ-

72 2078 123 2096 που
136 2069 168 2095 τί,
183 2068 305 2103 νομίζειν
317 2068 494 2103 ἀσχημονεῖν,
518 2068 577 2101 εἴγε
593 2068 642 2103 τὴν
665 2067 762 2094 ἑαυτοῦ
779 2067 863 2101 θυγα·

71 2115 137 2151 τέρα
152 2114 435 2149 φυλάττειπαρθένον,
454 2114 501 2140 καὶ
516 2113 575 2149 Θεῷ
592 2115 748 2149 ἀφιεροί.-
761 2113 861 2150 [ΦΩΤᾸ

72 2161 103 2188 ΕΖ
119 2161 148 2187 δέ
162 2169 216 2192 τις,
233 2161 326 2195 φησὶν,
343 2159 536 2195 ἀσχημοσύνην
548 2161 652 2195 νομίζει
667 2160 761 2196 φέρειν
775 2159 860 2194 αὐτῷ,

72 2206 218 2234 ἀνέκδοτον
230 2206 312 2241 γάμῳ
322 2206 466 2240 φυλάττειν
483 2206 552 2232 οἶκοι
564 2206 614 2241 τὴν
630 2206 767 2241 θυγατέρα
790 2214 861 2240 παρ-

914 967 975 988 esse
987 961 1056 994 vult,
1070 966 1098 988 et
1112 962 1210 989 domus
1237 970 1329 989 curam
1356 963 1471 997 habens,
1494 972 1544 991 nec
1571 964 1702 1000 indigenti

915 1006 1061 1042 benignam
1083 1009 1201 1044 porrigit
1215 1017 1336 1037 manum.
1364 1010 1450 1038 Vocat
1479 1015 1569 1038 autent
1588 1013 1704 1045 γυναῖκα

913 1061 973 1081 eam
991 1062 1051 1089 quae
1061 1055 1122 1083 viro
1137 1060 1221 1091 nupta
1244 1061 1296 1088 est,
1311 1064 1410 1092 nempe
1423 1065 1535 1084 uxorein
1551 1057 1610 1086 sive
1633 1065 1702 1085 con-

912 1100 1043 1136 iugatam.

953 1144 1007 1177 νη,
1025 1145 1069 1177 55,
1087 1145 1122 1173 56
1144 1145 1198 1173 Hoc
1215 1152 1303 1174 autem
1317 1147 1390 1174 adid
1405 1148 1475 1182 quod
1490 1149 1560 1175 vobis
1576 1149 1701 1176 conduci-

914 1190 966 1217 bile
979 1195 1017 1217 est
1029 1191 1097 1224 diro,
1118 1200 1169 1218 non
1183 1193 1222 1219 uti
1237 1192 1360 1228 laqueum
1373 1193 1443 1220 vobis
1462 1194 1594 1228 injiciam.
1608 1194 1653 1221 sed
1667 1194 1703 1221 ad

914 1239 941 1265 id
957 1239 1026 1273 quod
1041 1239 1163 1266 decorum
1182 1244 1220 1266 est
1239 1245 1264 1266 et
1282 1239 1412 1267 iudicatae
1429 1240 1542 1267 Domino
1565 1241 1702 1268 adhareus

916 1284 1012 1319 absque
1034 1284 1091 1311 ulla
1120 1285 1299 1312 distractione.
1319 1285 1396 1318 Quod
1421 1287 1444 1312 si
1465 1287 1524 1321 quis
1551 1287 1703 1314 indecorum

914 1330 1010 1365 uirgini
1024 1338 1080 1357 sum
1098 1335 1184 1365 putat,
1210 1332 1233 1358 si
1255 1336 1395 1366 prwtereat
1418 1332 1531 1359 nubendi
1549 1337 1660 1368 tempus,
1678 1337 1703 1360 et

913 1377 951 1403 sic
967 1381 1069 1412 oportet
1089 1377 1168 1410 ﬁeri:
1185 1377 1255 1412 quod
1268 1377 1322 1404 vult
1338 1378 1431 1412 faciat,
1454 1386 1506 1405 non
1527 1384 1626 1413 peccat,
1647 1379 1704 1406 elo-

914 1431 959 1449 ceu
964 1427 983 1449 ι.

950 1468 1107 1500 Sermones,
1120 1469 1219 1503 inquit,
1232 1468 1266 1496 de
1280 1468 1437 1504 virginitate
1450 1470 1533 1501 movi,
1547 1470 1637 1497 sciens
1649 1470 1702 1499 hoc

913 1514 992 1541 vobis
1009 1515 1074 1541 utile
1095 1522 1156 1542 esse
1172 1523 1179 1541 :
1196 1523 1250 1541 non
1266 1520 1358 1542 autem
1377 1519 1406 1542 ut
1427 1523 1522 1550 cogam
1545 1523 1593 1543 vos
1608 1521 1635 1543 et
1654 1524 1701 1543 vo-

914 1560 1002 1587 lentes
1016 1564 1043 1587 et
1060 1560 1184 1587 nolentes
1202 1561 1229 1587 in
1248 1560 1404 1595 virginitate
1420 1561 1530 1595 degere.
1547 1561 1701 1588 Necessita-

916 1610 969 1633 tem
984 1606 1058 1633 euim
1074 1609 1153 1633 vocat
1175 1605 1314 1640 laqueum.
1330 1605 1428 1633 Vidcn‘
1445 1614 1527 1640 quam
1541 1607 1636 1633 timeat
1652 1606 1702 1633 ali-

913 1652 980 1687 quid
997 1652 1150 1687 perfectum
1166 1653 1332 1687 praecipere?
1347 1661 1356 1676 ι
1373 1652 1426 1679 Sed
1442 1652 1474 1679 ad
1493 1652 1517 1679 id
1534 1653 1607 1686 quod
1622 1652 1703 1680 deco-

914 1706 974 1725 rum
997 1703 1048 1725 est.
1070 1707 1080 1724 ο
1097 1698 1167 1731 Quid
1183 1698 1258 1724 enim
1283 1698 1387 1733 virgine
1401 1702 1429 1725 et
1448 1698 1494 1724 tali
1511 1698 1565 1724 vita
1582 1706 1613 1725 ac
1632 1705 1701 1725 con-

913 1745 1070 1772 versatione
1086 1744 1173 1779 magis
1190 1743 1340 1773 decorum?
1359 1753 1368 1769 ‹
1390 1743 1423 1770 Et
1438 1743 1573 1771 indivulse
1587 1743 1702 1771 Domino

914 1791 1069 1818 adhaerens.
1088 1799 1097 1816 ι
1113 1790 1183 1821 Non,
1200 1790 1298 1824 inquit,
1321 1789 1379 1817 haec
1393 1789 1456 1816 dico
1477 1794 1507 1816 ut
1529 1790 1657 1824 laqueum
1674 1793 1703 1817 et

913 1835 1107 1863 necessitatem
1129 1834 1209 1862 vobis
1233 1834 1364 1869 injiciam,
1387 1835 1435 1862 sed
1453 1830 1548 1862 voleu’s
1564 1834 1703 1861 adducere

912 1887 944 1910 ut
976 1882 1075 1909 decore
1110 1886 1139 1909 et
1162 1881 1322 1909 indistracte
1351 1889 1383 1908 ac
1419 1880 1703 1913 indivulseDomino

911 1927 1086 1955 adhaereatis.
1125 1927 1174 1953 Est
1217 1931 1309 1953 autem
1343 1926 1549 1961 εὐπρόσεδρον,
1577 1930 1703 1960 prompte

911 1973 956 2000 vel
982 1973 1114 1999 continue
1145 1979 1311 2006 permanens
1340 1971 1399 1998 sine
1427 1971 1545 1998 elatione
1573 1976 1602 1998 et
1625 1979 1702 1999 cura.

915 2027 924 2044 4
941 2018 1018 2051 Quod
1043 2018 1066 2045 si
1087 2017 1150 2053 quis
1174 2017 1346 2045 indecorum.
1369 2027 1378 2044 ι
1399 2017 1437 2045 Ex
1451 2023 1558 2044 natura:
1574 2017 1702 2044 humana

913 2065 1104 2092 imbecillitate
1127 2064 1267 2099 provenit,
1283 2067 1314 2091 ut
1330 2064 1393 2099 quis
1407 2063 1567 2091 indecorum
1579 2063 1700 2090 arbitre~

913 2116 959 2139 tur
969 2111 991 2138 si
1009 2111 1091 2138 ﬁliam
1105 2118 1183 2138 suam
1200 2115 1291 2138 servet
1307 2111 1441 2145 virginem
1460 2118 1491 2137 ac
1506 2110 1562 2137 Deo
1581 2110 1701 2137 dedicet.

913 2156 942 2184 Si
959 2158 1031 2192 quis,
1061 2157 1161 2192 inquit,
1184 2156 1336 2184 arbitratur
1361 2156 1419 2182 ﬁeri
1443 2155 1496 2182 sibi
1515 2156 1542 2182 in
1568 2154 1701 2186 dedecus,

913 2203 986 2237 quod
1003 2203 1139 2230 illocatam
1152 2207 1244 2229 servet
1256 2201 1331 2228 domi
1346 2201 1428 2227 tiliam
1441 2201 1468 2227 in
1482 2200 1640 2235 virginitate
1654 2200 1703 2227 de-

72 2252 248 2283 θενεὺουσαν,
263 2251 310 2278 καὶ
326 2250 412 2278 οίεται
435 2250 507 2277 οὕτω
523 2250 621 2285 μᾶλλον
647 2250 765 2284 ὀφείλειν
789 2250 860 2284 γίνε-

951 2254 1032 2282 ntem,
1049 2253 1078 2275 et
1099 2248 1135 2274 ita
1154 2247 1246 2282 potius
1259 2247 1319 2274 ﬁeri
1339 2246 1441 2273 debere
1457 2250 1536 2280 putat
1553 2250 1582 2272 ut
1602 2246 1702 2278 eloeet,

73 2298 144 2329 σθαι,
171 2295 233 2324 οἷον
266 2297 400 2328 ἐκδοῦναι,
433 2305 443 2322 ι
471 2297 704 2324 Ποιείτωὸθέλει.
722 2305 731 2321 ι
749 2297 787 2322 υὺ
807 2296 861 2331 γὰρ

74 2343 230 2369 κεκώλυται
243 2342 257 2368 ὁ
279 2342 368 2377 γάμος
381 2341 430 2377 (μὴ
448 2341 555 2375 γένοιτο
567 2342 598 2376 l),
616 2342 640 2368 εί
659 2341 707 2369 καὶ
730 2340 861 2375 ὑψηλότε-

74 2394 117 2421 ρον
133 2387 150 2421 ή
167 2385 311 2420 παρθενία.
331 2386 413 2412 Ὥστε
436 2387 459 2412 εἰ
471 2385 620 2420 βούλονται,
653 2386 861 2420 ὲκγαμείτωσαν

72 2432 164 2465 αὑτὰς,
183 2431 263 2467 φησι.
280 2432 311 2458 Ei
328 2431 356 2458 δέ
364 2440 405 2462 τις
417 2432 531 2466 ἕστηκεν
544 2433 572 2458 ἐν
594 2431 681 2467 ταύτῃ
703 2433 736 2466 τῇ
763 2431 861 2468 γνῴμῃ

71 2478 188 2513 ἑδραῖος,
213 2478 272 2514 ἦτοι
288 2478 327 2509 είς
347 2478 378 2504 τὸ
393 2478 430 2512 μὴ
445 2478 594 2512 ἒκγαμίσαι
612 2478 706 2510 αὐτὴν,
723 2479 760 2512 μὴ
774 2477 860 2504 ποιῶν

71 2524 149 2551 τοῦτο
165 2524 204 2557 ὡς
219 2525 249 2557 ἐξ
268 2524 391 2559 ἀνάγκης
428 2523 476 2550 καὶ
505 2523 558 2550 ἀπὸ
583 2524 666 2559 νόμου
690 2523 861 2558 κωλυόμενος

73 2571 97 2605 (ὁ
110 2571 164 2606 γὰρ
182 2569 255 2596 οὕτω
271 2570 350 2597 τοῦτο
371 2569 467 2602 ποιῶν,
487 2569 546 2596 λίαν
560 2569 735 2605 ἁμαρτάνει)·
752 2570 800 2596 ἐὰν
813 2568 860 2596 οὖν

72 2624 112 2647 τις
137 2615 219 2642 τοῦτο
242 2615 280 2646 ὡς
296 2616 334 2650 μὴ
353 2615 424 2650 ἔχων
437 2615 560 2650 ἀνάγκην
574 2617 650 2650 ποιῇ,
673 2615 730 2642 ἀλλ’
755 2615 793 2647 ὡς
813 2615 860 2642 κὺ-

73 2669 128 2697 ριος
150 2662 201 2696 μὲν
214 2662 253 2688 ὣν
277 2662 408 2697 ἑκατέρου
431 2661 584 2696 θελήματος
614 2661 669 2688 ἀπὸ
690 2661 738 2688 τοῦ
765 2661 859 2697 νόμου,

72 2708 153 2740 αὐτὸς
164 2708 194 2734 δὲ
212 2708 392 2743 αἱρετώτερον
411 2708 512 2742 κρίνων
527 2708 558 2734 τὸ
570 2708 608 2743 μὴ
630 2708 801 2743 ὲκγαμίζειν,
813 2710 860 2735 καὶ

73 2751 148 2785 οὗτος
161 2753 255 2785 καλῶς
279 2755 352 2780 ποιεῖ
364 2753 506 2788 φυλάττων
529 2754 662 2788 παρθένον
685 2755 731 2781 καὶ
761 2755 861 2790 ἀμέρι-

75 2807 138 2834 μνον
148 2800 197 2836 ripa
212 2800 310 2826 ἑαυτοῦ
323 2800 470 2834 θυγατέρα.
488 2799 605 2827 Δύναται
617 2800 645 2827 δὲ
659 2800 698 2832 τὸ,
716 2802 776 2836 «Μὴ
791 2801 861 2836 ἔχων

73 2845 205 2881 ἀνάγκην,
212 2854 221 2871 ι
237 2846 284 2872 καὶ
292 2845 377 2877 ἄλλως
385 2845 459 2872 οὐδὲν
469 2843 550 2881 ἧττον
563 2846 668 2878 οίκείως
683 2846 860 2881 ἑχληφθῆναι,

74 2889 128 2918 οἷον
163 2892 202 2928 μὴ
224 2892 443 2928 ἀναγκαζόμενος
457 2892 487 2919 τὸ
505 2892 624 2921 ἐναντίον
645 2894 732 2920 ποιεῖν
747 2893 799 2920 ὑπὸ
813 2894 861 2928 τῆς

917 2306 926 2322 ε
945 2296 1038 2324 Faciat
1056 2295 1130 2331 quod
1154 2296 1224 2322 vult.
1246 2304 1256 2321 ι
1275 2295 1369 2330 Neque
1383 2294 1458 2321 enim
1478 2293 1623 2328 prohibita:
1637 2297 1702 2320 sunt

913 2343 1026 2378 nuptiae.
1048 2343 1161 2370 minime
1177 2342 1311 2377 gentium,
1326 2348 1482 2376 quanquam
1502 2339 1646 2367 sublimior
1665 2338 1702 2366 sit

913 2388 1066 2424 virginitas.
1088 2388 1182 2423 ltaque
1201 2387 1223 2414 si
1239 2387 1346 2419 volunt,
1364 2386 1472 2413 elocent
1497 2385 1579 2420 ipsas,
1601 2384 1700 2419 inquit.

913 2435 997 2471 488
1012 2434 1040 2462 Si
1058 2441 1124 2462 vero
1137 2434 1200 2468 quis
1213 2438 1266 2461 stat
1283 2433 1311 2459 in
1329 2432 1381 2460 hac
1394 2431 1530 2459 sententia
1549 2430 1654 2461 ﬁrmus,
1671 2435 1702 2456 ut

913 2489 969 2508 non
983 2479 1189 2515 elocet‘ipsam.
1205 2488 1259 2508 non
1273 2479 1299 2506 id
1317 2487 1401 2514 agens
1414 2484 1544 2513 tanquam
1561 2485 1593 2504 ex
1606 2484 1703 2504 neces-

914 2528 1004 2559 sitate,
1021 2531 1048 2555 et
1066 2534 1081 2554 a
1104 2527 1163 2562 lege
1184 2526 1424 2561 prohibitus(n.un
1442 2525 1488 2560 qui
1505 2525 1541 2551 ita
1556 2523 1608 2550 hoc
1621 2522 1698 2555 facit,

914 2573 1093 2600 vehementer
1107 2573 1192 2606 errat)
1209 2581 1216 2604 ;
1230 2573 1252 2599 si
1268 2572 1329 2607 quis
1345 2579 1411 2606 ergo
1427 2576 1554 2605 tanquam
1575 2577 1630 2595 non
1650 2575 1701 2594 ne-

914 2620 1042 2647 cessitate
1061 2623 1174 2646 coactus
1198 2619 1250 2645 hoc
1274 2618 1365 2649 faciat,
1388 2617 1435 2644 sed
1459 2615 1537 2651 quasi
1555 2614 1700 2647 utriusque

913 2664 1022 2693 consilii
1035 2664 1164 2692 dominus
1184 2672 1199 2692 a
1216 2665 1275 2699 lege
1292 2664 1460 2691 constitutus
1479 2671 1485 2689 :
1501 2662 1559 2696 ipse
1575 2666 1640 2686 vero
1653 2659 1700 2692 ju-

914 2709 1011 2737 dicans
1034 2709 1184 2744 eligibilius
1206 2717 1267 2737 esse
1288 2717 1343 2736 nou
1357 2709 1465 2736 elocare
1488 2714 1494 2732 :
1512 2710 1540 2734 et
1561 2704 1607 2731 hic
1628 2703 1700 2731 bene

914 2756 990 2788 facit,
1013 2763 1090 2783 suam
1113 2756 1196 2783 ﬁliam
1221 2763 1334 2783 servans
1353 2755 1484 2789 virginem
1502 2756 1530 2780 et
1548 2751 1609 2778 sine
1622 2757 1699 2777 cura.

914 2801 1007 2829 Potest
1022 2806 1113 2828 autem
1125 2801 1197 2835 quod
1215 2801 1337 2827 dicitur:
1356 2809 1364 2825 ι
1381 2799 1441 2826 Non
1460 2797 1564 2824 habens
1578 2795 1700 2823 necessi-

916 2851 1010 2878 tatem,
1029 2855 1039 2871 1
1055 2846 1109 2873 alio
1122 2853 1232 2880 quoque
1248 2845 1331 2872 modo
1345 2851 1396 2870 nec
1418 2843 1511 2870 minus
1526 2842 1637 2878 proprie
1652 2847 1701 2867 ac-
1726 2877 1735 2883 ἢ

915 2892 980 2928 cipi,
995 2893 1046 2919 hoc
1058 2897 1114 2920 est:
1134 2891 1185 2925 Qui
1198 2899 1252 2918 non
1268 2891 1375 2926 cogitur
1390 2898 1404 2918 a
1419 2890 1473 2918 illia
1490 2893 1520 2917 ut
1532 2887 1701 2918 contrarium
