1880 3057
173 154 227 186 743

712 148 915 180 CECUMENII
936 148 1083 178 ΤΙὶῖΩοιὲ
1102 148 1271 178 EPiSCOPl

1762 145 1816 177 744

174 213 266 240 faciat.
286 210 314 238 Si
337 218 457 245 namque
476 209 551 236 videt
567 215 658 235 mores
673 211 720 234 aut
735 214 818 241 opera
835 205 898 233 ﬁlia:
919 213 965 233 co-

1063 205 1160 240 ·ατρὸς.
1187 204 1250 230 Ἐὰν
1264 204 1316 239 ἐρᾷ
1347 202 1400 238 γὰρ
1430 203 1464 230 τὰ
1495 203 1544 239 τῆς
1569 203 1705 239 θυγατρδς
1729 203 1774 235 εἰς
1787 202 1817 229 τὺ

174 267 239 294 gere
253 259 341 293 ipsum
355 258 387 285 ad
405 256 577 286 elocandum,
590 263 645 282 non
661 254 742 282 debet
754 255 840 288 ipsam
854 260 965 280 servare

176 305 322 340 virginem,
339 312 438 339 cogens
451 310 509 330 eam
527 302 660 329 adversus
678 301 704 328 id
720 300 794 335 quod
807 304 849 327 est
868 299 966 326 volun-

179 351 241 378 tatis
254 358 286 377 ac
296 350 439 377 sententia:
452 348 548 383 ipsius.
561 347 711 382 Virginitas
725 346 798 373 enim
810 345 965 373 voluntaria

179 405 240 424 esse
256 397 338 423 debet
363 399 391 422 et
417 403 471 422 non
497 399 602 421 coacta.
626 394 694 420 Nam
718 392 854 420 coactioni
871 392 966 426 juncta

177 448 269 477 posset
279 443 306 469 in
326 441 403 476 pejus
415 441 553 468 declinare
569 449 575 466 :
592 440 642 467 sibi
667 439 778 474 quidem
792 439 900 465 veniam
916 438 966 464 tri-

178 491 276 521 buens,
295 488 327 516 ad
341 496 403 515 eum
420 494 486 514 vero
500 486 548 521 qui
570 486 656 521 ipsam
674 485 809 521 coegisset
819 485 966 520 virginita-

180 540 234 562 tem
251 541 372 564 servare,
386 532 499 560 absurdi
513 532 627 559 sceleris
642 539 751 558 causam
766 530 899 558 referens.
913 529 967 557 Aut

179 580 216 611 id,
233 579 310 606 «Non
326 579 429 605 habens
444 578 648 609 necessitatem,
662 587 670 602 ι
684 577 737 603 hoc
751 575 904 612 signiﬁcare
919 583 968 610 po-

178 625 252 656 terit,
267 633 322 651 non
334 625 440 651 habens
451 623 478 650 id
491 623 607 650 faciendi
622 622 824 653 necessitatem,
837 627 885 648 aut
894 621 966 656 quod

179 671 255 706 prius
272 671 328 697 Deo
345 670 549 697 consecraverit
571 677 603 696 ac
623 668 807 700 dedicaverit,
825 672 874 694 aut
893 667 967 701 quod

180 716 233 743 filia
249 716 282 743 ad
298 716 354 743 hoc
377 720 465 749 cogat.
484 715 513 742 Ei
530 715 602 742 enim
621 714 667 749 qui
689 714 724 741 ab
746 713 838 748 aliquo
867 713 968 748 praedi—

184 766 291 788 ctorum
307 760 498 787 necessitatem
512 759 596 785 habet
607 766 662 785 non
672 758 797 785 elocandi
806 758 839 784 ad
848 762 965 792 nuptias,

180 814 231 833 nec
246 806 320 833 aliud
345 806 461 832 suadere
483 805 558 836 licet,
582 812 633 831 nec
657 804 738 831 aliam
756 804 921 832 sententiam
939 803 967 830 in

180 851 262 879 corde
277 851 404 878 meditari
419 861 425 878 :
448 851 504 878 imo
520 859 609 886 neque
626 851 766 885 peragenti
786 856 891 878 tantum
907 850 967 877 laus

1017 250 1182 286 ὲκγαμίζειν
1197 249 1281 277 αὑτὸν
1296 250 1496 284 ἀναγκάζοντα,
1509 250 1559 277 οὐκ
1582 250 1688 284 ὀφείλει
1707 250 1817 285 παρθε-

1017 305 1061 323 νον
1078 296 1162 332 αὺτὴν
1177 298 1281 331 τηρεῖν,
1299 296 1338 328 εἰς
1364 296 1395 322 τὸ
1426 297 1547 323 ἐναντίον
1574 297 1662 332 αὐτὴν
1683 297 1731 324 καὶ
1763 296 1815 330 τῆς

1016 343 1104 378 ὁρμῆς
1118 343 1165 369 καὶ
1185 343 1232 376 τῆς
1249 341 1366 377 γνώμης
1380 342 1592 377 ἐκϐιαζόμενοςο
1607 342 1732 370 ἑκούσιον
1744 342 1814 378 γὰρ,

1017 388 1073 415 ἀλλ’
1102 389 1153 415 οὐκ
1174 389 1312 420 ἀκούσιον,
1333 388 1362 414 τὸ
1385 388 1435 421 τῆς
1462 388 1621 423 παρθενίας.
1636 388 1716 414 Ἐπεὶ
1741 389 1815 422 μετᾶ

1017 433 1063 460 τοῦ
1083 434 1224 466 ἀκουσίου,
1240 434 1287 460 καὶ
1313 434 1351 464 εἰς
1369 435 1459 469 χεῖρον
1475 434 1508 460 ἂν
1522 434 1704 466 ἀποκλίνειεν,
1727 433 1812 468 ἑαυτῇ

1020 480 1070 514 μὲν
1086 479 1252 515 συγγνώμην
1267 480 1399 514 φέρουσα,
1433 482 1472 512 ei;
1505 481 1533 507 δὲ
1560 480 1606 507 τὸν
1645 481 1815 516 βιασάμενον

1018 526 1204 561 παρθενεύειν,
1224 526 1273 560 τῆς
1288 527 1404 558 itania;
1436 527 1485 562 τὴν
1514 527 1604 554 αῐτίαν
1623 527 1814 562 ἀναφέρουσα.

1019 573 1053 598 ‘H
1069 573 1098 599 τὸ
1113 593 1119 604 ,
1149 582 1158 598 ε
1182 568 1227 606 Μὴ
1243 573 1311 608 ἔχων
1325 573 1460 608 ἀνάγκην,
1484 583 1494 600 ι
1525 574 1572 600 καὶ
1589 574 1669 600 τοῦτο
1684 573 1719 600 ἂν
1744 574 1814 599 ὑπο-

1018 619 1177 654 δηλώσειεν.
1194 620 1240 654 Μὴ
1252 619 1332 654 ἔχων,
1346 620 1439 654 φησὶν,
1457 620 1580 655 ἀνάγκην
1608 620 1689 646 τοῦτο
1713 620 1814 650 ποιεῖν,

1019 665 1034 699 ἡ
1052 665 1089 696 ὡς
1107 665 1318 701 προαριερὼσας
1334 666 1373 700 τῷ
1403 666 1476 700 Θεῷ.
1506 667 1553 692 καὶ
1568 666 1679 697 ἀναθεὶς
1710 666 1815 701 παρθε-

1018 711 1144 746 νεέειν,ῆ
1161 712 1198 743 ὡς
1220 712 1270 746 τῆς
1291 712 1426 747 θυγατρὺς
1449 713 1495 739 ἐπὶ
1520 712 1600 739 τοῦτο
1632 721 1814 746 καταναγκα-

1020 757 1129 793 ζούσης.
1145 758 1182 784 Τὸ
1196 758 1250 793 γὰρ
1267 759 1322 785 ὑπό
1338 767 1409 790 τινος
1424 759 1479 785 τῶν
1507 760 1663 795 εἰρημένων
1687 760 1814 793 ἀνάγκην

1020 802 1108 836 ἔχοντι
1149 801 1186 838 μὴ
1212 803 1382 838 ὲκγαμίζειν,
1405 803 1466 830 οἰδὲ
1501 803 1700 838 βουλεύσασθαι
1725 804 1812 836 ἄλλως

1019 849 1068 878 ἐκ,
1095 848 1155 875 οὐδὲ
1186 849 1277 884 κρίσιν
1301 850 1384 885 ἄλλην
1407 850 1436 876 ὲν
1460 852 1493 886 τῇ
1515 851 1612 886 καρδιᾳ
1646 851 1810 886 μελετῆσαι.

182 898 324 931 tribuitur,
350 902 483 932 quantum
510 905 564 925 non
590 897 729 932 peragenti
756 897 963 929 condemnatio,

1063 895 1099 920 λλ’
1113 895 1173 921 οὐδὲ
1188 895 1354 922 ἐπιτελοῦντι
1380 896 1538 932 τηλικοῦτος
1565 898 1579 923 ὸ
1598 897 1711 928 ἔπαινος
1724 916 1733 929 ,
1751 898 1814 924 ὅσον

180 951 267 978 eaque
280 944 433 978 multiplex.
448 944 499 976 Qui
516 950 607 970 autem
621 943 725 978 absque
742 944 906 971 necessitate
919 943 966 970 dt)-

181 990 269 1017 crevit
293 990 320 1016 in
346 990 431 1016 corde
454 990 507 1017 hoc
533 990 623 1017 facere
642 998 648 1015 :
668 990 691 1016 si
709 989 843 1024 virginem
865 994 966 1021 servat,

180 1035 320 1071 egregium
340 1036 467 1070 przestitit
482 1033 589 1064 facinus
607 1044 613 1062 :
638 1036 661 1063 si
675 1043 740 1063 vero
756 1036 843 1063 elocet
857 1035 891 1063 ad
916 1044 968 1063 nu-

184 1083 266 1117 ptias,
283 1083 396 1110 omnino
419 1091 474 1110 non
499 1083 631 1117 peccavit.
647 1092 655 1108 ι
673 1082 750 1116 Quod
773 1083 832 1110 vult
847 1083 938 1110 faciat.
948 1092 964 1117 ¹ι

181 1129 244 1156 Sive
257 1129 357 1161 tradat,
375 1129 474 1164 inquit,
490 1129 628 1164 eonjugio,
644 1128 701 1156 sive
718 1135 810 1156 servet
822 1129 967 1164 virginem,

182 1175 249 1202 bene
268 1174 343 1207 facit,
361 1179 488 1202 neutrum
505 1175 579 1202 enim
590 1179 733 1210 peccatum
747 1179 799 1202 est.
818 1175 910 1202 Placet
922 1183 970 1202 au-

181 1224 235 1246 tem
253 1219 339 1254 magis
357 1220 378 1246 si
396 1224 488 1247 servet
505 1220 651 1254 virginem,
668 1224 697 1246 ut
720 1219 748 1246 in
765 1227 911 1254 progressu
928 1220 970 1247 di-

181 1265 219 1292 cit
243 1274 250 1291 :
276 1275 285 1291 ‹
316 1265 404 1300 Cupio
425 1272 474 1292 vos
500 1265 560 1292 sine
578 1264 765 1292 sollicitudine
789 1270 861 1297 e55e,
883 1274 892 1290 ›
912 1265 969 1292 sive

181 1311 312 1345 virgines.

217 1359 273 1388 νη,
291 1359 335 1391 57,
351 1358 396 1385 58.
410 1358 461 1391 Qui
472 1367 531 1386 vero
542 1363 595 1386 stat
609 1359 702 1393 ﬁrmus
714 1359 741 1385 in
754 1359 840 1390 corde,
855 1367 906 1386 non
922 1360 970 1386 ha-

183 1403 243 1430 bens
259 1405 436 1430 necessitatem
449 1424 456 1436 ,
476 1404 521 1431 sed
536 1409 689 1439 potestatem
706 1405 801 1432 habens
822 1406 890 1432 circa
909 1414 971 1441 pro-

183 1447 270 1482 priam
291 1448 474 1476 voluntatem:
495 1453 519 1475 et
537 1451 583 1476 hoc
602 1450 713 1477 decrevit
732 1451 759 1477 in
780 1452 856 1477 corde
874 1460 920 1478 suo
943 1456 971 1478 ut

182 1496 264 1518 servet
279 1501 356 1519 suam
368 1493 504 1528 virginem,
520 1495 583 1520 bene
595 1495 669 1529 facit.
685 1495 781 1531 Itaque
791 1500 816 1522 et
830 1497 874 1531 qui
887 1497 972 1524 elocut

184 1537 219 1564 ad
236 1539 352 1573 nuptias,
369 1538 432 1565 bene
448 1539 522 1574 facit,
547 1541 592 1575 qui
611 1549 671 1568 vero
691 1549 742 1568 non
761 1541 855 1575 elocat,
876 1542 970 1570 melius

183 1583 256 1618 facit.

218 1628 301 1664 439
315 1629 398 1656 Vides
409 1631 546 1664 quomodo
557 1631 648 1658 statim
662 1631 696 1659 ab
710 1632 790 1659 initio
805 1640 867 1660 eum
883 1633 969 1660 admi-

184 1679 260 1701 ratur
275 1674 322 1708 qui
336 1680 425 1702 servat
442 1684 518 1703 suam
532 1677 686 1711 virginem?
701 1687 710 1702 ‹
727 1677 779 1710 Qui
796 1682 849 1704 stat
863 1677 968 1710 ﬁrmus,

183 1717 283 1752 inquit.
299 1718 326 1745 in
340 1719 422 1746 corde
435 1727 496 1746 suo.
518 1730 526 1745 ι
542 1721 611 1747 Nam
626 1721 649 1748 is
665 1721 712 1755 qui
727 1728 840 1756 propter
856 1722 968 1750 indeco-

183 1771 255 1795 rum,
272 1769 303 1791 ut
321 1765 475 1797 videbatur,
492 1766 585 1793 omisit
598 1774 630 1793 ae
642 1770 758 1801 nuptum
775 1768 901 1798 eloeavit.
914 1776 970 1796 non

184 1810 262 1837 stetit
278 1811 305 1837 in
324 1818 407 1844 opere
425 1811 472 1837 Dei
492 1811 596 1837 firmus.
623 1821 631 1837 ι
655 1812 715 1839 Νοη
732 1812 837 1840 habens
850 1814 970 1840 necessi-

185 1859 279 1882 tatem.
301 1866 310 1882 i
330 1857 381 1889 Qui
407 1864 462 1882 non
479 1855 575 1887 habet,
593 1857 692 1892 inquit,
707 1858 897 1886 necessitatem
915 1867 970 1886 non

183 1900 309 1928 elocandi
325 1902 409 1928 illam.
427 1901 538 1936 Alioqui
561 1902 633 1929 enim
652 1911 824 1938 nequaquam
838 1904 907 1931 adeo
921 1904 970 1932 ad-

185 1946 327 1972 mirandus
340 1950 413 1972 esset
427 1946 449 1972 si
463 1954 518 1972 non
529 1946 651 1974 elocaret
661 1956 668 1974 :
680 1949 837 1976 necessitati
853 1956 970 1984 namque

185 1999 256 2026 opus
271 1992 331 2026 ejus
353 1991 551 2018 attribueretur
572 1998 600 2020 et
619 2001 674 2020 non
697 1993 748 2028 ipsi
766 2003 772 2020 :
789 2002 862 2023 nunc
878 1999 970 2022 autem

187 2041 242 2065 tota
256 2044 300 2063 res
316 2041 357 2063 est
370 2036 402 2063 ad
417 2037 478 2071 ejus
493 2038 619 2072 gloriam,
635 2044 663 2066 et
677 2039 747 2073 piam
761 2040 864 2075 Deique
879 2042 972 2069 cultri-

186 2089 245 2108 cem
260 2081 434 2108 electionem.
453 2081 593 2116 Siquidem
607 2083 654 2118 qui
672 2084 774 2112 invitus
785 2091 811 2112 et
823 2094 855 2113 ex
875 2094 971 2114 neces-

144 2151 148 2154 .
188 2126 267 2153 sitate
290 2134 367 2153 suam
386 2132 477 2154 servat
502 2128 648 2163 virginem,
672 2137 732 2164 qua:
744 2134 786 2157 est
806 2131 844 2158 illi
868 2133 972 2167 gratia?

187 2172 238 2206 Qui
255 2181 321 2201 vero
336 2173 439 2201 Christi
456 2174 605 2208 desiderio,
621 2184 676 2203 non
698 2177 802 2205 habens
824 2180 970 2207 necessita-

1021 941 1058 976 μὴ
1070 941 1237 967 ἐπιτελοῦντι
1269 942 1298 968 τὸ
1323 942 1490 978 κατάκριμα,
1518 942 1586 970 ἀλλὰ
1599 942 1812 971 πολλαπλάσιον.

1024 987 1073 1018 ‘0;
1094 987 1121 1013 δὲ
1136 987 1221 1022 χωρὶς
1233 987 1354 1022 ἀνάγκης
1377 987 1456 1014 τοῦτο
1474 988 1586 1023 κέκρικε
1599 990 1689 1015 ποιεῖν
1720 989 1749 1015 ἐν
1780 991 1811 1024 τῇ

1019 1033 1138 1067 καρδίᾳ,
1168 1033 1301 1068 παρθένον
1330 1033 1380 1068 μὲν
1407 1033 1486 1069 ἔχων,
1514 1034 1585 1068 μέγα
1615 1034 1812 1070 κατώρθωσεν,

1019 1078 1173 1113 ὲκγαμίσας
1196 1078 1235 1111 δὲ,
1262 1078 1339 1105 οὐδὲν
1374 1079 1441 1110 ὅλως
1467 1079 1602 1114 ἥμαρτεν.
1636 1089 1646 1106 ε
1676 1080 1711 1106 Ὃ
1741 1079 1814 1106 θέλει

1021 1125 1140 1157 ποιείτω,
1158 1134 1167 1150 ι
1189 1139 1223 1145 -
1239 1124 1407 1160 [ΟῘΚΟΥΜ.]
1421 1125 1483 1151 Εἴτε
1498 1125 1687 1160 ὲκγαμισάτω,
1718 1126 1813 1160 φησὶν,

1019 1171 1073 1197 εἴτε
1089 1170 1205 1206 τηρείτω
1237 1170 1382 1207 παρθένον.
1413 1171 1564 1206 Οὺδὲτερον
1590 1171 1645 1206 γὰρ
1674 1171 1812 1207 ἁμαρτία.

1020 1218 1131 1244 Εὖόοκεῖ
1146 1217 1174 1244 δὲ
1193 1217 1292 1253 μᾶλλον
1317 1217 1331 1242 ὁ
1358 1217 1500 1252 φυλάττων
1526 1217 1660 1253 παρθένον
1683 1218 1723 1250 ὡς
1748 1225 1815 1252 προ-

1019 1262 1079 1294 ῖὼν,
1096 1263 1172 1298 φησὶ,
1193 1272 1201 1288 ι
1221 1262 1295 1289 Θέλω
1310 1262 1382 1298 ὑμᾶς
1398 1262 1564 1298 ἀμερίμνους
1585 1261 1668 1295 εῖναι,
1689 1272 1699 1289 ι
1729 1263 1814 1298 ἡγουν

1023 1309 1187 1344 παρθένους.

1067 1356 1114 1387 Ὃς
1127 1355 1161 1381 δὲ
1177 1355 1308 1388 ἕστηκεν
1319 1356 1436 1390 ἑδραῖος
1449 1356 1484 1383 ἐν
1498 1356 1536 1390 τῇ
1551 1355 1660 1390 καρδίᾳ
1673 1355 1719 1390 μὴ
1735 1355 1815 1390 ἔχων

1022 1399 1167 1434 ἀνάγκην,
1184 1400 1328 1432 ἐξουσίαν
1342 1401 1375 1428 δὲ
1391 1402 1451 1436 ἔχει
1465 1401 1532 1434 περὶ
1546 1401 1598 1428 τοῦ
1612 1401 1694 1428 ἰδίου
1723 1402 1814 1435 θελή-

1019 1454 1123 1481 ματος,
1163 1447 1318 1474 καὶ·τοῦτο
1340 1447 1477 1482 κέκρικεν
1505 1448 1541 1473 ἐν
1566 1446 1603 1481 τῇ
1628 1446 1740 1481 καρδίᾳ
1762 1448 1814 1474 αὐ-

1022 1492 1075 1519 τοῦ
1090 1493 1143 1519 τοῦ
1158 1493 1260 1526 τηρεῖν
1291 1493 1350 1527 τὴν
1373 1493 1482 1521 ἑαυτοῦ
1518 1494 1680 1527 παρθένον,
1714 1493 1815 1526 καλῶς

984 1558 1004 1586 C
1024 1538 1110 1565 ποιεῖ.
1128 1539 1217 1565 Ὥστε
1239 1539 1287 1566 καὶ
1304 1541 1320 1566 ό
1338 1539 1501 1574 ἐκγαμίζων
1511 1539 1610 1572 καλῶς
1628 1539 1712 1566 ποιεῖ
1725 1548 1733 1554 ·
1752 1541 1769 1567 ό
1784 1539 1815 1565 δὲ

1018 1583 1061 1618 μὴ
1081 1584 1253 1618 ἑκγιιμίζὶυν,
1269 1585 1414 1618 κρεῖσσον
1426 1585 1514 1613 ποιεῖ.

1061 1628 1141 1665 Ὁρᾷς
1157 1630 1214 1661 πῶς
1232 1631 1263 1656 ὲκ
1276 1631 1427 1666 προοιμίων
1445 1631 1579 1666 θαυμάζει
1605 1631 1652 1658 τὸν
1667 1631 1808 1667 τηροῦντα

1021 1675 1104 1710 αὐτὴν
1119 1676 1270 1709 παρθένονς
1288 1685 1297 1702 α
1320 1677 1366 1708 ’ος
1387 1677 1499 1711 ἕστηκε,
1524 1678 1616 1712 φησὶν,
1650 1678 1763 1712 ἑδραῖος
1788 1678 1815 1704 ἐν

1020 1722 1052 1755 τῇ
1071 1721 1177 1756 καρδίᾳ.
1205 1729 1214 1746 ι
1232 1721 1360 1756 Δηλονότι
1387 1723 1492 1753 ἐκεῖνος
1511 1723 1525 1748 ὁ
1545 1722 1589 1748 διὰ
1603 1721 1655 1757 τὴν
1682 1722 1814 1749 δοκοῦσαν

1020 1766 1214 1802 ἀσχημοσύνην
1228 1767 1362 1802 καθυφεὶς
1378 1768 1425 1794 καὶ
1447 1767 1609 1802 ἐγγαμίσας,
1627 1767 1678 1803 οὐχ
1698 1768 1815 1804 ἕστηκεν

1021 1812 1124 1846 ἑδραῖος
1135 1813 1163 1838 ὲν
1173 1811 1212 1847 τῷ
1226 1811 1299 1846 ἔργῳ
1312 1811 1358 1838 τοῦ
1373 1812 1453 1839 Θεοῦ.
1470 1822 1479 1838 ‹
1560 1813 1629 1848 ἔχων
1644 1813 1788 1848 ἀνάγκην.
1803 1823 1812 1840 ι

1021 1859 1078 1884 Οὐκ
1090 1857 1156 1893 ἔχει,
1174 1859 1266 1893 φησιν,
1280 1859 1403 1893 ἀνάγκην
1417 1858 1454 1893 μὴ
1469 1859 1622 1894 ὲγγαμίσαι
1649 1859 1752 1895 αὐτὴν.
1777 1857 1814 1887 Ἦ

1021 1904 1076 1938 γὰρ
1091 1903 1124 1930 ἂν
1140 1903 1202 1929 οὒτε
1217 1903 1304 1935 οὕτως
1328 1904 1479 1938 Θαυμάσιος
1502 1902 1536 1940 ἦν
1564 1903 1609 1939 μὴ’
1640 1906 1814 1940 ὲγγαμίζων.

1022 1950 1060 1985 Τῇ
1077 1949 1129 1984 γὰρ
1142 1949 1248 1984 ἀνάγκῃ
1265 1949 1312 1975 καὶ
1337 1949 1386 1976 οὐκ
1401 1949 1476 1985 αὐτῷ
1500 1949 1529 1976 τὸ
1553 1950 1634 1985 ἔργον
1659 1951 1811 1985 ἐλογίζετο.

1022 1995 1080 2021 Νῦν
1105 1995 1133 2021 δὲ
1152 1994 1233 2021 αὑτοῦ
1247 1995 1386 2030 φιλοτιμία
1405 1996 1463 2022 ἐστὶ
1491 1996 1522 2022 τὸ
1537 1997 1604 2028 πᾶν,
1621 1997 1670 2023 καὶ
1686 1997 1815 2032 Θεοφιλὴς

1022 2043 1194 2078 προαίρεσις.
1216 2043 1245 2069 ’0
1258 2043 1313 2078 γὰρ
1325 2043 1399 2070 ἄκων
1414 2043 1460 2070 καὶ
1479 2043 1508 2076 ἐξ
1521 2044 1644 2080 ἀνάγκης
1671 2045 1815 2080 φυλάττων

1022 2090 1070 2123 τὴν
1085 2088 1181 2115 ἑαυτοῦ
1202 2088 1348 2124 παρθένον,
1365 2089 1474 2124 ἄχαρις,
1492 2089 1522 2116 ’0
1535 2089 1564 2116 δὲ
1576 2090 1619 2116 διὰ
1628 2091 1675 2120 τὸν
1696 2092 1747 2118 τοῦ
1761 2092 1815 2118 Κυ-

1025 2136 1082 2170 ρίου
1108 2135 1190 2162 πόθον
1218 2135 1254 2170 μὴ
1280 2135 1350 2170 ἔχων
1376 2135 1508 2170 ἀνάγκην,
1537 2135 1621 2162 άλλ¹ὃ
1648 2135 1726 2163 θέλει
1738 2137 1815 2164 τοῦτο

1024 2183 1110 2208 ποιεῖν
1125 2182 1288 2216 δυνάμενος,
1311 2181 1434 2215 φυλάξει,
1450 2182 1552 2213 ἐκεῖνος
1565 2181 1748 2217 θαυμάσιοςμι
1762 2184 1814 2210 Καὶ

188 2223 252 2250 tem,
268 2218 315 2246 sed
335 2224 433 2253 potens
447 2220 519 2254 quod
538 2221 597 2248 vult
619 2221 720 2255 facere,
746 2225 906 2257 servaverit,
925 2225 970 2253 ille

1063 2229 1099 2254 ὶτο
1114 2228 1241 2263 κέκρικεν
1259 2228 1287 2254 ἐν
1303 2229 1335 2263 τῇ
1358 2228 1456 2262 καρδίᾳ
1472 2227 1582 2255 αὐτοῦ.»
1602 2229 1732 2264 Ἐδραίὁν
1757 2238 1814 2256 τινα

187 2265 365 2293 admirandus
381 2272 433 2294 est.
450 2277 459 2293 ‹
479 2268 511 2294 Ει
530 2268 582 2295 hoc
597 2266 719 2297 decrevit
734 2271 760 2298 in
776 2271 857 2299 corde
876 2281 936 2300 suo.
960 2284 968 2299 ι

187 2311 307 2338 Firmum
319 2313 436 2346 aliquem
447 2314 550 2348 profert
564 2313 590 2340 in
600 2315 719 2342 medium
732 2317 880 2351 hominem,
890 2327 971 2354 quem

189 2365 242 2383 non
255 2358 344 2391 potuit
360 2358 386 2384 id
402 2366 576 2386 commovere
591 2361 664 2394 quod
676 2362 748 2396 apud
764 2363 890 2391 homines
911 2366 971 2394 exi-

160 2429 164 2431 ,
193 2402 323 2429 stimalur
339 2403 498 2431 indecorum
524 2405 552 2431 in
566 2405 610 2432 his
629 2414 688 2434 esse
709 2408 755 2443 qui
779 2409 846 2436 ﬁlias
864 2415 973 2438 servant

189 2451 316 2484 virgines.
340 2460 349 2475 ε
371 2451 443 2478 Bene
460 2451 535 2478 facit.
562 2462 569 2477 ι
595 2452 700 2480 Laudat
717 2454 805 2489 ipsum
823 2455 858 2481 ob
874 2455 974 2484 mentis

190 2494 357 2521 ﬁrmitatem.
378 2504 387 2520 ‹
414 2496 445 2522 Et
461 2497 507 2531 qui
523 2497 611 2524 clocat
625 2497 694 2525 bene
710 2498 783 2526 facit.
804 2509 812 2524 ι
831 2499 973 2533 Siquidem

189 2544 216 2565 et
246 2540 312 2567 illud
337 2542 436 2569 bonum
461 2546 504 2569 est
529 2551 536 2568 :
560 2551 649 2578 neque
673 2545 744 2571 enim
766 2550 907 2578 peccatum
932 2550 974 2572 est

189 2591 305 2621 nuptum
318 2587 428 2615 elocare
445 2597 451 2614 :
467 2597 548 2616 omne
563 2594 655 2616 autem
670 2590 742 2624 quod
755 2597 808 2616 non
823 2593 863 2616 est
879 2598 975 2624 pecca-

190 2637 258 2664 tum,
271 2634 417 2662 honestum
430 2639 480 2662 est.
493 2635 544 2668 Qui
559 2644 624 2663 vero
637 2643 690 2662 non
702 2635 801 2667 clocat,
815 2635 975 2669 pra-clarum

189 2679 327 2713 quoddam
354 2687 424 2714 opus
448 2680 514 2707 facit
536 2680 610 2715 qund
634 2680 733 2707 melius
750 2683 802 2706 est.
826 2679 975 2709 Considera

189 2731 282 2762 autem
301 2728 374 2762 quod
395 2735 429 2754 ex
449 2728 548 2754 horum
565 2727 763 2762 dijudicatione
786 2727 899 2755 suadeat
920 2737 975 2757 non

189 2772 299 2799 clocare
311 2778 436 2807 nuptum.

227 2817 282 2849 VII,
296 2818 341 2850 39,
357 2819 492 2846 MLan‘or
508 2819 563 2854 lege
579 2818 661 2853 ligata
681 2819 846 2854 estquandiu
859 2820 920 2847 vivit
937 2822 976 2848 vir

191 2862 263 2892 eius:
279 2864 347 2898 quod
361 2865 384 2891 si
401 2865 536 2892 dormien‘t
548 2866 587 2891 vir
599 2865 666 2901 ejus,
683 2864 762 2892 libera
777 2869 815 2892 est
831 2870 859 2892 ut
872 2867 912 2893 cui
922 2867 975 2894 vult

1025 2274 1181 2301 ὑποτίθεται
1198 2274 1350 2309 ἄνθρωπον,
1365 2274 1393 2300 ὃν
1409 2274 1459 2300 οὐκ
1478 2274 1570 2309 ἴσχυσε
1589 2275 1724 2302 σαλεῦσαι
1740 2277 1757 2311 ὴ
1772 2276 1815 2302 δο-

1024 2320 1110 2346 κοῦσα
1134 2319 1208 2355 παρὰ
1219 2322 1273 2351 τοῖς
1300 2320 1454 2355 ἀνθρώποις
1478 2321 1668 2357 ἀσχημοσύνη,
1690 2323 1739 2349 ἐπὶ
1763 2323 1814 2349 τῶν

1024 2365 1210 2400 φυλαττόντων
1239 2366 1391 2400 παρθένους
1418 2368 1466 2398 τὰς
1490 2367 1654 2402 θυγατέρας.
1678 2377 1688 2393 ί
1717 2368 1814 2399 Καλῶς

1024 2412 1104 2439 ποιεῖ.
1125 2421 1134 2437 ι
1167 2412 1289 2438 Ἐπαινεῐ
1305 2413 1384 2439 αὐτὸν
1401 2415 1450 2448 τῆς
1475 2414 1584 2448 ἑδραίας
1611 2413 1739 2449 γνώμης.
1762 2415 1814 2441 Καὶ

1024 2458 1037 2482 ὁ
1065 2456 1222 2490 ὲγγαμίξων
1248 2457 1336 2489 καλῶς
1377 2459 1458 2486 ποιεῖ.
1493 2473 1528 2479 —
1553 2459 1729 2495 [ΟΙΚΟΥΜ.]
1763 2459 1814 2486 Καὶ

1024 2503 1111 2529 ἐκεῖνο
1129 2503 1187 2537 μὲν,
1209 2504 1286 2538 φησὶ,
1303 2505 1395 2531 καλόν.
1413 2505 1451 2531 Οὐ
1480 2505 1535 2541 γὰρ
1567 2506 1689 2541 ἁμαρτία
1704 2507 1738 2533 τὺ
1771 2507 1815 2540 ἑγ-

1025 2547 1162 2582 γαμίζειν.
1186 2549 1243 2575 Πᾶν
1272 2549 1325 2576 δὲό
1345 2550 1393 2584 οὐχ
1428 2551 1561 2586 ἁμαρτία,
1587 2552 1680 2578 καλόν.
1699 2552 1730 2578 '0
1741 2554 1771 2581 δέ
1785 2562 1813 2587 γε

1027 2593 1063 2628 μὴ
1078 2593 1245 2628 ἐγγαμίζων,
1267 2594 1314 2620 καὶ
1325 2597 1492 2630 κατόρθωμά
1508 2605 1533 2623 τι
1553 2598 1678 2632 πράττει,
1695 2597 1709 2624 ὅ
1724 2599 1814 2634 κρεῖτ-

1026 2640 1070 2665 τόν
1093 2641 1176 2668 ἐστιν.
1197 2641 1266 2675 Ὀρα
1282 2642 1309 2667 δὲ
1326 2642 1385 2673 πῶς
1401 2644 1433 2669 ἐκ
1451 2643 1499 2678 τῆς
1519 2643 1702 2678 συγκρίσεως,
1727 2645 1760 2671 τὸ
1778 2644 1812 2680 μὴ

1026 2686 1187 2721 ἐγγαμίζειν
1203 2687 1390 2721 συμϐουλεύει.

1062 2821 1146 2854 Γυνὴ
1175 2820 1291 2847 δέδεται
1323 2822 1412 2856 νόμῳ,
1435 2823 1480 2857 ἐφ’
1502 2822 1579 2849 ὅσον
1607 2825 1721 2858 χρόνον
1743 2824 1778 2859 ζῇ
1798 2825 1812 2850 ὀ

1027 2868 1104 2901 ἀνὴρ
1117 2866 1223 2901 αὐτῆς.
1243 2867 1313 2894 Ἐὰν
1325 2867 1359 2894 δὲ
1369 2869 1417 2896 καὶ
1438 2868 1566 2904 κοιμηθῇ
1582 2871 1599 2897 ό
1610 2869 1700 2904 ἀνὴρ,
1728 2871 1812 2898 ἐλεύι
