1880 3057
49 182 98 213 ’145

504 173 698 204 CUMMENT.
713 171 753 201 IN
777 169 897 201 EPIST.
922 171 936 201 Ι
954 171 1004 202 ΑΙ)
1019 172 1201 204 CORINTH.

1614 178 1671 209 τισ

50 237 115 272 θέρίι
132 235 217 263 ἐστὶν
242 231 266 268 ᾧ
292 232 373 261 θέλει
398 231 577 267 γαμηθῆναι,
595 230 692 266 μόνον
713 228 748 255 ἐν
766 231 824 256 Κυ-

926 233 968 261 ποτ,
992 230 1068 256 modo
1090 231 1117 257 in
1136 229 1250 258 Domino
1269 239 1278 259 :
1295 231 1395 258 beatior
1418 235 1506 259 tamen
1531 239 1569 260 est
1591 235 1615 262 si
1635 236 1674 263 sic

50 286 112 318 ηίῳ.
140 279 352 315 Μακαριωτέριι
374 278 408 305 δέ
427 278 513 304 ἐστιν
536 278 591 304 ἐὰν
613 276 708 310 οὕτως
730 277 830 310 μείνῃ,

50 330 118 356 κατὰ
131 328 188 362 τὴν
211 325 289 362 ἐμὴν
305 324 438 360 γνώμην.
457 323 537 350 Δοκῶ
557 323 591 350 δὲ
606 322 687 357 κάγὼ
712 323 833 358 Πνεῦμα

51 376 117 404 Θεοῦ
139 375 231 408 ἔχειν.

80 422 161 456 Νόμῳ
177 420 252 454 λέγει
264 418 304 454 τῷ
321 418 387 453 περὶ
401 417 455 444 τῶν
471 416 583 452 μοιχῶν,
600 412 622 451 ᾧ
636 415 780 451 κατέχεται
793 416 834 447 εις

48 467 76 493 τὸ
93 467 129 501 μὴ
147 465 343 500 συμπλακῆναι
358 463 457 499 ἑτέρῳ.
473 463 522 488 Διὰ
534 462 612 489 τοῦτο
628 459 699 495 εἷπε,
717 471 728 488 (
754 462 834 488 Δεέδε⁴

48 520 97 538 ται.
113 520 123 536 ι
140 511 195 536 Καὶ
213 510 241 535 ὲν
255 509 294 544 τῷ
306 510 405 541 εἰπεῖν,
429 518 438 534 ι
459 508 579 540 Δέδεται,
601 517 611 534 ο
629 508 765 534 δείκνυσιν
793 507 834 534 ὅτι

48 559 60 582 ὁ
75 557 111 591 μὴ
126 555 296 590 ὲγγαμίζων,
317 556 443 591 κρεῖσσον
455 556 537 587 ποιεῖ,
549 555 650 590 δεσμοῦ
662 555 746 590 αὐτὴν
761 554 835 581 ὲλευ-

49 602 138 638 θερῶν.
155 611 165 627 ι
180 601 328 636 Ἐλευθέρα
341 598 445 635 ἑατὶνῷ
464 601 536 627 θέλει
545 601 713 636 γαμηθῆναι.
728 601 836 628 ιἪλευ-

49 648 160 683 θέρωται
167 648 220 683 γὰρ
228 648 274 674 τοῦ
284 647 392 682 πρώτου
399 648 501 682 δεσμοῦ
512 648 560 674 καὶ
569 649 651 683 νόμου
661 647 708 674 καὶ
716 648 834 675 λέλυται.

49 695 133 721 Εἰπὼν
149 695 177 721 δὲ
191 694 232 721 ὅτι
243 694 339 730 ἐλύθη,
351 694 534 730 προτρέπεται
547 695 585 731 μὴ
598 695 679 722 πάλιν
690 696 779 730 γῆμαι
788 695 836 721 καὶ

49 742 167 776 δεθῆναι.
186 751 194 768 t
212 742 302 768 Μόνον
324 742 354 768 ὲν
380 742 486 777 Κυρίῳ.
510 751 519 768 t
537 742 610 777 Πλὴν
636 742 705 777 μετὰ
731 750 839 777 σωφρο-

51 787 136 822 σύνης,
156 788 234 822 φησι,
256 787 304 814 καὶ
329 788 508 822 κοσμιότητος
536 788 644 823 νομίμῳ
671 789 762 824 γάμῳ,
791 788 837 814 ἐπὶ

49 833 205 868 παιδοποιίᾳ
237 833 284 859 καὶ
301 833 466 869 προστασίᾳ,
495 835 533 869 μὴ
557 833 602 861 διὰ
625 834 710 866 πάθος
739 834 835 861 ἐπιθυ-

50 879 118 913 μία;.
135 887 146 904 ι
169 878 249 904 Κατὰ
262 878 312 913 τὴν
337 879 406 914 ἐμὴν
421 879 545 914 γνώμην.
573 889 582 905 t
601 879 661 906 Ἵνα
692 880 729 916 μὴ
754 881 836 914 ἀνάγ-

49 933 96 958 κην
120 926 154 951 τὸ
175 926 293 960 πρᾶγμα
322 926 445 962 νομίσῃς,
471 926 549 962 φησί.
582 936 591 952 ι
613 927 690 954 Κατὰ
705 929 754 962 τὴν
770 928 839 963 ἐμὴν

49 971 170 1005 γνώμην.
195 980 205 996 ι
236 971 319 998 Ὅσον
344 971 400 1005 ἐγὼ
427 972 563 1006 γινώσκω,
590 974 666 1008 φησι,
696 974 765 1000 κατὰ
791 974 841 1009 τὴν

48 1018 112 1052 ἐμὴν
129 1019 294 1053 παραίνεσιν
307 1019 355 1044 καὶ
371 1019 537 1054 συμῦουλὴν,
557 1020 587 1046 οὐ
619 1021 689 1047 κατά
710 1029 771 1047 τινα
797 1030 841 1048 νο-

51 1063 176 1096 μοθεσίας
197 1062 332 1097 ἀνάγκην.
359 1061 426 1089 Εἶτα
454 1063 497 1089 ἶνα
515 1064 552 1098 μή
571 1072 613 1094 τις
636 1064 712 1100 εἴπῃ,
736 1063 840 1090 Οὐκοῦν

49 1108 70 1132 εἰ
86 1108 122 1142 μὴ
141 1107 203 1133 ἔστι
218 1107 374 1142 νομοθεσία,
390 1108 416 1133 τί
445 1108 497 1143 χρὴ
522 1108 590 1140 ὅλως
610 1108 671 1134 τινὰ
698 1109 767 1135 κατὰ
791 1109 841 1144 τὴν

48 1154 210 1188 παραίνεσιν
239 1156 348 1188 ποιείν;
382 1156 531 1190 ἐπήγαγεν,
547 1156 588 1182 ὅτι
622 1156 677 1182 Καὶ
700 1155 786 1182 ταῦτα
809 1157 841 1182 ὲκ

48 1200 90 1226 τοῦ
110 1200 249 1234 παναγίου
278 1201 436 1236 Πνεύματος
459 1201 656 1237 παραινοῦμεν,
676 1202 700 1228 εἰ
731 1203 777 1228 καὶ
804 1202 841 1238 μὴ

48 1247 84 1276 εἰς
92 1246 180 1280 νόμου
192 1246 328 1281 ἀνάγκην,
341 1246 384 1273 διὰ
397 1246 445 1281 τὴν
453 1247 597 1273 ἀσθένειαν
609 1247 695 1280 ὑμῶν,
710 1247 759 1283 τὴν
771 1256 840 1282 συμ-

49 1293 138 1328 θουλὴν
155 1293 366 1328 κατακλείομεν.
388 1301 397 1318 ι
413 1292 489 1319 Δοκῶ
502 1293 530 1319 δὲ
546 1293 622 1327 κάγὼ
638 1294 707 1320 Ilva-3
713 1302 752 1328 μα
772 1293 839 1320 Θεοῦ

49 1338 124 1372 ἒχειν.
151 1347 161 1363 ι
184 1338 243 1364 Ἵνα
260 1340 298 1374 μή
313 1347 355 1370 τις
372 1335 479 1375 νομίσῃ
492 1338 541 1370 τὰς
561 1339 687 1370 τοιαύτας
718 1339 840 1375 συμϐου-

49 1384 102 1416 λίας
124 1384 236 1411 Παύλου
258 1383 326 1411 εἶναι
351 1385 399 1411 καὶ
413 1385 457 1411 διὰ
470 1385 549 1411 τοῦτο
565 1385 749 1421 ἀνθρωπίνας,
789 1387 840 1412 ἑτ-

49 1432 114 1464 άτει,
127 1433 173 1458 ὅτι
194 1440 203 1457 ι
218 1431 331 1465 Πνεῦμα
345 1430 412 1457 Θεοῦ
422 1430 486 1466 ἔχω,
502 1440 512 1456 ι
529 1431 648 1463 δεικνὺς,
662 1431 702 1457 ὃτι
718 1431 841 1466 Νομοθε-

49 1478 101 1503 σίαι
124 1478 182 1503 εἰσὶ
203 1476 251 1503 τοῦ
277 1476 468 1512 Παρακλήτου.
503 1477 553 1503 οὐκ
579 1476 655 1512 ἐμαί.
685 1477 788 1512 Πολλὴν
812 1478 841 1504 δὲ

48 1524 303 1558 ταπεινοφροσύνην
322 1523 500 1555 ἐνδείκνυται,
529 1523 570 1556 τὸ,
588 1531 598 1550 ι
615 1522 702 1558 Δοκῶ,
720 1533 730 1550 ι
743 1523 839 1559 λέγων’

49 1569 198 1603 τουτέστιν,
219 1568 365 1604 Ἡγοῦμαι,
383 1568 500 1596 ὑπονοῶ.

367 1710 492 1737 ΚΕΦΑΛ.
513 1711 543 1737 Ε.

51 1756 116 1791 Περὶ
131 1754 282 1791 διαφορᾶς
303 1755 486 1793 Megara-tor,
503 1756 551 1783 καὶ
564 1756 684 1791 ἀποχῆς
709 1756 840 1793 δαιμονι-

312 1791 368 1818 κοῦ
383 1791 584 1825 σεότὶσματος.

83 1839 151 1873 Περὶ
171 1838 209 1865 δὲ
224 1837 282 1865 τῶν
303 1838 507 1865 εἰδωλοθύτων
527 1839 650 1872 οἵὸαμεν
666 1839 711 1865 ὅτι
729 1838 840 1871 πάντες

50 1885 162 1918 γνῶσιν
189 1886 312 1919 ἔχομεν.
341 1885 376 1911 Ἠ
391 1883 504 1919 γνῶσις
519 1884 634 1918 φυσιοῖ,
648 1884 668 1918 ἡ
686 1884 720 1911 δὲ
739 1884 838 1919 ἀγάπη

50 1931 210 1966 οἰκοδομεῖ.
226 1932 260 1958 El
275 1930 308 1957 δέ
334 1939 379 1962 τις
399 1930 483 1956 δοκεῖ
504 1930 614 1957 εἰδέναι
638 1939 675 1963 τι,
696 1929 768 1957 οὐδέ
795 1937 840 1956 πω

50 1978 137 2005 οὐδὲν
151 1979 296 2012 ἔγνωκεν,
307 1976 403 2010 καθὼς
414 1976 457 2003 δεῖ
473 1975 592 2010 γνῶναι.
603 1978 635 2004 Et
643 1977 678 2004 δέ
686 1985 731 2009 τις
739 1975 840 2012 ἀγαπᾷ

49 2024 99 2051 τὸν
115 2024 205 2054 Θεὸν,
221 2021 311 2054 οὗτος
325 2023 473 2056 ἔγνωσται
489 2022 541 2049 ὑπ’
552 2022 657 2048 αὐτοῦ.

87 2069 119 2095 Ἡ
145 2069 223 2095 αἰτία
240 2070 290 2101 τῆς
308 2068 361 2094 τῶν
377 2067 558 2094 εἰδωλοθύτων
571 2068 743 2102 ὲπιπλήξεως
757 2067 837 2103 αὕτη·

50 2114 127 2144 Τινὲς
145 2114 225 2143 liv-.5;
246 2112 309 2147 περὶ
324 2113 373 2146 τὴν
388 2113 480 2138 πίστιν
497 2112 604 2143 τέλειοι,
619 2112 667 2138 καὶ
684 2112 783 2143 ειδότες
799 2113 839 2139 ὅτι

50 2160 76 2185 οὗ
89 2160 123 2185 τὰ
141 2158 360 2193 εἰσ-πορευόμενα
386 2159 470 2184 κοινοῖ
487 2158 532 2183 τὸν
555 2157 707 2192 ἄνθρωπον,
735 2158 783 2184 καὶ
798 2159 839 2184 ὄτι

50 2207 82 2232 τὰ
99 2207 202 2232 εἰδωλα
220 2205 286 2238 ξύλα
302 2205 349 2230 καὶ
367 2204 434 2230 λίθοι
460 2204 523 2230 ὄντα
545 2204 620 2230 οὐδέν
635 2205 714 2235 εἰσιν,
726 2204 840 2238 ἀδιαφό-

52 2260 104 2286 ρως
117 2253 147 2278 ὲν
165 2253 222 2282 τοῖς
246 2251 354 2285 μιαροῖς
370 2250 423 2276 τῶν
447 2250 565 2276 εἰδώλων
584 2249 668 2280 οἴκοις
697 2250 838 2282 εἰσιόντες,
855 2263 880 2293 D

53 2300 178 2333 μετεῖχον
204 2297 259 2323 τῶν
282 2297 372 2322 ἐκεῖσε
401 2296 557 2329 τραπεζῶν,
591 2297 638 2322 καὶ
658 2296 840 2322 εἰδωλοθύτων

50 2343 188 2376 ἐγεύοντο.
207 2341 292 2367 Τοῦτο
301 2341 328 2367 δὲ
345 2341 391 2366 καὶ
401 2341 498 2371 αὐτοὺς
510 2341 572 2372 τοὺς
583 2340 700 2372 τελείους
712 2340 839 2367 ἔϐλαπτε.

52 2390 197 2422 Δαιμόνων
232 2388 286 2422 γὰρ
321 2386 480 2413 ἐκοινώνουν
513 2386 681 2422 τραπέζαις,
707 2387 842 2419 καὶτοὺς

50 2434 249 2468 ἀτελεστέρους
263 2433 408 2459 ἔϐλαπτον.
426 2432 491 2458 Οὐδὲ
504 2433 558 2466 γὰρ
576 2431 706 2467 ἐξήταζον
719 2432 779 2467 μεθ’
807 2431 841 2468 ἦς

48 2481 136 2506 ταῦτα
165 2479 276 2506 ποιοῦσι
302 2479 428 2514 γνώμης,
444 2478 511 2504 ἀλλὰ
542 2479 572 2504 τδ
589 2479 730 2514 γινόμενον
760 2481 841 2513 μόνον

49 2527 182 2561 ὁρῶντες,
198 2526 335 2561 πρόφασιν
349 2525 501 2559 ἐλάμϐανον
523 2524 715 2557 εἰδωλοθυτείν,
733 2525 770 2557 ὡς
793 2526 841 2552 καὶ

48 2573 100 2598 τῶν
123 2572 237 2598 τελείων
253 2572 324 2597 κατὰ
337 2571 420 2605 τιμὴν
430 2571 484 2596 τῶν
499 2570 617 2596 εἰδώλων
641 2571 842 2598 κοινωνούντων

48 2618 100 2643 τῶν
125 2619 217 2643 ἐκεῖσε
237 2617 395 2652 τραπεζῶν.
414 2626 423 2642 ι
440 2617 557 2652 Οἴδαμεν
574 2617 614 2642 ὅτι
643 2617 743 2648 πάντες
770 2617 840 2651 γνῶ-

49 2672 90 2690 σιν
106 2665 220 2699 ἔχομεν.
239 2674 248 2689 t
269 2664 347 2698 Μέγα
383 2664 525 2698 ἐφρόνουν,
551 2664 587 2694 ὠς
620 2664 721 2697 γνῶσιν
734 2663 841 2698 ἔχοντες

47 2711 124 2737 Θεοῦ.
140 2710 187 2736 Διὸ
197 2711 306 2736 ἐδόκουν
325 2710 392 2745 μηδὲ
414 2709 671 2744 παραφυλάττεσθαι
702 2709 736 2736 τὰ
763 2711 839 2736 εἰδω-

45 2756 157 2784 λόθυτα.
171 2757 279 2791 Ταύτην
291 2755 337 2784 οὖν
353 2757 403 2791 τὴν
417 2757 516 2790 γνῶσιν
527 2756 617 2791 κοινὴν
632 2757 739 2784 πάντων
755 2757 838 2790 λέγει·
864 2772 880 2787 λ

51 2813 58 2826 ι
72 2802 181 2832 Πάντες
196 2802 250 2836 γὰρ
263 2801 362 2836 ἔχομεν
379 2801 479 2835 ταύτην
493 2801 543 2836 τὴν
562 2801 671 2834 γνῶσιν.
684 2809 693 2827 t
704 2800 788 2826 Τοῦτο
801 2800 841 2826 λέ-

46 2857 100 2882 γων
109 2847 241 2884 κίθαιρεῖ
254 2847 344 2874 αὐτῶν
353 2847 384 2873 τὸ
393 2847 530 2885 φρόνημα.
545 2855 554 2872 ι
566 2846 597 2872 ’Ιί
610 2846 709 2880 γνῶτις
719 2847 836 2881 φυσιοῖ.»

79 2907 144 2927 ’⁷-”⁴¹
165 2905 261 2934 Matth.
279 2912 324 2936 xv,
344 2904 387 2931 il.

216 2956 352 2987 ΡΑΠιοι..
377 2954 432 2984 Gn.
458 2954 597 2984 CXl'lll.

887 277 1072 309 permanserit,
1085 276 1165 310 juxta
1180 285 1265 304 meam
1284 278 1455 306 sententiam.
1470 277 1570 313 Opinor
1585 284 1673 308 autem

886 320 956 354 quod
971 324 994 346 et
1015 321 1069 356 ipse
1080 321 1208 357 Spiritum
1220 322 1270 350 Dei
1279 323 1399 351 habeam.

923 413 1023 450 Legem
1038 414 1106 443 dicit
1119 424 1180 451 qua:
1196 416 1230 444 de
1247 417 1380 445 adulteris
1396 417 1450 446 lata
1464 424 1517 452 est,
1537 428 1591 455 qua
1607 422 1675 450 reti-

888 465 970 487 netur
986 461 1048 493 hoc,
1062 470 1095 489 ne
1106 463 1183 490 alteri
1196 464 1419 492 commisceatttr.
1430 465 1575 500 Propterea
1585 467 1654 494 dixit
1667 476 1674 495 :

892 517 901 533 ι
928 507 1020 542 Ligata
1042 513 1095 536 est.
1122 518 1130 534 t
1152 509 1186 536 Et
1203 517 1252 544 per
1268 509 1320 538 hoc
1339 511 1413 545 quod
1437 511 1505 539 dixit
1524 521 1530 538 :
1554 522 1563 538 ι
1582 513 1675 549 Ligata

888 558 940 586 est,
959 563 968 580 ι
985 555 1108 582 ostendit
1123 555 1195 590 quod
1212 556 1258 590 qui
1272 564 1327 584 non
1342 557 1432 584 elocat
1444 563 1561 593 nuptum
1577 560 1677 588 melius

888 599 964 632 facit,
978 601 1095 629 vinculis
1114 602 1201 636 ipsam
1222 602 1352 630 liberans.
1372 613 1381 629 ι
1403 603 1502 631 Libera
1519 610 1561 632 est
1582 610 1612 633 ut
1630 607 1675 633 cui

888 646 948 672 vult
963 646 1059 673 nubat.
1079 656 1087 672 t
1105 646 1233 674 Liberata
1248 651 1290 675 est
1307 648 1397 682 primo
1412 649 1523 677 vinculo
1545 658 1577 678 ac
1604 651 1675 685 lege,

889 696 918 718 et
932 692 1021 719 soluta
1034 697 1087 720 est.
1104 693 1203 721 Dicens
1218 698 1309 722 autem
1321 695 1394 729 quod
1409 695 1498 723 soluta
1511 701 1564 729 est,
1577 697 1677 725 adhor-

890 741 964 765 tatur
976 745 1010 765 ne
1033 746 1142 766 rursum
1163 739 1250 767 nubat
1266 748 1298 767 ac
1316 741 1427 776 ligetur.
1449 751 1457 768 ι
1475 742 1554 770 Modo
1578 743 1604 770 in
1622 744 1676 771 Do-

890 783 976 810 mino.
997 792 1006 808 ι
1024 783 1151 811 Attamen
1163 793 1224 812 cum
1239 785 1383 819 modestia,
1398 786 1498 822 inquit,
1511 796 1542 815 ac
1553 789 1677 817 decentia

890 828 1165 864 legitimisjungatur
1184 831 1290 866 nuptiis
1313 831 1348 859 ob
1369 832 1454 867 prolis
1474 834 1678 868 susceptionem

890 880 917 902 et
939 874 1143 908 educationem,
1172 885 1226 904 non
1252 885 1286 904 ex
1310 878 1410 906 all‘ectu
1435 880 1679 912 concupiscentia.

853 908 877 938 Β
895 929 904 945 ι
923 919 1004 948 Juxta
1016 928 1104 948 meam
1122 923 1296 950 sententiam.
1315 933 1324 948 ι
1338 924 1377 951 Ne
1391 931 1448 951 rem
1462 926 1603 953 existimes
1618 934 1680 954 esse

892 966 1096 999 necessitatem,
1120 968 1168 995 ait.
1203 977 1212 994 ‹
1233 968 1314 996 Juxta
1350 977 1439 997 meam
1463 971 1645 999 sententiam:
1667 982 1677 998 ι

891 1011 974 1048 490
992 1017 1125 1048 quantum
1144 1022 1194 1050 ego
1210 1015 1289 1042 valeo
1302 1016 1458 1051 concipere,
1479 1022 1611 1052 quantum
1629 1026 1680 1053 ego

893 1058 1047 1092 intelligere
1067 1067 1197 1094 possum;
1216 1061 1294 1097 juxta
1312 1070 1400 1089 meam
1421 1063 1636 1091 admonitionem
1652 1069 1681 1092 et

893 1104 1051 1137 consilium,
1067 1112 1123 1132 non
1139 1114 1170 1132 ex
1189 1107 1353 1135 necessitate
1368 1108 1559 1143 legislationis.
1577 1109 1680 1137 Deinde

891 1158 926 1178 ne
943 1152 1006 1186 quis
1019 1151 1093 1179 dicat
1110 1162 1116 1180 :
1131 1152 1157 1180 Si
1179 1161 1245 1188 ergo
1265 1162 1319 1181 non
1334 1159 1376 1181 est
1390 1161 1424 1181 ea
1438 1154 1473 1182 de
1486 1163 1515 1182 re
1532 1156 1679 1190 legislatio,

892 1204 942 1224 cur
958 1202 1067 1232 oportet
1086 1206 1252 1234 quemquam
1269 1195 1386 1228 omnino
1401 1202 1478 1236 juxta
1496 1206 1570 1229 luant
1584 1202 1680 1230 admo-

893 1244 1027 1271 nitionem
1049 1246 1147 1280 agere?
1169 1246 1312 1280 subjunxit
1332 1254 1339 1272 :
1364 1247 1454 1274 Etiam
1481 1247 1550 1279 haec,
1580 1248 1680 1283 inquit,

889 1289 967 1325 juxta
984 1290 1189 1318 sanctissumum
1212 1291 1347 1326 Spiritum
1367 1293 1547 1321 admonemus
1568 1303 1575 1321 :
1594 1303 1683 1329 quan-

892 1344 974 1370 quam
988 1336 1023 1363 ob
1039 1342 1157 1364 vestram
1172 1337 1389 1366 imbecillitatem
1404 1339 1552 1366 consilium
1565 1340 1598 1366 ad
1614 1341 1682 1376 legis

892 1381 1084 1408 necessitatem
1097 1389 1152 1408 non
1168 1382 1348 1411 declinemus.
1363 1393 1371 1409 ι
1389 1383 1494 1419 Opinor
1506 1388 1596 1411 autem
1609 1386 1681 1420 quod

891 1430 920 1454 et
936 1426 993 1461 ipse
1008 1427 1142 1461 Spiritum
1160 1428 1207 1455 Dei
1222 1429 1347 1456 habeam.
1365 1439 1373 1456 ι
1390 1430 1429 1457 Ne
1443 1431 1506 1465 quis
1522 1431 1680 1466 hujusmod't

893 1473 1074 1500 consiliaesse
1084 1473 1159 1500 Pauli
1171 1474 1320 1506 existimet,
1334 1480 1361 1502 et
1371 1476 1407 1502 ita
1421 1477 1551 1508 humana,
1566 1477 1680 1512 subjun-

893 1520 953 1553 git:
974 1528 983 1544 ι
1004 1520 1138 1554 Spiritum
1155 1521 1201 1547 Dci
1217 1521 1315 1553 habeo,
1332 1531 1341 1547 ι
1360 1529 1391 1548 ac
1406 1522 1429 1549 si
1446 1522 1552 1550 diceret
1569 1523 1682 1558 :Legis«

893 1563 1011 1590 latio-tes
1030 1568 1095 1591 sunt
1115 1565 1260 1598 Paraclcti,
1280 1574 1335 1593 non
1357 1575 1434 1594 mese.
1457 1567 1568 1594 Multam
1589 1573 1680 1595 autem

894 1608 1064 1636 demonstrat
1078 1610 1241 1638 modestiam
1253 1611 1349 1639 dicens
1366 1621 1375 1638 ι
1391 1612 1510 1648 Opinor,
1537 1622 1548 1639 ι
1565 1613 1617 1641 hoc
1629 1619 1680 1647 est,

889 1657 1030 1687 existimo.
1049 1658 1178 1686 arbitror.

1208 1704 1321 1734 CAPUT
1342 1706 1374 1734 ν.

893 1750 930 1778 De
940 1751 1091 1778 diversitate
1106 1751 1234 1784 ciborum,
1250 1758 1274 1780 et
1286 1753 1445 1780 abstinentia
1465 1762 1481 1780 ιι
1496 1753 1568 1780 cultu
1583 1754 1682 1781 dwmo-

1250 1797 1324 1816 num.

929 1832 996 1865 Vill,
1012 1833 1037 1866 i,
1050 1833 1076 1860 3.
1092 1833 1222 1862 Cteterum
1238 1835 1269 1862 de
1284 1836 1323 1862 his
1341 1843 1399 1870 qua!
1408 1834 1487 1862 idolis
1507 1835 1683 1862 immolantur

894 1880 1011 1907 novimus
1033 1881 1101 1915 quod
1121 1890 1210 1909 omnes
1231 1882 1368 1909 scientiam
1390 1882 1543 1910 habeamus.
1567 1882 1682 1911 Seientia

892 1925 980 1960 inﬂat,
996 1925 1100 1953 dilectio
1114 1936 1174 1954 vero
1189 1927 1314 1961 mtiiﬁcat.
1328 1928 1404 1960 Quod
1415 1930 1438 1955 si
1451 1929 1508 1964 quis
1519 1929 1567 1955 sibi
1582 1930 1683 1956 videtur

893 1972 995 2007 aliquid
1009 1981 1092 2006 nosse,
1114 1974 1230 2001 nondum
1244 1975 1388 2010 quidquam
1403 1976 1473 2002 nouit
1490 1976 1557 2002 sicut
1581 1981 1682 2011 oportet

894 2026 978 2045 nosse.
990 2019 1023 2046 At
1039 2020 1062 2046 si
1079 2021 1136 2055 quis
1145 2020 1232 2055 diligit
1249 2021 1343 2054 Deum,
1353 2022 1395 2048 hic
1405 2023 1523 2056 cognitus
1533 2027 1569 2048 est
1581 2022 1612 2048 ab
1624 2022 1680 2050 illo.

928 2065 1015 2092 Causa
1039 2065 1238 2100 increpationis
1260 2067 1294 2094 dc
1317 2067 1361 2094 his
1385 2075 1445 2102 quae
1467 2068 1548 2095 idolis
1574 2068 1684 2096 fuerant

894 2111 1043 2145 immolata,
1059 2118 1119 2140 erat
1134 2113 1191 2140 haec
1202 2124 1208 2140 :
1220 2114 1349 2141 Nonnulli
1367 2115 1392 2141 in
1409 2115 1461 2142 ﬁde
1479 2115 1604 2149 perfecti,
1620 2124 1682 2142 eum

894 2157 996 2185 scirent
1010 2166 1041 2185 ea
1062 2166 1122 2193 qum
1137 2159 1340 2192 ingrediuntur,
1359 2167 1412 2186 non
1429 2167 1603 2186 communem
1621 2160 1684 2186 red-

893 2203 959 2231 dere
980 2207 1028 2230 aut
1041 2204 1221 2238 eoinquinare
1236 2204 1376 2231 hominem
1390 2205 1449 2224 ⁹⁷-⁹¹¹
1461 2213 1467 2230 2
1478 2209 1506 2231 et
1523 2205 1680 2238 simulacra,

894 2257 956 2276 cum
978 2249 1049 2284 ligna
1066 2249 1121 2276 sint
1135 2253 1163 2276 et
1185 2250 1302 2284 lapides,
1328 2250 1396 2277 nihil
1412 2258 1484 2281 esse.
1499 2251 1556 2277 sive
1580 2251 1682 2279 nullius

894 2302 954 2322 esse
971 2295 1101 2322 momenti
1119 2303 1125 2321 :
1142 2295 1332 2322 indiﬂ‘erenter
1354 2295 1381 2322 in
1407 2296 1528 2330 impuras
1546 2296 1682 2324 idolorum

895 2339 991 2368 domos
1016 2340 1214 2375 ingredientes.
1240 2341 1389 2376 participes
1415 2350 1573 2370 mensarum
1603 2349 1682 2370 erant.

896 2394 957 2421 quae
980 2387 1018 2414 ibi
1049 2387 1272 2422 apponebantur.
1299 2392 1327 2415 et
1355 2388 1511 2416 simulacris
1541 2389 1680 2416 immolata

895 2430 1051 2466 gustabant.
1069 2425 1126 2458 lloc
1143 2436 1235 2459 autem
1249 2431 1317 2467 ipsis
1331 2440 1441 2467 quoque
1455 2433 1584 2468 perfectis
1598 2442 1680 2460 noee-

895 2477 952 2509 bat,
963 2485 1024 2504 nam
1037 2472 1193 2504 mensarum
1209 2478 1363 2505 dzrmonum
1377 2479 1525 2514 participes
1540 2485 1620 2507 erant
1636 2486 1682 2511 ;et

895 2522 1063 2556 imperfectis
1079 2523 1225 2556 nocebant,
1244 2531 1334 2558 neque
1349 2526 1423 2551 enim
1445 2525 1483 2552 illi
1503 2526 1682 2560 requirebant

895 2577 950 2603 quo
966 2569 1022 2596 haec
1038 2569 1161 2596 facerent
1178 2569 1271 2596 animo
1294 2579 1300 2595 :
1317 2571 1364 2597 sed
1387 2571 1488 2598 factum
1510 2576 1615 2598 tantum
1640 2571 1682 2598 in-

895 2620 1016 2647 tuentes,
1034 2617 1207 2642 occasionem
1234 2615 1380 2643 sumebant
1407 2616 1488 2643 idolis
1509 2616 1678 2647 immolandi,

895 2668 927 2687 ac
942 2661 963 2686 si
979 2660 1093 2695 perfecti
1117 2660 1144 2686 in
1161 2660 1293 2687 honorem
1312 2661 1447 2688 idolorum
1466 2662 1614 2696 participes
1630 2661 1679 2688 lle-

895 2711 957 2733 rent
971 2713 1126 2732 mensarum
1149 2713 1209 2740 quae
1223 2706 1258 2732 ibi
1277 2707 1488 2740 apponebantnr
1502 2716 1508 2734 :
1525 2717 1533 2732 ι
1550 2707 1679 2734 Novimuc

894 2752 968 2789 quod
984 2760 1079 2780 omnes
1096 2753 1239 2780 scientiam
1262 2753 1422 2780 habeamus.
1447 2762 1456 2778 ι
1472 2753 1547 2788 49]
1577 2754 1679 2788 Super-

895 2799 1007 2826 biehant
1019 2803 1147 2833 tanquam
1162 2799 1208 2826 Dei
1223 2799 1365 2826 scientiam
1382 2798 1525 2832 habentes;
1542 2799 1603 2827 ideo
1619 2800 1678 2834 opi-

894 2845 1032 2873 nabantur
1062 2853 1116 2872 non
1146 2852 1207 2872 esse
1240 2843 1386 2871 devitanda
1411 2851 1471 2879 qua
1495 2844 1576 2873 idolis
1599 2849 1679 2873 erant

1485 2945 1522 2978 24
