1880 3057
74 153 132 186 ’739

538 156 730 187 (ΖΟΜΜΕΝἜ.
746 156 788 186 ΙΝ
809 155 956 186 EPIST.I
975 155 1025 185 AD
1045 156 1223 187 CORINTH.

1643 162 1696 192 τξιο

73 211 137 241 λους
152 209 230 242 θεοὶις
245 209 316 237 κατὰ
331 209 410 245 χάριν
423 210 694 247 κέκ).ἧσοαι.Ὤσπερ
707 211 761 246 γὰρ
775 211 852 246 εἵρην

923 211 1019 238 mullos
1046 211 1166 239 habeant
1188 212 1254 239 deos
1281 220 1312 240 ac
1336 213 1473 247 dominos,
1500 215 1579 242 nobis
1609 221 1698 244 tamen

74 264 122 281 ται
134 255 231 289 Ἀρχαὶ
243 256 289 281 καὶ
306 255 450 287 Ἐξουσίαι,
467 256 646 291 κυριότητες,
656 256 763 292 Θρόνοι,
780 256 866 287 οὕτως

74 302 124 326 καὶ
144 301 210 327 θεοί.
233 309 243 326 τι
259 301 364 336 Ὠσπερ
387 301 441 328 εἰσὶ
460 301 516 328 θεοὶ
534 302 633 328 πολλοί.
656 313 666 328 1
688 303 755 329 Ἀπὸ
776 303 865 329 κοινοῦ

72 347 116 379 τὸ,
131 356 140 372 ι
151 347 311 382 Λεγόμενοι,
325 357 334 373 1
347 347 431 380 δέξαι.
443 348 503 374 Εἰσὶ
514 349 578 382 γὰρ,
591 349 668 383 φησὶ,
680 349 745 384 παρ’
754 348 866 383 Ἕλλησι

73 391 132 418 θεοὶ
155 393 203 418 καὶ
225 393 313 427 κύριοι
337 392 488 428 λεγόμενοι,
508 393 642 428 ἀλλ’ἡμῖν
662 392 701 425 εἷς
721 393 798 426 Θεὸς,
818 394 866 421 καὶ

71 435 114 468 εἷς
130 437 242 473 Κύριος.
258 449 266 464 1
284 439 352 465 Ἀλλ’
362 439 426 472 ἡμῖν
441 436 481 470 εἷς
496 439 562 470 θεὸς
577 440 591 465 ὁ
607 439 711 474 Πατήρ.
731 449 740 466 1
757 440 865 475 Ἐπειδὴ

71 482 162 516 εἶπεν,
177 493 186 509 1
206 481 252 515 Εἷς
275 483 342 515 Θεὸς
363 485 377 510 ό
392 484 496 520 Πατὴρ,
516 486 562 511 καὶ
577 483 617 516 εἷς
635 485 736 521 Κύριος
762 485 865 520 Ἰησοῦς

71 532 204 567 Χριστὸς,
218 540 227 556 1
240 531 277 565 μὴ
285 531 399 566 νομίσῃς
405 531 651 567 ἁποκεκληρῶσοαι
671 532 720 566 μὲν
730 531 769 567 τῷ
779 531 865 566 Harp).

70 578 113 608 τὺ,
121 576 200 608 Θεὸς,
209 575 249 611 τῷ
263 576 291 602 δὲ
305 575 370 612 Υἱῷ,
379 576 420 608 τὸ,
429 576 542 612 Κύριος.
553 577 688 612 Πολλαχοῦ
697 577 751 612 γὰρ
758 579 785 604 αἱ
794 578 865 612 Γρα-

73 623 193 656 Quinta}.
205 623 250 648 τὸν
264 622 373 658 Πατέρα
382 623 484 658 Κύριον
497 623 635 655 καλοῦσιν,
648 623 685 655 ὡς
699 624 739 655 τὸ,
757 633 766 649 ι
781 622 865 650 Εἶπεν

71 670 86 696 ὁ
102 668 208 703 Κύριος
220 667 258 703 τῷ
274 668 369 703 Κυρίῳ
383 677 447 704 μουι
465 678 475 695 1
491 669 538 695 καὶ
551 670 596 695 τὸν
609 670 672 695 Υἱὸν
686 670 761 702 Θεὸν,
774 669 811 700 ὡς
824 670 864 700 τὸ,

74 723 83 739 1
100 713 153 740 Διὰ
165 713 244 739 τοῦτο
259 713 351 748 ἔχρισε
366 722 394 740 σε
407 715 420 740 ὸ
433 714 499 745 Θεὸς
511 715 523 740 ὸ
536 714 602 746 Θεός
617 723 674 741 σουο
693 724 703 740 1
729 715 786 747 καὶ,
801 724 810 741 ι
820 715 866 748 Ἐξ

71 756 109 785 ὧν
123 759 139 784 ὁ
157 757 285 793 Χριστὸς,
300 767 309 783 1
327 758 357 784 τὸ
371 759 441 786 κατὰ
462 759 561 794 σάρκα,
580 769 589 785 1
610 761 624 786 ὁ
641 759 678 786 ὢν
695 760 740 787 ἐπὶ
757 761 866 788 πάντων

71 803 140 835 Θεὸς
158 803 313 838 εὐλογητὸς.
333 813 342 829 1
362 804 393 830 Et
410 803 438 830 δέ
454 813 494 836 τις
508 806 582 839 λέγει
599 806 644 832 ἐπὶ
663 806 766 841 Πατρὸς
785 806 865 841 μόνου

71 849 111 881 τὶ,
120 848 201 880 Θεὸς,
211 848 351 883 ἁρμόζειν,
367 849 410 875 διὰ
423 850 554 882 τὸεὶπεῖν,
572 859 580 876 1
593 848 639 882 Εἷς
653 851 727 882 Θεὸς,
745 861 755 877 1
767 850 821 887 ἆρά
835 860 866 886 γε

71 894 120 920 καὶ
137 895 186 920 ὲπὶ
201 894 248 920 τοῦ
262 894 328 920 Υξοῦ
355 894 470 929 ἁρμόσει
497 895 537 927 τὸ,
567 895 679 931 Κύριος,
707 896 751 923 διὰ
778 897 808 923 τὸ
824 898 865 924 ει-

71 941 144 972 πετν,
166 949 174 964 ι
189 938 235 969 Εἷς
251 939 352 975 Κύριος
362 939 467 975 Ἰησοῦς
479 941 611 976 Χριστόςς
627 950 636 967 1
650 941 721 968 Ἀλλ’
731 942 781 968 οὐκ
796 942 863 969 ἐστι.

71 984 144 1018 Πρὸς
156 984 360 1019 mammam
369 985 423 1019 γὰρ
430 985 483 1011 τῶν
494 985 677 1020 ψευδωνύμων
687 985 754 1013 Θεῶν
763 987 809 1014 καὶ
818 996 865 1013 κυ-

71 1031 138 1065 ρῖων
150 1031 191 1061 τὺ,
207 1040 215 1056 1
230 1028 285 1062 Εἷς,
300 1040 309 1056 1
320 1031 438 1066 εἴρηται.
452 1031 546 1058 Πολλοὶ
558 1031 586 1058 δὲ
595 1032 717 1067 ζητοῦσι,
729 1033 800 1065 τίνος
809 1034 866 1060 ἓνε-

71 1085 118 1103 χεν
133 1076 186 1103 οὐκ
201 1076 324 1111 ἐμνήσθη
353 1076 400 1103 τοῦ
416 1077 494 1111 ἁγίου
512 1078 679 1112 Πνεύματος.
694 1079 748 1106 Καί
763 1087 863 1114 φαμεν,

68 1121 109 1147 ὅτι
134 1121 205 1154 πρὸς
218 1121 351 1156 Ἕλληνας
372 1119 406 1156 ἦν
426 1122 440 1148 ὁ
462 1122 541 1156 λόγος
562 1123 647 1158 αὐτῷ,
668 1124 731 1156 τοὺς
751 1125 865 1156 πολλοὺς

69 1165 151 1198 Οεοῦς
174 1168 219 1193 καὶ
242 1167 352 1202 κυρίους
373 1167 511 1202 λέγοντας.
525 1169 662 1205 Ἐφοῦήθη
685 1169 732 1197 οὖν
752 1172 797 1197 καὶ
817 1171 864 1197 τοῦ

69 1210 233 1246 Πνεύματος
254 1212 418 1247 μνησθῆναι,
435 1214 472 1248 μή
489 1223 546 1245 πως
562 1216 608 1240 καὶ
624 1215 689 1249 παρ’
702 1215 767 1250 ἡμῖν
783 1215 864 1242 πολυ-

69 1257 146 1284 θεῐαν
168 1255 239 1283 εἶναι
261 1258 402 1292 νομίσωσι.
424 1259 470 1285 Διὸ
493 1260 538 1286 καὶ
560 1259 647 1291 οὕτως
668 1260 796 1294 ἀσφαλῶς
817 1261 864 1287 τοῦ

70 1303 181 1337 Πατρὶς
196 1303 243 1329 καὶ
253 1303 374 1337 τούΪὶοῧ
387 1305 522 1340 ἑμνήσθη”
536 1306 582 1331 τὸν
595 1306 642 1340 μὲν
656 1307 764 1340 Πατέρα
779 1306 864 1333 εἰπὼν

69 1348 114 1374 ἕνα
127 1347 210 1380 Θεὸν,
223 1348 267 1373 ἵνα
283 1350 320 1382 μὴ
331 1348 377 1374 δύο
392 1348 470 1380 θεοὺς
483 1349 625 1383 νομίσωσι,
640 1350 684 1376 τὸν
698 1351 726 1376 δὲ
741 1351 803 1377 Υὶὺν
817 1351 864 1378 ἕνα

69 1393 186 1428 Κύριον,
203 1393 246 1419 ἵνα.
267 1393 304 1429 μὴ
320 1394 366 1420 δύο
379 1394 498 1428 Κυρίους
506 1395 659 1430 νομίσωσιν.
676 1396 707 1422 Εἰ
721 1397 774 1432 γὰρ
791 1395 862 1431 εἷπε,

68 1440 133 1465 Θεὸν
157 1440 206 1466 καὶ
221 1439 298 1471 Θεὸν,
321 1439 466 1467 πολυθεῖαν
487 1441 519 1468 ἂν
534 1441 564 1473 ἐξ
587 1442 714 1476 ἀπειρίας
735 1443 864 1478 ἐνόμισαν

68 1484 216 1519 Ἕλληνες,
240 1485 256 1520 ἢ
274 1485 377 1520 Κύριον
403 1487 450 1512 καὶ
462 1486 574 1521 Κύριον,
601 1487 816 1523 πολυκυριὸτητα
831 1489 863 1515 ἂν

68 1531 214 1565 ἐνόμισαν.
228 1530 309 1557 Ὥστε
326 1531 373 1557 καὶ
388 1530 434 1557 τοῦ
450 1531 497 1557 νῦν
512 1532 599 1558 εἰπεῖν
615 1532 680 1558 Θεὸν
691 1533 800 1568 Πατέρα
816 1534 862 1560 καὶ

67 1576 173 1611 Κύριον
181 1576 227 1602 τδν
244 1577 318 1608 Υἱδν,
332 1576 400 1612 αὕτη
414 1578 430 1612 ὴ
447 1577 532 1605 αἰτία.
542 1575 596 1604 1’llv
610 1579 664 1614 γὰρ
679 1579 864 1614 ὑποσχόμενος

67 1622 133 1657 παρ’
146 1622 214 1656 ἡμῖν
229 1622 277 1648 ἕνα
297 1621 362 1648 Θεὸν
380 1620 464 1650 εἶναι,
483 1622 514 1649 Εἰ
533 1621 579 1650 οὖν
596 1621 672 1650 εἶπεν
689 1626 734 1651 καὶ
753 1625 796 1651 τὸν
809 1626 864 1652 Πα-

67 1668 132 1702 τέρα
149 1667 197 1693 καὶ
212 1668 256 1693 τὶν
270 1667 345 1700 Υἰδν,
360 1667 426 1694 Θεὸν
439 1668 574 1703 ἢΚύριον,
585 1670 664 1696 πάλιν
677 1670 818 1705 εὑρίσκετο
831 1673 862 1706 τῇ

67 1712 159 1746 οἰκείᾳ
177 1712 323 1747 ὑποσχέσει
341 1713 402 1738 ὅσον
417 1714 483 1748 πρὸς
495 1713 629 1748 ’Έλληνας
646 1716 861 1750 ὲνχντιούμενος,

68 1757 113 1782 καὶ
133 1755 284 1782 πολυθεῖαν
303 1756 318 1791 ἢ
345 1756 558 1791 πολυκυριότητα
573 1757 682 1784 κατὰτὸ
702 1760 863 1794 φαινόμενον

67 1801 200 1835 εξσὰγων.
228 1801 272 1827 Διὸ
288 1802 354 1828 Θεὸν
375 1802 459 1828 εἰπὼν
479 1802 524 1829 τὸν
537 1804 656 1838 Πατέρα,
679 1805 780 1839 Κύριον
801 1804 862 1832 εἷπε

66 1847 111 1873 τὸν
126 1848 205 1880 risv,
217 1849 251 1882 τῇ
266 1848 408 1882 νηπιότητι
418 1849 642 1881 συγκαταϐαίνων
654 1850 707 1876 τῶν
717 1850 861 1886 Ἑλλήνων.

67 1891 277 1917 Ἀποδὲδεικται
291 1893 344 1926 γὰρ
359 1893 511 1928 ἀδιαφόρως
527 1895 584 1925 τοῖς
601 1894 732 1926 τοιούτοις
747 1896 862 1930 ὸνάμῖσι

68 1936 230 1971 κεχρημένη
243 1937 260 1971 ἡ
276 1936 382 1972 Γραφή.
408 1946 418 1962 ι
430 1937 475 1970 Ἐξ
489 1934 518 1964 οὗ
530 1938 564 1965 τὰ
578 1939 674 1966 πάντα.
691 1949 700 1964 ›
711 1940 795 1972 Αὐτὸς
809 1941 862 1976 γὰρ

67 1983 141 2008 uitta
163 1983 229 2009 πᾶσι
245 1985 301 2014 τοῖς
318 1982 388 2010 οὖσι.
401 1983 439 2010 Τὸ
455 1984 508 2019 γὰρ
519 2003 526 2016 ,
543 1993 552 2010 ι
567 1984 613 2017 Ἐξ
629 1982 660 2013 οὗ
673 1986 707 2013 τὰ
724 1987 829 2020 πάντα,
850 1997 859 2013 1

68 2030 116 2063 τὴν
131 2028 322 2063 δημιουργίαν
338 2029 481 2064 σημαίνει,
498 2030 545 2056 καὶ
559 2031 608 2066 τὴν
622 2032 655 2058 ἐκ
668 2032 714 2058 τοῦ
732 2032 769 2068 μὴ
786 2033 862 2064 ὄντος

69 2075 107 2104 εἰς
120 2073 154 2099 τὸ
167 2070 238 2100 εἶναι
254 2075 435 2109 παραγωγήν.
448 2083 456 2099 1
471 2075 523 2100 Καὶ
538 2076 617 2110 ἡμεῖς
632 2077 671 2108 εἰς
685 2077 775 2105 αὐτόν.
789 2087 798 2104 1
811 2079 862 2106 Τὸν

68 2120 116 2153 τῆς
130 2119 250 2149 πίστεως
259 2120 337 2154 ἡμῶν
350 2121 396 2146 καὶ
411 2120 575 2152 οἰκειώσεως
588 2121 662 2155 λέγει
674 2124 785 2158 τρόπον,
794 2121 860 2158 οἷον,

69 2166 114 2196 Et;
129 2165 214 2191 αότόν
230 2166 313 2200 ἐσμεν
328 2166 488 2201 ἠρτημένοι.
504 2177 513 2192 ι
528 2167 582 2193 Καὶ
597 2166 636 2199 εἷς
646 2169 755 2204 Κύριος.
772 2179 781 2195 1
797 2171 862 2197 Ἀλ-

69 2212 111 2243 lo;
120 2213 134 2237 ό
146 2212 253 2246 Πατήρ.
264 2212 312 2238 Διὰ
321 2212 450 2239 τοῦτοκαὶ
461 2214 506 2239 ἐπὶ
516 2213 596 2240 αὑτοῦ
610 2214 649 2246 τὸ,
657 2224 666 2241 ι
676 2213 861 2253 Εἷς.ρ-‹Και
875 2209 901 2238 Ῑ)

69 2257 150 2293 ﬁgat,-
165 2258 201 2284 δι’
222 2258 316 2284 αὑτοῦ.
328 2267 337 2284 1
351 2258 441 2293 Διπλῷ
455 2258 542 2294 λόγῳ,
558 2259 598 2294 τῷ
612 2268 641 2286 τε
656 2261 688 2287 ὲκ
702 2261 749 2288 τοῦ
765 2263 803 2298 μὴ
816 2263 860 2290 ὄν-

69 2312 112 2335 τος
132 2305 172 2335 εἰς
191 2303 223 2331 τὰ
243 2301 313 2330 εἶναι
333 2304 435 2336 ἐλθεῖν,
454 2304 502 2330 καὶ
518 2303 558 2340 τῷ
580 2307 611 2331 ὲκ
622 2305 672 2340 τῆς
691 2307 805 2343 πλάνης,
821 2311 860 2341 εἰς

69 2349 116 2383 τὴν
129 2349 261 2383 ἀλήθειαν
274 2349 436 2384 ἐπιστρέψαι
447 2349 480 2375 δι’
494 2349 586 2376 αὑτοῦ.
601 2360 610 2376 Ι
622 2351 692 2378 Ἀλλ’
701 2353 751 2380 οὐκ
765 2355 793 2381 ἐν
806 2356 858 2381 πᾶ-

71 2402 110 2420 σιν
124 2395 141 2429 ἡ
155 2394 266 2428 γνῶσις.
283 2404 292 2420 1
307 2395 343 2420 Οὔ
358 2395 468 2426 πάντες,
483 2397 575 2430 φησιν,
590 2396 679 2424 ἴσασιν
692 2399 733 2425 ὅτι
745 2397 785 2432 εἷς
793 2400 858 2433 θεός

70 2447 138 2471 εστι,
151 2441 199 2466 καὶ
213 2438 252 2471 εἷς
266 2441 377 2476 Κύριος,
389 2441 435 2466 καὶ
448 2441 477 2466 οὐ
492 2441 593 2468 πολλοί.
604 2443 671 2470 Οὐδὲ
686 2445 784 2477 πάντες
800 2446 858 2472 ἶσα-

70 2494 111 2513 σιν
125 2486 165 2511 ὅτι
180 2486 214 2511 τὰ
227 2486 323 2512 εἴδωλα
338 2485 414 2512 οὐδέν
428 2487 491 2512 εἱσι.

918 265 989 284 unus
1006 262 1049 284 est
1064 258 1145 284 Deus.
1166 267 1175 283 ε
1194 258 1253 285 Dei.
1275 267 1284 284 1
1305 258 1378 286 Dicit
1391 259 1464 287 enim
1477 261 1589 296 angelos
1600 269 1696 289 secun-

916 303 981 330 dum
1004 303 1120 338 gratiam
1144 304 1211 331 deos
1238 309 1347 332 vocatos
1367 313 1437 334 esse.
1463 306 1699 339 Quemadmodum

916 357 1035 384 namque
1049 350 1114 377 dicti
1133 355 1198 377 sunt
1219 350 1392 386 Principatus
1415 357 1443 379 et
1467 353 1630 386 Potestatcs,
1646 354 1700 382 Du-

916 395 1082 423 niinationes
1096 403 1128 423 ac
1143 396 1257 428 Throui.
1277 397 1314 424 ita
1334 402 1362 425 et
1377 397 1425 425 dii.
1445 408 1455 424 ‹
1475 399 1617 432 Quomodo
1636 407 1701 429 sunt

916 441 953 468 dii
969 442 1058 469 multi.
1076 452 1085 468 1
1101 442 1123 469 A
1135 443 1273 469 communi
1289 450 1371 471 sensu
1384 450 1488 478 repete,
1510 454 1518 470 ε
1537 446 1589 478 Qui
1604 447 1701 474 dicun-

917 491 971 514 tur.
997 497 1005 514 1
1023 488 1090 515 Nam
1109 493 1183 521 sunt,
1203 489 1302 524 inquit,
1323 490 1395 524 apud
1413 491 1522 518 συνίερος
1541 493 1588 527 qui
1602 493 1698 521 dicun-

917 538 962 560 tur
978 534 1015 561 dii
1036 542 1068 561 ac
1087 534 1207 568 domini;
1228 535 1308 563 nobis
1330 540 1421 563 tamen
1436 545 1508 565 unus
1523 543 1565 565 est
1585 539 1657 566 Deus
1672 544 1700 566 et

918 587 989 606 uitus
1009 579 1150 606 Dominus.
1171 588 1180 605 ι
1201 581 1285 607 Nobis
1299 585 1389 608 tamen
1407 591 1479 610 unus
1496 588 1538 611 est
1558 584 1628 611 Deus
1641 585 1700 620 ipse

917 623 1007 651 Pater.
1031 634 1040 649 1
1057 625 1095 651 Ex
1111 633 1144 652 eo
1160 625 1233 660 quod
1246 626 1315 653 dixit
1332 636 1338 653 :
1357 636 1366 652 ι
1387 628 1465 656 Unus
1485 629 1558 657 Deus
1576 630 1634 665 ipse
1648 631 1699 658 Pa-

917 673 968 701 ter,
986 674 1014 696 et
1028 678 1099 697 unus
1113 671 1246 698 Dominus
1261 672 1341 700 Jesus
1353 673 1490 707 Christus,
1505 685 1513 699 1
1529 683 1564 703 ne
1576 677 1700 710 opineris

916 714 954 742 ita
968 717 1145 751 appropriata
1155 725 1214 745 esse
1228 719 1351 751 nomina,
1364 724 1394 746 ut
1410 720 1491 748 Pater
1506 722 1617 756 quidem
1627 723 1700 750 Deus

916 761 1034 794 dicatur,
1054 762 1139 790 Filius
1155 771 1219 791 vero
1233 764 1373 791 Dominus.
1391 766 1458 793 Nam
1479 767 1629 802 Scriptura:
1643 769 1699 796 l're-

917 813 1032 842 quenter
1044 808 1151 835 Patrem
1171 816 1280 843 quoque
1301 810 1448 838 Dominum
1466 817 1575 844 vocant,
1591 818 1621 840 ut
1637 821 1699 840 cum

918 852 1020 880 dicitur
1036 861 1042 879 :
1058 862 1068 879 ι
1088 853 1160 880 Dixit
1175 854 1307 882 Dominus
1324 855 1440 882 Domino
1458 864 1519 884 meo
1537 857 1556 883 ⁸.
1576 866 1585 883 1
1603 857 1636 884 Et
1654 857 1700 885 Fi-

917 899 983 926 lium
992 899 1131 934 appellant
1143 899 1239 933 Deum,
1251 904 1282 927 ut
1292 908 1354 928 cum
1372 901 1494 929 dicitur:
1523 912 1532 928 ι
1549 903 1698 938 Propterea

916 945 995 973 unxit
1014 949 1039 972 te
1053 946 1136 978 Deus,
1154 946 1227 973 Deus
1241 950 1304 974 tuus
1320 948 1341 980 ¹,
1362 957 1372 973 1
1389 953 1418 975 et
1435 956 1442 975 :
1461 958 1469 974 ι
1490 948 1528 975 Ex
1543 949 1644 983 quibus
1658 957 1700 978 est

914 991 1051 1024 Christus,
1069 1001 1078 1017 1
1094 992 1168 1026 quod
1180 992 1212 1019 ad
1223 1000 1334 1020 carnem
1347 993 1456 1027 attinet,
1471 1003 1480 1020 ε
1497 994 1547 1027 Qui
1561 999 1603 1022 est
1618 1002 1700 1030 super

915 1036 1007 1063 omnia
1032 1037 1106 1064 Deus
1128 1037 1300 1066 benedictus.
1325 1048 1334 1065 1
1354 1038 1433 1072 Quod
1451 1039 1474 1066 si
1497 1040 1559 1074 quis
1573 1040 1647 1068 dicat
1665 1041 1699 1068 ad

915 1083 1004 1110 solum
1021 1084 1111 1118 aptari
1134 1083 1242 1111 Patrem
1264 1084 1338 1119 quod
1354 1085 1402 1117 ait,
1429 1084 1510 1117 Deus,
1530 1085 1594 1120 quia
1619 1086 1698 1118 dicit,

919 1137 928 1154 ε
947 1129 1024 1157 Unus
1039 1130 1121 1162 Deus,
1143 1139 1152 1156 1
1169 1137 1234 1157 num
1248 1130 1332 1157 etiam
1346 1130 1380 1157 ad
1396 1131 1485 1158 solum
1496 1132 1636 1165 aptabitur
1652 1132 1698 1159 Fi-

915 1176 981 1203 lium
1010 1176 1083 1211 quod
1116 1177 1163 1209 ait,
1192 1186 1201 1202 ι
1234 1177 1378 1208 Dominus,
1408 1186 1417 1203 1
1444 1185 1478 1204 eo
1501 1177 1574 1212 quod
1598 1178 1695 1206 dicat:

918 1231 927 1248 ‹
947 1223 1022 1250 Unus
1035 1223 1167 1250 Dominus
1180 1223 1260 1250 .lesus
1274 1223 1401 1251 Christus
1415 1223 1426 1250 ἱ)
1445 1233 1453 1249 1
1475 1223 1510 1251 At
1525 1232 1579 1251 non
1596 1224 1633 1251 ita
1645 1228 1698 1252 est.

915 1268 982 1295 Nam
994 1268 1028 1295 ad
1042 1268 1225 1295 diﬂ'erentiam
1238 1268 1306 1296 falso
1319 1269 1522 1296 nominatorum
1536 1270 1650 1297 deorum
1667 1278 1699 1297 ac

915 1313 1090 1341 dominorum
1105 1314 1208 1341 dictum
1225 1319 1267 1341 est
1279 1315 1365 1342 Unus.
1378 1314 1455 1341 Multi
1468 1319 1559 1343 autem
1573 1320 1700 1350 quzerunt

915 1367 997 1394 quam
1017 1360 1052 1387 ob
1075 1367 1184 1387 causam
1208 1359 1328 1394 Spiritus
1351 1361 1437 1387 sancti
1461 1369 1517 1388 non
1532 1362 1698 1389 meminerit.

914 1406 948 1433 Et
970 1406 1088 1433 dicimus
1111 1406 1185 1440 quod
1209 1406 1242 1433 ad
1264 1406 1374 1434 Graecos
1398 1407 1449 1441 ipsi
1472 1415 1564 1434 sermo
1581 1412 1641 1435 erat
1653 1409 1698 1442 qui

915 1453 1016 1479 multos
1038 1451 1168 1479 dicebant
1191 1452 1259 1479 deos
1282 1460 1314 1480 ac
1341 1453 1477 1480 dominos.
1508 1453 1612 1480 Timuit
1634 1461 1700 1488 ergo

914 1498 1035 1532 Spiritus
1048 1506 1158 1532 quoque
1172 1497 1262 1525 facere
1279 1498 1459 1530 mentionem,
1479 1507 1514 1526 ne
1528 1499 1598 1526 forte
1609 1499 1700 1527 multi-

877 1548 897 1576 c
917 1543 1016 1578 plicem
1031 1544 1112 1570 etiam
1135 1543 1206 1578 apud
1227 1551 1277 1571 nos
1291 1544 1481 1572 existimarent
1498 1552 1558 1572 esse
1571 1545 1700 1573 divinita-

916 1592 980 1615 tcm.
1002 1588 1066 1615 Ideo
1083 1596 1194 1622 quoque
1209 1589 1279 1615 adeo
1301 1594 1381 1616 caute
1400 1589 1490 1616 Patris
1511 1597 1543 1617 ac
1558 1590 1620 1617 Filii
1640 1598 1699 1618 me-

915 1633 994 1660 minit
1012 1643 1018 1660 :
1033 1633 1114 1668 493
1135 1634 1242 1661 Patrem
1261 1634 1372 1668 quidem
1391 1643 1475 1661 unum
1491 1635 1586 1663 dicens
1601 1636 1698 1668 Deum,

914 1687 948 1706 ne
965 1679 1035 1706 duos
1046 1687 1106 1706 esse
1119 1679 1185 1706 deos
1197 1680 1398 1712 existimarent,
1414 1681 1516 1709 Filium
1532 1689 1597 1709 vero
1614 1689 1699 1709 unum

914 1723 1072 1756 Dominum,
1091 1731 1126 1750 ue
1141 1723 1211 1750 duos
1236 1723 1362 1752 dominos
1378 1725 1569 1760 opinarentur.
1585 1726 1612 1754 Si
1625 1727 1698 1754 enim

914 1769 1028 1796 dixisset
1040 1770 1126 1796 Deum
1141 1774 1169 1797 et
1182 1770 1280 1803 Deum,
1293 1771 1397 1798 variam
1410 1777 1485 1800 certe
1497 1773 1700 1800 existimassem

914 1813 1000 1842 Graeci
1022 1815 1194 1843 divinitatem
1211 1816 1247 1843 ob
1261 1824 1338 1843 suam
1354 1817 1530 1852 imperitiam,
1545 1824 1593 1847 aut
1610 1819 1632 1846 si
1646 1819 1700 1847 Do.

914 1860 1018 1886 minum
1030 1864 1057 1886 et
1068 1860 1214 1888 Dominum
1228 1860 1352 1894 dixisset,
1365 1862 1468 1889 variam
1482 1863 1698 1891 dominationem

913 1905 1018 1939 opinati
1034 1904 1161 1932 fuissent.
1182 1905 1246 1933 Haec
1263 1906 1355 1941 itaque
1375 1914 1457 1934 causa
1480 1913 1539 1935 erat
1556 1916 1605 1936 cur
1625 1917 1700 1938 nunc

913 1951 999 1978 Deum
1025 1951 1133 1978 Patrem
1156 1951 1262 1979 diceret
1286 1957 1313 1980 et
1339 1953 1484 1985 Dominum
1509 1954 1619 1986 Filium,
1638 1959 1699 1983 erat

913 1996 986 2024 enim
1001 1995 1145 2031 professus
1158 2004 1243 2024 unum
1258 1997 1332 2032 apud
1343 2005 1395 2025 nos
1409 2006 1468 2026 esse
1484 1999 1580 2027 Deum.
1595 2000 1622 2027 Si
1633 2008 1698 2036 ergo

913 2042 1027 2069 dixisset
1041 2047 1070 2069 et
1083 2042 1193 2070 Patrem
1209 2046 1237 2069 et
1252 2043 1351 2070 Filium
1367 2043 1453 2071 Deum
1469 2052 1530 2072 esse
1547 2044 1589 2072 vel
1604 2045 1698 2073 Domi-

873 2107 886 2114 -
912 2095 990 2121 num,
1013 2096 1124 2115 rursum
1145 2088 1318 2116 inveniretur
1337 2096 1370 2117 ex
1391 2096 1440 2117 sua
1455 2090 1566 2125 quidem
1590 2091 1698 2125 profes-

913 2133 991 2160 sione
1012 2133 1114 2161 Grrecis
1134 2134 1302 2168 contrarius,
1326 2140 1354 2162 et
1370 2139 1461 2162 tamen
1476 2137 1578 2163 variam
1597 2136 1699 2164 divini-

914 2183 997 2206 tatem
1015 2186 1047 2206 ac
1067 2179 1283 2206 dominationem
1305 2187 1471 2215 apparenter
1493 2181 1637 2208 inducere.
1655 2182 1698 2209 ld-

915 2226 989 2252 circo
1008 2233 1070 2252 cum
1085 2225 1172 2252 Deum
1188 2225 1302 2253 dixisset
1322 2226 1439 2258 Patrem,
1464 2227 1609 2255 Dominum
1629 2228 1698 2256 dixit

915 2269 1024 2302 Filium,
1038 2269 1072 2296 ad
1087 2269 1230 2296 infantiam
1246 2277 1306 2298 sese
1319 2271 1462 2298 dimittens
1473 2271 1639 2300 Graecorum.
1655 2273 1697 2301 Si-

914 2314 1026 2349 quidem
1041 2314 1261 2342 demonstratum
1281 2321 1323 2344 est
1347 2317 1517 2351 Scripturam
1539 2318 1695 2353 hujusmodi

913 2359 1072 2387 nominibus
1093 2360 1285 2388 indifferenter
1302 2369 1378 2388 usam
1403 2369 1473 2390 esse.
1493 2372 1502 2388 ι
1520 2363 1559 2390 Ex
1568 2372 1622 2399 quo
1635 2373 1695 2392 om-

913 2404 969 2431 nia.
992 2414 1001 2430 1
1025 2404 1161 2433 Omnibus
1183 2406 1258 2434 enim
1275 2414 1336 2441 quae
1360 2412 1434 2440 sunt,
1458 2408 1517 2443 ipse
1539 2417 1620 2437 causa
1642 2415 1693 2438 est.

911 2449 991 2482 Nam,
1012 2460 1021 2476 ‹
1039 2451 1078 2478 Ex
1096 2459 1150 2486 quo
1168 2451 1272 2484 omnia,
1297 2462 1306 2478 1
1330 2453 1496 2482 creationem
1517 2455 1653 2491 designat,
1667 2461 1695 2484 et

911 2495 1105 2524 deductionem
1117 2505 1198 2525 anon
1211 2505 1271 2525 esse
1282 2498 1316 2525 ad
1327 2506 1397 2526 esse.
1413 2508 1422 2525 1
1434 2500 1468 2527 Et
1481 2501 1567 2528 nosin
1578 2502 1666 2530 illum.
1680 2511 1690 2528 1

71 2531 146 2558 Fidei
170 2537 271 2559 nostrae
299 2540 331 2559 ac
353 2533 546 2563 familiaritatis
571 2536 681 2564 modum
697 2538 763 2566 dicit
778 2548 784 2566 :
802 2541 856 2568 hoc
873 2546 926 2576 est,
943 2550 994 2570 nos
1013 2544 1047 2571 ad
1063 2544 1152 2578 ipsum
1169 2545 1320 2580 pendemus
1336 2549 1364 2572 et
1388 2545 1413 2572 ei
1450 2546 1552 2574 addicti
1587 2555 1693 2576 sumus.

73 2588 85 2627 ι
100 2579 134 2605 Et
150 2586 222 2605 unus
237 2579 378 2606 Dominus.
399 2589 408 2606 1
427 2581 505 2608 Alius
516 2586 558 2609 est
572 2582 629 2617 ipse
644 2583 735 2617 Pater,
748 2591 895 2621 propterea
914 2590 996 2617 etiam
1008 2590 1119 2618 additur
1151 2601 1161 2617 ί
1176 2592 1262 2620 Unus.
1272 2601 1282 2618 1
1294 2600 1348 2617 —«
1360 2591 1394 2618 Et
1424 2600 1475 2619 nos
1501 2601 1550 2627 per
1577 2594 1665 2622 illum.
1680 2605 1689 2621 1

71 2623 177 2659 Duplici
195 2626 325 2654 ratione:
348 2631 404 2654 tum
421 2629 597 2662 proeedendo
610 2638 643 2658 ex
669 2640 724 2659 non
747 2642 807 2661 esse
823 2635 856 2662 ad
877 2643 957 2670 esse,
984 2643 1041 2665 tum
1080 2637 1114 2665 ab
1135 2645 1230 2665 errore
1254 2639 1289 2666 ad
1330 2639 1474 2666 veritatem
1499 2641 1623 2668 conversi
1643 2649 1692 2676 per
1712 2659 1715 2660 ν

71 2671 173 2704 ipsum.
191 2681 200 2697 ε
221 2671 275 2700 Sed
300 2680 355 2700 non
380 2673 407 2700 in
426 2675 555 2703 omnibus
573 2678 752 2706 estscientia.
773 2689 783 2706 1
797 2681 856 2708 Non
874 2690 982 2717 omnes,
995 2683 1096 2718 inquit,
1109 2689 1212 2711 norunt
1224 2684 1298 2720 quod
1316 2692 1388 2712 unus
1401 2689 1443 2712 est
1455 2686 1525 2712 Deus
1557 2691 1585 2713 et
1621 2695 1694 2715 unus

70 2717 204 2745 Dominus
219 2723 246 2745 et
262 2719 412 2753 nonmulti
429 2728 434 2745 :
453 2729 542 2755 neque
556 2730 650 2752 omnes
665 2730 767 2753 norunt
783 2728 855 2762 quod
876 2729 949 2758 idola
960 2717 1111 2758 nihilisint.

106 2764 191 2797 Τινὲς
205 2764 239 2791 δὲ
253 2764 290 2799 τῇ
306 2766 481 2801 συνειδήσει
496 2768 550 2795 τοῦ
563 2770 688 2799 εἰδώλου
702 2772 758 2807 ἕως
773 2773 838 2808 ἄρτι
847 2795 854 2808 ,

108 2853 117 2868 ¹
134 2852 206 2881 Psal.
222 2862 278 2889 cu,
297 2857 322 2883 l.
361 2857 371 2872 ²
393 2856 464 2886 Psal.
481 2865 552 2891 xuv,
569 2858 595 2886 8.

947 2776 1014 2810 Vill,
1037 2777 1062 2810 7,
1081 2777 1107 2806 8.
1131 2776 1260 2806 Nonnulli
1281 2785 1340 2806 vero
1363 2784 1422 2804 cum
1447 2776 1603 2806 conciente
1628 2775 1693 2808 idoli
