1880 3057
138 97 192 128 759

140 159 167 181 et
182 154 220 181 ait
237 162 244 181 ε
267 163 276 179 ‹
294 153 366 181 Num
382 153 535 182 secundum
550 153 691 182 hominem
708 155 767 184 baac
784 156 902 191 loquor?
921 167 929 184 ι
946 162 970 193 Α

142 201 193 228 hoc
221 205 272 231 est.
301 201 371 228 Num
405 202 493 228 solum
525 202 634 229 videtur
671 201 724 229 boc
757 203 936 230 hominibus?

145 247 198 273 Aut
216 246 399 273 humanorum
422 251 526 274 tantum
539 247 731 282 exemplorum
743 256 854 282 possum
866 256 934 276 con-

145 292 253 320 firmare
277 293 402 320 ratione?
420 292 517 319 Annon
534 297 561 319 et
573 293 615 320 lex
624 293 720 321 eadem
737 294 823 322 dicit?
837 304 846 320 ι
864 295 935 322 Num

146 339 230 366 boves
241 347 314 366 curae
330 343 393 366 sunt
411 339 486 366 Deo?
500 350 507 364 ι
518 340 556 367 Ne
568 340 632 374 quis
646 341 738 368 dicat:
753 341 788 368 Et
803 349 935 376 quorsum

146 387 294 414 adductum
309 389 351 413 est
362 386 434 420 quod
451 386 484 413 de
494 386 583 413 bobus
596 387 701 414 dictum
712 387 767 414 est?
777 387 830 414 ait:
842 396 851 413 ι
864 386 935 414 Num

146 433 230 459 boves
252 440 325 460 curae
344 436 408 460 sunt
431 433 506 459 Deo?
521 442 530 458 ι
553 433 654 460 Curam
677 434 772 469 utique
791 434 861 469 gerit
879 434 936 469 ipse

145 479 228 506 ctiam
247 480 281 506 de
300 479 404 511 brutis,
420 483 448 507 at
464 487 520 506 non
538 480 573 507 ita
593 484 624 507 ut
640 485 754 516 propter
771 481 827 516 ipsa
847 481 936 516 legem

144 531 256 558 quoque
271 524 409 558 posuisset
425 533 432 551 :
447 525 494 552 sed
514 533 564 560 per
577 525 630 553 hoc
644 526 702 553 vult
718 534 769 553 nos
786 526 935 558 instruere,

145 568 217 602 quod
234 569 392 596 laborantes
407 577 462 597 non
480 570 582 598 frustra
599 571 768 603 laboremus.
783 572 832 599 sed
846 579 879 598 ex
896 572 937 598 la-

145 613 259 641 boribus
276 615 367 642 alendi
385 624 491 643 sumus.
511 616 606 652 Itaque
621 621 649 644 et
668 625 718 652 ego
731 618 778 652 qui
793 617 937 651 laboravi,

145 660 244 695 dignus
260 669 321 688 sum
338 662 385 696 qui
401 670 415 689 a
427 663 505 690 vobis
518 664 586 691 alar.
606 673 615 689 ι
632 664 673 691 Αη
689 665 742 692 hoc
758 671 872 700 propter
887 673 938 693 nos

145 707 258 734 omnino
272 707 360 734 dicit?
376 718 385 734 ι
404 708 533 742 Omnino,
549 709 576 736 id
590 714 643 742 est,
655 715 686 738 ut
701 710 728 737 in
743 711 869 738 confesso
884 715 936 744 est,

145 752 274 779 omnibus
295 753 393 780 modis.
420 763 429 779 ι
450 754 519 787 Quia
543 755 594 782 sub
616 763 663 791 spe
686 756 778 784 debet.
798 766 807 782 ι
834 757 938 785 insistit

146 801 226 832 tropo
241 799 288 833 qui
304 799 338 826 de
353 799 441 827 bobus
453 805 505 828 est.
517 800 585 834 Quia
600 807 763 837 praeceptor,
776 803 875 838 inquit,
890 804 937 831 de-

146 844 193 871 bet
209 845 401 879 repensionem
422 846 524 874 habere
544 847 679 881 laborum,
698 856 752 876 non
773 851 845 884 quod
863 850 939 877 nulla
955 844 976 873 Β

147 891 272 918 ulteriori
288 892 425 920 fruiturus
439 894 475 920 sit
491 894 686 927 retributione,
706 895 752 923 sed
769 896 840 931 quod
861 904 937 931 spem

147 937 247 966 habeat
262 943 324 973 post
340 939 409 967 banc
424 941 785 977 temporalemparvamque
798 943 938 977 repensio-

147 991 210 1010 nem
224 985 306 1011 etiam
318 990 420 1014 mterna
436 994 467 1014 ac
481 988 701 1021 supernaturalia
717 989 838 1016 nancisci
854 989 937 1017 bona.

148 1030 214 1058 Nam
229 1036 256 1058 et
273 1032 325 1059 hoc
342 1032 478 1067 signiﬁcat
492 1033 565 1068 quod
582 1034 739 1069 subjungit:
755 1045 763 1060 c
780 1035 813 1062 Et
827 1035 874 1070 qui
891 1036 939 1063 tri-

148 1079 233 1108 turat,
251 1077 311 1110 spei
325 1085 381 1104 suae
399 1079 536 1113 particeps
553 1087 613 1106 esse
631 1080 683 1107 sub
698 1087 756 1115 spe.
770 1090 778 1106 ι
795 1081 938 1116 Siquidem

148 1122 262 1156 apostoli
285 1130 365 1157 spem
380 1123 519 1151 habebant
534 1125 607 1160 quod
624 1126 658 1152 ab
675 1125 719 1153 bis
735 1126 782 1161 qui
799 1126 938 1154 doceban-

147 1171 192 1194 tur
203 1174 441 1205 consequerentur
453 1169 617 1205 obsequium
629 1179 684 1206 quo
698 1172 859 1200 alimentum
874 1173 940 1200 sub-

147 1214 367 1247 ministraretur.
391 1221 420 1244 et
439 1218 690 1252 consequebantur.
717 1219 802 1254 Atqui
822 1227 877 1247 non
911 1219 938 1247 id

146 1265 205 1287 erat
225 1261 292 1296 ipsis
307 1269 370 1298 spes
389 1262 495 1295 flnalis;
512 1263 560 1291 sed
578 1264 629 1291 hac
646 1271 694 1299 spe
709 1264 834 1292 fruentes
851 1264 938 1299 majo-

148 1313 206 1333 rem
224 1306 316 1334 adhuc
337 1308 533 1342 exspectabant
552 1317 584 1337 ac
597 1310 755 1344 sperabant.
773 1309 830 1337 [loc
847 1315 939 1337 autem

148 1352 197 1383 ait.
214 1353 286 1386 quod
304 1353 373 1380 nihil
391 1353 558 1389 impediebat
576 1355 734 1383 futurorum
755 1363 831 1390 spem
850 1363 882 1382 ac
899 1364 940 1383 re-

151 1398 329 1426 tributionem
352 1400 499 1431 bonorum.
517 1401 641 1436 acceptio
658 1401 805 1428 ministerii
828 1409 882 1436 quo
905 1402 940 1429 ab

150 1445 194 1472 bis
214 1446 261 1481 qui
284 1445 455 1475 docebantur
477 1448 607 1475 alimenta
633 1447 938 1475 subministrabantur:

149 1491 215 1519 bino
234 1493 391 1527 signiﬁcans
406 1494 478 1529 quod
493 1494 570 1522 Licet
589 1494 658 1521 nihil
673 1494 805 1528 impediat
820 1493 938 1521 futuram

151 1539 372 1571 retributionem.
390 1548 405 1568 a
419 1541 563 1576 discipulis
585 1541 630 1568 bie
651 1540 777 1574 accipere
798 1540 938 1574 alimenta,

149 1593 203 1612 non
221 1590 312 1612 tamen
332 1586 438 1621 accepi,
457 1586 558 1620 inquit.
585 1585 717 1612 Plurimis
737 1591 828 1612 autem
851 1586 940 1613 modis

150 1632 249 1659 nititur
274 1636 399 1660 astruere
429 1633 503 1667 quod
529 1632 645 1659 vetitum
676 1639 732 1658 non
761 1631 854 1664 fuerit,
882 1637 940 1659 tum

150 1684 268 1714 propter
280 1679 307 1706 id
331 1679 404 1714 quod
425 1678 529 1706 dictum
551 1682 603 1709 est,
628 1681 684 1704 tum
701 1685 736 1704 ne
759 1678 817 1712 ipse
840 1678 891 1706 bac
910 1686 941 1706 re

149 1727 304 1758 abstinens,
318 1725 482 1754 calumniari
498 1731 546 1751 eos
559 1723 702 1750 videretur
717 1723 763 1758 qui
780 1724 939 1751 utebantur.

152 1782 162 1798 ι
179 1773 212 1800 Ει
241 1774 287 1808 qui
309 1773 429 1804 triturat,
451 1771 585 1806 speisute.
602 1779 611 1795 ι
628 1769 702 1796 idem
718 1778 829 1797 rursum
845 1775 942 1806 tropus

149 1825 202 1847 est.
220 1830 228 1845 ι
243 1820 277 1847 Ει
291 1819 337 1854 qui
354 1818 478 1848 triturat,
489 1815 652 1851 inquit,spei
663 1823 718 1843 suae
731 1817 868 1851 particeps
881 1824 941 1844 esse

149 1865 201 1892 sub
215 1873 274 1900 spe.
296 1873 305 1890 ι
321 1863 457 1897 Quoniam
477 1863 550 1889 enim
574 1861 598 1889 is
618 1861 665 1896 qui
677 1866 736 1889 arat
758 1862 786 1889 in
801 1870 849 1898 spe
871 1867 940 1895 arat,

151 1912 201 1938 hac
216 1912 299 1939 etiam
322 1918 371 1944 spe
391 1909 446 1936 frui
460 1909 543 1937 debet
559 1909 605 1944 qui
626 1909 803 1943 postmodum
817 1909 939 1942 triturat,

149 1966 203 1992 qua
228 1956 357 1992 sperabat
382 1956 446 1983 dum
473 1959 575 1983 araret.
600 1955 666 1988 Quae
677 1961 720 1983 est
742 1959 834 1983 autem
858 1956 941 1990 spes?

150 2004 231 2038 500
248 2010 346 2037 nempe
361 2002 440 2037 quod
451 2001 589 2037 particeps
602 2002 656 2029 erit
672 2001 823 2029 fructuum.
837 2001 942 2029 Deinde

150 2049 237 2080 addit,
255 2058 264 2074 ‹
279 2048 337 2075 Sub
355 2055 414 2083 spe.
428 2058 437 2074 ι
455 2048 494 2075 Ne
512 2048 573 2082 quis
587 2047 660 2075 enim
675 2048 748 2075 dicat
767 2056 774 2073 :
791 2048 940 2075 Tantorum

149 2103 215 2130 ergo
236 2095 362 2122 laborum
381 2103 450 2130 quos
467 2096 604 2123 sustinent
620 2095 747 2130 apostoli,
764 2095 821 2122 hinc
840 2098 882 2122 est
898 2103 941 2122 re-

151 2142 275 2173 tributio.
297 2147 361 2177 puta
375 2141 478 2170 edere?
492 2141 598 2168 adJitlit
618 2151 626 2166 |
645 2140 701 2168 Sub
717 2148 776 2175 spe,
791 2150 801 2166 ι
819 2140 872 2168 hoc
888 2145 940 2173 est,

150 2196 198 2223 spe
213 2188 325 2224 quidem
340 2188 496 2216 futurorum
516 2187 650 2215 bonorum
667 2186 795 2214 laborant
809 2187 937 2222 apostoli,
957 2207 977 2235 Β

149 2241 270 2263 attamen
282 2239 392 2271 oportet
404 2241 514 2270 quoque
527 2233 591 2260 hinc
605 2233 631 2260 in
648 2233 821 2268 refrigerium
837 2233 939 2261 habere

149 2286 300 2317 sumptum,
314 2282 348 2309 ab
364 2281 407 2308 his
419 2281 465 2315 qui
480 2280 625 2307 docentur.
641 2279 700 2306 Hoc
713 2283 803 2306 autem
819 2280 941 2308 ostendit

150 2328 224 2363 quod
238 2328 290 2355 sub
305 2327 396 2356 futura
412 2334 460 2362 spe
477 2325 639 2361 participem
657 2332 718 2353 esse
733 2329 859 2361 oporteat
873 2326 939 2354 alte-

151 2375 209 2402 rius
224 2381 334 2410 quoque
349 2373 418 2408 spei,
435 2373 487 2401 hoc
502 2376 553 2402 est.
569 2371 691 2399 alimenti
712 2379 745 2399 ac
764 2376 939 2400 caaterorum.

953 1524 974 1552 C

186 2421 232 2452 IX.
251 2421 295 2453 il,
311 2420 353 2447 l2.
376 2419 405 2447 Si
425 2427 472 2447 nos
488 2419 557 2446 vobis
572 2418 724 2454 spiritantia
741 2420 940 2451 seminavimus.

152 2476 278 2504 magnum
293 2471 330 2494 cal
349 2467 373 2494 si
390 2474 436 2494 nos
452 2466 574 2493 carnalia
590 2469 675 2492 vestra
691 2465 897 2492 messuerimua?
912 2464 941 2492 Si

111 2546 114 2547 ν
151 2516 198 2545 alii
216 2516 353 2552 potestatis
369 2522 433 2550 erga
446 2522 489 2541 vos
507 2513 647 2548 participes
665 2516 737 2543 sunt,
754 2519 802 2537 cur
821 2519 872 2538 non
892 2519 941 2545 po-

150 2564 202 2590 tius
242 2562 311 2590 nos?
334 2561 414 2594 Atqui
440 2569 492 2588 non
527 2559 568 2586 usi
601 2567 692 2586 sumus
711 2561 839 2592 potestate
863 2558 941 2584 ista:

148 2611 195 2637 sed
216 2610 304 2637 omnia
327 2609 475 2644 suﬁ'erimus
497 2615 530 2634 ne
552 2606 622 2641 quod
646 2603 831 2641 offendiculum
852 2604 942 2631 demus

149 2657 296 2692 Evangelia
312 2656 420 2684 Christi.

186 2703 290 2731 Deinde
305 2702 379 2730 aliud
396 2708 507 2736 quoque
526 2698 604 2729 dicit,
619 2701 650 2724 ut
666 2695 793 2723 ostendat
811 2701 940 2731 oportere

150 2753 347 2784 praeceptorem
363 2746 411 2774 ali.
425 2746 486 2773 Non
505 2748 535 2771 ut
551 2742 662 2774 similia,
680 2741 778 2776 inquit.
797 2741 942 2775 praebeatis

153 2794 198 2824 bis
213 2802 273 2828 qua:
280 2793 436 2828 accepistis.
446 2791 514 2819 Nam
530 2788 553 2816 si
565 2795 617 2815 nos
628 2787 783 2822 spiritualia
796 2787 824 2814 in
836 2795 884 2815 vos
898 2796 941 2816 seu

153 2839 327 2872 minavimus,
342 2838 392 2866 hoc
407 2841 460 2870 est,
473 2833 650 2872 praebuimus,
670 2841 703 2861 an
719 2840 845 2870 magnum
862 2837 903 2861 est
919 2834 941 2862 si

676 99 877 130 (EUUMENII
895 100 1041 130 THlCCA‘]
1060 99 1232 131 EPISCOPI

1745 97 1798 129 760

988 167 997 184 ι
1016 158 1062 194 Μὴ
1080 157 1150 185 κατὰ
1173 157 1317 193 ἇνῠρωπον
1334 158 1420 184 ταῦτα
1437 157 1529 190 λαλῶς
1552 167 1561 183 ι
1578 159 1729 189 τουτέστι,
1750 158 1797 193 Μὴ

986 206 1042 236 τοῖς
1061 203 1216 240 ἀνθρώποις
1232 203 1312 239 μόνον
1324 204 1406 231 τοῦτο
1420 204 1503 237 δοκεῖ,
1520 204 1536 239 ἢ
1553 203 1583 237 ἐξ
1598 203 1797 239 ἀνθρωπίνων

987 250 1218 285 παραδειγμάτων
1237 249 1317 276 τοῦτο
1331 249 1385 284 ἔχω
1400 249 1536 283 συστῆσαι
1550 249 1592 284 τῷ
1609 249 1704 284 λόγῳς
1735 248 1798 282 οὗχὶ

987 297 1035 325 καὶ
1048 297 1062 323 ὁ
1077 297 1159 332 νόμος
1174 296 1261 323 ταῦτα
1277 296 1369 330 λέγεις
1390 305 1399 322 ‹
1423 296 1468 330 Μὴ
1484 296 1539 322 τῶν
1561 295 1631 330 βοῶν
1649 296 1739 329 μέλει
1758 295 1798 329 τῷ

987 341 1062 377 Θεῷ;
1083 351 1092 368 ν
1110 342 1169 368 Ἵνα
1182 342 1219 376 μή
1232 350 1275 372 τις
1285 341 1360 377 εἴπῃ,
1372 341 1427 368 Καὶ
1447 340 1473 366 τί
1489 340 1575 375 ἀνῆκε
1591 340 1661 375 πρὸς
1669 339 1706 366 τὺ
1726 347 1800 374 προ-

987 388 1114 423 κείμενον
1125 387 1155 414 τδ
1173 387 1237 422 περὶ
1250 387 1305 414 τῶν
1325 387 1410 422 βοῶν;
1431 387 1510 422 φησὶ,
1537 396 1547 412 ι
1568 386 1615 422 Μὴ
1637 386 1695 412 τῶν
1721 385 1798 420 βῶν

989 435 1064 470 μέλει
1081 434 1120 469 τῷ
1134 433 1209 468 θεῷς
1228 443 1238 460 ι
1253 433 1338 461 Μέλει
1354 434 1404 469 μὲν
1418 433 1473 469 γὰρ
1491 433 1566 468 αὗτῷ
1583 433 1632 460 κα)⁸
1647 432 1720 468 περὶ
1738 432 1798 458 τῶν

989 481 1075 515 ζώων,
1093 482 1142 517 οὐχ
1162 480 1248 513 οὕτως
1271 480 1299 507 δὲ
1318 481 1355 512 ὡς
1375 481 1423 507 καὶ
1442 481 1525 516 νόμον
1544 480 1579 507 δι’
1593 479 1696 512 αὐτοὺς
1715 479 1799 505 τιοέ-

988 538 1042 557 ναι.
1070 530 1139 556 Ἀλλ’
1157 530 1189 556 ἐκ
1203 529 1298 556 τούτου
1315 528 1459 556 παιδεῦσαι
1475 529 1550 563 ἡμᾶς
1565 527 1708 562 βούλεται,
1725 527 1798 557 τοὺς

988 576 1143 607 κοπιῶντας
1158 576 1194 612 μὴ
1211 576 1348 610 ἀνονήτως
1365 575 1476 610 κοπιᾷν,
1497 574 1567 601 ἀλλὰ
1588 573 1749 609 τρέφεσθαι
1763 573 1797 598 ἐκ

987 621 1042 648 τῶν
1054 623 1154 648 πόνων.
1177 621 1254 648 Ἐπεὶ
1269 619 1315 647 οὖν
1332 620 1379 647 καὶ
1399 620 1454 654 ἐγὼ
1475 620 1505 651 ὃς
1518 619 1666 652 ἐκοπίασα,
1678 619 1797 648 δίκαιος

988 669 1063 705 ἤμην
1078 669 1237 704 τρέφεσθαι,
1262 678 1272 694 ‹
1295 669 1330 695 Ἢ
1341 668 1374 695 δι’
1385 669 1459 703 ἡμᾶς
1474 668 1584 699 πάντως
1593 667 1688 701 λέγεις
1705 677 1716 692 ι
1742 667 1795 697 Τδ,

992 725 1001 741 ι
1012 716 1130 747 πάντως,
1138 724 1148 740 ι
1155 714 1192 746 ὡς
1199 715 1244 741 ἐπὶ
1252 714 1470 749 ὁμολογουμένου
1481 714 1558 748 φησι,
1566 713 1705 744 τουτέστι,
1716 713 1795 738 πᾶσι

987 763 1110 798 τρόποις.
1119 761 1246 788 «”Οτιὲπ’
1257 761 1345 787 ἐλπίδι
1354 760 1467 794 ὀφείλει.
1475 770 1483 786 ι
1492 759 1640 794 Ἐπέμεινε
1650 760 1684 794 τῇ
1695 759 1793 793 τροπῇ

988 808 1041 834 τῶν
1055 807 1134 842 βοῶν.
1144 807 1206 833 ’Ότι
1225 807 1239 833 ό
1252 806 1421 837 διδάσκαλος,
1438 805 1530 840 φησὶν,
1543 805 1646 839 desiliat
1666 805 1722 831 τῶν
1738 804 1794 830 πό-

990 862 1043 880 νων
1067 853 1138 888 ἔχειν
1160 852 1360 887 ἀμοιϐὰς,οὕχὶ
1387 853 1429 886 ἐφ’
1449 852 1502 885 ὅτῳ
1526 851 1610 887 μηδὲν
1626 850 1793 886 περαιτέρω

989 899 1166 931 ἀπολαύσειν,
1186 899 1244 925 ἀλλ’
1262 899 1305 933 ἐφ’
1323 895 1345 932 ᾧ
1369 898 1463 925 ἐλπίδα
1486 897 1559 932 ἔχειν
1586 897 1657 932 μετὰ
1681 896 1793 928 ταύτην

989 947 1039 981 τὴν
1060 945 1228 981 πρόσκαιρον
1256 945 1303 972 καὶ
1322 944 1454 980 βραχεῖαν
1476 943 1640 974 ἀπόλαυσιν,
1667 943 1716 969 καὶ
1730 941 1792 969 τῶν

989 991 1107 1019 αἰωνίων
1131 991 1178 1017 καὶ
1199 990 1347 1025 ὑπερφυῶν
1367 990 1459 1024 τυχεῖν
1479 988 1602 1022 ἀγαθῶν.
1627 987 1716 1014 Τοῦτο
1730 986 1791 1021 γὰρ

989 1039 1066 1074 δηλοῖ
1076 1037 1117 1071 τὸ,
1133 1047 1142 1062 ε
1161 1037 1215 1064 Καὶ
1227 1037 1240 1062 ὁ
1258 1035 1344 1062 ἀλοῶν
1360 1036 1408 1070 τῆς
1423 1035 1531 1065 ἐλπίδος
1551 1033 1636 1061 αὐτοῦ
1659 1033 1791 1068 μετέχειν

990 1085 1034 1111 ἐπ’
1056 1083 1155 1110 ἑλπίδι.
1181 1092 1190 1108 ι
1208 1083 1265 1114 Τῆς
1285 1081 1340 1117 γὰρ
1360 1081 1499 1112 διακονίας
1517 1081 1541 1107 οἱ
1562 1079 1712 1106 ἀπόστολοι
1736 1078 1792 1113 τῆς

990 1131 1037 1158 ἐπὶ
1049 1131 1082 1166 τῇ
1097 1130 1228 1166 διατροφῇ
1244 1128 1339 1155 ἐλπίδα
1357 1125 1430 1163 εἶχόν
1451 1127 1528 1163 παρὰ
1549 1127 1605 1154 τῶν
1629 1126 1790 1162 μαθητευο-

993 1177 1081 1212 μένων
1092 1175 1249 1211 τυγχάνειν,
1262 1174 1310 1201 καὶ
1324 1174 1481 1210 ἐτύγχανον,
1495 1174 1532 1200 Οὐ
1553 1173 1646 1208 μέντοι
1660 1181 1693 1206 γε
1707 1172 1791 1198 τοῦτο

989 1221 1023 1258 ἦν
1039 1222 1130 1253 αὐτοῖς
1144 1222 1160 1257 ἡ
1176 1220 1267 1247 τελεία
1288 1220 1377 1251 ἐλπὶς,
1398 1219 1466 1246 ἀλλὰ
1481 1218 1584 1253 ταύτης
1600 1217 1791 1248 ἀπολαύοντες

990 1269 1040 1304 τῆς
1057 1268 1173 1300 ἐλπίδος,
1190 1267 1230 1293 ἔτι
1243 1266 1279 1293 τὰ
1299 1265 1412 1301 μείζονα
1427 1265 1608 1300 ἐκαροδόκουν
1629 1264 1678 1290 καὶ
1701 1263 1790 1299 ἠλπι-

992 1316 1048 1348 ζον.
1064 1314 1149 1341 Τοῦτο
1171 1314 1199 1341 δέ
1219 1322 1312 1348 φησιν,
1338 1313 1378 1339 ὂτι
1394 1312 1478 1338 Οὐδὲν
1502 1311 1634 1338 ὲνέκοπτε
1660 1310 1711 1344 τὴν
1731 1309 1790 1336 τῶν

993 1360 1144 1396 μελλόντων
1167 1359 1263 1386 ἐλπίδα
1280 1358 1327 1385 καὶ
1343 1357 1526 1392 ἀπόλαυσινὴ
1550 1357 1601 1392 τῆς
1628 1355 1707 1392 παρά
1732 1355 1791 1382 τῶν

993 1406 1222 1443 μαθητευομένων
1238 1405 1284 1431 ἐπὶ
1298 1406 1331 1440 τῇ
1346 1405 1432 1439 τροφῇ
1451 1403 1606 1438 ὑπηρεσίας
1621 1402 1788 1433 ἀπόλαυσις·

991 1452 1116 1479 ἐντεῦθεν
1135 1451 1233 1486 δηλῶν,
1251 1451 1289 1482 ὡς
1310 1451 1407 1478 Καίτοι
1435 1450 1518 1486 μηδὲν
1552 1448 1679 1484 ἐμποδὼν
1706 1449 1789 1479 δντος

992 1498 1060 1534 πρὸς
1084 1497 1134 1533 τὴν
1161 1497 1266 1524 ἐκεῖθεν
1295 1497 1444 1523 ἀπόλαυσιν
1468 1495 1516 1522 τοῦ
1533 1494 1686 1530 τρέφεσθαι
1711 1495 1790 1529 παρά

991 1544 1046 1571 τῶν
1063 1543 1201 1579 μαθητῶν,
1226 1543 1301 1577 ὅμως
1322 1542 1370 1578 οὐχ
1396 1542 1519 1577 εἱλόμην.
1546 1541 1658 1568 Πλείοσι
1676 1540 1705 1567 δὲ
1720 1540 1790 1566 αὐτὸ

992 1590 1203 1625 ἐπιχειρήμασιν
1219 1588 1359 1616 ἀκώλυτον
1378 1587 1407 1614 ὃν
1423 1586 1633 1619 κατασκευάζει,
1651 1586 1697 1618 διὰ
1711 1594 1741 1612 τε
1756 1585 1790 1612 τὸ

992 1635 1147 1671 εἰρημένον,
1164 1635 1211 1662 καὶ
1232 1634 1275 1661 ἵνα
1301 1634 1338 1668 μὴ
1362 1633 1530 1668 ἀπεχόμενος
1547 1632 1637 1664 αὐτὸς,
1659 1633 1724 1663 τοὺς
1741 1631 1790 1657 ἄλο

992 1681 1054 1712 λους
1070 1681 1133 1716 δόξῃ
1147 1680 1304 1715 χρωμένους
1316 1680 1344 1705 ὲν
1355 1679 1464 1714 διαϐολῇ
1477 1688 1530 1705 τινι
1545 1678 1690 1713 καθιστᾷν.
1707 1687 1717 1703 ι
1732 1677 1791 1704 Καὶ

992 1727 1006 1753 ὁ
1022 1726 1108 1753 ἀλοῶν
1122 1726 1172 1760 τῆς
1180 1725 1298 1756 ἐλπίδος.
1315 1734 1324 1750 ι
1341 1724 1372 1750 'H
1385 1723 1454 1759 αὑτὴ
1465 1723 1547 1753 πάλιν
1564 1723 1663 1758 τροπή.
1685 1731 1694 1748 ι
1707 1721 1762 1748 Καὶ
1774 1722 1788 1747 ὁ

992 1771 1088 1803 ἀλοῶν,
1103 1772 1180 1807 φησι,
1192 1771 1241 1806 τῆς
1250 1770 1356 1802 ἐλπίδος
1368 1770 1450 1796 αὑτοῦ
1466 1769 1591 1805 μετέ-χειν
1601 1769 1645 1795 ἐπ’
1656 1768 1757 1794 ἑλπίδι.
1775 1776 1786 1793 ι

993 1817 1103 1853 Ἐπειδὴ
1118 1818 1172 1853 γὰρ
1184 1818 1198 1843 ό
1211 1816 1357 1852 ἀροτριῶν,
1370 1817 1414 1842 ἐπ’
1431 1816 1519 1842 ἐλπίδι
1539 1816 1666 1850 ἀροτριᾷ,
1684 1815 1789 1850 ταύτης

991 1864 1040 1897 τῆς
1055 1863 1163 1895 ἐλπίδος
1177 1863 1271 1890 λοιπὸν
1291 1863 1338 1889 καὶ
1360 1863 1374 1889 ὁ
1397 1862 1484 1889 ἀλοῶν
1499 1862 1601 1896 ὀφείλει
1620 1861 1787 1892 ἀπολαῦσαι.

992 1909 1026 1945 ἢν
1043 1909 1156 1944 ἤλπισεν
1177 1909 1205 1936 ὲν
1221 1909 1260 1944 τῷ
1276 1909 1416 1944 ἀροτριᾷν.
1436 1908 1485 1940 Τίς
1501 1907 1529 1934 δὲ
1544 1908 1561 1942 ἡ
1582 1906 1676 1938 sla-ig;
1693 1907 1724 1933 τὺ
1741 1915 1789 1942 με-

992 1956 1120 1983 ταλαϐεῖν
1144 1955 1265 1990 δηλονότι
1291 1955 1344 1982 τῶν
1360 1954 1486 1989 καρπῶν.
1510 1952 1577 1980 Εἶτα.
1595 1953 1788 1989 προστίθησιν,

995 2012 1004 2029 ι
1025 2002 1084 2030 Ἐπ’
1097 2002 1195 2029 ἐλπίδι.
1214 2011 1224 2027 ι
1244 2002 1302 2028 Ἲνα
1319 2001 1373 2036 γὰρ
1398 2001 1434 2036 μή
1459 2009 1501 2032 τις
1520 2000 1595 2035 εἴπῃ,
1613 2000 1676 2026 Τῶν
1693 2000 1790 2026 τοσοῦ-

992 2058 1047 2076 των
1063 2048 1109 2075 οὖν
1137 2048 1227 2075 πόνων
1243 2045 1280 2074 ῶν
1298 2047 1480 2082 ὑπομένουσιν
1500 2046 1525 2072 οἱ
1539 2045 1699 2076 ἀπόστολοι,
1718 2045 1789 2080 αὕτη

993 2095 1066 2122 ἐστὶν
1083 2096 1098 2131 ἡ
1116 2094 1228 2130 ἀμοιϐὴ,
1243 2094 1274 2120 τὸ
1287 2093 1406 2125 ὲσθίειν;
1425 2091 1610 2127 προσέθηκεν,
1631 2101 1640 2117 ι
1667 2091 1730 2118 Ἐπ’
1745 2091 1790 2118 ὲλ-

994 2142 1061 2169 πίδι.
1080 2151 1090 2167 ›
1111 2141 1268 2172 Τουτέστιν,
1294 2138 1338 2165 ἐπ’
1362 2137 1451 2165 ἐλπίδι
1477 2138 1526 2173 μὲν
1551 2137 1606 2163 τῶν
1635 2137 1790 2172 μελλόντων

993 2187 1104 2221 ἀγαθῶν
1129 2188 1154 2214 οἱ
1172 2185 1316 2214 ἀπόστολοι
1337 2184 1483 2220 μοχοοῦσι,
1508 2183 1577 2218 πλὴν
1601 2183 1644 2211 δεῖ
1670 2183 1722 2209 καὶ
1745 2184 1790 2210 ὲν-

993 2235 1090 2262 τεῦοεν
1105 2233 1178 2269 ἔχειν
1191 2231 1356 2268 παραψυχὴν
1369 2231 1419 2266 τὴν
1435 2229 1510 2266 παρὰ
1522 2229 1577 2256 τῶν
1596 2229 1791 2264 μαθητευομέ-

995 2290 1048 2308 νων
1064 2279 1208 2316 χορηγίαν.
1223 2278 1309 2305 Τοῦτο
1322 2277 1351 2304 δὲ
1373 2276 1459 2312 δηλοῖ,
1476 2276 1516 2302 ὅτι
1527 2275 1574 2301 Eni;
1593 2276 1626 2310 τῇ
1651 2275 1790 2312 μελλούσῃ

995 2327 1083 2355 ἑλπίδι
1107 2326 1148 2352 δεῖ
1179 2324 1304 2359 μετέχειν
1330 2323 1379 2350 καὶ
1396 2323 1494 2358 ἑτέρας
1521 2321 1640 2353 ἐλπίδος,
1664 2323 1790 2350 τουτέστι

995 2372 1101 2409 τροφῆς
1118 2370 1167 2397 καὶ
1181 2370 1235 2396 τῶν
1251 2368 1364 2396 λοιπῶν.

1032 2420 1066 2446 El
1079 2417 1164 2452 ἡμεῖς
1178 2416 1249 2451 ὑμῖν
1260 2416 1295 2443 τὰ
1304 2416 1491 2451 πνευματικὰ
1502 2416 1700 2450 ἐσπείραμεν,
1714 2415 1791 2450 μέγα

995 2466 1020 2492 εὶ
1037 2464 1122 2499 ἡμεῖς
1138 2462 1221 2498 ὑμῶν
1246 2463 1283 2490 τὰ
1307 2463 1437 2497 σαρκικὰ
1451 2463 1625 2497 θερίσςτιεη
1639 2463 1675 2489 Et
1699 2462 1789 2489 ἄλλοι

995 2511 1050 2545 τῆς
1084 2509 1229 2542 ἐξουσίας
1261 2508 1344 2543 ὑμῶν
1369 2509 1568 2543 μετέχοῡσιν,
1601 2510 1637 2535 οὐ
1665 2508 1789 2543 μᾶλλον

994 2557 1097 2592 ήμεῗς;
1111 2557 1189 2583 Ἀλλ’
1201 2557 1256 2583 οὐκ
1270 2555 1462 2590 ἐχρησάμεθα
1476 2555 1514 2589 τῇ
1533 2555 1660 2588 ἐξουσίᾳ
1684 2556 1788 2588 ταύτῃ,

993 2604 1073 2631 ἀλλὰ
1086 2603 1185 2629 πάντα
1200 2602 1356 2636 στέγομεν,
1372 2602 1422 2628 ἵνα
1435 2601 1478 2636 μὴ
1494 2601 1628 2637 ἐγκοπήν
1650 2610 1720 2629 τινα
1734 2601 1789 2628 δῶ-

989 2659 1047 2685 μεν
1064 2650 1104 2682 τῷ
1117 2649 1290 2683 Εὐαγτελίῳ
1303 2647 1356 2674 τοῦ
1372 2648 1510 2681 Χριστοῦ.

1029 2694 1095 2723 Εἶτα
1117 2695 1164 2722 καὶ
1180 2695 1244 2722 ἀλλο
1258 2694 1342 2727 λέγει,
1358 2694 1465 2726 δεικνὺς
1485 2695 1539 2721 δεῖν
1555 2694 1600 2721 τὸν
1623 2695 1785 2722 διδάσκαλον

991 2742 1151 2780 τρέφεσθαι.
1166 2741 1204 2769 Οὺ
1216 2740 1269 2775 γὰρ
1281 2740 1372 2774 ὅμοια,
1387 2740 1480 2775 φησὶν,
1494 2750 1531 2768 ων
1544 2741 1703 2776 λαμὸέινετε
1717 2750 1785 2776 πιρ-

994 2790 1080 2824 ἐχετε.
1099 2788 1129 2814 El
1149 2787 1203 2822 γὰρ
1219 2787 1298 2821 ἡμεῖς
1313 2787 1346 2813 τὰ
1363 2787 1534 2822 πνευματικὰ
1547 2789 1586 2819 εἰς
1601 2788 1676 2822 ὑμᾶς
1687 2787 1784 2814 ἐσπεί-

996 2843 1094 2873 ραμεν,
1117 2832 1253 2865 τουτέστι,
1272 2831 1456 2868 παρέσχομεν,
1478 2834 1548 2868 μέγα
1579 2833 1654 2859 ἐστὶν
1687 2834 1735 2860 ἐὰν
1754 2832 1785 2860 τὰ
