1880 3057
167 144 220 174 ’ἵῦἸ

689 142 889 173 (ECUMENII
907 141 1054 172 TRICGIE
1074 140 1248 172 EPISCOPI

1757 139 1809 169 7C8

169 204 239 226 erat.
266 198 382 232 Quando
410 203 500 227 autem
532 199 620 227 factus
649 203 691 226 est
717 198 796 233 quasi
825 198 963 226 Judaeus?

1052 207 1094 233 εμε
1112 197 1255 233 Τιμόθεον,
1269 197 1333 224 ὅταν
1349 197 1532 232 ἀγνισάμενος
1543 197 1629 233 εἰσῄει
1643 196 1670 223 ὲν
1685 204 1730 230 τῳ
1747 194 1810 230 ίερῷ

167 243 283 277 Quando
302 244 475 271 Timotheum
491 245 666 272 circumcidit
681 246 691 261 ³
709 254 716 278 ;
737 246 845 281 quando
863 246 960 281 purifi-

169 296 251 317 calus
267 291 397 324 templum
413 290 554 325 ingressus
566 295 609 318 est
621 299 683 318 cum
703 293 744 320 his
759 293 806 328 qui
823 293 962 320 habebant.

171 341 263 362 votum
279 337 298 362 ³.
316 336 348 363 Ut
359 337 430 363 enittt
446 344 492 363 eos
504 337 549 371 qui
567 345 629 365 vere
642 337 728 365 Judaei
744 343 822 366 erant
836 347 867 366 ac
881 339 960 367 (idem

172 382 352 414 transferret,
369 381 459 410 factus
484 387 526 410 est
546 385 625 418 quasi
648 384 770 413 Judzeus.
793 386 962 419 Quomodo?

172 427 225 454 nisi
247 427 317 454 ettim
338 428 569 461 circutncidissel,
586 434 613 456 et
629 431 787 465 purilieatus
806 432 914 466 fuisset,
930 440 962 459 ac

169 472 273 500 Juda-is
299 475 482 508 persuasisset
506 475 557 510 legi
575 483 605 503 se
621 477 770 509 adhaerere,
788 486 961 514 nequaquam

172 519 205 545 ad
229 527 291 545 cum
309 520 514 548 accessissent:
538 522 593 549 imo
609 531 670 550 cnttt
692 531 724 550 eo
744 528 872 559 tanquatn
899 532 962 551 cum

173 570 296 600 apostata
307 567 353 601 qui
368 575 444 594 suam
462 568 546 602 legem
557 569 724 603 reliquisset,
743 579 776 598 tte
791 571 964 598 sermonibus

173 610 283 645 quidem
301 614 554 640 cornnntnicassent
572 624 578 641 :
599 623 654 649 qtto
669 620 759 642 autettt
779 616 859 642 modo
873 616 963 643 salvos

173 657 262 684 facere
288 659 364 693 ipsos
388 661 546 694 potuisset,
579 662 624 696 qui
654 670 756 697 neque
772 663 963 695 accessissent,

173 712 262 739 neque
279 705 339 740 ejus
356 706 510 734 doctrittaut
526 709 677 742 audissent,
694 709 740 736 sed
761 714 890 744 tanquam
906 717 963 737 rem

172 750 385 778 abominandam
399 760 460 780 eum
481 754 643 781 duxissent?
652 770 687 774 ——
697 755 756 782 Alio
769 757 853 782 modo.
863 755 964 783 Factus

174 802 215 823 est.
233 796 335 825 Iudaeis
356 798 432 832 quasi
450 798 570 832 Iudaeus,
587 801 697 835 quando
719 801 744 828 in
770 802 871 836 tentplo
889 802 964 837 puri-

175 843 273 870 ﬁcalus
290 850 341 875 cst,
367 849 394 872 et
419 846 523 873 hostias
540 847 650 880 obtulit,
666 855 698 875 ac
718 848 891 875 Timotheum
910 848 965 875 cir-

1014 244 1082 280 μετὰ
1099 245 1154 270 τῶν
1172 244 1288 279 ἑχόντων
1311 244 1361 279 τὴν
1381 244 1474 278 εὐχήν.
1493 243 1553 270 Ἵνα
1568 243 1623 278 γὰρ
1643 243 1712 273 τοὺς
1729 242 1811 272 ὂντας

1012 291 1122 326 ἀληθεῖς
1140 291 1283 322 Ἰουδαίους
1299 290 1469 326 μεταστήσῃ,
1485 290 1594 324 ἐγένετο
1606 289 1642 320 ὡς
1661 288 1809 315 Ἰουδαῖος.

1013 337 1093 369 Πῶς;
1107 337 1169 363 Ὅτι
1181 338 1204 363 εί
1218 337 1254 371 μὴ
1266 337 1411 371 περιέτεμε
1428 336 1489 371 μηδ’
1504 335 1633 371 ἡγνίοθη,
1642 335 1691 361 καὶ
1705 335 1737 360 ὲν
1747 333 1811 359 τοὺ-

1012 392 1051 418 τῳ
1063 383 1172 409 ἔπεισεν
1192 383 1335 414 Ἰουδαίους
1351 383 1392 409 ὅτι
1410 382 1502 417 ἔχεται
1517 382 1565 408 τοῦ
1590 382 1685 416 νόμον,
1706 381 1762 407 οὐκ
1780 380 1811 406 ἂν

1014 429 1168 464 προσῆλθον
1178 429 1263 465 αὐτῷ,
1276 429 1323 455 καὶ
1336 429 1373 460 ὡς
1386 429 1538 464 ἀποστάτῃ,
1551 428 1611 454 οὐδὲ
1628 428 1722 461 λόγων
1737 428 1810 453 Exn-.-

1013 474 1150 510 νὼνησαν.
1177 475 1238 506 Πῶς
1253 475 1282 501 δὲ
1298 472 1332 510 ἦν
1350 474 1436 500 σῶσαι
1450 475 1512 505 τοὺς
1531 473 1599 510 μηδὲ
1626 473 1809 508 προσιόντας,

1016 521 1083 557 μηδὲ
1094 520 1245 553 ἀκούοντας
1268 522 1317 555 τῆς
1338 520 1420 547 αὑτοῦ
1437 520 1558 555 διδαχῆς,
1584 519 1641 546 ἀλλ’
1656 519 1693 550 ὡς
1713 519 1811 554 βδέλυ-

1014 576 1071 602 γμα
1087 567 1168 593 αὐτὴν
1182 566 1370 601 ήγουμένοοςς
1386 582 1419 587 —
1432 567 1562 599 Ἀλλως.
1580 565 1590 601 [
1605 565 1781 593 ΙΣΙΔΩΡΟΥ.
1799 564 1808 600 ]

1020 613 1145 647 Ἐγένετο
1169 614 1226 644 τοῖς
1245 613 1385 643 Ἰουδαίοις
1408 612 1445 643 ὡς
1466 612 1613 644 Ἰουδαῖος,
1638 612 1682 638 ὅτε
1710 613 1743 638 ἐν
1771 611 1809 645 τῷ

1015 659 1081 695 ἱερῷ
1098 659 1228 694 ἡγνίσατο
1252 660 1299 685 καὶ
1312 659 1402 691 ἔθυσε,
1420 659 1466 685 καὶ
1489 656 1646 694 περιτεμὼν
1659 658 1707 684 τὸν
1724 658 1811 692 Τιμό-

1015 706 1235 740 θεον,⁷Ιονδαίοις
1249 706 1377 740 πέπομφε
1392 706 1562 738 διδάπκαὶον,
1579 705 1623 732 διὰ
1648 705 1810 739 περιτομῆς

1014 754 1065 789 τὴν
1093 753 1246 789 περιτομὴν
1264 753 1395 788 ἀναιρῶν.
1419 753 1464 779 Διὶ)
1487 753 1538 779 οὐκ
1558 750 1644 781 εἶπεν,
1665 751 1809 781 Ἰουδαῖος.

1014 800 1099 833 mg.
1111 800 1154 832 Ὠς
1168 800 1304 831 Ἰουδαῖος.
1319 809 1382 825 »-‹
1397 799 1461 830 Τοῖς
1483 799 1595 833 ἀνόμοις
1612 798 1649 829 ὡς
1665 798 1782 832 ἄνομος.
1799 807 1807 822 ι

1017 846 1081 872 Ὅτε
1089 845 1242 880 Ἀθηναίοις
1255 845 1431 880 δημηγορῶν,
1441 845 1491 871 οὒκ
1503 845 1557 872 ἀπὸ
1570 844 1734 879 προφητῶν,
1749 844 1810 870 οὐδὲ

173 889 329 916 cumcisunt
347 889 449 918 Judaeis
470 892 497 918 itt
517 897 711 927 prreeeptorctn
732 894 819 926 misit,
845 894 965 921 circum-

1052 893 1070 918 τὸ
1085 892 1131 918 τοῦ
1145 893 1229 927 νόμου
1243 891 1368 926 διελέχθη
1380 912 1387 923 ,
1404 891 1464 918 ἀλλ’
1479 891 1534 926 ἀπὸ
1557 891 1650 926 βωμοῦ
1667 892 1720 926 τὴν
1738 900 1810 926 περ·

175 934 280 962 cisiuue
303 937 401 963 tollens
423 938 672 966 circumeisionem.
690 939 796 967 Idcirco
811 947 866 967 non
883 941 965 973 dixit,

173 979 295 1014 Judaaus,
319 983 366 1010 sed
386 993 395 1009 ι
418 983 500 1016 Quasi
517 984 639 1013 Iudaeus.
662 995 672 1012 ι
697 1001 732 1007 -
749 996 758 1012 ‹
786 986 820 1014 lis
840 987 886 1022 qtti
908 987 968 1014 sitte

175 1027 235 1061 lege
256 1033 334 1056 erant
358 1030 438 1064 quasi
459 1030 518 1058 sitte
542 1031 609 1066 lege.
630 1041 639 1058 ›
661 1032 777 1065 Quando
797 1032 869 1067 apud
885 1032 969 1060 Athe-

1016 939 1119 966 αίνεπιν
1132 939 1297 974 ἐποιήσατο,
1320 939 1374 966 ἀπὸ
1395 938 1449 964 τῶν
1466 938 1573 965 οἰκείων
1591 938 1690 969 αὐτοὺς
1705 938 1811 972 δογμα-

1016 993 1071 1011 των
1084 984 1272 1020 χειρούμενος,
1291 985 1335 1011 ὅτε
1349 981 1428 1019 εὗρεν
1445 984 1475 1012 ἐν
1495 983 1534 1019 τῷ
1558 983 1654 1019 βωμῷ,
1673 983 1724 1009 καὶ
1737 982 1809 1014 ὅστις

1018 1032 1062 1066 εἴη
1079 1031 1219 1066 ἄγνωστος
1236 1031 1314 1063 Θεός.

175 1074 284 1102 nienses
300 1077 460 1104 concionem
481 1078 585 1106 habens
596 1079 617 1111 ⁷,
632 1087 685 1106 non
702 1087 734 1106 ex
752 1079 810 1114 lege
825 1087 914 1114 neque
945 1087 978 1106 ex
1000 1079 1142 1114 prophetis
1172 1079 1341 1113 disputavit,
1371 1077 1419 1105 sed
1439 1077 1474 1105 ab
1507 1084 1554 1104 ara
1585 1076 1807 1105 exhortationem

175 1123 315 1149 contexuit
332 1131 338 1149 :
357 1130 372 1149 a
388 1124 507 1158 propriis
526 1125 663 1161 dogmatis
680 1132 728 1153 eos
744 1125 944 1159 utanuducens,
978 1126 1088 1161 quando
1118 1125 1200 1152 etiam
1219 1125 1245 1151 in
1262 1131 1309 1151 ara
1327 1123 1432 1151 invertit
1447 1123 1574 1159 quisnam
1585 1128 1659 1151 esset
1693 1122 1809 1157 ignotus

174 1166 256 1195 Deus.

209 1213 288 1249 505
303 1214 366 1242 ldeo
383 1223 437 1243 nou
455 1216 525 1244 dixit
543 1217 726 1253 simpliciter:
742 1219 807 1246 Sine
819 1219 887 1253 lege,
906 1218 965 1251 sed,

178 1269 186 1285 ι
204 1259 288 1293 Quasi
310 1261 369 1288 sine
382 1262 460 1297 Elege.
481 1272 491 1289 ι
511 1263 579 1291 Cum
596 1269 686 1292 autem
708 1265 746 1292 ait
763 1275 769 1292 :
795 1274 804 1291 1
822 1264 890 1292 Cum
912 1265 966 1292 Deo

175 1314 229 1333 ttort
249 1314 337 1334 essent
361 1308 421 1336 sine
447 1309 516 1344 lege.
538 1311 585 1337 sed
602 1311 654 1338 sub
676 1311 735 1346 lege
757 1311 870 1342 Christi,
893 1321 903 1337 ›
920 1314 967 1338 aut

174 1351 253 1385 quasi
270 1352 303 1378 de
319 1360 347 1379 re
360 1352 525 1380 indill'ereuti
539 1354 607 1382 dixit
624 1362 631 1381 :
649 1363 709 1382 nant
726 1363 787 1382 cum
805 1363 857 1382 una
872 1355 908 1382 sit
923 1362 966 1382 es-

175 1397 275 1429 sentia,
294 1398 370 1425 nulla
384 1403 425 1426 est
437 1399 608 1434 diﬂ‘ereutia;
623 1406 670 1428 aut
684 1401 706 1429 si
723 1401 748 1428 id
764 1405 890 1428 coactum
905 1401 965 1428 exi.

176 1444 282 1477 stimas,
302 1445 352 1472 hoc
367 1447 466 1480 opinor
479 1455 540 1474 eum
558 1447 691 1480 indicare,
715 1448 787 1482 quod
804 1455 857 1475 nou
876 1449 964 1475 solum

175 1496 356 1518 convrrsetur
371 1492 447 1526 juxta
476 1493 572 1527 legem,
593 1501 653 1528 quae
670 1501 683 1520 a
706 1493 868 1528 quibusdam
890 1493 966 1521 Patri

175 1537 334 1570 ascribitur,
349 1542 376 1564 et
392 1539 544 1565 secunduut
556 1547 650 1566 eorum
667 1539 712 1574 qui
731 1539 874 1567 discebant
887 1540 965 1567 habi-

175 1583 310 1615 tudinctn.
319 1591 372 1610 nou
386 1585 536 1611 secundum
545 1584 605 1618 ejus
613 1584 660 1619 qui
671 1585 781 1612 tradidit
792 1585 966 1620 dignitatem,

175 1628 328 1657 infantibus
352 1630 438 1665 magis
464 1631 632 1665 aptabatur:
657 1638 752 1658 verum
778 1633 861 1658 etiam
887 1631 966 1667 juxta

175 1676 315 1703 caelestem
325 1685 357 1703 ac
367 1671 516 1711 perfectam
528 1677 630 1705 Christi
641 1678 738 1713 legem.
752 1678 811 1706 Non
824 1680 884 1707 sitte
896 1680 965 1714 lege,

176 1723 263 1756 quoad
291 1728 409 1750 veterem
447 1723 550 1758 legent;
574 1725 620 1751 sed
638 1729 666 1752 et
695 1726 747 1753 sub
771 1726 839 1761 lege,
876 1727 967 1761 quoad

175 1768 365 1806 Evangelium.
382 1769 442 1796 Non
460 1775 539 1796 extra
556 1771 653 1804 legem,
667 1771 715 1799 sed
729 1772 811 1799 etiam
830 1773 856 1799 in
866 1773 965 1807 gratia.

175 1816 236 1843 Non
254 1815 381 1843 commisi
401 1822 525 1850 stuprum
544 1822 656 1852 propter
673 1819 759 1853 legem
777 1827 784 1844 :
808 1819 855 1846 sed
878 1826 968 1853 tteque

177 1862 278 1889 lascite
295 1862 412 1889 intuitus
436 1870 507 1896 sum,
531 1868 645 1899 propter
661 1864 839 1898 Evangelium
859 1865 880 1892 ⁸.
907 1865 969 1893 Non

176 1908 278 1942 occidi,
302 1913 412 1943 propter
430 1909 575 1943 timorem;
608 1911 655 1938 sed
679 1917 706 1939 et
720 1911 788 1938 iram
802 1912 968 1947 expugnavi,

176 1959 288 1988 propter
302 1962 433 1982 amorem.
445 1956 586 1990 Siquidem
602 1956 624 1984 is
639 1957 685 1992 qui
704 1961 821 1985 veterem
837 1958 968 1989 servavit,

177 2008 232 2027 non
253 2005 312 2027 erat
327 2001 386 2028 sine
401 2001 459 2036 lege
477 2011 484 2035 ;
501 2003 547 2037 qui
563 2008 654 2030 autent
679 2011 788 2036 novam,
808 2009 867 2031 erat
885 2006 969 2031 etiam

177 2046 229 2073 sub
253 2045 311 2081 lege
325 2047 438 2075 Christi.
456 2048 520 2075 Ilznc
536 2053 627 2076 autem
644 2049 721 2080 dicit,
743 2058 795 2076 ttort
816 2051 970 2078 attribuens

178 2092 252 2120 Patri
270 2094 368 2129 legem,
385 2093 456 2121 Filio
477 2102 541 2122 vero
562 2095 739 2130 Evangelium
756 2103 763 2128 ;
781 2096 828 2123 sed
844 2097 876 2123 ad
897 2097 969 2130 vulgi

177 2140 363 2174 suspicionem
387 2145 412 2167 ct
425 2141 583 2175 opinionem
602 2142 766 2176 respiciens.
783 2141 881 2170 Omnia
897 2143 969 2170 enim

178 2193 237 2220 qua:
265 2186 355 2214 Patris
375 2191 450 2219 sunt,
477 2188 558 2215 etiam
583 2187 644 2215 Filii
657 2193 744 2222 sunt;
766 2194 792 2216 et
819 2197 879 2224 quae
908 2190 970 2217 Filii

177 2235 340 2264 Sunt,etiatn
352 2233 440 2261 Patris
450 2234 537 2261 sunt”.
554 2249 588 2254 —-
610 2235 670 2262 Alio
689 2236 776 2262 modo.
797 2235 918 2266 Judaeos.
940 2241 969 2263 ut

1052 1217 1098 1244 Διὸ
1118 1216 1169 1243 οὐκ
1190 1214 1277 1248 εἶπεν,
1298 1215 1426 1249 Ἀνομος,
1440 1214 1509 1246 ἀλλ’,
1531 1223 1540 1240 ε
1562 1214 1605 1246 Ὧς
1620 1215 1733 1250 ἄνομος.
1748 1226 1757 1242 ι
1775 1217 1810 1243 Τδ

1015 1264 1053 1295 δὲ,
1070 1273 1078 1288 ι
1092 1263 1137 1298 Μὴ
1155 1262 1193 1288 ὢν
1215 1263 1315 1297 ἄνομος
1334 1261 1404 1296 Θεῷ,
1432 1260 1493 1287 ἀλλ’
1521 1261 1633 1295 ἔννομος
1652 1262 1784 1297 Χριστῷ,
1798 1273 1806 1288 ι

1015 1311 1088 1345 ἢὼς
1110 1310 1254 1345 ἀδιάφορον
1283 1307 1359 1335 εἶπεν
1387 1308 1445 1343 (ἐπὶ
1473 1307 1527 1342 γὰρ
1558 1309 1622 1342 μιᾶς
1637 1309 1736 1341 οὐσίας
1761 1311 1808 1336 οὐκ

1015 1357 1072 1383 ἔστι
1102 1355 1240 1390 διαφορὰ),
1260 1354 1276 1389 ἢ
1293 1355 1317 1380 εἰ
1331 1353 1412 1381 τοῦτο
1446 1353 1626 1389 βεϐιασμένον
1650 1355 1717 1390 ἡγῇ,
1733 1353 1808 1390 οἶμαι

1016 1403 1095 1430 τοῦτο
1122 1402 1247 1438 μηνύειν,
1262 1400 1292 1427 τὸ
1308 1401 1344 1436 μὴ
1358 1402 1438 1436 μόνον
1468 1400 1537 1427 κατὰ
1549 1400 1630 1435 νόμον
1645 1401 1807 1428 πεπολιτεῦ-

1019 1449 1079 1476 σθαι
1098 1448 1192 1483 τδντῷ
1207 1448 1295 1483 Πατρὶ
1312 1447 1386 1481 παρά
1401 1455 1482 1473 τινων
1501 1447 1738 1481 ἐπιγραφόμενον,
1764 1448 1808 1474 καὶ

1016 1495 1059 1523 διὰ
1074 1496 1123 1530 τὴν
1138 1493 1195 1527 ἕξιν
1211 1494 1265 1520 τῶν
1286 1493 1489 1528 μανθανόντων,
1503 1492 1532 1519 οὐ
1553 1493 1597 1519 διὰ
1611 1493 1660 1529 τὴν
1671 1494 1754 1526 ἀξῖαν
1765 1494 1807 1520 τοῦ

1018 1541 1176 1573 δεδωκότος,
1202 1540 1310 1575 νηπίοις
1340 1539 1441 1574 μᾶλλον
1465 1537 1643 1574 ἁρμόζοντα,
1666 1540 1737 1566 ἁ).λὰ
1765 1541 1808 1566 καὶ

1018 1589 1089 1616 κατὰ
1117 1588 1162 1614 τὴν
1186 1586 1233 1614 τοῦ
1264 1585 1382 1622 Χριστοῦ
1398 1587 1524 1621 οὐράνιον
1539 1586 1588 1613 καὶ
1599 1586 1704 1613 τέλειον
1714 1588 1807 1621 νόμον.

1019 1636 1076 1662 Οὐκ
1094 1635 1193 1669 ἄνομος
1207 1634 1279 1661 κατὰ
1296 1633 1340 1660 τὸν
1358 1633 1472 1660 παλαιὸν
1484 1633 1576 1667 νόμον,
1591 1633 1660 1660 ἀλλὰ
1671 1635 1719 1661 καὶ
1736 1635 1807 1661 ἔννο-

1020 1690 1069 1717 μος
1093 1680 1164 1708 κατὰ
1183 1680 1213 1707 τὸ
1229 1680 1406 1714 Εὑαγγέλιον.
1423 1679 1479 1705 Οὔκ
1504 1679 1557 1710 ἔξω
1571 1679 1617 1705 τοῦ
1631 1679 1725 1714 νόμου,
1745 1681 1808 1707 (im

1018 1728 1065 1754 καὶ
1082 1727 1147 1753 εἵσω
1163 1726 1213 1760 τῆε
1235 1726 1356 1761 χάριτος,
1370 1726 1420 1752 οὐκ
1432 1725 1580 1760 ἐμοίχενσα
1595 1725 1638 1751 διὰ
1654 1725 1699 1752 τὸν
1719 1726 1806 1761 νόμον,

1019 1772 1076 1799 ἀλλ’
1090 1772 1151 1798 οὐδὲ
1167 1769 1236 1797 εἶδον
1263 1770 1420 1801 nouam;
1436 1769 1479 1796 διὰ
1492 1769 1522 1796 τδ
1561 1769 1739 1804 Εὑαγγέλιον.
1755 1771 1807 1797 Οὐκ

1019 1818 1153 1852 ἐφόνευσα
1169 1817 1214 1843 διὰ
1237 1817 1283 1843 τὸν
1297 1816 1389 1850 φόϐον,
1403 1815 1472 1842 ἀλλὰ
1489 1815 1535 1841 καὶ
1554 1815 1639 1851 ὀργῆς
1667 1817 1808 1852 ὲκρᾶτηςα

1018 1865 1119 1898 διὰπὶιν
1145 1864 1237 1891 πόθον.
1260 1865 1290 1891 '0
1311 1863 1359 1899 μὲν
1386 1863 1440 1899 γὰρ
1465 1863 1510 1889 τὸν
1528 1863 1645 1890 παλαιὸν
1678 1865 1806 1899 φυῖάξας,

1019 1911 1070 1938 οὐκ
1080 1908 1114 1947 ἦν
1130 1911 1229 1946 ἄνομος
1240 1910 1307 1936 Θεοῦ
1324 1918 1330 1924 “
1345 1910 1358 1935 ὁ
1368 1909 1396 1936 δὲ
1411 1910 1456 1936 τὸν
1471 1910 1541 1942 νέον,
1560 1910 1617 1936 ἔστι
1635 1911 1683 1937 καὶ
1699 1911 1808 1946 ἔννομος

1019 1959 1150 1994 Χριστοῦ.
1176 1957 1268 1984 Ταῦτα
1279 1957 1308 1983 δέ
1322 1965 1417 1992 φησιν,
1442 1957 1491 1983 οὐκ
1519 1957 1685 1992 ἀποκληρῶν
1712 1958 1762 1993 μὲν
1773 1957 1808 1992 τῷ

1020 2005 1109 2039 Harp!
1136 2005 1182 2030 τὸν
1210 2004 1302 2038 νόμον,
1317 2002 1355 2038 τῷ
1374 2002 1429 2038 Υἰῷ
1455 2002 1483 2028 δὲ
1500 2002 1531 2029 τὸ
1547 2002 1725 2036 Εὐαγγέλιον,
1744 2004 1808 2030 ἀλλὰ

1020 2051 1088 2085 πρὸς
1111 2050 1160 2086 τὴν
1190 2049 1243 2076 τῶν
1269 2049 1375 2075 πολλῶν
1388 2049 1518 2075 ὑπόνοιαν
1535 2048 1674 2080 καὶδόξαν
1686 2050 1806 2084 ἀφορῶν.

1020 2097 1113 2123 Πάντα
1125 2098 1179 2131 γὰρ
1194 2097 1227 2122 τὰ
1242 2095 1289 2122 τοῦ
1302 2095 1418 2130 ΙΙατρδς,
1435 2094 1483 2121 τοῦ
1499 2094 1562 2121 Υίοῦ
1579 2096 1648 2126 ἐστι,
1662 2096 1711 2122 καὶ
1725 2095 1808 2123 tito-3

1021 2143 1151 2175 manu
1162 2142 1275 2177 Πατρός.
1290 2156 1325 2161 —
1337 2141 1460 2174 Ἄλλως.
1479 2140 1645 2177 [ΘΕΟΔΩῘᾮ
1659 2141 1807 2173 Ἰουδαίους,

1021 2190 1058 2221 ὠς
1083 2187 1245 2223 οἵμαι,τοὶις
1272 2186 1384 2222 μηδέπω
1408 2186 1628 2216 πεπιστευκότας
1653 2186 1743 2212 καλεῖ·
1761 2186 1809 2212 ὑπὸ

1021 2235 1101 2270 νόμον
1117 2235 1156 2265 δὲ,
1172 2235 1234 2265 τοὺς
1251 2234 1282 2260 τὸ
1296 2233 1463 2267 Εὖαγγέλιιν
1490 2233 1539 2267 μὲν
1564 2232 1744 2267 δεξαμένους,
1765 2234 1803 2260 ἔτι

177 2280 308 2312 arbitror,
325 2288 373 2307 eos
389 2281 508 2315 appellat
525 2281 700 2315 quinonduut
716 2282 904 2315 crediderant;
916 2282 965 2309 sub

1065 2282 1097 2316 τῇ
1127 2281 1174 2307 τοῦ
1198 2280 1280 2315 νόμον
1303 2279 1409 2314 φυλακῇ
1438 2279 1680 2314 προςδεδεμένους.
1702 2281 1758 2307 Καὶ
1769 2279 1808 2306 διὰ

175 2326 234 2360 lege
250 2332 339 2354 autent
351 2327 544 2361 illosdicitqui
562 2327 738 2362 Evangeliunt
751 2329 861 2364 quidem
874 2337 969 2357 susce—

177 2376 291 2407 perant,
316 2373 406 2400 adhuc
427 2377 519 2400 tatnett
546 2374 615 2408 legis
643 2374 834 2402 observatione
865 2375 970 2410 alligati

177 2424 265 2447 erant.
282 2419 394 2447 Nantet
409 2425 521 2455 propter
540 2420 591 2448 ltos
605 2425 631 2448 et
647 2422 836 2457 propterillos,
854 2422 968 2456 legalem

177 2466 395 2499 puriﬁcationem
411 2465 607 2501 Hierosolymis
625 2467 767 2499 sustinuit,
779 2472 806 2494 et
822 2468 849 2494 itt
861 2467 969 2502 Lycao-

178 2512 222 2539 nia
239 2511 413 2539 Tintotheum
436 2513 619 2546 circumcidit,
638 2513 685 2541 sed
701 2518 727 2541 et
741 2513 794 2540 alia
811 2514 966 2547 innumera,

177 2558 384 2592 dispensatione
396 2559 512 2593 quadam
532 2565 663 2594 operatus
677 2563 729 2587 est.
749 2575 784 2579 —
800 2559 860 2586 Alio
878 2559 967 2586 modo.

179 2614 188 2630 ι
208 2604 244 2631 lis
262 2605 307 2638 qui
328 2606 379 2632 sub
399 2605 458 2640 lege
473 2610 563 2633 erattt.
586 2615 596 2632 ›
615 2606 672 2633 Sub
688 2606 746 2640 lege
768 2604 833 2632 dicit
855 2612 902 2632 eos
919 2605 966 2640 qui

174 2660 209 2679 ex
224 2651 326 2678 ludatis
348 2652 538 2683 crediderant.
555 2651 645 2679 adhuc
661 2657 753 2678 tamen
774 2651 826 2686 legi
845 2651 968 2678 adhmre—

176 2696 251 2723 bant.
278 2695 391 2728 Quando
413 2702 504 2723 autem
526 2696 615 2723 factus
639 2701 681 2722 est
705 2696 785 2730 quasi
807 2696 858 2723 sub
882 2696 968 2731 lege?

175 2743 287 2776 quando
301 2743 369 2770 dixit
380 2743 403 2770 ei
421 2742 539 2770 Jacobns
554 2749 560 2768 :
576 2751 585 2768 ‹
605 2742 700 2773 Vides,
717 2742 810 2774 frater,
827 2746 894 2777 quot
907 2743 968 2770 util-

177 2788 212 2814 lia
233 2791 287 2815 sint
309 2789 355 2822 qui
379 2788 574 2821 crediderunt,
600 2792 626 2815 ct
645 2795 741 2815 omnes
765 2793 828 2814 sunt
850 2789 966 2817 studiosi

213 2879 225 2895 ⁸
237 2879 298 2907 Act.
316 2887 371 2911 xvt,
385 2881 411 2907 3.

452 2882 460 2895 ‘
478 2881 537 2909 Act.
560 2890 616 2915 nt,
631 2882 676 2909 ‘26.
715 2883 724 2897 ⁷
739 2883 799 2910 Act.
820 2883 945 2916 xv1t,%5.

984 2882 993 2898 ⁸
1009 2881 1104 2910 Matth.
1123 2888 1149 2909 v.
1170 2880 1203 2907 21
1219 2887 1278 2914 seq.

1019 2327 1132 2357 τούτους
1154 2326 1248 2360 γάρτοι
1273 2327 1318 2351 καὶ
1350 2325 1382 2351 δι’
1401 2325 1534 2356 ἐκείνους,
1558 2325 1604 2351 καὶ
1628 2327 1678 2359 τῆς
1696 2327 1808 2360 νομικῆς

1022 2373 1182 2407 καθάρσεως
1206 2372 1234 2397 ἐν
1254 2370 1455 2406 Ἰεροσολύμοις
1482 2371 1621 2406 ἠνέσχετο,
1649 2372 1697 2398 καὶ
1724 2373 1754 2398 ὲν
1778 2372 1806 2406 τῇ

1020 2419 1159 2453 Λυκαονία
1185 2418 1230 2444 τὸν
1255 2418 1386 2453 Τιμόθεον
1407 2419 1568 2453 περιέτεμε,
1582 2419 1629 2444 και⁵
1642 2418 1710 2444 ἄλλα
1728 2420 1807 2454 μυρία

1018 2466 1198 2502 παραπλήσια
1210 2465 1436 2500 ῲκονόμησεν.-
1449 2466 1578 2497 Ἄλλως.
1597 2475 1606 2491 ‹
1624 2465 1687 2496 Τοῖς
1705 2466 1757 2492 ὑπὸ
1770 2464 1808 2491 νό-

1023 2520 1081 2547 μον.
1095 2521 1104 2538 ι
1131 2511 1198 2538 Ὑπὸ
1216 2511 1298 2546 νόμον
1311 2510 1396 2544 λέγει,
1413 2510 1477 2541 τοὺς
1498 2510 1527 2542 ἐξ
1539 2510 1675 2536 Ἰουδαίων
1700 2510 1806 2536 πιστεύ-

1022 2565 1132 2588 σαντας,
1149 2556 1188 2583 ἔτι
1203 2556 1231 2582 δὲ
1249 2556 1296 2582 τοῦ
1323 2555 1406 2590 νόμου
1424 2555 1581 2590 ἐχομένους.
1601 2555 1669 2581 Πότε
1687 2555 1714 2581 δὲ
1731 2555 1806 2588 γέγο-

1017 2612 1063 2631 νεν
1091 2603 1127 2635 ὡς
1139 2603 1190 2629 ὑπὸ
1209 2603 1308 2637 νόμον;
1335 2602 1378 2628 ὅτε
1394 2600 1470 2627 εἷπον
1491 2601 1565 2636 αὐτῷ
1581 2602 1606 2627 οἱ
1623 2602 1695 2635 ἀμφὶ
1717 2602 1806 2627 Ἰάκω-

1020 2650 1078 2676 6ον’
1094 2660 1103 2676 ι
1116 2650 1206 2686 Ὁρᾷς,
1218 2649 1325 2683 ἀδελφὲ,
1339 2649 1421 2674 πόσαι
1437 2647 1566 2682 μυριάδε;
1578 2647 1648 2673 εἰσὶν
1661 2647 1686 2673 οἱ
1698 2646 1804 2673 πιστεύ-

1020 2705 1126 2727 σαντες,
1146 2695 1194 2722 καὶ
1218 2695 1317 2725 πάντες
1341 2694 1394 2720 εἰσὶ
1408 2693 1528 2728 ζηλωταὶ
1536 2693 1582 2719 τοῦ
1599 2693 1700 2727 νόμου;
1717 2703 1727 2719 ι
1744 2693 1804 2719 Τότε

1021 2742 1075 2778 γέιρ
1087 2742 1203 2777 ἡγνίσθη
1219 2741 1252 2768 δι’
1272 2741 1380 2772 αὐτούς.
1400 2741 1471 2774 Ὅρα
1484 2740 1513 2766 δὲ
1543 2738 1684 2773 πανταχοῦ
1701 2739 1743 2770 τὸ,
1758 2738 1802 2770 ὡς.

1022 2788 1240 2824 προσκείμενον,
1277 2787 1320 2813 ἵνα
1344 2787 1418 2823 δείξῃ
1446 2787 1487 2812 ὅτι
1516 2785 1698 2819 υίκονομικῶς
1725 2785 1804 2812 ταότα

1315 2877 1414 2906 'Joan.
1436 2885 1500 2909 xvn,
1516 2877 1558 2910 l0,
