1880 3057
163 164 218 196 799

163 221 215 250 Per
240 224 293 250 hoc
310 225 383 259 quod
398 229 516 261 tegatur.
543 227 605 255 Ideo
627 228 715 263 ipsum
742 239 851 266 quoque
864 237 943 268 tegu-

162 272 286 295 mentum
305 270 405 298 merito
427 277 548 305 potestas
572 274 664 301 vocari
687 280 786 309 potest.
803 278 875 312 quod
893 286 944 313 po-

163 313 270 341 testatis
282 321 314 341 ac
328 315 444 343 dominii
458 318 508 344 viri
523 318 767 348 demonstrativum
783 322 818 349 sit
834 327 860 350 et
875 332 944 358 prat-

163 359 342 388 sentativum.
368 361 444 393 Quod
472 368 562 390 autem
586 365 682 392 addit:
705 375 715 392 ‹
732 367 845 402 Propter
860 377 945 404 ange-

163 406 244 437 [05,.)
274 406 299 432 id
324 406 389 432 mihi
417 407 539 437 indicare
567 411 683 439 videtur.
708 412 845 445 Quoniam
871 417 943 443 enim

163 457 271 476 causam
286 457 336 476 cur
349 452 448 478 mulier
465 454 589 487 subjecta
600 463 662 482 esse
677 457 786 489 debeat,
798 460 942 494 assignat:

162 496 226 529 quia
243 503 297 522 non
318 501 360 524 est
376 498 417 524 vir
441 505 551 527 creatus
566 506 677 536 propter
690 504 832 531 mulierem
848 513 855 532 :
883 513 946 532 rur-

163 550 279 577 sumque
294 542 361 570 dicit
374 544 410 570 ob
426 544 451 570 id
467 552 595 579 oportere
610 555 668 574 eam
686 553 872 583 legumentum
897 551 945 578 ha-

164 587 238 620 bere,
258 589 330 623 quod
347 590 397 616 viri
415 595 575 624 potestatem
591 601 673 628 super
686 594 772 630 ipsam
787 601 943 631 attestetur,

160 633 349 669 subjungens:
382 645 391 661 ι
405 635 521 671 Propter
539 640 660 673 angelos,
681 650 691 666 ι
716 642 853 676 signiﬁcat
870 644 943 677 quod

159 678 224 706 licet
240 680 265 706 id
281 680 373 708 facere
390 682 468 714 nolit,
482 691 515 710 eo
535 685 606 717 quod
621 685 746 714 homines
764 693 901 719 vereatur,
917 694 944 716 at

159 725 201 751 vel
219 731 330 760 propter
354 728 465 760 angelos
497 730 626 763 pudetiat,
648 731 729 767 526
745 734 790 767 qui
810 738 893 762 testes
912 743 945 762 ac

158 775 352 805 couspeetores
377 773 440 800 facti
460 780 525 801 sunt
552 776 735 810 subjectionis
760 779 857 813 ipsius.
876 780 942 807 Nam

158 818 210 844 etsi
238 818 373 851 homines,
390 825 480 848 tamen
497 821 548 856 ipsi
574 829 779 858 conspexerunt
798 826 870 860 quod
887 834 942 854 non

159 863 201 889 vir
216 870 230 889 a
246 864 370 897 muliere,
385 866 433 893 sed
449 867 546 894 mulier
560 877 574 895 a
591 870 651 896 viro
665 873 851 905 generationis
865 873 942 908 prin-

158 908 259 942 cipium
294 912 438 945 acceperit.
472 921 486 938 «-
500 912 615 948 Propter
637 916 759 949 angelos.
780 927 789 942 ι
815 918 942 946 Clemens

158 954 239 980 tertio
258 953 486 990 ’Υποτυπὼσεων,
506 958 532 985 id
550 964 601 992 est,
617 959 842 994 lnfarmationum
857 964 940 998 libro,

155 999 269 1032 angelos
300 1000 365 1027 dicit
387 1001 478 1035 justos
506 1011 539 1030 ac
564 1005 665 1039 probos
682 1007 765 1034 viros.
793 1007 942 1043 Operiatur

155 1053 222 1079 ergo
246 1054 279 1073 ne
295 1047 328 1074 ad
345 1052 471 1083 stuprum
498 1051 533 1078 sit
554 1051 595 1079 eis
615 1053 799 1082 oilendirulo:
826 1063 889 1083 nam
914 1062 941 1085 et

156 1090 203 1123 qui
221 1099 283 1118 vere
300 1091 325 1118 in
343 1093 420 1121 cmlis
435 1100 499 1122 sunt
518 1097 619 1131 angeli,
647 1097 734 1132 ipsam
763 1099 825 1126 licet
839 1103 940 1128 tectam

156 1135 311 1164 intuentur.
324 1137 353 1164 Si
371 1139 433 1172 viri,
453 1140 551 1175 inquit,
568 1147 732 1176 potestatem
747 1145 878 1181 despicis,
896 1148 938 1175 vel

156 1181 266 1216 angelos
284 1190 387 1216 verere,
400 1191 435 1211 ne
450 1185 491 1213 eis
505 1187 587 1213 veluti
601 1195 661 1215 rasa
675 1197 820 1224 appareas,
832 1195 859 1218 et
875 1196 938 1219 tan-

155 1234 236 1260 quam
250 1228 371 1256 renitens
388 1232 526 1264 potestati,
543 1241 604 1267 quaa
620 1241 634 1260 a
655 1234 710 1261 Deo
726 1236 774 1262 tibi
802 1238 939 1271 superim-

154 1273 243 1306 posita
255 1278 306 1300 est.
325 1284 334 1300 ‹
354 1275 460 1311 Alioqui
479 1285 566 1312 neque
582 1279 625 1306 vir
654 1281 758 1315 absque
779 1283 904 1310 muliere.
925 1293 933 1309 ι

154 1316 289 1350 Quoniam
310 1321 424 1348 multum
446 1323 582 1358 depressit
596 1326 738 1354 mulierem
756 1327 849 1355 dicens
864 1329 937 1363 quod

153 1363 187 1390 de
207 1364 266 1391 viro
282 1370 335 1398 est,
355 1370 382 1393 et
404 1374 515 1402 propter
528 1369 618 1404 ipsum
640 1371 722 1405 facta,
747 1377 774 1400 et
797 1375 849 1401 sub
864 1376 937 1404 illius

153 1416 313 1446 potestatem
338 1414 467 1443 redacta:
495 1425 569 1444 nunc
594 1419 753 1447 moderatur
780 1421 864 1450 illud:
898 1423 937 1453 Ne

153 1457 231 1490 mihi,
245 1457 344 1493 inquit,
362 1467 393 1486 ea
406 1468 467 1494 quae
477 1461 504 1488 in
520 1462 607 1496 prima
622 1464 763 1492 creatione
772 1465 842 1493 facta
859 1472 935 1501 sunt,

152 1502 267 1536 referas,
283 1506 329 1532 sed
345 1506 378 1532 ad
395 1514 426 1533 ea
445 1515 505 1541 qua:
522 1516 595 1535 nunc
611 1509 679 1536 ﬁunt
699 1512 809 1539 accede.
830 1512 897 1540 Nam
912 1515 934 1542 si

152 1550 298 1583 praesentia
315 1551 454 1585 requiras.
470 1552 588 1587 quisque
602 1554 688 1582 altero
704 1561 773 1590 eget,
789 1563 817 1584 ut
831 1558 857 1585 iu
873 1566 935 1586 esse
948 1569 970 1597 ο

151 1599 321 1628 permaneat.
337 1595 440 1623 Deinde
454 1596 613 1632 subiungit:
635 1609 643 1624 ι
662 1601 692 1626 ιιι
708 1601 834 1629 Domino.
853 1612 862 1629 I
875 1603 933 1632 Hoc

150 1642 203 1671 est,
224 1644 335 1674 propter
362 1640 519 1674 Dominum,
540 1644 603 1677 quia
629 1644 687 1679 ipse
705 1653 753 1673 eos
773 1648 888 1680 ereavit,
905 1654 935 1676 ut

150 1684 201 1710 sibi
218 1689 312 1711 mutuo
326 1693 416 1713 causa:
429 1692 532 1715 essent.
551 1689 673 1716 Primum
698 1699 816 1727 namque
829 1694 933 1728 princi-

150 1729 223 1762 pium
240 1730 291 1757 fuit
313 1730 371 1765 ipse
394 1731 535 1760 Dominus.
555 1744 563 1759 ι
582 1733 616 1761 Et
633 1736 674 1762 vir
689 1744 736 1770 per
749 1739 903 1766 mulierem.
922 1749 930 1766 ι

150 1774 300 1802 Considera
318 1776 393 1803 Pauli
410 1778 585 1812 sapientiam.
602 1779 660 1808 Non
689 1782 760 1810 dixit
778 1791 785 1809 ε
814 1785 852 1811 Ex
872 1793 933 1811 mu-

149 1820 227 1853 liere,
251 1822 298 1848 sed
320 1831 326 1848 :
347 1831 356 1848 ε
375 1823 426 1850 Per
439 1825 579 1852 mulierem
599 1836 607 1852 ι
637 1835 733 1863 nempe
748 1830 821 1863 quod
849 1831 932 1857 etiam

148 1866 208 1900 ejus
221 1867 270 1898 rei,
288 1873 316 1895 ut
330 1869 370 1896 vir
379 1870 471 1905 sitper
491 1873 644 1905 mulierem,
663 1881 746 1901 (causa
759 1875 795 1902 sit
809 1875 866 1910 ipse
880 1877 932 1909 vir,

148 1915 278 1946 tanquam
291 1913 615 1957 originalgpriucipium.
632 1917 753 1945 Primum
776 1919 848 1947 enim
871 1929 932 1948 mu-

147 1958 197 1986 lier
213 1967 245 1986 ex
265 1961 322 1987 viro
342 1961 412 1988 facta
428 1966 480 1995 est,
504 1971 558 1990 non
574 1964 616 1991 vir
633 1973 665 1991 ex
682 1966 815 1993 muliere:
845 1975 933 2002 quan-

147 2009 204 2032 tulit
222 2014 288 2033 vero
305 2007 339 2033 ad
361 2015 392 2034 ea
408 2015 468 2042 quae
484 2017 556 2036 nunc
572 2015 646 2043 sunt,
668 2018 826 2046 quanquam
842 2013 884 2039 vir
898 2021 931 2040 ex

149 2049 263 2076 muliere
276 2050 321 2081 sit,
337 2058 446 2078 rursum
466 2056 556 2080 tamen
570 2062 619 2088 per
635 2055 776 2082 mulierem
796 2057 837 2084 vir
855 2057 931 2092 prin-

146 2094 248 2129 cipium
270 2100 323 2123 est.
353 2096 458 2124 idcirco
479 2106 532 2125 non
556 2099 641 2128 dixit:
664 2100 702 2126 Ex
720 2102 846 2134 muliere,
872 2103 930 2137 sed,

148 2147 158 2164 ι
172 2139 222 2166 Per
234 2140 386 2173 mulierem,
402 2151 411 2168 ι
423 2147 556 2172 utrursus
566 2144 745 2173 faciatvirum
755 2147 929 2183 principium.

145 2185 292 2220 Postquam
307 2195 372 2222 ergo
387 2189 455 2216 dixit
472 2190 546 2224 ipsos
559 2198 620 2218 esse
635 2192 676 2218 sui
693 2191 845 2226 eli‘ectores,
862 2202 929 2222 con-

697 172 901 205 (ECUMENII
915 174 1061 209 TRICCrﬁ
1082 181 1253 214 EPISCOPI

1732 193 1790 226 800'

960 239 982 266 Α
998 237 1044 263 τοῦ
1057 241 1324 272 κατακαλύπτεσθαι.
1337 247 1383 273 Διὸ
1399 247 1444 274 καὶ
1453 248 1517 275 αὑτό
1527 248 1558 276 τὸ
1571 250 1783 286 κατακὰλυμμα,

997 285 1109 318 εἰκότως
1124 287 1158 315 ἂν
1172 289 1280 322 ἐξουσία
1307 293 1432 330 κληθείη.
1445 295 1483 327 ὡς
1497 297 1547 331 τῆς
1561 296 1608 323 τοῦ
1632 285 1730 333 ἀνδρὸς
1745 299 1785 331 ἐξ-

996 334 1091 366 θυσίας
1118 337 1165 363 καὶ
1195 338 1355 374 κυριότητος
1389 341 1555 369 ἐνδεικτικὸν
1581 343 1704 379 ὑπάρχον
1736 346 1784 372 καὶ

997 386 1210 417 παραστατικόν.
1227 386 1264 412 Τὸ
1281 386 1320 413 δέ·
1338 397 1347 412 ι
1369 388 1418 414 Διὰ
1434 390 1497 421 τοὺς
1510 390 1652 423 ἀγγέλους,
1673 400 1682 416 ι
1704 391 1783 417 τοῦτό

998 440 1043 466 μοι
1055 431 1128 459 δοκεῖ
1141 433 1301 469 ὑποδηλοῦν.
1311 435 1420 470 Ἐπειδὴ
1431 437 1485 470 γὰρ
1501 437 1590 463 αἰτίαν
1603 438 1649 463 τοῦ
1664 437 1782 472 ὀφεᾶειν

997 479 1179 515 ὑποτετάχθαι
1210 479 1249 515 τῷ
1264 481 1341 517 ἀνδρὶ
1363 481 1411 516 τὴν
1438 484 1555 515 γυναῖκα
1571 483 1664 517 φησιν,
1677 483 1718 509 ὃτι
1732 484 1783 509 οὒκ

996 527 1106 562 ἐκτίσθη
1125 528 1245 563 ἁνὴρδιὶ
1255 529 1304 563 τὴν
1317 530 1445 562 γυναῖκα,
1460 528 1595 555 ἀνάπαλιν
1610 529 1648 560 δὲ,
1667 529 1716 556 καὶ
1738 529 1781 555 διὰ

996 572 1074 599 τοῦτο
1085 573 1124 599 δεῖ
1132 572 1204 607 ἔχειν
1215 574 1299 608 αὐτὴν
1316 574 1348 600 τδ
1359 574 1563 609 κατακάλυμμα
1577 575 1627 610 τὴν
1641 574 1686 600 ὑπ’
1695 574 1781 608 αὐτῆς

969 641 973 643 .
996 619 1121 651 ἐξουσίαν
1136 619 1182 646 τοῦ
1199 619 1294 654 ἀνδρὸς
1311 619 1508 654 ὁμολογοῦσαν,
1525 620 1682 654 ἐπαγαγών·
1701 629 1711 645 ε
1731 619 1781 645 Διὰ

994 666 1058 697 τοὺς
1071 666 1213 700 ἀγγέλους,
1233 675 1242 692 ι
1259 666 1333 701 δηλοῖ
1348 667 1388 692 ὅτι
1401 668 1424 692 εἰ
1435 666 1482 693 καὶ
1499 667 1535 701 μὴ
1544 667 1605 698 τοὺς
1620 665 1779 700 ἀνθρώπους

995 713 1176 749 αἰσχυνομένη
1207 713 1257 740 οὐκ
1281 713 1369 740 ἐθέλει
1384 714 1464 740 τοῦτο
1491 715 1588 746 ποιεῖν,
1605 713 1662 740 ἀλλ’
1677 711 1724 740 οὖν
1739 714 1780 740 ai-

967 750 1138 794 ~’rxttvfitﬁtm
1156 759 1221 791 τοὺς
1234 759 1377 794 ἀγγέλους.
1397 760 1422 786 οἳ
1435 761 1574 795 μάρτυρες
1600 760 1646 786 καὶ
1664 760 1780 786 ἐπόπται

994 805 1156 840 γεγένηνται
1172 806 1221 840 τῆς
1238 805 1378 839 ὑποταγῆς
1395 805 1491 840 αὐτῆς.
1504 805 1585 832 Αὐτοὶ
1608 806 1672 840 γὰρ,
1690 806 1714 832 εί
1733 807 1780 832 καὶ

996 850 1033 886 μὴ
1047 850 1196 886 ἄνθρωποι,
1218 851 1369 886 ἐφορῶντες
1381 849 1452 887 ἦσαν
1467 851 1547 878 αὐτὸν
1562 851 1647 886 ἄνδρα
1660 853 1711 877 οὐκ
1727 852 1780 877 ὰπὸ

958 903 979 930 Β
993 897 1042 931 τῆς
1057 897 1196 931 γυναικὸς,
1212 897 1268 923 ἀλλ’
1287 898 1371 933 αὐτὴν
1396 899 1429 924 ἐκ
1447 897 1494 924 τοῦ
1510 898 1605 933 ἀνδρὸς
1623 898 1671 932 τὴν
1694 899 1780 933 ἀρχὴν

992 943 1042 977 τῆς
1067 944 1199 977 γενέσεως
1224 943 1370 972 λαϐοῦσαν.
1387 953 1395 969 t
1418 945 1468 971 Διὰ
1479 945 1542 976 τοὺς
1558 944 1701 978 ἀγγέλους.
1715 953 1725 969 ι
1749 945 1778 970 Ὀ

992 989 1108 1024 Κλήμης
1136 990 1165 1016 ἐν
1194 989 1278 1025 τρίτῳ
1311 990 1366 1017 τῶν
1389 991 1621 1023 ὑποτυπώσεων,
1645 991 1779 1026 ἀγγέλους

992 1036 1060 1072 φησὶ
1073 1036 1136 1067 τοὺς
1149 1036 1271 1068 δικαίους
1286 1036 1335 1063 καὶ
1348 1037 1502 1072 ἐναρέτους.
1518 1037 1778 1064 Κατακαλυπτέσοω

991 1082 1048 1113 οὖν,
1067 1082 1110 1108 ἵνα
1126 1082 1163 1118 μὴ
1177 1083 1216 1113 εἰς
1232 1082 1359 1117 πορνείαν
1375 1083 1474 1114 αὐτοὺς
1489 1083 1664 1119 σκανδαλίσῃ.
1678 1085 1709 1110 0E
1723 1084 1777 1119 γὰρ

990 1129 1074 1160 ὅντως
1089 1129 1137 1155 καὶ
1159 1129 1188 1155 ἐν
1201 1129 1325 1163 οὐρανοῖς
1345 1129 1468 1162 ἄγγελοι,
1494 1129 1541 1155 καὶ
1566 1130 1777 1165 κατακεκαλυμ-

992 1174 1076 1209 μένην
1104 1174 1189 1209 αὐτὴν
1212 1174 1363 1209 βλέπουσιν,
1383 1175 1414 1201 Εἰ
1430 1175 1480 1209 τῆς
1496 1175 1543 1202 τοῦ
1556 1175 1661 1210 ἀνδρὺς,
1683 1176 1775 1210 φησιν,

990 1220 1114 1252 ἐξουσίαν
1130 1221 1321 1254 καταφρονεῖς,
1338 1220 1389 1247 κᾶν
1404 1222 1466 1251 τοὺς
1480 1220 1611 1254 ἀγγέλους
1626 1221 1776 1255 αἰῐιέσοητι,

990 1267 1033 1293 ἵνα
1049 1266 1087 1302 μὴ
1104 1267 1196 1297 αὐτοῖς
1212 1267 1242 1292 ἐν
1267 1267 1315 1301 ἴσῳ
1335 1267 1417 1302 φαίνῃ
1433 1268 1463 1302 τῇ
1477 1267 1642 1302 ἐξυρημένῃ,
1659 1268 1706 1293 καὶ
1720 1265 1776 1302 οἷον

989 1312 1155 1348 ἁνταίρουσα
1180 1312 1250 1339 κατὰ
1264 1312 1314 1346 τῆς
1329 1313 1382 1339 ὑπὸ
1395 1312 1462 1339 Θεοῦ
1478 1321 1518 1338 σοι
1534 1313 1676 1347 ἐπιθείσης
1697 1313 1773 1346 E509-

989 1359 1058 1389 σίας.
1081 1368 1090 1384 ‹
1111 1358 1183 1394 Πλὴν
1200 1358 1261 1385 οὔτε
1277 1358 1347 1394 ἀνὴρ
1368 1359 1452 1394 χωρὶς
1473 1359 1610 1393 γυναικός.
1634 1369 1642 1384 ι
1664 1359 1774 1394 Ἐπειδὴ

988 1406 1056 1432 πολὺ
1072 1407 1213 1439 κατήγαγε
1227 1405 1277 1440 τὴν
1285 1405 1504 1439 γυναῖκα,εἰπὼν
1519 1406 1560 1432 ὅτι
1574 1406 1606 1432 ἐκ
1615 1405 1661 1432 τοῦ
1677 1406 1775 1440 ἀνδρός

987 1453 1045 1478 ἐστι
1060 1452 1107 1478 καὶ
1126 1451 1160 1477 δι’
1174 1452 1256 1478 αὑτὸν
1272 1452 1379 1485 γέγονε,
1398 1452 1445 1477 καὶ
1460 1451 1512 1477 ὑπὸ
1529 1451 1579 1486 τὴν
1594 1451 1676 1478 αὑτοῦ
1697 1451 1776 1484 ἐξευ-

987 1499 1048 1525 σίαν
1061 1498 1142 1529 τελεῖ,
1160 1497 1207 1524 νῦν
1221 1497 1376 1533 διορθοῦται
1392 1498 1477 1524 αὐτό..
1494 1497 1540 1533 Μὴ
1553 1497 1606 1533 γάρ
1624 1506 1680 1532 μοι,
1695 1498 1775 1532 φησὶ,

986 1545 1035 1579 τὴν
1050 1545 1162 1579 πρώτην
1175 1544 1238 1578 λέγε
1253 1544 1445 1580 δημιουργίαν,
1466 1544 1524 1571 ἀλλ’
1541 1544 1600 1570 ἐλθὲ
1617 1545 1655 1575 είς
1668 1544 1703 1570 τὰ
1714 1544 1774 1572 νῦν.

987 1591 1036 1617 Ἂν
1050 1591 1102 1624 γὰρ
1115 1590 1148 1616 τὰ
1159 1590 1206 1617 νῦν
1215 1590 1309 1625 ζητῇς,
1324 1587 1364 1622 εἷς
1380 1590 1509 1625 ἐκατέρου
1520 1590 1586 1625 πρὸς
1596 1589 1646 1625 τὴν
1657 1589 1775 1625 ὕπαρξιν

985 1637 1100 1664 δέονται.
1118 1635 1183 1663 Εἶτα
1200 1637 1309 1670 ἐπάγει·
1331 1645 1340 1662 ‹
1367 1636 1410 1662 Ἐν
1427 1635 1533 1671 Κυρίῳ,
1555 1645 1564 1661 ι
1582 1636 1706 1662 τουτέστι
1731 1636 1775 1662 διὰ

986 1683 1030 1709 τὸν
1049 1682 1160 1718 Κύριον,
1171 1682 1265 1715 ἐπειδὴ
1277 1682 1358 1713 αὐτὸς
1365 1681 1581 1717 ἐδημιούργησεν
1589 1680 1659 1707 εἶναι
1674 1682 1775 1712 αὐτοὺς

984 1729 1107 1764 ἀλλήλων
1120 1729 1233 1760 αἰτίους.
1242 1728 1278 1754 Τὸ
1291 1727 1346 1762 γὰρ
1359 1727 1465 1763 πρῶτον
1484 1728 1580 1759 αἴτιον,
1595 1727 1676 1758 αὐτὸς
1686 1728 1700 1753 ὁ
1716 1728 1775 1754 Κύ-

987 1784 1052 1809 ριος.
1076 1785 1085 1801 ι
1104 1775 1182 1802 Καὶὸ
1200 1774 1269 1810 ἀνὴρ
1283 1774 1328 1801 διὰ
1340 1774 1388 1808 τῆς
1402 1774 1541 1808 γυναικός.
1563 1783 1572 1799 ι
1589 1774 1659 1809 Ὅρα
1676 1775 1774 1808 σοφίαν

985 1821 1103 1848 Παύλου”
1131 1821 1182 1848 οὐκ
1213 1817 1309 1846 εἶπεν·
1347 1821 1394 1846 Ἐκ
1420 1821 1470 1856 τῆς
1506 1821 1655 1854 γυναικὸς.
1682 1820 1772 1852 ἀλλὰ,

987 1876 995 1892 t
1012 1867 1061 1893 Διὰ
1077 1867 1127 1901 τῆς
1143 1867 1284 1900 γυναικὸς,
1302 1877 1310 1892 ι
1327 1866 1448 1902 δηλονότι
1474 1866 1520 1892 καὶ
1535 1865 1618 1893 αὐτοῦ
1635 1866 1683 1892 τοῦ
1702 1865 1773 1892 εἶναι

982 1911 1026 1938 διὰ
1040 1911 1168 1945 γυναικὸς
1180 1911 1226 1938 τδν
1242 1911 1328 1946 ἄνδρα
1340 1911 1427 1942 αἴτιος
1440 1911 1454 1937 ὸ
1470 1911 1550 1946 ἀνὴρ,
1561 1911 1598 1943 ὡς
1614 1920 1774 1946 προκαταρ-

983 1957 1075 1984 κτικὸν
1101 1957 1256 1987 αἵτιον.;Τὺ
1281 1957 1335 1992 γὰρ
1361 1957 1470 1991 πρῶτον
1492 1958 1507 1992 ἡ
1525 1957 1593 1992 γυνὴ
1615 1957 1645 1989 ἐξ
1661 1957 1771 1992 ἀνδρὸς,

981 2003 1041 2038 οὐχὶ
1056 2004 1070 2029 ὁ
1089 2003 1157 2038 ἀνὴρ
1174 2004 1206 2029 ὲκ
1217 2004 1355 2037 γυναικός.
1373 2003 1412 2030 Τὰ
1430 2003 1478 2030 νῦν
1492 2003 1531 2034 δὲ,
1559 2004 1583 2029 εἰ
1597 2004 1643 2029 καὶ
1671 2005 1685 2030 ὁ
1701 2004 1772 2038 ἀνὴρ

982 2051 1014 2076 ἐκ
1028 2049 1169 2084 γυναικὸς,
1187 2050 1256 2076 ἀλλὰ
1270 2050 1350 2076 πάλιν
1361 2050 1405 2076 διὰ
1414 2050 1541 2084 γυναικὸς
1554 2052 1567 2077 ὁ
1582 2050 1651 2085 ἀνὴρ
1667 2052 1772 2084 κατάρ-

981 2104 1034 2130 χει.
1050 2096 1100 2122 Διὰ
1115 2096 1193 2122 τοῦτο
1207 2097 1256 2122 οὐκ
1272 2094 1360 2128 εἶπεν,
1378 2095 1425 2122 Ἐκ
1443 2096 1584 2130 γυναικὸς,
1595 2096 1674 2127 ἀλλὰ,
1695 2106 1704 2121 ι
1722 2097 1771 2123 Διά

981 2142 1120 2176 punet"
1139 2151 1149 2168 ι
1163 2142 1206 2168 ἵνα
1220 2143 1322 2177 ποιήσῃ
1335 2142 1414 2168 πάλιν
1430 2143 1517 2178 ἀρχὴν
1529 2143 1574 2169 τὸν
1587 2143 1682 2178 ἄνδρα.
1693 2143 1771 2169 Ἐπεὶ

980 2188 1026 2217 οὖν
1054 2198 1132 2216 ειπεν
1158 2189 1258 2222 αὐτοὺς
1279 2189 1384 2216 ἑαυτῶν
1407 2190 1577 2223 ποιητικοὺς,
1601 2189 1647 2216 καὶ
1669 2190 1771 2225 μικρὺν

145 2232 250 2259 solatus
279 2234 420 2268 paululum
442 2236 585 2264 mulierem
612 2237 774 2273 subjuugit:
804 2239 926 2268 «Omnia

1004 2235 1250 2272 αραμυθησάμενος
1263 2236 1313 2270 τὴν
1337 2237 1454 2269 γυναῖκα
1468 2236 1577 2270 ὲπάγει’
1592 2245 1602 2261 ‹
1623 2235 1663 2263 Τὰ
1679 2237 1770 2263 πάντα

144 2285 208 2304 vero
223 2287 256 2306 ex
273 2280 337 2307 Deo.
356 2289 366 2306 ι
383 2279 449 2307 Nam
471 2281 542 2310 Deus
561 2283 740 2319 archetypum
754 2286 928 2322 primumque

143 2325 309 2360 principium
321 2331 372 2353 est.

178 2370 212 2402 Χ,
230 2370 326 2397 14-16.
346 2372 421 2398 Anne
434 2377 542 2413 'natura
573 2374 678 2409 quidem
703 2376 751 2403 hoc
771 2378 847 2405 docet
871 2387 927 2412 vos,

141 2417 210 2451 quod
227 2417 251 2443 si
266 2418 305 2443 vir
316 2423 436 2445 comatus
447 2420 491 2452 sit,
503 2420 599 2454 probro
613 2422 663 2455 ipsi
676 2428 714 2449 est
725 2422 738 2447 Σ)
754 2423 784 2450 Si
799 2432 857 2451 vero
870 2432 928 2450 ntu-

140 2463 190 2490 lier
206 2469 334 2498 cantetur,
359 2465 447 2500 gloria
462 2466 513 2493 sibi
531 2469 591 2495 est?
605 2476 634 2494 eo
651 2470 721 2503 quod
741 2478 817 2497 coma
836 2471 861 2496 ei
878 2479 926 2504 pro

140 2509 268 2536 velamine
282 2510 346 2537 data
359 2511 403 2537 sit.
422 2512 562 2545 Ceterum,
589 2514 682 2550 siquis
694 2516 798 2542 videtur
818 2521 926 2543 canten—

142 2555 225 2582 tiosus
238 2564 302 2588 esse,
320 2565 366 2584 nos
382 2557 534 2592 Itujusmodi
550 2561 764 2588 consuetudinem
779 2569 828 2588 non
846 2561 925 2589 Imbe-

140 2609 207 2632 mus,
224 2610 305 2635 neque
321 2602 444 2630 Ecclesia:
459 2604 515 2632 Dei.

178 2647 260 2682 527
282 2649 374 2684 itaque
390 2650 441 2685 ipsi
462 2659 571 2686 quoque
589 2656 704 2684 natura,
722 2652 823 2686 inquit,
843 2660 925 2688 repu-

140 2703 204 2728 gnat.
224 2695 270 2729 qui
290 2704 344 2722 non
373 2697 556 2732 obtemperat.
594 2707 603 2723 ι
620 2697 660 2725 Eo
683 2698 757 2733 quod
783 2706 861 2726 coma
874 2706 924 2734 pro

141 2740 283 2766 wlamine.
304 2751 312 2762 ι
326 2741 460 2774 Quoniam
473 2751 537 2778 ergo
547 2751 579 2769 ex
592 2747 689 2770 natura
704 2743 785 2771 habet
801 2745 922 2772 velamen

141 2786 315 2818 capillorum.
330 2788 409 2814 uebct
423 2794 449 2814 et
465 2790 522 2822 ipsa
540 2788 636 2821 velari,
654 2796 687 2816 ne
704 2790 840 2816 naturalia
858 2798 922 2825 per-

144 2835 226 2854 vertat
238 2829 311 2862 jura.
334 2841 341 2855 ι
363 2831 427 2857 Data
444 2831 490 2858 sit.
508 2841 517 2857 ι
541 2831 598 2858 Hoc
615 2837 667 2864 est,
683 2841 696 2860 a
712 2838 809 2861 natura
822 2835 922 2862 habea-

142 2880 195 2899 tur.
213 2875 279 2902 Vide
294 2884 300 2902 :
318 2885 378 2903 cum
394 2879 479 2903 \iruni
497 2878 611 2906 dixisset
629 2885 707 2915 caput
722 2881 822 2909 habere
839 2881 924 2909 intec-

980 2284 1011 2310 ἐκ
1028 2283 1074 2310 τοῦ
1091 2282 1170 2309 Θεοῦ.
1187 2292 1197 2309 ι
1216 2282 1253 2308 Τὸ
1267 2282 1321 2317 γὰρ
1341 2283 1495 2318 ἀρχέτυπον
1512 2283 1598 2309 αἴτιον
1609 2284 1623 2309 ὁ
1637 2283 1715 2314 Θεὸς.

1021 2373 1129 2401 Ὴούδὲ
1138 2373 1215 2407 αὐτὴ
1231 2374 1250 2407 ἡ
1261 2374 1353 2408 φύσις
1364 2374 1501 2401 διδάσκει
1525 2375 1613 2409 ὑμᾶς,
1629 2375 1673 2402 ὅτι
1689 2375 1770 2410 ἀνὴρ

975 2419 1034 2454 μὲν
1049 2420 1102 2446 ἐὰν
1126 2419 1212 2453 κομᾷ,
1238 2420 1338 2454 ἀτιμία
1363 2420 1444 2454 αὐτῷ
1457 2421 1523 2448 ἐστι
1533 2430 1543 2453 ;
1557 2422 1642 2455 Γυνὴ
1661 2421 1695 2448 δὲ
1713 2423 1770 2449 ἐὰν

978 2465 1064 2500 κομᾷ,
1078 2465 1152 2497 δόξα
1165 2466 1261 2500 αὐτῆς
1271 2467 1356 2494 ἐστιν
1365 2475 1375 2499 ;
1391 2467 1434 2494 ὅτι
1450 2467 1468 2500 ὴ
1495 2468 1571 2502 κόμη
1591 2468 1659 2495 ἀντὶ
1688 2476 1770 2502 περιο

977 2512 1100 2539 ϐολαίου
1114 2512 1282 2540 ὃέδοται.Ει
1295 2513 1329 2540 δέ
1343 2522 1388 2546 τις
1402 2514 1664 2548 δοκεῐφιλόνεικος
1677 2514 1766 2548 εἶναι,

976 2558 1062 2592 ἡμεῖς
1075 2559 1215 2592 τοιαύτην
1232 2560 1399 2594 συνήθειαν
1423 2562 1478 2588 οὐκ
1505 2561 1626 2597 ἔχομεν,
1643 2562 1716 2589 οὐδὲ
1736 2564 1768 2589 αἱ

976 2604 1154 2639 Ἐκκλησίαι
1169 2606 1221 2633 τοῦ
1235 2607 1319 2634 Θεοῦ.

1013 2651 1105 2684 Ὥστε,
1126 2653 1203 2687 φησὶ,
1224 2654 1270 2679 καὶ
1298 2654 1366 2688 αὐτῇ
1393 2655 1426 2689 τῇ
1443 2655 1521 2688 φύσει
1549 2656 1673 2690 πολεμεῖ,
1695 2657 1711 2682 ὀ
1726 2657 1765 2691 μὴ

975 2697 1144 2732 πειθόμενος.
1164 2709 1172 2724 ι
1190 2699 1278 2734 Ὄτιὴ
1295 2699 1365 2734 κόμη
1380 2700 1442 2726 ἀντὶ
1454 2701 1640 2737 περιϐολαίου.
1656 2711 1666 2727 ι
1684 2702 1766 2729 Ἐπεὶ

975 2743 1020 2771 οὖν
1041 2744 1097 2780 ἔχει
1119 2746 1150 2771 ἐκ
1162 2745 1210 2776 τῆς
1228 2746 1335 2779 φύσεως
1347 2747 1379 2773 τὸ
1395 2747 1450 2774 τῶν
1465 2748 1565 2783 τριχῶν
1577 2749 1763 2784 περιϐόλαιον,

974 2790 1076 2824 ὀφείλει
1092 2791 1137 2817 καὶ
1153 2791 1221 2825 αὐτὴ
1251 2791 1472 2826 περιϐάλλεσθαι,
1490 2794 1532 2820 ἵνα
1551 2795 1588 2830 μὴ
1601 2795 1664 2826 τοὺς
1681 2805 1762 2829 (Fuit-

976 2837 1038 2867 κους
1051 2836 1192 2872 ἀνατρέπῃ
1212 2837 1340 2872 Οεσμούς.
1359 2848 1368 2864 ι
1389 2839 1509 2867 Δέὸοται.
1524 2850 1532 2866 ι
1546 2841 1693 2867 Τουτέστιν
1707 2841 1762 2868 ἀπὸ

976 2882 1024 2916 τῆς
1040 2881 1156 2915 φύσεως.
1179 2883 1268 2917 Ὂρπ·
1292 2884 1383 2920 invii;
1404 2883 1504 2912 εἵπετο
1530 2887 1605 2913 dun.
1649 2887 1665 2891 "
