1880 3057
59 183 118 215 813

506 177 697 209 COMMENT.
717 177 756 206 ΙΝ
775 176 892 206 EPIST.
914 175 992 206 IAD
1007 175 1188 205 CORINTII.

1629 175 1682 208 814

59 239 103 271 δὲ,
119 237 159 264 δτι
177 235 200 262 οἱ
222 234 273 270 μὲν
289 234 365 262 οὐδὲν
378 234 537 270 βλάσφημον
552 233 613 260 οὐδὲ
628 232 753 260 ἀπαίσιον
763 232 796 266 φο

951 231 1145 267 prophetarum
1169 237 1201 258 ac
1230 230 1531 266 pseudoprophetarum
1551 236 1593 260 est
1609 235 1681 268 quod

55 290 165 316 γονται,
182 279 251 308 ἀλλὰ
267 279 314 306 καὶ
328 279 499 313 Θεολογοῦσιν
513 279 550 310 ὡς
561 280 670 313 ἄριστα,
690 278 736 304 καὶ
756 277 847 304 πάντα

57 327 169 363 σεμνῶς
181 326 318 360 λέγουσιν.
339 326 369 352 Οἱ
384 326 412 352 δὲ
428 325 607 360 βλασφήμους
623 332 652 350 τε
667 323 715 350 καὶ
729 323 846 357 ὰπηχεῖς

57 374 153 407 φωνὰς
169 371 381 406 ἁπερεύγσνται.
400 380 409 396 ι
436 371 492 397 Καὶ
512 370 599 401 οὐδεὶς
619 369 729 395 δύναται
760 369 847 395 εἰπεῖν

56 418 164 452 Κύριον
186 416 300 451 Ἰησοῦν,
324 417 349 442 εἰ
365 417 403 450 μὴ
431 416 460 442 ἐν
491 414 630 449 Πνεύματι
657 414 737 448 ἁγίῳ.
751 424 759 439 ι
780 412 847 440 Eine

58 462 175 496 σημεῖον
191 461 325 495 μάντεως.
341 461 370 486 τὸ
387 459 565 494 ὲξεστηκότας
583 459 681 490 αὐτοὺς
707 459 753 494 βίᾳ
769 459 848 485 ἕλκε-

57 508 123 533 σθαι
141 507 208 542 πρὸς
224 507 258 532 τὰ
279 506 386 538 εἴδωλα,
403 507 451 532 καὶ
478 506 621 541 προλέγειν
637 505 716 539 δῆθεν
730 506 764 532 τὰ
789 506 849 532 ἐσό-

59 562 141 587 μενα.
167 552 249 586 Λέγει
275 553 321 578 καὶ
342 552 482 587 προφήτου
501 552 622 586 σημεῖον.
653 552 731 577 Ποῖον
750 551 848 583 τοῦτο;

61 600 131 625 Ὀτι
144 599 234 630 οὐδεὶς
251 598 320 632 ἔχων
351 597 465 632 Πνεῦμα
478 597 557 629 Θεοῦ,
584 596 778 630 ἀναθεματίζει
805 597 851 622 καὶ

59 643 169 679 ὑϐρίζει
185 644 229 669 τὸν
244 643 356 678 Κύριον.
373 643 427 669 Καὶ
443 642 524 668 πάλιν
543 641 631 673 οὐδεὶς
644 641 724 667 αὑτὸν
739 640 852 667 δύναται

59 690 166 725 Κύριον
181 690 279 723 εἰπεῖν,
295 689 332 724 μὴ
344 689 413 723 ἔχων
431 688 542 722 Πνεῦμα
556 687 643 722 ἄτιον.

902 277 940 304 illi
965 285 1021 305 suae
1044 277 1143 304 mentis
1166 280 1318 312 compotes,
1340 280 1368 304 et
1393 277 1512 305 maxime
1535 278 1682 313 prudentes

898 323 989 350 futura
1010 322 1162 358 praedicunt
1180 331 1186 348 :
1207 323 1450 358 pseudoproplieue
1476 330 1566 350 autem
1592 330 1682 352 mente

898 369 1009 396 alienati
1027 376 1058 395 ac
1076 369 1228 401 dementes,
1254 373 1384 403 tanquam
1405 375 1420 395 a
1441 369 1614 397 moventibus
1629 370 1685 396 dat?-

899 415 1027 442 tnonibus
1043 415 1170 442 violentia
1187 414 1272 440 ducti.
1291 414 1383 440 Altera
1399 421 1464 441 vero
1479 414 1551 448 quod
1570 415 1607 441 illi
1623 415 1685 449 qui-

899 461 959 488 dem
976 461 1044 488 nihil
1062 461 1229 488 exsecrabile
1246 464 1293 487 aut
1313 460 1501 494 blasphemum
1525 461 1684 496 loquuntur,

883 507 967 542 .quin
993 507 1084 542 potius
1107 507 1140 534 de
1168 506 1223 533 Duo
1246 506 1347 541 optime
1371 506 1523 539 disserunt,
1544 513 1570 534 et
1594 508 1685 534 omnia

901 560 963 580 cum
990 553 1124 587 gravitate
1147 552 1263 579 eil‘erunt
1281 560 1288 578 :
1305 552 1332 579 hi
1349 557 1438 579 autent
1466 553 1638 587 blasphemas
1659 559 1687 581 et

900 597 1035 626 absurdas
1053 601 1178 625 eructant
1197 605 1290 624 voces.
1309 606 1318 622 ι
1338 597 1371 624 Et
1389 605 1469 624 nemo
1487 603 1574 632 potest
1594 599 1685 625 dicere

901 641 1046 668 Dominum
1070 641 1162 668 Iesum
1177 661 1184 673 ,
1205 642 1259 669 nisi
1285 649 1333 676 per
1358 642 1492 676 Spiritum
1517 648 1653 670 sanctum.
1675 655 1682 666 -

903 687 1016 722 Signum
1033 687 1102 714 dixit
1119 687 1190 715 ratis
1205 695 1252 714 seu
1266 687 1361 719 divini,
1377 688 1450 722 quod
1467 693 1558 715 mente
1576 688 1686 715 alienati

59 739 94 765 ad
127 739 198 765 idola
216 738 242 764 vi
266 737 409 764 trahantur
435 744 466 763 ac
484 735 575 763 futura
605 735 753 770 pradicant
769 734 884 762 scilicet.
904 733 982 761 Nunc
1005 735 1142 770 prophetis
1166 741 1275 770 quoque
1298 734 1405 769 signum
1432 735 1517 770 ponit.
1543 735 1685 768 Quodnam

61 784 133 810 illud
151 783 216 811 est?
249 782 321 817 quod
343 782 436 808 nullus
457 780 587 816 Spiritum
615 780 661 808 Dei
693 781 796 808 habens
829 785 1000 812 exsecratur,
1026 785 1073 807 aut
1098 780 1199 815 injuria
1226 780 1308 808 atl‘nit
1331 780 1486 809 Dominum.
1512 782 1688 819 Rursumque

58 831 154 858 nullus
176 833 265 864 potest
289 830 376 864 ipsum
401 828 492 855 dicere
508 828 653 854 Dominum
671 827 718 862 qui
735 834 790 853 non
827 826 925 854 habeat
945 825 1076 862 Spirittttu
1098 831 1236 854 sanctum.

93 888 261 922 Διαιρέσεις
288 886 322 913 δὲ
349 885 542 921 χαρισμάτων
575 885 646 918 εἰσὶ,
668 884 703 912 τὸ
720 884 753 911 δὲ
773 886 835 911 aut:

943 883 994 916 ill,
1021 884 1080 911 4-6.
1111 884 1255 911 Diuisione:
1280 889 1369 910 autem
1397 884 1525 912 donarunt
1549 891 1620 917 stant,
1640 888 1685 913 sed

59 934 197 968 Πνεῦμα.
210 932 264 960 Καὶ
278 932 441 966 διαιρέσεις
456 929 615 958 διακονιῶν
627 930 754 962 alonim!
765 931 781 957 ό
793 931 848 957 ab-

57 981 113 1013 τὸς
134 980 254 1013 Κύριος.
280 978 335 1005 Καὶ
360 977 520 1011 διαιρέσεις
538 978 746 1012 ἐνεργημάτων
759 976 848 1008 εισὶν,

59 1028 74 1053 o'
89 1026 127 1052 δὲ
149 1026 243 1058 αὐτός
264 1025 330 1052 ἐστι
351 1025 434 1058 Θεὸς,
455 1026 470 1052 ὁ
493 1023 623 1058 ἐνεργῶν
645 1024 680 1050 τὰ
698 1023 796 1050 πάντα
815 1024 850 1050 ἐν

59 1069 170 1099 πᾶσιν.

71 1118 76 1126 ’
95 1126 202 1153 Λοιπὸν
217 1126 256 1157 εἰς
269 1125 315 1152 τὸν
336 1125 401 1160 περὶ
418 1125 596 1161 χαρισμάτων
608 1122 672 1160 ἦ).οε
687 1125 777 1159 λόγον,
804 1125 851 1152 καί

60 1179 142 1206 φησι·
165 1180 174 1196 ι
187 1170 338 1205 Διαιρέσεις
352 1170 380 1196 δὲ
390 1180 401 1196 ι
421 1171 468 1197 καὶ
477 1167 532 1197 οἷον
549 1170 667 1206 μερίδες,
690 1180 698 1195 ι
712 1171 850 1206 χαρισμά-

59 1225 116 1243 των
133 1216 197 1243 εἰσί.
213 1226 223 1242 ›
242 1216 288 1252 Τῷ
297 1216 335 1248 δὲ,
349 1225 358 1242 ι
377 1217 554 1252 χαρισμάτων
572 1226 581 1242 ι
595 1217 693 1249 εἰπεῖν,
709 1218 850 1244 ἐπαίδευσε

60 1263 106 1290 τὸν
124 1262 257 1289 δοκοῦντα
271 1262 300 1289 τὸ
313 1262 422 1290 ἔλαττον
437 1263 509 1297 ἔχειν
525 1263 658 1298 χάρισμα,
690 1264 727 1298 μὴ
748 1263 850 1296 ἀλγεῖν.

61 1309 92 1334 Εἰ
112 1309 169 1344 γὰρ
186 1308 310 1345 ἐδωρήθη
321 1317 373 1341 σοι,
390 1309 466 1344 φησὶ,
488 1310 567 1344 χάριν
581 1308 625 1344 ἔχε
640 1309 710 1344 ὑπὲρ
728 1307 765 1336 ὧν
783 1310 852 1341 ὸλως

60 1355 191 1391 εἴληφας,
210 1355 308 1390 καὶμὴ
338 1354 416 1388 ἄλγει
447 1354 516 1389 ὑπὲρ
528 1350 565 1381 ὧν
586 1355 697 1382 ἔλαττον
726 1356 850 1390 εἴληοας.

61 1402 150 1428 Πάλιν
174 1402 203 1428 δὲ
230 1401 268 1437 τῷ
281 1402 449 1437 προσθεῖναι,
477 1410 487 1427 ι
505 1401 541 1427 Τὸ
560 1401 588 1428 δὲ
614 1402 680 1428 αὐτὸ
697 1402 819 1437 Πνεῦμα,
840 1411 849 1428 ι

62 1448 147 1474 πλέον
164 1448 378 1483 παραμυθεῖται.
395 1448 425 1474 El
438 1447 492 1483 γὰρ
508 1448 555 1474 καὶ
569 1447 681 1474 ἑλαττόν
700 1457 757 1481 σου,
774 1449 851 1483 φησι,

61 1494 90 1520 τὸ
109 1485 245 1529 χάρισμα,
261 1494 328 1520 ἀλλὰ
341 1493 387 1520 τοῦ
402 1494 461 1526 ἑνός
481 1495 539 1520 ἐστι
569 1494 728 1529 Πνεύματος
752 1495 852 1530 δωρεὰ,

61 1540 110 1566 καὶ
130 1539 163 1565 τὰ
180 1540 265 1575 μικρὰ
277 1540 324 1566 καὶ
335 1540 369 1566 τὰ
385 1540 668 1575 μεγάλα-Ἄλλως.
682 1540 782 1576 [ΦΩΤ.]
798 1541 854 1567 Χα-

899 931 968 957 idem
994 929 1133 965 Spiritus;
1160 936 1184 957 et
1213 930 1352 958 divisiones
1380 932 1585 959 ministeriorum
1613 939 1685 965 sum,

900 976 1019 1011 idemque
1032 977 1180 1008 Dominus;
1198 981 1222 1003 cI
1246 977 1385 1004 divisiones
1409 978 1588 1011 operatiouunt
1613 985 1685 1012 sunt,

899 1023 945 1050 sed
961 1022 1028 1049 idem
1050 1027 1087 1049 est
1110 1023 1179 1050 Deus
1195 1023 1239 1058 qui
1255 1027 1379 1056 operatur
1397 1024 1485 1050 omnia
1508 1024 1535 1050 in
1554 1025 1685 1053 omnibus.

935 1128 1143 1164 Conscquenter
1160 1128 1193 1156 ad
1209 1136 1363 1156 sermonem
1389 1130 1422 1157 de
1448 1129 1529 1157 donis
1549 1132 1687 1166 pervenit,

902 1179 929 1202 et
950 1175 988 1201 ait
1013 1183 1046 1201 ιι
1073 1173 1224 1202 Divisiones
1246 1180 1348 1208 autem,
1369 1185 1378 1201 ι
1397 1180 1424 1203 et
1444 1180 1573 1211 tanquam
1597 1182 1688 1211 partes

905 1229 914 1246 ι
935 1220 1072 1248 Donorum
1097 1226 1171 1248 sunt.
1191 1230 1200 1247 ι
1222 1221 1342 1248 Dicendo
1363 1226 1453 1249 autem
1478 1231 1487 1248 ι
1507 1222 1658 1256 Donorum,
1675 1234 1684 1249 I

902 1266 1023 1293 instituit
1042 1273 1104 1293 eum
1126 1266 1172 1301 qui
1195 1267 1286 1294 ntinus
1305 1267 1408 1294 donum
1431 1268 1530 1296 habere
1545 1270 1688 1296 videbatur

902 1318 936 1338 ne
952 1311 1066 1338 doleret.
1085 1310 1125 1344 Si,
1143 1311 1243 1347 inquit,
1263 1312 1364 1339 donum
1381 1314 1523 1348 accepisti,
1541 1314 1609 1342 habe
1626 1323 1689 1350 gra-

903 1358 967 1384 tiam
984 1357 1057 1392 quod
1078 1359 1191 1385 omnino
1211 1359 1361 1393 acceperis,
1380 1364 1407 1386 et
1428 1367 1482 1386 non
1505 1361 1598 1388 doleas
1615 1363 1687 1396 quod

904 1402 995 1429 iutilius
1010 1403 1158 1437 acceperis.
1178 1403 1296 1431 ltttrSunt
1311 1410 1401 1431 autem
1421 1413 1467 1439 per
1483 1405 1533 1433 hoc
1550 1407 1622 1441 quod
1637 1407 1688 1435 ει]-

905 1446 945 1474 dit
959 1456 966 1474 ε
986 1457 994 1473 ι
1013 1447 1065 1475 Sed
1080 1448 1150 1476 idem
1170 1448 1300 1483 Spiritus,
1317 1450 1377 1484 plus
1391 1450 1468 1478 atlert
1480 1453 1687 1481 consolationis.

905 1492 986 1529 536
1000 1493 1159 1528 Quanquam
1176 1495 1249 1522 enim
1264 1495 1354 1522 minus
1367 1496 1404 1522 sit
1421 1499 1477 1522 tum
1493 1496 1605 1530 donum,
1619 1503 1689 1525 attu-

906 1546 970 1565 tnen
985 1539 1065 1566 unius
1082 1537 1202 1574 Spiritus
1219 1540 1290 1566 dona
1307 1545 1335 1567 et
1354 1548 1436 1576 parva
1452 1546 1479 1568 et
1495 1550 1592 1578 magna
1611 1550 1687 1572 sunt.

62 1586 188 1620 ρίαματα
207 1574 255 1620 μὲν
281 1585 351 1612 αὐτὰ
368 1574 459 1617 καλεῖ,
484 1586 534 1620 τὴν
561 1574 718 1622 φιλοτιμίαν
746 1574 804 1614 δεικ

952 1584 1011 1610 Alio
1033 1583 1119 1611 modo.
1143 1583 1217 1612 Dona
1239 1574 1429 1620 quidem—ipsa
1454 1574 1687 1623 \‘0cat,'tuagnili-

61 1631 109 1657 τοῦ
127 1630 292 1665 δωρήματος
307 1638 314 1645 '
328 1630 465 1661 διακονίας
480 1631 520 1664 δὲ,
540 1631 674 1658 διδάσκων
689 1633 726 1668 μὴ
742 1632 854 1667 ἐπαίρε-

63 1677 128 1705 σθαι
141 1677 249 1709 τούτοις
267 1678 329 1708 τοὺς
352 1677 530 1711 ἀξιωοέντας,
545 1678 614 1705 ἀλλὰ
641 1679 710 1713 μετὰ
723 1679 854 1713 συστολῆς

63 1725 110 1750 καὶ
129 1723 376 1758 μετριοφροσύνης,
386 1723 424 1754 ὠς
436 1724 476 1754 εἰς
491 1723 641 1759 ὑπηρεσίαν
653 1724 700 1751 καὶ
715 1724 854 1751 διακονίαν

62 1769 117 1795 τῶν
128 1769 242 1804 πλησίον
249 1768 406 1803 κληθέντας.
417 1769 501 1800 οὓτως
515 1770 689 1806 ἐντυγχάνειν
704 1772 759 1802 τοῖς
772 1779 854 1806 προσ-

65 1815 152 1841 ιοῦσιν
166 1823 173 1830 ⁸
200 1815 375 1849 ἐνεργήματα
406 1814 434 1841 δὲ
459 1815 540 1842 πάλιν
554 1835 562 1848 ,
592 1815 677 1850 αὐτὴν
698 1815 785 1850 δηλῶν
805 1815 854 1850 τὴν

64 1862 178 1897 πρᾶξιν.
206 1862 276 1895 Ὅρα
297 1861 417 1895 ἀκριϐῶς
431 1862 488 1893 πῶς
513 1862 542 1888 τὸ
573 1862 704 1896 πανάγιον
730 1862 852 1897 Πνεῦμα,

63 1909 174 1942 τρανῶς
187 1907 235 1934 καὶ
250 1907 350 1943 Κύριον
363 1908 409 1934 καί
421 1908 487 1934 Θεὸν
499 1907 676 1943 ἁνεκήρυξεν.
687 1906 778 1934 Είπὼν
788 1908 852 1943 γὰρ,

68 1964 76 1980 ι
94 1954 251 1990 Διαιρέσεις
262 1953 289 1979 δὲ
305 1954 481 1988 χαρισμάτων
501 1955 569 1980 εἰσὶν
580 1973 587 1986 ,
603 1954 632 1980 τὸ
649 1954 678 1981 δὲ
693 1954 757 1980 αὐτὸ
768 1953 853 1980 Πνεῦ-

67 2007 115 2033 μα·
133 2008 142 2024 ι
153 1999 202 2026 καὶ
215 1999 294 2025 πάλιν
305 1999 350 2025 ἐπὶ
360 1999 407 2026 τοῦ
423 1999 585 2035 πράγματος
603 1999 761 2034 ἐπαγαγὼν,
775 2010 784 2025 ι
800 2000 854 2026 Καὶ

65 2046 218 2080 διαιρέσεις
234 2045 376 2072 διακονιῶν
395 2046 473 2078 εἰσιν,
484 2047 497 2072 ὁ
509 2045 537 2072 δὲ
552 2046 632 2077 αὐτὸς
647 2047 758 2081 Κύριος·
769 2056 778 2071 ι
794 2044 854 2072 εἶτα

66 2091 105 2117 ἔτι
137 2091 185 2117 ἐπὶ
213 2090 260 2116 τοῦ
284 2090 366 2116 αὑτοῦ
392 2089 487 2125 μείνας
508 2091 659 2125 νοήματος,
683 2091 730 2117 καὶ
757 2089 852 2122 εἰπὼν,

70 2145 79 2161 ι
98 2136 155 2162 Καὶ
172 2135 319 2171 διαιρέσεις
333 2135 528 2170 ἐνεργημάτων
542 2136 620 2167 εἰσὶν,
636 2136 650 2161 ὁ
664 2134 692 2161 δὲ
706 2135 785 2166 αὐτὸς
796 2136 853 2162 ἐστι

65 2180 145 2211 Θεός”
161 2189 170 2205 ι
190 2180 369 2206 ἑπισυνάπτει
385 2179 482 2213 λέγων·
497 2187 506 2204 ι
531 2179 654 2215 Ἐκάστῳ
677 2179 705 2206 δὲ
721 2180 821 2206 δίδοται
836 2180 853 2215 ἡ

67 2225 224 2260 φανέρωσις
238 2224 286 2250 τοῦ
303 2225 460 2259 Πνεύματος
474 2224 542 2260 πρὸς
556 2224 587 2251 τὸ
609 2225 759 2260 συμφέρον,
773 2235 782 2252 ι
797 2225 853 2252 δει-

67 2271 134 2302 κνὺς
146 2271 187 2298 ὅτι
204 2271 250 2297 καὶ
267 2271 296 2298 τὸ
310 2271 377 2304 Θεὸς
392 2271 439 2297 καὶ
456 2271 486 2297 τὸ
507 2270 625 2305 Κύριος,
642 2270 689 2297 ἐπὶ
705 2271 751 2297 τοῦ
776 2271 854 2305 ἁγίου

67 2316 146 2350 ἔταξε
164 2316 332 2351 Πνεύματος.
348 2316 438 2342 Πάντα
455 2316 510 2351 γὰρ
524 2317 574 2343 ὅσα
586 2317 726 2352 προεῖπεν,
751 2317 790 2348 εἰς
805 2317 855 2351 τὴν

67 2361 114 2388 τοῦ
135 2361 295 2395 Πνεύματος
309 2361 423 2396 συνῆξεν
435 2361 595 2394 ὑπόστασιν,
615 2361 646 2388 οὐ
660 2362 740 2396 μόνον
753 2361 796 2388 διὰ
807 2361 854 2388 τοῦ

67 2409 166 2439 εἰπεῖν,
187 2416 197 2433 ‹
214 2406 339 2443 Ἐκάστῳ
357 2407 457 2434 δίδοται
472 2408 488 2442 ὴ
504 2409 656 2443 φανέρωσις
665 2408 712 2434 τοῦ
728 2407 854 2442 Πνεύμα-

65 2463 122 2486 τος,
139 2464 148 2480 ι
167 2453 235 2481 ἀλλὰ
250 2454 296 2480 καὶ
311 2454 354 2480 διὰ
370 2454 419 2488 τῆς
430 2454 529 2488 ἑφεξῆς
547 2454 602 2480 τῶν
615 2454 790 2489 χαρισμάτων
803 2454 855 2480 ἁπ-

67 2499 256 2534 αριθμήσεως.
270 2499 424 2534 Πάνταγὰρ
441 2498 485 2525 διὰ
498 2498 544 2525 τοῦ
560 2499 716 2533 Πνεύματος
735 2497 854 2524 δίδοσθαι

67 2544 241 2572 διατείνεῖαι.
272 2544 325 2570 Καὶ
358 2543 641 2579 συγκεφαλαιούμενος
671 2543 752 2570 πάλιν
768 2543 853 2578 λέγει·

71 2599 80 2615 ι
95 2591 189 2617 Πάντα
204 2590 232 2616 δὲ
245 2589 331 2616 ταῦτα
346 2590 377 2616 τὸ
388 2590 417 2616 ἓν
434 2590 481 2617 καὶ
501 2590 531 2617 τὸ
547 2590 613 2616 αὐτὸ
639 2589 750 2623 Πνεῦμα
778 2590 856 2624 ἐνερ-

67 2637 140 2669 γεῖ.)
159 2637 240 2662 Ὥστε
260 2637 377 2672 φανερὸν
393 2637 433 2663 ὅτι
459 2637 490 2663 τὸ
515 2636 647 2670 πανάγιον
669 2634 790 2670 Πνεῦμα,
807 2634 856 2661 καὶ

69 2682 172 2716 Κύριον
190 2684 236 2708 καὶ
250 2682 316 2708 Θεὸν
330 2682 464 2717 λαμπρῶς
477 2683 523 2709 καὶ.
541 2681 690 2718 διαρρήδην
711 2681 827 2708 ἐνταῦθα
841 2680 855 2707 ὁ

70 2727 141 2759 θεῖος
157 2727 262 2758 Παῦλος
279 2727 409 2762 θεολογεῖ.
427 2728 458 2754 Et
471 2728 499 2754 δέ
514 2736 556 2760 τις
567 2728 598 2754 τὸ
619 2728 669 2762 μὲν
686 2726 798 2762 Πνεῦμα
809 2726 855 2753 ἐπὶ

68 2773 115 2799 τοῦ
132 2774 211 2808 ἁγίου
236 2774 397 2808 Πνεύματος
419 2773 539 2807 ὲκλάὁοι,
568 2774 599 2800 τὸ
619 2773 646 2800 δὲ
677 2773 785 2808 Κύριος
808 2772 856 2800 καὶ

71 2819 153 2852 Θεὸς,
165 2820 196 2845 τὸ
218 2820 267 2854 μὲν
294 2820 342 2846 ἐπὶ
359 2819 407 2845 τοῦ
423 2819 497 2851 Υῐοῦ,
521 2819 551 2846 τὸ
565 2819 597 2846 δὲ
613 2813 658 2846 ἑτέ).
668 2818 715 2846 τοῦ
738 2818 854 2854 Πατρὸς,

70 2864 116 2890 καὶ
127 2864 213 2895 οὕτως
239 2864 313 2890 οὐδὲν
325 2861 407 2900 ἧττον
425 2865 442 2899 ἦ
454 2872 483 2891 τε
505 2864 633 2900 κυριότης
649 2864 696 2891 καὶ
715 2865 731 2899 ἠ
761 2864 855 2899 θιότης

905 1629 1022 1657 centiam
1049 1630 1196 1658 ostendens
1223 1631 1374 1666 largitionis
1397 1640 1405 1658 :
1434 1633 1583 1662 ministeria
1611 1643 1686 1667 vero,

905 1676 1007 1703 docens
1028 1675 1070 1703 Itis
1092 1683 1146 1703 non
1162 1676 1260 1704 debere
1275 1677 1368 1704 extolli
1384 1684 1431 1705 eos
1449 1679 1495 1711 qui
1513 1687 1687 1715 acceperunt,

906 1721 952 1747 sed
969 1728 1032 1748 cum
1049 1721 1245 1754 moderatione,
1263 1722 1404 1757 animith
1420 1724 1554 1752 modestia
1571 1733 1642 1756 esse.
1659 1733 1689 1754 ut

905 1767 951 1800 qui
966 1766 1000 1794 ad
1015 1766 1176 1802 obsequium
1193 1775 1225 1795 ac
1243 1768 1426 1796 ministerium
1443 1771 1627 1803 proximorum
1644 1781 1690 1799 vn-

905 1813 959 1839 eati
979 1817 1163 1847 assequamur
1179 1814 1248 1840 bona
1273 1815 1429 1848 praesentia.
1455 1814 1576 1843 Rursum
1599 1824 1689 1845 autem

906 1859 1078 1892 operationes
1100 1859 1177 1891 dicit,
1196 1859 1283 1894 ipsam
1305 1860 1463 1894 signiﬁcans
1486 1863 1631 1891 actionem.
1659 1866 1691 1892 lit

906 1903 1048 1930 considera
1066 1903 1210 1938 diligenter
1229 1911 1283 1939 quo
1302 1904 1383 1932 modo
1403 1906 1603 1934 sanctissimum
1628 1907 1690 1943 8ρὶ-

905 1949 988 1975 ritum
1005 1952 1097 1983 aperte
1113 1949 1196 1976 Deum
1212 1957 1244 1977 ac
1264 1948 1408 1978 Dominum
1425 1952 1622 1986 pradicavcrit.
1641 1954 1688 1980 Di-

905 2003 969 2022 cens
984 1995 1056 2022 enim
1075 2005 1081 2023 :
1099 2004 1108 2021 ι
1129 1994 1281 2024 Divisiones
1296 2001 1387 2024 autetn
1404 1997 1536 2025 donorum
1550 2005 1623 2033 sunt,
1643 2002 1691 2029 sed

905 2041 975 2069 idem
992 2040 1122 2076 Spiritus,
1143 2051 1153 2068 ι
1172 2046 1199 2069 cl.
1217 2049 1325 2070 rursum
1346 2043 1379 2070 de
1398 2051 1481 2079 opere
1496 2045 1665 2081 subjungens
1683 2057 1688 2073 :

908 2096 918 2113 ι
937 2087 969 2115 Et
983 2087 1134 2116 divisiones
1147 2088 1362 2116 ministeriorum
1378 2094 1453 2123 sunt,
1469 2090 1538 2117 idetn
1557 2098 1622 2119 vero
1639 2091 1692 2119 Do-

905 2135 1014 2166 minus;
1035 2144 1044 2160 ›
1063 2134 1164 2162 deinde
1185 2135 1211 2162 in
1232 2135 1326 2162 eadem
1342 2136 1430 2163 adhuc
1446 2144 1560 2164 manens
1579 2143 1673 2164 senteu
1685 2153 1691 2158 -

905 2181 954 2213 tia,
972 2181 1017 2207 ubi
1034 2181 1101 2207 dixit
1119 2189 1126 2206 :
1146 2189 1156 2206 ι
1175 2180 1207 2206 Et
1228 2181 1378 2208 divisiones
1401 2182 1592 2216 operationum
1615 2188 1690 2215 sunt,

867 2239 894 2269 Ι)
908 2226 955 2253 sed
974 2226 1044 2253 ldetn
1061 2229 1103 2252 est
1122 2225 1213 2258 Deus;
1236 2225 1317 2253 simul
1337 2226 1364 2253 in
1383 2234 1466 2253 unum
1488 2227 1629 2263 conjungit
1648 2228 1691 2254 tli-

906 2279 972 2299 cens
986 2281 992 2298 :
1009 2280 1017 2296 ι
1036 2268 1189 2306 Unicuique
1204 2279 1267 2299 vero
1281 2271 1360 2298 datur
1375 2272 1559 2300 manifestatio
1572 2273 1691 2308 Spiritus

906 2316 941 2344 ad
959 2316 987 2344 id
1003 2317 1075 2352 quod
1096 2316 1226 2351 expedit;
1243 2325 1253 2342 ι
1275 2317 1423 2344 ostendens
1441 2318 1514 2353 quod
1533 2323 1560 2346 et
1578 2319 1650 2347 Deus
1664 2325 1692 2347 et

908 2361 1039 2390 Dominus
1068 2362 1184 2397 Spiritui
1211 2367 1307 2390 sancto
1335 2364 1479 2398 aptaverit.
1514 2365 1691 2401 Quzecunque

905 2410 978 2437 enim
996 2409 1131 2444 prmdixit,
1154 2408 1180 2435 in
1200 2408 1319 2444 Spiritus
1336 2417 1480 2443 personam
1500 2411 1612 2444 clausit,
1636 2421 1691 2440 non

906 2464 938 2482 ex
954 2463 986 2483 eo
1000 2455 1088 2483 solum
1104 2455 1178 2490 qttod
1196 2456 1265 2482 dixit
1281 2465 1288 2483 :
1310 2465 1319 2481 ι
1337 2455 1488 2492 Unicuique
1504 2457 1585 2485 datur
1602 2460 1691 2486 mani-

905 2499 1016 2529 festatio
1029 2500 1161 2536 Spiritus.
1174 2511 1184 2528 ι
1200 2509 1292 2529 verum
1308 2502 1390 2529 etiam
1408 2510 1456 2536 per
1470 2509 1627 2538 sequentem
1641 2505 1692 2532 do-

907 2555 1005 2574 norutn
1022 2547 1268 2574 enumerationem.
1291 2546 1358 2574 Nam
1382 2548 1474 2575 omnia
1488 2556 1536 2583 per
1559 2549 1690 2584 Spiritum

907 2594 965 2620 tlari
978 2599 1120 2621 asseterat
1137 2600 1143 2618 :
1162 2601 1325 2627 rursumque
1346 2593 1372 2620 in
1395 2601 1531 2622 summam
1553 2595 1687 2629 rcdigens.

905 2639 943 2665 ait
965 2647 972 2665 :
998 2647 1006 2663 ι
1024 2639 1088 2665 Πειιο
1109 2642 1199 2665 autem
1217 2638 1309 2666 omnia
1325 2643 1455 2674 operatur
1476 2647 1546 2667 unus
1565 2640 1690 2674 idemque

907 2684 1036 2719 Spiritus.
1054 2693 1063 2709 ι
1083 2683 1258 2712 Manifestum
1281 2683 1374 2719 itaque
1395 2689 1438 2713 est
1457 2685 1528 2718 quod
1549 2685 1691 2712 sanctissi-

906 2737 980 2756 mutn
1000 2729 1142 2764 Spiritum,
1160 2728 1244 2757 Deum
1268 2737 1300 2756 ac
1321 2729 1468 2757 Dominum
1485 2737 1558 2761 esse,
1576 2729 1650 2757 clare
1663 2735 1692 2757 et

906 2779 998 2808 aperte
1019 2774 1070 2801 hoc
1086 2774 1146 2801 loco
1165 2774 1245 2802 divus
1261 2774 1364 2801 Paulus
1381 2774 1511 2801 divinitus
1530 2775 1690 2804 asserucrit.

906 2819 983 2852 Quod
996 2820 1018 2846 si
1032 2820 1094 2855 quis
1110 2819 1240 2855 Spiritum
1255 2820 1363 2854 quidem
1377 2820 1411 2847 ad
1422 2819 1553 2854 Spiritum
1565 2825 1690 2849 sanctum

905 2865 1008 2893 referat
1028 2874 1035 2892 :
1053 2865 1200 2892 Dominam
1224 2872 1288 2892 vero
1306 2872 1338 2892 ac
1361 2864 1456 2899 Deum,
1479 2865 1545 2894 illud
1567 2874 1633 2895 sane
1657 2867 1691 2895 ad
