1872 3053
182 164 237 196 819

705 161 904 193 (ECUMENII
923 161 1067 192 TRICC.’E
1087 160 1257 191 EPISCOPI

1749 159 1807 191 820

183 225 235 253 est,
253 227 420 255 cognoscere
440 220 501 255 quis
522 219 557 247 sit
575 219 718 254 propheta,
733 223 760 247 et
775 219 900 253 quisnam
916 217 962 245 fal-

1032 216 1243 252 σευδοπροφῆτης
1259 235 1266 248 ,
1290 215 1330 246 τις
1350 216 1363 242 ὁ
1387 215 1581 250 πνευματικὸς,
1600 215 1647 242 καὶ
1676 215 1745 246 τῑςὸ
1768 216 1809 250 μὴ

183 273 231 293 sus
248 266 392 301 propheta,
404 266 466 301 quis
480 266 628 300 spiritualis
643 269 669 292 et
683 265 745 300 quis
760 265 823 292 talis
840 273 894 291 non
909 265 962 291 sit:

184 311 405 345 quandoquidem
420 318 452 337 eo
465 315 586 345 tempore
605 315 681 338 vates
696 317 805 344 quoque
823 313 901 337 erant
917 316 965 336 seu

183 356 353 383 divinatores
369 355 416 391 qui
433 356 591 384 hominibus
616 356 802 390 imponebant.
829 365 838 381 ι
857 354 965 383 Genera

183 401 350 436 linguarum.
373 411 383 427 ι
407 401 464 429 Hoc
489 403 674 437 opinabantur
698 402 834 429 Corinthii
859 401 966 429 ceteris

181 453 243 472 esse
265 447 450 481 praestantius,
465 455 498 475 eo
520 448 592 483 quod
609 449 674 476 illud
692 454 755 476 ante
773 449 865 476 omnia
884 455 965 475 acce-

182 492 287 524 pissent
307 493 434 527 apostoli.
458 502 467 518 ι
483 494 674 529 lnterpretatio
698 495 865 529 linguarum.
882 504 893 522 ›
919 495 964 524 Vel

181 538 253 570 quod
270 538 334 565 dum
351 539 396 566 alii
417 539 518 574 linguis
538 540 717 574 loquerentur
736 541 780 568 isti
802 542 963 577 interpreta-

183 586 292 616 bantur,
310 585 351 611 vel
369 585 442 619 quod
458 593 509 612 una
528 594 636 620 quoque
651 587 827 620 loquerentur
840 592 867 614 et
881 588 965 615 inter-

181 633 366 661 pretarentur,
384 631 457 664 quod
476 631 566 658 facere
587 639 640 658 non
658 636 783 666 poterant
798 633 844 667 qui
864 632 964 666 linguis

180 679 285 701 tantum
303 675 496 711 loquebantur.

216 719 273 753 ΧΙΙ,
300 721 344 752 ΙΙ,
369 723 412 749 12.
440 722 536 750 Omnia
559 728 646 750 autem
671 724 726 750 lm'c
752 730 876 759 operatur
897 733 963 752 unus

179 766 300 800 idemque
320 767 454 802 Spiritus,
483 768 602 796 dividens
630 770 798 803 peculiariter
824 771 965 805 unicuique

178 812 248 838 sicut
265 813 330 839 vult.
345 813 572 846 Quemadmodum
591 816 660 842 enim
675 824 767 850 corpus
784 826 864 844 unum
884 822 922 844 est
940 823 964 844 et

182 857 300 885 membra
319 860 396 887 liabet
414 861 512 894 multa,
533 863 621 889 omnia
643 869 730 890 autem
750 865 826 891 unius
847 866 963 899 corporis

180 905 309 938 membra,
329 913 388 932 cum
403 907 486 933 multa
502 908 564 940 sint,
582 916 662 935 unum
678 914 738 936 sunt
753 918 846 945 corpus
862 918 871 937 :
887 912 924 938 sic
940 915 965 938 et

180 948 312 978 Christus.
713 949 716 952 ’

215 993 333 1031 Propter
347 1005 394 1026 eos
412 998 458 1032 qui
476 998 595 1034 Spiritus
612 999 783 1028 divinitatem
803 1001 965 1036 impugnant

179 1042 380 1072 animadverte.
414 1045 483 1072 Nam
511 1046 549 1074 illi
575 1047 658 1082 impie
682 1052 809 1076 asserunt
831 1047 964 1082 Spiritum

180 1091 307 1115 sanctum
325 1096 340 1116 a
357 1088 437 1117 Patre
460 1090 560 1118 factum
578 1099 650 1119 esse.
676 1093 709 1118 At
730 1092 794 1120 hinc
815 1093 964 1128 perspicito

180 1133 313 1167 Spiritum
340 1139 465 1163 sanctum
489 1145 544 1164 non
569 1145 630 1166 esse
653 1138 757 1173 aliquid
780 1146 876 1166 eorum
904 1147 965 1175 quae

179 1179 257 1212 tiunt,
276 1181 323 1208 sed
344 1189 405 1216 qua:
426 1181 529 1210 faciunt
553 1193 559 1211 :
584 1184 666 1219 idque
690 1189 821 1220 tanquam
844 1185 915 1213 Deus
933 1193 965 1213 ac

179 1225 313 1254 Dominus
334 1232 361 1254 et
385 1229 495 1263 propria
522 1230 653 1264 potentia,
682 1230 777 1257 Simile
798 1238 908 1265 quoque
923 1234 965 1258 est

179 1272 251 1305 quod
265 1272 320 1300 alio
331 1273 393 1301 loco
408 1274 476 1302 dicit
491 1284 497 1302 :
515 1284 523 1301 ι
537 1275 654 1310 Spiritus
670 1276 716 1303 ubi
731 1276 789 1302 vult
801 1276 897 1310 spirat.
907 1286 916 1302 ι
929 1292 966 1297 ——

183 1325 192 1340 ι
207 1315 443 1349 Quemadmodum
457 1320 530 1347 enim
544 1327 643 1355 Corpus
660 1328 743 1348 unum
756 1321 850 1347 est"‘.
861 1321 917 1348 ιΑΙ)
932 1328 965 1349 eo

179 1363 252 1396 quod
281 1364 354 1392 circa
381 1373 481 1401 corpus
506 1366 627 1398 accidit,
652 1374 702 1402 per
728 1367 881 1402 exemplum
906 1368 965 1395 vult

180 1407 324 1436 ostendere
347 1410 421 1444 quod
449 1418 545 1438 omnes
572 1419 656 1438 unum
681 1411 779 1445 simus,
805 1420 962 1448 quanquam

179 1453 255 1480 varia
274 1454 425 1482 habeamus
441 1456 523 1483 dona.
541 1456 569 1484 Si
586 1464 650 1493 ergo
670 1465 754 1485 unum
772 1465 880 1492 sumus,
893 1466 963 1495 quo-

180 1499 260 1526 modo
277 1500 332 1535 jam
356 1501 456 1528 rationi
479 1502 620 1531 conl'orme
639 1504 703 1536 erit,
723 1507 754 1531 ut
772 1505 908 1540 quispiam
930 1505 964 1534 de

180 1545 315 1595 liOilOl‘llm
332 1547 491 1575 diversitate
511 1552 583 1575 erret
600 1553 647 1576 aut
663 1550 745 1577 verba
762 1550 863 1578 faciat?
884 1551 965 1588 540
977 1563 999 1595 C

183 1601 191 1615 ι
208 1590 275 1618 Cum
300 1593 386 1619 multa
409 1593 474 1626 sint,
499 1602 584 1622 unum
607 1599 672 1622 sunt
690 1603 802 1631 corpus.
822 1605 832 1623 ι
859 1597 965 1625 Cuncta

177 1637 279 1664 ctenim
296 1638 416 1665 membra
432 1638 534 1674 aliquid
548 1641 694 1669 conferunt
707 1642 741 1669 ad
757 1642 819 1676 hoc,
835 1647 864 1670 ut
878 1652 963 1671 unum

177 1690 210 1709 ac
227 1683 362 1718 integrum
379 1683 414 1711 sit
427 1691 537 1720 corpus.
559 1696 569 1712 (
584 1687 630 1714 Sic
641 1692 668 1714 et
678 1686 814 1716 Christus.
829 1697 839 1714 ι
856 1688 905 1720 Ita,
923 1690 965 1716 in-

178 1729 248 1761 quit,
274 1733 301 1756 et
322 1729 449 1758 Christus
477 1731 561 1758 multa
588 1732 697 1767 quidem
723 1733 805 1761 habet
828 1735 962 1768 membra,

179 1782 277 1810 nempe
300 1776 422 1811 singulos
446 1777 550 1810 ﬁdeles,
573 1786 657 1806 unum
678 1787 743 1807 vero
765 1779 875 1815 corpus,
897 1785 961 1815 puta

179 1820 307 1848 l-icclcsiae
328 1823 560 1851 communionem.
583 1824 624 1852 Ex
645 1825 740 1854 multis
760 1826 832 1853 enim
852 1834 963 1860 compo-

1020 261 1150 293 τοιοῦτος.
1172 262 1280 297 Ἐπειδὴ
1305 262 1352 288 καὶ
1381 261 1491 297 μάντεις
1513 260 1583 297 ἦσαν
1611 262 1672 288 κατ’
1699 262 1809 287 ἐκεῖνον

1019 308 1065 333 τὸν
1080 307 1176 342 καιρὸν
1204 308 1268 339 τοὺς
1293 307 1452 342 ἀνθρώπους
1480 306 1681 339 ἐξαπατῶντες.
1707 316 1716 332 ι
1735 307 1809 340 Γέτη

1019 353 1159 386 γλωσσῶν.
1173 363 1181 379 ι
1197 353 1282 380 Τοῦτο
1291 352 1416 388 ἐνόμιζον
1426 353 1450 379 οἱ
1465 352 1603 387 Κορίνθιοι
1620 352 1714 387 μεῖζον
1737 350 1810 379 εἶναι

1019 398 1139 430 πάντων,
1158 399 1201 425 διὰ
1217 398 1247 425 τὺ
1265 399 1294 424 ἐν
1317 398 1434 433 πρώτοις
1449 398 1527 424 τοῦτο
1549 397 1642 424 λαϐεῖν
1656 398 1720 428 τοὺς
1740 398 1811 424 ἀπο-

1020 445 1139 476 στόλους·
1152 454 1160 470 ι
1173 444 1335 480 Ἕρμηνείαν
1348 444 1489 479 γλωσσῶν.
1501 445 1551 470 »Ἥ
1565 444 1605 470 ὅτι
1622 443 1724 479 ἑτέρων
1737 443 1809 476 γλώ-

1020 498 1097 521 σσαις
1112 490 1275 524 λαλούντων,
1293 487 1365 516 οὗτοι
1380 490 1545 525 ἡρμήνευον,
1563 489 1579 524 ἢ
1596 490 1636 515 ὅτι
1663 489 1710 515 καὶ
1738 490 1808 522 μετᾶ

1018 536 1064 562 τοῦ
1082 536 1179 569 λαλεῖν,
1193 537 1238 563 καὶ
1255 537 1418 571 ήρμὴνευον,
1433 536 1500 570 ὅπερ
1511 536 1561 561 οὐκ
1584 534 1677 570 ῐσχυον
1693 534 1808 569 ποιῆσαι

1017 582 1042 608 οἱ
1060 582 1196 617 γλώσσαις
1214 582 1293 618 μόνον
1306 582 1460 613 λαλοῦντες.

1036 723 1154 759 ,Πάντα
1183 723 1218 750 δὲ
1243 723 1336 751 ταῦτα
1358 722 1474 757 ἐνεργεῖ
1489 721 1523 749 τὸ
1542 721 1577 748 ἓν
1601 721 1651 748 καὶ
1678 719 1711 747 τὸ
1731 718 1807 746 αὐτὸ

1017 769 1150 804 Πνεῦμα,
1171 769 1306 803 διαιροῦν
1318 768 1378 802 ἰδίᾳ
1391 767 1507 801 ἑκάστῳ
1532 766 1628 798 καθὼς
1644 766 1806 798 βούλεται.

1016 814 1154 849 Καθάπερ
1171 815 1225 849 γὰρ
1237 814 1270 842 τὸ
1283 814 1369 849 σῶμα
1381 814 1416 841 ἓν
1424 814 1500 845 ἐστι,
1512 813 1561 840 καὶ
1569 812 1648 847 μέλη
1661 812 1723 846 ἔχει
1735 813 1810 838 πολ-

1016 861 1067 893 λὰ,
1078 860 1176 888 πάντα
1187 860 1221 887 δὲ
1233 861 1269 888 τὰ
1280 860 1358 895 μέλη
1373 861 1427 887 τοῦ
1439 859 1575 894 σώματος
1584 859 1639 885 τοῦ
1650 858 1719 890 ἐνὸς
1733 859 1808 884 πελ-

981 896 1002 924 B
1015 908 1055 935 λὰ
1072 907 1144 934 ὄντα
1158 907 1193 934 ἓν
1210 908 1276 935 ἐστι
1291 908 1388 942 σῶμα,
1403 907 1497 939 οὕτως
1513 906 1563 934 καὶ
1575 907 1591 933 ό
1607 899 1747 940 Χριστὸς.

1052 1000 1101 1026 Διὰ
1115 1000 1179 1032 τοὺς
1208 998 1454 1035 ῃευματομάχους
1481 997 1635 1033 σημείωσαι
1660 997 1691 1023 τὸ
1711 995 1806 1031 ῥητόν.

1023 1045 1136 1072 Ἐκεῖνοι
1150 1046 1204 1081 γὰρ
1220 1046 1336 1077 ἀνοσίως
1361 1045 1444 1079 φασὶ,
1467 1044 1515 1071 καὶ
1541 1043 1571 1070 τδ
1598 1043 1675 1077 ἅγιον
1691 1042 1809 1075 Πνεῦμα

1015 1091 1186 1125 ἐνεργεῖσθαι
1201 1090 1277 1127 παρὰ
1290 1089 1337 1117 τοῦ
1351 1089 1468 1125 Πατρός.
1493 1089 1574 1116 Ἀλλὰ
1586 1089 1661 1115 ἔνθεν
1678 1088 1740 1121 ὅρα,
1764 1087 1808 1113 ὅτι

1015 1137 1046 1163 οὐ
1068 1136 1121 1162 τῶν
1147 1135 1362 1170 ἐνεργουμένων,
1381 1135 1450 1162 ἀλλὰ
1468 1134 1522 1160 τῶν
1541 1134 1723 1168 ἐνεργούντων
1746 1132 1809 1158 ἐστὶ

1015 1181 1046 1207 τδ
1062 1180 1175 1216 Πνεῦμα
1185 1181 1216 1207 τὸ
1231 1181 1319 1215 ἅγιον,
1333 1179 1500 1210 δεσποτικῶς
1511 1179 1557 1205 καὶ
1572 1178 1678 1209 θεῖκῶς,
1693 1177 1740 1203 καὶ
1757 1177 1808 1203 αὖ·

1015 1227 1182 1262 τοδυνάμως.
1195 1227 1308 1261 Ὅμοιον
1323 1226 1369 1252 καὶ
1382 1224 1500 1260 ἀλλαχοῦ
1520 1233 1597 1259 φησι,
1619 1223 1670 1249 (Τὸ
1692 1222 1807 1255 πνεῦμι

1015 1274 1082 1300 ὅπου
1108 1273 1180 1299 ϐέλει
1207 1273 1279 1299 πνεῖ.
1301 1281 1361 1298 ι-ι
1380 1271 1514 1305 Καθάπερ
1540 1270 1594 1305 γὰρ
1615 1269 1645 1295 τὸ
1670 1269 1749 1303 σῶμα
1776 1267 1807 1294 ἓν

1015 1320 1084 1345 ἐστι.
1101 1327 1111 1344 ι
1132 1319 1199 1345 Ἀπὸ
1213 1318 1260 1344 τοῦ
1275 1318 1341 1353 περὶ
1358 1317 1387 1344 τὸ
1406 1317 1486 1351 σῶμα
1501 1315 1723 1351 παραδείγματος
1739 1313 1807 1347 βού-

1014 1365 1089 1392 λεται
1105 1365 1199 1397 δεῖξαι,
1213 1365 1256 1391 ὅτι
1285 1364 1387 1395 πάντες
1408 1363 1439 1389 ἓν
1461 1364 1555 1398 ἐσμεν,
1572 1363 1596 1388 ει
1624 1362 1672 1388 καὶ
1687 1360 1806 1394 διάφορα

1014 1412 1112 1448 ἔχομεν
1125 1412 1291 1447 χαρίσματα.
1310 1411 1340 1437 El
1357 1410 1404 1438 οὖν
1419 1410 1449 1437 ἓν
1462 1410 1555 1444 ἐσμεν,
1571 1408 1622 1435 ποῦ
1640 1408 1733 1434 λοιπὸν
1746 1406 1805 1441 ἔχει

1014 1459 1094 1493 λόγον
1108 1458 1138 1485 τὸ
1152 1458 1216 1493 περὶ
1242 1457 1376 1492 διαφορᾶς
1404 1455 1582 1491 χαρισμάτων
1604 1453 1805 1488 περιφέρεσθαι

1015 1505 1063 1532 καὶ
1077 1504 1272 1538 λογοπραγεῖν;
1285 1512 1294 1528 ι
1304 1502 1475 1533 Πολλᾶιδντα,
1491 1501 1520 1527 ἓν
1530 1502 1589 1527 ἐστι
1602 1500 1691 1534 σῶμα.
1705 1509 1714 1525 ι
1728 1499 1806 1525 Πᾶν-

1015 1561 1049 1579 τα
1065 1551 1119 1586 γὰρ
1137 1550 1170 1576 τὰ
1181 1550 1248 1584 μέλη
1266 1548 1389 1575 συντελεῖ
1403 1549 1442 1580 εἰς
1459 1547 1488 1574 τὺ
1504 1545 1610 1574 εἶναιὲν
1631 1546 1676 1572 καὶ
1688 1546 1802 1579 ὀλόκλη-

1018 1607 1063 1634 ρον
1077 1599 1108 1624 τὸ
1131 1597 1222 1632 σῶμα.
1242 1595 1358 1626 «Οὕτως
1379 1594 1426 1621 καὶ
1451 1595 1465 1620 ὁ
1487 1593 1615 1628 Χριστὸς.
1629 1603 1637 1619 ι
1653 1608 1678 1612 -
1701 1592 1804 1628 [ΦΩΤ.]

1016 1645 1120 1676 Οὕτως,
1137 1643 1229 1678 φησὶν,
1245 1643 1259 1669 ὁ
1272 1641 1400 1677 Χριστὸς,
1416 1640 1501 1667 πολλὰ
1518 1640 1566 1674 μὲν
1585 1639 1641 1674 ἔχει
1656 1638 1726 1675 μέλη
1738 1639 1805 1670 τοὺς

1015 1691 1075 1718 καθ’
1088 1690 1215 1720 ἕκαστον,
1230 1688 1259 1715 ἓν
1271 1688 1299 1714 δὲ
1318 1686 1449 1722 σῶματὴν
1461 1686 1602 1718 κοινότητα
1616 1684 1666 1719 τῆς
1684 1683 1803 1718 Ἐκκλη-

1015 1735 1086 1766 σίας.
1111 1735 1158 1760 Ἐκ
1170 1733 1225 1768 γὰρ
1245 1731 1351 1759 πολλῶν
1375 1731 1555 1766 συγκειμένη,
1571 1730 1601 1756 ’ἐν
1615 1730 1676 1755 ἐστι
1708 1728 1802 1762 σῶμα,

1016 1780 1138 1815 κεφαλὴν
1145 1779 1244 1814 ἔχουσα
1254 1776 1436 1812 τὸνξΧριστδν,
1450 1775 1487 1808 ὥς
1496 1773 1566 1802 εἶναι
1578 1775 1626 1810 τὴν
1636 1773 1804 1808 Ἐκκλησίαν

1017 1827 1064 1853 καὶ
1079 1826 1123 1852 τὸν
1138 1825 1256 1860 Χριστὸν
1266 1824 1294 1850 ἒν
1309 1821 1451 1853 αὐτοτελὲς
1467 1821 1557 1856 σῶμα.

179 1866 242 1898 sila,
261 1874 344 1894 unum
364 1871 406 1895 est
427 1876 527 1904 corpus
547 1869 650 1898 habens
668 1873 751 1906 caput
765 1870 916 1904 Christum,
934 1874 964 1898 ut
982 1870 1018 1898 sit
1037 1869 1159 1898 Ecclesia
1177 1873 1204 1897 et
1224 1868 1353 1896 Christus
1369 1874 1453 1894 unum
1494 1870 1521 1894 et
1539 1865 1610 1893 idem
1648 1864 1802 1899 perfectum

178 1922 290 1950 Carpus.

212 1962 270 2005 ﬁll,
292 1963 386 1991 15-20.
409 1963 513 1991 Etenim
531 1973 578 2000 per
592 1973 673 1993 unum
691 1965 823 2001 Spiritum
841 1975 888 1995 nos
908 1975 965 1994 om-

177 2016 222 2034 nes
242 2009 268 2035 iu
291 2017 372 2035 unum
392 2017 486 2043 corpus
506 2010 634 2044 baptizati
653 2019 744 2038 sumus
765 2020 774 2039 :
794 2013 848 2039 sive
865 2012 963 2045 Judaei,

176 2055 229 2080 sive
248 2053 343 2085 (ἔντεσι.
358 2055 412 2081 sive
432 2056 510 2087 servi,
532 2057 585 2083 sive
605 2056 689 2089 liberi,
703 2061 728 2084 et
742 2065 830 2084 omnes
847 2066 898 2085 uno
916 2067 962 2090 po-

177 2099 237 2125 culo
255 2099 336 2134 rigati
356 2108 447 2128 sumus
464 2101 490 2128 in
506 2109 588 2128 unum
603 2102 738 2136 spiritum.
755 2101 888 2138 Siquidem
901 2112 961 2130 cor-

176 2153 227 2179 pus
247 2153 298 2172 non
320 2151 357 2174 est
381 2154 463 2173 unum
484 2147 640 2181 membrum,
658 2147 703 2175 sed
726 2148 819 2176 multa.
844 2148 873 2176 Si
889 2149 960 2177 dicat

1050 1965 1105 1992 Kal
1120 1964 1175 1999 γὰρ
1197 1963 1232 1989 ἐν·
1244 1962 1289 1989 ἐνὶ
1303 1962 1452 1996 Hroﬁ-yart
1471 1960 1557 1995 ἡμεῖς
1584 1959 1697 1993 πάντες
1713 1960 1756 1992 εις
1769 1959 1804 1986 ἓν

1012 2011 1097 2045 σῶμα
1113 2010 1345 2043 ἐϐαπτίσθημεν,
1367 2008 1427 2035 εἴτε
1444 2007 1592 2040 Ἰουδαῖοι,
1610 2007 1671 2033 εἴτε
1686 2007 1800 2039 Ἕλλη-

1011 2065 1073 2089 νες,
1085 2056 1145 2083 εἴτε
1167 2055 1284 2086 δοῦλοι,
1310 2055 1370 2081 εἴτε
1390 2054 1550 2087 ἐλεύθεροι,
1566 2053 1615 2079 καὶ
1630 2052 1743 2084 πάντες
1765 2051 1800 2079 ἓν

1011 2103 1092 2136 πόμα
1117 2101 1330 2134 ἐποτίσθημεν,
1346 2101 1390 2131 εἰς
1414 2098 1449 2125 ἐν
1469 2098 1597 2132 πνεῦμα.
1623 2098 1677 2124 Kal
1698 2097 1754 2132 γὰρ
1766 2097 1800 2123 τὸ

1009 2147 1095 2181 σῶμα
1108 2147 1163 2174 οὐκ
1176 2147 1262 2173 ἐστιν
1271 2145 1306 2172 ἓν
1319 2145 1422 2180 μέλος,
1436 2144 1516 2172 ἀλλὰ
1526 2143 1637 2170 πολλά.
1650 2143 1722 2170 Ἐὰν
1731 2143 1800 2177 εῖπῃ

175 2200 219 2225 pes
240 2200 249 2219 :
271 2191 336 2220 Cum
357 2201 408 2220 non
428 2193 479 2220 sim
501 2202 605 2226 manus,
624 2202 675 2221 non
698 2202 755 2221 sum
775 2194 808 2222 de
829 2203 936 2228 corpore
951 2205 960 2223 :

1041 2193 1128 2225 ποῦς,
1139 2192 1183 2219 ὅτι
1191 2193 1252 2219 Οὐκ
1260 2191 1319 2226 εἰμὶ
1328 2190 1404 2226 χεὶρ,
1415 2192 1470 2218 οὐκ
1478 2190 1537 2225 ειμι
1547 2191 1581 2217 ἐκ
1590 2190 1644 2217 τοῦ
1652 2189 1800 2224 σώματος.

177 2244 240 2263 num
255 2236 353 2263 idcirco
368 2245 417 2263 non
433 2241 471 2263 est
486 2238 517 2264 de
532 2245 640 2268 corpore
651 2239 664 2265 7
683 2237 717 2264 Et
735 2238 758 2264 ei
771 2237 842 2265 dicat
858 2241 931 2267 auris
950 2249 958 2267 .-

177 2280 243 2308 Cum
262 2290 312 2308 non
338 2282 388 2308 sim
411 2282 513 2314 oculus,
527 2291 577 2309 non
603 2291 660 2309 sum
686 2283 716 2310 de
740 2291 848 2318 corpore
869 2292 878 2311 .'
897 2293 960 2312 num

175 2327 272 2354 idcirco
288 2335 340 2354 non
356 2331 393 2354 est
412 2328 443 2354 de
461 2329 587 2361 corpore?
602 2327 631 2354 Si
651 2332 734 2354 totum
751 2336 844 2363 corpus
858 2330 959 2362 oculus,

176 2374 221 2399 ubi
234 2373 364 2400 auditus?
383 2373 407 2399 si
426 2378 508 2400 totum
530 2373 649 2404 auditus,
670 2373 713 2399 ubi
728 2373 866 2409 olfactu?
882 2375 960 2402 Num:

176 2427 262 2446 autem
278 2419 376 2453 posuit,
388 2418 456 2445 Deus
472 2418 599 2449 membra,
612 2420 813 2454 unumquodque
827 2428 917 2447 eorum
933 2422 959 2447 in

176 2472 283 2498 corpore
297 2463 516 2497 quemadmodum
533 2463 623 2490 valuit.
642 2463 719 2496 Quod
734 2465 757 2491 si
770 2469 855 2492 essent
873 2465 960 2492 omnia

176 2519 256 2536 unum
279 2511 434 2542 membrum,
458 2509 502 2536 ubi
527 2511 644 2544 corpus?
665 2509 742 2537 Nunc
764 2515 851 2538 autem
877 2511 960 2537 multa

174 2556 280 2591 qui/em
298 2555 424 2587 membra,
446 2563 525 2581 unum
542 2563 600 2582 vero
617 2564 722 2590 corpus.

219 2601 261 2628 Ἐν
277 2601 328 2633 ἑνί,
344 2601 369 2628 id
385 2606 436 2634 est,
452 2601 485 2627 δι’
495 2602 563 2634 ἑνός,
582 2603 633 2630 hoc
648 2607 700 2635 est,
717 2610 763 2638 per
779 2600 958 2629 unum.c0m.

177 2655 226 2675 nos
242 2648 268 2674 in
284 2654 368 2674 unum
384 2654 494 2681 corpus.
507 2656 516 2673 ι
537 2647 637 2675 Deinde
651 2647 790 2683 subjungit
801 2648 882 2675 etiam
894 2648 958 2683 quid

177 2693 299 2722 (ἠΐθεοι-ιι
319 2701 414 2721 omnes
438 2701 500 2721 esse
522 2701 606 2721 unum
630 2701 748 2728 corpus.
780 2701 876 2728 nempe
899 2702 961 2722 esse

178 2748 263 2767 unum
281 2740 424 2775 Spiritum,
439 2744 467 2767 et
486 2747 582 2767 omnes
601 2739 636 2767 ab
655 2747 709 2766 uno
729 2739 881 2773 baptizatos
899 2740 960 2775 Spi-

179 2785 231 2811 )‘iltl
256 2793 317 2813 esse
339 2787 365 2813 in
391 2793 475 2813 unum
497 2793 596 2821 corpus
622 2794 628 2811 :
656 2785 707 2812 hoc
729 2789 781 2818 est,
805 2785 838 2812 ad
858 2785 910 2813 hoc
931 2790 960 2813 ut

214 2877 334 2906 "'Joan.
354 2887 392 2913 ιιι,
407 2879 433 2906 8.

1014 2240 1048 2266 οὐ
1064 2238 1142 2271 παρὰ
1164 2237 1251 2264 τοῦτο
1267 2237 1322 2263 οὐκ
1335 2238 1421 2262 ἐστιν
1439 2236 1473 2263 ἐκ
1498 2236 1552 2263 τοῦ
1569 2236 1729 2269 σώματοςῖ
1747 2235 1800 2262 Καὶ

1013 2285 1066 2311 ἐὰν
1079 2284 1149 2317 εἴπῃ
1166 2283 1199 2309 τὸ
1217 2280 1282 2315 οὖς,
1297 2281 1360 2309 Οὐκ
1375 2282 1433 2316 εἰμὶ
1458 2282 1493 2308 ὲκ
1508 2282 1561 2308 τοῦ
1588 2281 1737 2315 σώματος,
1766 2281 1801 2307 οὐ

1014 2331 1093 2365 παρὰ
1107 2330 1194 2357 τοῦτο
1210 2330 1266 2356 οὐκ
1281 2329 1368 2356 ἔστιν
1378 2330 1412 2355 ὲκ
1427 2329 1481 2356 τοῦ
1496 2329 1632 2362 σώματος
1646 2336 1655 2360 ;
1673 2330 1708 2355 El
1729 2328 1802 2354 ὅλον

1014 2378 1045 2404 τὸ
1062 2377 1148 2411 σῶμα
1164 2377 1327 2411 ὀφθαλμὸς,
1340 2376 1399 2403 ποῦ
1410 2377 1429 2410 ἡ
1444 2375 1519 2408 ἀκοή
1532 2376 1574 2407 ;εῖ
1591 2375 1665 2402 ὅλον
1684 2376 1704 2410 ἡ
1714 2375 1799 2407 ἀκοὴ,

1014 2422 1071 2449 ποῦ
1085 2423 1104 2454 ἡ
1118 2422 1288 2456 ὄσφρησις-ς
1308 2421 1383 2448 Νυνὶ
1399 2421 1433 2447 δὲ
1448 2422 1464 2448 ὀ
1491 2421 1565 2454 Θεὸς
1579 2421 1662 2447 ἔθετο
1673 2420 1709 2446 τὰ
1722 2421 1800 2454 μέλη

1012 2466 1047 2493 ἓν·
1064 2467 1193 2494 ἕκαστον
1203 2466 1302 2493 αὐτῶν
1313 2466 1347 2492 ἐν
1357 2465 1397 2498 τῷ
1408 2466 1519 2500 σώματι
1527 2464 1624 2497 καθὼς
1637 2465 1798 2498 ἠθέλησεν.

1013 2514 1046 2540 Εἰ
1061 2512 1095 2539 δὲ
1107 2510 1146 2547 ἦν
1159 2512 1194 2539 τὰ
1203 2512 1261 2547 μὲν
1273 2511 1349 2546 μέλη
1374 2511 1418 2544 ἓν,
1442 2511 1501 2538 ποῦ
1516 2511 1550 2538 τὸ
1563 2510 1669 2545 σῶμα;
1687 2509 1756 2537 Νῦν
1768 2510 1800 2537 δὲ

1010 2560 1110 2586 πολλὰ
1120 2558 1178 2593 μὲν
1188 2558 1276 2593 μέλη,
1292 2557 1328 2585 ἓν
1341 2558 1376 2584 δὲ
1387 2556 1483 2592 σῶμα.

1045 2602 1107 2632 Οἷον
1121 2605 1154 2631 δι’
1175 2604 1245 2636 ἐνὸς,
1273 2613 1283 2630 ι
1296 2604 1399 2635 Πάντες
1420 2603 1460 2634 εἰς
1476 2603 1506 2629 ἓν
1522 2603 1613 2637 σῶμα,
1627 2611 1636 2628 ι
1660 2599 1728 2629 Εἶτα
1751 2603 1799 2628 ἐπ-

1012 2649 1073 2683 άγει
1087 2649 1134 2675 καὶ
1142 2648 1171 2675 τδ
1179 2648 1367 2676 κατασκιάσαν
1380 2648 1485 2678 πάντας
1493 2647 1522 2674 ἓν
1536 2647 1626 2681 σῶμα,
1640 2647 1671 2674 τὸ
1685 2645 1755 2674 εἶναι
1769 2645 1797 2673 ἐν

1011 2695 1042 2722 τὺ
1061 2694 1183 2729 Πνεῦμα,
1204 2694 1250 2721 καὶ
1272 2694 1376 2726 πάντας
1399 2693 1452 2720 ὑπὸ
1475 2692 1523 2719 τοῦ
1539 2693 1598 2724 ἐνδς
1621 2692 1795 2728 βεϐαπτίσθαι

1013 2739 1171 2774 Πνεύματος
1190 2740 1230 2771 είς
1241 2739 1269 2766 ἓν
1295 2740 1385 2774 σῶμα,
1399 2738 1552 2771 τουτέστιν,
1579 2739 1620 2770 είς
1634 2739 1665 2764 τὸ
1686 2737 1795 2771 ποιῆσαι

1015 2787 1117 2818 πάντας
1132 2786 1210 2821 σῶμα
1223 2786 1261 2813 ἓν.
1276 2786 1350 2818 Τέως
1362 2785 1392 2812 δὲ
1405 2785 1448 2813 διὰ
1471 2785 1519 2812 δύο
1540 2784 1643 2812 τούτων
1670 2791 1793 2819 παραμυ-
