1872 3053
72 135 133 167 82!

555 134 747 166 COMMENT.
767 133 806 164 IN
823 132 941 164 EPIST.
960 133 973 164 l
992 134 1042 164 AD
1061 133 1240 164 CORINTH.

1646 131 1700 162 8‘22

74 191 170 218 θεῖται
185 191 230 217 τδν
244 190 274 217 τὺ
287 190 396 217 ἔλαττον
415 189 511 226 ἔχοντα
524 192 656 226 χάρισμα,
673 191 712 226 τῷ
723 200 753 217 τε
777 192 863 217 εἰπεῖν

961 197 1009 218 nes
1024 189 1160 218 eﬂicerent
1179 197 1262 216 untun
1277 195 1388 224 corpus.
1409 187 1519 215 lttlel'itll
1541 192 1630 214 autem
1651 197 1698 222 per

75 237 124 263 ὅτι
141 236 170 262 ἒν
187 236 267 269 σῶμα
287 236 387 268 πάντες
403 237 497 270 ἐσμὲν,
527 238 574 263 καὶ
598 237 637 272 τῷ
652 238 740 263 εἰπεῖν
755 237 797 264 διὰ
819 237 866 263 τοῦ

75 281 171 308 αὐτοῦ
188 281 349 317 Πνεύματος
369 283 416 308 καὶ
433 283 481 317 τῆς
495 283 580 318 αὐτῆς
607 282 811 317 κολυμϐήθρας,
837 282 867 308 ἓν

75 328 158 362 ἡμᾶς
170 328 323 362 γεγονέναι.
335 337 344 353 ι
352 328 399 354 Ἓν
411 328 485 362 πόμα
493 327 676 363 ἐποτίσθημεν
692 328 731 358 εἰς
740 327 774 353 ἐν
784 326 868 353 Πνεῦ-

76 381 132 406 μα.
151 382 160 398 ι
181 373 304 405 Δι’ἑνὸς,
320 374 396 408 φησὶ,
414 373 572 407 Πνεῦματος
584 375 739 409 ἐσχήκαμεν
753 373 806 399 τῶν
820 382 868 408 χα-

78 418 226 453 ρισμάτων
240 419 287 453 τὴν
300 419 412 454 δωρεάν.
422 429 431 445 ι
441 419 640 454 Ἐποτεσοημεν
652 429 660 445 ι
674 419 702 445 δὲ
715 417 800 451 εἶπεν,
815 419 868 445 ἀπὸ

77 465 242 498 μεταφορᾶς
256 464 310 490 τῶν
326 464 453 499 δένδρων.
471 465 524 491 τῶν
543 465 576 491 ἐκ
587 464 637 499 τῆς
652 464 737 499 αὐτῆς
751 464 865 499 ἀρδομὲ-

74 516 134 535 νων
149 510 253 544 πηγῆς.
269 519 278 535 ‹
293 510 347 536 Καὶ
360 511 414 545 γὰρ
426 510 455 536 τὸ
470 511 548 545 σῶμα
574 510 624 537 οὐκ
634 510 706 536 ἔστιν
731 509 759 536 ἓν
778 509 867 544 μέλος,

77 554 151 581 ἀλλὰ
167 555 262 582 πολλά.
279 566 288 582 ι
306 556 362 582 Καὶ
381 555 419 591 μὴ
431 555 586 591 θαυμάσῃς,
604 557 697 590 φησὶν,
710 557 734 582 ει
747 555 868 582 τοσοῦτοι

77 599 159 630 ὄντες
176 600 205 625 ἓν
221 600 301 635 σῶμά
318 601 413 634 ἐσμεν,
428 601 508 627 ὁπότε
519 602 567 627 καὶ
578 602 624 628 ἐπὶ
639 601 684 627 τοῦ
699 600 867 636 ἀνθρωπίνου

77 645 211 680 σώματος
225 647 278 673 ἀπὸ
292 647 396 674 πολλῶν
413 648 511 682 μελῶν,
525 648 555 673 ἓν
581 648 656 674 ἔστιν
669 647 759 682 εὑρεῖν
770 647 800 673 τὸ
816 647 869 673 σῶ-

47 683 54 694 ’
77 700 129 726 μα.
145 692 188 718 Τὰ
195 692 223 719 δὲ
233 693 300 728 πρὸς
310 693 429 724 ἐκείνους
439 693 556 728 ἁρμόδια
569 694 678 729 ῥήματα
688 692 726 724 ὡς
738 693 771 718 ὲκ
785 701 869 727 προσ-

75 736 157 763 ώπου
176 737 231 763 τῶν
254 737 343 772 μελῶν
359 738 477 769 τέθεικε,
497 737 582 770 δεῖξαι
607 737 691 764 θέλων
705 739 745 764 ὅτι
770 739 795 764 εἰ
823 738 870 764 καὶ

77 780 196 808 ἔλαττόν
210 791 253 814 τις
268 783 325 818 ἔχει
338 784 472 819 χάρισμα,
482 785 512 810 οὺ
529 784 605 819 παρὰ
615 784 693 811 τοῦτο
707 784 870 819 ὲκόέὸληται

77 827 126 853 τοῦ
143 826 217 855 εἶναι
231 829 310 864 μέλος
327 830 374 856 τοῦ
395 830 529 864 σώματος.
553 831 608 857 Καὶ
625 830 680 865 γὰρ
697 830 744 857 καὶ
759 831 807 857 ἐπὶ
822 830 870 857 τοῦ

919 235 976 263 haec
989 236 1045 263 duo
1060 236 1218 263 consolatur
1233 242 1294 263 cum
1310 235 1354 269 qui
1374 235 1464 262 minus
1479 234 1559 261 habet
1575 234 1675 261 donum
1693 244 1699 261 :

918 286 973 308 tum
986 282 1100 309 dicendo
1113 282 1185 317 quod
1199 289 1294 309 omnes
1310 289 1394 308 unum
1409 288 1509 316 corpus
1525 288 1630 311 sumus,
1645 284 1700 306 tum

918 328 1032 356 dicendo
1053 329 1125 363 quod
1147 336 1196 363 per
1217 336 1302 355 unum
1326 328 1459 363 Spiritum
1483 327 1609 362 idemque
1628 327 1701 354 lava-

918 382 994 402 crum
1008 383 1091 402 unum
1106 375 1194 402 eifccti
1211 383 1319 402 sumus.
1337 384 1346 400 ι
1368 374 1428 402 Uno
1444 375 1542 410 poculo
1557 374 1637 408 rigati
1653 381 1702 401 su~

919 427 979 447 ntus
997 421 1024 446 in
1046 427 1130 447 unum
1147 419 1295 454 Spiritum.
1313 429 1322 446 ι
1341 419 1393 446 Per
1409 427 1507 452 unum,
1522 419 1622 453 inquit,
1639 417 1702 453 Spi-

918 466 1001 492 ritum
1024 466 1180 500 accepimus
1208 465 1324 501 gratiam
1347 466 1492 494 donorum.
1517 465 1587 492 Dicit
1610 469 1701 492 autem

918 511 997 546 rigati
1016 520 1109 539 sumus
1123 512 1156 539 ab
1168 512 1296 539 arborum
1314 514 1473 548 metaphora
1489 520 1549 547 qua:
1560 520 1592 539 cx
1605 511 1701 539 eodem

919 556 992 584 fonte
1008 558 1166 592 irrigantur.
1187 566 1198 583 ιι
1214 557 1354 593 Siquidem
1370 566 1471 593 corpus
1488 566 1542 585 non
1559 561 1601 585 est
1617 565 1703 584 unum

918 601 1082 634 membrum,
1097 602 1144 629 sed
1161 602 1256 629 multa.
1272 612 1281 628 ι
1301 602 1339 630 Ne
1355 603 1472 635 mireris.
1487 603 1587 641 inquit,
1604 603 1627 630 si
1647 606 1702 629 tam

919 648 996 675 multi
1018 655 1102 675 unum
1126 647 1214 675 simus
1234 655 1346 683 corpus,
1371 649 1482 684 quando
1501 649 1583 676 etiam
1604 649 1631 675 in
1654 648 1703 675 hu-

919 702 1001 722 mano
1017 702 1132 729 corpore
1152 702 1186 722 ex
1207 694 1299 721 multis
1319 695 1450 722 membris
1477 703 1560 722 unum
1581 694 1703 721 invonia-

919 744 964 767 tur
988 740 1117 767 constitui
1144 748 1256 776 corpus.
1288 739 1385 767 Posuit
1410 745 1501 768 atttem
1526 748 1559 767 ex
1586 748 1702 775 persona

921 787 1104 813 membrorum
1120 786 1215 818 verba,
1230 794 1291 820 quae
1306 785 1430 820 apprinte
1444 785 1597 813 Corinthiis
1611 789 1704 812 essent

920 831 1112 863 accommoda,
1141 831 1219 866 541
1251 831 1396 859 ostendere
1422 831 1516 858 volens
1542 830 1613 866 quod
1641 830 1704 857 licet

76 872 255 907 ἀνθρωπίνου
266 863 462 911 συγκρίματος,
477 875 524 902 καὶ
538 875 568 902 τὸ
593 863 702 902 ἔλαττον
717 876 763 902 καὶ
783 876 813 902 τὸ
830 885 870 902 τι-

961 877 1057 912 ispiam
1081 877 1171 904 minus
1188 877 1288 904 habeat
1311 876 1424 909 donum,
1449 885 1503 904 non
1527 877 1562 904 ob
1584 876 1636 904 hoc
1660 884 1705 904 re-

78 920 229 956 μιώτερον,
246 923 286 954 εἰς
296 922 325 948 ἓν
338 923 458 950 συντελεῖ
470 923 559 957 σῶμα.

920 923 1010 958 jectus
1025 927 1077 956 est,
1094 930 1128 950 tte
1144 923 1180 950 sit
1195 923 1318 958 corporis
1333 923 1496 950 membrum.
1518 922 1658 958 Siquidem
1676 922 1704 948 in

77 965 206 995 humano
218 976 327 1003 quoque
342 974 502 1005 coagmento
515 973 542 997 et
556 969 629 1004 quod
643 969 776 1004 abiectius
787 973 830 997 est
843 972 870 997 et
888 969 961 1005 quod
983 969 1182 1003 honorabilius,
1203 969 1236 996 ad
1261 969 1343 998 unius
1363 969 1487 1005 corporis
1525 976 1704 997 consumma-

78 1015 187 1042 tionem
203 1016 359 1043 conferunt.

115 1117 126 1132 ι
149 1107 217 1134 Ἐὰν
244 1109 307 1145 εἴπῃ
335 1109 350 1136 ὁ
373 1109 468 1142 ποῦς.)
502 1110 566 1138 Ἐὰν
602 1111 681 1140 τοῦτο
706 1112 792 1149 εἴπῃ,
830 1112 871 1139 ὅτι

80 1161 88 1176 ι
107 1151 170 1179 Οὔκ
183 1152 241 1187 εἰμὶ
255 1154 286 1180 ὲκ
302 1153 438 1189 σώματος,
453 1165 462 1181 ι
485 1156 514 1183 οὗ
534 1157 609 1191 παρὰ
624 1157 655 1183 τὸ
672 1157 771 1189 εἰπεῖν.
786 1167 795 1183 ο
812 1158 870 1184 Οὐκ

77 1199 147 1233 εἰμὶ,
169 1207 182 1224 θ
199 1199 248 1234 ήδη
276 1200 381 1235 ἀπέστη
411 1201 442 1228 ἐκ
468 1202 663 1237 τοῦσώματος.
695 1203 786 1236 Οὕτως
810 1203 870 1230 οὐδὲ

80 1244 112 1270 σὺ
139 1245 238 1280 ἐπειδὴ
254 1246 313 1272 τόδε
342 1247 414 1282 ἔχεις
431 1248 556 1283 χάρισμα
573 1249 620 1276 καὶ
635 1249 695 1285 οὐχὶ
718 1250 788 1282 τόδε,
817 1250 868 1285 ἤδη

79 1290 224 1317 πέπαυσαι
238 1291 284 1317 τοῦ
301 1289 370 1318 εἷμα
396 1293 475 1329 σῶμα
500 1293 530 1320 ἓν
560 1295 608 1321 σὺν
633 1296 690 1326 τοῖς
704 1295 804 1327 ἄλλοις.
821 1295 868 1322 «Εἰ

77 1337 138 1364 ὅλον
168 1338 200 1365 τὸ
223 1339 303 1374 σῶμα
327 1340 492 1376 ὀφθαλμός-ι
518 1343 627 1379 Ἐπειδὴ
651 1343 791 1379 ὀφθαλμοῦ
820 1344 868 1371 καὶ

79 1384 162 1416 ποδὸς
181 1385 302 1420 ἐμνήσθη
314 1405 322 1418 ,
337 1386 368 1413 ἐκ
378 1387 405 1413 δὲ
422 1388 516 1415 τούτου
533 1389 668 1424 ἐλύπησεν
695 1389 870 1425 αἰνιξάμενος

78 1429 125 1455 καί
157 1430 259 1462 αὐτοὺς
284 1430 430 1459 ἐλάττωσιν
451 1442 510 1460 τινα
523 1433 611 1468 ἔχειν,
634 1434 728 1470 ὥσπερ
755 1436 803 1462 καὶ
822 1436 869 1462 ὲπὶ

79 1475 133 1501 τῶν
158 1476 261 1510 μελῶν,
285 1477 332 1504 νῦν
355 1478 490 1505 δείκνυσιν
505 1479 593 1512 οὕτως
613 1478 684 1507 εἶναι
715 1481 867 1516 συμφέρον,

79 1522 107 1546 τὺ
132 1521 252 1557 διάφορα
266 1520 334 1550 εἶναι
349 1523 516 1559 χαρίσματα,
546 1525 650 1561 Ὠσπερ
671 1525 724 1561 γὰρ
741 1526 770 1553 τὺ
790 1526 869 1561 σῶμα

77 1567 120 1594 διὰ
139 1567 224 1594 τοῦτό
253 1569 311 1595 ἐστι
340 1569 438 1604 σῶμα,
465 1569 558 1606 ἐπειδὴ
584 1571 617 1598 ἐκ
645 1571 780 1606 διαφόρων
807 1580 871 1598 συν-

959 1121 969 1138 (
989 1111 1101 1140 Sidicat
1117 1119 1174 1148 pes.
1194 1121 1204 1138 ›
1221 1111 1248 1139 Si
1262 1111 1314 1139 hoc
1329 1111 1417 1139 dicat:
1434 1121 1443 1138 ι
1458 1111 1514 1139 Non
1527 1118 1587 1139 sum
1598 1111 1631 1139 de
1643 1119 1707 1139 cor—

922 1163 997 1192 pore,
1014 1167 1023 1183 ι
1041 1165 1096 1184 non
1128 1162 1240 1193 propter
1265 1157 1332 1185 illud
1359 1157 1462 1190 dicere,
1481 1166 1490 1183 ι
1517 1156 1574 1184 Non
1600 1164 1671 1190 sum,
1691 1166 1700 1183 ι

919 1203 975 1239 jam
990 1204 1067 1231 abest
1089 1211 1105 1231 a
1124 1211 1254 1238 corpore:
1273 1204 1312 1230 sic
1340 1211 1428 1238 neque
1454 1208 1482 1231 tu
1509 1211 1542 1231 eo
1557 1203 1630 1239 quod
1651 1204 1704 1232 hoc

923 1249 1023 1276 habeas
1040 1249 1141 1276 donum
1155 1253 1182 1276 et
1199 1256 1252 1276 non
1267 1249 1343 1281 illud,
1360 1249 1415 1282 jam
1432 1249 1534 1277 desinis
1549 1257 1609 1276 cum
1625 1254 1705 1276 caete-

921 1295 959 1321 ris
971 1302 1055 1321 unum
1068 1294 1174 1321 edicere
1190 1302 1301 1329 corpus.
1324 1304 1333 1319 ι
1354 1294 1381 1321 Si
1401 1298 1488 1321 totum
1509 1302 1609 1329 corpus
1636 1302 1704 1322 ocu-

919 1339 972 1366 lus.
992 1349 1001 1365 ι
1017 1339 1243 1374 Quandoquidem
1270 1339 1343 1366 oculi
1367 1347 1399 1366 ac
1425 1339 1502 1374 pedis
1522 1340 1656 1371 meminit,
1677 1344 1705 1367 et

918 1393 950 1413 ex
968 1385 1020 1412 hoc
1029 1392 1146 1412 mmrore
1161 1393 1207 1413 eos
1217 1384 1318 1417 aﬂ‘ecit,
1346 1385 1465 1412 innitens
1480 1386 1553 1420 ipsos
1570 1385 1705 1420 quodam-

921 1431 1004 1458 modo
1018 1431 1162 1458 inferiores
1179 1439 1250 1464 esse,
1267 1431 1498 1466 quemadmodum
1516 1435 1543 1458 et
1562 1431 1589 1458 in
1619 1439 1705 1459 mem-

919 1477 996 1504 bris:
1013 1477 1134 1504 ostendit
1161 1484 1236 1504 nunc
1266 1478 1301 1504 ita
1328 1477 1467 1512 expedire,
1496 1481 1524 1504 ut
1550 1477 1622 1504 varia
1650 1478 1707 1505 sint

922 1521 1004 1548 dona.
1023 1521 1099 1549 Sicut
1115 1522 1188 1549 enim
1206 1529 1306 1556 corpus
1330 1522 1390 1549 ideo
1408 1527 1449 1549 est
1462 1530 1573 1557 corpus,
1589 1524 1652 1558 quia
1672 1532 1704 1550 ex

923 1568 1007 1595 variis
1024 1568 1203 1595 constituitur
1218 1568 1364 1596 membris:
1380 1569 1415 1595 ita
1431 1573 1457 1595 et
1473 1576 1575 1603 corpus
1590 1570 1705 1599 Christi.

78 1615 182 1648 ἔστηκε
203 1613 301 1649 μελῶν,
317 1614 405 1647 οὕτως
433 1616 481 1642 καὶ
510 1616 540 1642 τὺ
565 1616 644 1651 σῶμα
667 1617 713 1643 τοῦ
735 1618 866 1653 Χριστοῦ,

968 1617 1021 1646 est,
1043 1613 1207 1647 Ecclesiam,
1228 1613 1279 1641 hee
1309 1613 1373 1640 facit
1387 1621 1448 1641 esse
1473 1621 1582 1647 corpus,
1610 1623 1708 1648 nempe

79 1660 206 1686 τουτέστι
231 1661 282 1696 τὴν
306 1660 482 1696 Ἐκκλησίαν,
497 1661 577 1688 τοῦτο
604 1660 676 1690 εἶναι
692 1664 763 1690 ποιεῖ
777 1663 869 1698 σῶμα,

78 1708 94 1741 ἡ
107 1706 230 1742 διαφορὰ
246 1707 301 1733 τῶν
330 1707 513 1743 χαρισμάτων
532 1708 580 1735 καὶ
604 1709 758 1736 διακονιῶν.
776 1718 785 1735 ι
801 1710 871 1736 Νυνὶ

78 1753 104 1779 δὲ
116 1755 130 1780 ὁ
144 1753 215 1785 Θεὸς
232 1753 335 1780 ἔθετο.)
348 1754 420 1788 ’Ὀρα
438 1754 578 1781 κάνταῦθα
613 1754 672 1786 πῶς
705 1755 870 1791 τρανότερον

79 1801 124 1826 καὶ
135 1800 225 1835 χωρίς
241 1809 313 1832 τινος
328 1801 538 1836 ἁμφιϐολογίας,
553 1801 584 1828 τὸ
608 1801 721 1837 Πνεῦμα
735 1801 801 1829 Θεὸν
821 1803 870 1829 ἀν-

79 1846 225 1881 εχήρυξεν.
247 1846 338 1873 Εἰπὼν
351 1845 405 1882 γὰρ
424 1847 478 1881 πρὸ
492 1846 608 1882 βραχέος
621 1847 664 1873 ὅτι
675 1847 765 1874 πάντα
783 1848 872 1874 ταῦτα

79 1892 110 1918 τὸ
136 1891 250 1927 πνεῦμα
280 1892 398 1928 ἐνεργεῖ,
415 1893 462 1919 νῦν
490 1893 570 1920 πάλιν
601 1893 666 1928 περὶ
694 1893 749 1920 τῶν
778 1894 869 1921 αὐτῶν

80 1938 170 1972 λέγων
197 1937 280 1972 φησιν
291 1945 298 1953 ·
314 1947 324 1963 ε
344 1938 374 1965 '0
388 1938 453 1970 Θεὸς
467 1938 542 1965 ἔθετο
561 1939 597 1966 τὰ
617 1939 686 1974 μέλη
708 1938 738 1966 ἓν
754 1939 870 1966 ἕκαστον

80 1984 172 2010 αὐτῶν
186 1983 278 2015 καθὼς
297 1984 439 2020 ἠθέλησεν.
453 1994 462 2011 ι
481 1985 557 2020 Μέλη
569 1985 634 2021 γὰρ,
648 1986 712 2017 τοὺς
722 1985 756 2012 τὰ
787 1985 869 2021 χαρι-

82 2038 176 2065 σμιιτα
194 2030 228 2057 τὰ
242 2030 359 2065 διάφορα
380 2030 455 2065 παρὰ
485 2031 531 2058 τοῦ
550 2031 704 2066 πνεύματος
726 2031 872 2066 εἰληφότας

80 2076 210 2111 ὠνόμασε
227 2077 326 2103 ’κάκεῖ
365 2076 415 2112 μὲν
437 2076 541 2110 ἔλεγεν,
573 2076 718 2112 «Ἑνεργεϊ
747 2078 870 2113 διαιροῦν

82 2123 193 2157 ἑκάστῳ
208 2123 298 2154 καθὼς
315 2123 466 2157 βούλεται-ι
485 2120 535 2149 ὦδε
546 2123 586 2155 δὲ,
609 2131 618 2148 ε
637 2123 735 2150 Ἐὓετο
751 2123 868 2150 ἕκαστον

81 2169 174 2195 αὐτῶν
203 2170 232 2194 ἐν
259 2168 297 2203 τῷ
322 2168 429 2203 σώματι
456 2167 547 2199 καθὼς
572 2167 714 2203 ἠθέλησεν.
735 2178 744 2195 ι
770 2169 800 2195 Εἰ
821 2167 869 2195 οὖν

80 2215 94 2239 ὁ
125 2213 195 2245 Θεὸς
227 2213 311 2244 οὕτως
345 2213 487 2249 ἠθέλησεν,
520 2213 621 2240 ἄτοπον
659 2213 690 2239 τὸ
726 2213 869 2248 ἀδημονεῖν

81 2261 122 2294 ἐρ’
140 2258 182 2291 οἷς
203 2260 217 2286 ὀ
232 2261 297 2291 Θεὸς
317 2260 444 2296 ἠθέλησε.
459 2261 496 2287 Τὸ
511 2260 550 2292 δὲ,
564 2270 573 2286 ‹
595 2259 694 2291 Καθὼς
707 2260 866 2295 ἠθέλησεν,ι

921 1657 1068 1686 diversitas
1083 1658 1217 1686 donorum
1227 1666 1258 1685 ae
1269 1660 1472 1694 mysteriorum,
1496 1659 1593 1686 iNunc
1615 1665 1705 1687 autent

921 1704 1013 1738 posuit
1030 1704 1111 1732 Deus.
1131 1704 1305 1734 tConsidera
1331 1708 1357 1732 et
1384 1706 1428 1732 hic
1453 1706 1592 1740 quomodo
1616 1712 1707 1740 aperte

921 1754 948 1777 et
974 1750 1034 1778 sine
1062 1751 1117 1778 ulla
1145 1751 1324 1786 ambiguitate
1352 1751 1486 1786 Spiritum
1517 1751 1708 1785 prmdicaverit

921 1804 983 1824 esse
999 1797 1094 1824 Deum.
1108 1797 1175 1825 Cum
1201 1797 1273 1825 enim
1296 1798 1376 1832 paulo
1393 1803 1455 1825 ante
1494 1798 1607 1826 dixisset
1634 1800 1706 1834 quod

922 1843 1013 1870 omnia
1035 1843 1092 1870 haec
1111 1843 1231 1879 Spiritus
1260 1847 1402 1878 operetur,
1434 1851 1507 1871 nunc
1535 1852 1644 1872 rursum
1673 1846 1708 1872 de

921 1887 1024 1916 eisdem
1041 1888 1167 1923 loquens,
1179 1889 1235 1915 ait:
1256 1897 1264 1914 t
1284 1888 1377 1916 Posuit
1390 1888 1461 1917 Deus
1474 1890 1605 1922 membra,
1622 1898 1706 1917 unum

922 1934 1050 1968 quodque
1067 1941 1162 1961 eorum
1181 1934 1253 1961 sicut
1277 1934 1379 1966 voluit;
1395 1942 1404 1959 I
1435 1934 1557 1961 membra
1575 1943 1706 1970 namque-

922 1980 1069 2014 appellavit
1080 1987 1127 2008 eos
1140 1981 1187 2015 qui
1206 1979 1279 2006 varia
1295 1979 1366 2007 dona
1383 1987 1398 2006 a
1411 1979 1513 2015 Spiritu
1530 1986 1704 2015 acceperant.

919 2027 997 2055 Etihi
1005 2026 1114 2062 quidem
1128 2027 1246 2054 dicebat:
1259 2025 1395 2061 Operatur
1417 2026 1543 2054 dividens
1556 2027 1706 2062 unicuique

921 2074 992 2101 sicut
1007 2074 1113 2106 vult";
1135 2083 1145 2100 ι
1163 2072 1208 2101 hic
1223 2076 1313 2100 autem
1331 2080 1339 2099 :
1360 2071 1475 2100 tPosuit
1490 2073 1707 2108 unumquodque

921 2127 1014 2147 eorum
1033 2120 1059 2147 in
1072 2127 1187 2154 corpore
1206 2118 1437 2154 quemadmodum
1455 2118 1550 2146 voluit.
1567 2127 1576 2144 t
1594 2117 1621 2145 Si
1640 2126 1705 2151 ergo

920 2166 957 2193 ita
977 2165 1047 2193 Deus
1067 2166 1164 2196 voluit,
1181 2164 1332 2192 absurdum
1349 2168 1391 2191 est
1404 2164 1524 2199 graviter
1537 2165 1655 2196 anxiari,
1670 2165 1706 2191 ob

921 2220 952 2239 ea
970 2220 1031 2246 qum
1058 2211 1128 2238 Deus
1153 2211 1189 2237 ita
1208 2210 1266 2237 ﬁeri
1291 2210 1387 2237 voluit.
1418 2210 1495 2242 Quod
1524 2215 1614 2238 autem
1646 2211 1705 2237 ait:

924 2267 932 2285 ι
949 2257 1185 2291 Quemadmodum
1205 2256 1300 2289 voluit,
1319 2266 1329 2282 ι
1350 2256 1477 2291 superius
1488 2256 1521 2283 de
1538 2256 1641 2291 Spiritu
1661 2257 1706 2284 tli-

81 2307 135 2332 ἆνω
161 2305 283 2341 περὶτοῦ
296 2306 452 2341 Πνεύματος
465 2304 552 2338 εἶπεν,
575 2315 584 2332 ι
606 2307 650 2333 Ἐν
674 2306 713 2332 ἑνὶ
727 2306 865 2340 Πνεῦμα-ει

966 2313 971 2331 :
992 2314 1000 2329 ε
1018 2303 1069 2331 Per
1083 2311 1166 2330 unum
1181 2303 1311 2338 Spiritum
1333 2310 1383 2330 nos
1398 2310 1503 2330 omnes.
1520 2312 1529 2328 ι
1553 2302 1599 2330 Et:
1612 2313 1621 2330 ι
1639 2303 1704 2331 0m-

83 2353 163 2387 ἡμεῖς
177 2352 285 2383 πάντες.
303 2362 312 2377 t
329 2352 394 2383 Καὶ,
410 2362 418 2377 ι
435 2353 536 2383 Πάντες
548 2352 576 2379 ἓν
592 2353 667 2387 πόμα.
686 2352 870 2387 ἐποτίσθημεν

83 2399 122 2430 εἰς
151 2398 180 2425 ἓν
200 2398 339 2432 Πνεῦμα.»
361 2398 416 2425 Καὶ
446 2398 541 2434 ἐπειδὴ
569 2399 607 2430 εἱς
629 2399 657 2424 ἒν
666 2398 778 2433 Πνεῦμα
799 2398 868 2425 πάν-

83 2453 136 2477 τες,
160 2445 206 2471 καὶ
222 2443 270 2470 τοῦ
288 2444 447 2480 Πνεύματος
479 2445 508 2471 τδ
528 2444 649 2479 θέλημα.
673 2446 719 2470 καὶ
745 2444 811 2475 Θεὸς
839 2444 870 2471 τὸ

85 2491 208 2526 Πνεῦμα.
221 2500 230 2516 ι
249 2491 283 2516 Ἦ
297 2491 415 2526 καὶπερὶ
429 2491 492 2526 ὅλης
508 2490 556 2525 τῆς
569 2491 649 2524 ἁγίας
675 2491 788 2525 Τριάδος
807 2491 871 2525 νοή-

84 2545 150 2568 σεις.
169 2537 206 2563 Οὐ
222 2537 276 2572 γάρ
297 2537 357 2563 ἐστι
369 2537 487 2572 διαφορὰ
505 2537 555 2568 τῆς
569 2536 713 2571 ὁμοουσίου
728 2536 774 2563 καὶ
798 2544 867 2563 παν-

85 2584 206 2618 υμνήτου
225 2584 349 2618 Τριὰδος.
360 2583 391 2609 Ei.
415 2583 442 2609 δὲ
457 2581 491 2618 ἦν
506 2583 539 2609 τὰ
553 2583 641 2609 πάντα
656 2582 685 2608 ἓν
705 2583 796 2616 μέλος,
816 2582 867 2610 ποῦ

85 2629 115 2655 τὸ
142 2629 239 2664 σῶμα;
258 2630 328 2655 Αὐτὴ
347 2630 378 2655 τὸ
399 2629 492 2655 ποιοῦν
517 2629 630 2655 ἐκείνοις
660 2628 798 2664 πρόφασιν
824 2637 868 2663 μι-

85 2675 243 2710 κροψυχίας,
269 2676 300 2702 τὸ
318 2673 388 2702 εἶναι
417 2675 532 2710 διάφορα
547 2676 580 2702 τὰ
598 2674 767 2709 χαρίσματα,
785 2674 867 2706 αὐτὸς

85 2722 123 2752 εἱς
141 2722 277 2757 πρόφασιν
287 2722 410 2753 ἑνὼσεως
421 2721 564 2757 λαμϐάνει.
589 2720 619 2747 ΕΞ
632 2720 686 2755 γὰρ
715 2719 752 2755 μὴ
764 2719 864 2754 εἴχετε,

86 2767 162 2801 φησὶ,
190 2768 307 2804 διάφορα
318 2769 486 2803 χαρίσματα,
506 2767 565 2794 οὐδὲ
593 2767 672 2802 σῶμα
700 2764 758 2802 ἦτε.
784 2766 867 2802 Σῶμα

122 2855 147 2871 ³⁵
163 2856 172 2884 ι
187 2857 250 2885 Cor.
262 2865 312 2891 xu,
326 2857 367 2884 il.

921 2357 970 2377 nes
985 2357 1040 2376 uno
1060 2350 1157 2384 poculo
1172 2348 1250 2384 rigati
1270 2355 1366 2376 sumus
1381 2348 1407 2375 in
1421 2356 1506 2375 unutn
1529 2348 1672 2383 Spiritum.
1692 2359 1701 2375 ι

922 2395 955 2422 Et
977 2396 1108 2430 quoniam
1133 2394 1160 2421 in
1182 2401 1266 2421 unum
1297 2393 1428 2428 Spiritum
1456 2401 1563 2425 omnes,
1579 2394 1705 2429 etipsins

921 2441 1042 2477 Spiritus
1065 2444 1107 2468 est
1124 2440 1262 2472 voluntas,
1288 2441 1383 2473 utique
1405 2439 1528 2474 Spiritus
1553 2444 1596 2467 est
1620 2439 1703 2468 Deus.

921 2487 1069 2514 Autetiam
1085 2486 1119 2513 de
1139 2490 1193 2512 tota
1209 2489 1305 2513 sancta
1324 2485 1423 2512 Triade
1436 2485 1584 2520 intelliges.
1610 2485 1704 2520 Neque.

922 2535 994 2562 enim
1013 2537 1055 2561 est
1070 2533 1214 2560 diversitas
1238 2532 1265 2558 in
1284 2539 1392 2566 semper
1418 2531 1554 2559 laudanda
1581 2531 1703 2566 ejusdem

922 2580 1048 2607 ossettlitn
1079 2579 1190 2606 Triade.
1221 2577 1299 2610 Quod
1324 2578 1346 2605 si
1378 2583 1471 2605 essent
1501 2577 1591 2604 omnia
1619 2584 1702 2603 unum

923 2627 1086 2657 membrum,
1103 2625 1147 2652 ubi
1162 2625 1281 2659 corpus?
1296 2624 1352 2651 Hoc
1367 2624 1455 2659 ipsum
1469 2623 1540 2658 quod
1560 2623 1613 2649 illis
1627 2630 1704 2649 ocra-

921 2672 963 2699 sio
989 2675 1048 2698 crat
1065 2669 1310 2705 pusillanimitatis.
1334 2675 1430 2702 nempe
1445 2668 1520 2695 varia
1546 2674 1605 2693 esse
1619 2667 1701 2699 dona,

921 2718 979 2752 ipse
999 2717 1032 2745 ad
1049 2717 1223 2744 occasionem
1241 2715 1357 2742 assumit
1376 2713 1498 2741 unitatis.
1520 2711 1586 2738 Nam
1605 2712 1626 2738 si
1648 2720 1701 2738 ηυγ

922 2763 1071 2798 haberetis,
1096 2763 1196 2798 inquit,
1212 2762 1286 2790 varia
1307 2761 1390 2792 dona,
1407 2767 1440 2787 ne
1465 2766 1565 2793 corpus
1592 2758 1704 2794 quidem
