1872 3053
144 168 198 199 835

660 158 858 190 (ECUMENII
879 155 1024 187 TRICCJE
1042 153 1210 185 EPISCUPI

1731 146 1792 181 836

146 223 313 252 temerarius
339 227 387 250 aut
411 226 567 257 protervus.
585 229 593 245 I
616 219 676 246 Non
701 218 813 254 pudeiit.
839 227 847 243 ι
875 216 961 247 Non}

1047 222 1139 249 χουσα,
1157 214 1206 240 οὐκ
1230 214 1315 239 οίεται
1335 209 1528 245 ἀσχημοσύνην
1543 209 1573 236 τὸ
1588 210 1718 244 πρᾶγμα
1745 208 1794 235 διὰ

146 271 247 302 solum,
263 269 365 304 inquit,
381 276 434 295 non
459 266 602 294 insolescit
617 273 623 292 :
641 272 736 292 verum
759 264 842 291 etiam
871 263 934 289 licet

148 315 342 350 indignissima
358 314 486 348 patiatur,
503 320 556 338 non
573 311 703 345 opinatur
724 317 783 336 eam
806 315 863 338 rem
886 308 934 334 de-

149 362 233 388 decus
251 360 333 386 etiam
357 362 418 384 esse
444 361 554 391 propter
576 363 638 382 eum
660 361 740 389 quem
765 352 862 386 diligit.
884 352 935 377 Aut

149 407 197 434 hoc
216 405 291 432 modo
305 414 310 430 :
328 404 377 430 οὐκ
387 400 546 437 ἀσχημονεῖ,
562 402 588 428 id
610 404 662 433 est,
676 407 730 426 non
748 400 846 426 acerbe
862 404 936 424 reum

151 450 206 484 agit
228 450 303 475 illum
329 448 376 482 qui
400 447 452 474 sibi
478 446 596 479 injurius
621 449 672 472 est.
695 445 748 470 Aut
773 443 843 478 quod
871 442 938 469 nihil

151 494 327 530 quantumvis
344 493 511 527 abjectarum
527 495 574 517 aut
591 491 735 517 humilium
750 497 841 516 rerum
855 496 937 515 causa

153 540 277 567 utilitatis
295 539 410 566 fratrum
427 537 516 565 facere
529 537 673 566 detractat,
689 536 767 570 quasi
782 535 937 561 indecorant

153 587 204 614 sibi
221 586 358 612 actionem
378 585 497 610 fortasse
514 583 713 616 suspicaretur.
735 592 744 606 ‹
767 581 827 607 Non
844 580 941 615 quaerit

155 639 216 665 qua:
231 637 280 657 sua
294 633 369 656 sunt.
393 637 402 653 ι
426 628 534 654 Modum
552 626 618 653 dicit
634 626 769 658 quomodo
786 632 838 650 non
856 623 941 659 pudc-

155 676 201 702 ftat
223 685 230 702 :
255 676 318 710 quia
344 681 398 701 non
425 673 523 708 qua-rit
550 671 687 706 propriatn
714 670 868 699 utilitatem,
894 668 940 695 sed

155 722 275 756 proximi
291 729 298 747 :
317 725 344 747 et
359 720 409 746 hoc
424 719 499 745 ducit
522 725 583 744 esse
601 716 730 747 dedecus,
748 717 770 742 si
789 715 940 750 proximum

155 769 201 803 qui
219 767 321 803 pudeﬁt
339 775 392 794 non
409 765 575 792 liberaverit.
594 763 674 798 550
687 772 695 787 (
711 762 769 789 Non
785 763 918 788 irritatur.
931 770 939 786 ι

156 813 223 840 Cum
249 814 342 839 omnia
368 812 500 846 patiatur,
527 818 580 836 non
606 813 783 842 exasperatur
807 807 941 833 ad'iram.

155 859 212 887 Nec
233 858 321 886 solum
344 865 398 884 tton
423 862 554 892 operatur
579 855 691 885 tnalum,
711 855 759 881 sed
786 862 818 880 ne
843 853 944 887 cogitat

984 261 1029 288 τὸν
1036 261 1229 294 ἀγαπώμενον.
1242 258 1277 285 ἸΙ
1288 258 1336 284 καὶ
1347 258 1450 289 οὕτως’
1464 257 1511 287 Τὸ,
1521 257 1580 282 οὐκ
1593 254 1793 290 ἀσχημονεῖ.

985 308 1070 342 ἧγουν
1088 307 1138 332 οὐκ
1158 305 1333 339 ἐπεξέρχεται
1354 305 1408 335 τοῖς
1436 302 1560 330 ἀδικοῦσι
1579 302 1721 336 σφοδρῶς.
1754 300 1794 327 Ἦ

986 353 1027 379 ὅτι
1052 352 1126 378 οὐδὲν
1150 350 1203 377 τῶν
1231 350 1347 376 εὐτελῶν
1369 357 1398 375 τε
1422 349 1469 375 καὶ
1494 347 1631 374 ταπεινῶν
1654 349 1711 382 τῆς
1731 347 1794 373 τῶν

987 397 1109 432 ἀδελφῶν
1133 396 1265 430 ὠφελείας
1288 396 1381 421 ἕνεκεν
1405 394 1580 428 παραιτεῖται
1602 394 1721 428 δρᾶσαι,
1752 392 1795 423 ὡς

987 443 1058 477 τάχα
1084 443 1206 477 ἄσχημον
1231 439 1300 467 εἶναι
1330 440 1378 475 τὴν
1405 439 1504 474 πρᾶξιν
1535 439 1792 473 ὑπολαμϐάνουσα.

991 498 1001 515 ι
1020 489 1057 515 0'3
1071 488 1194 523 ζητεῖτά
1209 487 1320 521 ἑαυτῆς.
1343 496 1351 511 ι
1376 486 1456 520 Λέγει
1474 485 1519 511 τὸν
1537 486 1638 520 τρόπον
1654 485 1718 516 πῶς
1737 485 1794 510 οὒκ

989 536 1149 570 ἀσχημονεῖ,
1174 535 1214 561 ὅτι
1236 535 1265 560 οὺ
1283 534 1360 567 ζητεί
1376 533 1406 558 τὸ
1423 534 1523 559 οἰκεῖον
1544 532 1694 566 συμφέρον,
1715 530 1794 556 ἀλλὰ

990 581 1020 607 τὺ
1043 580 1087 607 τοῦ
1114 580 1237 614 πλησίον,
1265 581 1311 605 καὶ
1336 578 1531 613 ἀσχημοσύνην
1556 577 1636 603 τοῦτο
1659 577 1794 611 ἡγεῖται,

991 628 1054 654 ὅταν
1068 626 1275 661 ἀσχημονοῦντα
1289 625 1334 651 τὶν
1350 624 1464 659 πλησίον
1486 624 1523 659 μὴ
1539 623 1696 658 ἀπαλλάξῃ.
1720 632 1732 649 ε
1752 623 1794 648 Οὐ

992 672 1182 707 παροξύνεται.
1198 681 1207 696 ›
1228 671 1320 697 Πάντα
1335 670 1488 704 πάσχουσα,
1501 669 1531 695 οὗ
1547 668 1736 703 παροξύνεται
1750 669 1796 698 εἰς

992 718 1087 753 ὀργήν.
1104 717 1158 743 Καὶ
1172 717 1202 743 οὺ
1221 716 1300 751 μόνον
1316 716 1365 741 οὐκ
1384 715 1529 750 ἐργάζεται
1550 715 1580 740 τὸ
1605 715 1702 747 κακὸν,
1728 715 1795 740 ἀλλ’

993 765 1053 790 οὐδὲ
1068 762 1212 796 λογίζεται.
1235 771 1244 787 ι
1271 762 1308 788 Οὐ
1331 762 1421 796 χαίρει
1437 761 1482 786 ἐπὶ
1498 762 1530 795 τῇ
1557 761 1659 796 ἀδικίᾳ.
1686 770 1696 786 ι
1730 761 1796 786 Οὐκ

994 809 1122 844 ὲφήδεται
1144 809 1239 843 ἤγουν,
1261 808 1291 834 οὑ
1319 808 1408 842 χαίρει
1436 808 1491 838 τοῖς
1518 807 1611 838 κακῶς
1634 807 1795 841 πάσχουσι,

996 848 1079 889 φησι]
1092 853 1235 888 συγχαίρει
1249 853 1277 879 δὲ
1295 854 1351 883 τοῖς
1368 852 1551 886 εὐδοκιμοῦσι.
1576 861 1585 877 ι
1609 852 1703 878 Πάντα
1723 852 1795 878 στέι

157 905 280 941 quidem.
305 913 313 929 ι
333 903 393 930 Non
415 903 514 937 gaudet
536 902 569 928 de
587 901 732 935 injustitia.
757 910 765 925 ι
784 899 842 926 Non
860 899 946 926 insul-

1047 921 1051 928 .
1079 909 1087 926 ›
1113 900 1198 926 Τοῦτο
1222 900 1276 933 γὰρ
1302 899 1370 933 αὐτῇ
1390 899 1406 933 ἡ
1430 898 1605 934 μακροθυμία
1629 899 1795 934 χαρίζεται,

159 954 200 977 tat
220 949 278 976 sive
300 955 354 975 tton
372 949 471 982 gaudet
492 946 526 974 de
543 947 584 973 Itis
605 946 651 981 qui
667 945 825 972 amictiones
839 945 945 978 patimi-

160 999 216 1028 tur,
235 994 282 1021 sed
308 994 351 1020 his
375 993 467 1028 potius
493 991 643 1026 congaudet
664 992 710 1026 qui
732 991 906 1018 celebrantur
921 995 945 1017 el

162 1040 189 1067 in
213 1040 302 1075 pretio
326 1043 400 1066 sunt.
424 1047 434 1063 ι
457 1037 554 1065 Omnia
579 1036 685 1064 soiIert.
709 1045 718 1061 ›
748 1036 803 1062 lloc
825 1036 898 1063 enim
922 1035 948 1062 ei

162 1086 246 1113 donat
262 1084 469 1119 longanimitas,
485 1090 581 1117 nempe
596 1087 625 1109 ut
638 1081 760 1114 sufferat,
775 1081 807 1108 de
824 1089 877 1116 qua
889 1081 949 1107 lon-

163 1130 325 1165 ganimitate
352 1130 426 1163 prius
452 1128 543 1155 dixit:
563 1137 572 1153 ι
596 1127 692 1154 Omnia
715 1126 810 1153 credit.
835 1136 844 1152 ι
870 1125 948 1159 Quaa-

164 1182 273 1209 cttnque
296 1174 394 1200 dixerit
423 1173 446 1200 is
468 1173 516 1208 qui
542 1177 650 1199 amatur
667 1182 674 1199 :
689 1176 716 1199 et
738 1172 805 1198 nihil
825 1172 948 1198 dolosam

164 1225 211 1248 attt
243 1221 302 1254 ipse
332 1219 452 1254 laquitur
487 1222 534 1244 aut
563 1218 676 1255 alterum
706 1217 780 1251 loqui
810 1217 949 1251 opinatur.

167 1285 176 1302 ι
197 1275 293 1303 Omnia
318 1279 418 1309 sperat.
441 1283 451 1300 ι
475 1272 535 1300 Non
556 1273 691 1307 desperat,
719 1272 817 1306 inquit,
846 1272 879 1298 de
904 1271 950 1298 illo

165 1329 245 1357 quem
270 1327 351 1353 amat,
374 1320 421 1347 sed
448 1323 550 1354 sperat,
567 1319 639 1353 quod
667 1319 742 1345 illutn
768 1318 800 1344 ad
826 1317 851 1344 id
878 1316 950 1351 qttod

167 1366 266 1393 melius
292 1369 334 1392 est
360 1364 499 1399 prorehet.
517 1363 593 1396 Quod
615 1363 636 1390 si
662 1362 706 1389 ubi
726 1361 847 1396 speravit
869 1361 951 1388 etiam

168 1419 216 1446 spe
231 1410 388 1440 frustretur,
406 1408 455 1436 illo
470 1410 497 1435 itt
511 1408 577 1435 vitio
590 1410 776 1442 permanente,
787 1406 849 1433 forti
863 1407 953 1433 animo

167 1457 218 1482 fert
243 1455 317 1482 illius
342 1454 476 1482 defectus.
492 1453 558 1480 Nam
584 1453 686 1484 omnia,
703 1452 802 1486 inquit,
824 1453 952 1480 sustinet.

171 1510 181 1526 ι
203 1501 347 1535 Nunquam
364 1499 475 1526 excidit.
499 1508 508 1524 ι
532 1497 592 1526 Non
616 1498 786 1531 dissolvitur,
808 1506 896 1533 neque
912 1498 954 1525 in-

169 1548 356 1582 terrumpitur.
375 1546 438 1574 Sive
455 1553 594 1580 nunquam
610 1546 720 1578 excidit,
737 1553 826 1581 neque
840 1546 954 1573 celebri-

169 1597 224 1620 tate
241 1593 391 1620 frustt-atur
409 1601 415 1619 :
430 1591 477 1619 sed
495 1599 604 1626 semper
619 1592 704 1618 bonas
722 1599 752 1618 ac
767 1592 895 1620 honestas
911 1593 954 1619 in-

168 1638 242 1665 venit
272 1637 325 1664 sibi
359 1636 528 1667 occasiones,
554 1643 601 1670 per
633 1642 702 1669 quas
735 1635 795 1662 illos
823 1635 870 1670 qui
897 1635 954 1669 ipsa

170 1687 286 1710 utuntur
301 1684 418 1710 retineat
438 1682 464 1708 in
482 1689 574 1708 amore
588 1688 620 1708 ac
633 1681 802 1707 conuexione
816 1681 848 1707 ad
866 1681 957 1716 proxi-

998 947 1080 982 ἤγουν
1110 945 1140 971 τὸ
1170 946 1294 978 στέγειν,
1331 946 1397 979 περὶ
1421 942 1454 979 ἧς
1483 945 1676 980 μακροθυμίας
1705 943 1795 971 εἷπε·

1002 1002 1010 1018 ι
1026 993 1117 1019 Πάντα
1141 992 1274 1018 πιστεύει.
1296 992 1345 1016 »Ἃ
1362 991 1395 1017 ἂν
1412 992 1475 1027 εἴπῃ
1492 993 1505 1017 ὁ
1520 991 1714 1025 ἀγαπώμενος,
1741 991 1796 1017 καὶ

998 1040 1074 1066 οὐδὲν
1098 1039 1212 1065 ὕπουλον
1232 1037 1294 1064 οὔτε
1316 1038 1395 1069 αὐτὸς
1414 1038 1498 1070 λαλεῖ,
1515 1037 1575 1064 οὔτε
1591 1038 1636 1064 τὸν
1651 1038 1795 1065 λαλοῦντα

999 1085 1094 1111 οἴεται.
1121 1093 1131 1110 ι
1150 1085 1241 1110 Πάντα
1257 1083 1370 1115 ἐλπίζει.
1388 1093 1397 1108 ι
1415 1084 1472 1109 Οὐκ
1487 1083 1688 1117 ἀπογινώσκει,
1709 1084 1794 1118 φησὶ,

999 1131 1048 1157 τοῦ
1071 1130 1265 1164 ἀγαπωμένου,
1284 1130 1341 1156 ἀλλ’
1356 1129 1460 1160 ἐλπίζει
1478 1130 1559 1156 αὑτὸν
1579 1129 1617 1160 είς
1635 1129 1665 1155 τὸ
1684 1129 1796 1164 βέλτιον

1000 1176 1150 1203 ἐπιδοῦναι.
1169 1176 1198 1202 Et
1209 1176 1236 1201 δὲ
1252 1176 1298 1202 καὶ
1316 1175 1438 1208 ἐλπίσας,
1456 1176 1550 1210 φησὶν,
1565 1175 1703 1210 ἀποτύχῃ,
1718 1176 1795 1201 ὲκεί-

1001 1230 1046 1247 νου
1060 1222 1092 1256 τῇ
1105 1221 1189 1256 κακία
1202 1221 1439 1254 ὲναιτομείναντος,
1461 1221 1538 1254 φέρει
1557 1221 1689 1254 γενναίως
1705 1220 1795 1246 αὑτοῦ

1001 1267 1034 1293 τὰ
1049 1267 1238 1302 ἐλαττώματα.
1257 1276 1265 1291 ι
1280 1267 1372 1293 Πάντα
1387 1267 1452 1302 γὰρ,
1469 1268 1561 1300 φησὶν,
1575 1267 1718 1302 ὑπομένει.
1735 1276 1745 1292 ι
1760 1281 1784 1287 -

1006 1324 1015 1339 ι
1025 1314 1159 1341 Οὐδέποτε
1175 1314 1313 1341 ἐκπίπτει.
1330 1313 1479 1350 ι-[ΦΩΤ.]
1488 1315 1524 1340 Οὐ
1534 1313 1682 1345 διαλύεται,
1698 1315 1796 1348 φησὶν,

1002 1357 1063 1384 οὕτε
1089 1357 1275 1389 διακόπτεται,
1302 1359 1384 1393 ἦγουν
1410 1359 1538 1385 οὐδέποτε
1565 1358 1706 1391 ἐκπίπτει,
1731 1359 1797 1385 οὐξι

1003 1403 1186 1437 ἀποτυγχάνει
1203 1406 1252 1438 τῆς
1273 1404 1487 1439 εὐδοκιμήσεως,
1507 1405 1565 1431 ἀλλ’
1580 1405 1623 1431 ἀεὶ
1641 1406 1796 1440 προφάσεις

1003 1450 1107 1483 ἀγαθὰς
1123 1449 1170 1476 καὶ
1196 1450 1281 1481 καλὰς
1297 1451 1379 1485 ἑαυτῇ
1395 1451 1528 1485 εὑρίσκει,
1547 1451 1580 1477 δι’
1599 1449 1635 1477 ὧν
1653 1451 1705 1485 τῆς
1725 1452 1798 1485 np”;

1004 1496 1066 1527 τοὺς
1087 1496 1200 1530 πλησίον
1223 1496 1339 1531 στοργῆς
1357 1497 1403 1522 καὶ
1427 1497 1572 1531 συναφείας
1593 1497 1704 1532 κατέχει
1729 1498 1797 1527 τοὺς

1004 1542 1246 1577 χρωμέννουςαύτῇ,
1260 1543 1440 1577 παραμένειν,
1451 1544 1499 1569 καὶ
1515 1544 1551 1578 μὴ
1565 1543 1796 1579 διαῤῥὴγνυσθαι,

980 1591 988 1602 ¹
1005 1589 1056 1614 κᾶν
1074 1589 1172 1614 ὲκεῖνοι
1188 1589 1334 1622 ἀφηνιῶσι,
1354 1589 1401 1614 καὶ
1418 1590 1586 1624 ἀποσκιρτᾷν
1616 1590 1706 1620 αἱτῑας
1727 1597 1799 1623 πσρ-

1007 1634 1099 1668 έχωσι.
1117 1634 1226 1668 Στέγειν
1239 1635 1293 1669 γὰρ
1304 1636 1377 1660 ποιεῖ
1390 1635 1437 1661 καὶ
1450 1635 1572 1667 ἐλπίζειν
1586 1636 1631 1662 καὶ
1649 1635 1798 1671 ὑπομένειν

1009 1680 1054 1707 τὸν
1071 1679 1261 1715 ἁμαρτάνοντα
1273 1681 1311 1712 είς
1331 1680 1422 1707 αὐτόν.

170 1736 240 1760 mos,
263 1732 292 1755 ut
317 1731 474 1763 permaneat
491 1731 519 1754 et
546 1735 601 1754 non
628 1727 844 1761 interrumpatur
859 1736 866 1754 :
882 1727 963 1754 etiam
1003 1727 1025 1754 si
1050 1727 1087 1754 illi
1110 1726 1263 1754 dissideant
1304 1734 1336 1754 ae
1357 1727 1497 1754 resiliendi
1522 1734 1621 1755 causas
1648 1728 1799 1763 pmbeaxzt.

171 1774 247 1801 Facit
263 1774 334 1800 enim
351 1774 421 1800 ferre
441 1777 467 1800 et
483 1781 612 1808 separare
627 1781 660 1800 ac
677 1773 814 1800 sustinere
831 1781 891 1800 eutn
907 1774 954 1807 qui
974 1773 1001 1800 itt
1016 1774 1104 1808 ipsum
1122 1773 1254 1807 peccavit.

206 1820 279 1851 Xlll,
293 1820 369 1847 8-10.
391 1819 450 1847 Sive
472 1820 616 1855 prophetia?
633 1820 818 1853 abolebantur,
838 1821 890 1846 sive
909 1819 960 1846 lin-

171 1874 228 1901 gua:
249 1865 400 1898 cessabunt,
422 1866 474 1892 sive
497 1866 606 1892 scientia
633 1866 791 1892 abolebitur.
820 1865 863 1892 Ea:
885 1871 960 1900 parte

172 1913 240 1939 enim
256 1912 449 1946 cognoscimus,
464 1917 486 1939 et
503 1919 534 1939 ex
549 1916 624 1945 parte
635 1911 821 1946 prop/tetamus
833 1919 841 1938 :
854 1911 958 1946 quando

174 1963 260 1985 autem
285 1959 382 1985 venerit
407 1958 475 1992 quod
500 1960 643 1992 perfectum
662 1963 711 1991 est,
728 1963 790 1984 tum:
813 1957 960 1984 abolebitur

173 2003 200 2029 id
213 2003 281 2038 quod
297 2010 328 2029 ea:
344 2007 418 2037 parte
433 2007 483 2030 est.

210 2046 262 2074 Ubi
286 2048 431 2074 eharitatis
456 2048 579 2081 germina
604 2048 752 2079 recensuit,
773 2055 882 2075 rursum
908 2048 962 2075 alio

176 2099 285 2126 quoque
300 2091 379 2117 modo
396 2091 481 2126 ipsam
498 2091 615 2122 extollit,
632 2091 728 2118 dicens
746 2094 773 2118 et
793 2091 962 2125 prophetiam

175 2141 201 2163 et
217 2136 326 2170 linguas
342 2139 369 2162 ct
379 2135 523 2169 scientiam
538 2135 619 2162 tinem
636 2135 788 2165 habituras,
801 2135 962 2162 cltaritatem

175 2190 239 2210 vero
264 2190 324 2210 esse
344 2187 560 2216 permanentem,
586 2183 711 2210 stabilem
739 2190 771 2209 ac
793 2187 962 2217 perpetuam.

1046 1820 1112 1846 Εἴτε
1146 1818 1181 1844 δὲ
1215 1818 1389 1853 προφητεῖαι
1414 1819 1706 1853 καταργηθήσονται,
1739 1820 1800 1846 sire

1010 1865 1146 1899 γλῶσσαι
1167 1865 1346 1896 παύσονται,
1363 1865 1423 1891 alte
1440 1865 1551 1899 γνῶσίς
1574 1866 1799 1900 καταργηθήσε-

1010 1919 1066 1937 ται.
1100 1911 1149 1937 Ὲκ
1167 1911 1278 1944 μέρους
1293 1910 1327 1936 δὲ
1348 1911 1543 1944 γινώσκομεν,
1566 1911 1616 1938 καὶ
1635 1912 1670 1937 ἐκ
1688 1912 1799 1946 μέρους

1010 1956 1243 1990 προφητεύομεν.
1263 1956 1355 1981 Ὅταν
1378 1955 1412 1981 δὲ
1431 1955 1505 1989 ἐλοῃ
1521 1956 1554 1982 τὸ
1579 1956 1708 1989 τέλείον,
1734 1958 1800 1983 τότε

1011 2001 1043 2028 τὸ
1058 2002 1091 2027 ὲκ
1103 2002 1213 2035 μέρους
1228 2001 1496 2036 καταρᾳηιθὴσεται.

1048 2047 1206 2079 Καταλέξας
1220 2048 1267 2081 τῆς
1279 2048 1389 2080 ἀγάπης
1405 2047 1438 2072 τὰ
1450 2046 1638 2082 βλαστήματα,
1656 2048 1740 2075 πάλιν
1750 2048 1799 2074 αὖ·

1012 2090 1060 2126 τὴν
1077 2091 1124 2118 καὶ
1139 2092 1225 2127 ἑτέρῳ
1248 2092 1341 2126 τρόπῳ
1366 2091 1437 2125 ὑψοί,
1455 2092 1484 2118 ἑν
1500 2091 1538 2126 τῷ
1555 2092 1656 2125 λέγειν,
1681 2092 1729 2118 καὶ
1751 2093 1800 2127 τὴν

1014 2137 1193 2173 προφητείαν,
1211 2139 1257 2163 καὶ
1270 2138 1319 2168 τὰς
1335 2137 1470 2170 γλώσσας,
1487 2137 1534 2163 καὶ
1546 2137 1594 2172 τὴν
1610 2138 1710 2171 γνῶσιν
1724 2138 1800 2168 τέλος

1014 2183 1095 2215 ἕξειν,
1115 2184 1165 2217 τὴν
1183 2184 1211 2210 δὲ
1225 2184 1336 2218 ἀγάπην
1355 2183 1470 2218 μόνιμον
1494 2180 1574 2215 εἴναι,
1594 2184 1739 2218 στάσιμον,
1755 2185 1800 2210 καὶ

178 2227 205 2255 Si
227 2229 298 2256 enim
326 2233 352 2255 et
376 2229 526 2263 prophetiae
542 2233 569 2256 et
585 2229 683 2263 liugum
699 2233 763 2255 sunt
779 2233 888 2264 propter
902 2228 961 2255 ﬁdei

1051 2229 1203 2263 ελεὺτητον.
1237 2229 1268 2254 Et
1294 2229 1348 2263 γὰρ
1379 2229 1425 2254 καὶ
1452 2229 1479 2254 at
1509 2230 1672 2263 προφητεῖαι
1698 2229 1745 2255 καὶ
1773 2229 1799 2255 αἱ

177 2272 374 2306 cognitionem,
390 2273 526 2306 explicata
550 2273 652 2307 ubique
677 2273 740 2303 fide,
765 2279 895 2308 tanquam
915 2281 963 2301 stt--

178 2318 280 2352 pcrtlua
295 2318 454 2350 cessabunt,
472 2318 526 2344 hoc
547 2323 638 2345 autem
654 2323 681 2345 et
696 2318 747 2345 hoc
767 2323 887 2354 tempore
900 2320 963 2353 erit,

178 2369 203 2389 et
219 2364 303 2389 multo
318 2363 406 2396 magis
422 2363 448 2388 itt
463 2363 566 2390 futuro.
587 2373 596 2389 ι
621 2364 686 2391 Sive
701 2365 825 2391 scicntia.
845 2374 854 2390 ι
874 2365 965 2392 διπὶθῃι

179 2407 244 2434 liam
267 2407 334 2434 dicit
358 2408 484 2435 fortassis
507 2416 567 2435 eatn
592 2416 652 2443 qua:
675 2411 849 2437 accommoda
872 2411 964 2438 estad

178 2453 343 2480 docendum.
362 2453 482 2480 Dila‘tato
502 2454 573 2481 enim
592 2455 685 2482 divino
701 2457 774 2483 rultu
799 2463 830 2482 ac
853 2457 964 2491 pietate,

179 2499 265 2525 otiOsa
289 2499 340 2525 erit
364 2499 500 2526 doctrina.
531 2509 540 2525 ‹
570 2501 740 2528 Abolebitur.
774 2511 783 2528 ι
808 2502 877 2534 Quid
901 2510 966 2537 ergo

181 2550 245 2571 tunc
260 2545 330 2571 erit?
344 2544 411 2571 Nam
428 2545 461 2572 de
475 2545 568 2573 futuro
583 2546 651 2574 dixit
666 2552 788 2582 tempore
803 2548 965 2575 abolendam

180 2598 241 2617 esse
257 2591 414 2617 scientiam.
433 2591 474 2617 An
492 2591 576 2625 igitur
592 2598 655 2619 tttnc
671 2593 697 2619 itt
714 2593 866 2626 ignorantia
883 2593 964 2627 dege-

180 2636 259 2663 mus?
285 2637 376 2663 Absit!
409 2637 456 2663 sed
481 2637 514 2664 de
542 2638 669 2672 praesenti
694 2639 859 2673 cognitione,
887 2639 964 2674 551

181 2689 241 2715 qua:
257 2689 287 2708 ex
309 2686 385 2715 parte
399 2685 442 2708 est
457 2681 526 2708 dixit
543 2683 615 2716 quod
631 2682 793 2709 abolebitur.
810 2681 878 2709 Cum
895 2683 965 2709 cuitu

182 2735 303 2762 prmsetts
317 2727 437 2762 cognitio
451 2736 483 2754 ex
501 2733 578 2762 parte
593 2728 640 2759 sit,
656 2728 701 2754 ubi
718 2727 836 2762 perfecta
853 2728 967 2755 scientia

182 2772 334 2803 :tzlvt-nerit,
349 2772 412 2799 'lta-c
433 2780 493 2807 qua:
516 2780 548 2799 ex
577 2777 653 2806 parte
676 2777 720 2798 est
743 2772 821 2799 tinent
847 2772 965 2806 habebit,

183 2823 231 2851 per
254 2818 436 2851 cognitionem
456 2817 602 2852 perfectam
619 2818 730 2844 abolita.
749 2818 822 2845 ldent
835 2823 924 2845 autem
941 2823 968 2846 et

185 2863 218 2888 dc
244 2863 385 2896 prt'p'elia
409 2863 475 2889 mihi
504 2863 634 2899 iulellige.
653 2879 687 2883 —
710 2863 747 2890 lix
772 2869 849 2898 patte
877 2869 966 2892 autem

1014 2275 1136 2309 γλῶσσαι
1151 2275 1194 2300 διὰ
1213 2274 1263 2307 τὴν
1282 2274 1332 2308 τῆς
1348 2274 1466 2305 πίστεως
1483 2273 1585 2308 γνῶσίν
1605 2275 1669 2306 εἰσι,
1690 2274 1740 2308 τῆς
1758 2274 1801 2300 πί-

1016 2315 1100 2350 στεως
1117 2319 1258 2354 πανταχοῦ
1284 2319 1470 2354 ἀπλωθείσης,
1486 2319 1598 2350 εἰκότως
1617 2319 1655 2351 ὡς
1675 2321 1801 2354 περιτταὶ

1015 2367 1177 2401 ἀργήσουσι.
1192 2366 1277 2391 Τοῦτο
1293 2366 1321 2392 δὲ
1337 2367 1384 2392 καὶ
1400 2366 1446 2392 νῦν
1460 2366 1547 2397 ἔσται,
1568 2367 1614 2392 καὶ
1629 2366 1720 2400 πολλῷ
1736 2367 1801 2401 μᾶλ-

1016 2412 1061 2438 λον
1089 2412 1137 2438 ἐπὶ
1153 2411 1199 2437 τοῦ
1227 2411 1381 2446 μέλλοντος,
1411 2421 1420 2436 ι
1446 2412 1509 2438 Εἴτε
1532 2412 1646 2445 γνῶσις.
1667 2422 1676 2438 ι
1700 2413 1802 2439 Γνῶσιν

1017 2458 1081 2488 ἴσως
1109 2457 1157 2492 τὴν
1183 2457 1230 2483 τοῦ
1256 2456 1390 2483 διδάσκειν
1418 2458 1494 2492 φησί.
1523 2458 1731 2494 ιΙλατυνομένης
1751 2461 1802 2494 γὰρ

1015 2502 1064 2536 τῆς
1080 2502 1220 2534 εὐσεϐείας
1233 2503 1339 2536 καὶτῆς
1357 2503 1485 2533 πίστεως,
1505 2504 1622 2538 ἀργήσει
1639 2505 1656 2538 ὴ
1678 2504 1800 2530 διδασκα-

1016 2547 1071 2574 λία.
1094 2556 1103 2572 ι
1127 2547 1386 2583 Καταργηοήσεται.
1409 2556 1419 2573 ι
1449 2547 1481 2573 Τί
1501 2545 1548 2573 οὖν
1570 2548 1649 2580 τότε,
1676 2549 1741 2582 περὶ
1759 2548 1800 2575 τοῦ

1019 2592 1161 2628 μέλλοντος
1176 2593 1231 2627 γὰρ
1250 2590 1311 2619 εἷπε
1335 2593 1430 2628 χρόνου
1447 2593 1645 2626 καταργεῖσθαι
1667 2594 1717 2628 τὴν
1736 2594 1802 2627 γνῶ-

1019 2647 1071 2665 σιν.
1089 2638 1155 2665 Τότε
1175 2639 1264 2664 τοίνυν
1283 2640 1312 2664 ὲν
1327 2639 1448 2673 ἀγνωσία
1474 2638 1608 2673 μέλλομεν
1622 2639 1745 2672 διάγει-,ις
1762 2640 1800 2674 Μὴ

1018 2684 1138 2717 γὲνοιτοῐ
1159 2683 1239 2710 Ἀλλὰ
1253 2684 1317 2718 περὶ
1331 2685 1380 2719 τῆς
1391 2683 1438 2709 νῦν
1449 2683 1587 2717 γνώσεως,
1604 2683 1652 2718 τῆς
1663 2685 1695 2709 ὲκ
1708 2685 1802 2719 μέρους

1019 2729 1125 2763 εἴρηται
1152 2729 1236 2763 αὐτῷ,
1261 2729 1301 2755 ὅτι
1319 2729 1573 2764 καταργηθήσεται·
1601 2729 1657 2763 Τῆἶ
1682 2730 1737 2765 γὰρ
1760 2729 1800 2756 νῦν

1019 2775 1144 2808 γνώσεως
1159 2776 1191 2800 ὲκ
1201 2774 1302 2808 μέρους
1314 2774 1396 2809 οὔσης
1412 2775 1554 2809 ἐπανέλθῃ
1566 2774 1682 2809 ὴτελεία
1695 2776 1799 2809 γνῶσις,

1019 2820 1088 2854 αὓτη
1104 2822 1120 2855 ἡ
1137 2821 1169 2846 ὲκ
1188 2821 1286 2855 μέρους
1302 2820 1379 2851 τέλος
1394 2820 1459 2853 ἔξει,
1474 2822 1507 2856 τῇ
1524 2821 1614 2857 τελείᾳ
1630 2821 1731 2855 γνώσει
1746 2830 1800 2848 κατ-

1021 2866 1190 2902 αργουμένη.
1214 2867 1250 2893 Τὸ
1273 2867 1339 2893 αὐτὸ
1352 2867 1379 2894 δέ
1412 2876 1456 2903 μοι
1480 2868 1527 2894 καὶ
1552 2867 1615 2904 περὶ
1641 2870 1799 2904 προφητείη
