1872 3053
75 173 119 205 845

529 169 722 201 COMMENT.
743 169 782 199 ΙΝ
798 169 920 199 EPIST.
937 169 951 198 Ι
966 168 1014 198 AD
1030 168 1210 199 CORINTH.

1624 170 1679 201 8i6

75 227 172 261 ἐπάγω
185 225 272 257 Οὕτως
288 226 334 252 καὶ
351 226 439 260 ὑμεῖς,
453 226 477 252 εί
493 225 530 261 μὴ
545 225 617 260 σαφῆ
631 224 835 259 καὶτνοούμενον

934 223 1053 251 illectum
1083 224 1232 259 loquamini
1259 232 1422 258 sermonem,
1451 225 1539 259 eritis,
1567 227 1676 262 inquit,

73 276 155 309 είπητε
181 272 265 306 λόγον,
290 271 396 302 ἔσεσθε,
420 271 514 306 φησὶν,
536 273 576 303 εἰς
599 271 668 305 ἀέρα
683 270 839 302 λαλοῦντες,

73 319 201 350 τουτέστιν,
228 318 290 353 εικῆ
307 318 354 345 καὶ
375 318 463 353 μάτην
491 319 538 344 καὶ
562 317 719 352 ἀνωφελῶς.
737 317 793 344 Καὶ
817 318 841 344 εί

72 365 191 400 ἀνωφελές
209 366 265 391 ἐστι
278 364 309 391 τὸ
325 364 379 391 τῶν
393 364 535 398 γλωσσῶν.
552 364 623 391 διατί
641 365 670 390 ἐν
682 363 746 390 εῖδει
760 363 841 399 χαρί-

74 421 162 446 σματος
178 411 276 443 ταύτας
296 411 467 445 ἐλάμϐανονς
485 411 543 437 Ἵνα
565 412 578 438 ὁ
598 411 666 446 ἔχων
681 411 726 437 καὶ
741 409 841 443 λαλῶν,

71 459 194 494 ὠφελῆται
207 458 294 493 μόνος.
313 458 343 485 Εἰ
355 458 383 484 δὲ
401 458 492 493 μέλλοι
509 458 556 484 καὶ
572 458 676 493 ἑτέροις
693 456 762 484 εἷναι
774 458 842 492 χρή-

73 512 149 539 σιμος,
171 503 317 539 ἑρμηνείας
344 503 432 539 χρεία,
453 504 486 538 ἢν
512 503 666 538 ἐλάμϐανον
686 503 711 529 οἱ
742 503 842 538 μᾶλλον

71 549 264 583 κεκαθαρμένοι.
282 548 359 575 Κατὰ
371 548 420 584 τὴν
436 549 583 583 ἀναλογίαν
595 549 648 583 γὰρ
662 549 710 584 τῆς
726 549 843 580 πίστεως

72 595 112 622 καὶ
136 595 181 629 τῆς
206 595 376 630 καθάρσεως,
405 595 519 621 ἐδίδοντο
544 595 591 621 καὶ
616 595 650 622 τὰ
675 595 842 630 χαρίσματα.

73 640 208 673 «Τοσαῦτα,
218 640 336 676 είτύχοι,
345 641 410 676 γένη
421 641 525 675 φωνῶν.
533 650 541 666 ι
555 641 698 671 Τοσαῦτα,
709 642 842 673 τουτέστι,

71 687 157 718 πολλὰ,
175 687 254 722 φησι,
275 688 365 719 καθὼς
384 687 476 722 ἔτυχεν
496 687 559 714 ὅντα
574 688 640 723 γένη
659 688 754 722 φωνῶν
770 687 844 715 ἔστιν

70 732 185 767 ἐμψύχων
211 741 240 759 τε
268 733 315 760 καὶ
343 733 466 768 ἀψύχων,
492 731 559 764 οἷον.
577 734 741 769 ἀνθρώπων,
765 734 844 767 ζώων

71 778 176 811 πτηνῶν.
205 776 260 804 Καὶ
274 777 397 812 ,ἀψύχων
422 779 557 814 ὀργάνων,
579 776 634 806 οἷον
651 778 734 814 λύρας
751 787 844 814 μουσι-

69 822 123 856 κῆς,
138 823 245 857 ναὺλης,
259 823 307 850 καὶ
321 824 434 860 ἐτέρων.
453 824 523 851 Ἀλλ’
536 824 595 851 οὐδὲ
610 824 640 857 ἐξ
655 825 713 856 ἐνὸς
730 824 843 858 τούτων,

69 870 151 902 φησὶν,
170 869 323 906 ὼςςεληθείη
339 879 390 902 τις,
407 872 431 898 εἰ
451 871 488 907 μὴ
505 871 587 906 εἰδείη
604 871 653 906 τὴν
671 871 786 907 δύναμιν
796 871 846 906 τῆς

68 914 158 949 φωνῆς.
183 914 333 951 Τοιγαροῦν
349 916 409 943 οὐδὲ
433 918 465 943 ὲκ
485 916 540 943 τῶν
561 917 701 953 ὑμετέρων
715 917 845 951 γλωσσῶν

67 960 174 994 ὠφέλειά
188 971 232 993 τις
248 963 287 993 εἰς
303 962 399 994 ἄλλους
412 963 582 998 διαϐήσεται,
602 965 626 990 εἰ
644 963 680 998 μὴ
699 963 783 998 εἰδείη
797 964 846 1000 τὴν

67 1007 170 1042 δύναμιν
183 1008 232 1034 τοῦ
248 1009 426 1044 λαλουμένου,
448 1011 543 1037 Ἔσται
558 1011 586 1037 δὲ
605 1010 694 1042 τοῦτο,
712 1011 759 1037 ἐὰν
773 1010 846 1046 διερ-

69 1054 176 1090 μηνεὺῃς
192 1055 283 1082 λαλῶν
299 1056 444 1089 γλώσσαις.
460 1057 650 1093 Διερμηνεύσῃ
663 1057 701 1089 δὲ,
719 1058 743 1084 εί
754 1057 846 1083 πλεῖον

66 1099 175 1133 ἄληπτον
186 1101 244 1135 βῖον
255 1102 301 1128 καὶ
311 1102 403 1129 πίστιν
414 1103 519 1139 Θερμὴν
533 1103 736 1139 πεπυρωμένην
746 1104 843 1140 κτήσῃ.

65 1145 196 1182 -[ΦΩΤ.]
217 1147 266 1178 Τὸ,
285 1156 293 1173 ι
315 1147 440 1174 Τοσαῦτα
454 1149 519 1184 γένη
538 1149 646 1182 φωνῶν,
668 1159 676 1175 ι
704 1150 750 1176 καὶ
770 1150 844 1184 ἑξῆς,

65 1191 138 1225 διχῶς
150 1193 216 1225 ἔστι,
237 1194 292 1220 Καὶ
309 1194 411 1220 τούτων
429 1194 482 1221 τῶν
499 1195 584 1229 γενῶν
599 1195 674 1221 οὐδὲν
689 1196 762 1222 ἐστιν
772 1195 847 1230 ἄφω-

67 1244 113 1268 νον,
141 1238 289 1264 ἐκλαδεῖν·
318 1239 334 1274 ἦ
359 1239 401 1266 ὅτι
437 1239 522 1266 πολλά
549 1241 608 1266 ἐστι
640 1241 705 1275 γένη
739 1241 847 1274 φωνῶν,

66 1280 116 1306 ἀλλ’
130 1281 243 1317 οὐδεμία
257 1284 312 1314 τοῖς
326 1283 484 1318 ὁμογενέσιν
494 1284 584 1310 αὐτῶν
593 1285 667 1311 ἑστιν
681 1285 785 1320 ἄσημος
799 1286 845 1312 καὶ

66 1327 268 1362 ἁνεπίγνωστος.

97 1467 131 1494 Τδ
141 1468 193 1502 γὰρ
202 1467 337 1502 ἄφωνον,
353 1468 386 1495 τὰ
395 1468 441 1495 δύο
458 1468 659 1504 ἐπισημαῖνον
677 1469 778 1505 εὑρεῖν,
797 1470 846 1496 καὶ

64 1512 90 1539 τὺ
101 1513 238 1545 παντελῶς
254 1515 372 1547 ἄφωνον,
387 1514 433 1540 καὶ
446 1515 476 1541 το
491 1515 598 1548 ἄσημον
615 1515 695 1549 μόνον
710 1515 756 1541 καὶ
769 1515 846 1542 ἀδιά-

890 269 917 296 in
953 277 1017 297 aera
1053 270 1205 305 loquentes,
1242 271 1293 299 hoc
1325 275 1392 304 est,
1424 271 1526 301 frustra
1552 278 1579 301 et
1610 283 1679 304 vane

892 322 922 342 ac
955 316 1014 344 sine
1048 317 1174 346 utilitate.
1211 317 1291 353 Atqui
1324 318 1347 346 si
1380 319 1452 347 nulla
1487 324 1546 348 erat
1575 321 1680 359 lingua-

892 368 952 388 rum
968 362 1082 394 utilitas,
1100 371 1186 398 quare
1201 363 1249 391 has
1265 364 1292 391 in
1310 364 1396 392 forma
1415 365 1479 393 doni
1497 369 1678 403 accipiebant.

894 403 929 432 Ut
941 406 988 440 qui
1003 414 1050 433 eas
1063 407 1178 436 ltubeltat
1194 409 1282 444 iisque
1299 410 1471 446 loquebatur,
1488 413 1564 441 solus
1578 416 1680 444 utilita-

895 455 949 477 tem
969 453 1117 487 acciperet.
1135 453 1212 487 Quod
1228 455 1250 483 si
1267 460 1294 483 et
1309 457 1371 484 aliis
1388 457 1498 486 futurus
1519 465 1578 488 erat
1594 462 1678 494 utilis.

893 504 963 531 opus
988 502 1047 524 erat
1071 498 1297 534 interpretatione
1323 509 1406 536 quant
1436 505 1608 540 accipiebant
1633 509 1680 542 qui

896 543 981 577 magis
996 544 1132 578 pnriticati
1148 551 1236 574 erant.
1251 546 1318 574 Nam
1333 548 1412 582 juxta
1429 550 1489 578 lidei
1505 559 1535 578 ac
1552 553 1664 586 puriﬁca
1675 569 1682 574 -

896 588 978 617 tionis
993 591 1207 624 proportionem,
1220 593 1357 621 dabantur
1371 600 1397 622 et
1410 596 1490 624 dona.
1507 598 1572 625 Tam
1586 600 1680 631 multa.

895 634 917 662 si
935 642 977 663 res
992 636 1072 670 ferat,
1092 645 1190 672 genera
1208 646 1348 667 sonorum.
1365 642 1492 675 τοσαῦτα.
1513 644 1537 671 id
1554 649 1608 678 est,
1622 646 1682 681 pitt-

896 681 977 714 ritna,
996 682 1068 709 sicut
1084 684 1197 718 accidit,
1213 689 1278 712 sunt
1297 694 1398 720 genera
1417 696 1560 723 sonorum,
1575 693 1680 719 anima-

895 729 985 752 torum
1010 730 1038 753 et
1061 727 1274 756 inanimatorum
1296 738 1301 756 :
1319 736 1383 764 puta
1406 732 1558 766 hominum,
1580 736 1682 763 bellua-

894 779 965 805 rum,
982 774 1124 801 volucrum
1143 783 1150 801 :
1166 779 1193 802 et
1215 775 1398 804 inanimorum
1422 778 1681 815 instrumentorum,

895 825 992 853 nempe
1005 818 1069 854 lyra:
1086 819 1238 853 musicalis,
1256 821 1344 849 naulte
1364 831 1396 850 ac
1412 828 1584 852 caaterormn.
1600 826 1652 854 Sed
1668 836 1682 854 ιι

860 888 883 917 Β
899 864 984 896 nullo,
1010 865 1108 900 inquit,
1132 865 1230 894 horum
1254 867 1338 895 refert
1362 870 1499 905 quispiam
1524 871 1682 906 utilitatem,

899 907 952 934 nisi
973 908 1026 935 vim
1048 909 1107 936 soni
1128 916 1286 944 cognoscat.
1310 912 1403 947 Itaque
1424 922 1511 949 neque
1532 923 1563 942 et
1582 916 1684 952 linguis

897 953 995 980 vestris
1018 953 1071 980 ulla
1096 955 1223 982 transibit
1247 955 1280 983 ad
1304 957 1371 984 alios
1396 959 1522 992 utilitas,
1550 961 1604 988 nisi
1629 962 1682 988 vim

897 1004 1046 1034 cognoscat
1070 1000 1129 1034 ejus
1153 1002 1224 1036 quod
1252 1001 1361 1030 dicitur.
1387 1003 1443 1031 Erit
1463 1010 1553 1033 autem
1582 1007 1635 1034 hoc
1660 1009 1684 1035 si

898 1045 1089 1081 interpreteris
1112 1056 1118 1074 :
1145 1048 1369 1083 interpretabcris
1396 1055 1485 1077 autem
1515 1052 1537 1080 si
1565 1053 1684 1088 amplius

898 1093 1069 1120 nanciscaris
1086 1094 1167 1121 vitam
1183 1094 1360 1130 inculpatum,
1379 1096 1513 1132 iidemque
1534 1098 1684 1127 ferventem

897 1142 923 1165 et
938 1138 1061 1174 ignilam.
1074 1153 1108 1159 —
1121 1139 1198 1172 Quod
1216 1140 1253 1167 ait
1271 1150 1277 1168 :
1296 1150 1304 1167 ι
1323 1140 1391 1168 Tam
1415 1143 1498 1170 multa
1515 1151 1614 1179 genera
1634 1153 1684 1173 vo—

897 1192 958 1212 cmn
987 1194 996 1210 ι
1022 1185 1079 1212 sive
1102 1195 1111 1210 ι
1139 1194 1280 1221 sonorum,
1305 1198 1314 1214 ι
1342 1193 1409 1223 etc.,
1431 1191 1575 1225 dupliciter
1599 1194 1685 1228 accipi

897 1235 997 1265 potest.
1023 1230 1076 1258 Aut
1103 1232 1174 1267 quod
1199 1234 1284 1260 multa
1307 1239 1371 1261 sunt
1396 1237 1495 1270 gene‘ra
1518 1244 1614 1265 vocum
1629 1258 1636 1271 ,
1659 1244 1688 1267 et

898 1277 1002 1304 nullmn
1030 1277 1127 1305 horum
1161 1286 1291 1313 generum
1316 1285 1358 1308 est
1381 1282 1520 1316 aplionum
1553 1288 1600 1311 aut
1627 1286 1688 1312 sine
1731 1314 1734 1316 ν

899 1329 978 1354 roce;
995 1322 1036 1349 vel
1053 1323 1125 1357 quod
1141 1324 1224 1350 multa
1245 1324 1325 1360 557
1343 1331 1406 1353 sunt
1420 1335 1520 1361 genera
1537 1336 1646 1362 vocum,
1661 1335 1689 1358 et

898 1368 971 1395 nulla
993 1368 1089 1395 horum
1107 1369 1225 1397 obscura
1246 1375 1287 1398 est
1310 1376 1358 1398 aut
1375 1373 1465 1407 ignota
1488 1375 1530 1402 his
1550 1377 1596 1412 qui
1615 1376 1688 1412 ejus-

897 1411 958 1438 dem
979 1412 1050 1439 inter
1065 1420 1093 1440 se
1109 1418 1173 1440 sunt
1191 1416 1310 1449 generis.

934 1457 1001 1483 Nam
1021 1457 1129 1490 ἄφωνον
1154 1459 1208 1486 duo
1239 1461 1296 1488 Inec
1316 1462 1472 1497 signiﬁcare
1496 1465 1644 1498 invenitur.
1661 1474 1690 1496 et

898 1502 970 1537 quod
994 1503 1141 1530 obscurum
1160 1508 1264 1532 tantum
1286 1512 1325 1534 est
1348 1513 1375 1534 ct
1399 1509 1577 1544 incognitum.
1596 1512 1689 1547 Itaque

65 1565 184 1590 γνωστον.
201 1559 233 1585 Εἰ
263 1559 313 1593 μὲν
334 1558 390 1591 οὖν,
405 1559 443 1590 ὼς
468 1560 638 1595 προείρηται,
660 1559 842 1595 ἐκληψόμεῦα,

946 1554 973 1576 ιιι
993 1551 1067 1584 prius
1090 1551 1193 1578 dictum
1216 1558 1267 1586 est,
1294 1553 1520 1590 intellexerimus,
1539 1559 1600 1587 talis
1627 1568 1690 1589 esse

63 1603 101 1637 εἴη
114 1603 145 1630 ἂν
159 1605 282 1636 τοιοῦτος
293 1606 307 1631 ὁ
321 1605 497 1636 ἁποστολικὸς
509 1605 571 1636 νοῦς
583 1614 589 1620 ·
609 1605 698 1632 Πολλά
713 1607 770 1632 ἐστι
784 1606 850 1642 γένη

65 1650 163 1683 ςωνῶν,
177 1651 224 1677 καὶ
244 1650 347 1677 τούτων
363 1651 416 1678 τῶν
429 1652 526 1685 γενῶν,
543 1651 619 1678 οὐδέν
639 1651 713 1677 ἐστιν
734 1651 849 1685 ἄφωνον.

70 1694 142 1721 Ἀλλὰ
153 1696 178 1721 τί
191 1696 373 1731 κερδαίνομεν
387 1697 468 1731 ἡμεῖς
485 1697 516 1723 ὲκ
535 1696 589 1723 τῶν
614 1696 710 1731 φωνῶν
727 1697 849 1730 ἐκείνων,

66 1741 141 1774 μηδὲν
155 1741 250 1768 αὐτῶν
267 1743 422 1775 συνιέντες;
441 1742 504 1769 Ἐὰν
519 1742 574 1777 γὰρ
587 1742 624 1778 μὴ
638 1742 701 1768 εἰδῶ
713 1743 739 1769 τί
751 1743 851 1778 σημαί-

64 1794 100 1812 νει
111 1788 128 1822 ἡ
146 1788 234 1823 φωνὴ,
253 1787 350 1823 ἔσομαι
368 1787 424 1822 ἐγώ
436 1796 465 1814 τε
482 1788 590 1821 ἐκείνῳ,
607 1788 654 1814 καὶ
670 1790 774 1820 ἐκεῖνος
790 1789 851 1823 ἐμοὶ

66 1832 204 1869 βάρϐαρος.
229 1835 260 1861 El
277 1834 315 1866 δὲ,
343 1834 380 1865 ὡς
396 1834 509 1869 ὕστερον
535 1834 650 1870 ἐρρήθη,
664 1834 850 1870 ἐκληψόμεθα,

64 1880 106 1905 καὶ
115 1881 128 1905 ὁ
136 1880 197 1911 νοῦς
208 1880 342 1911 τοιοῦτος’
350 1880 438 1906 Πολλὰ
450 1881 515 1915 γένη
529 1881 586 1906 ἐστὶ
599 1881 695 1915 φωνῶν
704 1881 732 1907 ἐν
745 1881 850 1917 κόσμῳ,

65 1925 105 1950 καὶ
118 1925 193 1951 οὐδὲν
204 1925 311 1952 τούτων
337 1925 396 1951 ἐστὶ
420 1926 475 1956 τοῖς
490 1925 649 1960 ὀμογενέσιν
671 1927 777 1961 ἄσημον
803 1928 851 1954 καὶ

62 1970 271 2004 ἀνεπίγνωστον.
292 1970 353 2002 Πῶς
375 1967 422 1997 οὗν
451 1970 530 2005 ὑμεῖς
555 1971 596 2001 είς
609 1971 680 2006 ἀέρα
695 1971 850 2005 λαλοῦντες,

63 2015 105 2040 καὶ
113 2015 209 2049 ἄσημα
238 2016 297 2046 τοῖς
313 2015 457 2050 ὁμογενέσι
474 2015 667 2050 φθεγγόμενοι,
684 2017 722 2048 ὡς
739 2017 810 2051 μέγα
825 2026 852 2044 τι

63 2062 276 2095 κατωρθωκότες
305 2062 470 2097 sonipedes;
502 2060 560 2087 ἀλλ’
597 2061 659 2097 οὐχὶ
685 2062 851 2094 σπουδάζετε

64 2107 159 2140 μᾶλλον
173 2108 222 2134 καὶ
234 2107 420 2142 ἐπιμελεῖσθε,
437 2108 481 2134 ἴνα
495 2106 585 2134 καὶτὸ
599 2107 791 2142 διερμηνεύειν
802 2108 852 2140 τὰς

62 2152 183 2185 γλώσσας
199 2153 412 2188 προσλαδόντες,
439 2153 479 2185 είς
494 2154 587 2188 κοινὴν
600 2153 737 2187 ὠφέλειαν
747 2154 853 2188 χρήση-

63 2197 105 2223 ui):
115 2199 154 2233 τῷ
171 2199 346 2234 χαρίσματι;
369 2198 398 2225 '0
413 2199 467 2234 γὰρ
487 2199 519 2233 δὴ
543 2199 623 2234 μόνον
650 2198 786 2232 γλώσσαις
803 2199 852 2224 λα-

61 2241 121 2276 λῶν,
137 2245 252 2279 ἀσήμου
270 2245 317 2271 καὶ
344 2245 547 2279 ἀνεπιγνώστου
571 2245 620 2279 τῆς
646 2244 737 2278 φωνῆς
764 2245 853 2279 ὑπαρ-

60 2289 156 2323 χούσης
170 2290 213 2326 τῷ
232 2291 368 2325 ἀκροατῇ,
384 2290 445 2317 ἀντὶ
466 2290 514 2317 τοῦ
531 2291 656 2324 ὠφελεῖν,
680 2289 755 2316 ἔσται
779 2290 854 2326 αὐτῷ

61 2333 207 2372 βάρϐαρος,
226 2338 275 2363 καὶ
296 2338 309 2363 ὁ
324 2337 462 2372 ἀκροατὴς
475 2337 576 2372 ὁμοίως
596 2337 635 2372 τῷ
647 2337 770 2364 λαλοῦντι
786 2337 854 2372 βάρ-

62 2381 142 2415 εαρος
170 2383 382 2418 λογισθήσεται.
410 2384 464 2410 Καὶ
491 2383 518 2410 τί
546 2385 577 2410 τὸ
599 2385 724 2411 ἐντεῦθεν
743 2385 855 2419 κέρδος;

62 2435 72 2453 t
92 2428 154 2455 Ἐὰν
166 2427 216 2456 οὖν
235 2429 273 2464 μὴ
291 2429 353 2456 είὸὦ
367 2429 416 2465 τὴν
440 2429 554 2465 δύναμιν
570 2430 619 2465 τῆς
632 2431 734 2465 φωνῆς.
756 2440 765 2457 ι
780 2430 856 2457 Εἰσὶν

59 2471 103 2499 οὖν
125 2475 225 2510 μυρίαι
248 2475 338 2509 φωναὶ
366 2476 395 2502 ὲν
413 2474 452 2510 τῷ
480 2475 587 2510 κόσμῳ.
604 2475 668 2502 Ἐὰν
684 2475 731 2503 οὖν
748 2477 786 2511 μὴ
799 2474 856 2503 οῖδα

59 2516 105 2552 τήν
115 2518 234 2554 δύναμιν
243 2520 293 2552 τῆς
305 2520 409 2555 φωνῆς,
422 2521 573 2554 τουτέστιν,
590 2522 637 2548 ἐὰν
650 2521 687 2556 μὴ
700 2519 758 2548 οῖδα
769 2522 795 2547 τί
809 2522 857 2548 λα-

59 2562 105 2594 λεῖ,
122 2564 249 2599 ἐσόμεθα
273 2565 399 2601 ἀλλήλοις
425 2565 574 2602 Βάρϋαροι,
592 2567 622 2594 οὐ
641 2567 717 2602 παρὰ
738 2568 789 2601 τὴν
808 2568 858 2602 τῆς

59 2610 149 2645 φωνῆς
158 2611 274 2643 κακίαν,
286 2611 353 2639 ἀλλὰ
364 2613 440 2648 παρὰ
452 2613 501 2648 τὴν
514 2614 594 2649 ἡμῶν
607 2613 730 2648 ἄγνοιαν.
749 2612 858 2646 «Οὕτως

59 2656 207 2691 καὶὺμεῖς,
226 2667 236 2682 ι
256 2657 360 2691 Οὕτως,
391 2659 465 2692 πῶς
484 2660 589 2694 Ὥσπερ
606 2660 631 2686 οἱ
652 2659 795 2690 λαλοῦντες
811 2659 859 2685 καὶ

61 2702 96 2737 μὴ
114 2703 276 2738 νοούμενοι,
289 2705 336 2731 καὶ
348 2705 392 2731 διὰ
404 2705 484 2732 τοῦτο
497 2706 573 2738 ὄντες
587 2707 695 2737 ἑαυτοῖς
707 2706 856 2740 Βάρεαροι,

58 2748 142 2781 οὕτως
158 2751 209 2775 καὶ
226 2750 307 2784 ὑμεῖς
320 2759 327 2765 ·
346 2751 406 2777 ἀντὶ
419 2751 476 2783 τοῦ,
491 2752 540 2778 Διὰ
554 2752 632 2778 τοῦτο
644 2752 691 2778 καὶ
707 2752 795 2785 ὑμεῖς.
808 2752 858 2779 Διὰ

59 2796 146 2828 mica;
162 2796 269 2830 ἵναμὴ
284 2795 332 2832 ἧτε
348 2797 475 2832 ἀλλήλοις
496 2798 644 2834 Βαρῦαροι.
657 2799 706 2824 Διά
720 2798 796 2824 τοῦτο
810 2796 857 2824 οὖν

60 2841 103 2866 καὶ
117 2841 215 2875 ὑμεῖς,
235 2842 297 2867 ἐπεὶ
311 2843 460 2878 ἐπιθυμίαν
488 2844 563 2878 ἔχετε
577 2846 767 2878 χαρισμάτων,
785 2843 857 2870 ὲκεί-

60 2892 108 2911 νων
137 2887 236 2921 τυχεῖν
254 2886 422 2920 ἀγωνίσασθε
442 2889 475 2916 δι’
489 2886 526 2916 ὧν
541 2889 605 2924 ὑμῖν
630 2890 647 2923 ἡ
669 2889 786 2923 ὠφέλεια
805 2889 855 2923 τῆς

905 1595 1003 1628 poterit
1023 1603 1121 1624 sensus
1141 1597 1262 1632 Apostoli
1283 1608 1289 1626 :
1317 1600 1401 1627 multa
1437 1607 1500 1629 sunt
1518 1611 1617 1638 genera
1641 1614 1690 1633 vo-

902 1648 976 1673 cum,
988 1646 1015 1668 et
1030 1642 1132 1669 nullum
1150 1643 1245 1670 horum
1267 1653 1396 1680 generum
1410 1648 1547 1682 aplionum
1562 1655 1603 1677 est
1619 1661 1625 1678 :
1640 1652 1690 1680 sed

903 1686 1039 1720 quodnam
1060 1687 1140 1715 nobis
1165 1688 1271 1716 lucrum
1291 1697 1305 1717 a
1332 1692 1444 1719 vocibus
1459 1692 1513 1721 illis
1538 1696 1689 1730 proveniet,

903 1732 926 1759 si
943 1732 1010 1758 nihil
1026 1733 1123 1760 horum
1149 1734 1354 1770 intelligamus?
1368 1736 1435 1764 Nam
1460 1739 1482 1766 si
1509 1747 1563 1767 non
1585 1748 1691 1777 cogno-

903 1785 967 1804 vero
979 1778 1042 1813 qnid
1057 1786 1109 1806 vox
1134 1780 1278 1814 significet.
1296 1790 1344 1810 ero
1360 1788 1385 1810 et
1399 1792 1449 1820 ego
1466 1785 1503 1812 illi
1520 1791 1548 1814 ct
1564 1787 1608 1815 ille
1625 1789 1691 1816 mihi

902 1823 1047 1851 barbarus.
1063 1825 1092 1852 Si
1108 1833 1172 1852 vero
1190 1832 1217 1853 ut
1241 1829 1379 1861 posterius
1390 1829 1494 1858 dictum
1509 1837 1561 1864 est,
1577 1840 1692 1869 accepe-

904 1869 1001 1897 rimus.
1020 1870 1080 1898 talis
1110 1872 1192 1899 etiam
1217 1874 1269 1900 erit
1287 1873 1454 1904 intellectus.
1486 1877 1568 1905 Multa
1589 1887 1690 1914 genera

904 1922 1000 1942 r0cum
1017 1923 1080 1943 sunt
1095 1918 1121 1944 in
1139 1919 1250 1951 mundol
1266 1925 1292 1947 et
1311 1921 1414 1948 nullum
1430 1923 1527 1951 horum
1541 1925 1690 1953 obscurum

902 1966 943 1989 est
960 1967 1007 1989 aut
1033 1964 1201 1999 incognitum
1219 1966 1261 1992 his
1276 1967 1322 2002 qui
1347 1967 1470 2002 ejusdem
1497 1970 1567 1997 inter
1584 1979 1614 1999 se
1627 1977 1693 1999 sunt

903 2009 1021 2043 generis,
1049 2012 1187 2045 quomodo
1207 2020 1272 2048 ergo
1285 2021 1332 2041 vos
1353 2015 1379 2042 in
1409 2023 1471 2043 aera
1496 2017 1650 2053 loquentes,
1665 2025 1693 2047 et

904 2055 996 2090 ignota
1012 2056 1055 2083 his
1074 2057 1121 2091 qui
1137 2058 1219 2084 vestri
1235 2063 1299 2086 sunt
1312 2062 1420 2094 generis
1434 2067 1574 2096 sonantes,
1592 2066 1693 2092 cristas

904 2102 1019 2135 erigitis,
1035 2109 1067 2129 ac
1079 2104 1102 2130 si
1120 2111 1248 2138 magnum
1266 2105 1368 2140 aliquid
1387 2109 1582 2142 peregissetis?
1596 2115 1622 2137 et
1638 2119 1693 2138 non

905 2148 992 2183 magis
1014 2149 1131 2178 studetis
1155 2157 1201 2178 aut
1216 2153 1329 2184 curatis,
1346 2158 1384 2186 ut,
1401 2160 1511 2189 accepta
1539 2156 1692 2190 linguarum

906 2193 1144 2228 interpretatione,
1173 2196 1207 2223 ad
1246 2205 1419 2224 communem
1449 2199 1594 2225 utilitatem
1621 2201 1693 2227 dono

908 2240 1041 2267 utamini?
1065 2240 1130 2267 Nam
1149 2242 1194 2276 qni
1213 2247 1315 2269 tantum
1339 2243 1440 2276 linguis
1457 2244 1587 2279 l0qnitur,
1606 2246 1628 2272 si
1646 2247 1694 2273 ob-

907 2291 987 2310 scura
1004 2291 1030 2312 et
1052 2286 1189 2321 incognita
1210 2289 1244 2314 sit
1262 2296 1313 2315 vox
1336 2290 1466 2322 auditori,
1484 2299 1546 2318 cum
1564 2293 1694 2326 prodest-0

906 2330 1027 2363 deberet,
1049 2333 1101 2359 erit
1124 2333 1148 2359 ei
1177 2333 1320 2365 barbarus,
1347 2340 1373 2361 et
1388 2336 1496 2363 auditor
1521 2338 1648 2364 similiter
1668 2339 1695 2365 ei

907 2376 952 2410 qui
975 2376 1095 2411 loquitur
1119 2379 1289 2413 reputabitur
1312 2379 1446 2409 barbarus
1471 2386 1519 2409 :et
1541 2384 1613 2418 quod
1632 2385 1696 2412 inde

907 2422 1012 2449 lucrum
1030 2424 1100 2450 erit?
1120 2424 1169 2452 «Si
1186 2425 1267 2460 igitur
1284 2426 1407 2455 nesriero
1422 2428 1578 2462 vitn_’_vocis.
1595 2439 1604 2456 ι
1625 2430 1696 2458 Sunt

907 2477 973 2505 ergo
995 2470 1147 2499 innumera;
1175 2480 1256 2501 voces
1282 2473 1310 2501 in
1338 2474 1450 2502 mundo.
1465 2475 1560 2511 Itaque
1590 2477 1612 2504 si
1640 2485 1694 2505 non

909 2516 994 2544 sciam
1012 2518 1068 2545 vim
1085 2519 1172 2550 vocis,
1191 2519 1242 2546 hoc
1259 2525 1311 2552 cst,
1335 2520 1357 2548 si
1387 2522 1506 2548 nesciam
1523 2523 1587 2556 quid
1608 2523 1697 2557 loqui-

909 2567 963 2596 tur,
988 2563 1092 2591 erimus
1109 2565 1189 2592 nobis
1216 2570 1310 2592 mutuo
1325 2566 1433 2594 barbari
1454 2575 1461 2593 :
1479 2575 1533 2594 non
1558 2568 1593 2595 ob
1622 2570 1697 2596 vocis

909 2609 1016 2641 vitium,
1032 2610 1080 2638 sed
1095 2610 1131 2638 ob
1143 2611 1325 2646 ignorantiam
1337 2616 1472 2640 nostram.
1489 2623 1498 2639 ι
1515 2613 1554 2640 lta
1565 2618 1592 2641 et
1608 2621 1666 2641 vos.
1684 2624 1694 2640 ν

910 2657 958 2683 lta.
970 2656 1096 2689 Quonam
1113 2656 1193 2684 modo
1205 2657 1216 2683 ’ἰ
1228 2658 1305 2685 Sicut
1317 2659 1364 2692 qui
1382 2659 1533 2693 loquunlur
1552 2667 1602 2686 nec
1618 2659 1698 2686 intel-

909 2702 1043 2736 liguntur,
1062 2707 1088 2729 et
1112 2703 1173 2729 ideo
1190 2702 1240 2730 sibi
1260 2708 1357 2730 mutuo
1379 2708 1441 2730 sunt
1464 2703 1571 2730 barbari
1589 2713 1596 2730 :
1614 2704 1651 2730 ita
1669 2708 1697 2732 et

909 2756 975 2780 vos,
1000 2748 1026 2775 id
1050 2752 1103 2780 est,
1119 2752 1261 2782 propterea
1282 2752 1310 2775 et
1333 2756 1392 2774 vos.
1419 2748 1532 2782 Propter
1555 2749 1644 2782 quid?
1663 2759 1698 2778 ne

909 2793 987 2821 scitis
1006 2793 1083 2820 vobis
1101 2794 1216 2820 invicem
1240 2793 1364 2819 Barbari.
1390 2793 1536 2826 Propterea
1563 2795 1646 2829 igitur
1670 2801 1698 2824 et

908 2847 958 2867 vos
981 2840 1134 2874 :quoniam
1171 2839 1242 2865 dona
1266 2839 1472 2874 concupiscitis,
1509 2840 1556 2868 illa
1585 2843 1697 2877 assequi

911 2887 1069 2914 contendite
1083 2893 1131 2920 per
1146 2892 1209 2920 quae
1222 2884 1351 2912 Ecclesiae
1366 2885 1471 2914 utilitas
1487 2891 1514 2913 et
1525 2886 1668 2915 aediﬁcatio
1682 2896 1697 2913 α
