1872 3053
50 180 100 215 8τ3

510 180 701 211 COMMENT.
717 179 758 209 IN
772 179 890 209 EPIST.
906 180 917 209 Ι
931 180 981 210 AD
995 181 1175 212 CORINTH.

1619 166 1682 214 ιιι

50 246 101 270 τας
113 237 186 270 τοὺς
194 237 317 272 ἐχθροὺς
328 238 388 265 ὑπὸ
399 238 468 271 τοὺς
477 238 824 273 πόδαρῖιὺτοῦ.”Εσχατοι

925 239 1009 265 suerit
1045 248 1133 267 omnes
1169 241 1291 268 inimicos
1319 240 1366 267 ιιιό
1403 240 1481 275 pedes
1506 249 1579 269 ιιιοι.
1604 241 1672 269 Ροε-

49 283 152 316 ἐχθρὸς
166 284 353 318 καταργεῖται
367 285 383 310 ὀ
400 283 538 316 θάνατος.
550 284 652 311 Πάντα
664 284 719 319 γὰρ
728 284 836 312 ὑπέτα-

50 329 100 360 ξεν
108 328 165 355 ὑπὸ
176 328 246 362 τοὺς
255 330 557 362 πόδαςαὺτοῦ.”οτιιν
568 330 602 357 δὲ
608 331 679 364 εῑπῃ
689 331 731 357 ὅτι
739 331 837 357 πάντα

50 373 252 406 ὑποτέτακται,
275 374 418 408 δηλονότι
445 375 534 408 ἐκτὸς
550 376 604 403 τοῦ
627 376 836 409 ὑποτάξαντος

50 418 124 451 αὐτῷ
133 419 168 445 τὰ
178 419 284 446 πάντα.
300 421 392 447 ὀταν
401 421 435 447 δὲ
443 421 579 456 ὑποταγῇ
589 422 668 455 αὐτῴ
681 423 715 450 τὰ
725 423 835 455 πάντα,

49 465 112 492 τότε
118 465 167 492 καὶ
175 466 267 499 αὐτὸς
273 468 290 493 ό
303 468 369 500 Υἱὸς
376 468 598 502 ὑποταγήσεται
606 468 646 501 τῷ
654 470 836 501 ὑποτάξαντι

49 511 124 544 αὐτῷ
138 512 174 538 τὰ
189 512 354 545 πάντα,ἶνα
364 511 385 550 ᾗ
398 515 414 540 ό
430 514 499 547 Θεὸς
515 513 613 541 πάντα
628 515 662 541 ἐν
678 515 782 543 πᾶσιν.

82 558 117 584 Τὸ
126 557 280 592 βασιλεύειν
306 559 433 592 ἐνταῦθα,
453 560 502 596 οὐχ
516 560 621 592 ἁπλῶς,
634 561 691 588 ἀλλ’
703 559 769 593 οἷον,
787 562 834 589 Δεῖ

49 603 125 630 αὐτὸν
139 604 174 630 τὰ
190 604 237 631 τοῦ
257 604 446 640 βασιλεύοντος
470 608 568 639 ποιεῖν,
598 607 735 640 τουτέστι,
752 608 835 634 πολε-

47 654 105 688 ·μεϊν
120 653 183 684 τοὺς
194 653 321 689 ἐχθροὺς,
348 655 504 689 συμμαχεῖν
527 655 584 686 τοῖς
599 654 685 687 ἰδίοις,
708 655 771 686 τοὺς
785 655 835 691 μὲν

49 698 222 733 τροποῦσθαι,
246 700 310 731 τοὺς
339 699 368 726 δὲ
384 700 508 735 ῥύεσθαι.
523 710 533 727 ι
553 702 651 736 ’Λχρις
664 698 694 728 οὗ
714 701 747 728 ἂν
761 701 805 736 οῇ,
822 711 832 728 ι

50 745 93 771 καὶ
106 744 178 780 ἑξῆς.
197 745 275 772 Μετά
287 745 342 781 γὰρ
362 746 459 779 ταῦτα,
482 746 588 778 οὐδενὸς
610 747 665 773 τῶν
682 748 834 782 εἰρημένων

49 790 131 824 χρεία.
153 791 349 821 Ἀστασίαστος
360 791 415 826 γὰρ
426 791 520 818 λοιπὸν
535 791 696 827 ἡβασιλεία.
715 801 724 818 ι
738 792 834 828 Ἀχρις

50 833 78 863 οὗ
91 835 122 863 ἃν
134 835 179 871 θῇ.
199 846 209 862 ι
228 838 265 863 Οὐ
279 837 354 868 τέλος
373 837 505 869 ἐπιτιθεὶς
520 839 553 873 τῇ
569 837 702 873 βασιλείᾳ,
716 836 775 866 εἷπε
792 839 833 870 τὸ,

49 891 61 906 4
75 882 167 916 ’Λχρις
175 880 206 909 οὗ
220 882 253 909 ἂν
263 882 307 918 θῇ,
325 892 335 909 ι
350 883 408 909 ἀλλ’
417 884 574 917 ἀξιόπιστον
586 884 670 911 ποιῶν
682 885 834 920 τδεῑρημέ-

890 289 990 311 tremit:
1015 284 1099 312 [tostis
1123 285 1271 312 abolebitur
1303 294 1384 314 mors.
1405 285 1478 313 Nam
1503 287 1593 314 omnia
1610 287 1673 313 sub-

885 329 949 363 jecit
962 330 1010 357 sub
1030 330 1108 364 pedes
1128 331 1211 358 illius.
1228 331 1307 366 Atqui
1337 339 1396 358 cum
1413 332 1487 358 dicat
1502 334 1570 366 quod
1583 333 1673 359 omnia
1725 344 1729 348 ι

888 375 1006 409 subjecta
1020 376 1083 408 sint,
1096 377 1185 410 palam
1200 381 1238 404 est
1252 377 1434 411 excipiendum
1447 385 1506 404 eum
1519 378 1564 411 qui
1586 378 1675 412 subje—

888 421 923 446 cit
937 420 1096 454 ipsipmnia.
1112 421 1178 449 Cum
1195 428 1282 448 autem
1304 422 1422 457 subjecta
1433 423 1531 456 fuerint
1544 423 1595 456 ipsi
1615 431 1673 449 om-

889 467 944 497 nia,
965 470 1025 492 tunc
1040 470 1066 493 et
1079 467 1134 501 ipsa
1154 466 1244 493 Filius
1259 467 1417 501 subjiciunt
1446 468 1470 494 ei
1493 467 1537 502 qui
1562 467 1673 500 subiecit

888 511 939 545 ipsi
955 513 1054 546 omnia,
1065 518 1094 539 ιιι
1113 514 1148 540 sit
1162 513 1234 541 Deus
1251 515 1341 540 omnia
1357 515 1383 541 in
1395 514 1526 541 omnibus.

923 556 1048 592 Regnare
1064 559 1115 585 hoc
1133 559 1194 585 loco
1209 566 1263 586 non
1279 559 1382 594 vulgari
1395 559 1475 587 modo
1492 559 1612 594 capitur,
1624 559 1672 586 sed

888 606 918 628 ιιι
932 603 968 629 sit
981 604 1124 637 regnantis
1143 611 1226 638 opera
1240 611 1381 638 exercere,
1397 609 1462 639 puta
1480 605 1610 633 inimicos
1625 605 1674 632 de-

887 647 1002 680 bellare.
1015 650 1073 677 suis
1094 651 1236 684 auxiliari,
1266 652 1328 678 illos
1345 652 1455 686 quidem
1469 657 1602 684 evertere,
1623 652 1674 680 llos

887 700 953 721 vero
971 694 1100 722 liberare.
1118 704 1128 721 ι
1148 695 1239 724 Donec
1270 697 1394 731 posuerit
1428 704 1525 724 omnes
1546 697 1673 724 inimicos

887 739 940 767 sub
954 740 1036 775 pedes
1053 749 1129 769 suos.
1148 751 1157 767 ι
1172 741 1237 769 Post
1250 742 1307 769 haec
1322 743 1394 770 enim
1413 742 1488 770 nullo
1498 751 1594 770 eorum
1612 751 1674 778 qua!

887 785 961 813 dicta
991 792 1056 814 sunt
1084 795 1154 823 opus
1173 788 1236 816 erit.
1258 787 1326 815 Nam
1347 789 1530 817 seditionibus
1559 798 1673 825 regnum

886 831 1015 868 deinceps
1029 834 1143 862 carebit.
1162 834 1254 863 Donec
1275 836 1410 871 posuerit,
1432 843 1486 862 non
1500 836 1581 863 tinem
1597 836 1673 872 regni

885 879 964 912 dicit,
994 880 1041 908 sed
1058 884 1088 908 ut
1101 881 1233 910 credibile
1257 881 1340 910 iaciat
1355 883 1429 917 quod
1445 882 1549 910 dictum
1567 887 1619 915 est,
1645 887 1674 910 et

51 936 100 958 νον,
111 928 157 954 καὶ
167 928 281 964 θαρρεῖν
297 922 528 964 παραακευάζων,
543 930 642 957 ὡσανεὶ
655 931 731 965 ἔλεγε
742 939 750 947 ⁶
773 931 824 966 Μὴ,

925 933 989 952 num
1014 926 1098 954 addat
1112 927 1245 960 animum,
1263 935 1295 955 ac
1307 928 1330 956 si
1348 913 1463 956 dixisset
1479 936 1486 955 :
1510 928 1673 962 Quanquam

50 973 138 1009 ἐπειδὴ
155 974 289 1010 ἦκουσας,
304 972 326 1001 ὦ
342 973 430 1008 οὗτος,
442 977 483 1002 ὅτι
494 977 664 1012 καταργήσει
680 978 770 1004 πᾶσαν
785 978 834 1013 ἀρ-

51 1019 95 1055 χὴν
110 1020 154 1046 καὶ
183 1020 319 1054 ἐξουσίαν,
351 1023 397 1048 καὶ
411 1023 492 1049 αὑτὸν
506 1023 552 1051 τὸν
571 1023 697 1056 θάνατον,
712 1024 834 1060 φοϐηθῇς

50 1063 84 1095 ὡς
109 1065 268 1097 ἀτονοῦντος
292 1066 386 1093 αὑτοῦ.
407 1067 479 1100 Ἕως
504 1068 559 1104 γὰρ
583 1068 616 1095 ἂν
630 1069 718 1096 πάντα
734 1071 834 1106 ποιήσῃ

52 1108 190 1143 βασιλεύει,
205 1111 237 1137 οὐ
255 1111 335 1138 τοῦτο
361 1113 459 1147 λέγων,
477 1114 518 1141 ὅτι
540 1114 609 1149 μετὰ
626 1114 656 1141 τὸ
676 1115 788 1149 ποιῆσαι
803 1116 833 1142 οὐ

52 1155 207 1188 βασιλεύσει,
226 1156 283 1183 ἀλλ’
301 1158 390 1185 ἐκεῖνο
404 1159 522 1192 δεικνὺς,
538 1160 579 1186 ὅτι
604 1160 654 1186 κᾶν
671 1160 708 1196 μὴ
724 1160 770 1187 νῦν
785 1161 833 1196 γέ-

52 1210 134 1236 νηται,
151 1203 264 1235 πάντως
293 1204 381 1232 ἔσται.
406 1206 511 1239 Κρατετ
529 1205 583 1241 γὰρ
604 1206 697 1239 αὑτοῦ,
714 1208 834 1244 (priami;

50 1247 168 1281 βασιλεία
176 1250 226 1276 καὶ
239 1250 289 1276 οὐκ
301 1251 401 1283 ἀτονεῖ,
415 1251 494 1286 ἄχρις
507 1249 537 1279 οὗ
549 1252 637 1279 πάντα
652 1253 833 1288 κατορθώσει.

57 1293 84 1319 Ἦ
101 1293 127 1320 δὲ
139 1295 279 1330 κρατοῦσα
300 1296 379 1332 ἄχρις
395 1293 424 1323 οὗ
441 1298 529 1324 πάντα
555 1299 725 1335 κατορθωθῇ,
744 1299 834 1337 πολλῷ

51 1341 144 1375 μᾶλλον
151 1342 221 1378 μετὰ
233 1343 263 1369 τὺ
278 1343 485 1378 κατορθωθῆναι
508 1345 652 1380 κρατήσει.
669 1355 678 1371 ι
695 1345 749 1372 Καὶ
759 1345 834 1381 βασι-

53 1387 117 1419 λείας
128 1387 226 1423 αὑτοῦ,
243 1390 337 1425 φησιν,
354 1390 405 1416 οὐκ
426 1389 502 1417 ἔσται
529 1390 616 1422 τέλος.
632 1400 640 1416 ι
660 1391 696 1418 Τὸ
719 1391 747 1418 δὲ
766 1392 834 1426 ἄχρι

51 1433 95 1460 καὶ
115 1434 145 1460 τὸ
167 1433 237 1468 ἕως,
249 1435 280 1461 οὐ
302 1436 390 1462 κεῖται
407 1436 504 1472 χρόνον
531 1437 748 1471 συντελεστικὸν,
763 1438 834 1470 ἀλλ’,

58 1480 119 1507 ’Δεί.
136 1478 197 1508 Οἴου
214 1482 255 1513 τὸ,
276 1490 286 1507 ι
309 1481 380 1515 Ἐγὼ
403 1481 464 1517 μεθ’
494 1482 572 1517 ὑμῶν
588 1483 646 1518 ειμι
668 1484 760 1515 πάσας
783 1485 834 1516 τὰς

51 1526 150 1561 ἡμέρας
173 1527 229 1558 ἕως
251 1527 301 1561 τῆς
317 1527 484 1560 συντελείας.
505 1537 515 1554 i
536 1528 592 1555 Καὶ
607 1529 647 1561 τὸ,
666 1538 676 1555 ι
694 1529 786 1556 Κάθου
801 1531 833 1557 ὲκ

50 1571 137 1604 δεξιῶν
165 1582 216 1608 μου
245 1573 308 1605 ἓως,
325 1583 334 1599 ι
353 1574 400 1600 καὶ
411 1574 451 1607 τὸ,
471 1583 480 1599 ι
499 1574 642 1610 Παρέλαϐε
650 1575 700 1610 τὴν
717 1577 824 1608 γυναϊκι

926 1579 1014 1606 mper.
1048 1572 1137 1600 Veluti
1175 1580 1238 1600 cum
1267 1572 1334 1600 dicit

53 1617 127 1644 αὑτοῦ
153 1619 200 1646 καὶ
224 1619 274 1645 οὒκ
304 1619 453 1653 ἐγίνωσκεν
475 1619 561 1654 αὐτὴν
584 1620 647 1651 ἓως.
665 1629 674 1645 i
693 1621 739 1647 Δεῖ
754 1621 835 1648 αὑτὸν

53 1662 196 1698 βασιλεύειν
216 1665 261 1691 ἀεὶ
284 1665 332 1692 καὶ
354 1665 406 1700 πρὸ
425 1665 472 1692 τοῦ
496 1665 629 1697 ὑποτάξαι
642 1666 704 1697 τοὺς
721 1666 835 1702 ἐχθροὺς

46 1702 99 1736 ’ὑπὸ
121 1711 182 1742 τοὺς
210 1711 305 1743 πόδας,
331 1712 378 1738 καὶ
395 1711 464 1746 μετὰ
479 1711 509 1738 τὸ
525 1711 666 1744 ὑποτάξαι.
688 1712 795 1744 Πάντας
807 1712 835 1739 δὲ

53 1755 108 1786 τοὺς
130 1756 246 1792 ἐχθρούς
277 1765 352 1792 φησι,
377 1757 511 1791 τουτέστι,
535 1758 600 1789 τοὺς
620 1757 762 1793 δαίμονας,
788 1758 835 1785 τὸν

53 1800 173 1833 διάὸολον,
184 1802 233 1828 τὸν
249 1801 372 1834 θάνατον,
391 1803 453 1834 τοὺς
464 1802 606 1834 ἀπίστους,
622 1803 653 1829 'H
669 1803 697 1829 δὲ
705 1800 775 1839 ἧττα
788 1803 834 1830 τοῦ

51 1845 166 1879 Θανάτου,
177 1849 209 1874 τὸ
228 1848 409 1884 ἀφαιρεθῆναι
421 1848 503 1875 αὐτοῦ
518 1850 581 1880 τοὺς
595 1850 709 1883 νεκροὺς
725 1851 758 1884 τῇ
770 1849 835 1876 ἀνα-

54 1893 146 1920 στάπι.
166 1904 175 1920 ι
194 1896 244 1921 Δεῖ
271 1895 326 1930 γὰρ
346 1895 428 1922 αὐτὸν
456 1895 612 1930 βασιλεύειν
638 1896 691 1923 ἀεί.
711 1905 720 1922 ι
748 1896 835 1923 Τοῦτο

53 1939 116 1973 λέγει
131 1941 169 1973 τὸ,
185 1951 194 1967 ι
216 1942 324 1976 Ἀχρις.
348 1950 358 1966 ι
377 1941 461 1977 Θήσει
488 1942 541 1976 γὰρ
569 1941 631 1973 τοὺς
650 1942 765 1976 ἐχθροὺς
781 1942 834 1969 ὑπὸ

53 1986 107 2018 τοὺς
125 1987 207 2014 αὐτοῦ
226 1987 321 2018 πόδας.
343 1987 375 2014 El
399 1988 453 2023 γὰρ
471 1988 524 2023 πρὸ
542 1987 589 2014 τοῦ
609 1987 720 2022 τεθῆναι
737 1987 832 2015 £6101-

52 2030 117 2063 λέυε,
146 2032 238 2068 πολλῷ
265 2033 365 2068 μᾶλλον
397 2034 465 2068 μετά
485 2033 515 2060 τὸ
533 2033 624 2068 θῆναι.
643 2042 652 2058 ι
671 2034 764 2060 Πάντα
778 2035 833 2069 γὰρ

54 2076 174 2112 ὑπέταξεν
199 2079 254 2105 ὑπὸ
276 2080 339 2111 τοὺς
369 2080 450 2111 πόδας
472 2079 566 2106 αὑτοῦ.
586 2089 596 2105 i
620 2079 730 2115 Ἐπειδὴ
744 2080 832 2107 πάντα

54 2125 118 2159 παρὰ
128 2125 174 2152 τοῦ
190 2125 256 2152 Υῐοῦ
271 2125 322 2161 ἔφη
348 2125 483 2159 γίνεσθαι,
499 2126 548 2160 τὴν
571 2125 710 2160 βασιλείαν
733 2134 833 2161 κατορ-

53 2168 162 2205 οοίοῧαι,
191 2172 243 2203 τὰς
266 2171 390 2204 ἐξουσίας
411 2172 620 2206 καταργεῖσῢαι,
650 2172 752 2203 πάντας
780 2172 832 2199 ὑπὸ

51 2217 107 2247 τοὺς
134 2218 219 2249 πόδας
240 2217 358 2253 κεῖσθαι,
379 2218 499 2253 ὲφοὸήθη
528 2218 565 2253 μὴ
592 2218 692 2253 μείζων
716 2218 830 2254 νομισθῇ

52 2260 65 2286 ὃ
74 2261 130 2295 Υἱὸς
137 2264 182 2290 τοῦ
194 2264 315 2299 Πατρὺς,
332 2265 378 2290 καὶ
394 2263 486 2290 λοιπὸν
497 2265 543 2290 ἐπὶ
554 2263 599 2290 τὸν
615 2263 723 2298 Πατέρα
736 2264 832 2297 ἀνάγει

52 2306 82 2334 τὰ
90 2308 183 2341 πάντα,
199 2319 208 2336 ι
222 2310 326 2342 Πάντα,
342 2310 439 2344 λέγων,
459 2310 593 2343 ὑπέταξεν
608 2310 660 2336 ὑπὸ
676 2310 738 2341 τοὺς
749 2310 833 2341 πόδας

54 2353 135 2388 αὐτοῦ,
154 2365 164 2382 i
180 2357 289 2389 δεικνὺς
306 2357 411 2383 ἐκεῖθεν
429 2355 497 2384 εἶναι
511 2357 550 2392 τῷ
569 2357 626 2392 Υὶῷ
644 2356 674 2383 τὸ
690 2355 832 2389 δύνασθαι,

54 2399 80 2426 ἐκ
92 2401 137 2435 τῆς
151 2402 266 2437 ἀχρόνου
286 2403 386 2434 αἰτίας.
405 2412 413 2428 ι
436 2403 521 2429 Ὅταν
550 2403 578 2429 δὲ
603 2403 680 2438 εἴπῃ,
695 2411 704 2427 i
720 2403 734 2429 ό
751 2403 833 2429 Δαυῖδ

55 2455 121 2482 φησι.
134 2449 213 2483 Λέγει
228 2450 283 2485 γὰρ
295 2450 410 2482 ἐκεῖνος,
429 2459 437 2474 ι
454 2450 547 2476 Πάντα
559 2449 692 2482 ὑπέταξεν
705 2452 719 2478 ό
735 2452 831 2488 Πατὴρ

54 2492 98 2518 ὑπὸ
110 2496 167 2526 τοὺς
185 2495 268 2526 πόδας
287 2494 381 2526 αὑτοῦ,
400 2495 524 2530 πρόϐατα
539 2495 584 2521 καὶ
600 2495 663 2529 βόας
677 2497 797 2529 ἁπάσας,
818 2507 829 2525 ι

54 2537 78 2570 ἑξ
91 2535 119 2566 οὗ
131 2541 177 2566 καὶ
204 2541 253 2576 τὴν
275 2541 430 2575 μαρτυρίαν
451 2541 536 2574 λέγει.
551 2541 622 2577 Ὀρα
633 2542 661 2567 δὲ
678 2543 735 2573 πῶς
751 2544 831 2578 δῆλός

53 2583 116 2611 ἐςτιν
130 2587 231 2613 ἐκεῖνον
248 2587 377 2622 φοϐηθεὶς
393 2588 440 2613 τὸν
456 2587 549 2621 φόϐον,
564 2587 598 2613 1b
617 2587 653 2622 μὴ
668 2589 829 2624 νομισθῆναι

55 2631 153 2664 μείζονα
175 2633 221 2660 τὸν
251 2633 326 2664 Υἰδν,
342 2634 382 2660 ὅτι
403 2633 484 2660 πάλιν
499 2633 669 2668 ἠσφαλίσατο
686 2635 762 2661 αὐτό.
775 2636 830 2662 Καὶ

52 2675 145 2709 δῖκαιος
167 2679 182 2705 ὁ
212 2679 302 2712 φόϐος.
320 2689 330 2704 ι
351 2679 421 2714 Πρὸς
437 2679 492 2714 γὰρ
510 2679 609 2713 ἄνδρας
623 2678 676 2705 ἀπὸ
696 2679 830 2714 Ἑλλήνων

53 2723 236 2755 πιστεύσαντας
253 2724 384 2758 ἔγραᾳεν,
405 2723 429 2750 οἳ
445 2723 586 2756 δοξάζουσι
610 2723 655 2749 τὸν
667 2724 716 2750 Δία
728 2725 831 2752 ὲπαναυ

53 2767 141 2794 στάντα
152 2769 190 2803 τῷ
201 2770 292 2805 οίκεὶῳ
306 2771 361 2795 ﬂe:
368 2771 403 2804 9‘1,
416 2769 516 2802 ἐξῶσαι
530 2769 611 2795 αὑτὸν
621 2769 668 2803 τῆς
679 2769 827 2803 βασιλείας.

54 2813 106 2845 Δέος
121 2814 165 2841 οὖν
181 2813 225 2850 ἦν,
239 2816 275 2850 μή
289 2824 315 2841 τι
331 2815 450 2841 τοιοῦτον
462 2814 527 2850 παρ’
542 2816 607 2850 ἡμῖν
623 2813 826 2841 ὑποπτεύσωσι.

103 2905 123 2920 ⁸⁸
134 2903 199 2932 Luc.
222 2914 240 2936 i,
255 2906 301 2933 35.
357 2905 381 2921 "
407 2904 503 2932 Matth.
534 2912 628 2936 xxviii,
645 2903 689 2932 ΞΟ.

197 2952 329 2982 Parnm.
353 2952 412 2982 Gn.
433 2953 571 2983 CXVIII.

739 2905 761 2921 "
774 2904 847 2933 Psal.
861 2912 917 2939 (ιιι,
933 2905 961 2932 2.

887 971 1001 1003 audisti,
1016 979 1033 998 o
1067 976 1095 999 tu
1113 972 1241 1008 quisquis
1266 981 1306 1006 es,
1328 973 1401 1008 quod
1421 973 1542 1001 abolebit
1564 981 1673 1001 onmem

889 1017 1074 1052 principatum
1103 1024 1130 1046 et
1166 1027 1275 1047 omnem
1299 1024 1462 1055 potestatem
1491 1027 1523 1047 ac
1558 1024 1674 1048 mortem

887 1063 987 1097 ipsam,
1010 1071 1044 1092 ne
1058 1065 1158 1093 timeas
1181 1066 1260 1100 quasi
1276 1066 1399 1094 futurum
1413 1070 1488 1094 esset
1506 1070 1537 1093 ut
1560 1065 1618 1101 ipse
1633 1066 1674 1093 la-

886 1107 952 1136 bore
964 1108 1102 1137 deﬁceret.
1113 1110 1204 1138 Donec
1216 1111 1288 1139 enim
1301 1113 1393 1140 omnia
1409 1112 1517 1143 iecerit.
1532 1112 1672 1146 regnabit;

885 1161 940 1181 non
957 1155 1007 1182 hoc
1020 1156 1114 1184 dicens
1133 1157 1207 1192 quod
1224 1162 1368 1193 postquam
1385 1158 1482 1186 fecerit
1499 1166 1553 1186 non
1574 1165 1674 1194 regna-

886 1201 926 1228 bit
943 1210 950 1228 :
968 1202 1015 1229 sed
1028 1203 1092 1230 illud
1107 1203 1257 1231 ostendens
1268 1204 1353 1240 quod,
1368 1205 1431 1233 licet
1447 1205 1530 1232 modo
1546 1205 1603 1232 haec
1616 1213 1673 1233 non

885 1248 962 1279 ﬂant,
991 1249 1106 1276 omnino
1131 1256 1220 1277 tamen
1238 1254 1330 1278 erunt.
1360 1250 1452 1278 Vincit
1465 1252 1537 1278 enim
1557 1247 1679 1286 regnum

885 1295 957 1330 ejus.
978 1303 1029 1323 nec
1045 1295 1154 1324 deﬁciet
1167 1304 1312 1332 quousque
1333 1297 1426 1324 omnia
1444 1298 1571 1333 perﬁciat
1588 1307 1594 1325 :
1611 1298 1672 1324 vin-

885 1349 951 1370 cens
971 1346 1063 1370 autem
1079 1351 1224 1379 quousque
1244 1343 1334 1370 omnia
1348 1343 1482 1378 perliciat,
1507 1343 1594 1370 multo
1614 1350 1672 1370 ma-

885 1389 928 1423 gis
948 1390 1037 1417 vincet
1062 1394 1208 1426 postquam
1226 1390 1345 1426 perfecta
1373 1390 1485 1418 iuerint.
1510 1390 1592 1425 566
1611 1400 1620 1415 ι
1639 1389 1675 1416 Et

885 1435 962 1469 regni
988 1436 1061 1470 ejus,
1091 1437 1192 1470 inquit,
1207 1444 1262 1464 non
1289 1437 1342 1464 erit
1368 1436 1430 1464 ﬁnis
1445 1437 1478 1462 δ’.
1500 1445 1509 1462 i
1534 1436 1674 1463 Diciiones

885 1480 971 1515 igitur
983 1481 1048 1516 ἄχρι
1063 1487 1090 1509 et
1103 1482 1156 1514 ἕως
1168 1482 1250 1510 donec
1265 1487 1292 1510 et
1303 1491 1447 1518 quousque,
1469 1489 1525 1510 non
1541 1481 1674 1516 temporis

885 1526 1029 1562 designant
1060 1528 1219 1561 terminum,
1249 1528 1297 1555 sed
1326 1528 1397 1555 idem
1426 1526 1585 1562 signiﬁcant
1599 1525 1674 1561 quod

1367 1581 1373 1600 :
1400 1582 1409 1598 ι
1447 1572 1504 1608 Ego
1530 1572 1674 1599 vobiscum

888 1622 950 1644 sum
972 1615 1104 1643 omnibus
1139 1616 1237 1644 diebus
1270 1624 1357 1651 usque
1384 1616 1420 1643 ad
1452 1616 1672 1644 consummatio-

887 1668 949 1687 nem
967 1660 1002 1688 ".
1020 1670 1034 1687 ι
1050 1665 1078 1688 et
1092 1681 1100 1687 .
1115 1670 1126 1687 ι
1155 1661 1226 1690 Sede
1250 1669 1265 1688 a
1280 1662 1385 1689 dextris
1401 1662 1480 1693 meis,
1504 1662 1593 1689 donec
1622 1669 1674 1697 po-

887 1713 969 1734 suero
995 1707 1124 1735 inimicos
1141 1711 1204 1736 tuos
1229 1707 1264 1734 ¹¹.
1283 1717 1292 1733 ι
1308 1712 1336 1736 et
1353 1716 1360 1734 :
1378 1717 1388 1734 ι
1411 1708 1523 1743 Accepit
1560 1716 1672 1736 uxorein

888 1761 977 1786 suam,
1006 1758 1034 1781 et
1063 1761 1118 1781 non
1150 1754 1278 1789 cognovit
1295 1761 1355 1781 eam
1381 1754 1469 1781 donec
1490 1754 1595 1789 peperit
1610 1755 1642 1781 ".
1657 1763 1670 1779 ηι

888 1798 1001 1834 Oportet
1015 1799 1086 1826 enim
1101 1807 1162 1826 eum
1178 1806 1286 1835 semper
1315 1806 1443 1834 regnare,
1459 1804 1486 1827 et
1512 1800 1673 1835 priusquam

888 1845 1018 1879 subjiciat
1032 1845 1160 1873 inimicos
1176 1845 1227 1873 sub
1240 1846 1332 1880 pedes,
1345 1851 1371 1872 et
1385 1852 1529 1881 postquam
1547 1847 1675 1880 subiece-

886 1891 933 1919 rit.
948 1891 1051 1919 Omnes
1069 1896 1160 1919 autem
1181 1891 1308 1919 inimicos
1323 1891 1410 1919 dicit:
1427 1893 1478 1920 lioc
1490 1897 1542 1925 est,
1569 1893 1674 1920 ὀξειηο-

886 1945 947 1970 nes,
966 1937 1116 1970 diabolum,
1131 1942 1260 1970 mortem,
1275 1945 1307 1965 ac
1326 1937 1494 1966 incredulos.
1522 1938 1674 1966 Conﬁietus
1696 1929 1702 1937 I

885 1988 977 2012 autem
990 1992 1044 2019 quo
1064 1992 1138 2012 mors
1156 1984 1313 2012 devincitur
1326 1988 1369 2012 est
1382 1985 1485 2012 ablatio
1500 1990 1671 2012 mortuorum

885 2031 920 2058 ab
940 2031 997 2065 ipsa
1014 2038 1062 2065 per
1082 2030 1324 2058 resurrectionem.
1346 2039 1355 2055 ι
1370 2029 1484 2065 Oportet
1494 2031 1566 2057 enim
1584 2031 1673 2065 ipsum

885 2084 992 2111 semper
1019 2083 1154 2112 regnare,
1175 2086 1184 2103 ι
1215 2081 1242 2104 et
1266 2077 1319 2104 hoc
1338 2077 1486 2111 signiﬁcat,
1511 2086 1520 2103 ι
1541 2076 1644 2104 Donec.
1661 2087 1670 2102 ι

884 2121 952 2148 Nam
985 2127 1067 2157 ponet
1095 2122 1224 2149 inimicos
1248 2122 1300 2150 sub
1329 2123 1413 2158 pedes
1445 2130 1521 2150 suos.
1551 2121 1579 2148 Si
1608 2129 1675 2155 ergo

884 2167 1043 2202 priusquam
1055 2174 1169 2203 poneret
1181 2169 1323 2203 regnabat,
1333 2169 1418 2195 multo
1430 2169 1515 2202 magis
1527 2172 1674 2202 postquam

885 2215 1018 2248 posuerit.
1037 2223 1046 2241 ι
1067 2213 1135 2241 Nam
1152 2215 1243 2242 omnia
1262 2215 1444 2249 subjecitsub
1459 2215 1542 2249 pedes
1555 2215 1637 2240 illius.
1662 2223 1671 2238 ι

885 2259 1021 2292 Quoniam
1035 2261 1105 2287 dixit
1120 2261 1212 2288 omnia
1226 2261 1284 2288 ﬁeri
1301 2268 1315 2287 τι
1326 2260 1407 2294 Filio,
1421 2265 1449 2288 et
1464 2269 1576 2295 regnum
1589 2261 1674 2295 dirigi

885 2314 918 2333 ac
931 2311 1082 2341 potestates
1113 2308 1226 2339 aboleri,
1243 2312 1270 2334 et
1287 2307 1378 2335 omnia
1413 2307 1466 2335 sub
1494 2307 1577 2342 pedes
1598 2308 1672 2342 poni.

884 2352 977 2379 timuit
1003 2361 1038 2380 ne
1063 2352 1150 2381 Filius
1177 2352 1260 2381 Patre
1290 2354 1380 2388 major
1401 2357 1577 2389 reputaretnr
1598 2363 1604 2381 :
1636 2355 1674 2381 ita

885 2398 1017 2432 deinceps
1035 2400 1127 2426 omnia
1142 2400 1175 2427 ad
1193 2400 1299 2428 l’atrein
1316 2401 1433 2433 reducit,
1447 2401 1543 2428 dicens
1557 2411 1563 2428 :
1584 2410 1594 2426 ι
1610 2400 1674 2428 Οιιι-

883 2446 928 2473 nia
947 2446 1065 2481 subjecit
1079 2446 1133 2474 sub
1147 2447 1229 2482 pedes
1247 2447 1332 2480 illius,
1351 2456 1360 2474 i
1373 2448 1526 2475 ostendens
1542 2448 1606 2475 inde
1624 2456 1672 2482 po-

882 2493 996 2520 tentiam
1012 2494 1108 2521 adesse
1125 2493 1206 2526 Filio,
1228 2501 1326 2528 nempe
1339 2501 1355 2520 a
1371 2498 1541 2528 sempiterno
1567 2494 1672 2528 princi-

885 2539 941 2574 pio.
962 2549 972 2565 ‹
1001 2540 1082 2574 Atqui
1104 2548 1166 2566 cum
1194 2539 1280 2571 dicat,
1297 2549 1307 2566 ι
1323 2543 1387 2574 puta
1407 2539 1584 2569 David.Nain
1606 2539 1672 2565 dicit

883 2585 931 2612 ille
952 2586 1024 2620 quod
1043 2586 1135 2613 omnia
1152 2586 1272 2620 subjecit
1291 2585 1372 2614 Pater
1396 2586 1448 2614 sub
1461 2585 1542 2620 pedes
1571 2585 1670 2619 ipsius,

882 2639 950 2659 oves
968 2636 996 2658 et
1010 2631 1095 2660 boves
1113 2633 1257 2659 universas
1273 2640 1280 2658 :
1296 2641 1309 2658 ιι
1323 2640 1378 2667 quo
1393 2633 1475 2658 etiam
1491 2631 1576 2657 sumit
1592 2629 1670 2656 testi-

883 2677 1017 2704 mOnium.
1042 2676 1194 2704 Considera
1234 2685 1300 2704 vero
1323 2677 1462 2712 quomodo
1494 2676 1669 2703 manifestum

881 2723 918 2749 sit
933 2722 1022 2756 ipsum
1036 2722 1062 2748 id
1075 2723 1205 2750 habuisse
1225 2723 1346 2754 timoris,
1365 2730 1398 2749 ne
1412 2721 1498 2748 Filius
1516 2719 1594 2746 Patre
1610 2726 1670 2746 ma-

878 2768 923 2803 jor
935 2773 1088 2803 putaretur.
1106 2769 1235 2803 quoniam
1255 2775 1364 2795 rursum
1394 2767 1463 2794 idem
1480 2765 1622 2793 stabilivit.
1638 2764 1670 2792 Et

879 2813 972 2847 justus
998 2821 1064 2841 sane
1081 2813 1163 2841 timor
1178 2817 1247 2841 erat.
1267 2812 1407 2846 Siquidem
1433 2811 1501 2839 viris
1529 2811 1668 2839 scribebat

1009 2905 1031 2920 "
1048 2903 1143 2930 Matth.
1165 2911 1185 2936 i,
1203 2900 1248 2930 25.

1413 2947 1452 2979 28
