1872 3053
72 174 121 206 877

524 167 719 200 COMMENT.
735 167 777 197 IN
797 164 918 195 EPIST.
934 163 1006 193 IAD
1026 163 1204 193 CORINTII.

1631 163 1683 193 878

73 229 139 257 αὐτα
152 227 308 261 ποιήσουσιν
322 227 394 260 ἅπερ
411 223 498 251 εἷπον.
520 225 602 259 Ὁρᾷς
617 222 668 249 ποῦ
684 222 804 256 ἀνήγαγε
821 219 851 245 τὸ

911 219 959 246 ltoc
984 219 1106 259 signiﬁat
1124 228 1131 246 :
1150 219 1220 252 Quid
1235 219 1344 252 facient,
1366 228 1374 244 ι
1390 226 1485 253 nempe
1500 218 1558 246 haec
1584 218 1684 246 facient

74 271 361 311 πρᾶγμα;-[ΦΩΤ.]
382 271 459 298 Ἐπεὶ
483 271 509 296 τί
529 271 681 304 ποιήσουσι,
707 268 800 302 φησὶν,
824 266 849 291 οἱ

75 319 273 356 βαπτιζόμενοι,
288 317 358 344 ὥστε
375 317 412 351 μὴ
427 315 496 343 εἶναι
512 315 658 345 διαπαντὸς
676 312 779 348 νεκροὶ,
805 311 851 337 καὶ

75 355 102 395 tv
114 367 150 401 τῷ
166 366 216 401 ᾅδῃ
232 364 412 400 κατέχεσθαι;
428 360 495 394 οἷον,
507 361 564 395 Τῆς
575 359 761 389 ἀναστάσεως,
771 355 849 391 φησι,

76 413 112 449 μὴ
139 412 230 446 οὔσης,
255 411 279 437 οἱ
295 410 341 437 ἐπὶ
366 409 505 440 τοιαύταις
529 407 618 434 ἐλπίσι
642 405 850 449 βαπτιζόμενοι,

75 448 141 485 dim
163 456 233 484 κατὰ
258 456 375 482 Θάνατον
393 455 550 488 ἀναστῆναι,
568 453 594 479 τί
609 453 773 486 ποιήσονσι;
793 458 802 475 t
822 448 852 474 Et

74 504 139 535 ὅλως
164 502 257 537 νεκροὶ
282 502 331 528 οὐκ
347 500 508 536 ἐγείρονται.
529 509 538 525 ι
558 500 588 525 Εἰ
604 499 672 527 ὅλως
690 495 782 531 νεκροὶ
803 494 852 521 οὐκ

75 551 233 583 ἐγείρονται,
251 547 278 573 τί
297 548 342 573 καὶ
361 545 536 580 βαπτίζονται
561 545 604 570 ἵνα
620 541 790 573 ἀναστῶσινς
803 539 852 565 αὺ-

75 596 116 626 τδς
139 594 168 620 δὲ
187 592 470 627 ὲπιπληκτικώτερον,
487 600 496 616 t
521 590 608 625 ’Υπὲρ
639 589 692 615 τῶν
708 586 824 622 νεκρῶν,
841 594 851 611 ι

76 641 163 676 φησιν,
179 638 246 672 οἷον,
260 639 313 671 Oli;
342 639 419 673 ὑμεῖς
433 637 478 664 διὰ
489 637 537 672 τῆς
560 636 627 667 ιδίας
646 635 736 669 δόξης,
753 633 855 663 ἀϊδίους

76 686 182 720 νεκροὺς
195 685 366 719 ἀπεφήνατε.
382 683 495 717 νεκροὺς
509 681 548 714 δὲ,
565 680 612 707 καὶ
624 681 686 710 τοὺς
701 679 798 709 ἄλλους
808 677 854 703 καὶ

76 732 193 763 ἑαυτοὺς,
215 732 262 757 καὶ
287 730 402 765 νεκροὺς
428 728 554 759 αἰωνίους
583 727 799 762 ἀποφηνάμενοι,
828 723 854 750 τί

77 777 234 813 βαπτίζεσθε
249 776 320 812 ὑπὲρ
331 776 418 811 ὑμῶν,
430 775 484 802 τῶν
498 776 596 811 μήκετι
617 773 678 801 καθ’
702 773 774 806 ὑμᾶς
789 772 854 798 ἀνα-

76 822 255 859 στησομένων,
270 822 328 849 ἀλλ’
343 822 385 848 ἀεὶ
401 821 506 856 νεκρῶν
522 820 678 855 ὲσομένωνς
699 818 760 844 Ἐπὶ
769 818 854 844 ἄλλων

73 869 101 895 δὲ
123 868 275 904 προσώπων
291 867 406 903 προάγει
419 867 464 893 τὸν
481 865 570 900 λόγον,
584 865 630 892 καὶ
643 865 703 900 οὐχὶ
715 862 855 890 ὲπάὑτῶν

76 914 193 946 ἐκείνων,
206 914 251 940 ἵνα
264 913 303 949 μὴ
317 913 398 940 πλέον
409 912 612 947 καθαψάμενος,
623 912 663 942 είς
671 910 800 937 ἀπόνοιαν
810 910 853 935 ὲκ-

75 961 230 995 καλέσηται.
249 969 259 986 t
276 960 308 987 Τί
324 960 371 986 καὶ
393 960 474 994 ἡμεῖς
489 958 700 992 κινδυνεύομεν;
718 966 727 982 ι
739 956 854 987 Είὸλως,

77 1007 163 1043 φησιν,
177 1007 327 1038 ἀνάστασις
343 1006 392 1032 οὐκ
410 1005 479 1037 ἐστι,
496 1004 567 1032 διατί
582 1005 660 1038 ἡμεῖς
671 1003 697 1029 οι
713 1001 856 1030 ἀπόστολοι

76 1055 115 1081 ἀεὶ
129 1055 157 1080 ὲν
167 1054 301 1084 κινδύνοις
311 1053 392 1087 ἐσμέν
402 1060 410 1085 ;
425 1051 504 1079 τοῦτο
512 1051 596 1085 λέγει,
612 1050 675 1077 καθ’
685 1049 810 1084 ἡμέραν,
826 1047 856 1074 τὸ

77 1100 127 1127 del.
143 1099 269 1134 Μεγίστη
283 1099 311 1126 δι
339 1100 387 1134 τῆς
407 1099 579 1129 ἀναστάσεως
595 1096 742 1128 ἀπόδειξις,
765 1096 795 1122 τὸ
811 1095 857 1122 καί¹

76 1146 133 1177 τοὺς
146 1146 313 1176 ἀποστόλους
328 1145 452 1179 ὁρᾶσθαι,
465 1145 547 1179 μέχρι
562 1143 678 1170 Θανάτου
690 1141 858 1169 κινδυνεύον-

76 1200 131 1222 τας.
152 1201 161 1217 ι
185 1191 256 1218 Καθ’
285 1192 393 1226 ἡμέραν
423 1190 600 1224 ἀποθνήσκω.
620 1199 629 1215 ι
649 1190 688 1224 Τῇ
705 1188 857 1224 προθυμίᾳ,

78 1237 120 1263 καὶ
137 1237 174 1272 τῷ
190 1237 259 1273 πρὺς
275 1237 355 1264 αὑτὸν
371 1237 486 1271 ἑτοίμως
501 1236 584 1270 ἐχειν.
603 1236 637 1261 Ἢ
652 1235 714 1261 ὅσον
724 1236 784 1265 ταῖς
798 1236 858 1260 ἑπι-

79 1284 167 1318 φοραίς
181 1283 236 1309 τῶν
249 1282 364 1317 θλίψεων
377 1283 421 1309 καὶ
439 1281 610 1316 πειρασμῶν,
624 1281 671 1307 καὶ
685 1281 718 1315 τῇ
735 1280 858 1314 καθημε-

80 1331 134 1364 ρινῇ
146 1329 234 1356 ἑλπίδι
248 1329 294 1356 τοῦ
308 1329 434 1356 θανάτου.
452 1337 460 1354 t
481 1328 522 1363 Νὴ
539 1328 587 1362 τὴν
603 1327 739 1362 ὑμετέραν
753 1326 858 1361 καύχη-

80 1383 127 1401 σιν.
148 1384 156 1400 ι
171 1389 206 1396 -›
221 1373 320 1410 [ΦΩ”Ι“.]
337 1375 371 1400 Ἢ
384 1374 481 1408 δμνυσι
496 1373 592 1406 λέγων,
602 1373 648 1399 Μὰ
660 1372 708 1406 τὴν
723 1371 859 1406 ὑμετέραν

37 1427 40 1430 ”
79 1422 217 1456 καύχησιν,
232 1421 319 1456 ἢ,Διὰ
335 1420 384 1456 τὴν
397 1420 531 1455 ὑμετέραν
546 1418 859 1454 καύχησινᾶποθνήσκω,

79 1467 146 1500 λέγει
158 1467 185 1494 δὲ
199 1468 251 1503 τὴν
266 1467 355 1494 αὐτῶν
366 1467 508 1502 προκοπήν
520 1474 526 1481 ·
541 1465 675 1500 καύχησις
688 1464 742 1499 γὰρ
757 1463 795 1498 τῷ
820 1464 859 1489 δι-

76 1514 198 1550 δασκάλῳ
212 1514 229 1549 ἡ
248 1513 301 1540 τῶν
319 1513 448 1548 μαθητῶν
467 1511 596 1542 ἐπίδοσις.
611 1511 680 1537 «Ἦν
687 1510 740 1545 ἔχω
752 1510 780 1535 ἐν
791 1510 858 1544 Χρι-

902 271 963 298 quae
972 264 1037 290 dixi.
1049 263 1131 291 Vides
1145 272 1199 298 quo
1211 272 1267 292 rem
1284 265 1437 291 deduxerit.
1457 279 1484 283 -—
1498 263 1604 298 Alioqui
1621 265 1683 297 quid

904 307 1007 336 facient
1030 309 1076 343 qui
1097 310 1282 344 baptizantur.
1300 318 1333 337 ne
1351 318 1458 344 semper
1472 310 1572 336 mortui
1592 310 1647 336 sint
1659 316 1686 336 et

903 355 973 390 apud
990 355 1093 382 inl‘eros
1111 355 1304 383 detineantur?
1327 355 1384 383 Hoc
1398 362 1449 387 est,
1464 357 1487 383 si
1505 364 1558 383 non
1575 357 1609 383 sit
1641 363 1684 383 re-

903 402 1049 433 surrectio,
1059 402 1124 436 quid
1134 402 1233 429 facient
1245 403 1262 429 ii
1274 403 1318 437 qui
1331 403 1366 428 ob
1375 402 1529 437 hujusmodi
1539 410 1613 436 spem
1625 402 1687 437 hap-

903 447 1031 479 tizantur,
1046 455 1101 482 quo
1117 453 1177 483 post
1189 453 1301 476 mortem
1314 450 1524 480 resuscitentur,
1540 449 1583 476 «Si
1599 449 1687 476 omni-

911 500 946 519 no
983 494 1084 520 mortui
1123 501 1178 520 non
1207 499 1363 529 resurgunt.
1383 503 1392 520 ι
1409 495 1437 522 Si
1456 494 1556 521 mortui
1573 494 1686 520 omnino

905 546 959 565 non
976 541 1141 572 excitantur,
1153 547 1238 574 quare
1253 540 1333 566 etiam
1360 541 1534 574 baptizantur
1547 545 1576 566 ιιι
1608 548 1686 567 resu-

906 583 1060 618 scitenlurﬂ
1077 584 1138 619 Ipse
1150 588 1241 612 tamen
1256 585 1352 618 majori
1365 592 1426 612 cum
1444 585 1630 619 increpatione
1643 585 1686 611 di-

906 628 961 655 cit:
979 637 989 654 t
1008 628 1062 656 Pro
1085 630 1214 662 mortuis,
1234 639 1242 656 ι
1263 630 1314 657 hoc
1339 636 1392 663 est,
1420 638 1489 665 quos
1512 637 1559 657 vos
1579 631 1687 664 propria

905 675 1034 709 opinione
1043 680 1176 709 perpetuo
1192 679 1316 702 mortuos
1330 676 1454 703 asseritis
1473 685 1480 702 :
1502 680 1626 703 mortuos
1640 683 1687 703 \e-

906 728 938 747 ro
961 725 987 747 et
999 721 1067 748 alios
1079 725 1105 748 et
1119 721 1245 756 vosipsos
1261 723 1447 753 enuntiantes,
1463 726 1596 756 perpetuo
1626 729 1688 748 esse

903 771 1040 794 mortuos.
1069 768 1124 794 Cur
1149 775 1199 801 pro
1213 768 1289 795 vobis
1314 768 1502 802 baptizamini,
1522 776 1582 795 cum
1611 768 1688 802 juxta

907 818 1027 841 vestram
1055 814 1219 842 sententiam
1245 821 1387 848 nunquam
1414 814 1476 840 sitis
1494 813 1688 845 resurrecturi,

907 859 955 886 sed
977 859 1077 886 mortui
1094 867 1203 894 semper
1216 859 1322 886 futuri?
1343 859 1400 886 Sub
1414 859 1475 885 aliis
1490 863 1581 885 autem
1596 865 1691 892 perso-

908 906 951 932 nis
977 905 1089 932 deducit
1106 913 1274 938 sermonem,
1292 909 1319 932 et
1336 913 1391 932 nou
1407 905 1458 932 sub
1476 905 1531 932 illis
1557 904 1636 939 ipsis,
1659 913 1692 930 ne

907 952 991 979 nimis
1006 953 1106 979 acriter
1134 959 1181 979 eos
1194 952 1343 986 objurgans
1370 956 1499 987 provocet
1515 959 1564 979 eos
1582 951 1616 978 ad
1643 950 1692 978 de-

908 998 1104 1032 sperationem.
1117 1007 1126 1023 ι
1151 997 1220 1030 Quid
1240 1003 1267 1025 et
1278 1005 1328 1024 nos
1344 997 1535 1032 periclitamur
1548 997 1623 1024 omni
1643 997 1693 1023 ho-

909 1043 958 1070 ra?
976 1053 985 1069 ι
1006 1044 1035 1071 Si
1053 1044 1221 1071 resurrectio
1235 1044 1348 1071 omnino
1365 1051 1420 1070 non
1447 1043 1511 1075 erit,
1525 1043 1623 1077 inquit.
1642 1049 1692 1069 cur

909 1097 960 1117 nos
985 1090 1102 1125 apostoli
1120 1098 1227 1125 semper
1254 1091 1280 1117 in
1295 1089 1423 1124 periculis
1443 1089 1608 1117 versamur?
1624 1088 1691 1114 Nam

910 1134 971 1162 καθ’
988 1135 1095 1170 ἡμέραν
1120 1136 1257 1170 signiﬁcat
1271 1135 1324 1166 ἀεὶ,
1341 1136 1392 1162 hoc
1408 1139 1460 1166 est.
1480 1142 1591 1168 semper.
1608 1133 1693 1161 Maxi-

910 1187 952 1207 ma
969 1187 1033 1207 vero
1051 1181 1263 1208 resurrectionis
1289 1185 1349 1208 erat
1375 1181 1505 1211 assertio,
1532 1180 1694 1214 conspicere

909 1228 1049 1260 apostolos
1063 1227 1095 1254 ad
1109 1232 1224 1255 mortem
1242 1234 1329 1262 usque
1345 1227 1371 1254 in
1388 1227 1520 1261 periculis
1538 1231 1692 1254 versantes.

913 1273 969 1299 tln
993 1273 1051 1300 dies
1070 1273 1184 1305 morior,
1207 1282 1216 1299 ι
1245 1272 1460 1308 promptitudine
1483 1276 1510 1299 ct
1534 1277 1629 1306 parato
1658 1271 1693 1298 ad

911 1321 1026 1344 mortem
1043 1318 1152 1350 animo;
1169 1318 1210 1345 vel
1229 1322 1361 1353 quantum
1377 1317 1410 1344 ad
1422 1317 1514 1344 illatas
1530 1316 1693 1344 alﬂictiones

911 1369 938 1389 et
955 1364 1133 1396 tentationes,
1161 1371 1193 1390 ac
1213 1363 1374 1398 quotidiana
1397 1363 1494 1390 mortis
1509 1362 1695 1396 exspectatio-

912 1417 971 1436 ne.t
984 1410 1034 1436 Per
1046 1416 1164 1437 vestram
1185 1410 1440 1445 gloriatiottetnn—
1450 1410 1505 1435 Aut
1515 1409 1601 1443 jurat,
1615 1408 1695 1443 quasi

911 1455 1025 1486 diceret.
1039 1456 1086 1491 μὰ,
1101 1456 1126 1482 id
1142 1460 1182 1482 est
1203 1463 1251 1490 per
1266 1460 1383 1482 vestram
1399 1455 1590 1489 gloriationem
1610 1462 1617 1480 :
1635 1457 1694 1484 aut,

912 1506 1023 1537 propter
1040 1506 1158 1528 vestram
1181 1501 1369 1536 gloriationem
1390 1501 1448 1528 sive
1464 1508 1546 1536 quam
1571 1501 1604 1527 de
1617 1500 1696 1527 vobis

81 1559 130 1593 στεῖι
162 1547 265 1593 Ἰησοῦ.
298 1547 447 1592 ινῈττειδὴ
482 1556 551 1591 μέγα
577 1554 652 1587 εἷπε,
681 1555 719 1589 τῷ
752 1554 852 1590 Χριστι]

914 1548 1012 1579 habeo,
1023 1548 1136 1574 ntorior.
1154 1548 1224 1574 Dicit
1237 1552 1326 1574 autem
1347 1547 1468 1582 ipsorum
1485 1547 1642 1574 felicitatem
1664 1553 1698 1573 ac

79 1604 147 1640 αὐτῷ
163 1604 318 1639 ἀνατίθησι.
334 1604 383 1630 Διὰ
394 1603 442 1638 τὴν
459 1601 602 1637 προκοπὴν
615 1599 701 1634 ὑμῶν,
722 1601 814 1634 φησιν,
828 1600 861 1635 ἢν

80 1651 129 1684 ἔχω
143 1651 184 1678 διὰ
197 1650 288 1684 Ἰησοῦ
302 1649 432 1684 Χριστοῦ.
449 1658 456 1674 ι
471 1649 501 1674 Et
511 1647 580 1674 κατὰ
595 1646 736 1680 ἄνθρωπον
752 1646 862 1680 ἐθηριο-

82 1697 304 1732 μάχησα.»Ὂσον
312 1695 374 1733 ἧκε,
387 1696 480 1729 φησιν,
489 1695 528 1725 είς
544 1693 713 1728 ἀνθρώπους,
729 1691 785 1725 ἐγὼ
797 1691 861 1726 ἐθη-

82 1743 241 1778 ριομάχησα,
254 1743 313 1769 ἀντὶ
323 1742 381 1774 τοῦ,
392 1742 475 1768 Ὅσον
496 1738 530 1775 ἦν
551 1748 595 1774 μοι
612 1739 735 1764 δυνατόν.
748 1737 829 1763 Ἀλλὰ
836 1736 862 1762 τί

80 1789 170 1816 τούτου
189 1798 236 1823 μοι
255 1788 360 1822 δφελος,
377 1787 547 1817 ἀναστάσεως
563 1785 600 1820 μὴ
611 1783 754 1819 οὕσηςςἪ
764 1782 860 1812 οὕτως·

84 1836 111 1862 Εἰ
126 1836 161 1870 μὴ
175 1836 222 1861 διὰ
236 1835 284 1869 τὴν
295 1834 427 1868 ἐσομένην
441 1832 535 1858 ἐλπίδα
546 1832 592 1857 καὶ
608 1832 742 1857 ἀντίδοσιν
757 1828 863 1863 ἐθηριο-

84 1881 199 1916 μάχησα,
213 1880 281 1906 ἀλλὰ
295 1879 340 1906 διὰ
352 1879 431 1910 δόξαν
455 1876 640 1912 ἀνθρωπίνην,
653 1875 679 1901 τί
699 1874 790 1908 ὼφέλη
797 1881 861 1908 μαι;

83 1927 288 1962 Θηριομαχ-ῆσαι
311 1927 340 1953 δὲ
366 1925 452 1956 καλεῖ,
475 1924 505 1950 τὸ
523 1923 591 1958 πρδς
617 1921 758 1953 ἰουὼιιους
780 1920 862 1955 ἔχειν,

85 1974 126 1999 καὶ
147 1973 214 2008 πρὸς
232 1973 387 2007 Δημήτριον
405 1971 450 1997 τὸν
464 1969 666 2005 ἁργυροκόπον.
684 1967 715 1994 Τί
727 1967 780 2003 γὰρ
790 1963 864 1993 οὗτοι

85 2020 179 2054 θηρίων
192 2019 335 2054 διέφερον;
353 2028 362 2044 ι
388 2018 419 2044 Et
437 2017 530 2051 νεκροὶ
547 2016 596 2042 οὐκ
619 2016 783 2049 ἐγείρονται.
804 2023 813 2039 ι
833 2012 864 2039 El

84 2067 170 2102 νεκροὶ
192 2066 245 2093 οὐκ
266 2065 428 2100 ἐγείρονται,
441 2063 502 2089 οὐδὲ
520 2061 654 2092 ἁντίὸοσῖς
668 2062 743 2087 ἐστιν
755 2058 864 2093 ἀγαθῶν

85 2114 128 2139 καὶ
140 2113 244 2140 κακῶν,
258 2112 359 2138 Τούτου
375 2111 403 2136 δὲ
419 2109 457 2144 μὴ
471 2109 556 2140 ὄντος,
568 2109 665 2142 φαγεῖν
679 2107 719 2133 δεῖ
732 2106 780 2133 καὶ
792 2107 864 2132 πιεῖν

87 2159 134 2193 πρὸ
155 2159 199 2186 τοῦ
230 2158 386 2187 ἀποθανεῖν,
404 2156 441 2187 ὡς
471 2154 572 2181 τούτων
594 2153 681 2189 μόνων
702 2153 767 2187 παρ’
788 2151 865 2186 ἡμῶν

86 2205 310 2240 κερδαινομένων.
343 2201 429 2229 Τοῦτο
457 2201 486 2227 δὲ
516 2201 591 2236 ῥῆμα
604 2198 798 2232 κωμῳδοῦντος
815 2196 864 2231 τὴν

86 2252 184 2282 ἄνοιαν,
200 2250 255 2278 τῶν
271 2250 307 2284 μὴ
321 2249 454 2281 λεγόντων
472 2246 520 2280 τὴν
539 2245 696 2271 ἀνάστασιν.
717 2253 725 2268 ι
740 2242 785 2276 Μὴ
799 2242 867 2268 πλα-

87 2295 172 2322 νᾶσθε.
191 2305 201 2321 ι
235 2309 269 2314 ——
291 2292 388 2330 [ΦΩΤ.]
423 2290 604 2323 ’Δπαλλαγεὶς
631 2287 684 2314 τῶν
708 2288 747 2318 εις
766 2287 866 2313 ἄτοπον

87 2340 249 2374 ἀπαγωγῶν,
275 2339 314 2368 εἰς
335 2337 497 2372 παραίνεσιν
526 2332 619 2370 ἦλθεν,
648 2333 739 2368 ἡρέμα
759 2332 805 2358 καὶ
828 2331 867 2362 ὡς

89 2387 203 2421 ἀνοήτων
225 2384 397 2419 κατηγορῶν.
427 2382 512 2409 Τοῦτο
538 2380 592 2415 γὰρ
632 2379 672 2411 τδθ
699 2387 708 2404 ⁴
730 2377 775 2412 Μὴ
798 2376 866 2404 ma"

89 2433 176 2465 νᾶσθε,
196 2441 206 2458 ›
222 2431 305 2467 δηλοῖ.
336 2439 345 2456 ι
374 2428 533 2463 Φθείρουσιν
554 2426 606 2461 non
630 2423 736 2460 χρηστὰ
762 2422 866 2458 ὁμιλίαι

88 2480 177 2507 κακαί.
196 2489 206 2506 ι
227 2476 371 2512 Λακωνικὴ
386 2477 433 2502 καὶ
447 2474 550 2509 ἀρχαία
561 2472 705 2506 παροιμία,
724 2469 868 2505 Μέμνηται

88 2525 185 2559 ταύτης
202 2524 249 2551 καὶ
267 2523 390 2553 Ἡσαΐας.
418 2520 487 2556 Φησὶ
510 2519 549 2545 δέ·
569 2517 630 2544 Ὀτι
646 2517 693 2543 καὶ
714 2515 748 2542 τὰ
763 2514 869 2550 χρηστὰ

90 2569 149 2605 ἢθη,
162 2570 190 2596 αί
211 2570 331 2604 συνεχεῖς
357 2567 412 2594 τῶν
436 2565 530 2592 κακῶν
548 2563 650 2598 ὁμιλίαι
673 2561 868 2596 διαφθείρουσι.

91 2617 142 2643 Καὶ
151 2616 205 2651 γὰρ
223 2616 298 2651 ῥανὶς
319 2612 506 2648 ἂνδελεχοῢσα,
529 2609 660 2638 κοιλαίνει
675 2607 788 2642 πέτραν.
815 2606 871 2632 Καὶ

89 2662 129 2690 διὰ
153 2662 249 2689 τούτου
279 2662 307 2688 δὶ
336 2659 464 2696 παραινεῖ
488 2658 589 2689 αὐτοῖς,
610 2652 791 2690 ἐκτρέπεσθαι
814 2652 866 2686 τῆς

89 2708 194 2742 ὁμιλίας
209 2708 262 2735 τῶν
278 2706 432 2743 μοχθηρῶν,
458 2705 504 2731 καὶ
522 2703 559 2739 μὴ
580 2700 745 2737 θαρροῦντας
760 2698 867 2728 ἑαυτοῖς

91 2753 128 2779 ὅτι
141 2754 171 2779 οὐ
188 2754 366 2788 βλαὸήσονται
399 2752 474 2778 αὐτοὶ
505 2749 617 2784 χρηστοὶ
643 2746 728 2777 ὅντες,
747 2744 786 2778 τῷ
800 2743 867 2777 πρὸς

91 2799 185 2830 αὐτοὺς
202 2799 345 2834 ἐνδελεχῶς
358 2798 472 2834 ὁμιλεῖν,
487 2798 535 2830 τῆς
552 2794 656 2821 ἐκεῖθεν
675 2791 763 2826 λύμης
777 2789 869 2825 ἠρέμα

138 2889 160 2905 ¹¹
178 2889 238 2916 Aet.
259 2898 330 2923 xvrv,
355 2889 391 2916 τι
419 2895 497 2921 seqq.
536 2884 629 2912 "lsa.
653 2889 720 2914 xxu,
738 2880 781 2907 15.

914 1595 1114 1629 promotionem
1131 1603 1137 1620 :
1150 1593 1278 1629 gloriatio
1290 1593 1362 1621 enim
1381 1597 1422 1619 est
1436 1593 1596 1626 praeceptori
1612 1591 1696 1618 disci-

915 1640 1040 1674 pulorum
1069 1640 1277 1666 incrementum.
1294 1648 1304 1665 ‹
1320 1638 1406 1672 Quam
1435 1637 1522 1665 habeo
1543 1638 1570 1664 in
1584 1637 1696 1664 Christo

912 1685 987 1713 Jesu.
1006 1695 1016 1711 ›
1035 1685 1168 1718 Quoniam
1193 1693 1249 1712 rem
1270 1693 1395 1720 magnam
1425 1685 1503 1717 dixit,
1525 1683 1576 1719 ipsi
1588 1683 1696 1710 Christo

913 1740 972 1760 eam
987 1733 1122 1764 attribuit,
1142 1737 1252 1767 propter
1271 1732 1366 1763 vestri,
1383 1731 1482 1766 inquit,
1495 1730 1695 1766 promotionem

913 1787 994 1813 quam
1012 1779 1099 1806 habeo
1114 1786 1161 1813 per
1185 1777 1277 1806 Jesum
1295 1778 1445 1805 Christum.
1461 1786 1470 1803 ι
1491 1777 1520 1804 Si
1543 1776 1695 1804 secundum

915 1825 1051 1852 hominem
1067 1833 1128 1852 cum
1156 1824 1224 1851 feris
1239 1823 1404 1858 depugnavi.
1427 1832 1436 1848 ι
1454 1822 1532 1855 Quod
1547 1822 1579 1849 ad
1607 1821 1696 1848 homi-

914 1879 973 1902 nes,
992 1871 1091 1905 inquit,
1117 1870 1222 1902 attinet,
1245 1876 1295 1904 ego
1312 1876 1375 1896 cum
1393 1868 1460 1896 feris
1484 1868 1651 1903 depugnavi,
1669 1866 1696 1893 id

914 1922 966 1950 est,
981 1922 1114 1952 quanttun
1145 1916 1210 1942 mihi
1223 1919 1282 1942 erat
1314 1915 1458 1950 possibile,
1476 1915 1523 1942 sed
1536 1922 1605 1948 quae
1629 1912 1696 1940 mihi

915 1962 978 1989 inde
992 1962 1107 1993 utilitas,
1122 1961 1144 1988 si
1160 1968 1215 1988 non
1242 1961 1277 1988 sit
1300 1960 1488 1987 resurrectio?
1501 1960 1556 1986 Aut
1571 1960 1622 1986 hoc
1639 1968 1697 1988 mo.

915 2007 969 2034 do:
987 2006 1014 2034 Si
1027 2014 1081 2034 non
1093 2011 1203 2041 propter
1218 2004 1336 2032 futuram
1351 2013 1426 2040 spem
1452 2010 1477 2032 et
1489 2005 1697 2033 retributionem

915 2061 976 2081 eum
1002 2054 1067 2081 feris
1087 2053 1250 2087 depugnavi,
1275 2052 1322 2079 sed
1346 2052 1381 2079 ob
1402 2051 1549 2078 humanam
1566 2052 1696 2086 gloriam.

916 2099 982 2135 quid
991 2098 1065 2126 'mihi
1082 2097 1304 2133 profuit?Vocat
1319 2101 1409 2124 autem
1427 2104 1489 2124 cum
1511 2097 1577 2124 feris
1594 2105 1700 2132 pugna-

917 2153 956 2177 re,
982 2143 1197 2172 controversiam
1225 2151 1306 2178 quam
1331 2143 1426 2170 habuit
1452 2150 1516 2170 cum
1548 2142 1649 2170 Judaeis
1672 2148 1700 2171 et

918 2199 979 2218 cum
1005 2191 1144 2218 Demetrio
1159 2189 1237 2216 faibro
1252 2189 1417 2223 argentario.
1427 2190 1566 2221 Quantum
1582 2189 1654 2215 enim
1671 2188 1698 2216 hi

883 2227 904 2255 ί)
919 2244 933 2263 a
949 2237 1014 2263 feris
1029 2234 1192 2262 diﬂerebant
1204 2234 1239 2265 ⁵³,
1256 2233 1338 2268 569
1354 2242 1362 2258 I
1378 2233 1406 2259 Si
1425 2232 1524 2259 mortui
1539 2239 1593 2258 non
1608 2239 1700 2258 resur-

917 2277 999 2316 gunt!
1013 2289 1022 2307 ι
1039 2280 1067 2307 Si
1087 2279 1188 2306 mortui
1205 2286 1259 2305 non
1276 2277 1458 2310 suscitantur,
1473 2284 1523 2304 nec
1546 2277 1600 2304 erit
1617 2277 1699 2305 retri-

916 2326 994 2354 butio
1009 2326 1142 2354 bonorum
1165 2328 1192 2351 et
1216 2323 1349 2350 malorum
1367 2325 1495 2357 :oportet
1509 2321 1591 2349 edere
1605 2328 1633 2349 et
1658 2323 1699 2350 bi-

917 2372 981 2400 bere
1009 2371 1167 2407 priusquam
1199 2376 1274 2396 tnors
1300 2371 1482 2403 przeoccupet,
1506 2367 1617 2401 quando
1639 2367 1697 2395 haec

917 2418 975 2446 sola
1000 2416 1199 2445 lucrifacimus.
1231 2413 1288 2442 Hoc
1303 2414 1415 2442 verbum
1439 2417 1481 2441 est
1508 2412 1694 2448 insipientiam

918 2461 1091 2496 objurgantis
1110 2467 1205 2487 eorum
1228 2458 1275 2493 qui
1293 2458 1390 2485 dicunt
1407 2465 1461 2484 non
1496 2463 1559 2485 esse
1577 2464 1700 2485 resurre-

919 2510 1052 2536 ctionem.
1075 2516 1084 2533 ι
1108 2506 1147 2533 Ne
1167 2504 1368 2534 seducamini.»
1387 2503 1531 2531 Absolutis
1548 2503 1700 2530 rationibus

919 2563 980 2590 quae
1000 2553 1034 2581 ad
1060 2553 1208 2581 absurdum
1238 2550 1418 2582 deducebant,
1437 2549 1510 2577 venit
1526 2548 1559 2575 ad
1575 2548 1702 2575 admoni-

920 2602 1023 2628 tionem
1042 2607 1049 2626 :
1079 2599 1148 2625 clam
1172 2597 1255 2625 etiam
1274 2601 1405 2631 tanquam
1422 2595 1586 2629 insipientes
1605 2593 1702 2620 redar-

920 2652 1024 2680 guuns;
1051 2650 1114 2670 nam
1147 2643 1198 2669 hoc
1228 2641 1353 2672 indicat;
1375 2648 1384 2665 ι
1405 2638 1592 2672 Corrumpunt
1611 2643 1702 2663 mores

922 2692 1008 2719 bonos
1036 2688 1175 2716 consortia
1207 2688 1290 2714 mala.
1321 2695 1330 2711 ι
1371 2684 1536 2711 Laconicum
1568 2686 1702 2714 vetusque

921 2735 1097 2772 proverbium
1126 2736 1179 2761 est.
1213 2730 1300 2765 Hujus
1319 2729 1442 2757 meminit
1459 2733 1486 2754 et
1511 2726 1595 2755 Isaias
1607 2725 1642 2751 “.
1657 2725 1702 2751 Ait

924 2783 996 2810 enim
1005 2785 1033 2809 et
1044 2780 1103 2816 ipse
1117 2778 1190 2813 quod
1205 2777 1292 2805 bonos
1307 2782 1397 2802 mores
1410 2773 1540 2800 continua
1555 2777 1702 2806 pravorum
