1872 3053
182 160 239 193 879

713 157 911 188 (ECUMENIl
926 156 1072 186 TRICC/E
1093 157 1260 188 EPISCOPl

1755 156 1810 187 880

185 217 335 249 consortia,
351 217 550 250 corrumpunt;
571 213 704 248 siquidem
733 211 861 239 continua
892 215 966 246 gutta

1020 214 1066 239 καὶ
1082 212 1153 239 κατὰ
1170 213 1266 248 μικρὸν
1280 213 1516 247 ὑποπίμπλασθαι.
1534 214 1569 240 Ἦ
1591 213 1696 249 χρηστὰ
1722 213 1810 247 εὐφή-

180 268 265 290 cavat
297 261 425 296 lapidem.
443 260 473 286 Et
498 264 641 294 propterea
658 257 822 284 adhortatur
849 257 922 291 ipsos
938 261 967 282 ιιι

183 311 305 337 devitent
320 315 463 343 pravorum
487 305 636 336 consortia,
657 311 706 331 nec
723 304 773 330 sibi
795 303 878 330 lidant
895 303 967 336 quod

1024 267 1080 292 μως
1099 259 1186 290 καλεῖ,
1199 259 1232 285 τὰ
1251 259 1451 294 εὐεξαπάτητα,
1461 259 1549 296 δηλῶν
1563 259 1603 286 ὅτι
1618 259 1694 287 ἄλλοι
1707 259 1809 289 αὐτοὺς

1023 304 1062 334 εἰς
1074 302 1160 330 ταῦτα
1175 303 1367 338 ὑποσύρουσιν.

184 365 245 382 cunt
261 355 322 382 boni
337 354 402 385 sint,
420 351 486 379 nihil
502 350 552 378 sibi
570 353 684 385 possunt
713 356 855 376 accersere
888 347 1123 375 damnicontinue
1140 348 1211 382 apud
1228 349 1288 375 illos
1307 348 1507 380 conversamlo,
1521 356 1583 375 cum
1614 348 1677 376 inde
1705 348 1808 376 sensim

184 411 215 430 ac
253 400 383 435 paulatim
419 397 537 432 pernicie
567 395 742 429 impleantur.
774 395 828 420 Aut
854 394 960 428 χρηστὰ
981 392 1044 427 ἢθη,
1061 393 1087 420 id
1115 399 1167 426 est,
1198 395 1320 428 placidos
1353 403 1444 422 mores
1473 395 1653 422 collaudando
1678 395 1808 430 appellat,

183 449 229 483 qui
254 447 332 474 facile
365 445 457 473 seduci
484 447 613 478 possunt,
652 442 811 477 significans
837 440 910 475 quod
946 440 991 467 alii
1007 440 1081 475 ipsos
1096 441 1129 468 ad
1149 442 1205 468 haec
1221 442 1374 472 remittunt.

218 491 384 524 XV,54-58.
415 489 609 521 Sobriiestote,
637 493 662 515 et
681 496 712 514 ne
739 487 878 522 peccetis:
905 494 966 512 nam

182 539 378 576 ignorationem
393 537 438 563 Dei
448 535 568 562 nonnulli
582 535 677 561 habent
694 543 702 561 :
719 533 753 560 atl
761 533 886 567 pudorem
896 532 966 558 vobis

181 588 283 621 loquor.
299 585 332 611 At
350 584 416 610 dicet
433 581 531 616 aliquis
546 589 555 608 :
570 581 706 614 Quomodo
719 580 883 606 suscitantur
896 586 967 604 mor-

181 631 242 657 tui?
256 629 306 656 Cui
323 634 411 656 autent
428 627 533 661 corpori
549 626 653 653 ueniunt
665 626 677 653 :7
691 625 778 652 Stulte
792 629 830 655 tu,
842 623 911 659 quod
926 631 967 650 se-

178 676 266 702 minus
280 682 331 701 non
356 673 514 707 vivi/ictum,
538 671 590 698 nisi
602 676 734 697 mortuum
756 670 847 704 fuerit.
865 668 900 695 Et
918 668 966 694 hoc

178 724 247 757 quod
262 721 387 750 seminus,
401 727 451 745 nun
461 726 554 752 corpus
570 716 638 751 quod
655 720 778 743 nascetur
785 715 910 746 sentiatis,
921 713 965 741 sed

181 768 280 794 nudum
293 773 416 800 granum,
431 767 495 798 puta
513 762 595 789 tritici
616 766 661 788 aut
678 761 794 795 alicujus
809 768 822 787 ε
838 760 941 787 ceteri:
955 767 964 785 .'

180 812 225 839 sed
240 811 311 838 Deus
323 810 368 836 dat
383 809 424 836 illi
439 815 533 842 corpus
545 811 573 834 ut
587 807 680 839 voluit,
690 812 713 833 et
730 806 871 840 unicuique
885 804 962 832 semi-

181 865 244 884 num
262 865 340 884 suum
354 863 469 889 corpus:

158 931 160 933 ,
218 913 228 929 ι
251 902 342 930 Sobrii
369 906 465 929 estote.
485 910 495 925 ι
520 899 661 934 Tanquam
685 898 718 925 ad
734 897 827 925 ebrios
853 896 964 924 dicitur.

175 960 192 974 -ι
212 949 300 981 Juste,
321 957 330 974 ι
345 955 422 978 vero.
452 946 478 974 id
494 952 536 974 est
552 946 666 974 utiliter.
681 944 823 979 Contingit
852 943 924 970 enim
939 946 966 969 et

181 995 286 1030 injuste
301 994 424 1022 sobrium
436 1000 506 1024 esse,
523 997 588 1027 puta
604 992 637 1018 ad
651 991 763 1018 malum.
780 999 789 1016 ι
806 990 839 1016 Ει
853 997 886 1016 ne
900 996 965 1024 pe:-

175 1041 260 1068 cetis.
285 1049 294 1066 ι
318 1039 385 1066 Nam
405 1039 470 1066 binc
488 1038 572 1065 etiam
594 1037 720 1072 provenit
741 1041 770 1062 ut
784 1035 964 1062 resurrectio-

175 1093 243 1112 --nem
275 1092 329 1111 non
346 1074 476 1111 credatis.
506 1082 648 1117 Siquidem
676 1081 722 1116 qui
747 1081 881 1107 malorutn
913 1078 965 1106 sibi

180 1130 286 1157 conscii
308 1133 383 1160 sunt.
413 1136 468 1155 non
486 1128 603 1154 credunt
631 1134 692 1154 esse
722 1126 964 1156 resurrectionem.

176 1175 252 1211 quod
269 1175 337 1202 tales
353 1175 414 1202 illos
431 1174 509 1208 sequi
524 1177 649 1208 oporteat
660 1173 858 1200 retributiones
873 1171 964 1206 qualia

172 1229 243 1251 .snnt
253 1229 284 1249 ea
294 1223 320 1249 in
336 1221 436 1257 quibus
447 1221 633 1255 deliquerunt.
645 1219 808 1254 Propterea,
822 1219 921 1253 inquit,
931 1226 965 1246 ne

178 1267 346 1303 peccetis,ut
364 1266 594 1293 resurrectionem
610 1265 741 1292 credatis.
764 1263 963 1298 lgnnrantiam,

179 1315 226 1345 ait,
236 1313 282 1340 Dei
298 1312 425 1340 babentii
439 1312 486 1346 qui
502 1319 555 1339 non
569 1310 685 1338 credunt
701 1309 937 1337 resurrectionem
956 1317 962 1335 :

179 1365 234 1384 n0ll
260 1357 333 1384 enim
361 1360 533 1391 cognoscunt
563 1355 610 1382 Dei
644 1356 804 1390 potentiam.
819 1354 878 1381 Non
897 1354 965 1381 dixit

178 1407 282 1432 autem.
312 1401 433 1435 Habetis,
463 1402 547 1432 sed,¢
570 1400 697 1427 Nonnulli
729 1400 840 1432 habent,
869 1409 878 1425 ι
914 1399 966 1426 hac

179 1447 300 1476 dictione
317 1448 416 1475 tollens
424 1445 643 1474 accusationem.
663 1454 671 1471 ι
689 1445 727 1472 Ad
739 1445 870 1480 pudorem
886 1445 964 1472 vobis

178 1496 285 1530 loquor.
308 1504 317 1519 ι
340 1493 475 1526 Quoniam
497 1492 526 1519 in
546 1491 641 1519 multis
661 1491 744 1526 570
773 1499 821 1519 eos
836 1491 965 1526 objurga-

177 1545 264 1574 νει-οι,
284 1540 444 1567 consolatur
458 1538 543 1572 ipsos.
560 1536 600 1563 Ad
611 1536 753 1571 pudorem,
771 1536 869 1571 inquit,
885 1536 963 1564 vobis

177 1587 295 1622 loquor:
313 1593 367 1613 non
389 1585 462 1618 quod
480 1591 527 1611 vos
542 1583 703 1618 despiciam,
720 1583 767 1610 sed
789 1583 860 1617 quod
878 1582 964 1617 pude-

177 1633 243 1661 facti
268 1631 490 1660 incredulitatem
511 1630 545 1657 de
578 1629 782 1656 resurrectione
815 1628 961 1663 abjiciatis.

179 1688 190 1705 ι
206 1679 242 1707 At
256 1679 328 1706 dicet
353 1678 465 1712 aliquis.
483 1685 492 1701 ›
511 1675 572 1703 Non
589 1677 642 1704 ait:
664 1685 674 1702 ι
700 1675 755 1703 Vos
782 1675 885 1707 dicitis,
905 1685 914 1701 ι
933 1679 963 1702 ut

178 1732 270 1752 sermo
282 1723 385 1751 invidia
406 1727 509 1752 careat,
523 1725 652 1756 tanquam
667 1721 712 1748 alii
735 1725 828 1748 essent
847 1721 893 1755 qui
908 1728 961 1748 non

174 1770 333 1797 crederent.
354 1767 456 1795 Deinde
468 1775 527 1802 qua:
537 1767 578 1794 eis
589 1767 673 1794 dubia
691 1766 865 1798 videbantur,
882 1761 961 1800 quasi

174 1816 249 1842 facta
264 1814 419 1849 objectione
436 1814 528 1841 solvit.
557 1813 724 1840 Dttbitabant
743 1813 815 1840 enim
842 1820 960 1847 quonam

174 1861 259 1888 modo
270 1860 454 1888 suscitaretur
467 1867 578 1894 corpus,
597 1858 670 1893 quod
684 1858 768 1886 semel
793 1858 960 1885 dissolutum

170 1910 235 1934 erat
255 1912 263 1935 :
283 1910 309 1933 et
333 1905 407 1940 quali
435 1911 551 1939 corpore
576 1905 772 1935 suscitaretur,
798 1908 889 1930 utrunt
910 1903 962 1931 hoc

175 1951 283 1983 eodem,
301 1958 334 1978 an
347 1951 402 1978 alio
433 1950 564 1985 quodam.
587 1950 648 1977 ilzec
667 1950 758 1984 itaque
773 1949 828 1976 duo
843 1950 883 1977 eis
901 1949 960 1976 dis-

175 1998 256 2025 solvit
272 2005 319 2031 per
334 1997 488 2031 exemplum
500 1997 578 2030 grani
596 2002 603 2024 :
625 2005 634 2021 ι
651 1996 739 2023 Stulte
751 2005 760 2022 ι
777 1997 798 2022 Α
815 1994 961 2022 manifesto

174 2043 301 2077 exemplo
329 2042 430 2069 format
446 2042 610 2069 solutionem
625 2049 631 2070 :
652 2042 713 2068 ideo
729 2049 840 2076 quoque
860 2042 960 2069 stultos

176 2093 265 2120 vocat,
285 2092 314 2114 ut
325 2087 373 2122 qui
388 2088 455 2114 adeo
470 2087 617 2114 manifesta
634 2088 771 2120 ignorent.
790 2086 841 2117 Tu,
856 2086 957 2121 inquit,

170 2133 248 2169 quod
260 2133 391 2165 seminas,
409 2133 455 2167 qui
470 2133 660 2167 corruptibilis
675 2140 716 2165 es,
735 2140 788 2159 non
805 2133 960 2159 vivilicatnr

1053 487 1227 521 ,Ἔκνήψατε
1244 487 1362 520 δικαίως
1371 488 1418 514 καὶ
1434 487 1685 522 μὴίιίμαρτάνετε.
1704 487 1809 522 Ἀγνω-

1019 533 1092 560 σίαν
1106 533 1160 567 γὰρ
1170 533 1244 560 Θεοῦ
1257 542 1337 566 τινες
1350 533 1468 566 ἔχουσι.
1480 534 1558 566 Πρὸς
1570 534 1723 567 ἐντροπὴν
1737 534 1810 569 ὑμῖν

1017 580 1104 613 λέγω.
1127 580 1209 606 Ἀλλ’
1232 579 1293 613 ἐρεῖ
1314 588 1368 612 τις,
1387 579 1452 612 Πῶς
1468 580 1630 614 ἐγείρονται
1643 582 1670 607 οι
1684 586 1810 614 rexpat;

1022 625 1098 658 ποίῳ
1118 624 1151 651 δὲ
1165 624 1276 659 σώματι
1287 626 1441 658 ἔρχονται;
1457 625 1576 659 Ἀφρον,
1592 626 1632 652 σὺ
1646 625 1662 652 ὃ
1673 627 1809 660 σπείρεις

1019 671 1054 697 οὐ
1066 669 1254 702 ζωοποιεῖται,
1274 671 1329 697 ἐὰν
1340 671 1381 704 μὴ
1397 671 1544 705 ἀποθάνῃ.
1558 671 1610 698 Kal
1626 671 1642 698 ὃ
1659 673 1808 706 caetra-ig,

1019 717 1054 743 οὺ
1080 716 1113 742 τὸ
1133 716 1218 750 σῶμα
1244 717 1278 743 τὸ
1304 716 1506 751 γενησόμενον
1534 717 1689 751 σπείρεις,
1725 718 1808 745 ἀλλὰ

1019 761 1135 796 γυμνὸν
1147 763 1270 795 κόκκον,
1286 764 1312 789 ει
1327 763 1423 797 τύχοι,
1437 763 1534 796 σίτου,
1544 763 1564 797 ἦ
1579 772 1660 797 τινος
1670 763 1732 791 τῶν
1747 767 1810 791 λοι-

1018 809 1093 836 πῶν.
1116 809 1147 835 '0
1159 809 1193 836 δὲ
1223 809 1292 840 Θεὸς
1315 808 1419 836 δίδωσι
1436 808 1522 844 σῶμα
1542 809 1639 842 καθὼς
1660 809 1808 844 ἠθέλησε,

979 845 1002 875 Β
1017 856 1066 883 καὶ
1083 855 1201 886 ἑκάστῳ
1211 854 1270 882 τῶν
1284 854 1462 889 σπερμάτων
1475 856 1508 882 τὸ
1523 854 1601 882 ιδιον
1616 855 1714 889 σῶμα.

1052 901 1097 934 Τὸ,
1127 900 1252 936 ἑκνῆψαι.
1289 900 1326 932 ὡς
1357 901 1404 927 ἐπὶ
1429 901 1593 936 μεθυόντων.
1619 901 1657 928 Τὸ
1679 900 1745 932 δὲ.«
1761 902 1809 927 Δι-

1017 947 1112 979 καίως,
1133 956 1142 972 ι
1159 946 1240 972 οἱονεὶ
1267 946 1470 981 συμφερόντως.
1490 946 1550 973 Ἔνι
1566 945 1620 982 γὰρ
1643 946 1690 973 καὶ
1704 946 1808 977 ἀδίκως

1016 993 1122 1028 νήφειν,
1135 989 1191 1019 οἷον
1204 992 1249 1018 ἐπὶ
1264 991 1351 1026 κακῷ.
1367 1001 1377 1017 ι
1398 992 1452 1019 Καὶ
1471 991 1508 1027 μὴ
1520 992 1705 1027 ἁμαρτάνετε.
1722 1000 1733 1017 ι
1759 991 1808 1018 ’Ἐκ

1016 1037 1112 1064 τούτου
1129 1037 1193 1072 γὰρ,
1214 1036 1291 1071 φησι,
1308 1036 1356 1063 καὶ
1379 1037 1411 1071 τῇ
1433 1036 1581 1062 ἀναστάσει
1600 1035 1755 1062 ἀπιστεῖτε.
1774 1034 1807 1060 Ol

1016 1084 1070 1118 γὰρ
1095 1083 1198 1114 ἑαυτοῖς
1229 1082 1302 1108 κακὰ
1331 1081 1490 1112 συνειδότες,
1510 1081 1541 1107 οὐ
1568 1080 1708 1107 πείθονται
1734 1078 1806 1106 εἶναι

1016 1128 1173 1159 ἀνάστασιν,
1189 1126 1228 1162 τῷ
1254 1128 1309 1154 δέει
1336 1127 1391 1153 τῶν
1406 1125 1539 1162 ἀμοιϐὦν,
1556 1126 1594 1157 ὡς
1609 1123 1653 1152 οἷα
1679 1126 1807 1160 ἀμβρτά-

1017 1183 1118 1205 νοντες.
1148 1174 1196 1201 Διὰ
1222 1174 1310 1206 τοῦτο,
1330 1173 1407 1209 φησι,
1433 1173 1471 1208 μὴ
1499 1172 1683 1208 ἁμαρτάνετε,
1698 1171 1743 1198 ἵνα
1762 1180 1807 1198 πι-

1018 1222 1131 1256 στεύητε
1144 1222 1192 1257 τὴν
1205 1221 1365 1248 ἀνάστασιν.
1384 1219 1534 1255 ’Δγνωσίαν
1545 1219 1599 1254 γὰρ
1615 1219 1695 1250 Θεοῦ,
1709 1220 1804 1253 φησιν,

1016 1268 1122 1304 ἔχουσιν
1136 1267 1160 1294 οί
1176 1268 1210 1302 τῇ
1241 1265 1387 1293 ἀναστάσει
1402 1265 1591 1297 ἀπιστοῦντες.
1608 1265 1645 1291 Οὐ
1661 1264 1717 1300 γὰρ
1731 1265 1806 1291 ῑσασι

1015 1314 1062 1341 τοῦ
1082 1313 1149 1340 Θεοῦ
1173 1313 1222 1348 τὴν
1243 1312 1368 1348 δύναμιν.
1386 1312 1442 1338 υὺκ
1455 1309 1516 1338 εἷπε
1539 1311 1578 1344 δὲ,
1596 1310 1706 1346 Ἔχετε,
1725 1310 1805 1342 ἀλλα,

1019 1370 1028 1385 ι
1046 1360 1124 1390 Τινὲς
1142 1359 1242 1393 ἔχουσι,
1261 1367 1270 1384 ι
1287 1358 1372 1393 ταύτῃ
1387 1359 1420 1393 τῇ
1431 1358 1502 1391 λέξει
1514 1357 1544 1384 τὸ
1561 1357 1691 1392 ἔγκλημα
1704 1358 1805 1384 ὑποτε-

1017 1406 1160 1441 μνόμενος.
1185 1414 1194 1430 ι
1221 1405 1291 1440 Πρὸς
1311 1405 1444 1440 ἐντροπὴν
1473 1404 1537 1438 ὑμῖν
1562 1404 1645 1438 λέγω.
1668 1413 1678 1430 ι
1694 1403 1806 1439 Ἐπειδὴ

1016 1451 1100 1478 πολλὰ
1119 1450 1208 1478 αὐτῶν
1220 1450 1372 1485 καθήψατο,
1385 1450 1585 1485 παραμυθεῖται
1606 1449 1716 1480 αὐτούς.
1735 1450 1806 1485 Πρὸς

1016 1497 1152 1532 ἐντροπὴν
1173 1497 1238 1531 ὑμίν
1259 1496 1346 1530 λέγω,
1375 1496 1466 1530 φησὶν,
1490 1496 1540 1529 οὐχ
1569 1495 1640 1522 ὥστε
1668 1496 1804 1530 ἀτιμάσαι

1016 1543 1098 1577 ὑμᾶς,
1113 1542 1169 1568 ἀλλ’
1184 1541 1254 1568 ὥστε
1265 1541 1458 1576 αἰσχυνθέντας
1474 1541 1625 1576 ἀπορῤίψαι
1636 1541 1665 1566 τὸ
1677 1542 1805 1568 ἀπιστεῖν

1013 1589 1049 1624 τῇ
1065 1588 1222 1614 ἀναστάσει.
1238 1596 1247 1612 ι
1263 1587 1399 1622 Ἀλλ“ὲρεῖ
1413 1595 1464 1619 τις.
1487 1596 1496 1612 ι
1512 1587 1569 1613 Οὐκ
1596 1584 1684 1618 εῐπεν,
1708 1586 1804 1619 Ὑμεῖς

1014 1633 1118 1668 λέγετε,
1147 1634 1190 1660 ἵνα
1217 1633 1301 1664 οὕτως
1324 1632 1501 1667 ἀνεπαχθὴςὸ
1516 1632 1595 1666 λόγος
1611 1629 1640 1668 ᾗ,
1656 1631 1695 1663 ὡς
1715 1632 1804 1658 ἄλλων

1013 1679 1208 1707 ἀπιστούντων.
1225 1676 1292 1705 Εῐτα
1307 1678 1354 1705 δύο
1368 1678 1457 1713 ἄπορα
1471 1678 1562 1707 αὐτοῖς
1577 1674 1646 1703 εἶναι
1657 1676 1802 1709 δοκοῦντα,

1013 1726 1050 1758 ὼς
1066 1726 1096 1758 ἐξ
1112 1725 1273 1756 ἀντιθέσεως
1287 1724 1355 1751 λύει.
1379 1723 1565 1759 ’Δμφέὃαλλον
1586 1723 1641 1758 γὰρ
1659 1724 1719 1753 πῶς
1732 1724 1804 1758 ὲγεί-

1015 1779 1089 1805 ρεται
1121 1771 1152 1797 τὸ
1173 1770 1247 1802 ἅπαξ
1279 1769 1403 1796 διαλυθὲν
1417 1770 1508 1804 σῶμα,
1535 1769 1583 1796 καὶ
1602 1769 1673 1804 ποίῳ
1694 1769 1802 1804 σώματι

1013 1817 1165 1850 ἀνίσταται,
1186 1817 1272 1851 τούτῳ
1289 1816 1402 1852 ἢὲτέρῳ
1420 1816 1483 1842 τινί.
1504 1817 1544 1842 Τὰ
1571 1815 1617 1842 οὖν
1642 1815 1691 1842 δύο
1709 1817 1802 1847 αὐτοις

1012 1863 1116 1890 ἐπιλύει
1140 1863 1236 1890 8ιὰτοῦ
1247 1862 1465 1897 παραδείγματος
1474 1862 1520 1888 τοῦ
1532 1862 1797 1898 κόκκου·ι’Δφρον.ι

1018 1910 1084 1936 ’Δπὺ
1103 1909 1182 1944 δήλου
1208 1909 1430 1944 παραδείγματος
1456 1910 1573 1936 ποιεῖται
1589 1909 1640 1943 τὴν
1664 1910 1800 1941 ἐπίλυσιν,

1011 1956 1052 1982 διὸ
1066 1956 1114 1982 καὶ
1128 1955 1250 1990 ἄφρονας
1262 1955 1347 1988 καλεῖ,
1362 1954 1399 1984 ὠς
1409 1955 1444 1981 τὰ
1453 1954 1524 1981 οὕτω
1538 1955 1611 1990 σαφῆ
1623 1955 1799 1989 ἀγνοοῦντας.

1013 2002 1059 2034 Σὺ,
1078 2001 1171 2036 φησὶν,
1184 2001 1197 2027 ὃ
1210 2001 1342 2036 σπείρεις,
1355 2002 1368 2027 ὁ
1382 2000 1510 2035 φθαρτὸς,
1524 2001 1554 2026 οὺ
1564 2001 1739 2033 ζωοποιεῖται
1754 2002 1800 2028 ἐὰν

1013 2048 1051 2083 μὴ
1075 2048 1208 2083 ἀποθάνῃ.
1235 2049 1267 2074 Τί
1293 2047 1339 2074 οὖν
1363 2048 1427 2082 περὶ
1452 2047 1519 2074 θεοῦ
1543 2048 1745 2082 ἀμφιϐάλλεις
1764 2048 1798 2075 οὗ

1012 2095 1195 2126 ζωοποιεῖται,
1216 2093 1309 2129 φησιν.
1333 2093 1403 2127 Ὅρα
1421 2093 1459 2124 δὲ,
1482 2092 1571 2125 λέξεσι
1599 2093 1745 2128 κέχρηται,
1770 2095 1797 2120 οὐ

1012 2140 1177 2175 σπέρμασιν,
1191 2133 1265 2167 ἀλλᾶ
1272 2139 1396 2173 σώμασιν
1412 2138 1564 2173 ἁρμοδίαις.
1577 2148 1585 2164 ι
1602 2139 1665 2165 Ἐὰν
1678 2140 1716 2173 μὴ
1734 2140 1799 2166 ἁπο-

173 2179 227 2207 ttisi
246 2183 384 2206 mortuum
404 2178 501 2211 fuerit;
523 2178 589 2213 qttid
611 2186 677 2213 ergo
702 2178 735 2205 de
755 2178 809 2205 Deo
831 2178 960 2205 lta‘sitas?

1019 2184 1091 2220 idvn,
1108 2193 1116 2210 ι
1133 2184 1225 2219 φησιν.
1244 2184 1313 2216 Ὅρα
1330 2183 1387 2213 πῶς
1402 2184 1440 2214 είς
1453 2182 1484 2209 τὸ
1499 2183 1619 2209 ἐναντίον
1633 2184 1797 2219 περιέτρεψε

174 2224 233 2253 Νοη
246 2225 412 2257 vivificatur,
431 2225 479 2252 ait.
497 2224 565 2252 Vide
580 2229 671 2252 atttem
688 2225 773 2259 quod,
789 2224 959 2252 dictionibus

173 2273 209 2298 sit
226 2279 302 2304 uSus,
318 2279 372 2298 non
383 2271 626 2306 qute‘scminibtts,
639 2271 687 2298 sed
708 2278 768 2305 quae
794 2271 959 2305 corporibus

174 2322 244 2352 aptat
271 2318 337 2346 sint.
358 2327 367 2342 ι
388 2317 446 2344 Nisi
473 2323 614 2344 mortttum
635 2316 728 2343 fuerit.
763 2326 773 2342 ι
807 2317 958 2344 Considera

172 2371 238 2391 vero
253 2371 309 2398 quo
338 2363 420 2390 modo
437 2370 591 2390 sermonem
607 2364 635 2390 in
651 2364 821 2390 contrarium
838 2371 957 2391 conver-

173 2406 217 2432 tit.
233 2405 289 2433 Illis
321 2406 394 2433 enim
416 2406 530 2433 dubiutn
554 2406 698 2434 videbatur
715 2415 770 2442 quo
795 2412 876 2442 pacto
895 2413 959 2443 post

172 2456 288 2479 mortem
308 2453 504 2480 excitarentur.
520 2452 582 2487 ipse
602 2461 667 2481 vero
681 2461 696 2481 e
712 2454 835 2485 diverso.
852 2453 893 2482 Ob
918 2455 956 2486 id.

172 2497 273 2532 inquit,
306 2497 462 2525 excitamur
484 2499 615 2533 quoniam
640 2500 797 2528 morimur:
826 2503 956 2534 tanquam

172 2549 228 2570 non
241 2542 320 2570 detur
335 2542 437 2579 alioqui
455 2543 586 2572 vivificari
604 2545 657 2572 nisi
677 2553 750 2572 mors
775 2546 956 2580 praecesserit.

171 2587 238 2615 Nam
253 2590 305 2617 hoc
324 2590 484 2618 manifestat
500 2592 655 2626 exemplum
674 2592 706 2618 de
721 2592 813 2618 tritico
835 2591 957 2618 tuteris-

172 2642 225 2670 que
253 2634 420 2681 seminibus.
437 2635 471 2662 Et
484 2636 641 2668 considera,
656 2643 711 2662 una
727 2636 838 2663 interim
856 2637 957 2663 soltttio

170 2684 212 2707 est
235 2680 308 2715 quod
321 2680 422 2708 mortui
446 2682 612 2708 excitantur.
634 2691 644 2706 ι
662 2680 702 2707 Tu
731 2681 805 2715 qttod
836 2681 956 2709 setninas

171 2734 226 2754 non
245 2729 399 2756 viviﬂcatur
424 2729 477 2756 nisi
505 2733 644 2755 mortuum
663 2728 754 2755 fuerit.
775 2739 783 2754 ›
801 2728 829 2755 Si
846 2737 911 2764 ergo
929 2730 955 2757 id

170 2771 242 2803 quod
256 2775 286 2799 tu
311 2773 434 2800 seminas
449 2776 476 2799 et
499 2772 626 2806 sepulcro
644 2772 847 2805 quodammodo
862 2774 955 2801 occul-

172 2821 213 2842 tas
236 2823 268 2843 ac
300 2817 461 2849 mortillras,
481 2816 552 2843 Deus
583 2817 740 2849 resuscitat,
757 2822 783 2844 et
806 2819 852 2844 dat
873 2826 952 2847 suum

171 2868 280 2895 corpus,
294 2868 354 2888 cum
367 2862 422 2896 jam
446 2860 626 2897 putrefactum
641 2867 712 2890 esset
726 2870 757 2890 ac
773 2864 951 2899 dissolutum,

1011 2229 1156 2263 τὸνλόγον.
1175 2229 1305 2259 Ἐκείνοις
1316 2228 1370 2263 γὰρ
1383 2227 1469 2254 ἐδόκει
1481 2228 1594 2263 ἄπορον,
1606 2228 1665 2259 πῶς
1680 2230 1753 2263 μετὰ
1769 2229 1797 2255 τὸ

1011 2274 1157 2301 ἀποθανεῖν
1178 2273 1351 2308 ἐγειρόμεθα·
1365 2273 1444 2304 αὐτὸς
1455 2273 1493 2306 δὲ,
1507 2273 1537 2298 τὸ
1552 2273 1673 2300 ἐναντίον
1704 2274 1796 2308 φησὶν,

1010 2321 1051 2346 ὅτι
1071 2320 1115 2346 διὰ
1131 2319 1210 2346 τοῦτο
1225 2318 1398 2354 ὲγειρόμεθα,
1412 2319 1506 2354 ἐπειδὴ
1523 2319 1749 2354 ἀποθνήσκομεν,
1762 2319 1796 2351 ὡς

1010 2366 1060 2392 οὐκ
1072 2365 1257 2400 ὲγχωροῠντος
1274 2364 1361 2396 ἄλλως
1379 2364 1591 2400 ζωοποιηθῆναι,
1605 2365 1628 2390 εἰ
1647 2365 1685 2400 μὴ
1703 2363 1738 2401 ἦν
1752 2365 1796 2392 θά-

1010 2420 1101 2443 νατος.
1115 2412 1200 2438 Τοῦτο
1217 2411 1271 2446 γὰρ
1302 2411 1332 2437 τὸ
1356 2411 1533 2446 παράδειγμα
1544 2411 1591 2437 τοῦ
1613 2411 1688 2437 σίτου
1710 2411 1795 2446 δηλοῖ,

1010 2457 1122 2483 καὶτῶν
1139 2456 1240 2482 λοιπῶν
1264 2455 1438 2491 σπερμάτων.
1456 2457 1512 2483 Καὶ
1530 2456 1635 2489 θέασαι,
1657 2457 1727 2488 τέως
1750 2457 1796 2492 μία

1009 2501 1095 2534 λύσις,
1108 2501 1149 2527 ὅτι
1170 2501 1194 2527 ot
1221 2501 1406 2533 ἁπαθανόντες
1425 2501 1588 2537 ἐγείρονται.
1608 2511 1617 2528 ι
1638 2503 1675 2528 Σὺ
1690 2503 1706 2529 ὃ
1722 2504 1795 2529 σπεί-

1011 2555 1065 2582 ρεις
1080 2547 1109 2573 οὐ
1127 2547 1310 2580 ζωοποιεῖται,
1329 2548 1375 2574 ἐὰν
1391 2548 1428 2583 μὴ
1446 2547 1579 2585 ἀποθάνῃ.
1600 2558 1610 2574 ι
1629 2548 1661 2575 Et
1673 2548 1722 2576 οὖν
1739 2549 1794 2576 σὺό

1009 2594 1131 2628 σπείρεις
1145 2595 1192 2620 καὶ
1207 2594 1306 2628 τρόπον
1324 2594 1384 2620 τινὰ
1397 2594 1476 2630 τάφῳ
1493 2595 1642 2626 καλύπτεις
1651 2596 1699 2622 καὶ
1714 2597 1792 2622 θανα-

1008 2641 1074 2672 τοῑς,
1089 2639 1168 2666 τοῦτο
1178 2640 1265 2671 ὁΘεὸς
1275 2639 1411 2674 ἀνίστησι,
1426 2639 1474 2666 καὶ
1487 2640 1577 2667 δίδωσι
1587 2642 1619 2667 τὸ
1632 2641 1698 2668 ἴδιον
1715 2641 1791 2676 σῶμα

1007 2685 1036 2711 τὸ
1052 2686 1136 2712 σαπὲν
1153 2686 1198 2712 καὶ
1221 2685 1355 2719 διαλυθὲν,
1370 2685 1463 2712 δίδωσι
1478 2686 1518 2719 δὲ,
1540 2686 1632 2718 καθὼς
1648 2687 1788 2722 ¹Ιςθέλησεν,

1006 2731 1226 2766 εὐπρεπέστερον
1243 2731 1290 2757 καὶ
1306 2731 1482 2767 ὡραιότερον,
1495 2731 1510 2758 ὃ
1526 2732 1608 2764 αὐτὸς
1623 2734 1729 2764 ἐκεῖνος
1747 2732 1788 2759 διὰ

1006 2777 1054 2811 τῆς
1071 2777 1175 2807 οἰκείας
1189 2776 1366 2811 ἀποφάνσεως
1381 2777 1420 2809 είς
1437 2777 1489 2812 γῆν
1503 2778 1551 2804 καὶ
1565 2778 1652 2813 τάφον
1665 2779 1785 2805 ἐκέλευσε

1008 2821 1201 2849 κατατίθεσθαι
1220 2823 1265 2848 καὶ
1287 2822 1480 2858 ἀποθνήσκειν,
1507 2822 1587 2850 τοῦτο
1605 2824 1689 2855 αὐτὸς
1712 2823 1784 2849 πάλιν

1007 2869 1055 2894 οὐκ
1071 2868 1124 2902 ἔχει
1142 2868 1205 2902 ῥᾷον
1223 2868 1253 2894 τὺ
1262 2868 1430 2904 ζωοποιῆσαι
1447 2869 1493 2895 καὶ
1507 2869 1658 2903 ἀναστῆσαι
1673 2869 1716 2895 ὂτε
1727 2866 1783 2903 βού-
