  <div class='ocr_page' id='page_1' title='image "/cluster/home/n/w/nwhite01/storage/ocr_20150623/118/njp.32101077772992/633.png"; bbox 0 0 1872 3053; ppageno 0'>
   <div class='ocr_carea' id='block_1_1' title="bbox 161 130 214 162">
    <p class='ocr_par' dir='ltr' id='par_1_1' title="bbox 161 130 214 162">
     <span class='ocr_line' id='line_1_1' title="bbox 161 130 214 162; baseline -0.019 0"><span class='ocrx_word' id='word_1_1' title='bbox 161 130 214 162; x_wconf 70' lang='lat'><strong>837</strong></span> 
     </span>
    </p>
   </div>
   <div class='ocr_carea' id='block_1_2' title="bbox 163 181 986 218">
    <p class='ocr_par' dir='ltr' id='par_1_2' title="bbox 163 181 986 218">
     <span class='ocr_line' id='line_1_2' title="bbox 163 181 986 218; baseline -0.001 -8"><span class='ocrx_word' id='word_1_2' title='bbox 163 193 195 211; x_wconf 78' lang='lat' dir='ltr'><strong>ac</strong></span> <span class='ocrx_word' id='word_1_3' title='bbox 216 183 378 218; x_wconf 72' lang='lat' dir='ltr'><strong>intelligitur</strong></span> <span class='ocrx_word' id='word_1_4' title='bbox 406 191 468 212; x_wconf 82' lang='lat' dir='ltr'><strong>esse</strong></span> <span class='ocrx_word' id='word_1_5' title='bbox 482 183 564 212; x_wconf 89' lang='lat' dir='ltr'><strong>Deus.</strong></span> <span class='ocrx_word' id='word_1_6' title='bbox 585 181 781 209; x_wconf 81' lang='lat' dir='ltr'><strong>Animadverte</strong></span> <span class='ocrx_word' id='word_1_7' title='bbox 814 186 905 209; x_wconf 82' lang='lat' dir='ltr'><strong>autem</strong></span> <span class='ocrx_word' id='word_1_8' title='bbox 923 187 950 209; x_wconf 91' lang='lat' dir='ltr'><strong>et</strong></span> <span class='ocrx_word' id='word_1_9' title='bbox 964 185 986 213; x_wconf 78' lang='grc' dir='ltr'><strong>Α</strong></span> 
     </span>
    </p>
   </div>
   <div class='ocr_carea' id='block_1_3' title="bbox 163 228 950 262">
    <p class='ocr_par' dir='ltr' id='par_1_3' title="bbox 163 228 950 262">
     <span class='ocr_line' id='line_1_3' title="bbox 163 228 950 262; baseline -0.003 -7"><span class='ocrx_word' id='word_1_10' title='bbox 163 229 290 262; x_wconf 82' lang='lat' dir='ltr'><strong>spiritum</strong></span> <span class='ocrx_word' id='word_1_11' title='bbox 303 235 365 256; x_wconf 91' lang='lat' dir='ltr'><strong>esse</strong></span> <span class='ocrx_word' id='word_1_12' title='bbox 380 228 563 255; x_wconf 80' lang='lat' dir='ltr'><strong>viviﬁcantem</strong></span> <span class='ocrx_word' id='word_1_13' title='bbox 579 235 586 253; x_wconf 90' lang='lat'><strong>:</strong></span> <span class='ocrx_word' id='word_1_14' title='bbox 606 234 726 261; x_wconf 87' lang='lat' dir='ltr'><strong>cumque</strong></span> <span class='ocrx_word' id='word_1_15' title='bbox 739 231 881 261; x_wconf 81' lang='lat' dir='ltr'><strong>expeteret</strong></span> <span class='ocrx_word' id='word_1_16' title='bbox 893 234 950 254; x_wconf 88' lang='lat' dir='ltr'><strong>scr-</strong></span> 
     </span>
    </p>
   </div>
   <div class='ocr_carea' id='block_1_4' title="bbox 163 273 950 308">
    <p class='ocr_par' dir='ltr' id='par_1_4' title="bbox 163 273 950 308">
     <span class='ocr_line' id='line_1_4' title="bbox 163 273 950 308; baseline 0 -8"><span class='ocrx_word' id='word_1_17' title='bbox 163 274 255 302; x_wconf 89' lang='lat' dir='ltr'><strong>monis</strong></span> <span class='ocrx_word' id='word_1_18' title='bbox 268 275 428 302; x_wconf 78' lang='lat' dir='ltr'><strong>consecutio</strong></span> <span class='ocrx_word' id='word_1_19' title='bbox 444 279 473 301; x_wconf 93' lang='lat' dir='ltr'><strong>ut</strong></span> <span class='ocrx_word' id='word_1_20' title='bbox 483 274 589 301; x_wconf 78' lang='lat' dir='ltr'><strong>diceret</strong></span> <span class='ocrx_word' id='word_1_21' title='bbox 607 281 614 300; x_wconf 84' lang='lat'>:</span> <span class='ocrx_word' id='word_1_22' title='bbox 634 282 644 299; x_wconf 84' lang='grc' dir='ltr'><strong>ι</strong></span> <span class='ocrx_word' id='word_1_23' title='bbox 663 273 691 300; x_wconf 88' lang='lat' dir='ltr'><strong>in</strong></span> <span class='ocrx_word' id='word_1_24' title='bbox 713 273 841 308; x_wconf 78' lang='lat' dir='ltr'><strong>spiritum</strong></span> <span class='ocrx_word' id='word_1_25' title='bbox 857 273 950 300; x_wconf 79' lang='lat' dir='ltr'><strong>viven-</strong></span> 
     </span>
    </p>
   </div>
   <div class='ocr_carea' id='block_1_5' title="bbox 163 319 950 353">
    <p class='ocr_par' dir='ltr' id='par_1_5' title="bbox 163 319 950 353">
     <span class='ocr_line' id='line_1_5' title="bbox 163 319 950 353; baseline -0.001 -6"><span class='ocrx_word' id='word_1_26' title='bbox 163 325 247 353; x_wconf 70' lang='lat' dir='ltr'><strong>tem,»</strong></span> <span class='ocrx_word' id='word_1_27' title='bbox 262 322 333 348; x_wconf 87' lang='lat' dir='ltr'><strong>sicut</strong></span> <span class='ocrx_word' id='word_1_28' title='bbox 353 321 386 348; x_wconf 90' lang='lat' dir='ltr'><strong>de</strong></span> <span class='ocrx_word' id='word_1_29' title='bbox 401 320 517 348; x_wconf 78' lang='lat' dir='ltr'><strong>animali.</strong></span> <span class='ocrx_word' id='word_1_30' title='bbox 530 320 663 349; x_wconf 68' lang='lat' dir='ltr'><strong>dixeram</strong></span> <span class='ocrx_word' id='word_1_31' title='bbox 682 320 710 347; x_wconf 86' lang='lat' dir='ltr'><strong>in</strong></span> <span class='ocrx_word' id='word_1_32' title='bbox 721 320 839 346; x_wconf 87' lang='lat' dir='ltr'><strong>animam</strong></span> <span class='ocrx_word' id='word_1_33' title='bbox 856 319 950 346; x_wconf 88' lang='lat' dir='ltr'><strong>viven-</strong></span> 
     </span>
    </p>
   </div>
   <div class='ocr_carea' id='block_1_6' title="bbox 163 367 949 402">
    <p class='ocr_par' dir='ltr' id='par_1_6' title="bbox 163 367 949 402">
     <span class='ocr_line' id='line_1_6' title="bbox 163 367 949 402; baseline -0.001 -8"><span class='ocrx_word' id='word_1_34' title='bbox 163 372 229 400; x_wconf 88' lang='lat' dir='ltr'><strong>tem,</strong></span> <span class='ocrx_word' id='word_1_35' title='bbox 249 377 259 394; x_wconf 76' lang='grc' dir='ltr'><strong>ι</strong></span> <span class='ocrx_word' id='word_1_36' title='bbox 277 368 334 402; x_wconf 86' lang='lat' dir='ltr'><strong>ipse</strong></span> <span class='ocrx_word' id='word_1_37' title='bbox 351 368 422 394; x_wconf 83' lang='lat' dir='ltr'><strong>dixit</strong></span> <span class='ocrx_word' id='word_1_38' title='bbox 439 375 445 394; x_wconf 91' lang='lat'>:</span> <span class='ocrx_word' id='word_1_39' title='bbox 466 376 475 392; x_wconf 76' lang='grc' dir='ltr'><strong>ι</strong></span> <span class='ocrx_word' id='word_1_40' title='bbox 493 367 696 393; x_wconf 83' lang='lat' dir='ltr'><strong>Vivitieantem.</strong></span> <span class='ocrx_word' id='word_1_41' title='bbox 711 376 722 392; x_wconf 70' lang='grc' dir='ltr'><strong>ι</strong></span> <span class='ocrx_word' id='word_1_42' title='bbox 737 381 772 387; x_wconf 89' lang='grc'><strong><em>-</em></strong></span> <span class='ocrx_word' id='word_1_43' title='bbox 786 367 892 402; x_wconf 87' lang='lat' dir='ltr'><strong>Corpus</strong></span> <span class='ocrx_word' id='word_1_44' title='bbox 907 367 949 393; x_wconf 92' lang='lat' dir='ltr'><strong>di-</strong></span> 
     </span>
    </p>
   </div>
   <div class='ocr_carea' id='block_1_7' title="bbox 163 413 949 448">
    <p class='ocr_par' dir='ltr' id='par_1_7' title="bbox 163 413 949 448">
     <span class='ocr_line' id='line_1_7' title="bbox 163 413 949 448; baseline -0.001 -9"><span class='ocrx_word' id='word_1_45' title='bbox 163 413 233 440; x_wconf 85' lang='lat' dir='ltr'><strong>citur</strong></span> <span class='ocrx_word' id='word_1_46' title='bbox 259 413 415 448; x_wconf 76' lang='lat' dir='ltr'><strong>spiritualc,</strong></span> <span class='ocrx_word' id='word_1_47' title='bbox 444 421 498 440; x_wconf 92' lang='lat' dir='ltr'><strong>non</strong></span> <span class='ocrx_word' id='word_1_48' title='bbox 515 413 617 440; x_wconf 82' lang='lat' dir='ltr'><strong>subtile</strong></span> <span class='ocrx_word' id='word_1_49' title='bbox 641 416 689 440; x_wconf 89' lang='lat' dir='ltr'><strong>aut</strong></span> <span class='ocrx_word' id='word_1_50' title='bbox 712 420 835 444; x_wconf 84' lang='lat' dir='ltr'><strong>aereum,</strong></span> <span class='ocrx_word' id='word_1_51' title='bbox 867 413 949 440; x_wconf 87' lang='lat' dir='ltr'><strong>veluti</strong></span> 
     </span>
    </p>
   </div>
   <div class='ocr_carea' id='block_1_8' title="bbox 164 459 950 494">
    <p class='ocr_par' dir='ltr' id='par_1_8' title="bbox 164 459 950 494">
     <span class='ocr_line' id='line_1_8' title="bbox 164 459 950 494; baseline 0 -8"><span class='ocrx_word' id='word_1_52' title='bbox 164 459 259 486; x_wconf 76' lang='lat' dir='ltr'><strong>dicunt</strong></span> <span class='ocrx_word' id='word_1_53' title='bbox 277 459 401 494; x_wconf 84' lang='lat' dir='ltr'><strong>quidam.</strong></span> <span class='ocrx_word' id='word_1_54' title='bbox 415 467 514 494; x_wconf 86' lang='lat' dir='ltr'><strong>nempe</strong></span> <span class='ocrx_word' id='word_1_55' title='bbox 527 460 600 494; x_wconf 92' lang='lat' dir='ltr'><strong>quod</strong></span> <span class='ocrx_word' id='word_1_56' title='bbox 613 460 713 486; x_wconf 69' lang='lat' dir='ltr'><strong>anima:</strong></span> <span class='ocrx_word' id='word_1_57' title='bbox 723 460 777 486; x_wconf 82' lang='lat' dir='ltr'><strong>tale</strong></span> <span class='ocrx_word' id='word_1_58' title='bbox 793 467 893 494; x_wconf 84' lang='lat' dir='ltr'><strong>corpus</strong></span> <span class='ocrx_word' id='word_1_59' title='bbox 905 466 950 486; x_wconf 85' lang='lat' dir='ltr'><strong>ac-</strong></span> 
     </span>
    </p>
   </div>
   <div class='ocr_carea' id='block_1_9' title="bbox 162 505 949 540">
    <p class='ocr_par' dir='ltr' id='par_1_9' title="bbox 162 505 949 540">
     <span class='ocr_line' id='line_1_9' title="bbox 162 505 949 540; baseline 0 -8"><span class='ocrx_word' id='word_1_60' title='bbox 162 505 264 540; x_wconf 83' lang='lat' dir='ltr'><strong>cipient</strong></span> <span class='ocrx_word' id='word_1_61' title='bbox 287 505 314 532; x_wconf 91' lang='lat' dir='ltr'><strong>in</strong></span> <span class='ocrx_word' id='word_1_62' title='bbox 339 507 556 537; x_wconf 81' lang='lat' dir='ltr'><strong>resurrectione,</strong></span> <span class='ocrx_word' id='word_1_63' title='bbox 573 513 690 540; x_wconf 88' lang='lat' dir='ltr'><strong>quorum</strong></span> <span class='ocrx_word' id='word_1_64' title='bbox 709 513 780 533; x_wconf 92' lang='lat' dir='ltr'><strong>unus</strong></span> <span class='ocrx_word' id='word_1_65' title='bbox 795 505 949 540; x_wconf 75' lang='lat' dir='ltr'><strong>Origenes;</strong></span> 
     </span>
    </p>
   </div>
   <div class='ocr_carea' id='block_1_10' title="bbox 163 551 950 588">
    <p class='ocr_par' dir='ltr' id='par_1_10' title="bbox 163 551 950 588">
     <span class='ocr_line' id='line_1_10' title="bbox 163 551 950 588; baseline 0.003 -11"><span class='ocrx_word' id='word_1_66' title='bbox 163 552 209 578; x_wconf 88' lang='lat' dir='ltr'><strong>sed</strong></span> <span class='ocrx_word' id='word_1_67' title='bbox 223 552 368 587; x_wconf 82' lang='lat' dir='ltr'><strong>spirituale</strong></span> <span class='ocrx_word' id='word_1_68' title='bbox 379 553 484 580; x_wconf 89' lang='lat' dir='ltr'><strong>dicitur</strong></span> <span class='ocrx_word' id='word_1_69' title='bbox 501 552 575 588; x_wconf 89' lang='lat' dir='ltr'><strong>quod</strong></span> <span class='ocrx_word' id='word_1_70' title='bbox 594 560 703 579; x_wconf 83' lang='lat' dir='ltr'><strong>omnem</strong></span> <span class='ocrx_word' id='word_1_71' title='bbox 729 553 846 587; x_wconf 88' lang='lat' dir='ltr'><strong>percipit</strong></span> <span class='ocrx_word' id='word_1_72' title='bbox 862 551 950 586; x_wconf 87' lang='lat' dir='ltr'><strong>Spiri-</strong></span> 
     </span>
    </p>
   </div>
   <div class='ocr_carea' id='block_1_11' title="bbox 162 598 951 633">
    <p class='ocr_par' dir='ltr' id='par_1_11' title="bbox 162 598 951 633">
     <span class='ocr_line' id='line_1_11' title="bbox 162 598 951 633; baseline 0 -9"><span class='ocrx_word' id='word_1_73' title='bbox 162 602 207 624; x_wconf 88' lang='lat' dir='ltr'><strong>tus</strong></span> <span class='ocrx_word' id='word_1_74' title='bbox 221 599 310 624; x_wconf 84' lang='lat' dir='ltr'><strong>saueti</strong></span> <span class='ocrx_word' id='word_1_75' title='bbox 326 599 514 633; x_wconf 81' lang='lat' dir='ltr'><strong>operationem</strong></span> <span class='ocrx_word' id='word_1_76' title='bbox 531 605 562 626; x_wconf 82' lang='lat' dir='ltr'><strong>ac</strong></span> <span class='ocrx_word' id='word_1_77' title='bbox 574 598 814 633; x_wconf 80' lang='lat' dir='ltr'><strong>participationem</strong></span> <span class='ocrx_word' id='word_1_78' title='bbox 829 608 835 624; x_wconf 89' lang='lat'><strong>:</strong></span> <span class='ocrx_word' id='word_1_79' title='bbox 851 605 951 633; x_wconf 88' lang='lat' dir='ltr'><strong>quem-</strong></span> 
     </span>
    </p>
   </div>
   <div class='ocr_carea' id='block_1_12' title="bbox 161 643 949 680">
    <p class='ocr_par' dir='ltr' id='par_1_12' title="bbox 161 643 949 680">
     <span class='ocr_line' id='line_1_12' title="bbox 161 643 949 680; baseline 0.001 -11"><span class='ocrx_word' id='word_1_80' title='bbox 161 643 311 671; x_wconf 85' lang='lat' dir='ltr'><strong>admodum</strong></span> <span class='ocrx_word' id='word_1_81' title='bbox 334 652 383 672; x_wconf 86' lang='lat' dir='ltr'><strong>vas</strong></span> <span class='ocrx_word' id='word_1_82' title='bbox 410 645 566 680; x_wconf 79' lang='lat' dir='ltr'><strong>appellatur</strong></span> <span class='ocrx_word' id='word_1_83' title='bbox 596 645 734 671; x_wconf 87' lang='lat' dir='ltr'><strong>vinarium</strong></span> <span class='ocrx_word' id='word_1_84' title='bbox 753 649 800 672; x_wconf 90' lang='lat' dir='ltr'><strong>aut</strong></span> <span class='ocrx_word' id='word_1_85' title='bbox 816 645 949 671; x_wconf 85' lang='lat' dir='ltr'><strong>olearium</strong></span> 
     </span>
    </p>
   </div>
   <div class='ocr_carea' id='block_1_13' title="bbox 160 689 950 728">
    <p class='ocr_par' dir='ltr' id='par_1_13' title="bbox 160 689 950 728">
     <span class='ocr_line' id='line_1_13' title="bbox 160 689 950 728; baseline 0.001 -13"><span class='ocrx_word' id='word_1_86' title='bbox 160 689 234 723; x_wconf 92' lang='lat' dir='ltr'><strong>quod</strong></span> <span class='ocrx_word' id='word_1_87' title='bbox 253 689 298 717; x_wconf 79' lang='lat' dir='ltr'><strong>illa</strong></span> <span class='ocrx_word' id='word_1_88' title='bbox 309 690 337 717; x_wconf 94' lang='lat' dir='ltr'><strong>in</strong></span> <span class='ocrx_word' id='word_1_89' title='bbox 351 698 383 717; x_wconf 87' lang='lat' dir='ltr'><strong>se</strong></span> <span class='ocrx_word' id='word_1_90' title='bbox 398 691 509 726; x_wconf 84' lang='lat' dir='ltr'><strong>recipit.</strong></span> <span class='ocrx_word' id='word_1_91' title='bbox 524 689 787 728; x_wconf 79' lang='lat' dir='ltr'><strong>Pariformiterergo</strong></span> <span class='ocrx_word' id='word_1_92' title='bbox 798 690 950 717; x_wconf 81' lang='lat' dir='ltr'><strong>etanimale</strong></span> 
     </span>
    </p>
   </div>
   <div class='ocr_carea' id='block_1_14' title="bbox 159 736 951 772">
    <p class='ocr_par' dir='ltr' id='par_1_14' title="bbox 159 736 951 772">
     <span class='ocr_line' id='line_1_14' title="bbox 159 736 951 772; baseline 0.003 -11"><span class='ocrx_word' id='word_1_93' title='bbox 159 737 268 762; x_wconf 79' lang='lat' dir='ltr'><strong>vocavit</strong></span> <span class='ocrx_word' id='word_1_94' title='bbox 290 736 364 771; x_wconf 90' lang='lat' dir='ltr'><strong>quod</strong></span> <span class='ocrx_word' id='word_1_95' title='bbox 385 744 433 771; x_wconf 90' lang='lat' dir='ltr'><strong>per</strong></span> <span class='ocrx_word' id='word_1_96' title='bbox 448 737 568 764; x_wconf 85' lang='lat' dir='ltr'><strong>animam</strong></span> <span class='ocrx_word' id='word_1_97' title='bbox 593 741 619 764; x_wconf 84' lang='lat' dir='ltr'><strong>et</strong></span> <span class='ocrx_word' id='word_1_98' title='bbox 634 745 688 764; x_wconf 88' lang='lat' dir='ltr'><strong>non</strong></span> <span class='ocrx_word' id='word_1_99' title='bbox 701 745 749 772; x_wconf 89' lang='lat' dir='ltr'><strong>per</strong></span> <span class='ocrx_word' id='word_1_100' title='bbox 764 736 889 772; x_wconf 87' lang='lat' dir='ltr'><strong>spiritum</strong></span> <span class='ocrx_word' id='word_1_101' title='bbox 909 736 951 763; x_wconf 82' lang='lat' dir='ltr'><strong>in-</strong></span> 
     </span>
    </p>
   </div>
   <div class='ocr_carea' id='block_1_15' title="bbox 161 780 949 819">
    <p class='ocr_par' dir='ltr' id='par_1_15' title="bbox 161 780 949 819">
     <span class='ocr_line' id='line_1_15' title="bbox 161 780 949 819; baseline 0.003 -12"><span class='ocrx_word' id='word_1_102' title='bbox 161 780 315 809; x_wconf 70' lang='lat' dir='ltr'><strong>habitatur.</strong></span> <span class='ocrx_word' id='word_1_103' title='bbox 333 797 368 802; x_wconf 87' lang='lat'><strong>-—</strong></span> <span class='ocrx_word' id='word_1_104' title='bbox 382 783 442 809; x_wconf 81' lang='lat' dir='ltr'><strong>Alia</strong></span> <span class='ocrx_word' id='word_1_105' title='bbox 459 784 548 810; x_wconf 83' lang='lat' dir='ltr'><strong>modo.</strong></span> <span class='ocrx_word' id='word_1_106' title='bbox 567 783 676 819; x_wconf 87' lang='lat' dir='ltr'><strong>Corpus</strong></span> <span class='ocrx_word' id='word_1_107' title='bbox 688 788 804 810; x_wconf 85' lang='lat' dir='ltr'><strong>vocatur</strong></span> <span class='ocrx_word' id='word_1_108' title='bbox 820 783 949 816; x_wconf 84' lang='lat' dir='ltr'><strong>spiritua-</strong></span> 
     </span>
    </p>
   </div>
   <div class='ocr_carea' id='block_1_16' title="bbox 162 827 950 865">
    <p class='ocr_par' dir='ltr' id='par_1_16' title="bbox 162 827 950 865">
     <span class='ocr_line' id='line_1_16' title="bbox 162 827 950 865; baseline 0.001 -11"><span class='ocrx_word' id='word_1_109' title='bbox 162 827 197 858; x_wconf 69' lang='grc' dir='ltr'>ιο,</span> <span class='ocrx_word' id='word_1_110' title='bbox 214 829 279 862; x_wconf 77' lang='lat' dir='ltr'><strong>quia</strong></span> <span class='ocrx_word' id='word_1_111' title='bbox 293 828 424 864; x_wconf 82' lang='lat' dir='ltr'><strong>deinceps</strong></span> <span class='ocrx_word' id='word_1_112' title='bbox 450 830 641 865; x_wconf 87' lang='lat' dir='ltr'><strong>corruptionis</strong></span> <span class='ocrx_word' id='word_1_113' title='bbox 669 829 837 865; x_wconf 88' lang='lat' dir='ltr'><strong>ponderibus</strong></span> <span class='ocrx_word' id='word_1_114' title='bbox 858 828 950 863; x_wconf 86' lang='lat' dir='ltr'><strong>subje-</strong></span> 
     </span>
    </p>
   </div>
   <div class='ocr_carea' id='block_1_17' title="bbox 163 875 950 911">
    <p class='ocr_par' dir='ltr' id='par_1_17' title="bbox 163 875 950 911">
     <span class='ocr_line' id='line_1_17' title="bbox 163 875 950 911; baseline 0.003 -11"><span class='ocrx_word' id='word_1_115' title='bbox 163 878 239 900; x_wconf 75' lang='lat' dir='ltr'><strong>ctum</strong></span> <span class='ocrx_word' id='word_1_116' title='bbox 266 881 320 901; x_wconf 89' lang='lat' dir='ltr'><strong>non</strong></span> <span class='ocrx_word' id='word_1_117' title='bbox 349 875 482 907; x_wconf 83' lang='lat' dir='ltr'><strong>erit._sed</strong></span> <span class='ocrx_word' id='word_1_118' title='bbox 503 877 710 911; x_wconf 88' lang='lat' dir='ltr'><strong>incorruptione</strong></span> <span class='ocrx_word' id='word_1_119' title='bbox 729 875 809 911; x_wconf 81' lang='lat'><strong>575</strong></span> <span class='ocrx_word' id='word_1_120' title='bbox 821 880 849 903; x_wconf 90' lang='lat' dir='ltr'><strong>et</strong></span> <span class='ocrx_word' id='word_1_121' title='bbox 863 875 950 910; x_wconf 77' lang='lat' dir='ltr'><strong>gloria</strong></span> 
     </span>
    </p>
   </div>
   <div class='ocr_carea' id='block_1_18' title="bbox 162 921 955 956">
    <p class='ocr_par' dir='ltr' id='par_1_18' title="bbox 162 921 955 956">
     <span class='ocr_line' id='line_1_18' title="bbox 162 921 955 956; baseline 0.004 -11"><span class='ocrx_word' id='word_1_122' title='bbox 162 924 301 947; x_wconf 84' lang='lat' dir='ltr'><strong>ornatum.</strong></span> <span class='ocrx_word' id='word_1_123' title='bbox 318 921 417 949; x_wconf 83' lang='lat' dir='ltr'><strong>Eadem</strong></span> <span class='ocrx_word' id='word_1_124' title='bbox 431 929 496 956; x_wconf 79' lang='lat' dir='ltr'><strong>ergo</strong></span> <span class='ocrx_word' id='word_1_125' title='bbox 507 930 570 949; x_wconf 86' lang='lat' dir='ltr'><strong>caro</strong></span> <span class='ocrx_word' id='word_1_126' title='bbox 586 930 649 949; x_wconf 88' lang='lat' dir='ltr'><strong>cttm</strong></span> <span class='ocrx_word' id='word_1_127' title='bbox 660 922 754 950; x_wconf 83' lang='lat' dir='ltr'><strong>eadem</strong></span> <span class='ocrx_word' id='word_1_128' title='bbox 762 922 846 956; x_wconf 78' lang='lat' dir='ltr'><strong>ligura</strong></span> <span class='ocrx_word' id='word_1_129' title='bbox 862 929 955 949; x_wconf 92' lang='lat' dir='ltr'><strong>resur-</strong></span> 
     </span>
    </p>
   </div>
   <div class='ocr_carea' id='block_1_19' title="bbox 163 965 954 1003">
    <p class='ocr_par' dir='ltr' id='par_1_19' title="bbox 163 965 954 1003">
     <span class='ocr_line' id='line_1_19' title="bbox 163 965 954 1003; baseline 0.003 -11"><span class='ocrx_word' id='word_1_130' title='bbox 163 965 212 999; x_wconf 80' lang='lat' dir='ltr'><strong>git,</strong></span> <span class='ocrx_word' id='word_1_131' title='bbox 223 974 332 993; x_wconf 89' lang='lat' dir='ltr'><strong>sensum</strong></span> <span class='ocrx_word' id='word_1_132' title='bbox 346 975 444 1001; x_wconf 82' lang='lat' dir='ltr'><strong>gerens</strong></span> <span class='ocrx_word' id='word_1_133' title='bbox 460 976 515 995; x_wconf 89' lang='lat' dir='ltr'><strong>non</strong></span> <span class='ocrx_word' id='word_1_134' title='bbox 523 969 642 1003; x_wconf 84' lang='lat' dir='ltr'><strong>amplius</strong></span> <span class='ocrx_word' id='word_1_135' title='bbox 657 968 814 1002; x_wconf 81' lang='lat' dir='ltr'><strong>subjectum</strong></span> <span class='ocrx_word' id='word_1_136' title='bbox 830 967 954 994; x_wconf 83' lang='lat' dir='ltr'><strong>aﬂ&#39;eclio—</strong></span> 
     </span>
    </p>
   </div>
   <div class='ocr_carea' id='block_1_20' title="bbox 161 1011 951 1049">
    <p class='ocr_par' dir='ltr' id='par_1_20' title="bbox 161 1011 951 1049">
     <span class='ocr_line' id='line_1_20' title="bbox 161 1011 951 1049; baseline 0.003 -11"><span class='ocrx_word' id='word_1_137' title='bbox 161 1011 310 1045; x_wconf 82' lang='lat' dir='ltr'><strong>nibus,sed</strong></span> <span class='ocrx_word' id='word_1_138' title='bbox 321 1014 435 1048; x_wconf 84' lang='lat' dir='ltr'><strong>spiritus</strong></span> <span class='ocrx_word' id='word_1_139' title='bbox 447 1015 664 1049; x_wconf 83' lang='lat' dir='ltr'><strong>operationibus.</strong></span> <span class='ocrx_word' id='word_1_140' title='bbox 680 1018 708 1041; x_wconf 90' lang='lat' dir='ltr'><strong>ut</strong></span> <span class='ocrx_word' id='word_1_141' title='bbox 724 1021 785 1048; x_wconf 76' lang='lat' dir='ltr'><strong>quae</strong></span> <span class='ocrx_word' id='word_1_142' title='bbox 797 1014 830 1040; x_wconf 87' lang='lat' dir='ltr'><strong>ad</strong></span> <span class='ocrx_word' id='word_1_143' title='bbox 847 1013 951 1047; x_wconf 77' lang='lat' dir='ltr'><strong>glorio-</strong></span> 
     </span>
    </p>
   </div>
   <div class='ocr_carea' id='block_1_21' title="bbox 162 1058 946 1092">
    <p class='ocr_par' dir='ltr' id='par_1_21' title="bbox 162 1058 946 1092">
     <span class='ocr_line' id='line_1_21' title="bbox 162 1058 946 1092; baseline 0.003 -8"><span class='ocrx_word' id='word_1_144' title='bbox 162 1058 262 1086; x_wconf 79' lang='lat' dir='ltr'><strong>siorem</strong></span> <span class='ocrx_word' id='word_1_145' title='bbox 285 1067 317 1087; x_wconf 83' lang='lat' dir='ltr'><strong>ac</strong></span> <span class='ocrx_word' id='word_1_146' title='bbox 342 1059 528 1088; x_wconf 86' lang='lat' dir='ltr'><strong>sublimiorem</strong></span> <span class='ocrx_word' id='word_1_147' title='bbox 549 1060 691 1088; x_wconf 86' lang='lat' dir='ltr'><strong>transierit</strong></span> <span class='ocrx_word' id='word_1_148' title='bbox 708 1059 946 1092; x_wconf 87' lang='lat' dir='ltr'><strong>constitutionem,</strong></span> 
     </span>
    </p>
   </div>
   <div class='ocr_carea' id='block_1_22' title="bbox 161 1105 947 1142">
    <p class='ocr_par' dir='ltr' id='par_1_22' title="bbox 161 1105 947 1142">
     <span class='ocr_line' id='line_1_22' title="bbox 161 1105 947 1142; baseline 0.001 -11"><span class='ocrx_word' id='word_1_149' title='bbox 161 1109 192 1132; x_wconf 90' lang='lat' dir='ltr'><strong>ut</strong></span> <span class='ocrx_word' id='word_1_150' title='bbox 220 1105 322 1133; x_wconf 89' lang='lat' dir='ltr'><strong>dictum</strong></span> <span class='ocrx_word' id='word_1_151' title='bbox 352 1112 395 1135; x_wconf 87' lang='lat' dir='ltr'><strong>est</strong></span> <span class='ocrx_word' id='word_1_152' title='bbox 418 1116 425 1134; x_wconf 89' lang='lat'><strong>:</strong></span> <span class='ocrx_word' id='word_1_153' title='bbox 446 1113 612 1142; x_wconf 88' lang='lat' dir='ltr'><strong>consumpta</strong></span> <span class='ocrx_word' id='word_1_154' title='bbox 642 1107 690 1135; x_wconf 89' lang='lat' dir='ltr'><strong>vili</strong></span> <span class='ocrx_word' id='word_1_155' title='bbox 719 1107 899 1142; x_wconf 84' lang='lat' dir='ltr'><strong>corruptione</strong></span> <span class='ocrx_word' id='word_1_156' title='bbox 932 1113 947 1132; x_wconf 91' lang='lat' dir='ltr'><strong>a</strong></span> 
     </span>
    </p>
   </div>
   <div class='ocr_carea' id='block_1_23' title="bbox 161 1151 949 1189">
    <p class='ocr_par' dir='ltr' id='par_1_23' title="bbox 161 1151 949 1189">
     <span class='ocr_line' id='line_1_23' title="bbox 161 1151 949 1189; baseline 0 -11"><span class='ocrx_word' id='word_1_157' title='bbox 161 1151 307 1186; x_wconf 70' lang='lat' dir='ltr'><strong>splendore</strong></span> <span class='ocrx_word' id='word_1_158' title='bbox 320 1154 549 1189; x_wconf 89' lang='lat' dir='ltr'><strong>iucorruptionis.</strong></span> <span class='ocrx_word' id='word_1_159' title='bbox 569 1153 731 1182; x_wconf 72' lang='lat' dir='ltr'><strong>«Extremus</strong></span> <span class='ocrx_word' id='word_1_160' title='bbox 746 1153 833 1180; x_wconf 81' lang='lat' dir='ltr'><strong>Adam</strong></span> <span class='ocrx_word' id='word_1_161' title='bbox 851 1153 877 1179; x_wconf 92' lang='lat' dir='ltr'><strong>in</strong></span> <span class='ocrx_word' id='word_1_162' title='bbox 893 1151 949 1186; x_wconf 91' lang='lat' dir='ltr'><strong>spi-</strong></span> 
     </span>
    </p>
   </div>
   <div class='ocr_carea' id='block_1_24' title="bbox 160 1197 948 1236">
    <p class='ocr_par' dir='ltr' id='par_1_24' title="bbox 160 1197 948 1236">
     <span class='ocr_line' id='line_1_24' title="bbox 160 1197 948 1236; baseline -0.001 -11"><span class='ocrx_word' id='word_1_163' title='bbox 160 1199 244 1226; x_wconf 87' lang='lat' dir='ltr'><strong>ritum</strong></span> <span class='ocrx_word' id='word_1_164' title='bbox 273 1199 469 1228; x_wconf 78' lang='lat' dir='ltr'><strong>vivificantem.</strong></span> <span class='ocrx_word' id='word_1_165' title='bbox 490 1211 499 1227; x_wconf 74' lang='grc' dir='ltr'><strong>ι</strong></span> <span class='ocrx_word' id='word_1_166' title='bbox 519 1200 576 1228; x_wconf 87' lang='lat' dir='ltr'><strong>lloc</strong></span> <span class='ocrx_word' id='word_1_167' title='bbox 596 1201 728 1236; x_wconf 82' lang='lat' dir='ltr'><strong>scriptum</strong></span> <span class='ocrx_word' id='word_1_168' title='bbox 759 1207 814 1226; x_wconf 90' lang='lat' dir='ltr'><strong>non</strong></span> <span class='ocrx_word' id='word_1_169' title='bbox 837 1197 948 1233; x_wconf 76' lang='lat' dir='ltr'><strong>est,(sed</strong></span> 
     </span>
    </p>
   </div>
   <div class='ocr_carea' id='block_1_25' title="bbox 160 1244 947 1281">
    <p class='ocr_par' dir='ltr' id='par_1_25' title="bbox 160 1244 947 1281">
     <span class='ocr_line' id='line_1_25' title="bbox 160 1244 947 1281; baseline 0.001 -11"><span class='ocrx_word' id='word_1_170' title='bbox 160 1244 232 1279; x_wconf 89' lang='lat' dir='ltr'><strong>quod</strong></span> <span class='ocrx_word' id='word_1_171' title='bbox 261 1247 442 1281; x_wconf 81' lang='lat' dir='ltr'><strong>consequitur</strong></span> <span class='ocrx_word' id='word_1_172' title='bbox 462 1246 529 1274; x_wconf 86' lang='lat' dir='ltr'><strong>dicit</strong></span> <span class='ocrx_word' id='word_1_173' title='bbox 554 1251 683 1281; x_wconf 83' lang='lat' dir='ltr'><strong>tanquam</strong></span> <span class='ocrx_word' id='word_1_174' title='bbox 708 1246 839 1279; x_wconf 83' lang='lat' dir='ltr'><strong>scriptum</strong></span> <span class='ocrx_word' id='word_1_175' title='bbox 863 1249 947 1272; x_wconf 84' lang='lat' dir='ltr'><strong>esset.</strong></span> 
     </span>
    </p>
   </div>
   <div class='ocr_carea' id='block_1_26' title="bbox 163 1290 948 1328">
    <p class='ocr_par' dir='ltr' id='par_1_26' title="bbox 163 1290 948 1328">
     <span class='ocr_line' id='line_1_26' title="bbox 163 1290 948 1328; baseline 0 -11"><span class='ocrx_word' id='word_1_176' title='bbox 163 1299 173 1316; x_wconf 78' lang='grc' dir='ltr'><strong>ι</strong></span> <span class='ocrx_word' id='word_1_177' title='bbox 192 1291 226 1318; x_wconf 82' lang='lat' dir='ltr'><strong>At</strong></span> <span class='ocrx_word' id='word_1_178' title='bbox 239 1299 293 1318; x_wconf 90' lang='lat' dir='ltr'><strong>non</strong></span> <span class='ocrx_word' id='word_1_179' title='bbox 312 1293 430 1327; x_wconf 93' lang='lat' dir='ltr'><strong>primum</strong></span> <span class='ocrx_word' id='word_1_180' title='bbox 446 1293 519 1328; x_wconf 88' lang='lat' dir='ltr'><strong>quod</strong></span> <span class='ocrx_word' id='word_1_181' title='bbox 536 1293 692 1327; x_wconf 85' lang='lat' dir='ltr'><strong>spirituale.</strong></span> <span class='ocrx_word' id='word_1_182' title='bbox 713 1301 722 1318; x_wconf 67' lang='grc' dir='ltr'><strong>ν</strong></span> <span class='ocrx_word' id='word_1_183' title='bbox 738 1291 791 1319; x_wconf 86' lang='lat' dir='ltr'><strong>Sed</strong></span> <span class='ocrx_word' id='word_1_184' title='bbox 802 1298 855 1318; x_wconf 92' lang='lat' dir='ltr'><strong>non</strong></span> <span class='ocrx_word' id='word_1_185' title='bbox 871 1290 948 1324; x_wconf 86' lang='lat' dir='ltr'><strong>prius</strong></span> 
     </span>
    </p>
   </div>
   <div class='ocr_carea' id='block_1_27' title="bbox 160 1336 948 1373">
    <p class='ocr_par' dir='ltr' id='par_1_27' title="bbox 160 1336 948 1373">
     <span class='ocr_line' id='line_1_27' title="bbox 160 1336 948 1373; baseline -0.001 -10"><span class='ocrx_word' id='word_1_186' title='bbox 160 1336 263 1364; x_wconf 79' lang='lat' dir='ltr'><strong>factum</strong></span> <span class='ocrx_word' id='word_1_187' title='bbox 275 1341 317 1366; x_wconf 84' lang='lat' dir='ltr'><strong>est</strong></span> <span class='ocrx_word' id='word_1_188' title='bbox 330 1338 486 1373; x_wconf 83' lang='lat' dir='ltr'><strong>spirituale.</strong></span> <span class='ocrx_word' id='word_1_189' title='bbox 503 1339 550 1366; x_wconf 89' lang='lat' dir='ltr'><strong>sed</strong></span> <span class='ocrx_word' id='word_1_190' title='bbox 571 1338 700 1365; x_wconf 82' lang='lat' dir='ltr'><strong>animale.</strong></span> <span class='ocrx_word' id='word_1_191' title='bbox 721 1337 790 1364; x_wconf 85' lang='lat' dir='ltr'><strong>Nam</strong></span> <span class='ocrx_word' id='word_1_192' title='bbox 808 1344 891 1364; x_wconf 86' lang='lat' dir='ltr'><strong>casus</strong></span> <span class='ocrx_word' id='word_1_193' title='bbox 915 1342 948 1362; x_wconf 86' lang='lat' dir='ltr'><strong>ac</strong></span> 
     </span>
    </p>
   </div>
   <div class='ocr_carea' id='block_1_28' title="bbox 967 862 988 889">
    <p class='ocr_par' dir='ltr' id='par_1_28' title="bbox 967 862 988 889">
     <span class='ocr_line' id='line_1_28' title="bbox 967 862 988 889; baseline 0 0"><span class='ocrx_word' id='word_1_194' title='bbox 967 862 988 889; x_wconf 85' lang='grc' dir='ltr'><strong><em>Β</em></strong></span> 
     </span>
    </p>
   </div>
   <div class='ocr_carea' id='block_1_29' title="bbox 693 130 1240 162">
    <p class='ocr_par' dir='ltr' id='par_1_29' title="bbox 693 130 1240 162">
     <span class='ocr_line' id='line_1_29' title="bbox 693 130 1240 162; baseline 0.004 -2"><span class='ocrx_word' id='word_1_195' title='bbox 693 130 891 161; x_wconf 69' lang='lat' dir='ltr'><strong>CECUIvIENII</strong></span> <span class='ocrx_word' id='word_1_196' title='bbox 906 130 1052 161; x_wconf 62' lang='lat' dir='ltr'><strong>TRICCzE</strong></span> <span class='ocrx_word' id='word_1_197' title='bbox 1067 131 1240 162; x_wconf 66' lang='lat' dir='ltr'><strong>EPISCOPE</strong></span> 
     </span>
    </p>
   </div>
   <div class='ocr_carea' id='block_1_30' title="bbox 1001 180 1801 220">
    <p class='ocr_par' dir='ltr' id='par_1_30' title="bbox 1001 180 1801 220">
     <span class='ocr_line' id='line_1_30' title="bbox 1001 180 1801 220; baseline 0.001 -10"><span class='ocrx_word' id='word_1_198' title='bbox 1001 183 1082 215; x_wconf 78' lang='grc' dir='ltr'>αὐτὸς</span> <span class='ocrx_word' id='word_1_199' title='bbox 1098 180 1159 211; x_wconf 76' lang='grc' dir='ltr'>εἶπε</span> <span class='ocrx_word' id='word_1_200' title='bbox 1186 183 1327 216; x_wconf 74' lang='grc' dir='ltr'>ζωοποιόν.</span> <span class='ocrx_word' id='word_1_201' title='bbox 1345 198 1380 203; x_wconf 91' lang='lat'><strong><em>—</em></strong></span> <span class='ocrx_word' id='word_1_202' title='bbox 1393 182 1545 220; x_wconf 54' lang='lat' dir='ltr'><strong>[MEOOAJ</strong></span> <span class='ocrx_word' id='word_1_203' title='bbox 1567 184 1652 219; x_wconf 80' lang='grc' dir='ltr'>Σῶμα</span> <span class='ocrx_word' id='word_1_204' title='bbox 1681 183 1801 218; x_wconf 67' lang='grc' dir='ltr'>λέγεται</span> 
     </span>
    </p>
   </div>
   <div class='ocr_carea' id='block_1_31' title="bbox 1003 230 1800 266">
    <p class='ocr_par' dir='ltr' id='par_1_31' title="bbox 1003 230 1800 266">
     <span class='ocr_line' id='line_1_31' title="bbox 1003 230 1800 266; baseline 0 -9"><span class='ocrx_word' id='word_1_205' title='bbox 1003 231 1197 266; x_wconf 77' lang='grc' dir='ltr'>πνευματικὸν,</span> <span class='ocrx_word' id='word_1_206' title='bbox 1213 231 1243 257; x_wconf 77' lang='grc' dir='ltr'>οὺ</span> <span class='ocrx_word' id='word_1_207' title='bbox 1259 231 1288 256; x_wconf 82' lang='grc' dir='ltr'><strong>τὺ</strong></span> <span class='ocrx_word' id='word_1_208' title='bbox 1298 230 1469 266; x_wconf 80' lang='grc' dir='ltr'>λεπτομερὲς</span> <span class='ocrx_word' id='word_1_209' title='bbox 1490 231 1537 257; x_wconf 78' lang='grc' dir='ltr'>καὶ</span> <span class='ocrx_word' id='word_1_210' title='bbox 1555 231 1684 266; x_wconf 81' lang='grc' dir='ltr'>ἀερῶδες,</span> <span class='ocrx_word' id='word_1_211' title='bbox 1699 230 1800 263; x_wconf 77' lang='grc' dir='ltr'>καθὼς</span> 
     </span>
    </p>
   </div>
   <div class='ocr_carea' id='block_1_32' title="bbox 1001 276 1799 312">
    <p class='ocr_par' dir='ltr' id='par_1_32' title="bbox 1001 276 1799 312">
     <span class='ocr_line' id='line_1_32' title="bbox 1001 276 1799 312; baseline 0.003 -10"><span class='ocrx_word' id='word_1_212' title='bbox 1001 276 1111 310; x_wconf 76' lang='grc' dir='ltr'>λέγουσί</span> <span class='ocrx_word' id='word_1_213' title='bbox 1122 285 1204 308; x_wconf 81' lang='grc' dir='ltr'>τινες,</span> <span class='ocrx_word' id='word_1_214' title='bbox 1217 277 1259 303; x_wconf 83' lang='grc' dir='ltr'>ὅτι</span> <span class='ocrx_word' id='word_1_215' title='bbox 1269 276 1391 303; x_wconf 73' lang='grc' dir='ltr'>τοιοῦτον</span> <span class='ocrx_word' id='word_1_216' title='bbox 1405 277 1432 303; x_wconf 70' lang='grc' dir='ltr'>αἱ</span> <span class='ocrx_word' id='word_1_217' title='bbox 1456 276 1541 311; x_wconf 67' lang='grc' dir='ltr'>ψυχαῒ</span> <span class='ocrx_word' id='word_1_218' title='bbox 1557 279 1586 303; x_wconf 72' lang='grc' dir='ltr'>ἐν</span> <span class='ocrx_word' id='word_1_219' title='bbox 1597 279 1631 312; x_wconf 79' lang='grc' dir='ltr'>τῇ</span> <span class='ocrx_word' id='word_1_220' title='bbox 1644 278 1799 304; x_wconf 68' lang='grc' dir='ltr'>ἀναστάσει</span> 
     </span>
    </p>
   </div>
   <div class='ocr_carea' id='block_1_33' title="bbox 1001 319 1800 358">
    <p class='ocr_par' dir='ltr' id='par_1_33' title="bbox 1001 319 1800 358">
     <span class='ocr_line' id='line_1_33' title="bbox 1001 319 1800 358; baseline 0 -9"><span class='ocrx_word' id='word_1_221' title='bbox 1001 323 1133 358; x_wconf 67' lang='grc' dir='ltr'>λήψονται</span> <span class='ocrx_word' id='word_1_222' title='bbox 1160 323 1249 357; x_wconf 82' lang='grc' dir='ltr'>σῶμα,</span> <span class='ocrx_word' id='word_1_223' title='bbox 1266 319 1303 349; x_wconf 80' lang='grc' dir='ltr'>ὧν</span> <span class='ocrx_word' id='word_1_224' title='bbox 1319 320 1447 354; x_wconf 77' lang='grc' dir='ltr'>ὲστινεῖς</span> <span class='ocrx_word' id='word_1_225' title='bbox 1471 322 1519 349; x_wconf 79' lang='grc' dir='ltr'>καὶ</span> <span class='ocrx_word' id='word_1_226' title='bbox 1540 323 1694 358; x_wconf 77' lang='grc' dir='ltr'>Ὤριγένης,</span> <span class='ocrx_word' id='word_1_227' title='bbox 1723 323 1800 349; x_wconf 77' lang='grc' dir='ltr'>ἀλλὰ</span> 
     </span>
    </p>
   </div>
   <div class='ocr_carea' id='block_1_34' title="bbox 1001 367 1799 404">
    <p class='ocr_par' dir='ltr' id='par_1_34' title="bbox 1001 367 1799 404">
     <span class='ocr_line' id='line_1_34' title="bbox 1001 367 1799 404; baseline 0.001 -11"><span class='ocrx_word' id='word_1_228' title='bbox 1001 369 1190 404; x_wconf 69' lang='grc' dir='ltr'>πνευματικὸν</span> <span class='ocrx_word' id='word_1_229' title='bbox 1207 369 1318 402; x_wconf 79' lang='grc' dir='ltr'>λέγεται</span> <span class='ocrx_word' id='word_1_230' title='bbox 1338 369 1368 394; x_wconf 82' lang='grc' dir='ltr'>τὸ</span> <span class='ocrx_word' id='word_1_231' title='bbox 1394 368 1501 403; x_wconf 67' lang='grc' dir='ltr'>χωροῦν</span> <span class='ocrx_word' id='word_1_232' title='bbox 1514 369 1608 394; x_wconf 81' lang='grc' dir='ltr'>πᾶσαν</span> <span class='ocrx_word' id='word_1_233' title='bbox 1638 367 1686 394; x_wconf 83' lang='grc' dir='ltr'><strong>τοῦ</strong></span> <span class='ocrx_word' id='word_1_234' title='bbox 1714 368 1799 400; x_wconf 70' lang='grc' dir='ltr'>ἁγίου</span> 
     </span>
    </p>
   </div>
   <div class='ocr_carea' id='block_1_35' title="bbox 1001 412 1799 449">
    <p class='ocr_par' dir='ltr' id='par_1_35' title="bbox 1001 412 1799 449">
     <span class='ocr_line' id='line_1_35' title="bbox 1001 412 1799 449; baseline -0.001 -9"><span class='ocrx_word' id='word_1_235' title='bbox 1001 414 1160 449; x_wconf 78' lang='grc' dir='ltr'>Πνεύματος</span> <span class='ocrx_word' id='word_1_236' title='bbox 1184 415 1234 448; x_wconf 80' lang='grc' dir='ltr'>τὴν</span> <span class='ocrx_word' id='word_1_237' title='bbox 1264 414 1408 449; x_wconf 74' lang='grc' dir='ltr'><strong>ἐνέργειαν</strong></span> <span class='ocrx_word' id='word_1_238' title='bbox 1430 413 1476 440; x_wconf 70' lang='grc' dir='ltr'>καὶ</span> <span class='ocrx_word' id='word_1_239' title='bbox 1501 414 1660 445; x_wconf 79' lang='grc' dir='ltr'><strong>κοινωνίαν,</strong></span> <span class='ocrx_word' id='word_1_240' title='bbox 1696 412 1799 448; x_wconf 79' lang='grc' dir='ltr'>ὥσπερ</span> 
     </span>
    </p>
   </div>
   <div class='ocr_carea' id='block_1_36' title="bbox 1001 459 1799 495">
    <p class='ocr_par' dir='ltr' id='par_1_36' title="bbox 1001 459 1799 495">
     <span class='ocr_line' id='line_1_36' title="bbox 1001 459 1799 495; baseline -0.001 -9"><span class='ocrx_word' id='word_1_241' title='bbox 1001 461 1110 495; x_wconf 70' lang='grc' dir='ltr'>οἰνηρὸν</span> <span class='ocrx_word' id='word_1_242' title='bbox 1136 460 1183 487; x_wconf 73' lang='lat' dir='ltr'><strong>xui.</strong></span> <span class='ocrx_word' id='word_1_243' title='bbox 1209 460 1337 495; x_wconf 80' lang='grc' dir='ltr'>ὲλαιηρὸν</span> <span class='ocrx_word' id='word_1_244' title='bbox 1365 459 1464 491; x_wconf 78' lang='grc' dir='ltr'>σκεῦος</span> <span class='ocrx_word' id='word_1_245' title='bbox 1488 459 1613 486; x_wconf 80' lang='grc' dir='ltr'>καλεῖται</span> <span class='ocrx_word' id='word_1_246' title='bbox 1637 459 1667 485; x_wconf 76' lang='grc' dir='ltr'>τὸ</span> <span class='ocrx_word' id='word_1_247' title='bbox 1686 459 1799 485; x_wconf 79' lang='grc' dir='ltr'>τούτων</span> 
     </span>
    </p>
   </div>
   <div class='ocr_carea' id='block_1_37' title="bbox 1003 505 1800 542">
    <p class='ocr_par' dir='ltr' id='par_1_37' title="bbox 1003 505 1800 542">
     <span class='ocr_line' id='line_1_37' title="bbox 1003 505 1800 542; baseline -0.001 -10"><span class='ocrx_word' id='word_1_248' title='bbox 1003 506 1166 542; x_wconf 76' lang='grc' dir='ltr'><strong>χωρητικὸν.</strong></span> <span class='ocrx_word' id='word_1_249' title='bbox 1186 506 1341 540; x_wconf 70' lang='grc' dir='ltr'>Ἀναλόγως</span> <span class='ocrx_word' id='word_1_250' title='bbox 1356 505 1403 532; x_wconf 82' lang='grc' dir='ltr'><strong>οὗν</strong></span> <span class='ocrx_word' id='word_1_251' title='bbox 1415 505 1461 532; x_wconf 72' lang='grc' dir='ltr'>καὶ</span> <span class='ocrx_word' id='word_1_252' title='bbox 1475 505 1593 540; x_wconf 74' lang='grc' dir='ltr'>ψυχικὸν</span> <span class='ocrx_word' id='word_1_253' title='bbox 1603 505 1732 534; x_wconf 76' lang='grc' dir='ltr'>ἐκάλεσε.</span> <span class='ocrx_word' id='word_1_254' title='bbox 1766 505 1800 531; x_wconf 68' lang='grc' dir='ltr'>τὸ</span> 
     </span>
    </p>
   </div>
   <div class='ocr_carea' id='block_1_38' title="bbox 1001 553 1800 590">
    <p class='ocr_par' dir='ltr' id='par_1_38' title="bbox 1001 553 1800 590">
     <span class='ocr_line' id='line_1_38' title="bbox 1001 553 1800 590; baseline -0.001 -9"><span class='ocrx_word' id='word_1_255' title='bbox 1001 555 1033 590; x_wconf 85' lang='grc' dir='ltr'>τῇ</span> <span class='ocrx_word' id='word_1_256' title='bbox 1051 555 1124 590; x_wconf 68' lang='grc' dir='ltr'>ψυχῇ</span> <span class='ocrx_word' id='word_1_257' title='bbox 1153 554 1200 581; x_wconf 77' lang='grc' dir='ltr'>καὶ</span> <span class='ocrx_word' id='word_1_258' title='bbox 1223 554 1252 580; x_wconf 87' lang='grc' dir='ltr'>οὺ</span> <span class='ocrx_word' id='word_1_259' title='bbox 1287 554 1426 589; x_wconf 72' lang='grc' dir='ltr'>Πνεῦματι</span> <span class='ocrx_word' id='word_1_260' title='bbox 1447 553 1518 589; x_wconf 84' lang='grc' dir='ltr'>ἁγίῳ</span> <span class='ocrx_word' id='word_1_261' title='bbox 1537 553 1736 588; x_wconf 76' lang='grc' dir='ltr'>διοικούμενον.</span> <span class='ocrx_word' id='word_1_262' title='bbox 1761 568 1800 572; x_wconf 92' lang='lat'><em>—</em></span> 
     </span>
    </p>
   </div>
   <div class='ocr_carea' id='block_1_39' title="bbox 1003 598 1801 634">
    <p class='ocr_par' dir='ltr' id='par_1_39' title="bbox 1003 598 1801 634">
     <span class='ocr_line' id='line_1_39' title="bbox 1003 598 1801 634; baseline -0.005 -7"><span class='ocrx_word' id='word_1_263' title='bbox 1003 601 1132 634; x_wconf 68' lang='grc' dir='ltr'>Ἄλλως.</span> <span class='ocrx_word' id='word_1_264' title='bbox 1151 600 1339 632; x_wconf 81' lang='grc' dir='ltr'>Πνευματικὺν</span> <span class='ocrx_word' id='word_1_265' title='bbox 1352 600 1430 626; x_wconf 78' lang='grc' dir='ltr'>καλεῖ</span> <span class='ocrx_word' id='word_1_266' title='bbox 1447 599 1538 634; x_wconf 83' lang='grc' dir='ltr'>σῶμα,</span> <span class='ocrx_word' id='word_1_267' title='bbox 1562 598 1593 625; x_wconf 80' lang='grc' dir='ltr'><strong>τὺ</strong></span> <span class='ocrx_word' id='word_1_268' title='bbox 1616 598 1718 633; x_wconf 83' lang='grc' dir='ltr'>μηκέτι</span> <span class='ocrx_word' id='word_1_269' title='bbox 1736 599 1801 629; x_wconf 77' lang='grc' dir='ltr'>τοῖς</span> 
     </span>
    </p>
   </div>
   <div class='ocr_carea' id='block_1_40' title="bbox 1003 645 1800 682">
    <p class='ocr_par' dir='ltr' id='par_1_40' title="bbox 1003 645 1800 682">
     <span class='ocr_line' id='line_1_40' title="bbox 1003 645 1800 682; baseline -0.004 -9"><span class='ocrx_word' id='word_1_270' title='bbox 1003 647 1071 682; x_wconf 77' lang='grc' dir='ltr'>βαρή</span> <span class='ocrx_word' id='word_1_271' title='bbox 1078 655 1142 682; x_wconf 85' lang='grc' dir='ltr'>μασι</span> <span class='ocrx_word' id='word_1_272' title='bbox 1157 647 1207 681; x_wconf 81' lang='grc' dir='ltr'>τῆς</span> <span class='ocrx_word' id='word_1_273' title='bbox 1221 647 1324 682; x_wconf 74' lang='grc' dir='ltr'>φθορᾶς</span> <span class='ocrx_word' id='word_1_274' title='bbox 1339 646 1503 677; x_wconf 75' lang='grc' dir='ltr'>ὕποπίπτον,</span> <span class='ocrx_word' id='word_1_275' title='bbox 1514 645 1582 672; x_wconf 79' lang='grc' dir='ltr'>ἀλλὰ</span> <span class='ocrx_word' id='word_1_276' title='bbox 1599 647 1632 680; x_wconf 83' lang='grc' dir='ltr'>τῇ</span> <span class='ocrx_word' id='word_1_277' title='bbox 1651 645 1800 680; x_wconf 63' lang='grc' dir='ltr'>ἀφθαρσίᾳ</span> 
     </span>
    </p>
   </div>
   <div class='ocr_carea' id='block_1_41' title="bbox 1001 691 1801 729">
    <p class='ocr_par' dir='ltr' id='par_1_41' title="bbox 1001 691 1801 729">
     <span class='ocr_line' id='line_1_41' title="bbox 1001 691 1801 729; baseline -0.003 -9"><span class='ocrx_word' id='word_1_278' title='bbox 1001 693 1050 720; x_wconf 80' lang='grc' dir='ltr'>καὶ</span> <span class='ocrx_word' id='word_1_279' title='bbox 1065 693 1128 729; x_wconf 75' lang='grc' dir='ltr'><strong>δόξῃ</strong></span> <span class='ocrx_word' id='word_1_280' title='bbox 1146 692 1516 728; x_wconf 79' lang='grc' dir='ltr'>περικεκοσμημένον.Σὰρξ</span> <span class='ocrx_word' id='word_1_281' title='bbox 1540 691 1588 718; x_wconf 81' lang='grc' dir='ltr'>οὖν</span> <span class='ocrx_word' id='word_1_282' title='bbox 1611 693 1627 726; x_wconf 84' lang='grc' dir='ltr'>ἡ</span> <span class='ocrx_word' id='word_1_283' title='bbox 1654 692 1726 727; x_wconf 80' lang='grc' dir='ltr'>αὑτὴ</span> <span class='ocrx_word' id='word_1_284' title='bbox 1749 693 1801 718; x_wconf 82' lang='grc' dir='ltr'><strong>ἀν-</strong></span> 
     </span>
    </p>
   </div>
   <div class='ocr_carea' id='block_1_42' title="bbox 1003 738 1799 774">
    <p class='ocr_par' dir='ltr' id='par_1_42' title="bbox 1003 738 1799 774">
     <span class='ocr_line' id='line_1_42' title="bbox 1003 738 1799 774; baseline -0.004 -8"><span class='ocrx_word' id='word_1_285' title='bbox 1003 739 1108 766; x_wconf 87' lang='grc' dir='ltr'>ίσταται</span> <span class='ocrx_word' id='word_1_286' title='bbox 1129 739 1200 774; x_wconf 80' lang='grc' dir='ltr'>μετὰ</span> <span class='ocrx_word' id='word_1_287' title='bbox 1214 739 1261 766; x_wconf 84' lang='grc' dir='ltr'>τοῦ</span> <span class='ocrx_word' id='word_1_288' title='bbox 1280 738 1363 766; x_wconf 80' lang='grc' dir='ltr'>αὐτοῦ</span> <span class='ocrx_word' id='word_1_289' title='bbox 1382 739 1533 774; x_wconf 83' lang='grc' dir='ltr'>σχήματος,</span> <span class='ocrx_word' id='word_1_290' title='bbox 1553 738 1652 773; x_wconf 81' lang='grc' dir='ltr'>μηκέτι</span> <span class='ocrx_word' id='word_1_291' title='bbox 1668 738 1700 764; x_wconf 63' lang='grc' dir='ltr'><strong>τὸ</strong></span> <span class='ocrx_word' id='word_1_292' title='bbox 1727 738 1799 772; x_wconf 74' lang='grc' dir='ltr'>φρό-</span> 
     </span>
    </p>
   </div>
   <div class='ocr_carea' id='block_1_43' title="bbox 1001 783 1800 821">
    <p class='ocr_par' dir='ltr' id='par_1_43' title="bbox 1001 783 1800 821">
     <span class='ocr_line' id='line_1_43' title="bbox 1001 783 1800 821; baseline -0.003 -9"><span class='ocrx_word' id='word_1_293' title='bbox 1001 794 1074 821; x_wconf 87' lang='grc' dir='ltr'>νημα</span> <span class='ocrx_word' id='word_1_294' title='bbox 1092 785 1211 820; x_wconf 81' lang='grc' dir='ltr'>φέρουσα</span> <span class='ocrx_word' id='word_1_295' title='bbox 1224 784 1398 819; x_wconf 75' lang='grc' dir='ltr'>τδέμπαθὲς,</span> <span class='ocrx_word' id='word_1_296' title='bbox 1424 784 1492 811; x_wconf 82' lang='grc' dir='ltr'>ἀλλὰ</span> <span class='ocrx_word' id='word_1_297' title='bbox 1508 784 1538 809; x_wconf 80' lang='grc' dir='ltr'><strong>τὺ</strong></span> <span class='ocrx_word' id='word_1_298' title='bbox 1552 783 1600 810; x_wconf 77' lang='grc' dir='ltr'><strong>τοῦ</strong></span> <span class='ocrx_word' id='word_1_299' title='bbox 1617 784 1800 818; x_wconf 77' lang='grc' dir='ltr'>Πνεῦματος.</span> 
     </span>
    </p>
   </div>
   <div class='ocr_carea' id='block_1_44' title="bbox 1001 830 1799 867">
    <p class='ocr_par' dir='ltr' id='par_1_44' title="bbox 1001 830 1799 867">
     <span class='ocr_line' id='line_1_44' title="bbox 1001 830 1799 867; baseline -0.003 -9"><span class='ocrx_word' id='word_1_300' title='bbox 1001 831 1081 859; x_wconf 67' lang='grc' dir='ltr'>οἱονεὶ</span> <span class='ocrx_word' id='word_1_301' title='bbox 1098 832 1166 867; x_wconf 78' lang='grc' dir='ltr'>πρὸς</span> <span class='ocrx_word' id='word_1_302' title='bbox 1180 831 1353 866; x_wconf 77' lang='grc' dir='ltr'>ἐνδοξοτέραν</span> <span class='ocrx_word' id='word_1_303' title='bbox 1385 830 1592 864; x_wconf 74' lang='grc' dir='ltr'>μεταϐάλλουσα</span> <span class='ocrx_word' id='word_1_304' title='bbox 1611 831 1799 861; x_wconf 78' lang='grc' dir='ltr'>κατάστασιν,</span> 
     </span>
    </p>
   </div>
   <div class='ocr_carea' id='block_1_45' title="bbox 1004 875 1800 912">
    <p class='ocr_par' dir='ltr' id='par_1_45' title="bbox 1004 875 1800 912">
     <span class='ocr_line' id='line_1_45' title="bbox 1004 875 1800 912; baseline -0.003 -8"><span class='ocrx_word' id='word_1_305' title='bbox 1004 878 1052 905; x_wconf 65' lang='grc' dir='ltr'>καὶ</span> <span class='ocrx_word' id='word_1_306' title='bbox 1065 878 1244 912; x_wconf 73' lang='grc' dir='ltr'><strong>ὑψηλοτέραν,</strong></span> <span class='ocrx_word' id='word_1_307' title='bbox 1262 877 1300 908; x_wconf 85' lang='grc' dir='ltr'>ὡς</span> <span class='ocrx_word' id='word_1_308' title='bbox 1311 877 1430 912; x_wconf 68' lang='grc' dir='ltr'>εἴρηται,</span> <span class='ocrx_word' id='word_1_309' title='bbox 1451 877 1503 909; x_wconf 82' lang='grc' dir='ltr'>τῆς</span> <span class='ocrx_word' id='word_1_310' title='bbox 1515 875 1711 907; x_wconf 78' lang='grc' dir='ltr'><strong>ταπεινώσεως</strong></span> <span class='ocrx_word' id='word_1_311' title='bbox 1745 875 1800 910; x_wconf 84' lang='grc' dir='ltr'>τῆς</span> 
     </span>
    </p>
   </div>
   <div class='ocr_carea' id='block_1_46' title="bbox 1004 920 1800 957">
    <p class='ocr_par' dir='ltr' id='par_1_46' title="bbox 1004 920 1800 957">
     <span class='ocr_line' id='line_1_46' title="bbox 1004 920 1800 957; baseline -0.003 -9"><span class='ocrx_word' id='word_1_312' title='bbox 1004 923 1107 957; x_wconf 80' lang='grc' dir='ltr'>φθορᾶς</span> <span class='ocrx_word' id='word_1_313' title='bbox 1122 922 1174 949; x_wconf 78' lang='grc' dir='ltr'><strong>ὑπὸ</strong></span> <span class='ocrx_word' id='word_1_314' title='bbox 1190 922 1239 956; x_wconf 82' lang='grc' dir='ltr'>τῆς</span> <span class='ocrx_word' id='word_1_315' title='bbox 1267 922 1461 957; x_wconf 76' lang='grc' dir='ltr'>λαμπρότητος</span> <span class='ocrx_word' id='word_1_316' title='bbox 1484 922 1534 956; x_wconf 80' lang='grc' dir='ltr'><strong>τῆς</strong></span> <span class='ocrx_word' id='word_1_317' title='bbox 1559 920 1718 956; x_wconf 71' lang='grc' dir='ltr'>ἀφθαρσίας</span> <span class='ocrx_word' id='word_1_318' title='bbox 1747 921 1800 947; x_wconf 82' lang='grc' dir='ltr'><strong>ἀν-</strong></span> 
     </span>
    </p>
   </div>
   <div class='ocr_carea' id='block_1_47' title="bbox 1003 966 1802 1002">
    <p class='ocr_par' dir='ltr' id='par_1_47' title="bbox 1003 966 1802 1002">
     <span class='ocr_line' id='line_1_47' title="bbox 1003 966 1802 1002; baseline -0.001 -9"><span class='ocrx_word' id='word_1_319' title='bbox 1003 967 1167 1001; x_wconf 74' lang='grc' dir='ltr'>αλωθείσης,</span> <span class='ocrx_word' id='word_1_320' title='bbox 1193 976 1202 992; x_wconf 85' lang='grc' dir='ltr'><strong>ι</strong></span> <span class='ocrx_word' id='word_1_321' title='bbox 1224 968 1252 994; x_wconf 92' lang='lat'><strong>&#39;0</strong></span> <span class='ocrx_word' id='word_1_322' title='bbox 1281 967 1395 1002; x_wconf 80' lang='grc' dir='ltr'><strong>ἔσχατος</strong></span> <span class='ocrx_word' id='word_1_323' title='bbox 1419 967 1505 1002; x_wconf 77' lang='grc' dir='ltr'>Ἀδὰμ</span> <span class='ocrx_word' id='word_1_324' title='bbox 1531 968 1571 998; x_wconf 69' lang='grc' dir='ltr'><strong>εἰς</strong></span> <span class='ocrx_word' id='word_1_325' title='bbox 1594 966 1706 1001; x_wconf 77' lang='grc' dir='ltr'>πνεῦμα</span> <span class='ocrx_word' id='word_1_326' title='bbox 1729 966 1802 998; x_wconf 72' lang='grc' dir='ltr'>ζωοο</span> 
     </span>
    </p>
   </div>
   <div class='ocr_carea' id='block_1_48' title="bbox 1003 1011 1800 1049">
    <p class='ocr_par' dir='ltr' id='par_1_48' title="bbox 1003 1011 1800 1049">
     <span class='ocr_line' id='line_1_48' title="bbox 1003 1011 1800 1049; baseline -0.001 -10"><span class='ocrx_word' id='word_1_327' title='bbox 1003 1014 1107 1040; x_wconf 82' lang='grc' dir='ltr'>ποιοῦν.</span> <span class='ocrx_word' id='word_1_328' title='bbox 1130 1023 1139 1039; x_wconf 70' lang='grc' dir='ltr'><strong>ι</strong></span> <span class='ocrx_word' id='word_1_329' title='bbox 1163 1013 1248 1040; x_wconf 75' lang='grc' dir='ltr'>Τοῦτο</span> <span class='ocrx_word' id='word_1_330' title='bbox 1275 1014 1305 1040; x_wconf 83' lang='grc' dir='ltr'>οὐ</span> <span class='ocrx_word' id='word_1_331' title='bbox 1327 1014 1497 1049; x_wconf 78' lang='grc' dir='ltr'>γέγραπται,</span> <span class='ocrx_word' id='word_1_332' title='bbox 1520 1013 1588 1040; x_wconf 80' lang='grc' dir='ltr'>ἀλλὰ</span> <span class='ocrx_word' id='word_1_333' title='bbox 1609 1013 1639 1039; x_wconf 80' lang='grc' dir='ltr'><strong>τὺ</strong></span> <span class='ocrx_word' id='word_1_334' title='bbox 1665 1012 1740 1039; x_wconf 78' lang='grc' dir='ltr'>κατᾶ</span> <span class='ocrx_word' id='word_1_335' title='bbox 1767 1011 1800 1038; x_wconf 79' lang='grc' dir='ltr'>τὸ</span> 
     </span>
    </p>
   </div>
   <div class='ocr_carea' id='block_1_49' title="bbox 1003 1057 1800 1094">
    <p class='ocr_par' dir='ltr' id='par_1_49' title="bbox 1003 1057 1800 1094">
     <span class='ocr_line' id='line_1_49' title="bbox 1003 1057 1800 1094; baseline -0.003 -8"><span class='ocrx_word' id='word_1_336' title='bbox 1003 1059 1148 1086; x_wconf 77' lang='grc' dir='ltr'>ἀκόλουθον</span> <span class='ocrx_word' id='word_1_337' title='bbox 1160 1059 1317 1094; x_wconf 81' lang='grc' dir='ltr'>γενόμενον,</span> <span class='ocrx_word' id='word_1_338' title='bbox 1332 1059 1371 1091; x_wconf 83' lang='grc' dir='ltr'>ὡς</span> <span class='ocrx_word' id='word_1_339' title='bbox 1382 1059 1577 1094; x_wconf 78' lang='grc' dir='ltr'>γεγραμμένον</span> <span class='ocrx_word' id='word_1_340' title='bbox 1586 1059 1680 1094; x_wconf 78' lang='grc' dir='ltr'>φησίν.</span> <span class='ocrx_word' id='word_1_341' title='bbox 1692 1068 1702 1084; x_wconf 83' lang='grc' dir='ltr'><strong>ι</strong></span> <span class='ocrx_word' id='word_1_342' title='bbox 1723 1057 1800 1084; x_wconf 78' lang='grc' dir='ltr'>Ἀλλ’</span> 
     </span>
    </p>
   </div>
   <div class='ocr_carea' id='block_1_50' title="bbox 1003 1104 1801 1141">
    <p class='ocr_par' dir='ltr' id='par_1_50' title="bbox 1003 1104 1801 1141">
     <span class='ocr_line' id='line_1_50' title="bbox 1003 1104 1801 1141; baseline -0.003 -9"><span class='ocrx_word' id='word_1_343' title='bbox 1003 1106 1034 1132; x_wconf 84' lang='grc' dir='ltr'>οὐ</span> <span class='ocrx_word' id='word_1_344' title='bbox 1056 1106 1165 1141; x_wconf 82' lang='grc' dir='ltr'>πρῶτον</span> <span class='ocrx_word' id='word_1_345' title='bbox 1186 1105 1217 1131; x_wconf 79' lang='grc' dir='ltr'><strong>τὸ</strong></span> <span class='ocrx_word' id='word_1_346' title='bbox 1245 1105 1441 1140; x_wconf 77' lang='grc' dir='ltr'>πνευματικόν.</span> <span class='ocrx_word' id='word_1_347' title='bbox 1474 1115 1483 1131; x_wconf 77' lang='grc' dir='ltr'><strong>ι</strong></span> <span class='ocrx_word' id='word_1_348' title='bbox 1510 1105 1590 1133; x_wconf 77' lang='grc' dir='ltr'><strong>.“Αλλ“</strong></span> <span class='ocrx_word' id='word_1_349' title='bbox 1616 1105 1645 1130; x_wconf 75' lang='grc' dir='ltr'>οὐ</span> <span class='ocrx_word' id='word_1_350' title='bbox 1684 1104 1801 1138; x_wconf 82' lang='grc' dir='ltr'>πρῶτον</span> 
     </span>
    </p>
   </div>
   <div class='ocr_carea' id='block_1_51' title="bbox 1003 1148 1801 1184">
    <p class='ocr_par' dir='ltr' id='par_1_51' title="bbox 1003 1148 1801 1184">
     <span class='ocr_line' id='line_1_51' title="bbox 1003 1148 1801 1184; baseline -0.003 -7"><span class='ocrx_word' id='word_1_351' title='bbox 1003 1150 1098 1184; x_wconf 83' lang='grc' dir='ltr'>γέγονε</span> <span class='ocrx_word' id='word_1_352' title='bbox 1112 1150 1142 1176; x_wconf 76' lang='grc' dir='ltr'><strong>τὸ</strong></span> <span class='ocrx_word' id='word_1_353' title='bbox 1156 1150 1352 1184; x_wconf 78' lang='grc' dir='ltr'>πνευματικὸν,</span> <span class='ocrx_word' id='word_1_354' title='bbox 1379 1149 1448 1177; x_wconf 76' lang='grc' dir='ltr'>ἀλλὰ</span> <span class='ocrx_word' id='word_1_355' title='bbox 1468 1150 1498 1176; x_wconf 80' lang='grc' dir='ltr'><strong>τὸ</strong></span> <span class='ocrx_word' id='word_1_356' title='bbox 1528 1149 1655 1184; x_wconf 78' lang='grc' dir='ltr'>ψυχικόν.</span> <span class='ocrx_word' id='word_1_357' title='bbox 1676 1148 1710 1175; x_wconf 86' lang='grc' dir='ltr'><strong>Ἦ</strong></span> <span class='ocrx_word' id='word_1_358' title='bbox 1740 1149 1801 1183; x_wconf 72' lang='grc' dir='ltr'><strong>γὰρ</strong></span> 
     </span>
    </p>
   </div>
   <div class='ocr_carea' id='block_1_52' title="bbox 1002 1195 1797 1231">
    <p class='ocr_par' dir='ltr' id='par_1_52' title="bbox 1002 1195 1797 1231">
     <span class='ocr_line' id='line_1_52' title="bbox 1002 1195 1797 1231; baseline -0.004 -9"><span class='ocrx_word' id='word_1_359' title='bbox 1002 1196 1050 1223; x_wconf 80' lang='grc' dir='ltr'><strong>τοῦ</strong></span> <span class='ocrx_word' id='word_1_360' title='bbox 1069 1196 1185 1231; x_wconf 75' lang='grc' dir='ltr'>ψυχικοῦ</span> <span class='ocrx_word' id='word_1_361' title='bbox 1200 1196 1340 1227; x_wconf 76' lang='grc' dir='ltr'>ἔκπτωσις</span> <span class='ocrx_word' id='word_1_362' title='bbox 1355 1196 1403 1222; x_wconf 80' lang='grc' dir='ltr'>καὶ</span> <span class='ocrx_word' id='word_1_363' title='bbox 1417 1195 1586 1231; x_wconf 74' lang='grc' dir='ltr'>παράϐασις,</span> <span class='ocrx_word' id='word_1_364' title='bbox 1601 1195 1651 1229; x_wconf 83' lang='grc' dir='ltr'>τῆς</span> <span class='ocrx_word' id='word_1_365' title='bbox 1664 1203 1696 1220; x_wconf 86' lang='grc' dir='ltr'><strong>τε</strong></span> <span class='ocrx_word' id='word_1_366' title='bbox 1712 1195 1797 1220; x_wconf 83' lang='grc' dir='ltr'>ὲναν-</span> 
     </span>
    </p>
   </div>
   <div class='ocr_carea' id='block_1_53' title="bbox 1003 1240 1800 1277">
    <p class='ocr_par' dir='ltr' id='par_1_53' title="bbox 1003 1240 1800 1277">
     <span class='ocr_line' id='line_1_53' title="bbox 1003 1240 1800 1277; baseline 0 -10"><span class='ocrx_word' id='word_1_367' title='bbox 1003 1243 1171 1277; x_wconf 76' lang='grc' dir='ltr'>ορωπήσεως</span> <span class='ocrx_word' id='word_1_368' title='bbox 1193 1243 1331 1277; x_wconf 75' lang='grc' dir='ltr'>πρόφασις</span> <span class='ocrx_word' id='word_1_369' title='bbox 1358 1242 1477 1276; x_wconf 79' lang='grc' dir='ltr'>γέγονε.</span> <span class='ocrx_word' id='word_1_370' title='bbox 1504 1243 1551 1268; x_wconf 72' lang='grc' dir='ltr'>καὶ</span> <span class='ocrx_word' id='word_1_371' title='bbox 1580 1240 1628 1267; x_wconf 81' lang='grc' dir='ltr'>τοῦ</span> <span class='ocrx_word' id='word_1_372' title='bbox 1657 1240 1800 1276; x_wconf 74' lang='grc' dir='ltr'>ἑνωθῆναιι</span> 
     </span>
    </p>
   </div>
   <div class='ocr_carea' id='block_1_54' title="bbox 1003 1287 1800 1322">
    <p class='ocr_par' dir='ltr' id='par_1_54' title="bbox 1003 1287 1800 1322">
     <span class='ocr_line' id='line_1_54' title="bbox 1003 1287 1800 1322; baseline -0.003 -8"><span class='ocrx_word' id='word_1_373' title='bbox 1003 1288 1108 1322; x_wconf 80' lang='grc' dir='ltr'>σώματι</span> <span class='ocrx_word' id='word_1_374' title='bbox 1130 1288 1176 1315; x_wconf 84' lang='grc' dir='ltr'>τδν</span> <span class='ocrx_word' id='word_1_375' title='bbox 1202 1288 1268 1315; x_wconf 77' lang='grc' dir='ltr'>Θεὸν</span> <span class='ocrx_word' id='word_1_376' title='bbox 1287 1288 1386 1322; x_wconf 81' lang='grc' dir='ltr'>Λόγον,</span> <span class='ocrx_word' id='word_1_377' title='bbox 1411 1287 1440 1314; x_wconf 82' lang='grc' dir='ltr'>ὃν</span> <span class='ocrx_word' id='word_1_378' title='bbox 1463 1287 1510 1314; x_wconf 81' lang='grc' dir='ltr'>καὶ</span> <span class='ocrx_word' id='word_1_379' title='bbox 1535 1287 1610 1321; x_wconf 82' lang='grc' dir='ltr'>λέγει</span> <span class='ocrx_word' id='word_1_380' title='bbox 1638 1295 1800 1322; x_wconf 78' lang='grc' dir='ltr'>πνευματι-</span> 
     </span>
    </p>
   </div>
   <div class='ocr_carea' id='block_1_55' title="bbox 1002 1334 1060 1362">
    <p class='ocr_par' dir='ltr' id='par_1_55' title="bbox 1002 1334 1060 1362">
     <span class='ocr_line' id='line_1_55' title="bbox 1002 1334 1060 1362; baseline 0.017 -1"><span class='ocrx_word' id='word_1_381' title='bbox 1002 1334 1060 1362; x_wconf 81' lang='grc' dir='ltr'>κόν.</span> 
     </span>
    </p>
   </div>
   <div class='ocr_carea' id='block_1_56' title="bbox 159 1379 1798 1419">
    <p class='ocr_par' dir='ltr' id='par_1_56' title="bbox 159 1379 1798 1419">
     <span class='ocr_line' id='line_1_56' title="bbox 159 1379 1798 1419; baseline -0.001 -10"><span class='ocrx_word' id='word_1_382' title='bbox 159 1385 342 1419; x_wconf 79' lang='lat' dir='ltr'><strong>transgressio</strong></span> <span class='ocrx_word' id='word_1_383' title='bbox 363 1385 490 1412; x_wconf 84' lang='lat' dir='ltr'><strong>animalis</strong></span> <span class='ocrx_word' id='word_1_384' title='bbox 514 1384 625 1412; x_wconf 85' lang='lat' dir='ltr'><strong>occasio</strong></span> <span class='ocrx_word' id='word_1_385' title='bbox 650 1383 701 1411; x_wconf 74' lang='lat' dir='ltr'><strong>fuit</strong></span> <span class='ocrx_word' id='word_1_386' title='bbox 726 1381 939 1414; x_wconf 85' lang='lat' dir='ltr'><strong>incarnationis,</strong></span> <span class='ocrx_word' id='word_1_387' title='bbox 971 1383 1059 1415; x_wconf 89' lang='lat' dir='ltr'><strong>utque</strong></span> <span class='ocrx_word' id='word_1_388' title='bbox 1087 1380 1197 1416; x_wconf 84' lang='lat' dir='ltr'><strong>corpori</strong></span> <span class='ocrx_word' id='word_1_389' title='bbox 1226 1381 1353 1409; x_wconf 84' lang='lat' dir='ltr'><strong>uniretur</strong></span> <span class='ocrx_word' id='word_1_390' title='bbox 1383 1379 1456 1408; x_wconf 80' lang='lat' dir='ltr'><strong>Deus</strong></span> <span class='ocrx_word' id='word_1_391' title='bbox 1472 1379 1604 1412; x_wconf 80' lang='lat' dir='ltr'><strong>Verbum,</strong></span> <span class='ocrx_word' id='word_1_392' title='bbox 1619 1380 1693 1416; x_wconf 82' lang='lat' dir='ltr'><strong>quod</strong></span> <span class='ocrx_word' id='word_1_393' title='bbox 1711 1380 1798 1408; x_wconf 78' lang='lat' dir='ltr'><strong>etiam</strong></span> 
     </span>
    </p>
   </div>
   <div class='ocr_carea' id='block_1_57' title="bbox 161 1430 390 1466">
    <p class='ocr_par' dir='ltr' id='par_1_57' title="bbox 161 1430 390 1466">
     <span class='ocr_line' id='line_1_57' title="bbox 161 1430 390 1466; baseline 0.009 -9"><span class='ocrx_word' id='word_1_394' title='bbox 161 1430 234 1457; x_wconf 76' lang='lat' dir='ltr'><strong>dicit</strong></span> <span class='ocrx_word' id='word_1_395' title='bbox 243 1431 390 1466; x_wconf 81' lang='lat' dir='ltr'><strong>spirituale</strong></span> 
     </span>
    </p>
   </div>
   <div class='ocr_carea' id='block_1_58' title="bbox 196 1488 947 1523">
    <p class='ocr_par' dir='ltr' id='par_1_58' title="bbox 196 1488 947 1523">
     <span class='ocr_line' id='line_1_58' title="bbox 196 1488 947 1523; baseline -0.001 -7"><span class='ocrx_word' id='word_1_396' title='bbox 196 1488 255 1523; x_wconf 85' lang='lat' dir='ltr'><strong>XV,</strong></span> <span class='ocrx_word' id='word_1_397' title='bbox 284 1489 380 1517; x_wconf 66' lang='lat'><strong>47-50.</strong></span> <span class='ocrx_word' id='word_1_398' title='bbox 412 1490 522 1518; x_wconf 73' lang='lat' dir='ltr'><strong>Primus</strong></span> <span class='ocrx_word' id='word_1_399' title='bbox 558 1490 636 1517; x_wconf 79' lang='lat' dir='ltr'><strong>homo</strong></span> <span class='ocrx_word' id='word_1_400' title='bbox 660 1489 693 1517; x_wconf 81' lang='lat' dir='ltr'><strong>de</strong></span> <span class='ocrx_word' id='word_1_401' title='bbox 719 1493 791 1517; x_wconf 82' lang='lat' dir='ltr'><strong>terra</strong></span> <span class='ocrx_word' id='word_1_402' title='bbox 817 1493 947 1521; x_wconf 72' lang='lat' dir='ltr'><strong>terrenus;</strong></span> 
     </span>
    </p>
   </div>
   <div class='ocr_carea' id='block_1_59' title="bbox 161 1535 948 1570">
    <p class='ocr_par' dir='ltr' id='par_1_59' title="bbox 161 1535 948 1570">
     <span class='ocr_line' id='line_1_59' title="bbox 161 1535 948 1570; baseline 0 -7"><span class='ocrx_word' id='word_1_403' title='bbox 161 1536 290 1564; x_wconf 70' lang='lat' dir='ltr'><strong>secundus</strong></span> <span class='ocrx_word' id='word_1_404' title='bbox 307 1536 384 1563; x_wconf 84' lang='lat' dir='ltr'><strong>Immo</strong></span> <span class='ocrx_word' id='word_1_405' title='bbox 400 1537 454 1570; x_wconf 74' lang='lat' dir='ltr'><strong>ipse</strong></span> <span class='ocrx_word' id='word_1_406' title='bbox 469 1536 597 1564; x_wconf 68' lang='lat' dir='ltr'><strong>Dominus</strong></span> <span class='ocrx_word' id='word_1_407' title='bbox 612 1535 644 1564; x_wconf 78' lang='lat' dir='ltr'><strong>de</strong></span> <span class='ocrx_word' id='word_1_408' title='bbox 656 1536 732 1564; x_wconf 68' lang='lat' dir='ltr'><strong>calo.</strong></span> <span class='ocrx_word' id='word_1_409' title='bbox 749 1536 846 1569; x_wconf 75' lang='lat' dir='ltr'><strong>Qualia</strong></span> <span class='ocrx_word' id='word_1_410' title='bbox 864 1541 948 1563; x_wconf 82' lang='lat' dir='ltr'><strong>terre-</strong></span> 
     </span>
    </p>
   </div>
   <div class='ocr_carea' id='block_1_60' title="bbox 161 1582 948 1617">
    <p class='ocr_par' dir='ltr' id='par_1_60' title="bbox 161 1582 948 1617">
     <span class='ocr_line' id='line_1_60' title="bbox 161 1582 948 1617; baseline -0.003 -7"><span class='ocrx_word' id='word_1_411' title='bbox 161 1591 219 1616; x_wconf 74' lang='lat' dir='ltr'><strong>nus,</strong></span> <span class='ocrx_word' id='word_1_412' title='bbox 242 1582 307 1610; x_wconf 72' lang='lat' dir='ltr'><strong>tales</strong></span> <span class='ocrx_word' id='word_1_413' title='bbox 329 1587 354 1610; x_wconf 85' lang='lat' dir='ltr'><strong>et</strong></span> <span class='ocrx_word' id='word_1_414' title='bbox 374 1583 470 1610; x_wconf 78' lang='lat' dir='ltr'><strong>terreni</strong></span> <span class='ocrx_word' id='word_1_415' title='bbox 487 1591 495 1610; x_wconf 92' lang='lat'><em>:</em></span> <span class='ocrx_word' id='word_1_416' title='bbox 510 1588 534 1610; x_wconf 76' lang='lat' dir='ltr'><strong>at</strong></span> <span class='ocrx_word' id='word_1_417' title='bbox 558 1583 646 1617; x_wconf 71' lang='lat' dir='ltr'><strong>qualis</strong></span> <span class='ocrx_word' id='word_1_418' title='bbox 669 1583 794 1612; x_wconf 67' lang='lat' dir='ltr'><strong>ualeatis.</strong></span> <span class='ocrx_word' id='word_1_419' title='bbox 824 1583 891 1609; x_wconf 75' lang='lat' dir='ltr'><strong>tales</strong></span> <span class='ocrx_word' id='word_1_420' title='bbox 922 1586 948 1609; x_wconf 86' lang='lat' dir='ltr'><strong>et</strong></span> 
     </span>
    </p>
   </div>
   <div class='ocr_carea' id='block_1_61' title="bbox 161 1628 948 1665">
    <p class='ocr_par' dir='ltr' id='par_1_61' title="bbox 161 1628 948 1665">
     <span class='ocr_line' id='line_1_61' title="bbox 161 1628 948 1665; baseline -0.001 -9"><span class='ocrx_word' id='word_1_421' title='bbox 161 1629 288 1657; x_wconf 67' lang='lat' dir='ltr'><strong>(mlesler.</strong></span> <span class='ocrx_word' id='word_1_422' title='bbox 320 1628 354 1656; x_wconf 80' lang='lat' dir='ltr'><strong>Et</strong></span> <span class='ocrx_word' id='word_1_423' title='bbox 371 1628 592 1664; x_wconf 78' lang='lat' dir='ltr'><strong>quemadmodum</strong></span> <span class='ocrx_word' id='word_1_424' title='bbox 618 1630 777 1665; x_wconf 71' lang='lat' dir='ltr'><strong>gestavimus</strong></span> <span class='ocrx_word' id='word_1_425' title='bbox 804 1629 948 1664; x_wconf 75' lang='lat' dir='ltr'><strong>imaginem</strong></span> 
     </span>
    </p>
   </div>
   <div class='ocr_carea' id='block_1_62' title="bbox 162 1675 948 1711">
    <p class='ocr_par' dir='ltr' id='par_1_62' title="bbox 162 1675 948 1711">
     <span class='ocr_line' id='line_1_62' title="bbox 162 1675 948 1711; baseline -0.001 -9"><span class='ocrx_word' id='word_1_426' title='bbox 162 1676 267 1708; x_wconf 84' lang='lat' dir='ltr'><strong>terreni,</strong></span> <span class='ocrx_word' id='word_1_427' title='bbox 282 1675 443 1711; x_wconf 71' lang='lat' dir='ltr'><strong>gestabimus</strong></span> <span class='ocrx_word' id='word_1_428' title='bbox 459 1681 483 1702; x_wconf 86' lang='lat' dir='ltr'><strong>et</strong></span> <span class='ocrx_word' id='word_1_429' title='bbox 497 1675 638 1710; x_wconf 81' lang='lat' dir='ltr'><strong>imaginem</strong></span> <span class='ocrx_word' id='word_1_430' title='bbox 648 1675 769 1702; x_wconf 73' lang='lat' dir='ltr'><strong>caelestis.</strong></span> <span class='ocrx_word' id='word_1_431' title='bbox 790 1675 847 1702; x_wconf 81' lang='lat' dir='ltr'><strong>Hoc</strong></span> <span class='ocrx_word' id='word_1_432' title='bbox 861 1679 948 1701; x_wconf 80' lang='lat' dir='ltr'><strong>autem</strong></span> 
     </span>
    </p>
   </div>
   <div class='ocr_carea' id='block_1_63' title="bbox 160 1720 949 1756">
    <p class='ocr_par' dir='ltr' id='par_1_63' title="bbox 160 1720 949 1756">
     <span class='ocr_line' id='line_1_63' title="bbox 160 1720 949 1756; baseline 0 -9"><span class='ocrx_word' id='word_1_433' title='bbox 160 1721 231 1752; x_wconf 81' lang='lat' dir='ltr'><strong>dico,</strong></span> <span class='ocrx_word' id='word_1_434' title='bbox 249 1721 358 1754; x_wconf 78' lang='lat' dir='ltr'><strong>fratres,</strong></span> <span class='ocrx_word' id='word_1_435' title='bbox 376 1721 446 1755; x_wconf 84' lang='lat' dir='ltr'><strong>quod</strong></span> <span class='ocrx_word' id='word_1_436' title='bbox 458 1729 520 1748; x_wconf 80' lang='lat' dir='ltr'><strong>caro</strong></span> <span class='ocrx_word' id='word_1_437' title='bbox 535 1725 560 1748; x_wconf 83' lang='lat' dir='ltr'><strong>et</strong></span> <span class='ocrx_word' id='word_1_438' title='bbox 575 1722 685 1755; x_wconf 73' lang='lat' dir='ltr'><strong>sanguis</strong></span> <span class='ocrx_word' id='word_1_439' title='bbox 703 1721 777 1756; x_wconf 81' lang='lat' dir='ltr'><strong>regni</strong></span> <span class='ocrx_word' id='word_1_440' title='bbox 794 1721 842 1748; x_wconf 87' lang='lat' dir='ltr'><strong>Dei</strong></span> <span class='ocrx_word' id='word_1_441' title='bbox 865 1720 949 1748; x_wconf 72' lang='lat' dir='ltr'><strong>luere-</strong></span> 
     </span>
    </p>
   </div>
   <div class='ocr_carea' id='block_1_64' title="bbox 161 1767 948 1802">
    <p class='ocr_par' dir='ltr' id='par_1_64' title="bbox 161 1767 948 1802">
     <span class='ocr_line' id='line_1_64' title="bbox 161 1767 948 1802; baseline 0 -9"><span class='ocrx_word' id='word_1_442' title='bbox 161 1767 272 1793; x_wconf 83' lang='lat' dir='ltr'><strong>ditatem</strong></span> <span class='ocrx_word' id='word_1_443' title='bbox 301 1767 424 1801; x_wconf 83' lang='lat' dir='ltr'><strong>comequi</strong></span> <span class='ocrx_word' id='word_1_444' title='bbox 465 1775 517 1794; x_wconf 85' lang='lat' dir='ltr'><strong>nou</strong></span> <span class='ocrx_word' id='word_1_445' title='bbox 547 1772 669 1802; x_wconf 78' lang='lat' dir='ltr'><strong>possunt,</strong></span> <span class='ocrx_word' id='word_1_446' title='bbox 702 1775 783 1801; x_wconf 70' lang='lat' dir='ltr'><strong>neque</strong></span> <span class='ocrx_word' id='word_1_447' title='bbox 813 1767 948 1800; x_wconf 80' lang='lat' dir='ltr'><strong>corruptio</strong></span> 
     </span>
    </p>
   </div>
   <div class='ocr_carea' id='block_1_65' title="bbox 161 1813 751 1849">
    <p class='ocr_par' dir='ltr' id='par_1_65' title="bbox 161 1813 751 1849">
     <span class='ocr_line' id='line_1_65' title="bbox 161 1813 751 1849; baseline 0.002 -9"><span class='ocrx_word' id='word_1_448' title='bbox 161 1813 423 1849; x_wconf 70' lang='lat' dir='ltr'><strong>incorruptibilitatis</strong></span> <span class='ocrx_word' id='word_1_449' title='bbox 439 1813 622 1841; x_wconf 74' lang='lat' dir='ltr'><strong>ha&#39;reditatem</strong></span> <span class='ocrx_word' id='word_1_450' title='bbox 642 1815 751 1848; x_wconf 79' lang='lat' dir='ltr'><strong>accipit.</strong></span> 
     </span>
    </p>
   </div>
   <div class='ocr_carea' id='block_1_66' title="bbox 198 1880 948 1915">
    <p class='ocr_par' dir='ltr' id='par_1_66' title="bbox 198 1880 948 1915">
     <span class='ocr_line' id='line_1_66' title="bbox 198 1880 948 1915; baseline 0.001 -8"><span class='ocrx_word' id='word_1_451' title='bbox 198 1880 313 1915; x_wconf 78' lang='lat' dir='ltr'><strong>Expleta</strong></span> <span class='ocrx_word' id='word_1_452' title='bbox 324 1881 358 1909; x_wconf 86' lang='lat' dir='ltr'><strong>de</strong></span> <span class='ocrx_word' id='word_1_453' title='bbox 373 1882 580 1910; x_wconf 87' lang='lat' dir='ltr'><strong>resurrectione</strong></span> <span class='ocrx_word' id='word_1_454' title='bbox 593 1889 733 1914; x_wconf 86' lang='lat' dir='ltr'><strong>sermone,</strong></span> <span class='ocrx_word' id='word_1_455' title='bbox 759 1881 792 1908; x_wconf 81' lang='lat' dir='ltr'><strong>ad</strong></span> <span class='ocrx_word' id='word_1_456' title='bbox 818 1881 948 1908; x_wconf 82' lang='lat' dir='ltr'><strong>exhorta-</strong></span> 
     </span>
    </p>
   </div>
   <div class='ocr_carea' id='block_1_67' title="bbox 161 1927 946 1960">
    <p class='ocr_par' dir='ltr' id='par_1_67' title="bbox 161 1927 946 1960">
     <span class='ocr_line' id='line_1_67' title="bbox 161 1927 946 1960; baseline 0 -6"><span class='ocrx_word' id='word_1_457' title='bbox 161 1928 263 1955; x_wconf 88' lang='lat' dir='ltr'><strong>tionem</strong></span> <span class='ocrx_word' id='word_1_458' title='bbox 286 1928 371 1960; x_wconf 83' lang='lat' dir='ltr'><strong>venit,</strong></span> <span class='ocrx_word' id='word_1_459' title='bbox 397 1932 427 1955; x_wconf 88' lang='lat' dir='ltr'><strong>ut</strong></span> <span class='ocrx_word' id='word_1_460' title='bbox 450 1929 575 1956; x_wconf 86' lang='lat' dir='ltr'><strong>studiose</strong></span> <span class='ocrx_word' id='word_1_461' title='bbox 603 1932 816 1959; x_wconf 80' lang='lat' dir='ltr'><strong>conversentur,</strong></span> <span class='ocrx_word' id='word_1_462' title='bbox 843 1931 870 1955; x_wconf 92' lang='lat' dir='ltr'><strong>et</strong></span> <span class='ocrx_word' id='word_1_463' title='bbox 883 1927 946 1954; x_wconf 88' lang='lat' dir='ltr'><strong>ait:</strong></span> 
     </span>
    </p>
   </div>
   <div class='ocr_carea' id='block_1_68' title="bbox 161 1972 946 2006">
    <p class='ocr_par' dir='ltr' id='par_1_68' title="bbox 161 1972 946 2006">
     <span class='ocr_line' id='line_1_68' title="bbox 161 1972 946 2006; baseline -0.003 -6"><span class='ocrx_word' id='word_1_464' title='bbox 161 1973 247 2000; x_wconf 78' lang='lat' dir='ltr'><strong>Adam</strong></span> <span class='ocrx_word' id='word_1_465' title='bbox 262 1980 295 2000; x_wconf 79' lang='lat' dir='ltr'><strong>ex</strong></span> <span class='ocrx_word' id='word_1_466' title='bbox 312 1976 383 2000; x_wconf 82' lang='lat' dir='ltr'><strong>terra</strong></span> <span class='ocrx_word' id='word_1_467' title='bbox 405 1978 475 2006; x_wconf 82' lang='lat' dir='ltr'><strong>erat,</strong></span> <span class='ocrx_word' id='word_1_468' title='bbox 499 1973 561 2001; x_wconf 88' lang='lat' dir='ltr'><strong>ideo</strong></span> <span class='ocrx_word' id='word_1_469' title='bbox 575 1977 602 2001; x_wconf 86' lang='lat' dir='ltr'><strong>et</strong></span> <span class='ocrx_word' id='word_1_470' title='bbox 620 1978 746 2001; x_wconf 89' lang='lat' dir='ltr'><strong>terrenus</strong></span> <span class='ocrx_word' id='word_1_471' title='bbox 757 1977 828 2004; x_wconf 85' lang='lat' dir='ltr'><strong>erat,</strong></span> <span class='ocrx_word' id='word_1_472' title='bbox 846 1972 872 2000; x_wconf 90' lang='lat' dir='ltr'><strong>id</strong></span> <span class='ocrx_word' id='word_1_473' title='bbox 891 1975 946 2005; x_wconf 83' lang='lat' dir='ltr'><strong>est,</strong></span> 
     </span>
    </p>
   </div>
   <div class='ocr_carea' id='block_1_69' title="bbox 161 2017 946 2053">
    <p class='ocr_par' dir='ltr' id='par_1_69' title="bbox 161 2017 946 2053">
     <span class='ocr_line' id='line_1_69' title="bbox 161 2017 946 2053; baseline 0 -9"><span class='ocrx_word' id='word_1_474' title='bbox 161 2018 262 2052; x_wconf 74' lang='lat' dir='ltr'><strong>gravis.</strong></span> <span class='ocrx_word' id='word_1_475' title='bbox 273 2017 420 2046; x_wconf 85' lang='lat' dir='ltr'><strong>Secundus</strong></span> <span class='ocrx_word' id='word_1_476' title='bbox 430 2026 493 2046; x_wconf 80' lang='lat' dir='ltr'><strong>vero</strong></span> <span class='ocrx_word' id='word_1_477' title='bbox 504 2018 590 2046; x_wconf 84' lang='lat' dir='ltr'><strong>Adam</strong></span> <span class='ocrx_word' id='word_1_478' title='bbox 603 2019 660 2053; x_wconf 87' lang='lat' dir='ltr'><strong>ipse</strong></span> <span class='ocrx_word' id='word_1_479' title='bbox 675 2018 806 2045; x_wconf 90' lang='lat' dir='ltr'><strong>Dominus</strong></span> <span class='ocrx_word' id='word_1_480' title='bbox 816 2018 850 2045; x_wconf 91' lang='lat' dir='ltr'><strong>de</strong></span> <span class='ocrx_word' id='word_1_481' title='bbox 858 2018 927 2045; x_wconf 63' lang='lat' dir='ltr'><strong>caelo</strong></span> <span class='ocrx_word' id='word_1_482' title='bbox 939 2025 946 2044; x_wconf 88' lang='lat'>:</span> 
     </span>
    </p>
   </div>
   <div class='ocr_carea' id='block_1_70' title="bbox 161 2063 948 2097">
    <p class='ocr_par' dir='ltr' id='par_1_70' title="bbox 161 2063 948 2097">
     <span class='ocr_line' id='line_1_70' title="bbox 161 2063 948 2097; baseline -0.001 -7"><span class='ocrx_word' id='word_1_483' title='bbox 161 2070 225 2090; x_wconf 85' lang='lat' dir='ltr'><strong>nam</strong></span> <span class='ocrx_word' id='word_1_484' title='bbox 242 2064 362 2091; x_wconf 70' lang='lat' dir='ltr'><strong>cmlestis</strong></span> <span class='ocrx_word' id='word_1_485' title='bbox 377 2068 436 2091; x_wconf 84' lang='lat' dir='ltr'><strong>erat</strong></span> <span class='ocrx_word' id='word_1_486' title='bbox 452 2063 525 2091; x_wconf 73' lang='lat' dir='ltr'><strong>Betis</strong></span> <span class='ocrx_word' id='word_1_487' title='bbox 547 2063 677 2091; x_wconf 82' lang='lat' dir='ltr'><strong>Verbum.</strong></span> <span class='ocrx_word' id='word_1_488' title='bbox 693 2063 856 2097; x_wconf 82' lang='lat' dir='ltr'><strong>Quanquam</strong></span> <span class='ocrx_word' id='word_1_489' title='bbox 874 2063 948 2090; x_wconf 87' lang='lat' dir='ltr'><strong>enim</strong></span> 
     </span>
    </p>
   </div>
   <div class='ocr_carea' id='block_1_71' title="bbox 161 2109 948 2145">
    <p class='ocr_par' dir='ltr' id='par_1_71' title="bbox 161 2109 948 2145">
     <span class='ocr_line' id='line_1_71' title="bbox 161 2109 948 2145; baseline 0 -9"><span class='ocrx_word' id='word_1_490' title='bbox 161 2117 263 2145; x_wconf 86' lang='lat' dir='ltr'><strong>corpus</strong></span> <span class='ocrx_word' id='word_1_491' title='bbox 279 2109 365 2144; x_wconf 86' lang='lat' dir='ltr'><strong>ipsius</strong></span> <span class='ocrx_word' id='word_1_492' title='bbox 378 2110 501 2145; x_wconf 85' lang='lat' dir='ltr'><strong>ejusdem</strong></span> <span class='ocrx_word' id='word_1_493' title='bbox 517 2113 576 2137; x_wconf 82' lang='lat' dir='ltr'><strong>erat</strong></span> <span class='ocrx_word' id='word_1_494' title='bbox 590 2109 734 2137; x_wconf 82' lang='lat' dir='ltr'><strong>nobiscum</strong></span> <span class='ocrx_word' id='word_1_495' title='bbox 745 2109 918 2142; x_wconf 69' lang='lat' dir='ltr'><strong>substantiae,</strong></span> <span class='ocrx_word' id='word_1_496' title='bbox 932 2115 948 2135; x_wconf 84' lang='lat' dir='ltr'><strong>a</strong></span> 
     </span>
    </p>
   </div>
   <div class='ocr_carea' id='block_1_72' title="bbox 162 2154 946 2191">
    <p class='ocr_par' dir='ltr' id='par_1_72' title="bbox 162 2154 946 2191">
     <span class='ocr_line' id='line_1_72' title="bbox 162 2154 946 2191; baseline -0.003 -8"><span class='ocrx_word' id='word_1_497' title='bbox 162 2156 346 2191; x_wconf 72' lang='lat' dir='ltr'><strong>prmstantiori</strong></span> <span class='ocrx_word' id='word_1_498' title='bbox 362 2160 464 2189; x_wconf 87' lang='lat' dir='ltr'><strong>tamen,</strong></span> <span class='ocrx_word' id='word_1_499' title='bbox 481 2163 579 2190; x_wconf 83' lang='lat' dir='ltr'><strong>nempe</strong></span> <span class='ocrx_word' id='word_1_500' title='bbox 601 2155 746 2182; x_wconf 83' lang='lat' dir='ltr'><strong>divinitate</strong></span> <span class='ocrx_word' id='word_1_501' title='bbox 771 2154 840 2182; x_wconf 88' lang='lat' dir='ltr'><strong>dicit</strong></span> <span class='ocrx_word' id='word_1_502' title='bbox 855 2154 946 2190; x_wconf 88' lang='lat' dir='ltr'><strong>ipsum</strong></span> 
     </span>
    </p>
   </div>
   <div class='ocr_carea' id='block_1_73' title="bbox 160 2185 987 2231">
    <p class='ocr_par' dir='ltr' id='par_1_73' title="bbox 160 2185 987 2231">
     <span class='ocr_line' id='line_1_73' title="bbox 160 2185 987 2231; baseline -0.004 -2"><span class='ocrx_word' id='word_1_503' title='bbox 160 2202 282 2230; x_wconf 68' lang='lat' dir='ltr'><strong>sceleste.</strong></span> <span class='ocrx_word' id='word_1_504' title='bbox 297 2215 332 2222; x_wconf 89' lang='lat'><strong>—</strong></span> <span class='ocrx_word' id='word_1_505' title='bbox 345 2201 406 2229; x_wconf 82' lang='lat' dir='ltr'><strong>Alio</strong></span> <span class='ocrx_word' id='word_1_506' title='bbox 417 2201 505 2228; x_wconf 81' lang='lat' dir='ltr'><strong>modo.</strong></span> <span class='ocrx_word' id='word_1_507' title='bbox 522 2201 630 2228; x_wconf 84' lang='lat' dir='ltr'><strong>Primus</strong></span> <span class='ocrx_word' id='word_1_508' title='bbox 643 2200 726 2228; x_wconf 77' lang='lat' dir='ltr'><strong>homo</strong></span> <span class='ocrx_word' id='word_1_509' title='bbox 737 2205 862 2228; x_wconf 86' lang='lat' dir='ltr'><strong>terrenus</strong></span> <span class='ocrx_word' id='word_1_510' title='bbox 875 2204 946 2231; x_wconf 87' lang='lat' dir='ltr'><strong>erat,</strong></span> <span class='ocrx_word' id='word_1_511' title='bbox 964 2185 987 2214; x_wconf 67' lang='grc' dir='ltr'><strong>θ</strong></span> 
     </span>
    </p>
   </div>
   <div class='ocr_carea' id='block_1_74' title="bbox 161 2247 948 2283">
    <p class='ocr_par' dir='ltr' id='par_1_74' title="bbox 161 2247 948 2283">
     <span class='ocr_line' id='line_1_74' title="bbox 161 2247 948 2283; baseline -0.001 -8"><span class='ocrx_word' id='word_1_512' title='bbox 161 2255 215 2275; x_wconf 79' lang='lat' dir='ltr'><strong>non</strong></span> <span class='ocrx_word' id='word_1_513' title='bbox 229 2248 275 2283; x_wconf 91' lang='lat' dir='ltr'><strong>qui</strong></span> <span class='ocrx_word' id='word_1_514' title='bbox 288 2256 304 2275; x_wconf 86' lang='lat' dir='ltr'><strong>e</strong></span> <span class='ocrx_word' id='word_1_515' title='bbox 319 2251 391 2275; x_wconf 86' lang='lat' dir='ltr'><strong>terra</strong></span> <span class='ocrx_word' id='word_1_516' title='bbox 405 2248 554 2282; x_wconf 90' lang='lat' dir='ltr'><strong>productus</strong></span> <span class='ocrx_word' id='word_1_517' title='bbox 567 2248 606 2275; x_wconf 82' lang='lat' dir='ltr'><strong>sit</strong></span> <span class='ocrx_word' id='word_1_518' title='bbox 620 2248 669 2280; x_wconf 88' lang='lat' dir='ltr'><strong>(ita</strong></span> <span class='ocrx_word' id='word_1_519' title='bbox 690 2247 763 2275; x_wconf 89' lang='lat' dir='ltr'><strong>enim</strong></span> <span class='ocrx_word' id='word_1_520' title='bbox 776 2254 873 2274; x_wconf 87' lang='lat' dir='ltr'><strong>omnes</strong></span> <span class='ocrx_word' id='word_1_521' title='bbox 885 2251 948 2274; x_wconf 85' lang='lat' dir='ltr'><strong>ter-</strong></span> 
     </span>
    </p>
   </div>
   <div class='ocr_carea' id='block_1_75' title="bbox 161 2293 945 2328">
    <p class='ocr_par' dir='ltr' id='par_1_75' title="bbox 161 2293 945 2328">
     <span class='ocr_line' id='line_1_75' title="bbox 161 2293 945 2328; baseline -0.003 -6"><span class='ocrx_word' id='word_1_522' title='bbox 161 2295 220 2322; x_wconf 87' lang='lat' dir='ltr'><strong>rcni</strong></span> <span class='ocrx_word' id='word_1_523' title='bbox 236 2297 310 2327; x_wconf 82' lang='lat' dir='ltr'><strong>sunt,</strong></span> <span class='ocrx_word' id='word_1_524' title='bbox 325 2298 352 2320; x_wconf 78' lang='lat' dir='ltr'><strong>et</strong></span> <span class='ocrx_word' id='word_1_525' title='bbox 363 2297 495 2328; x_wconf 68' lang='lat' dir='ltr'><strong>praeterea</strong></span> <span class='ocrx_word' id='word_1_526' title='bbox 507 2294 600 2321; x_wconf 89' lang='lat' dir='ltr'><strong>nullus</strong></span> <span class='ocrx_word' id='word_1_527' title='bbox 611 2293 737 2321; x_wconf 82' lang='lat' dir='ltr'><strong>accusari</strong></span> <span class='ocrx_word' id='word_1_528' title='bbox 756 2298 851 2328; x_wconf 88' lang='lat' dir='ltr'><strong>posset</strong></span> <span class='ocrx_word' id='word_1_529' title='bbox 865 2293 912 2328; x_wconf 74' lang='lat' dir='ltr'><strong>qui</strong></span> <span class='ocrx_word' id='word_1_530' title='bbox 930 2300 945 2321; x_wconf 91' lang='lat' dir='ltr'><strong>e</strong></span> 
     </span>
    </p>
   </div>
   <div class='ocr_carea' id='block_1_76' title="bbox 160 2339 946 2375">
    <p class='ocr_par' dir='ltr' id='par_1_76' title="bbox 160 2339 946 2375">
     <span class='ocr_line' id='line_1_76' title="bbox 160 2339 946 2375; baseline 0 -9"><span class='ocrx_word' id='word_1_531' title='bbox 160 2344 233 2366; x_wconf 87' lang='lat' dir='ltr'><strong>terra</strong></span> <span class='ocrx_word' id='word_1_532' title='bbox 258 2340 409 2375; x_wconf 89' lang='lat' dir='ltr'><strong>productus</strong></span> <span class='ocrx_word' id='word_1_533' title='bbox 438 2340 533 2374; x_wconf 81' lang='lat' dir='ltr'><strong>esset),</strong></span> <span class='ocrx_word' id='word_1_534' title='bbox 551 2339 599 2366; x_wconf 89' lang='lat' dir='ltr'><strong>sed</strong></span> <span class='ocrx_word' id='word_1_535' title='bbox 625 2339 658 2366; x_wconf 87' lang='lat' dir='ltr'><strong>de</strong></span> <span class='ocrx_word' id='word_1_536' title='bbox 673 2344 746 2366; x_wconf 90' lang='lat' dir='ltr'><strong>terra</strong></span> <span class='ocrx_word' id='word_1_537' title='bbox 763 2339 840 2372; x_wconf 86' lang='lat' dir='ltr'><strong>dicit,</strong></span> <span class='ocrx_word' id='word_1_538' title='bbox 853 2339 880 2367; x_wconf 88' lang='lat' dir='ltr'><strong>id</strong></span> <span class='ocrx_word' id='word_1_539' title='bbox 894 2343 946 2372; x_wconf 87' lang='lat' dir='ltr'><strong>est,</strong></span> 
     </span>
    </p>
   </div>
   <div class='ocr_carea' id='block_1_77' title="bbox 160 2385 948 2422">
    <p class='ocr_par' dir='ltr' id='par_1_77' title="bbox 160 2385 948 2422">
     <span class='ocr_line' id='line_1_77' title="bbox 160 2385 948 2422; baseline 0.001 -10"><span class='ocrx_word' id='word_1_540' title='bbox 160 2389 287 2412; x_wconf 85' lang='lat' dir='ltr'><strong>terrenus</strong></span> <span class='ocrx_word' id='word_1_541' title='bbox 303 2392 335 2412; x_wconf 84' lang='lat' dir='ltr'><strong>ac</strong></span> <span class='ocrx_word' id='word_1_542' title='bbox 348 2385 479 2417; x_wconf 80' lang='lat' dir='ltr'><strong>carnalis,</strong></span> <span class='ocrx_word' id='word_1_543' title='bbox 491 2390 519 2412; x_wconf 91' lang='lat' dir='ltr'><strong>et</strong></span> <span class='ocrx_word' id='word_1_544' title='bbox 530 2390 637 2413; x_wconf 88' lang='lat' dir='ltr'><strong>terrena</strong></span> <span class='ocrx_word' id='word_1_545' title='bbox 665 2386 787 2422; x_wconf 85' lang='lat' dir='ltr'><strong>sapiens.</strong></span> <span class='ocrx_word' id='word_1_546' title='bbox 803 2386 948 2414; x_wconf 89' lang='lat' dir='ltr'><strong>Secundus</strong></span> 
     </span>
    </p>
   </div>
   <div class='ocr_carea' id='block_1_78' title="bbox 160 2431 946 2468">
    <p class='ocr_par' dir='ltr' id='par_1_78' title="bbox 160 2431 946 2468">
     <span class='ocr_line' id='line_1_78' title="bbox 160 2431 946 2468; baseline 0.003 -10"><span class='ocrx_word' id='word_1_547' title='bbox 160 2439 227 2459; x_wconf 83' lang='lat' dir='ltr'><strong>vero</strong></span> <span class='ocrx_word' id='word_1_548' title='bbox 240 2431 369 2459; x_wconf 86' lang='lat' dir='ltr'><strong>sublimis</strong></span> <span class='ocrx_word' id='word_1_549' title='bbox 384 2435 460 2459; x_wconf 88' lang='lat' dir='ltr'><strong>totus</strong></span> <span class='ocrx_word' id='word_1_550' title='bbox 473 2439 505 2459; x_wconf 85' lang='lat' dir='ltr'><strong>ac</strong></span> <span class='ocrx_word' id='word_1_551' title='bbox 518 2432 651 2466; x_wconf 73' lang='lat' dir='ltr'><strong>etelestis,</strong></span> <span class='ocrx_word' id='word_1_552' title='bbox 671 2433 801 2468; x_wconf 88' lang='lat' dir='ltr'><strong>nullaque</strong></span> <span class='ocrx_word' id='word_1_553' title='bbox 819 2438 946 2460; x_wconf 88' lang='lat' dir='ltr'><strong>terreno-</strong></span> 
     </span>
    </p>
   </div>
   <div class='ocr_carea' id='block_1_79' title="bbox 160 2476 945 2513">
    <p class='ocr_par' dir='ltr' id='par_1_79' title="bbox 160 2476 945 2513">
     <span class='ocr_line' id='line_1_79' title="bbox 160 2476 945 2513; baseline 0 -10"><span class='ocrx_word' id='word_1_554' title='bbox 160 2485 220 2504; x_wconf 87' lang='lat' dir='ltr'><strong>rum</strong></span> <span class='ocrx_word' id='word_1_555' title='bbox 237 2481 302 2504; x_wconf 89' lang='lat' dir='ltr'><strong>nota</strong></span> <span class='ocrx_word' id='word_1_556' title='bbox 319 2481 460 2513; x_wconf 78' lang='lat' dir='ltr'><strong>gravatus.</strong></span> <span class='ocrx_word' id='word_1_557' title='bbox 474 2476 571 2510; x_wconf 86' lang='lat' dir='ltr'><strong>Qualis</strong></span> <span class='ocrx_word' id='word_1_558' title='bbox 584 2477 668 2513; x_wconf 74' lang='lat' dir='ltr'><strong>igitur</strong></span> <span class='ocrx_word' id='word_1_559' title='bbox 680 2482 739 2505; x_wconf 89' lang='lat' dir='ltr'><strong>erat</strong></span> <span class='ocrx_word' id='word_1_560' title='bbox 757 2478 780 2505; x_wconf 89' lang='lat' dir='ltr'><strong>is</strong></span> <span class='ocrx_word' id='word_1_561' title='bbox 806 2479 852 2513; x_wconf 85' lang='lat' dir='ltr'><strong>qui</strong></span> <span class='ocrx_word' id='word_1_562' title='bbox 870 2478 945 2512; x_wconf 86' lang='lat' dir='ltr'><strong>seip-</strong></span> 
     </span>
    </p>
   </div>
   <div class='ocr_carea' id='block_1_80' title="bbox 161 2522 944 2559">
    <p class='ocr_par' dir='ltr' id='par_1_80' title="bbox 161 2522 944 2559">
     <span class='ocr_line' id='line_1_80' title="bbox 161 2522 944 2559; baseline 0.001 -10"><span class='ocrx_word' id='word_1_563' title='bbox 161 2530 220 2549; x_wconf 79' lang='lat' dir='ltr'><strong>sum</strong></span> <span class='ocrx_word' id='word_1_564' title='bbox 240 2525 304 2558; x_wconf 62' lang='lat' dir='ltr'><strong>iper</strong></span> <span class='ocrx_word' id='word_1_565' title='bbox 333 2530 365 2550; x_wconf 87' lang='lat' dir='ltr'><strong>ea</strong></span> <span class='ocrx_word' id='word_1_566' title='bbox 388 2530 448 2558; x_wconf 69' lang='lat' dir='ltr'><strong>quae</strong></span> <span class='ocrx_word' id='word_1_567' title='bbox 475 2522 573 2559; x_wconf 75' lang='lat' dir='ltr'><strong>agebat</strong></span> <span class='ocrx_word' id='word_1_568' title='bbox 588 2531 620 2551; x_wconf 83' lang='lat' dir='ltr'><strong>ac</strong></span> <span class='ocrx_word' id='word_1_569' title='bbox 645 2523 791 2556; x_wconf 85' lang='lat' dir='ltr'><strong>sentiebat,</strong></span> <span class='ocrx_word' id='word_1_570' title='bbox 805 2528 944 2550; x_wconf 85' lang='lat' dir='ltr'><strong>terrenum</strong></span> 
     </span>
    </p>
   </div>
   <div class='ocr_carea' id='block_1_81' title="bbox 160 2567 944 2605">
    <p class='ocr_par' dir='ltr' id='par_1_81' title="bbox 160 2567 944 2605">
     <span class='ocr_line' id='line_1_81' title="bbox 160 2567 944 2605; baseline 0.001 -11"><span class='ocrx_word' id='word_1_571' title='bbox 160 2567 278 2596; x_wconf 85' lang='lat' dir='ltr'><strong>reddidit</strong></span> <span class='ocrx_word' id='word_1_572' title='bbox 293 2577 300 2596; x_wconf 91' lang='lat'>:</span> <span class='ocrx_word' id='word_1_573' title='bbox 321 2569 390 2597; x_wconf 82' lang='lat' dir='ltr'><strong>tales</strong></span> <span class='ocrx_word' id='word_1_574' title='bbox 405 2573 486 2597; x_wconf 90' lang='lat' dir='ltr'><strong>erunt</strong></span> <span class='ocrx_word' id='word_1_575' title='bbox 503 2574 530 2597; x_wconf 78' lang='lat' dir='ltr'><strong>et</strong></span> <span class='ocrx_word' id='word_1_576' title='bbox 546 2569 594 2605; x_wconf 90' lang='lat' dir='ltr'><strong>qui</strong></span> <span class='ocrx_word' id='word_1_577' title='bbox 611 2569 644 2597; x_wconf 87' lang='lat' dir='ltr'><strong>ad</strong></span> <span class='ocrx_word' id='word_1_578' title='bbox 660 2570 747 2604; x_wconf 89' lang='lat' dir='ltr'><strong>ipsius</strong></span> <span class='ocrx_word' id='word_1_579' title='bbox 763 2569 944 2596; x_wconf 86' lang='lat' dir='ltr'><strong>imitationem</strong></span> 
     </span>
    </p>
   </div>
   <div class='ocr_carea' id='block_1_82' title="bbox 160 2613 946 2647">
    <p class='ocr_par' dir='ltr' id='par_1_82' title="bbox 160 2613 946 2647">
     <span class='ocr_line' id='line_1_82' title="bbox 160 2613 946 2647; baseline 0.004 -8"><span class='ocrx_word' id='word_1_580' title='bbox 160 2613 266 2646; x_wconf 80' lang='lat' dir='ltr'><strong>vivunt.</strong></span> <span class='ocrx_word' id='word_1_581' title='bbox 284 2614 335 2642; x_wconf 90' lang='lat' dir='ltr'><strong>hoc</strong></span> <span class='ocrx_word' id='word_1_582' title='bbox 351 2618 402 2647; x_wconf 84' lang='lat' dir='ltr'><strong>est.</strong></span> <span class='ocrx_word' id='word_1_583' title='bbox 416 2615 518 2643; x_wconf 88' lang='lat' dir='ltr'><strong>terreni</strong></span> <span class='ocrx_word' id='word_1_584' title='bbox 537 2619 583 2643; x_wconf 89' lang='lat' dir='ltr'><strong>:et</strong></span> <span class='ocrx_word' id='word_1_585' title='bbox 606 2615 735 2642; x_wconf 91' lang='lat' dir='ltr'><strong>omnibus</strong></span> <span class='ocrx_word' id='word_1_586' title='bbox 764 2615 806 2642; x_wconf 86' lang='lat' dir='ltr'><strong>bis</strong></span> <span class='ocrx_word' id='word_1_587' title='bbox 834 2614 946 2642; x_wconf 68' lang='lat' dir='ltr'><strong>obnoxii</strong></span> 
     </span>
    </p>
   </div>
   <div class='ocr_carea' id='block_1_83' title="bbox 160 2657 946 2695">
    <p class='ocr_par' dir='ltr' id='par_1_83' title="bbox 160 2657 946 2695">
     <span class='ocr_line' id='line_1_83' title="bbox 160 2657 946 2695; baseline 0.004 -11"><span class='ocrx_word' id='word_1_588' title='bbox 160 2657 368 2692; x_wconf 64' lang='lat' dir='ltr'><strong>atii-ctionibus,</strong></span> <span class='ocrx_word' id='word_1_589' title='bbox 385 2660 486 2695; x_wconf 86' lang='lat' dir='ltr'><strong>quibus</strong></span> <span class='ocrx_word' id='word_1_590' title='bbox 512 2659 663 2687; x_wconf 86' lang='lat' dir='ltr'><strong>verisimile</strong></span> <span class='ocrx_word' id='word_1_591' title='bbox 687 2663 730 2687; x_wconf 87' lang='lat' dir='ltr'><strong>est</strong></span> <span class='ocrx_word' id='word_1_592' title='bbox 755 2658 868 2687; x_wconf 79' lang='lat' dir='ltr'><strong>aﬂ&#39;cclos</strong></span> <span class='ocrx_word' id='word_1_593' title='bbox 885 2667 946 2687; x_wconf 85' lang='lat' dir='ltr'><strong>esse</strong></span> 
     </span>
    </p>
   </div>
   <div class='ocr_carea' id='block_1_84' title="bbox 160 2704 945 2741">
    <p class='ocr_par' dir='ltr' id='par_1_84' title="bbox 160 2704 945 2741">
     <span class='ocr_line' id='line_1_84' title="bbox 160 2704 945 2741; baseline 0.004 -10"><span class='ocrx_word' id='word_1_594' title='bbox 160 2704 221 2732; x_wconf 82' lang='lat' dir='ltr'><strong>illos</strong></span> <span class='ocrx_word' id='word_1_595' title='bbox 234 2705 280 2739; x_wconf 91' lang='lat' dir='ltr'><strong>qui</strong></span> <span class='ocrx_word' id='word_1_596' title='bbox 296 2710 378 2733; x_wconf 71' lang='lat' dir='ltr'><strong>terra:</strong></span> <span class='ocrx_word' id='word_1_597' title='bbox 393 2706 501 2741; x_wconf 85' lang='lat' dir='ltr'><strong>seipsos</strong></span> <span class='ocrx_word' id='word_1_598' title='bbox 514 2705 668 2732; x_wconf 80' lang='lat' dir='ltr'><strong>aﬂixerunt.</strong></span> <span class='ocrx_word' id='word_1_599' title='bbox 686 2705 720 2732; x_wconf 88' lang='lat' dir='ltr'><strong>Et</strong></span> <span class='ocrx_word' id='word_1_600' title='bbox 736 2705 826 2739; x_wconf 89' lang='lat' dir='ltr'><strong>qualis</strong></span> <span class='ocrx_word' id='word_1_601' title='bbox 839 2710 899 2733; x_wconf 86' lang='lat' dir='ltr'><strong>erat</strong></span> <span class='ocrx_word' id='word_1_602' title='bbox 921 2705 945 2734; x_wconf 86' lang='lat' dir='ltr'><strong>is</strong></span> 
     </span>
    </p>
   </div>
   <div class='ocr_carea' id='block_1_85' title="bbox 163 2750 949 2785">
    <p class='ocr_par' dir='ltr' id='par_1_85' title="bbox 163 2750 949 2785">
     <span class='ocr_line' id='line_1_85' title="bbox 163 2750 949 2785; baseline 0.001 -8"><span class='ocrx_word' id='word_1_603' title='bbox 163 2751 210 2785; x_wconf 90' lang='lat' dir='ltr'><strong>qui</strong></span> <span class='ocrx_word' id='word_1_604' title='bbox 232 2759 309 2779; x_wconf 86' lang='lat' dir='ltr'><strong>suam</strong></span> <span class='ocrx_word' id='word_1_605' title='bbox 325 2751 445 2779; x_wconf 79' lang='lat' dir='ltr'><strong>in&#39;terra</strong></span> <span class='ocrx_word' id='word_1_606' title='bbox 466 2751 717 2784; x_wconf 87' lang='lat' dir='ltr'><strong>conversationem,</strong></span> <span class='ocrx_word' id='word_1_607' title='bbox 746 2750 890 2778; x_wconf 85' lang='lat' dir='ltr'><strong>sublimem</strong></span> <span class='ocrx_word' id='word_1_608' title='bbox 921 2756 949 2778; x_wconf 90' lang='lat' dir='ltr'><strong>et</strong></span> 
     </span>
    </p>
   </div>
   <div class='ocr_carea' id='block_1_86' title="bbox 161 2796 946 2832">
    <p class='ocr_par' dir='ltr' id='par_1_86' title="bbox 161 2796 946 2832">
     <span class='ocr_line' id='line_1_86' title="bbox 161 2796 946 2832; baseline 0.008 -12"><span class='ocrx_word' id='word_1_609' title='bbox 161 2796 300 2824; x_wconf 59' lang='lat' dir='ltr'><strong>caelestem</strong></span> <span class='ocrx_word' id='word_1_610' title='bbox 316 2804 468 2832; x_wconf 83' lang='lat' dir='ltr'><strong>puramque</strong></span> <span class='ocrx_word' id='word_1_611' title='bbox 482 2796 613 2829; x_wconf 84' lang='lat' dir='ltr'><strong>instituit,</strong></span> <span class='ocrx_word' id='word_1_612' title='bbox 623 2796 705 2832; x_wconf 78' lang='lat'><strong>576</strong></span> <span class='ocrx_word' id='word_1_613' title='bbox 727 2796 795 2823; x_wconf 76' lang='lat' dir='ltr'><strong>tates</strong></span> <span class='ocrx_word' id='word_1_614' title='bbox 813 2801 895 2824; x_wconf 88' lang='lat' dir='ltr'><strong>erunt</strong></span> <span class='ocrx_word' id='word_1_615' title='bbox 918 2802 946 2826; x_wconf 91' lang='lat' dir='ltr'><strong>et</strong></span> 
     </span>
    </p>
   </div>
   <div class='ocr_carea' id='block_1_87' title="bbox 160 2841 942 2879">
    <p class='ocr_par' dir='ltr' id='par_1_87' title="bbox 160 2841 942 2879">
     <span class='ocr_line' id='line_1_87' title="bbox 160 2841 942 2879; baseline 0.008 -13"><span class='ocrx_word' id='word_1_616' title='bbox 160 2841 205 2878; x_wconf 82' lang='lat' dir='ltr'><strong>qui</strong></span> <span class='ocrx_word' id='word_1_617' title='bbox 219 2842 251 2869; x_wconf 76' lang='lat' dir='ltr'><strong>ad</strong></span> <span class='ocrx_word' id='word_1_618' title='bbox 265 2842 454 2877; x_wconf 77' lang='lat' dir='ltr'><strong>jmitationem</strong></span> <span class='ocrx_word' id='word_1_619' title='bbox 479 2843 601 2871; x_wconf 69' lang='lat' dir='ltr'><strong>caelestis</strong></span> <span class='ocrx_word' id='word_1_620' title='bbox 616 2843 689 2871; x_wconf 86' lang='lat' dir='ltr'><strong>illius</strong></span> <span class='ocrx_word' id='word_1_621' title='bbox 704 2842 833 2876; x_wconf 75' lang='lat' dir='ltr'><strong>instituti,</strong></span> <span class='ocrx_word' id='word_1_622' title='bbox 853 2851 942 2879; x_wconf 81' lang='lat' dir='ltr'><strong>quan-</strong></span> 
     </span>
    </p>
   </div>
   <div class='ocr_carea' id='block_1_88' title="bbox 1043 1483 1799 1520">
    <p class='ocr_par' dir='ltr' id='par_1_88' title="bbox 1043 1483 1799 1520">
     <span class='ocr_line' id='line_1_88' title="bbox 1043 1483 1799 1520; baseline -0.001 -8"><span class='ocrx_word' id='word_1_623' title='bbox 1043 1486 1074 1512; x_wconf 93' lang='lat'><strong>&#39;0</strong></span> <span class='ocrx_word' id='word_1_624' title='bbox 1092 1485 1206 1519; x_wconf 79' lang='grc' dir='ltr'>πρῶτος</span> <span class='ocrx_word' id='word_1_625' title='bbox 1219 1486 1373 1520; x_wconf 76' lang='grc' dir='ltr'>ἅνθρωπος</span> <span class='ocrx_word' id='word_1_626' title='bbox 1383 1486 1417 1512; x_wconf 80' lang='grc' dir='ltr'>ἐκ</span> <span class='ocrx_word' id='word_1_627' title='bbox 1426 1484 1483 1519; x_wconf 80' lang='grc' dir='ltr'>γῆς</span> <span class='ocrx_word' id='word_1_628' title='bbox 1497 1483 1610 1519; x_wconf 76' lang='grc' dir='ltr'>χοτκὸς,</span> <span class='ocrx_word' id='word_1_629' title='bbox 1622 1485 1639 1511; x_wconf 82' lang='grc' dir='ltr'><em>ὁ</em></span> <span class='ocrx_word' id='word_1_630' title='bbox 1653 1483 1799 1518; x_wconf 76' lang='grc' dir='ltr'>δεύτερος</span> 
     </span>
    </p>
   </div>
   <div class='ocr_carea' id='block_1_89' title="bbox 1002 1528 1797 1566">
    <p class='ocr_par' dir='ltr' id='par_1_89' title="bbox 1002 1528 1797 1566">
     <span class='ocr_line' id='line_1_89' title="bbox 1002 1528 1797 1566; baseline -0.003 -7"><span class='ocrx_word' id='word_1_631' title='bbox 1002 1532 1167 1566; x_wconf 80' lang='grc' dir='ltr'>ἅνθρωπος,</span> <span class='ocrx_word' id='word_1_632' title='bbox 1181 1533 1198 1558; x_wconf 88' lang='grc' dir='ltr'><em>ὀ</em></span> <span class='ocrx_word' id='word_1_633' title='bbox 1213 1532 1320 1565; x_wconf 86' lang='grc' dir='ltr'>Κύριος</span> <span class='ocrx_word' id='word_1_634' title='bbox 1335 1531 1369 1564; x_wconf 74' lang='grc' dir='ltr'><strong>ἐξ</strong></span> <span class='ocrx_word' id='word_1_635' title='bbox 1389 1531 1531 1565; x_wconf 78' lang='grc' dir='ltr'><strong>οὐρανοῦ.</strong></span> <span class='ocrx_word' id='word_1_636' title='bbox 1545 1528 1613 1563; x_wconf 79' lang='grc' dir='ltr'>οἷος</span> <span class='ocrx_word' id='word_1_637' title='bbox 1633 1531 1649 1557; x_wconf 81' lang='grc' dir='ltr'><em>ὀ</em></span> <span class='ocrx_word' id='word_1_638' title='bbox 1678 1530 1797 1565; x_wconf 67' lang='grc' dir='ltr'>χοϊκός,</span> 
     </span>
    </p>
   </div>
   <div class='ocr_carea' id='block_1_90' title="bbox 999 1574 1797 1611">
    <p class='ocr_par' dir='ltr' id='par_1_90' title="bbox 999 1574 1797 1611">
     <span class='ocr_line' id='line_1_90' title="bbox 999 1574 1797 1611; baseline -0.004 -6"><span class='ocrx_word' id='word_1_639' title='bbox 999 1578 1127 1605; x_wconf 84' lang='grc' dir='ltr'>τοιοῦτοι</span> <span class='ocrx_word' id='word_1_640' title='bbox 1155 1577 1206 1604; x_wconf 78' lang='grc' dir='ltr'>καὶ</span> <span class='ocrx_word' id='word_1_641' title='bbox 1237 1579 1264 1604; x_wconf 87' lang='lat' dir='ltr'><strong>ol</strong></span> <span class='ocrx_word' id='word_1_642' title='bbox 1288 1578 1394 1611; x_wconf 76' lang='grc' dir='ltr'>χοϊκοί.</span> <span class='ocrx_word' id='word_1_643' title='bbox 1412 1577 1467 1604; x_wconf 82' lang='grc' dir='ltr'><strong>Καὶ</strong></span> <span class='ocrx_word' id='word_1_644' title='bbox 1481 1574 1543 1609; x_wconf 80' lang='grc' dir='ltr'>οῖος</span> <span class='ocrx_word' id='word_1_645' title='bbox 1567 1577 1584 1603; x_wconf 78' lang='grc' dir='ltr'><em>ὁ</em></span> <span class='ocrx_word' id='word_1_646' title='bbox 1601 1576 1797 1610; x_wconf 61' lang='grc' dir='ltr'>ἐπουράνιος,</span> 
     </span>
    </p>
   </div>
   <div class='ocr_carea' id='block_1_91' title="bbox 999 1621 1799 1657">
    <p class='ocr_par' dir='ltr' id='par_1_91' title="bbox 999 1621 1799 1657">
     <span class='ocr_line' id='line_1_91' title="bbox 999 1621 1799 1657; baseline -0.005 -5"><span class='ocrx_word' id='word_1_647' title='bbox 999 1625 1127 1652; x_wconf 81' lang='grc' dir='ltr'>τοιοῦτοι</span> <span class='ocrx_word' id='word_1_648' title='bbox 1139 1624 1188 1651; x_wconf 79' lang='grc' dir='ltr'>καὶ</span> <span class='ocrx_word' id='word_1_649' title='bbox 1197 1625 1224 1650; x_wconf 85' lang='lat' dir='ltr'><strong>ol</strong></span> <span class='ocrx_word' id='word_1_650' title='bbox 1234 1623 1416 1657; x_wconf 76' lang='grc' dir='ltr'>ἐπουράνιοι.</span> <span class='ocrx_word' id='word_1_651' title='bbox 1429 1622 1481 1650; x_wconf 75' lang='grc' dir='ltr'><strong>Καὶ</strong></span> <span class='ocrx_word' id='word_1_652' title='bbox 1497 1622 1594 1655; x_wconf 81' lang='grc' dir='ltr'>καθὼς</span> <span class='ocrx_word' id='word_1_653' title='bbox 1603 1621 1799 1656; x_wconf 68' lang='grc' dir='ltr'>ὲφορέσαμεγ</span> 
     </span>
    </p>
   </div>
   <div class='ocr_carea' id='block_1_92' title="bbox 1000 1668 1798 1705">
    <p class='ocr_par' dir='ltr' id='par_1_92' title="bbox 1000 1668 1798 1705">
     <span class='ocr_line' id='line_1_92' title="bbox 1000 1668 1798 1705; baseline -0.004 -8"><span class='ocrx_word' id='word_1_654' title='bbox 1000 1670 1058 1704; x_wconf 80' lang='grc' dir='ltr'><strong>τὴν</strong></span> <span class='ocrx_word' id='word_1_655' title='bbox 1071 1670 1174 1697; x_wconf 75' lang='grc' dir='ltr'>εἰκόνα</span> <span class='ocrx_word' id='word_1_656' title='bbox 1182 1669 1234 1697; x_wconf 84' lang='grc' dir='ltr'>τοῦ</span> <span class='ocrx_word' id='word_1_657' title='bbox 1251 1669 1366 1704; x_wconf 79' lang='grc' dir='ltr'>χοϊκοῦ,</span> <span class='ocrx_word' id='word_1_658' title='bbox 1382 1670 1552 1705; x_wconf 73' lang='grc' dir='ltr'>φορέσομεν</span> <span class='ocrx_word' id='word_1_659' title='bbox 1561 1669 1609 1696; x_wconf 76' lang='grc' dir='ltr'>καὶ</span> <span class='ocrx_word' id='word_1_660' title='bbox 1620 1668 1681 1703; x_wconf 79' lang='grc' dir='ltr'><strong>τὴν</strong></span> <span class='ocrx_word' id='word_1_661' title='bbox 1689 1668 1798 1695; x_wconf 73' lang='grc' dir='ltr'><strong>εἰκόνα</strong></span> 
     </span>
    </p>
   </div>
   <div class='ocr_carea' id='block_1_93' title="bbox 1000 1714 1797 1749">
    <p class='ocr_par' dir='ltr' id='par_1_93' title="bbox 1000 1714 1797 1749">
     <span class='ocr_line' id='line_1_93' title="bbox 1000 1714 1797 1749; baseline -0.001 -7"><span class='ocrx_word' id='word_1_662' title='bbox 1000 1715 1053 1742; x_wconf 82' lang='grc' dir='ltr'>τοῦ</span> <span class='ocrx_word' id='word_1_663' title='bbox 1062 1715 1254 1749; x_wconf 80' lang='grc' dir='ltr'>ἐπουρανίου.</span> <span class='ocrx_word' id='word_1_664' title='bbox 1271 1715 1360 1742; x_wconf 79' lang='grc' dir='ltr'>Τοῦτο</span> <span class='ocrx_word' id='word_1_665' title='bbox 1370 1714 1403 1741; x_wconf 81' lang='grc' dir='ltr'><strong>δέ</strong></span> <span class='ocrx_word' id='word_1_666' title='bbox 1415 1724 1500 1749; x_wconf 65' lang='grc' dir='ltr'>φημι,</span> <span class='ocrx_word' id='word_1_667' title='bbox 1511 1715 1647 1749; x_wconf 69' lang='grc' dir='ltr'><strong>ἀδελφοὶ,</strong></span> <span class='ocrx_word' id='word_1_668' title='bbox 1660 1715 1705 1741; x_wconf 78' lang='grc' dir='ltr'>ὅτι</span> <span class='ocrx_word' id='word_1_669' title='bbox 1715 1714 1797 1749; x_wconf 77' lang='grc' dir='ltr'><em>σὰρξ</em></span> 
     </span>
    </p>
   </div>
   <div class='ocr_carea' id='block_1_94' title="bbox 1000 1758 1801 1796">
    <p class='ocr_par' dir='ltr' id='par_1_94' title="bbox 1000 1758 1801 1796">
     <span class='ocr_line' id='line_1_94' title="bbox 1000 1758 1801 1796; baseline -0.001 -7"><span class='ocrx_word' id='word_1_670' title='bbox 1000 1761 1049 1789; x_wconf 74' lang='grc' dir='ltr'>καὶ</span> <span class='ocrx_word' id='word_1_671' title='bbox 1064 1758 1136 1796; x_wconf 80' lang='grc' dir='ltr'>αἷμα</span> <span class='ocrx_word' id='word_1_672' title='bbox 1143 1761 1307 1794; x_wconf 70' lang='grc' dir='ltr'>βασιλείαν</span> <span class='ocrx_word' id='word_1_673' title='bbox 1321 1760 1395 1788; x_wconf 85' lang='grc' dir='ltr'><strong>Θεοῦ</strong></span> <span class='ocrx_word' id='word_1_674' title='bbox 1408 1760 1635 1795; x_wconf 79' lang='grc' dir='ltr'>κληρονομῆσαι</span> <span class='ocrx_word' id='word_1_675' title='bbox 1655 1762 1693 1788; x_wconf 86' lang='grc' dir='ltr'>οὺ</span> <span class='ocrx_word' id='word_1_676' title='bbox 1704 1761 1801 1788; x_wconf 78' lang='grc' dir='ltr'><strong>δύνα-</strong></span> 
     </span>
    </p>
   </div>
   <div class='ocr_carea' id='block_1_95' title="bbox 1000 1806 1761 1842">
    <p class='ocr_par' dir='ltr' id='par_1_95' title="bbox 1000 1806 1761 1842">
     <span class='ocr_line' id='line_1_95' title="bbox 1000 1806 1761 1842; baseline -0.001 -8"><span class='ocrx_word' id='word_1_677' title='bbox 1000 1816 1058 1836; x_wconf 81' lang='grc' dir='ltr'>ται.</span> <span class='ocrx_word' id='word_1_678' title='bbox 1072 1807 1149 1835; x_wconf 82' lang='grc' dir='ltr'><em>Οὐδὲ</em></span> <span class='ocrx_word' id='word_1_679' title='bbox 1162 1808 1181 1841; x_wconf 85' lang='grc' dir='ltr'><em>ὴ</em></span> <span class='ocrx_word' id='word_1_680' title='bbox 1194 1807 1289 1842; x_wconf 60' lang='grc' dir='ltr'>φθορὰ</span> <span class='ocrx_word' id='word_1_681' title='bbox 1302 1806 1358 1839; x_wconf 80' lang='grc' dir='ltr'><strong>τὴν</strong></span> <span class='ocrx_word' id='word_1_682' title='bbox 1373 1806 1547 1841; x_wconf 52' lang='grc' dir='ltr'><strong>ἀφθαρσίαν</strong></span> <span class='ocrx_word' id='word_1_683' title='bbox 1564 1807 1761 1841; x_wconf 73' lang='grc' dir='ltr'>κληρονομεῖ.</span> 
     </span>
    </p>
   </div>
   <div class='ocr_carea' id='block_1_96' title="bbox 1036 1873 1796 1912">
    <p class='ocr_par' dir='ltr' id='par_1_96' title="bbox 1036 1873 1796 1912">
     <span class='ocr_line' id='line_1_96' title="bbox 1036 1873 1796 1912; baseline -0.001 -10"><span class='ocrx_word' id='word_1_684' title='bbox 1036 1875 1190 1912; x_wconf 82' lang='grc' dir='ltr'>Πληρώσας</span> <span class='ocrx_word' id='word_1_685' title='bbox 1207 1875 1253 1901; x_wconf 81' lang='grc' dir='ltr'>τὸν</span> <span class='ocrx_word' id='word_1_686' title='bbox 1281 1873 1408 1909; x_wconf 74' lang='grc' dir='ltr'>περὶτῆς</span> <span class='ocrx_word' id='word_1_687' title='bbox 1428 1874 1605 1906; x_wconf 75' lang='grc' dir='ltr'>ἀναστάσεως</span> <span class='ocrx_word' id='word_1_688' title='bbox 1627 1875 1719 1909; x_wconf 77' lang='grc' dir='ltr'>λόγον,</span> <span class='ocrx_word' id='word_1_689' title='bbox 1755 1877 1796 1907; x_wconf 77' lang='grc' dir='ltr'><strong>εἰς</strong></span> 
     </span>
    </p>
   </div>
   <div class='ocr_carea' id='block_1_97' title="bbox 1000 1920 1795 1958">
    <p class='ocr_par' dir='ltr' id='par_1_97' title="bbox 1000 1920 1795 1958">
     <span class='ocr_line' id='line_1_97' title="bbox 1000 1920 1795 1958; baseline 0 -9"><span class='ocrx_word' id='word_1_690' title='bbox 1000 1923 1162 1958; x_wconf 77' lang='grc' dir='ltr'>παραίνεσιν</span> <span class='ocrx_word' id='word_1_691' title='bbox 1188 1920 1254 1958; x_wconf 70' lang='grc' dir='ltr'>ἦλθε</span> <span class='ocrx_word' id='word_1_692' title='bbox 1280 1921 1418 1952; x_wconf 76' lang='grc' dir='ltr'>πολιτείας</span> <span class='ocrx_word' id='word_1_693' title='bbox 1436 1921 1563 1957; x_wconf 81' lang='grc' dir='ltr'>ἀρίστης,</span> <span class='ocrx_word' id='word_1_694' title='bbox 1577 1922 1623 1949; x_wconf 82' lang='grc' dir='ltr'><strong>καί</strong></span> <span class='ocrx_word' id='word_1_695' title='bbox 1643 1931 1741 1957; x_wconf 74' lang='grc' dir='ltr'>φησιν’</span> <span class='ocrx_word' id='word_1_696' title='bbox 1765 1923 1795 1949; x_wconf 86' lang='lat'><strong>&#39;0</strong></span> 
     </span>
    </p>
   </div>
   <div class='ocr_carea' id='block_1_98' title="bbox 1006 1966 1794 2006">
    <p class='ocr_par' dir='ltr' id='par_1_98' title="bbox 1006 1966 1794 2006">
     <span class='ocr_line' id='line_1_98' title="bbox 1006 1966 1794 2006; baseline 0 -11"><span class='ocrx_word' id='word_1_697' title='bbox 1006 1969 1093 2003; x_wconf 76' lang='grc' dir='ltr'>Ἀδὰμ</span> <span class='ocrx_word' id='word_1_698' title='bbox 1113 1969 1145 1995; x_wconf 84' lang='grc' dir='ltr'>ὲκ</span> <span class='ocrx_word' id='word_1_699' title='bbox 1156 1968 1208 2003; x_wconf 83' lang='grc' dir='ltr'>γῆς</span> <span class='ocrx_word' id='word_1_700' title='bbox 1221 1966 1255 2004; x_wconf 82' lang='grc' dir='ltr'>ἦν</span> <span class='ocrx_word' id='word_1_701' title='bbox 1266 1969 1410 2006; x_wconf 78' lang='grc' dir='ltr'>τοιγαροῦν</span> <span class='ocrx_word' id='word_1_702' title='bbox 1425 1970 1472 1995; x_wconf 83' lang='grc' dir='ltr'>καὶ</span> <span class='ocrx_word' id='word_1_703' title='bbox 1485 1970 1578 2004; x_wconf 76' lang='grc' dir='ltr'>χοϊκδς</span> <span class='ocrx_word' id='word_1_704' title='bbox 1587 1966 1633 2004; x_wconf 82' lang='grc' dir='ltr'>ἦν,</span> <span class='ocrx_word' id='word_1_705' title='bbox 1653 1969 1794 2001; x_wconf 81' lang='grc' dir='ltr'>τουτέστι,</span> 
     </span>
    </p>
   </div>
   <div class='ocr_carea' id='block_1_99' title="bbox 1000 2014 1796 2051">
    <p class='ocr_par' dir='ltr' id='par_1_99' title="bbox 1000 2014 1796 2051">
     <span class='ocr_line' id='line_1_99' title="bbox 1000 2014 1796 2051; baseline 0 -10"><span class='ocrx_word' id='word_1_706' title='bbox 1000 2015 1093 2051; x_wconf 70' lang='grc' dir='ltr'>γήϊνος</span> <span class='ocrx_word' id='word_1_707' title='bbox 1109 2015 1156 2042; x_wconf 73' lang='grc' dir='ltr'>καὶ</span> <span class='ocrx_word' id='word_1_708' title='bbox 1172 2014 1268 2050; x_wconf 85' lang='grc' dir='ltr'>βαρύς.</span> <span class='ocrx_word' id='word_1_709' title='bbox 1293 2016 1322 2042; x_wconf 92' lang='grc' dir='ltr'>Ὁ</span> <span class='ocrx_word' id='word_1_710' title='bbox 1343 2016 1372 2042; x_wconf 84' lang='grc' dir='ltr'><strong>δέ</strong></span> <span class='ocrx_word' id='word_1_711' title='bbox 1388 2024 1419 2050; x_wconf 83' lang='grc' dir='ltr'><strong>γε</strong></span> <span class='ocrx_word' id='word_1_712' title='bbox 1430 2015 1564 2051; x_wconf 76' lang='grc' dir='ltr'>δεύτερος</span> <span class='ocrx_word' id='word_1_713' title='bbox 1600 2015 1686 2050; x_wconf 53' lang='lat' dir='ltr'><strong>mssa</strong></span> <span class='ocrx_word' id='word_1_714' title='bbox 1701 2016 1716 2041; x_wconf 82' lang='grc' dir='ltr'><strong>ό</strong></span> <span class='ocrx_word' id='word_1_715' title='bbox 1741 2015 1796 2042; x_wconf 83' lang='grc' dir='ltr'><strong>Κύ-</strong></span> 
     </span>
    </p>
   </div>
   <div class='ocr_carea' id='block_1_100' title="bbox 1002 2060 1794 2097">
    <p class='ocr_par' dir='ltr' id='par_1_100' title="bbox 1002 2060 1794 2097">
     <span class='ocr_line' id='line_1_100' title="bbox 1002 2060 1794 2097; baseline -0.001 -9"><span class='ocrx_word' id='word_1_716' title='bbox 1002 2070 1059 2097; x_wconf 85' lang='grc' dir='ltr'>ριος</span> <span class='ocrx_word' id='word_1_717' title='bbox 1074 2061 1102 2094; x_wconf 75' lang='grc' dir='ltr'><strong>ἐξ</strong></span> <span class='ocrx_word' id='word_1_718' title='bbox 1113 2061 1241 2096; x_wconf 79' lang='grc' dir='ltr'>οὐρανοῦ.</span> <span class='ocrx_word' id='word_1_719' title='bbox 1257 2061 1390 2097; x_wconf 75' lang='grc' dir='ltr'>Οὐράνιος</span> <span class='ocrx_word' id='word_1_720' title='bbox 1404 2061 1458 2096; x_wconf 82' lang='grc' dir='ltr'>γὰρ</span> <span class='ocrx_word' id='word_1_721' title='bbox 1471 2062 1486 2088; x_wconf 81' lang='grc' dir='ltr'>ὁ</span> <span class='ocrx_word' id='word_1_722' title='bbox 1497 2061 1565 2092; x_wconf 65' lang='grc' dir='ltr'><strong>Θεὸς</strong></span> <span class='ocrx_word' id='word_1_723' title='bbox 1577 2061 1673 2094; x_wconf 75' lang='grc' dir='ltr'>Λόγος.</span> <span class='ocrx_word' id='word_1_724' title='bbox 1684 2060 1717 2087; x_wconf 83' lang='grc' dir='ltr'>Εἰ</span> <span class='ocrx_word' id='word_1_725' title='bbox 1738 2061 1794 2096; x_wconf 75' lang='grc' dir='ltr'>γὰρ</span> 
     </span>
    </p>
   </div>
   <div class='ocr_carea' id='block_1_101' title="bbox 1001 2107 1793 2144">
    <p class='ocr_par' dir='ltr' id='par_1_101' title="bbox 1001 2107 1793 2144">
     <span class='ocr_line' id='line_1_101' title="bbox 1001 2107 1793 2144; baseline 0 -10"><span class='ocrx_word' id='word_1_726' title='bbox 1001 2108 1048 2134; x_wconf 81' lang='lat' dir='ltr'><strong>xui.</strong></span> <span class='ocrx_word' id='word_1_727' title='bbox 1076 2107 1107 2134; x_wconf 85' lang='grc' dir='ltr'><strong>τὺ</strong></span> <span class='ocrx_word' id='word_1_728' title='bbox 1132 2108 1213 2143; x_wconf 84' lang='grc' dir='ltr'>σῶμα</span> <span class='ocrx_word' id='word_1_729' title='bbox 1243 2107 1327 2135; x_wconf 68' lang='grc' dir='ltr'>αξιτοῦ</span> <span class='ocrx_word' id='word_1_730' title='bbox 1357 2108 1499 2144; x_wconf 79' lang='grc' dir='ltr'>όμοοὺσιον</span> <span class='ocrx_word' id='word_1_731' title='bbox 1520 2109 1599 2143; x_wconf 82' lang='grc' dir='ltr'>ἡμῖν,</span> <span class='ocrx_word' id='word_1_732' title='bbox 1623 2107 1681 2134; x_wconf 82' lang='grc' dir='ltr'>ἀλλ’</span> <span class='ocrx_word' id='word_1_733' title='bbox 1696 2109 1729 2134; x_wconf 75' lang='grc' dir='ltr'>ἐκ</span> <span class='ocrx_word' id='word_1_734' title='bbox 1745 2107 1793 2134; x_wconf 81' lang='grc' dir='ltr'>τοῦ</span> 
     </span>
    </p>
   </div>
   <div class='ocr_carea' id='block_1_102' title="bbox 1001 2153 1794 2189">
    <p class='ocr_par' dir='ltr' id='par_1_102' title="bbox 1001 2153 1794 2189">
     <span class='ocr_line' id='line_1_102' title="bbox 1001 2153 1794 2189; baseline -0.003 -8"><span class='ocrx_word' id='word_1_735' title='bbox 1001 2154 1165 2189; x_wconf 79' lang='grc' dir='ltr'>κρείττονος,</span> <span class='ocrx_word' id='word_1_736' title='bbox 1182 2153 1315 2185; x_wconf 74' lang='grc' dir='ltr'>τουτέστι,</span> <span class='ocrx_word' id='word_1_737' title='bbox 1331 2153 1382 2187; x_wconf 82' lang='grc' dir='ltr'>τῆς</span> <span class='ocrx_word' id='word_1_738' title='bbox 1394 2153 1532 2189; x_wconf 82' lang='grc' dir='ltr'>θεότητος,</span> <span class='ocrx_word' id='word_1_739' title='bbox 1554 2153 1680 2188; x_wconf 74' lang='grc' dir='ltr'>οὐράνιον</span> <span class='ocrx_word' id='word_1_740' title='bbox 1707 2153 1794 2179; x_wconf 75' lang='grc' dir='ltr'>αὑτὸν</span> 
     </span>
    </p>
   </div>
   <div class='ocr_carea' id='block_1_103' title="bbox 1001 2196 1792 2235">
    <p class='ocr_par' dir='ltr' id='par_1_103' title="bbox 1001 2196 1792 2235">
     <span class='ocr_line' id='line_1_103' title="bbox 1001 2196 1792 2235; baseline -0.003 -9"><span class='ocrx_word' id='word_1_741' title='bbox 1001 2200 1086 2234; x_wconf 86' lang='grc' dir='ltr'>λέγει.</span> <span class='ocrx_word' id='word_1_742' title='bbox 1103 2214 1136 2219; x_wconf 78' lang='lat'><strong>—-</strong></span> <span class='ocrx_word' id='word_1_743' title='bbox 1151 2200 1281 2232; x_wconf 75' lang='grc' dir='ltr'>Ἄλλως.</span> <span class='ocrx_word' id='word_1_744' title='bbox 1302 2199 1331 2226; x_wconf 91' lang='grc' dir='ltr'><strong>Ὀ</strong></span> <span class='ocrx_word' id='word_1_745' title='bbox 1346 2199 1456 2234; x_wconf 86' lang='grc' dir='ltr'>πρῶτος</span> <span class='ocrx_word' id='word_1_746' title='bbox 1473 2199 1618 2235; x_wconf 76' lang='grc' dir='ltr'>ἅνθρωπος</span> <span class='ocrx_word' id='word_1_747' title='bbox 1633 2199 1729 2234; x_wconf 82' lang='grc' dir='ltr'>γήϊνος</span> <span class='ocrx_word' id='word_1_748' title='bbox 1746 2196 1792 2234; x_wconf 81' lang='grc' dir='ltr'>ἦν,</span> 
     </span>
    </p>
   </div>
   <div class='ocr_carea' id='block_1_104' title="bbox 1001 2245 1791 2282">
    <p class='ocr_par' dir='ltr' id='par_1_104' title="bbox 1001 2245 1791 2282">
     <span class='ocr_line' id='line_1_104' title="bbox 1001 2245 1791 2282; baseline -0.004 -8"><span class='ocrx_word' id='word_1_749' title='bbox 1001 2247 1032 2274; x_wconf 89' lang='grc' dir='ltr'>οὑ</span> <span class='ocrx_word' id='word_1_750' title='bbox 1046 2247 1076 2274; x_wconf 73' lang='grc' dir='ltr'>τὸ</span> <span class='ocrx_word' id='word_1_751' title='bbox 1089 2247 1122 2274; x_wconf 80' lang='grc' dir='ltr'>ὲκ</span> <span class='ocrx_word' id='word_1_752' title='bbox 1136 2246 1188 2281; x_wconf 86' lang='grc' dir='ltr'>γῆς</span> <span class='ocrx_word' id='word_1_753' title='bbox 1201 2246 1339 2282; x_wconf 84' lang='grc' dir='ltr'>παρῆχθαι</span> <span class='ocrx_word' id='word_1_754' title='bbox 1361 2246 1458 2282; x_wconf 83' lang='grc' dir='ltr'>(οὕτως</span> <span class='ocrx_word' id='word_1_755' title='bbox 1484 2245 1539 2281; x_wconf 81' lang='grc' dir='ltr'><strong>γὰρ</strong></span> <span class='ocrx_word' id='word_1_756' title='bbox 1566 2245 1667 2276; x_wconf 85' lang='grc' dir='ltr'>πάντες</span> <span class='ocrx_word' id='word_1_757' title='bbox 1688 2245 1791 2279; x_wconf 82' lang='grc' dir='ltr'>γήϊνοι,</span> 
     </span>
    </p>
   </div>
   <div class='ocr_carea' id='block_1_105' title="bbox 1000 2290 1790 2326">
    <p class='ocr_par' dir='ltr' id='par_1_105' title="bbox 1000 2290 1790 2326">
     <span class='ocr_line' id='line_1_105' title="bbox 1000 2290 1790 2326; baseline -0.006 -5"><span class='ocrx_word' id='word_1_758' title='bbox 1000 2294 1048 2321; x_wconf 70' lang='grc' dir='ltr'>καὶ</span> <span class='ocrx_word' id='word_1_759' title='bbox 1060 2293 1098 2320; x_wconf 77' lang='grc' dir='ltr'>ἔτι</span> <span class='ocrx_word' id='word_1_760' title='bbox 1111 2293 1162 2320; x_wconf 81' lang='grc' dir='ltr'>οὐκ</span> <span class='ocrx_word' id='word_1_761' title='bbox 1179 2293 1211 2321; x_wconf 76' lang='grc' dir='ltr'>ἄν</span> <span class='ocrx_word' id='word_1_762' title='bbox 1228 2301 1270 2324; x_wconf 92' lang='grc' dir='ltr'><strong>τις</strong></span> <span class='ocrx_word' id='word_1_763' title='bbox 1285 2292 1439 2320; x_wconf 71' lang='grc' dir='ltr'>αἰτιάσαιτο</span> <span class='ocrx_word' id='word_1_764' title='bbox 1453 2292 1484 2318; x_wconf 82' lang='grc' dir='ltr'>τὸ</span> <span class='ocrx_word' id='word_1_765' title='bbox 1507 2292 1540 2318; x_wconf 77' lang='grc' dir='ltr'>ὲκ</span> <span class='ocrx_word' id='word_1_766' title='bbox 1554 2292 1606 2326; x_wconf 84' lang='grc' dir='ltr'>γῆς</span> <span class='ocrx_word' id='word_1_767' title='bbox 1620 2290 1790 2325; x_wconf 78' lang='grc' dir='ltr'>παρῆχοαι).</span> 
     </span>
    </p>
   </div>
   <div class='ocr_carea' id='block_1_106' title="bbox 1001 2335 1790 2374">
    <p class='ocr_par' dir='ltr' id='par_1_106' title="bbox 1001 2335 1790 2374">
     <span class='ocr_line' id='line_1_106' title="bbox 1001 2335 1790 2374; baseline -0.006 -7"><span class='ocrx_word' id='word_1_768' title='bbox 1001 2340 1058 2367; x_wconf 83' lang='grc' dir='ltr'>ἀλλ’</span> <span class='ocrx_word' id='word_1_769' title='bbox 1077 2340 1110 2366; x_wconf 78' lang='grc' dir='ltr'>ἐκ</span> <span class='ocrx_word' id='word_1_770' title='bbox 1126 2340 1177 2374; x_wconf 85' lang='grc' dir='ltr'>γῆς</span> <span class='ocrx_word' id='word_1_771' title='bbox 1192 2347 1270 2374; x_wconf 78' lang='grc' dir='ltr'>φησι,</span> <span class='ocrx_word' id='word_1_772' title='bbox 1282 2338 1419 2370; x_wconf 82' lang='grc' dir='ltr'>τουτέστι,</span> <span class='ocrx_word' id='word_1_773' title='bbox 1437 2338 1533 2373; x_wconf 85' lang='grc' dir='ltr'>γήϊνος</span> <span class='ocrx_word' id='word_1_774' title='bbox 1562 2337 1611 2363; x_wconf 83' lang='grc' dir='ltr'>καὶ</span> <span class='ocrx_word' id='word_1_775' title='bbox 1646 2335 1790 2372; x_wconf 72' lang='grc' dir='ltr'>σαρκικδς,</span> 
     </span>
    </p>
   </div>
   <div class='ocr_carea' id='block_1_107' title="bbox 1001 2383 1791 2420">
    <p class='ocr_par' dir='ltr' id='par_1_107' title="bbox 1001 2383 1791 2420">
     <span class='ocr_line' id='line_1_107' title="bbox 1001 2383 1791 2420; baseline -0.006 -7"><span class='ocrx_word' id='word_1_776' title='bbox 1001 2386 1049 2413; x_wconf 75' lang='grc' dir='ltr'>καὶ</span> <span class='ocrx_word' id='word_1_777' title='bbox 1063 2385 1140 2412; x_wconf 80' lang='grc' dir='ltr'>κάτω</span> <span class='ocrx_word' id='word_1_778' title='bbox 1153 2385 1271 2420; x_wconf 79' lang='grc' dir='ltr'>φρονῶν.</span> <span class='ocrx_word' id='word_1_779' title='bbox 1297 2384 1325 2411; x_wconf 91' lang='lat'><strong>&#39;0</strong></span> <span class='ocrx_word' id='word_1_780' title='bbox 1349 2385 1377 2411; x_wconf 83' lang='grc' dir='ltr'><strong>δὲ</strong></span> <span class='ocrx_word' id='word_1_781' title='bbox 1393 2385 1532 2419; x_wconf 82' lang='grc' dir='ltr'>δεύτερος,</span> <span class='ocrx_word' id='word_1_782' title='bbox 1561 2383 1709 2418; x_wconf 80' lang='grc' dir='ltr'>μετάρσιος</span> <span class='ocrx_word' id='word_1_783' title='bbox 1727 2383 1791 2414; x_wconf 72' lang='grc' dir='ltr'>ὅλος</span> 
     </span>
    </p>
   </div>
   <div class='ocr_carea' id='block_1_108' title="bbox 1001 2429 1790 2467">
    <p class='ocr_par' dir='ltr' id='par_1_108' title="bbox 1001 2429 1790 2467">
     <span class='ocr_line' id='line_1_108' title="bbox 1001 2429 1790 2467; baseline -0.005 -8"><span class='ocrx_word' id='word_1_784' title='bbox 1001 2432 1048 2459; x_wconf 81' lang='grc' dir='ltr'>καὶ</span> <span class='ocrx_word' id='word_1_785' title='bbox 1066 2431 1201 2467; x_wconf 81' lang='grc' dir='ltr'>οὐράνιος,</span> <span class='ocrx_word' id='word_1_786' title='bbox 1216 2432 1264 2458; x_wconf 70' lang='grc' dir='ltr'>καὶ</span> <span class='ocrx_word' id='word_1_787' title='bbox 1277 2432 1398 2467; x_wconf 80' lang='grc' dir='ltr'>μηδεμιᾷ</span> <span class='ocrx_word' id='word_1_788' title='bbox 1411 2431 1466 2457; x_wconf 82' lang='grc' dir='ltr'>τῶν</span> <span class='ocrx_word' id='word_1_789' title='bbox 1479 2431 1582 2466; x_wconf 80' lang='grc' dir='ltr'>γηΐνων</span> <span class='ocrx_word' id='word_1_790' title='bbox 1601 2429 1689 2465; x_wconf 79' lang='grc' dir='ltr'>κηλὶδι</span> <span class='ocrx_word' id='word_1_791' title='bbox 1703 2431 1790 2464; x_wconf 79' lang='grc' dir='ltr'>βαρυ-</span> 
     </span>
    </p>
   </div>
   <div class='ocr_carea' id='block_1_109' title="bbox 999 2473 1789 2513">
    <p class='ocr_par' dir='ltr' id='par_1_109' title="bbox 999 2473 1789 2513">
     <span class='ocr_line' id='line_1_109' title="bbox 999 2473 1789 2513; baseline -0.004 -9"><span class='ocrx_word' id='word_1_792' title='bbox 999 2477 1121 2512; x_wconf 82' lang='grc' dir='ltr'>νόμενος.</span> <span class='ocrx_word' id='word_1_793' title='bbox 1137 2474 1200 2509; x_wconf 73' lang='grc' dir='ltr'>Οἷος</span> <span class='ocrx_word' id='word_1_794' title='bbox 1214 2477 1361 2513; x_wconf 78' lang='grc' dir='ltr'>τοιγαροῦν</span> <span class='ocrx_word' id='word_1_795' title='bbox 1372 2475 1407 2512; x_wconf 88' lang='grc' dir='ltr'>ἦν</span> <span class='ocrx_word' id='word_1_796' title='bbox 1420 2478 1434 2504; x_wconf 85' lang='grc' dir='ltr'>ὁ</span> <span class='ocrx_word' id='word_1_797' title='bbox 1450 2477 1542 2512; x_wconf 76' lang='grc' dir='ltr'>χοῖκὺν</span> <span class='ocrx_word' id='word_1_798' title='bbox 1574 2476 1672 2503; x_wconf 75' lang='grc' dir='ltr'>ἑαυτὸν</span> <span class='ocrx_word' id='word_1_799' title='bbox 1686 2475 1720 2502; x_wconf 87' lang='grc' dir='ltr'><strong>δι’</strong></span> <span class='ocrx_word' id='word_1_800' title='bbox 1752 2473 1789 2502; x_wconf 85' lang='grc' dir='ltr'><strong>ὧν</strong></span> 
     </span>
    </p>
   </div>
   <div class='ocr_carea' id='block_1_110' title="bbox 1001 2522 1788 2559">
    <p class='ocr_par' dir='ltr' id='par_1_110' title="bbox 1001 2522 1788 2559">
     <span class='ocr_line' id='line_1_110' title="bbox 1001 2522 1788 2559; baseline -0.004 -9"><span class='ocrx_word' id='word_1_801' title='bbox 1001 2524 1110 2559; x_wconf 75' lang='grc' dir='ltr'>ἐφρόνει</span> <span class='ocrx_word' id='word_1_802' title='bbox 1136 2524 1183 2550; x_wconf 82' lang='grc' dir='ltr'>καὶ</span> <span class='ocrx_word' id='word_1_803' title='bbox 1199 2523 1318 2559; x_wconf 81' lang='grc' dir='ltr'>ἔπραττε</span> <span class='ocrx_word' id='word_1_804' title='bbox 1345 2524 1532 2558; x_wconf 72' lang='grc' dir='ltr'>καταστήσας,</span> <span class='ocrx_word' id='word_1_805' title='bbox 1545 2522 1664 2550; x_wconf 82' lang='grc' dir='ltr'>τοιοῦτοι</span> <span class='ocrx_word' id='word_1_806' title='bbox 1679 2522 1788 2548; x_wconf 74' lang='grc' dir='ltr'>ἔσονται</span> 
     </span>
    </p>
   </div>
   <div class='ocr_carea' id='block_1_111' title="bbox 1000 2568 1787 2606">
    <p class='ocr_par' dir='ltr' id='par_1_111' title="bbox 1000 2568 1787 2606">
     <span class='ocr_line' id='line_1_111' title="bbox 1000 2568 1787 2606; baseline -0.004 -10"><span class='ocrx_word' id='word_1_807' title='bbox 1000 2570 1047 2596; x_wconf 80' lang='grc' dir='ltr'>καὶ</span> <span class='ocrx_word' id='word_1_808' title='bbox 1074 2570 1100 2596; x_wconf 87' lang='grc' dir='ltr'><strong>οι</strong></span> <span class='ocrx_word' id='word_1_809' title='bbox 1125 2570 1193 2606; x_wconf 64' lang='grc' dir='ltr'>προς</span> <span class='ocrx_word' id='word_1_810' title='bbox 1218 2570 1335 2605; x_wconf 81' lang='grc' dir='ltr'>μίμησιν</span> <span class='ocrx_word' id='word_1_811' title='bbox 1364 2569 1470 2596; x_wconf 80' lang='grc' dir='ltr'>ἐκείνου</span> <span class='ocrx_word' id='word_1_812' title='bbox 1491 2569 1626 2604; x_wconf 78' lang='grc' dir='ltr'>βιοῦντες,</span> <span class='ocrx_word' id='word_1_813' title='bbox 1651 2568 1787 2597; x_wconf 77' lang='grc' dir='ltr'>τουτέστι,</span> 
     </span>
    </p>
   </div>
   <div class='ocr_carea' id='block_1_112' title="bbox 998 2614 1788 2650">
    <p class='ocr_par' dir='ltr' id='par_1_112' title="bbox 998 2614 1788 2650">
     <span class='ocr_line' id='line_1_112' title="bbox 998 2614 1788 2650; baseline -0.004 -8"><span class='ocrx_word' id='word_1_814' title='bbox 998 2615 1095 2650; x_wconf 74' lang='grc' dir='ltr'>χοϊκοὶ,</span> <span class='ocrx_word' id='word_1_815' title='bbox 1107 2615 1153 2642; x_wconf 76' lang='lat' dir='ltr'><strong>xui.</strong></span> <span class='ocrx_word' id='word_1_816' title='bbox 1168 2616 1320 2650; x_wconf 72' lang='grc' dir='ltr'>πάσχοντες</span> <span class='ocrx_word' id='word_1_817' title='bbox 1331 2616 1382 2642; x_wconf 85' lang='grc' dir='ltr'>ὅσα</span> <span class='ocrx_word' id='word_1_818' title='bbox 1395 2616 1469 2647; x_wconf 70' lang='grc' dir='ltr'>εἰκὸς</span> <span class='ocrx_word' id='word_1_819' title='bbox 1484 2614 1685 2650; x_wconf 73' lang='grc' dir='ltr'>πάτχειν,τοίις</span> <span class='ocrx_word' id='word_1_820' title='bbox 1700 2621 1788 2648; x_wconf 80' lang='grc' dir='ltr'>προσ-</span> 
     </span>
    </p>
   </div>
   <div class='ocr_carea' id='block_1_113' title="bbox 998 2659 1786 2698">
    <p class='ocr_par' dir='ltr' id='par_1_113' title="bbox 998 2659 1786 2698">
     <span class='ocr_line' id='line_1_113' title="bbox 998 2659 1786 2698; baseline -0.003 -9"><span class='ocrx_word' id='word_1_821' title='bbox 998 2661 1156 2698; x_wconf 87' lang='grc' dir='ltr'>ηλώσαντας</span> <span class='ocrx_word' id='word_1_822' title='bbox 1171 2663 1286 2694; x_wconf 82' lang='grc' dir='ltr'>ἑαυτοὺς</span> <span class='ocrx_word' id='word_1_823' title='bbox 1311 2662 1350 2698; x_wconf 82' lang='grc' dir='ltr'>τῷ</span> <span class='ocrx_word' id='word_1_824' title='bbox 1373 2662 1426 2697; x_wconf 82' lang='grc' dir='ltr'><strong>χοῖ.</strong></span> <span class='ocrx_word' id='word_1_825' title='bbox 1445 2663 1501 2689; x_wconf 73' lang='grc' dir='ltr'><strong>Καὶ</strong></span> <span class='ocrx_word' id='word_1_826' title='bbox 1517 2659 1574 2693; x_wconf 76' lang='grc' dir='ltr'>οἷος</span> <span class='ocrx_word' id='word_1_827' title='bbox 1596 2659 1631 2697; x_wconf 78' lang='grc' dir='ltr'>ἦν</span> <span class='ocrx_word' id='word_1_828' title='bbox 1646 2662 1660 2687; x_wconf 85' lang='grc' dir='ltr'><strong>ὸ</strong></span> <span class='ocrx_word' id='word_1_829' title='bbox 1685 2660 1786 2696; x_wconf 82' lang='grc' dir='ltr'>μετάρ-</span> 
     </span>
    </p>
   </div>
   <div class='ocr_carea' id='block_1_114' title="bbox 998 2704 1784 2744">
    <p class='ocr_par' dir='ltr' id='par_1_114' title="bbox 998 2704 1784 2744">
     <span class='ocr_line' id='line_1_114' title="bbox 998 2704 1784 2744; baseline -0.004 -9"><span class='ocrx_word' id='word_1_830' title='bbox 998 2717 1055 2735; x_wconf 85' lang='grc' dir='ltr'>σιον</span> <span class='ocrx_word' id='word_1_831' title='bbox 1074 2709 1122 2736; x_wconf 69' lang='grc' dir='ltr'><strong>καὶ</strong></span> <span class='ocrx_word' id='word_1_832' title='bbox 1138 2708 1264 2744; x_wconf 83' lang='grc' dir='ltr'>οὐράνιον</span> <span class='ocrx_word' id='word_1_833' title='bbox 1276 2708 1324 2735; x_wconf 76' lang='lat' dir='ltr'><strong>xui.</strong></span> <span class='ocrx_word' id='word_1_834' title='bbox 1341 2707 1465 2743; x_wconf 79' lang='grc' dir='ltr'>καθαρὰν</span> <span class='ocrx_word' id='word_1_835' title='bbox 1491 2708 1541 2744; x_wconf 83' lang='grc' dir='ltr'>τὴν</span> <span class='ocrx_word' id='word_1_836' title='bbox 1555 2707 1602 2734; x_wconf 76' lang='grc' dir='ltr'><strong>ἐπὶ</strong></span> <span class='ocrx_word' id='word_1_837' title='bbox 1632 2707 1684 2741; x_wconf 86' lang='grc' dir='ltr'>γῆς</span> <span class='ocrx_word' id='word_1_838' title='bbox 1702 2704 1784 2733; x_wconf 66' lang='grc' dir='ltr'>αὑτῶ</span> 
     </span>
    </p>
   </div>
   <div class='ocr_carea' id='block_1_115' title="bbox 997 2750 1784 2789">
    <p class='ocr_par' dir='ltr' id='par_1_115' title="bbox 997 2750 1784 2789">
     <span class='ocr_line' id='line_1_115' title="bbox 997 2750 1784 2789; baseline -0.004 -9"><span class='ocrx_word' id='word_1_839' title='bbox 997 2754 1137 2781; x_wconf 78' lang='grc' dir='ltr'>πολιτείαν</span> <span class='ocrx_word' id='word_1_840' title='bbox 1164 2755 1380 2789; x_wconf 74' lang='grc' dir='ltr'>ἐνστησάμενος,</span> <span class='ocrx_word' id='word_1_841' title='bbox 1411 2754 1528 2781; x_wconf 82' lang='grc' dir='ltr'>τοιοῦτοι</span> <span class='ocrx_word' id='word_1_842' title='bbox 1558 2753 1666 2780; x_wconf 75' lang='grc' dir='ltr'>ἔσονται</span> <span class='ocrx_word' id='word_1_843' title='bbox 1684 2752 1732 2778; x_wconf 74' lang='grc' dir='ltr'>καὶ</span> <span class='ocrx_word' id='word_1_844' title='bbox 1759 2750 1784 2777; x_wconf 80' lang='grc' dir='ltr'><strong>οι</strong></span> 
     </span>
    </p>
   </div>
   <div class='ocr_carea' id='block_1_116' title="bbox 1001 2795 1782 2835">
    <p class='ocr_par' dir='ltr' id='par_1_116' title="bbox 1001 2795 1782 2835">
     <span class='ocr_line' id='line_1_116' title="bbox 1001 2795 1782 2835; baseline -0.005 -9"><span class='ocrx_word' id='word_1_845' title='bbox 1001 2799 1070 2835; x_wconf 81' lang='grc' dir='ltr'>πρὸς</span> <span class='ocrx_word' id='word_1_846' title='bbox 1084 2799 1225 2834; x_wconf 77' lang='grc' dir='ltr'>ὁμοίωσιν,</span> <span class='ocrx_word' id='word_1_847' title='bbox 1238 2799 1355 2826; x_wconf 78' lang='grc' dir='ltr'>καθόσον</span> <span class='ocrx_word' id='word_1_848' title='bbox 1381 2799 1455 2826; x_wconf 77' lang='grc' dir='ltr'>ἐστὶν</span> <span class='ocrx_word' id='word_1_849' title='bbox 1477 2798 1632 2833; x_wconf 81' lang='grc' dir='ltr'>ἀνθρώποις</span> <span class='ocrx_word' id='word_1_850' title='bbox 1661 2795 1782 2826; x_wconf 73' lang='grc' dir='ltr'>δυνατὸν.</span> 
     </span>
    </p>
   </div>
   <div class='ocr_carea' id='block_1_117' title="bbox 997 2843 1794 2882">
    <p class='ocr_par' dir='ltr' id='par_1_117' title="bbox 997 2843 1794 2882">
     <span class='ocr_line' id='line_1_117' title="bbox 997 2843 1794 2882; baseline -0.003 -10"><span class='ocrx_word' id='word_1_851' title='bbox 997 2845 1105 2880; x_wconf 70' lang='grc' dir='ltr'>ἐκείνης</span> <span class='ocrx_word' id='word_1_852' title='bbox 1135 2846 1183 2880; x_wconf 79' lang='grc' dir='ltr'>τῆς</span> <span class='ocrx_word' id='word_1_853' title='bbox 1205 2845 1345 2882; x_wconf 61' lang='grc' dir='ltr'>οὐρανίου</span> <span class='ocrx_word' id='word_1_854' title='bbox 1366 2845 1505 2880; x_wconf 73' lang='grc' dir='ltr'>διαγωγῆς</span> <span class='ocrx_word' id='word_1_855' title='bbox 1535 2843 1760 2878; x_wconf 70' lang='grc' dir='ltr'>πολιτιυσάμινοι</span> <span class='ocrx_word' id='word_1_856' title='bbox 1775 2861 1794 2874; x_wconf 81' lang='lat'><strong>,.</strong></span> 
     </span>
    </p>
   </div>
  </div>
