1872 3053
59 170 110 200 889

59 223 204 254 τουτέστιν,
226 220 384 256 ἆπουράνιοί
409 228 439 247 τι
464 220 581 252 ῐσονται,
608 221 654 248 καὶ
670 220 724 247 τῶν
753 221 836 254 ἀξίων
852 223 875 252 Α

59 269 148 299 αὐτοῖς
161 267 249 302 γερῶν
265 266 459 293 ἀπολαύσουσι.
476 275 484 291 ι
503 263 565 297 Οἷος
578 267 592 292 ὁ
611 266 713 300 χοῖκδς,
724 266 839 292 τοιοῦτοι

60 314 105 341 καὶ
117 315 140 340 οἰ
157 313 252 348 χοϊκοί.
271 322 280 338 ι
291 310 364 344 υἷος,
376 312 470 347 φησιν,
483 313 497 338 ὁ
508 312 598 346 χοῖκδς
612 311 707 346 Ἀδὰμ,
725 312 841 339 τοιοῦτοι

61 360 165 386 εσονται
181 358 280 389 πάντες
293 358 317 383 οἱ
333 358 434 391 γήϊνοι,
451 357 602 390 τουτέστιν,
618 359 642 383 οἱ
656 357 711 384 ὅλοι
725 357 775 391 τῆς
791 357 842 392 γῆς

63 405 134 435 ὅντες
152 404 197 429 καὶ
215 403 283 437 πρὸς
299 403 383 437 αὐτὴν
400 403 564 437 ἐπτοημένοι
590 402 787 429 ἀποθανοῦνται
797 403 842 428 τὸν

63 450 155 484 νοητὸν
178 449 292 475 θάνατον
317 449 362 475 τὸν
395 449 440 475 διὰ
463 449 512 483 τῆς
538 449 687 484 ἁμαρτίας.
714 449 745 475 Οί
772 449 800 474 δέ
812 457 843 482 γε

64 496 179 532 μιμηταὶ
192 495 331 530 γινόμενοι
345 494 466 529 Χριστοῦ
483 495 553 521 κατὰ
579 495 624 521 τὸν
640 495 755 527 Παῦλον,
768 495 843 521 ἔσον-

64 549 106 568 ται
119 541 178 573 ὠςό
191 541 364 574 ἐπουράνιος,
379 540 472 572 καθὼς
487 541 534 567 καὶ
553 540 708 575 ἀνθρώποις
723 540 842 574 ἐφικτόν.

67 598 76 614 ι
96 588 213 623 Οἴδαμεν
233 587 298 622 γὰρ,
320 587 404 620 φασὶν
417 588 443 612 αἱ
457 586 613 616 Καθολικαι,
627 587 668 613 ὅτι
698 587 745 613 ἐὰν
761 587 843 621 φανῇ,

65 636 148 670 ὅμοιοι
163 635 240 670 αὑτῷ
259 634 518 669 ἐσόμεθα.›-1Κα“ι
529 632 620 665 καθὼς
635 633 815 668 ἐφορέσαμεν.
832 641 842 657 ι

65 681 203 713 Τουτέστι,
219 680 318 715 Καθὼς
338 680 373 706 τὰ
391 679 481 714 φαῦλα
505 679 663 714 ἐπράξαμεν
680 678 777 714 (ταῦτα
791 678 845 712 γὰρ

66 727 144 754 είκὼν
163 728 211 754 τοῦ
235 726 352 762 χοϊκοῦ),
380 726 532 760 φορέσομεν
555 725 601 752 καὶ
613 725 662 760 τὴν
677 724 769 751 είκόνα
798 724 845 751 τοῦ

67 773 228 809 ἐπουρανίου
259 772 390 807 Χριστοῦ,
415 772 566 807 τουτέστιν,
600 769 845 805 ἀγαθοεργοῦντες,

68 819 112 846 καὶ
136 819 254 854 μιμηταί
275 817 358 845 αὑτοῦ
378 817 517 851 γινόμενοι
540 816 612 844 κατὰ
638 816 668 843 τὺ
697 816 845 851 ἐγχωροῦν.

68 865 163 896 Καθὼς
178 866 226 892 καὶ
247 865 328 896 αὐτὸς
345 864 471 900 ι-ἁλλαχοῦ
502 873 579 900 φησι,
612 873 621 890 t
645 864 771 899 Μιμηταί
794 872 845 898 μου

69 910 184 945 γίνεσθε,
213 910 303 942 καθὼς
315 910 392 944 κάγὼ
408 909 536 945 Χριστοῦ.
562 919 571 936 ι
602 924 635 930 -—-
652 919 662 935 ι
685 910 739 944 Τὴν
755 909 846 936 εἰκόνα

67 957 111 983 τοῦ
123 956 228 991 χοϊκοῦ.
249 965 258 982 ι
282 956 315 982 Ἢ
331 955 413 982 εἰκὼν
432 955 479 983 τοῦ
494 954 587 990 χοϊκοῦ
609 955 704 990 Ἀδὰμ,
716 955 755 988 τὺ,
773 964 781 981 ι
810 955 848 990 Γῆ

70 1001 102 1033 εἴ,
118 1002 164 1028 καὶ
179 1003 218 1032 εἰς
233 1003 284 1037 γῆν
301 1001 447 1037 ἀπελεύσῃ.
461 1011 470 1026 ι
489 1001 520 1028 Ἡ
532 1001 612 1028 εἰκὼν
627 1001 674 1028 τοῦ
689 1001 849 1037 ἐπουρανίου

70 1048 198 1083 Χριστοῦ,
225 1049 241 1083 ἡ
273 1049 305 1074 ὲκ
324 1048 429 1083 νεκρῶν
463 1048 613 1080 ἀνάστασις
637 1048 683 1075 καὶ
700 1047 849 1083 ἀφθαρσία.

71 1094 157 1126 Οὕτως
173 1095 189 1121 ὁ
200 1096 228 1121 ὲν
241 1094 328 1128 ἁγίοις
344 1094 475 1126 Μεθόδιος
507 1095 536 1121 ὲν
565 1094 603 1130 τῷ
628 1093 699 1128 Περὶ
719 1093 852 1121 ἀναστά-

71 1148 143 1173 σεως
154 1140 241 1175 λόγῳ.
261 1149 270 1166 ι
283 1140 438 1176 Φορέσομεν
457 1141 504 1167 καὶ
519 1141 568 1175 τὴν
591 1140 682 1167 εἰκόνα
705 1140 753 1167 τοῦ
774 1142 853 1167 ὲιιιοι)⁸

72 1185 171 1219 ρανίου.
192 1194 201 1210 ι
221 1185 267 1218 Τὸ,
283 1185 461 1219 Φορέσομενν,
474 1186 498 1212 εἰ
515 1185 565 1221 μὲν
574 1185 617 1212 διὰ
628 1185 686 1218 τοῦ,
700 1194 726 1218 o,
738 1185 853 1220 βραχέος

73 1232 218 1266 γραπτέον,
234 1232 434 1267 προαγόρευσίς
457 1232 532 1258 ἐστιν
566 1231 597 1263 ὲξ
621 1231 781 1262 ἀκολουθίας
807 1231 854 1266 λη-

74 1277 171 1311 φθεῖσα
186 1276 233 1303 τοῦ
248 1276 400 1311 μέλλοντος,
416 1276 463 1302 καὶ
479 1275 658 1311 ἀποφάνσεως
670 1275 727 1310 ἅμα
740 1275 855 1310 δύναμιν

74 1322 225 1357 πληροῦσα,
239 1322 373 1351 τουτέστι.
389 1322 502 1353 Πάντως
518 1322 672 1357 φορέσομεν
690 1321 740 1357 τὴν
763 1321 854 1348 εἰκόνα

74 1367 117 1393 τοῦ
132 1367 312 1402 ἐπουρανίου,
341 1368 436 1402 ὥσπερ
458 1368 627 1402 ἑφορέσαμεν
643 1367 690 1394 καὶ
704 1367 751 1402 τὴν
762 1367 855 1394 είκόνα

73 1412 117 1439 τοῦ
147 1413 253 1447 χοϊκοῦ.
285 1413 340 1440 Καὶ
359 1414 400 1448 είη
428 1413 461 1440 ἂν
474 1412 556 1439 είκὼν
581 1413 632 1448 μὲν
659 1412 706 1440 τοῦ
723 1413 818 1447 χοϊκοῦ
841 1412 856 1439 ὁ

75 1458 197 1489 θάνατος,
211 1457 294 1485 εἰκὼν
308 1458 337 1485 δὲ.
353 1459 400 1485 τοῦ
415 1458 582 1493 ἐπουρανίου
607 1459 624 1494 ή
636 1458 787 1490 ἀνάστασις
811 1457 858 1485 καὶ

76 1505 91 1538 ἡ
106 1504 258 1539 ἀφθαρσία.
272 1504 304 1530 Ὅ
316 1512 345 1530 τε
363 1504 417 1539 γὰρ
437 1504 534 1538 Ἀδὰμ.
553 1503 596 1530 διὰ
614 1503 661 1530 τοῦ
676 1503 792 1530 θανάτου
820 1504 858 1530 εί-

76 1548 221 1581 κονίξεται.
235 1549 320 1580 Αὐτὸς
331 1548 385 1583 γὰρ
401 1549 449 1575 καὶ
468 1549 576 1584 πρῶτος
592 1549 646 1576 τῶν
656 1549 756 1582 ἄλλων,
769 1549 855 1581 αττιος
868 1563 891 1595 c

75 1595 118 1622 τοῦ
134 1595 226 1622 θανεῖν
237 1595 342 1629 γέγονε,
358 1595 405 1621 καὶ
419 1595 433 1621 ό
455 1595 595 1630 Δεσπότης
621 1595 739 1631 Χριστὸς
764 1595 856 1628 πάλιν,

75 1641 115 1668 διὰ
132 1642 184 1677 τῆς
197 1642 372 1673 ἀναστάσεως
389 1642 436 1668 καὶ
449 1642 498 1676 τῆς
509 1641 664 1678 ἀφθαρσίας
681 1641 856 1674 εἰκονίζεται.

76 1687 157 1719 Αὐτός
181 1696 210 1714 τε
239 1687 294 1723 γὰρ
305 1687 419 1723 πρῶτος
438 1687 538 1722 ἀνέστη
560 1688 652 1723 σαρκὶ,
670 1687 784 1723 νικήσας
811 1687 858 1714 τον

77 1734 200 1767 θάνατον,
227 1735 273 1761 καὶ
297 1734 336 1769 τῷ
356 1734 428 1768 γένει
447 1734 529 1761 παντὶ
556 1733 610 1760 τῶν
631 1733 782 1768 ἀνθρώπων
808 1733 858 1769 τὴν

77 1780 223 1807 ἀνάστασιν
241 1781 288 1807 καὶ
303 1780 456 1816 ἀφθαρσίαν
471 1780 621 1815 ἐπήγαγεν.
634 1780 664 1806 Εἰ
675 1780 704 1806 δὲ
719 1779 760 1813 τὸ,
773 1779 859 1814 φορέ-

76 1821 179 1861 «oper,
192 1825 236 1853 διὰ
252 1825 358 1862 μακροῦ
366 1825 504 1860 γραπτέον
517 1825 574 1852 ἐστὶ
584 1825 643 1857 τοῦ,
653 1835 685 1858 ω,
697 1825 859 1860 παραίνεσίς

78 1872 131 1897 ἐστι
144 1871 194 1897 καὶ
207 1870 346 1906 συμὸουλὴ
359 1871 401 1897 ἐπ’
416 1870 527 1905 ἀρετὴν,
543 1869 590 1896 καὶΙ
603 1869 693 1896 ἔνθεον
708 1869 858 1895 πολιτείαν.

77 1918 248 1952 Μρέσωμεν,
283 1917 375 1951 φησιν,
403 1915 578 1950 ἐνδυσώμεθα
601 1915 651 1950 τὴν
689 1915 782 1942 εἰκόνα
811 1914 858 1941 τοῦ

79 1963 249 1998 ἐπουρανίου,
275 1963 319 1989 ἵνα
337 1963 588 1997 κληρονομήσωμεν
604 1962 653 1996 τὴν
669 1961 795 1996 οὐράνιον
811 1961 860 1996 βα-

79 2010 189 2036 σιλείαν.
206 2009 260 2036 Καὶ
274 2009 316 2044 εῐη
327 2008 360 2035 ἂν
373 2007 454 2034 εἰκὼν
470 2008 519 2042 μὲν
544 2007 662 2034 ἐνταῦθα
679 2007 772 2042 χοϊκοῦ
788 2007 860 2041 λαμ-

81 2055 227 2090 ϐανομένη,
257 2055 286 2081 αἱ
315 2054 429 2089 πράξεις
445 2055 472 2080 αἱ
487 2054 616 2089 πονηραὶ,
647 2054 694 2080 καὶ
719 2053 861 2088 βρίθουσαι

80 2101 145 2136 πρὸς
160 2101 197 2127 τὰ
210 2102 292 2135 γήϊνα
313 2101 360 2127 καὶ
373 2100 494 2135 σαρκικὰ
508 2099 593 2135 πάθη.
609 2099 702 2127 Ταῦτα
723 2099 776 2136 γὰρ
800 2109 863 2136 μορ-

82 2147 124 2180 φοῖ
142 2147 190 2173 καὶ
205 2146 406 2181 χαρακτηρίζει
419 2146 466 2172 τὸν
476 2145 650 2180 ἁμαρτωλὸν,
667 2145 696 2176 ὃς
712 2146 772 2172 ἐστι
803 2147 862 2179 χοῖ‹

82 2193 135 2224 κός.
154 2192 243 2219 Εῑκὼν
257 2192 285 2219 δὲ
298 2192 472 2227 ἐπουρανίου,
486 2192 517 2218 τὸ
531 2192 632 2227 ὑψηλὸν
658 2193 706 2218 καὶ
716 2192 863 2227 μετάρσιον

517 165 707 196 COMMENT.
730 167 770 197 ΙΝ
790 167 912 202 EPIST.
933 173 947 202 Ι
968 173 1018 202 AD
1035 171 1218 203 CORINTH.

1621 164 1677 197 890

890 228 947 253 tum
975 225 1133 254 hominibus
1156 224 1293 260 possibile
1304 227 1357 255 est,
1383 220 1539 250 conversati
1559 219 1673 254 fuerint,

892 266 944 299 hoc
958 275 1012 306 est,
1028 271 1153 299 caelestes
1166 274 1257 303 erunt,
1276 273 1302 296 et
1318 268 1443 295 fruentur
1455 266 1546 302 dignis
1563 272 1592 292 se
1603 270 1674 299 pra:-

892 318 966 345 miis.
984 327 994 344 ί
1014 318 1109 351 Qualis
1127 322 1263 347 terrenus,
1278 315 1347 342 tales
1358 317 1385 341 et
1405 312 1519 340 terreni.
1541 321 1550 337 ι
1568 309 1675 343 Qualis.

893 364 992 398 inquit,
1010 369 1135 391 terrenus
1150 362 1246 394 Adam,
1269 361 1338 388 tales
1353 363 1434 387 erunt
1445 365 1539 385 omnes
1552 356 1655 383 terreni
1669 363 1676 380 :

894 411 945 438 hoc
961 414 1014 442 est,
1031 410 1077 445 qui
1090 410 1139 436 loti
1154 411 1218 436 sunt
1238 407 1325 442 ipsius
1342 410 1422 433 teme
1452 408 1479 432 et
1496 404 1520 431 ei
1536 402 1678 429 adhaeren-

894 461 945 488 tes,
961 459 1048 482 morte
1059 453 1250 485 intellectuali,
1266 459 1327 487 qua:
1341 455 1451 486 propter
1467 452 1609 485 peccatum
1623 451 1677 478 est.

894 502 1055 529 morientur.
1067 499 1168 528 Christi
1183 504 1274 527 autem
1297 498 1451 525 imitatores
1475 496 1553 529 juxta
1566 493 1678 519 Paulum

894 552 975 575 erunt
991 552 1020 574 ut
1032 547 1154 574 caelestis
1165 546 1220 578 ille,
1237 548 1374 580 quatenus
1390 541 1550 569 hominibus
1563 545 1679 566 conces-

895 601 955 621 sum
967 598 1018 621 est.
1037 602 1046 618 ε
1066 593 1176 620 Scimus
1190 591 1274 623 enim,
1290 590 1366 617 aiunt
1379 587 1523 615 catholicae
1537 583 1679 620 Epistolm,

895 639 969 674 quod
987 640 1010 666 si
1027 637 1197 673 apparuerit,
1210 636 1315 664 similes
1331 635 1355 663 ei
1368 635 1472 662 erimus
1486 633 1520 660 ".
1542 641 1550 657 1
1570 645 1604 653 -
1621 641 1629 657 ι
1648 629 1681 656 Et

897 684 1127 720 quemadmodum
1143 682 1320 718 gestavimus.
1339 690 1348 706 ι
1370 679 1427 707 Hoc
1440 683 1491 712 est,
1510 678 1581 706 sicut
1598 683 1682 712 prava

897 731 1001 766 operati
1019 738 1125 761 sumus,
1140 736 1202 756 nam
1215 727 1260 755 illa
1273 732 1337 755 sunt
1353 727 1443 761 imago
1455 725 1568 756 terreni,
1591 727 1682 758 gesta-

898 778 989 806 bimus
1000 781 1027 804 et
1044 777 1191 812 imaginem
1209 775 1332 803 caelestis
1352 772 1456 800 Christi
1476 781 1482 798 :
1496 772 1549 798 hoc
1565 773 1618 800 est.
1635 769 1683 796 bo-

899 832 932 851 na
957 827 1113 858 operantes,
1137 822 1253 857 ejusque
1281 820 1346 847 facti
1368 819 1522 846 imitatores
1549 819 1682 851 quantum

900 869 1060 898 conceditur
1083 878 1091 897 :
1118 866 1349 904 quemadmodum
1376 870 1402 893 et
1427 865 1485 899 ipse
1510 862 1574 892 alibi
1590 861 1658 888 dicit
1675 868 1684 886 :

903 926 913 942 ι
931 915 1085 943 lmitatores
1101 915 1154 942 mei
1172 918 1260 942 estote
1273 914 1344 940 sicut
1361 916 1388 939 et
1402 919 1452 946 ego
1467 909 1569 938 Christi
1583 909 1632 934 ".i
1649 919 1685 926 ——-

905 971 913 988 ι
931 961 1080 996 imaginem
1097 959 1210 987 terreni.
1225 968 1234 985 ι
1251 959 1344 992 imago
1360 956 1464 984 terreni
1481 956 1566 982 Adam
1579 958 1621 981 est
1650 951 1686 979 il-

902 1007 947 1035 lud
961 1016 967 1034 :
985 1015 994 1033 (
1008 1005 1092 1033 Terra
1103 1014 1144 1037 es,
1157 1010 1184 1032 et
1200 1006 1226 1032 in
1243 1009 1343 1032 terram
1358 1001 1506 1031 reverteris
1519 1001 1552 1027 '°.
1571 1009 1580 1025 ι
1595 999 1694 1032 Imago-

902 1053 1022 1080 ctelcstis
1036 1051 1138 1079 Christi
1153 1056 1195 1078 est
1215 1049 1398 1078 ressurrectio
1414 1056 1447 1076 ex
1464 1047 1581 1074 mortuis
1595 1050 1621 1073 et
1642 1046 1688 1072 in-

903 1098 1056 1133 corruptio.
1075 1097 1114 1124 ita
1126 1097 1208 1124 habet
1225 1096 1305 1124 divus
1330 1094 1484 1123 Methodius
1509 1093 1579 1120 libro
1595 1091 1632 1118 De
1646 1098 1688 1118 re-

904 1144 1078 1172 surrectione.
1095 1153 1104 1169 ι
1121 1142 1298 1170 Gestabimus
1310 1145 1337 1168 et
1349 1140 1495 1174 imaginem
1511 1137 1644 1165 caelestis.
1673 1145 1682 1162 ι

904 1189 933 1217 Si
949 1189 1054 1224 legatur
1069 1187 1233 1222 φορέσομεν,
1252 1186 1279 1215 id
1295 1190 1348 1218 est,
1361 1184 1542 1220 gestabimus,
1562 1187 1592 1209 ut
1610 1187 1658 1216 per
1671 1187 1688 1206 ο

905 1234 988 1262 breve
1008 1231 1183 1260 scribendum
1202 1231 1250 1263 sit,
1264 1229 1426 1257 vaticinium
1436 1232 1478 1255 est
1490 1231 1628 1261 sumptum
1655 1230 1689 1251 ex

906 1278 1107 1314 consequentia
1133 1277 1196 1312 ejus
1226 1275 1449 1310 quodifuturum
1471 1276 1524 1304 est,
1554 1270 1691 1303 simulque

905 1325 961 1353 vim
984 1324 1076 1358 explet
1095 1327 1124 1350 ct
1146 1321 1311 1350 assertionis
1331 1328 1340 1348 :
1365 1320 1418 1349 hoe
1437 1322 1490 1351 est,
1516 1316 1691 1345 Gestabimus

907 1371 1020 1399 omnino
1032 1369 1177 1404 imaginem
1192 1368 1324 1398 cmlcstis.
1342 1367 1417 1394 sicut
1441 1364 1607 1400 gestavimus
1622 1362 1692 1389 ima-

909 1417 998 1452 ginem
1013 1415 1127 1443 terreni.
1141 1415 1176 1442 Et
1191 1421 1254 1441 esse
1268 1412 1380 1448 poterit,
1398 1411 1488 1446 imago
1503 1409 1613 1444 quidem
1634 1412 1693 1434 ter-

909 1463 979 1495 reni,
996 1468 1094 1489 mors:
1110 1460 1201 1494 imago
1225 1466 1291 1486 vero
1318 1457 1451 1488 cmlestis,
1473 1453 1639 1482 resurrectio
1662 1459 1694 1478 ac

910 1508 1091 1543 incorruptio.
1108 1505 1248 1540 Emgiatur
1257 1504 1329 1531 enim
1346 1503 1430 1529 Adam
1447 1509 1495 1536 per
1510 1505 1638 1529 mortem;
1653 1496 1695 1524 si-

909 1552 1019 1588 quidem
1031 1553 1090 1586 ipse
1100 1557 1210 1585 quoque
1219 1548 1324 1584 primus
1335 1547 1385 1574 fuit
1397 1547 1459 1574 aliis
1471 1544 1604 1572 moriendi
1617 1543 1695 1578 prin-

908 1599 1021 1634 cipium.
1033 1597 1208 1630 Rursumque
1220 1594 1350 1622 Dominus
1359 1593 1487 1620 Christus
1514 1598 1561 1625 per
1572 1595 1695 1617 resurre-

908 1646 1026 1673 ctionem
1034 1648 1060 1671 et
1070 1641 1302 1677 incorruptionem
1313 1637 1529 1674 eﬂigiaturﬁam
1539 1640 1566 1663 et
1573 1636 1614 1670 ips
1620 1634 1696 1669 epri-

910 1699 971 1719 mus
988 1690 1015 1717 in
1029 1697 1113 1717 carne
1129 1687 1250 1716 surrexit
1263 1686 1370 1714 devicta
1391 1687 1488 1714 morte,
1511 1686 1538 1710 et
1565 1681 1697 1708 universo

910 1736 1053 1764 hominum
1068 1734 1161 1770 generi
1173 1731 1407 1760 resurrectionem
1419 1734 1447 1766 et
1462 1728 1694 1762 incorruptionem

910 1781 1051 1811 stabilivit.
1070 1781 1100 1808 Si
1118 1786 1183 1806 vero
1207 1777 1380 1813 φορέσωμεν.
1398 1775 1450 1802 hoc
1473 1778 1515 1802 est
1539 1776 1694 1808 gestemus.

911 1835 958 1863 per
976 1835 998 1853 ω
1020 1833 1148 1861 maguum
1175 1822 1352 1852 scribendum
1373 1822 1421 1852 sit,
1441 1820 1598 1847 adhortatio
1614 1823 1657 1845 est
1673 1822 1700 1845 et

912 1872 1061 1900 consilium
1072 1871 1106 1898 ad
1118 1870 1249 1897 virtutem
1265 1875 1298 1895 ac
1312 1868 1433 1894 divinam
1448 1865 1698 1893 conversationem.

912 1919 1066 1949 Gestemus,
1076 1916 1174 1952 inquit,
1186 1915 1243 1943 sive
1253 1914 1400 1942 induamus
1411 1912 1557 1946 imaginem
1567 1909 1699 1941 cceles'is,

913 1970 942 1992 ut
955 1963 1077 2000 caelestis
1093 1963 1169 1998 regni
1186 1961 1374 1988 haereditatem
1391 1959 1568 1993 accipiamus.
1584 1955 1616 1983 Et
1628 1962 1701 1982 nunc

913 2019 974 2040 esse
988 2010 1101 2046 poterit,
1126 2009 1216 2044 imago
1230 2007 1341 2042 quidem
1359 2005 1462 2034 terreni
1485 2011 1546 2039 quae
1571 2002 1699 2032 sumitur,

913 2064 1004 2092 prava:
1014 2055 1136 2083 actiones
1149 2053 1336 2088 deprimentes
1352 2051 1386 2078 ad
1398 2055 1524 2078 terrenas
1537 2053 1565 2076 et
1574 2047 1700 2075 carnales

915 2103 1085 2130 aﬂectiones.
1101 2099 1257 2135 “316577
1274 2098 1348 2126 enim
1367 2097 1487 2133 ﬁgurant
1505 2103 1537 2122 ac
1555 2094 1702 2128 designant

915 2153 1086 2185 peccatorem
1109 2147 1156 2182 qui
1173 2151 1300 2173 terrenus
1327 2147 1388 2171 est:
1418 2143 1508 2176 imago
1522 2147 1588 2168 vero
1615 2139 1700 2166 cmic-

915 2196 975 2228 stis,
996 2195 1142 2222 excelsum.
1156 2199 1189 2219 ac
1209 2191 1327 2219 sublime
1342 2188 1416 2224 quod
1443 2188 1472 2215 in
1491 2185 1702 2214 conversatione

82 2238 128 2272 τῆς
139 2238 288 2271 πολιτείας,
311 2238 358 2264 καὶ
381 2240 396 2272 ή
425 2238 522 2271 κτῆσις
547 2237 600 2263 τῶν
627 2237 763 2270 οὗρανίων
797 2238 853 2273 ἀρε·

952 2246 968 2273 ι,
983 2244 1010 2268 et
1038 2238 1186 2274 acquisitio
1205 2235 1362 2264 ccelestium
1392 2233 1537 2263 virtutum.

84 2283 145 2312 τῶν.

116 2363 199 2398 Φησὶν
226 2362 273 2388 οὖν
303 2363 360 2396 ἅμα
383 2363 430 2388 καὶ
454 2360 612 2397 ὲντρέπωνξ·
631 2361 792 2396 Φορέσωμεν
814 2361 864 2396 τήν

84 2408 173 2435 ιῐκόνα
185 2407 232 2434 τοῦ
249 2408 419 2442 ἐπουρανίου,
438 2407 603 2442 κτησώμεθα
624 2407 761 2434 πολιτείαν
781 2407 864 2441 ὑψοῦ-

85 2462 131 2480 σαν
146 2454 219 2489 ἡμᾶς
247 2453 315 2488 πρὸς
339 2453 464 2488 οὐρανόν.
480 2453 517 2480 Οὐ
545 2453 599 2488 γὰρ
615 2452 776 2488 αἰσχύνεσθε
805 2453 866 2479 om

84 2499 298 2532 ἐγκαλύπτεσθε,
311 2498 351 2525 ὅτι
365 2498 414 2533 τὴν
431 2498 480 2533 μὲν
499 2498 591 2525 εἰκόνα
608 2498 654 2524 τοῦ
677 2498 769 2533 χοϊκοῦ
797 2507 866 2533 προ-

84 2544 174 2578 θύμως
196 2544 379 2579 ὲφορέσαμεν,
398 2543 486 2570 καίτοι
516 2545 701 2570 κατασπῶσαν
717 2545 802 2580 ήμᾶς,
818 2545 866 2571 χαί.

84 2590 131 2624 τῆς
145 2590 283 2624 βασιλείας
296 2590 343 2616 τοῦ
356 2590 423 2616 Θεοῦ
436 2589 561 2622 ἀναξίους
573 2590 787 2624 ἀποφαίνουσαν,
800 2591 869 2626 πρὸς

86 2635 112 2661 δὲ
126 2635 175 2671 τὴν
191 2635 284 2661 εἰκόνα
296 2635 343 2662 τοῦ
361 2635 522 2671 ἐπουρανίου
540 2635 580 2662 ἔτι
596 2635 729 2670 μέλλομεν
741 2636 787 2662 καὶ
805 2636 872 2662 ἁνα-

86 2681 237 2715 6αλλόμεθα
250 2690 257 2714 ;
290 2682 488 2717 Σπουδάσωμεν
499 2681 602 2716 ταύτην
617 2681 788 2713 ἐνδύσασθαι,
805 2682 871 2709 ταύ-

85 2734 133 2762 την
163 2726 284 2762 ζηλῶσαι
310 2728 359 2762 τὴν
371 2728 496 2762 οὖράνιον
520 2728 669 2755 πολιτείαν.
688 2727 793 2759 Ι’Δλλιιις
816 2729 870 2764 γὰρ

85 2772 135 2800 οῦκ
159 2772 198 2799 ενι
226 2775 315 2808 τυχεῖν
345 2775 392 2809 τῆς
425 2774 551 2809 οὐρανίου
579 2774 728 2808 βασιλείας.
754 2783 763 2799 ‹
784 2774 870 2800 Τοῦτο

131 2871 154 2888 ⁸⁸
171 2870 266 2900 ann.
284 2873 365 2906 πω.
404 2875 425 2890 ¹¹
447 2874 536 2902 ICor.
557 2883 593 2908 xi,
613 2875 634 2901 i.

676 2875 697 2891 '°
719 2874 787 2902 Gen.
806 2882 849 2909 ut,
870 2876 911 2903 i9.

952 2362 1022 2389 Dicit
1036 2368 1100 2396 ergo
1115 2358 1195 2388 simul
1205 2357 1287 2386 etiam
1302 2356 1467 2384 adhortans:
1482 2345 1626 2382 Gestemus
1638 2343 1705 2379 ima-

919 2408 1009 2444 ginem
1029 2406 1103 2433 illius
1119 2403 1250 2437 caelestis,
1264 2402 1440 2438 acquiramus
1468 2398 1704 2427 conversationem

920 2443 981 2488 quas
998 2459 1048 2479 nos
1076 2450 1109 2477 ad
1138 2448 1238 2477 cmlum
1265 2447 1399 2474 sublevet.
1433 2443 1530 2471 Utrum
1549 2443 1622 2469 enim
1651 2448 1705 2468 non

918 2486 1081 2526 erubescitis
1096 2502 1185 2530 neque
1201 2491 1388 2523 occultamini,
1404 2490 1451 2526 qui
1475 2488 1576 2517 terreni
1595 2486 1706 2523 quidem

919 2545 995 2573 illius
1033 2542 1179 2578 imaginem
1205 2543 1331 2576 prompto
1365 2537 1457 2564 animo
1499 2534 1707 2571 gestaverimus.

920 2597 1074 2626 quanquam
1086 2596 1135 2616 nos
1149 2587 1279 2614 deorsum
1293 2584 1423 2615 trahetet,
1446 2587 1529 2616 atque
1557 2586 1640 2614 regno
1658 2577 1706 2603 Dei

921 2625 1048 2670 indignos
1062 2634 1216 2661 exhiberet:
1228 2632 1269 2659 ad
1279 2631 1425 2665 imaginem
1438 2631 1528 2655 autem
1545 2625 1617 2651 illius
1647 2629 1706 2649 cce-

921 2669 997 2709 lastis
1013 2681 1103 2709 adhuc
1117 2682 1279 2707 cunctamur
1293 2684 1324 2704 ac
1338 2672 1514 2703 diﬂ‘eramus?
1539 2669 1706 2697 Studeamus

919 2736 950 2756 ac
967 2728 1126 2756 festinemus
1134 2727 1204 2753 hanc
1217 2723 1340 2755 induere,
1349 2723 1419 2749 hanc
1431 2717 1549 2747 aemulari
1564 2714 1705 2743 caelestem

919 2774 1169 2806 conversationem;
1204 2777 1291 2806 neque
1310 2769 1381 2796 enim
1398 2766 1451 2793 alio
1468 2763 1548 2791 modo
1567 2758 1713 2794 contingit
