1872 3053
56 177 103 209 893

511 168 702 199 COMMENT.
720 167 759 196 IN
779 165 898 196 EPIST.
916 164 930 194 Ι
949 164 998 195 ΑΙ)
1013 163 1194 194 CORINTH.

1616 155 1670 187 SM

57 235 85 259 rh
107 231 180 261 τέλος
199 229 254 260 τοῖς
271 226 434 263 ἀνθρώποις,
458 225 495 260 μὴ
520 225 564 259 ὑφ’
580 224 609 250 ἓν
629 224 712 250 πᾶσιν
736 221 796 248 ὲπά·

932 226 952 246 ;ιι
964 218 1082 247 Joannes
1096 218 1132 244 ait
1149 217 1176 244 in
1192 213 1354 250 Apocalypsi
1376 213 1398 230 “
1413 213 1493 240 ﬁnem
1514 211 1671 238 hominibus

61 279 128 310 σθαι,
142 276 210 303 ἀλλὰ
224 274 292 301 κατά
311 274 392 308 μέρος
407 271 475 307 ὲλέῳ
492 270 572 302 Θεοῦ,
587 270 631 296 ἵνα
645 269 700 296 τῶν
717 267 835 302 πρώτων

59 322 263 357 ἀπολλυμένων,
292 320 316 345 οἱ
345 317 595 352 ὑπολιμπανόμενοι
622 315 662 349 τῷ
686 313 760 348 φόϐῳ
783 311 838 338 τῶν

61 367 301 404 προαναλωθέντων
317 366 356 396 εἰς
375 364 521 399 μετάνοιαν
539 362 648 388 ἔλθωσι.
668 360 748 393 Λέγει
765 358 792 384 δὲ
807 357 838 383 τὸ

60 402 141 449 δόγμα
158 413 238 440 τοῦτο
257 413 285 438 ὲν
297 412 329 446 τῇ
341 410 417 437 λύσει
433 410 482 444 τῆς
500 408 618 443 ὲόδόμης
632 405 779 441 σφραγῖδος
790 402 838 430 τοῦ

63 460 168 496 βιϐλίου.
188 457 240 484 Ὧν
254 457 341 488 οὕτως
352 456 479 491 ἐχόντων,
489 454 597 489 νοήσεις
611 453 640 479 τὸ
653 452 714 479 «Ἐν
727 450 835 485 ἀτόμῳ»

63 508 114 539 καὶ,
134 515 142 531 ι
166 505 210 531 Ἐν
228 505 292 540 ῥιπῇ
307 502 460 537 ὀφθαλμοῦ,
480 510 489 527 ι
507 500 579 527 κατά
595 498 684 525 κοινοῦ
701 496 838 532 εἰρῆσθαι,

64 553 105 580 καὶ
121 551 187 586 προς
216 549 250 576 τὰ
268 548 315 575 δύο
340 547 481 583 ἁρμόζειν,
497 547 542 573 ἵνα
601 545 687 575 οὕτως
705 552 712 559 ·
735 542 839 572 Πάντες

67 598 110 632 μὲν
135 597 164 623 οὐ
191 593 438 630 κοιμηθησόμεθα,
478 590 534 618 οἷον
566 587 776 624 ἀποθανούμεθα
811 587 839 612 ὲν

65 631 158 678 ἀτόμῳ,
188 643 217 667 ὲν
252 641 318 675 ῥιπῇ
352 637 509 673 ὀφθαλμοῦ,
541 635 585 662 διὰ
628 635 659 660 τὸ
688 633 758 660 κατά
790 631 840 666 μέ-

67 697 107 724 ρος
128 686 278 720 ὶπάγεσθαι
303 685 332 711 τὸ
350 685 438 717 τέλος,
455 682 526 710 κατὰ
546 681 591 708 τὸν
608 680 686 713 λόγον
697 678 747 713 τῆς
759 678 841 704 Ἀπο-

67 722 200 767 καλύψεως
218 740 226 747 ·
251 731 352 762 πάντες
379 731 471 765 μέντοι
496 725 707 764 ἀλλαγησόμεθα
723 725 752 750 ἐν
778 722 842 750 ἀτό-

69 789 125 815 μῳ,
144 780 172 805 ὲν
189 778 258 813 ῥιπῇ
281 775 431 810 ὀφθαλμοῦ,
458 776 488 801 ὲν
515 775 548 808 τῇ
566 772 668 808 ἐσχάτῃ
700 769 841 802 σάλπιγγι.

114 823 160 859 μὶν
180 823 234 858 γὰρ
260 821 367 857 πρῶται
399 820 548 853 σάλπιγγες
575 816 646 844 ἑπτὰ
672 813 749 842 οὖσαι
772 813 844 840 κατά

68 858 324 904 musmonem,
341 867 391 894 οὐκ
406 866 543 901 ἐγείρουσι
556 864 619 895 τοὺς
637 862 760 898 νεκροὺς,
776 858 844 886 ἀλλὰ

70 903 215 942 censio-Sat
239 913 304 944 τοὺς
323 911 494 947 ἀνθρώπους.
512 910 543 936 Ἦ
565 909 593 935 δὲ
616 906 757 934 τελευταία
783 903 846 930 σάλ-

71 961 139 994 πιγξ.
155 961 226 986 ποιεῖ
241 959 291 994 τήν
317 966 346 984 τε
370 957 479 992 ἔγερσιν
501 955 549 982 καὶ
564 954 614 989 τὴν
629 951 778 986 ἐναλλαγὴν
791 950 846 976 τῶν

70 1007 114 1042 ήδη
138 1005 314 1033 ἀναστάντων
331 1005 359 1030 ὲν
377 1002 470 1037 ἀτόμῳ
495 1001 542 1028 καὶ
566 1000 595 1026 ὲν
614 999 683 1034 ῥοπῇ
706 995 845 1032 ὀφθαλμοῦ

72 1054 114 1079 σὺν
131 1054 162 1088 τῇ
179 1053 279 1078 κτίσει.
310 1051 364 1077 Καὶ
381 1049 435 1084 γὰρ
459 1048 506 1074 καὶ
523 1048 539 1082 ἡ
557 1046 644 1077 κτίσις
665 1044 846 1079 ἀλλαγήσεται

72 1099 115 1133 τῆς
129 1099 242 1133 φθορᾶς,
253 1097 294 1128 είς
305 1096 353 1131 τὴν
367 1093 522 1128 ἐλευθερίαν
535 1093 583 1127 τῆς
592 1091 669 1125 δόξης
681 1090 734 1115 τῶν
745 1089 848 1115 τέκνων

72 1145 114 1172 τοῦ
128 1145 204 1178 Θεοῦ,
216 1143 308 1175 καθὼς
325 1143 353 1169 ὲν
371 1143 406 1176 τῇ
423 1141 489 1176 πρός
507 1139 658 1174 Ῥωμαίους
672 1135 757 1163 εἶπεν.
774 1145 783 1161 ι
804 1136 847 1162 Ἐν

73 1192 165 1227 ἀτόμῳ.
181 1200 190 1216 ι
209 1191 264 1217 Καὶ
282 1190 312 1217 τό
325 1187 474 1224 παράδοξόν
489 1193 581 1221 φησιν,
595 1185 636 1211 ὃτι
652 1182 770 1210 τοσαῦτα
785 1181 850 1208 θαύ-

75 1247 139 1272 ματα
153 1238 180 1264 ὲν
193 1236 332 1271 ἀκαριαίῳ
353 1235 428 1261 ἔσται
446 1233 534 1268 χρόνῳ
547 1232 604 1266 ἅμα
622 1232 655 1266 τῇ
670 1230 719 1265 τῆς
737 1229 850 1260 σάλπιγ-

75 1291 116 1316 γος
131 1280 414 1317 ἠχῇ-Ἐρώτησις.
434 1278 542 1312 Ἐπειδὴ
552 1277 622 1303 κατά
638 1284 697 1302 τινα
708 1275 760 1301 τῶν
775 1275 849 1299 ἀντι-

75 1329 177 1364 γράφων
190 1328 345 1362 περιέχεται
355 1325 402 1352 τοῦ
417 1324 591 1355 ¹Δποστόλου,
604 1333 612 1348 ι
624 1322 727 1352 Πάντες
739 1321 788 1356 μὲν
799 1329 851 1346 κοι-

78 1374 259 1410 μηθησόμεθα,
271 1374 301 1400 οὐ
312 1373 409 1404 πάντες
420 1371 446 1398 δὲ
454 1369 671 1404 ἀλλαγησόμεθα.
679 1377 688 1394 ι
701 1367 779 1394 Κατὰ
789 1374 851 1393 τινα

77 1420 111 1450 δὲ,
129 1428 137 1445 t
151 1419 211 1446 Ὅτι
228 1418 330 1449 πάντες
343 1417 392 1451 μὲν
400 1417 430 1443 οὺ
443 1413 679 1449 κοιμηθησόμεθα,
700 1412 801 1442 πάντες
823 1410 852 1437 δὲ

77 1464 289 1500 ἀλλαγησόμεθα,
304 1473 312 1489 ι
325 1462 475 1498 παρακαλῶ
489 1460 583 1496 μαθεῖν
595 1459 674 1486 ποίαν
685 1459 724 1485 δεῖ
738 1457 791 1484 τῶν
806 1458 852 1483 ἐκ·

79 1513 169 1539 δόσεων
187 1512 325 1546 ὲγκρῖναι,
342 1509 389 1536 καὶ
401 1508 427 1534 τί
443 1508 477 1535 τὰ
494 1508 525 1534 ὲκ
535 1506 636 1532 τούτων
647 1504 854 1540 δηλούμενα.-

83 1557 256 1591 Ἀπόκρισις.
270 1553 355 1589 Οἶμαι
366 1554 406 1580 ὅτι
422 1553 483 1580 καθ’
495 1552 627 1586 ὼιατέραν
643 1550 696 1576 τῶν
710 1548 851 1580 ὲκδόσεων,
864 1558 886 1589 C

78 1603 163 1638 ἐπειδὴ
186 1602 232 1628 καὶ
262 1601 295 1627 τὰ
313 1601 414 1635 ἀρχαῖα
438 1598 493 1625 τῶν
517 1596 709 1633 ἀντιγράφων,
733 1595 781 1626 τὰς
806 1593 852 1620 δύο

79 1647 240 1682 περιέχουσιν
252 1653 260 1661 '
282 1644 401 1675 εὑσεὸὦς
417 1643 444 1670 δέ
464 1651 505 1671 τις
519 1641 708 1676 ἐκλαμϐάνων,
722 1639 769 1666 τοῦ
788 1641 855 1666 ἀπο-

81 1693 191 1720 οτολικοῦ
209 1694 261 1720 οὐκ
273 1692 450 1718 ἀποπεσεῖται
466 1688 567 1716 σκοποῦ
579 1696 586 1703 ο
607 1687 678 1714 κατὰ
692 1686 741 1722 μὲν
752 1683 798 1712 οὖν
813 1685 854 1718 τὸ,

83 1749 91 1765 ι
104 1740 200 1771 Πάντες
218 1735 458 1773 κοιμηθησόμεθα,
485 1735 515 1761 οὐ
533 1735 633 1765 πάντες
656 1733 684 1759 δὲ
704 1731 855 1766 ἀλλαγησό-

85 1786 155 1820 μεθα,
176 1795 183 1811 ι
204 1785 277 1811 οὕτω
304 1783 356 1818 χρὴ
381 1782 461 1814 νοεῖν,
479 1781 519 1807 ὅτι
543 1779 643 1810 πάντες
664 1778 724 1814 μὲν,
744 1777 793 1813 τὴν
812 1777 856 1804 διὰ

83 1832 188 1858 θανάτου
206 1830 338 1865 κοίμησιν
361 1827 561 1863 ὑπομενοῦμεν,
586 1826 614 1852 οὐ
634 1825 734 1855 πάντες
752 1823 781 1850 δὲ
807 1824 857 1856 τὴν

83 1876 151 1908 δόξαν
165 1876 209 1902 καὶ
231 1875 284 1910 τὴν
301 1873 457 1908 παρρησίαν
477 1869 708 1904 ἀπαλλαξόμεθα,
724 1869 791 1903 ὅπερ
807 1867 857 1894 αὺ-

83 1921 122 1951 τὸς
139 1921 297 1952 Ἀπόστολος
322 1921 350 1946 ὲν
367 1919 439 1953 ἄλλῳ
452 1917 542 1952 τίθησι
556 1917 667 1951 φάσκων
681 1914 858 1948 σαφέστερον,

87 1977 94 1993 t
107 1967 187 2002 Εἴπερ
203 1968 252 1993 καὶ
266 1965 452 2000 ἐνδυσάμενοι,
467 1963 496 1990 οὺ
510 1962 608 1998 γυμνοὶ
618 1959 832 1996 εὑρεθησόμεθα.
847 1968 856 1984 ι

85 2014 154 2039 Κατὰ
164 2013 191 2039 δὲ
203 2014 242 2044 τὸ,
264 2021 273 2038 ι
288 2011 325 2037 Οὐ
339 2011 437 2041 πάντες
454 2009 502 2044 μὲν
518 2005 861 2042 κοιμηθησόμεθα,πάντες

85 2060 110 2086 δὲ
123 2057 339 2094 ἀλλαγησόμεθα,
353 2066 361 2082 ι
377 2056 448 2082 οὕτω
464 2055 517 2090 χρὴ
533 2053 702 2088 ἐκδέχεσθαι,
717 2052 758 2078 ὅτι
770 2052 819 2086 μὲν
830 2051 861 2077 οὗ

87 2103 302 2139 κοιμηθησόμεθα
318 2103 367 2137 τὴν
381 2100 508 2136 χρονικὴν
526 2099 665 2134 κοίμησιν,
684 2097 755 2124 ὥστε
766 2095 864 2132 δεηθῆ-

87 2160 125 2178 ναι
136 2153 221 2187 ταφῆς
234 2152 282 2178 καὶ
291 2150 393 2180 λύσεως
406 2148 456 2182 τῆς
468 2148 507 2177 είς
519 2146 632 2181 φθορὰν,
648 2144 716 2172 ἀλλὰ
731 2143 863 2177 σύντομον

89 2199 129 2224 τὸν
153 2199 266 2225 θάνατον
287 2196 312 2222 οἱ
337 2196 397 2222 τότε
421 2193 611 2228 εὑρισκόμενοι
630 2189 806 2225 ὑπομενοῦσι,
825 2187 864 2223 μὴ

89 2243 200 2278 δεόμενοι
227 2240 356 2278 χρονικῆς
382 2227 546 2273 κοιμήσεως,
570 2236 614 2262 διὰ
637 2235 686 2270 τὴν
704 2232 861 2270 παραυτίκα
877 2227 899 2255 ι)

90 2287 226 2323 γινομένην
239 2287 397 2317 ἀνάστασιν,
407 2284 507 2313 πάντες
518 2281 546 2308 δὲ
563 2280 771 2314 ἀλλαγήσονται,
787 2285 864 2304 τουτ-

91 2321 152 2364 έστι,
168 2331 323 2367 ἀφθαρσίαν
341 2329 503 2357 ὲνδύσονται.
520 2336 529 2353 ι
549 2326 679 2353 Σαλπίσει
695 2324 759 2359 γὰρ.
770 2333 779 2349 ι
799 2321 866 2350 Εῐτα

91 2380 117 2405 τό
132 2379 284 2411 ἀξιόπιστον
295 2376 401 2407 δεικνὺς
419 2374 472 2400 τῶν
491 2373 651 2407 γινομένων,
672 2370 750 2406 φησί·
773 2378 782 2395 ι
799 2368 868 2395 Σαλ-

93 2424 226 2459 πίσειγάρ,
239 2425 268 2459 »ἡ
278 2421 394 2455 σάλπιγξ
402 2421 491 2454 ἐκείνη
502 2421 516 2454 ἠ
528 2418 640 2454 φοϐερὰ,
660 2426 668 2443 t
681 2417 728 2443 καὶ
737 2417 760 2442 oi
775 2414 868 2450 νεκροὶ⁸

93 2470 293 2505 ἀναστήσονται,
314 2477 323 2494 ›
344 2467 464 2502 δηλονότι
483 2464 679 2499 ὲνηλλαγμένοι
702 2461 868 2496 καὶᾶφθαρ-

94 2525 140 2542 τοι.
154 2517 206 2542 Καὶ
217 2517 309 2550 ἡμεῖς,
322 2512 472 2544 τουτέστιν,
488 2511 511 2537 oi
526 2508 795 2544 καταλαμϐανόμενοι
807 2506 867 2533 τότε

97 2562 200 2593 ζῶντεςι
218 2561 283 2596 περὶ
309 2559 421 2586 ἐκείνων
446 2558 510 2592 γὰρ.
531 2556 563 2582 οὐ
584 2555 648 2589 περὶ
674 2552 770 2580 ἑαυτοῦ
789 2559 866 2586 φησιι

96 2608 139 2635 καὶ
176 2609 256 2644 ἡμεῖς
294 2603 440 2641 τοιγαροῦν
473 2600 693 2637 ἀλλαγησόμεθα.
723 2598 785 2625 Ἐπὶ⁴
809 2597 872 2624 τού-

96 2663 145 2681 των
157 2656 210 2690 γὰρ
229 2655 278 2681 οὒκ
292 2653 368 2680 ἔσται
382 2652 502 2686 ἔγερσις,
514 2648 568 2675 τῶν
587 2647 655 2682 μηδὲ
675 2645 870 2680 κοιμηθέντων,

97 2701 160 2728 ἀλλὰ
174 2702 252 2737 μόνον
268 2699 413 2733 ὲναλλαγή.
439 2697 471 2724 Ui
498 2695 547 2731 μὲν
564 2693 656 2728 νεκροὶ¹
672 2693 697 2719 οἱ
714 2690 873 2726 προαποθα-

99 2748 193 2780 νόντες,
215 2747 411 2782 ἐγερθήσονται
433 2743 576 2777 ἄφθαρτοι,
593 2740 618 2766 οἱ
643 2739 672 2765 δὲ
697 2737 796 2770 ζῶντες
812 2737 872 2762 τότε

99 2795 153 2826 πῶς
167 2793 358 2829 ἐγερθήσονται
370 2800 378 2823 ς
392 2789 480 2818 Μόνον
493 2788 530 2819 ὡς
545 2788 574 2814 ὲν
588 2787 657 2821 ῥοπῇ
672 2784 872 2818 ἀλλαγήσονται

134 2882 152 2896 ⁶¹
171 2883 256 2916 Apoc.
283 2890 321 2915 γι,
338 2889 397 2912 vm,
415 2888 452 2911 ιχ,
470 2887 496 2909 x,
511 2886 547 2906 xl.
585 2878 606 2893 θ’
621 2876 699 2903 Rozn.
722 2883 779 2907 νιιι,
798 2872 844 2900 21.
883 2869 906 2887 ⁸³

889 274 944 294 non
968 265 1049 293 simul
1063 264 1192 292 omnibus
1206 262 1311 293 induci,
1330 260 1377 288 sed
1406 258 1452 286 Dei
1485 256 1672 284 misericordia

889 310 1019 346 paulatim
1035 317 1067 336 ac
1084 308 1247 344 pedetentim
1266 315 1273 334 ε
1287 311 1316 333 ut
1327 304 1464 339 prioribus
1480 302 1672 337 pereuntibus,

889 356 934 391 qui
950 356 1155 390 relinquuntur,
1173 354 1271 380 timore
1298 351 1375 386 prius
1404 351 1630 382 cousumptornm
1642 346 1674 372 ad

890 401 1106 436 resipiscentiam
1117 400 1236 426 veniant.
1251 397 1384 431 Loquitur
1407 400 1496 421 alitem
1523 393 1558 420 ob
1577 393 1675 427 dogma

889 449 922 475 de
938 446 1073 475 solutione
1088 446 1194 480 septimi
1215 444 1297 479 sigilli
1315 442 1387 470 libri.
1406 441 1472 474 Qua!
1487 447 1548 467 cum
1576 439 1612 465 ita
1647 445 1680 464 se

891 492 1020 524 habeant,
1037 491 1171 524 intelliges
1185 489 1256 524 quod
1271 488 1371 515 dicitur
1385 495 1392 513 ί
1419 495 1428 511 ›
1448 486 1474 512 in
1490 488 1591 519 pnnrto
1606 489 1675 509 tem-

890 539 965 573 poris
980 541 1006 565 et
1022 537 1047 563 in
1065 539 1203 563 momento
1228 534 1312 564 oculi,
1335 542 1343 558 ι
1370 531 1506 558 rommuni
1531 529 1612 556 tnodo
1633 528 1676 555 di-

892 588 966 610 cttnn
983 590 1055 613 esse,
1075 585 1102 608 et
1118 582 1150 607 ad
1162 581 1216 606 duo
1237 580 1324 614 aptari
1343 579 1400 606 sire
1413 577 1520 608 referri,
1540 579 1569 602 ut
1586 574 1676 602 sitltic

892 637 991 657 sensus
1010 637 1017 654 :
1039 627 1097 654 Non
1116 634 1211 654 omnes
1227 626 1338 660 quidem
1351 624 1521 652 dormietnus
1536 622 1593 650 sive
1613 627 1678 647 ino-

892 675 996 702 riemur
1014 674 1040 701 in
1056 677 1158 708 puncto
1172 671 1317 707 temporis.
1334 671 1361 698 in
1377 671 1451 697 nictu
1461 668 1547 699 oculi,
1561 675 1593 694 eo
1605 666 1678 700 quod

894 723 995 751 sensim
1017 722 1162 750 inducatur
1181 727 1243 747 mox
1257 719 1335 753 juxta
1363 717 1473 745 verbum
1487 713 1676 749 Apocalypsis:

893 769 997 797 Omnes
1026 772 1116 795 tamen
1138 765 1345 794 immutabimur
1369 764 1396 789 in
1415 765 1518 797 puncto
1536 758 1677 793 temporis.

894 817 922 844 in
932 819 1071 843 momento
1083 814 1166 844 oculi,
1181 813 1208 839 in
1235 815 1354 838 extrema
1381 809 1458 835 tuba.
1479 806 1561 841 579
1585 805 1680 831 Primae

897 861 1033 896 siquidem
1049 860 1132 891 tubae,
1154 865 1215 885 cum
1229 862 1331 891 septem
1351 860 1445 883 essent
1471 853 1547 885 juxta
1575 851 1681 884 Apoca-

897 909 1005 944 lypsim,
1018 914 1072 934 non
1086 903 1221 933 suscitant
1237 907 1370 934 mortuos,
1398 899 1447 928 sed
1473 896 1622 925 conﬁciunt
1649 901 1681 920 ac

897 954 1057 982 intcritnnnt
1070 951 1193 978 homines
1208 955 1216 975 :
1229 952 1423 976 extremavcro
1443 945 1507 972 tuba
1536 941 1682 970 suscitabit

898 1007 930 1026 ac
947 997 1105 1026 immutabit
1130 1002 1177 1022 eos
1191 994 1237 1029 qui
1248 993 1304 1028 jam
1320 990 1521 1018 resnrrexerint
1532 988 1559 1014 in
1583 989 1682 1021 puncto

898 1042 1028 1077 temporis
1044 1039 1105 1068 etin
1120 1042 1258 1065 motnento
1273 1036 1346 1064 oculi
1373 1042 1426 1062 una
1453 1040 1514 1059 cum
1544 1036 1681 1058 creatura.

897 1087 965 1114 Nam
987 1090 1014 1113 et
1040 1089 1169 1113 creatura
1193 1082 1383 1110 immutabitur
1402 1087 1417 1106 a
1451 1077 1627 1111 corruptione
1656 1075 1682 1101 in

899 1135 1053 1161 libertatem
1067 1131 1161 1166 glorim
1178 1130 1295 1156 ﬁliorum
1325 1126 1381 1157 Dei,
1392 1125 1463 1152 sit-ut
1480 1125 1506 1150 in
1521 1122 1640 1157 Epistula
1650 1120 1682 1146 ad

899 1179 1039 1207 Romanos
1054 1177 1124 1204 dixit
1138 1177 1174 1202 ⁶¹.
1207 1184 1216 1200 ι
1232 1174 1260 1200 ln
1293 1176 1393 1208 puncto
1417 1169 1559 1203 temporis.
1575 1177 1584 1193 ι
1618 1167 1683 1193 Rem

900 1226 980 1254 etiam
993 1223 1182 1251 admirandam
1206 1211 1359 1254 dixit-quod
1377 1221 1451 1243 tanta
1479 1213 1610 1242 miracula
1635 1213 1686 1238 im-

901 1269 1072 1306 perreptibili
1085 1272 1165 1295 erunt
1179 1272 1298 1300 tempore
1313 1263 1393 1291 sintul
1414 1269 1475 1288 cum
1502 1267 1568 1287 sono
1597 1258 1683 1284 Inlue:
1700 1255 1703 1258 ⁴

899 1332 935 1337 ——
951 1314 1139 1349 Interrogatio.
1154 1312 1286 1345 Quoniam
1310 1309 1387 1344 juxta
1402 1307 1525 1342 quatdam
1548 1303 1685 1338 exempla-

901 1363 953 1394 ria,
973 1348 1108 1388 habentur
1127 1359 1183 1386 haec
1204 1356 1326 1391 Apostoli
1341 1354 1421 1381 verba
1444 1362 1450 1380 :
1472 1361 1482 1378 ι
1515 1351 1615 1378 Omnes
1625 1348 1686 1384 qui-

902 1409 963 1436 dem
978 1406 1158 1436 dormiemus,
1188 1407 1216 1429 at
1229 1410 1283 1429 non
1312 1407 1414 1428 omnes
1439 1394 1654 1425 iminnlabimur.
1676 1403 1684 1419 I

906 1451 1064 1481 Secundum
1087 1448 1219 1476 nonnulla
1239 1453 1304 1473 vero
1321 1454 1329 1472 :
1346 1454 1354 1470 ι
1371 1443 1430 1470 Non
1447 1448 1542 1469 omnes
1579 1439 1687 1474 quidem

903 1498 1085 1527 dormiemus.
1104 1501 1200 1521 omnes
1221 1497 1310 1519 tatncn
1327 1488 1547 1518 immutabintnr;
1563 1495 1571 1511 I
1593 1490 1690 1518 precor

904 1544 997 1573 doceri
1016 1547 1104 1570 utram
1122 1540 1271 1568 editionum
1281 1537 1381 1570 eligere
1401 1537 1536 1569 oporteat,
1563 1536 1589 1558 et
1616 1529 1688 1564 quod

905 1599 952 1627 per
963 1591 1019 1618 hate
1035 1582 1404 1624 signdicetne—Responsio.
1414 1580 1517 1614 Opinor
1531 1577 1602 1612 quod
1614 1577 1689 1610 juxta

905 1642 1050 1670 utramque
1063 1633 1225 1662 editionem,
1236 1627 1456 1664 quandoquidem
1474 1628 1565 1651 vetera
1581 1629 1691 1657 quoque

905 1681 1074 1716 exemplaria
1093 1683 1238 1712 utramque
1254 1675 1404 1704 continent,
1420 1671 1442 1699 si
1469 1671 1531 1706 quis
1552 1671 1593 1704 pic
1617 1668 1690 1694 arci-

907 1729 962 1765 piat
971 1714 1025 1755 non
1039 1725 1145 1754 excidet
1156 1723 1189 1750 ab
1204 1721 1355 1749 intentione
1366 1718 1499 1752 Apostoli.
1513 1716 1603 1750 Itaque
1614 1714 1691 1747 juxta

907 1775 972 1803 illud
981 1773 1090 1809 quidem
1107 1770 1227 1798 tOmncs
1239 1767 1417 1797 dormietnus,
1431 1768 1458 1790 at
1469 1770 1523 1790 non
1538 1760 1693 1788 otnucsitn-

909 1820 1086 1850 mutabimuc,
1111 1826 1120 1843 ι
1148 1816 1185 1843 ita
1198 1814 1350 1847 intelligere
1366 1807 1571 1846 oportet,quod
1599 1811 1694 1832 omnes

909 1874 975 1895 sane
993 1873 1040 1900 per
1054 1867 1168 1891 tnortem
1184 1859 1376 1888 dorntitioncm
1392 1863 1424 1883 ac
1447 1861 1573 1882 smnnum
1592 1851 1694 1878 tolera-

909 1913 1000 1940 bimus
1019 1919 1026 1937 :
1054 1912 1081 1936 at
1095 1915 1150 1935 non
1165 1913 1260 1934 omnes
1279 1903 1312 1930 ad
1340 1901 1455 1937 gloriam
1485 1906 1516 1925 ac
1542 1897 1694 1923 libertatem

911 1939 1118 1987 immutabimur
1135 1951 1227 1988 :quod
1239 1951 1297 1985 ipse
1311 1947 1459 1983 Apostolus
1474 1944 1538 1971 alibi
1552 1942 1638 1977 ponit,
1654 1939 1696 1966 di-

911 2011 977 2032 cens
988 2002 1128 2037 apertius:
1146 2008 1155 2024 (
1173 1999 1201 2025 Si
1222 2000 1313 2024 tamen
1336 1992 1442 2023 vestiti,
1461 1998 1515 2017 non
1538 1988 1602 2016 nudi
1619 1987 1696 2013 inve-

912 2052 1019 2078 niemttr
1045 2048 1078 2074 ".
1102 2056 1110 2072 ι
1128 2045 1206 2072 Juxta
1234 2043 1284 2069 hoc
1306 2048 1372 2068 vero
1391 2047 1398 2065 :
1417 2047 1426 2064 ι
1447 2037 1505 2064 Non
1527 2042 1622 2062 omnes
1637 2031 1698 2067 qui-

913 2097 973 2124 dem
986 2093 1165 2123 donniemus,
1180 2096 1276 2117 omnes
1291 2091 1382 2113 tamen
1395 2082 1628 2111 immntabinmr,»
1648 2079 1699 2104 hoc

914 2140 994 2169 modo
1009 2141 1118 2174 oportet
1139 2136 1276 2169 accipere.
1292 2131 1363 2167 quod
1380 2137 1432 2157 non
1448 2128 1616 2155 dorllliclllus
1633 2131 1699 2151 sane

915 2171 1046 2214 diuturna
1058 2182 1236 2211 dormitione,
1251 2183 1279 2206 ut
1295 2185 1364 2212 opus
1375 2176 1411 2203 sit
1426 2174 1551 2209 sepulcro
1580 2179 1611 2197 ac
1625 2171 1700 2197 solu-

917 2236 991 2263 tione
1007 2232 1041 2260 ad
1055 2229 1272 2264 corruptionem,
1290 2225 1336 2252 sed
1353 2225 1461 2251 brevem
1475 2224 1589 2247 mortem
1615 2217 1701 2245 susti-

917 2281 1022 2310 nebunt
1036 2277 1107 2313 quod
1122 2280 1186 2302 tunc
1195 2272 1366 2307 reperientur
1379 2279 1385 2297 :
1401 2269 1560 2303 quibusnon
1570 2266 1621 2292 erit
1632 2272 1702 2298 opus

919 2328 1048 2356 diuturna
1060 2321 1237 2352 dormitione,
1253 2322 1366 2354 propter
1385 2315 1484 2343 factam
1506 2313 1596 2341 subito
1610 2318 1703 2338 rosur-

918 2373 1068 2401 rectionem
1084 2378 1092 2403 ;
1107 2374 1203 2395 omnes
1225 2371 1312 2392 tamen
1329 2362 1546 2390 itnntutabuntur
1557 2379 1564 2391 ,
1584 2358 1635 2385 hoc
1648 2360 1702 2388 est,

919 2419 1034 2448 inducnt
1056 2414 1300 2448 incorruptionem.
1334 2419 1343 2435 ι
1361 2409 1447 2436 (Ianet
1463 2407 1546 2434 enitn.
1563 2414 1572 2430 ι
1604 2402 1705 2430 Deinde

919 2466 972 2493 ﬁde
984 2465 1097 2500 dignum
1113 2459 1262 2488 ostendens
1285 2456 1311 2484 id
1332 2455 1403 2490 quod
1431 2453 1463 2481 de
1493 2452 1535 2479 his
1556 2457 1616 2486 quae
1640 2449 1705 2476 ﬁent

922 2495 1087 2541 dictuniest,
1109 2507 1148 2534 ait
1166 2515 1172 2533 ι
1194 2514 1203 2530 ι
1223 2500 1308 2531 Canet
1319 2501 1391 2529 enim
1409 2501 1471 2527 tuba
1493 2499 1537 2525 illa
1555 2495 1704 2526 tremenda,

922 2561 949 2584 et
962 2554 1063 2583 mortui
1084 2553 1238 2586 resnrgent,
1260 2559 1268 2574 ι
1287 2545 1424 2575 immutati
1441 2544 1565 2571 videlicet
1577 2547 1603 2568 et
1619 2541 1707 2566 incor-

924 2599 1012 2635 rupti;
1025 2602 1052 2625 et
1067 2603 1128 2627 nos,
1145 2584 1254 2625 hoeest,
1269 2591 1315 2627 qui
1330 2590 1364 2617 ad
1375 2589 1402 2617 id
1413 2593 1519 2623 tetnpus
1529 2584 1706 2618 relinquimur

925 2631 1065 2676 vixientcs;
1082 2649 1144 2669 nam
1159 2641 1193 2668 de
1209 2639 1263 2667 illis
1278 2642 1369 2666 etnon
1386 2636 1419 2663 de
1435 2635 1526 2668 seipso
1542 2631 1608 2658 dicit
1624 2638 1631 2656 :
1655 2638 1664 2654 ι
1679 2633 1707 2656 et

924 2699 974 2719 nos
1001 2690 1085 2726 igitur
1099 2686 1313 2716 immntabimnr.
1336 2692 1345 2709 ι
1376 2683 1404 2708 ln
1432 2681 1476 2707 his
1489 2677 1560 2706 enim
1584 2683 1636 2703 non
1655 2675 1708 2702 erit

902 2753 905 2757 -
924 2736 1066 2766 suscitatio
1083 2742 1091 2762 :
1107 2741 1170 2761 cum
1184 2740 1239 2759 non
1255 2727 1431 2758 dormierint,
1451 2725 1499 2752 sed
1525 2726 1628 2750 tantutn
1657 2721 1708 2747 im-

925 2783 1050 2811 mutatio.
1082 2779 1163 2815 580
1187 2775 1287 2805 Morlui
1304 2773 1412 2809 quidem
1435 2770 1481 2805 qui
1499 2771 1578 2796 antea
1609 2764 1716 2794 mortuis

927 2869 947 2897 Il
962 2870 1025 2896 Cor.
1042 2875 1067 2899 ν,
1080 2866 1108 2893 5.
