  <div class='ocr_page' id='page_1' title='image "/cluster/home/n/w/nwhite01/storage/ocr_20150623/118/njp.32101077772992/637.png"; bbox 0 0 1872 3053; ppageno 0'>
   <div class='ocr_carea' id='block_1_1' title="bbox 146 133 198 165">
    <p class='ocr_par' dir='ltr' id='par_1_1' title="bbox 146 133 198 165">
     <span class='ocr_line' id='line_1_1' title="bbox 146 133 198 165; baseline 0 0"><span class='ocrx_word' id='word_1_1' title='bbox 146 133 198 165; x_wconf 67' lang='grc' dir='ltr'>(ἰθδ</span> 
     </span>
    </p>
   </div>
   <div class='ocr_carea' id='block_1_2' title="bbox 676 135 1221 166">
    <p class='ocr_par' dir='ltr' id='par_1_2' title="bbox 676 135 1221 166">
     <span class='ocr_line' id='line_1_2' title="bbox 676 135 1221 166; baseline 0.002 -1"><span class='ocrx_word' id='word_1_2' title='bbox 676 135 873 166; x_wconf 79' lang='lat' dir='ltr'><strong>CECUMENII</strong></span> <span class='ocrx_word' id='word_1_3' title='bbox 888 135 1033 165; x_wconf 69' lang='grc' dir='ltr'><strong>ΤΗΙΟΟίΕ</strong></span> <span class='ocrx_word' id='word_1_4' title='bbox 1050 136 1221 166; x_wconf 83' lang='lat' dir='ltr'><strong>EPISCOPI</strong></span> 
     </span>
    </p>
   </div>
   <div class='ocr_carea' id='block_1_3' title="bbox 1719 137 1780 168">
    <p class='ocr_par' dir='ltr' id='par_1_3' title="bbox 1719 137 1780 168">
     <span class='ocr_line' id='line_1_3' title="bbox 1719 137 1780 168; baseline -0.016 0"><span class='ocrx_word' id='word_1_5' title='bbox 1719 137 1780 168; x_wconf 75' lang='lat'><strong>895</strong></span> 
     </span>
    </p>
   </div>
   <div class='ocr_carea' id='block_1_4' title="bbox 147 189 935 227">
    <p class='ocr_par' dir='ltr' id='par_1_4' title="bbox 147 189 929 224">
     <span class='ocr_line' id='line_1_4' title="bbox 147 189 929 224; baseline 0.001 -9"><span class='ocrx_word' id='word_1_6' title='bbox 147 191 266 222; x_wconf 79' lang='lat' dir='ltr'><strong>fuerant,</strong></span> <span class='ocrx_word' id='word_1_7' title='bbox 291 189 499 216; x_wconf 65' lang='lat' dir='ltr'><strong>noscitabantur</strong></span> <span class='ocrx_word' id='word_1_8' title='bbox 523 189 684 224; x_wconf 83' lang='lat' dir='ltr'><strong>incorrupti,</strong></span> <span class='ocrx_word' id='word_1_9' title='bbox 707 193 734 216; x_wconf 76' lang='lat' dir='ltr'><strong>at</strong></span> <span class='ocrx_word' id='word_1_10' title='bbox 758 189 776 216; x_wconf 89' lang='lat' dir='ltr'><strong>ii</strong></span> <span class='ocrx_word' id='word_1_11' title='bbox 801 189 847 224; x_wconf 88' lang='lat' dir='ltr'><strong>qui</strong></span> <span class='ocrx_word' id='word_1_12' title='bbox 864 194 929 216; x_wconf 89' lang='lat' dir='ltr'><strong>tunc</strong></span> 
     </span>
    </p>
   </div>
   <div class='ocr_carea' id='block_1_5' title="bbox 1008 189 1781 227">
    <p class='ocr_par' dir='ltr' id='par_1_5' title="bbox 1008 189 1781 227">
     <span class='ocr_line' id='line_1_5' title="bbox 1008 189 1781 227; baseline 0 -11"><span class='ocrx_word' id='word_1_13' title='bbox 1008 198 1020 222; x_wconf 87' lang='grc' dir='ltr'><strong>ς</strong></span> <span class='ocrx_word' id='word_1_14' title='bbox 1040 189 1200 217; x_wconf 83' lang='grc' dir='ltr'>ἀθανασίαν.</span> <span class='ocrx_word' id='word_1_15' title='bbox 1217 199 1226 216; x_wconf 75' lang='grc' dir='ltr'><strong>ι</strong></span> <span class='ocrx_word' id='word_1_16' title='bbox 1238 190 1283 216; x_wconf 85' lang='grc' dir='ltr'><strong>Δεῖ</strong></span> <span class='ocrx_word' id='word_1_17' title='bbox 1293 189 1348 225; x_wconf 77' lang='grc' dir='ltr'>γὰρ</span> <span class='ocrx_word' id='word_1_18' title='bbox 1359 189 1389 216; x_wconf 77' lang='grc' dir='ltr'><strong>τὸ</strong></span> <span class='ocrx_word' id='word_1_19' title='bbox 1404 189 1522 225; x_wconf 74' lang='grc' dir='ltr'>φθαρτὸν</span> <span class='ocrx_word' id='word_1_20' title='bbox 1533 191 1621 219; x_wconf 72' lang='grc' dir='ltr'>τοῦτο.</span> <span class='ocrx_word' id='word_1_21' title='bbox 1639 201 1648 216; x_wconf 75' lang='grc' dir='ltr'><strong>ι</strong></span> <span class='ocrx_word' id='word_1_22' title='bbox 1667 192 1781 227; x_wconf 62' lang='grc' dir='ltr'>Ἡρμῄ-</span> 
     </span>
    </p>
   </div>
   <div class='ocr_carea' id='block_1_6' title="bbox 147 234 930 269">
    <p class='ocr_par' dir='ltr' id='par_1_6' title="bbox 147 234 930 269">
     <span class='ocr_line' id='line_1_6' title="bbox 147 234 930 269; baseline -0.001 -8"><span class='ocrx_word' id='word_1_23' title='bbox 147 235 254 267; x_wconf 82' lang='lat' dir='ltr'><strong>vivent,</strong></span> <span class='ocrx_word' id='word_1_24' title='bbox 271 235 409 269; x_wconf 90' lang='lat' dir='ltr'><strong>quomodo</strong></span> <span class='ocrx_word' id='word_1_25' title='bbox 433 234 666 262; x_wconf 73' lang='lat' dir='ltr'><strong>suscitabuntur?</strong></span> <span class='ocrx_word' id='word_1_26' title='bbox 689 234 778 261; x_wconf 90' lang='lat' dir='ltr'><strong>solum</strong></span> <span class='ocrx_word' id='word_1_27' title='bbox 808 234 880 261; x_wconf 87' lang='lat' dir='ltr'><strong>velut</strong></span> <span class='ocrx_word' id='word_1_28' title='bbox 903 235 930 261; x_wconf 94' lang='lat' dir='ltr'><strong>in</strong></span> 
     </span>
    </p>
   </div>
   <div class='ocr_carea' id='block_1_7' title="bbox 149 279 930 308">
    <p class='ocr_par' dir='ltr' id='par_1_7' title="bbox 149 279 930 308">
     <span class='ocr_line' id='line_1_7' title="bbox 149 279 930 308; baseline 0 0"><span class='ocrx_word' id='word_1_29' title='bbox 149 287 287 308; x_wconf 85' lang='lat' dir='ltr'><strong>momento</strong></span> <span class='ocrx_word' id='word_1_30' title='bbox 336 281 553 308; x_wconf 87' lang='lat' dir='ltr'><strong>immutabnntur</strong></span> <span class='ocrx_word' id='word_1_31' title='bbox 603 279 636 306; x_wconf 88' lang='lat' dir='ltr'><strong>ad</strong></span> <span class='ocrx_word' id='word_1_32' title='bbox 686 280 930 308; x_wconf 68' lang='lat' dir='ltr'><strong>immortalitatem.</strong></span> 
     </span>
    </p>
   </div>
   <div class='ocr_carea' id='block_1_8' title="bbox 151 327 932 363">
    <p class='ocr_par' dir='ltr' id='par_1_8' title="bbox 151 327 932 363">
     <span class='ocr_line' id='line_1_8' title="bbox 151 327 932 363; baseline 0.001 -9"><span class='ocrx_word' id='word_1_33' title='bbox 151 338 160 353; x_wconf 89' lang='lat' dir='ltr'><strong>I</strong></span> <span class='ocrx_word' id='word_1_34' title='bbox 178 327 293 363; x_wconf 91' lang='lat' dir='ltr'><strong>Oportet</strong></span> <span class='ocrx_word' id='word_1_35' title='bbox 323 329 394 355; x_wconf 88' lang='lat' dir='ltr'><strong>enim</strong></span> <span class='ocrx_word' id='word_1_36' title='bbox 421 327 599 363; x_wconf 88' lang='lat' dir='ltr'><strong>eorruptibile</strong></span> <span class='ocrx_word' id='word_1_37' title='bbox 627 328 688 360; x_wconf 64' lang='lat' dir='ltr'><strong>hoc,</strong></span> <span class='ocrx_word' id='word_1_38' title='bbox 711 337 720 353; x_wconf 74' lang='grc' dir='ltr'><strong>ι</strong></span> <span class='ocrx_word' id='word_1_39' title='bbox 736 328 932 362; x_wconf 88' lang='lat' dir='ltr'><strong>lnterpretatus</strong></span> 
     </span>
    </p>
   </div>
   <div class='ocr_carea' id='block_1_9' title="bbox 985 236 1781 272">
    <p class='ocr_par' dir='ltr' id='par_1_9' title="bbox 985 236 1781 272">
     <span class='ocr_line' id='line_1_9' title="bbox 985 236 1781 272; baseline 0.003 -10"><span class='ocrx_word' id='word_1_40' title='bbox 985 244 1064 262; x_wconf 85' lang='grc' dir='ltr'>νευσε</span> <span class='ocrx_word' id='word_1_41' title='bbox 1090 236 1116 262; x_wconf 87' lang='grc' dir='ltr'><strong>τί</strong></span> <span class='ocrx_word' id='word_1_42' title='bbox 1134 236 1259 271; x_wconf 72' lang='grc' dir='ltr'>βούλεται</span> <span class='ocrx_word' id='word_1_43' title='bbox 1279 237 1295 272; x_wconf 86' lang='grc' dir='ltr'><strong>ή</strong></span> <span class='ocrx_word' id='word_1_44' title='bbox 1317 236 1462 271; x_wconf 82' lang='grc' dir='ltr'>ὲναλλαγή.</span> <span class='ocrx_word' id='word_1_45' title='bbox 1479 236 1516 263; x_wconf 81' lang='grc' dir='ltr'><strong>Τὸ</strong></span> <span class='ocrx_word' id='word_1_46' title='bbox 1544 237 1576 263; x_wconf 77' lang='grc' dir='ltr'>ὲκ</span> <span class='ocrx_word' id='word_1_47' title='bbox 1596 238 1718 272; x_wconf 75' lang='grc' dir='ltr'><strong>φθαρτοῦ</strong></span> <span class='ocrx_word' id='word_1_48' title='bbox 1736 239 1781 269; x_wconf 78' lang='grc' dir='ltr'><strong>είς</strong></span> 
     </span>
    </p>
   </div>
   <div class='ocr_carea' id='block_1_10' title="bbox 986 282 1779 319">
    <p class='ocr_par' dir='ltr' id='par_1_10' title="bbox 986 282 1779 319">
     <span class='ocr_line' id='line_1_10' title="bbox 986 282 1779 319; baseline 0.001 -10"><span class='ocrx_word' id='word_1_49' title='bbox 986 282 1151 317; x_wconf 78' lang='grc' dir='ltr'><strong>ἀφθαρσίαν,</strong></span> <span class='ocrx_word' id='word_1_50' title='bbox 1170 283 1217 309; x_wconf 77' lang='grc' dir='ltr'>καὶ</span> <span class='ocrx_word' id='word_1_51' title='bbox 1231 283 1263 309; x_wconf 65' lang='grc' dir='ltr'>ἐκ</span> <span class='ocrx_word' id='word_1_52' title='bbox 1281 282 1379 318; x_wconf 82' lang='grc' dir='ltr'>θνητοῦ</span> <span class='ocrx_word' id='word_1_53' title='bbox 1391 283 1428 312; x_wconf 85' lang='grc' dir='ltr'><strong>εἰς</strong></span> <span class='ocrx_word' id='word_1_54' title='bbox 1445 283 1594 310; x_wconf 81' lang='grc' dir='ltr'>ἀθανασίαν</span> <span class='ocrx_word' id='word_1_55' title='bbox 1611 283 1779 319; x_wconf 71' lang='grc' dir='ltr'>ἀλλαγῆναι,</span> 
     </span>
    </p>
   </div>
   <div class='ocr_carea' id='block_1_11' title="bbox 987 328 1080 364">
    <p class='ocr_par' dir='ltr' id='par_1_11' title="bbox 987 328 1080 364">
     <span class='ocr_line' id='line_1_11' title="bbox 987 328 1080 364; baseline 0.011 -10"><span class='ocrx_word' id='word_1_56' title='bbox 987 328 1080 364; x_wconf 75' lang='grc' dir='ltr'>φησίν.</span> 
     </span>
    </p>
   </div>
   <div class='ocr_carea' id='block_1_12' title="bbox 149 373 1778 410">
    <p class='ocr_par' dir='ltr' id='par_1_12' title="bbox 149 373 1778 410">
     <span class='ocr_line' id='line_1_12' title="bbox 149 373 1778 410; baseline 0.001 -9"><span class='ocrx_word' id='word_1_57' title='bbox 149 375 264 408; x_wconf 76' lang='lat' dir='ltr'><strong>estquid</strong></span> <span class='ocrx_word' id='word_1_58' title='bbox 277 374 330 401; x_wconf 87' lang='lat' dir='ltr'><strong>sibi</strong></span> <span class='ocrx_word' id='word_1_59' title='bbox 346 373 410 401; x_wconf 89' lang='lat' dir='ltr'><strong>velit</strong></span> <span class='ocrx_word' id='word_1_60' title='bbox 430 374 592 401; x_wconf 91' lang='lat' dir='ltr'><strong>immutatio.</strong></span> <span class='ocrx_word' id='word_1_61' title='bbox 610 373 761 407; x_wconf 90' lang='lat' dir='ltr'><strong>lmmutari,</strong></span> <span class='ocrx_word' id='word_1_62' title='bbox 788 374 888 409; x_wconf 89' lang='lat' dir='ltr'><strong>inquit,</strong></span> <span class='ocrx_word' id='word_1_63' title='bbox 918 381 933 401; x_wconf 88' lang='lat' dir='ltr'><strong>a</strong></span> <span class='ocrx_word' id='word_1_64' title='bbox 953 374 1127 410; x_wconf 81' lang='lat' dir='ltr'><strong>corruptibili</strong></span> <span class='ocrx_word' id='word_1_65' title='bbox 1142 374 1176 401; x_wconf 88' lang='lat' dir='ltr'><strong>ad</strong></span> <span class='ocrx_word' id='word_1_66' title='bbox 1197 373 1496 409; x_wconf 85' lang='lat' dir='ltr'><strong>incorruptibilitatem,</strong></span> <span class='ocrx_word' id='word_1_67' title='bbox 1512 379 1539 402; x_wconf 90' lang='lat' dir='ltr'><strong>et</strong></span> <span class='ocrx_word' id='word_1_68' title='bbox 1570 383 1584 402; x_wconf 84' lang='lat' dir='ltr'><strong>a</strong></span> <span class='ocrx_word' id='word_1_69' title='bbox 1606 377 1714 404; x_wconf 81' lang='lat' dir='ltr'><strong>mortali</strong></span> <span class='ocrx_word' id='word_1_70' title='bbox 1742 377 1778 403; x_wconf 74' lang='lat' dir='ltr'><strong>ad</strong></span> 
     </span>
    </p>
   </div>
   <div class='ocr_carea' id='block_1_13' title="bbox 150 412 397 446">
    <p class='ocr_par' dir='ltr' id='par_1_13' title="bbox 150 412 397 446">
     <span class='ocr_line' id='line_1_13' title="bbox 150 412 397 446; baseline 0 0"><span class='ocrx_word' id='word_1_71' title='bbox 150 412 397 446; x_wconf 78' lang='lat' dir='ltr'><strong>immortalitatem.</strong></span> 
     </span>
    </p>
   </div>
   <div class='ocr_carea' id='block_1_14' title="bbox 185 465 934 500">
    <p class='ocr_par' dir='ltr' id='par_1_14' title="bbox 185 465 934 500">
     <span class='ocr_line' id='line_1_14' title="bbox 185 465 934 500; baseline 0.001 -7"><span class='ocrx_word' id='word_1_72' title='bbox 185 466 243 497; x_wconf 82' lang='lat' dir='ltr'><strong>XV.</strong></span> <span class='ocrx_word' id='word_1_73' title='bbox 259 466 352 493; x_wconf 53' lang='lat'><strong>5&amp;57.</strong></span> <span class='ocrx_word' id='word_1_74' title='bbox 372 465 440 493; x_wconf 87' lang='lat' dir='ltr'><strong>Cum</strong></span> <span class='ocrx_word' id='word_1_75' title='bbox 466 470 554 493; x_wconf 84' lang='lat' dir='ltr'><strong>autem</strong></span> <span class='ocrx_word' id='word_1_76' title='bbox 569 467 738 500; x_wconf 81' lang='lat' dir='ltr'><strong>corruptibile</strong></span> <span class='ocrx_word' id='word_1_77' title='bbox 758 467 806 494; x_wconf 77' lang='lat' dir='ltr'><strong>hoc</strong></span> <span class='ocrx_word' id='word_1_78' title='bbox 819 467 934 494; x_wconf 72' lang='lat' dir='ltr'><strong>induerit</strong></span> 
     </span>
    </p>
   </div>
   <div class='ocr_carea' id='block_1_15' title="bbox 150 512 935 546">
    <p class='ocr_par' dir='ltr' id='par_1_15' title="bbox 150 512 935 546">
     <span class='ocr_line' id='line_1_15' title="bbox 150 512 935 546; baseline 0 -6"><span class='ocrx_word' id='word_1_79' title='bbox 150 512 442 546; x_wconf 82' lang='lat' dir='ltr'><strong>imarruptibilitatem,</strong></span> <span class='ocrx_word' id='word_1_80' title='bbox 467 518 492 540; x_wconf 89' lang='lat' dir='ltr'><strong>et</strong></span> <span class='ocrx_word' id='word_1_81' title='bbox 508 513 620 540; x_wconf 75' lang='lat' dir='ltr'><strong>mortale</strong></span> <span class='ocrx_word' id='word_1_82' title='bbox 635 514 683 540; x_wconf 79' lang='lat' dir='ltr'><strong>hoc</strong></span> <span class='ocrx_word' id='word_1_83' title='bbox 697 514 812 540; x_wconf 77' lang='lat' dir='ltr'><strong>induerit</strong></span> <span class='ocrx_word' id='word_1_84' title='bbox 826 514 935 540; x_wconf 87' lang='lat' dir='ltr'><strong>immor-</strong></span> 
     </span>
    </p>
   </div>
   <div class='ocr_carea' id='block_1_16' title="bbox 150 558 936 594">
    <p class='ocr_par' dir='ltr' id='par_1_16' title="bbox 150 558 936 594">
     <span class='ocr_line' id='line_1_16' title="bbox 150 558 936 594; baseline 0 -10"><span class='ocrx_word' id='word_1_85' title='bbox 150 559 291 589; x_wconf 82' lang='lat' dir='ltr'><strong>talitatem.</strong></span> <span class='ocrx_word' id='word_1_86' title='bbox 310 564 372 585; x_wconf 81' lang='lat' dir='ltr'><strong>tunc</strong></span> <span class='ocrx_word' id='word_1_87' title='bbox 382 559 520 592; x_wconf 62' lang='grc' dir='ltr'>,ἤειδεν-πω</span> <span class='ocrx_word' id='word_1_88' title='bbox 536 559 580 594; x_wconf 82' lang='lat' dir='ltr'><strong>qui</strong></span> <span class='ocrx_word' id='word_1_89' title='bbox 599 559 712 593; x_wconf 75' lang='lat' dir='ltr'><strong>scriptus</strong></span> <span class='ocrx_word' id='word_1_90' title='bbox 726 563 764 585; x_wconf 74' lang='lat' dir='ltr'><strong>est</strong></span> <span class='ocrx_word' id='word_1_91' title='bbox 783 569 790 586; x_wconf 88' lang='lat'>:</span> <span class='ocrx_word' id='word_1_92' title='bbox 807 558 936 593; x_wconf 77' lang='lat' dir='ltr'><strong>Absorpta</strong></span> 
     </span>
    </p>
   </div>
   <div class='ocr_carea' id='block_1_17' title="bbox 149 603 938 639">
    <p class='ocr_par' dir='ltr' id='par_1_17' title="bbox 149 603 938 639">
     <span class='ocr_line' id='line_1_17' title="bbox 149 603 938 639; baseline 0.003 -7"><span class='ocrx_word' id='word_1_93' title='bbox 149 603 186 632; x_wconf 74' lang='lat' dir='ltr'><strong>‘st</strong></span> <span class='ocrx_word' id='word_1_94' title='bbox 199 614 269 632; x_wconf 79' lang='lat' dir='ltr'><strong>mors</strong></span> <span class='ocrx_word' id='word_1_95' title='bbox 285 606 319 632; x_wconf 81' lang='lat' dir='ltr'><strong>ad</strong></span> <span class='ocrx_word' id='word_1_96' title='bbox 336 606 482 632; x_wconf 78' lang='lat' dir='ltr'><strong>victoriam.</strong></span> <span class='ocrx_word' id='word_1_97' title='bbox 510 605 560 632; x_wconf 83' lang='lat' dir='ltr'><strong>Ubi</strong></span> <span class='ocrx_word' id='word_1_98' title='bbox 588 610 658 638; x_wconf 79' lang='lat' dir='ltr'><strong>tuus,</strong></span> <span class='ocrx_word' id='word_1_99' title='bbox 674 614 689 632; x_wconf 87' lang='grc' dir='ltr'><strong>ο</strong></span> <span class='ocrx_word' id='word_1_100' title='bbox 705 614 785 639; x_wconf 72' lang='lat' dir='ltr'><strong>mora,</strong></span> <span class='ocrx_word' id='word_1_101' title='bbox 812 607 938 634; x_wconf 70' lang='lat' dir='ltr'><strong>aculeus?</strong></span> 
     </span>
    </p>
   </div>
   <div class='ocr_carea' id='block_1_18' title="bbox 155 650 937 686">
    <p class='ocr_par' dir='ltr' id='par_1_18' title="bbox 155 650 937 686">
     <span class='ocr_line' id='line_1_18' title="bbox 155 650 937 686; baseline 0.003 -8"><span class='ocrx_word' id='word_1_102' title='bbox 155 650 205 679; x_wconf 83' lang='lat' dir='ltr'><strong>Ubi</strong></span> <span class='ocrx_word' id='word_1_103' title='bbox 220 657 278 684; x_wconf 78' lang='lat' dir='ltr'><strong>tua,</strong></span> <span class='ocrx_word' id='word_1_104' title='bbox 296 660 311 679; x_wconf 92' lang='grc' dir='ltr'><strong>ο</strong></span> <span class='ocrx_word' id='word_1_105' title='bbox 324 652 437 686; x_wconf 71' lang='lat' dir='ltr'><strong>inferne,</strong></span> <span class='ocrx_word' id='word_1_106' title='bbox 454 653 563 680; x_wconf 82' lang='lat' dir='ltr'><strong>victoria</strong></span> <span class='ocrx_word' id='word_1_107' title='bbox 575 654 588 680; x_wconf 78' lang='grc'><em>7</em></span> <span class='ocrx_word' id='word_1_108' title='bbox 606 653 718 680; x_wconf 72' lang='grc' dir='ltr'>Αειιίειιδ</span> <span class='ocrx_word' id='word_1_109' title='bbox 733 658 819 680; x_wconf 80' lang='lat' dir='ltr'><strong>autem</strong></span> <span class='ocrx_word' id='word_1_110' title='bbox 846 654 937 680; x_wconf 75' lang='lat' dir='ltr'><strong>mortis</strong></span> 
     </span>
    </p>
   </div>
   <div class='ocr_carea' id='block_1_19' title="bbox 149 699 939 734">
    <p class='ocr_par' dir='ltr' id='par_1_19' title="bbox 149 699 939 734">
     <span class='ocr_line' id='line_1_19' title="bbox 149 699 939 734; baseline 0 -8"><span class='ocrx_word' id='word_1_111' title='bbox 149 704 299 734; x_wconf 80' lang='lat' dir='ltr'><strong>peccatum,</strong></span> <span class='ocrx_word' id='word_1_112' title='bbox 312 700 432 734; x_wconf 84' lang='lat' dir='ltr'><strong>potentia</strong></span> <span class='ocrx_word' id='word_1_113' title='bbox 447 708 506 727; x_wconf 79' lang='lat' dir='ltr'><strong>vero</strong></span> <span class='ocrx_word' id='word_1_114' title='bbox 523 700 620 733; x_wconf 69' lang='lat' dir='ltr'><strong>peccati</strong></span> <span class='ocrx_word' id='word_1_115' title='bbox 636 699 687 726; x_wconf 72' lang='lat' dir='ltr'><strong>lex.</strong></span> <span class='ocrx_word' id='word_1_116' title='bbox 718 699 771 726; x_wconf 82' lang='lat' dir='ltr'><strong>Deo</strong></span> <span class='ocrx_word' id='word_1_117' title='bbox 791 704 879 726; x_wconf 82' lang='lat' dir='ltr'><strong>autem</strong></span> <span class='ocrx_word' id='word_1_118' title='bbox 904 701 939 726; x_wconf 70' lang='lat' dir='ltr'><strong>sit</strong></span> 
     </span>
    </p>
   </div>
   <div class='ocr_carea' id='block_1_20' title="bbox 149 745 940 781">
    <p class='ocr_par' dir='ltr' id='par_1_20' title="bbox 149 745 940 781">
     <span class='ocr_line' id='line_1_20' title="bbox 149 745 940 781; baseline 0.003 -11"><span class='ocrx_word' id='word_1_119' title='bbox 149 745 247 780; x_wconf 84' lang='lat' dir='ltr'><strong>gratia,</strong></span> <span class='ocrx_word' id='word_1_120' title='bbox 268 746 312 779; x_wconf 88' lang='lat' dir='ltr'><strong>qui</strong></span> <span class='ocrx_word' id='word_1_121' title='bbox 326 745 399 772; x_wconf 83' lang='lat' dir='ltr'><strong>dedit</strong></span> <span class='ocrx_word' id='word_1_122' title='bbox 420 745 495 772; x_wconf 81' lang='lat' dir='ltr'><strong>nobis</strong></span> <span class='ocrx_word' id='word_1_123' title='bbox 507 746 642 773; x_wconf 80' lang='lat' dir='ltr'><strong>victoriam</strong></span> <span class='ocrx_word' id='word_1_124' title='bbox 660 754 705 780; x_wconf 81' lang='lat' dir='ltr'><strong>per</strong></span> <span class='ocrx_word' id='word_1_125' title='bbox 729 745 877 781; x_wconf 48' lang='lat' dir='ltr'><strong>Dominum.</strong></span> <span class='ocrx_word' id='word_1_126' title='bbox 891 753 940 772; x_wconf 84' lang='lat' dir='ltr'><strong>no-</strong></span> 
     </span>
    </p>
   </div>
   <div class='ocr_carea' id='block_1_21' title="bbox 150 789 508 818">
    <p class='ocr_par' dir='ltr' id='par_1_21' title="bbox 150 789 508 818">
     <span class='ocr_line' id='line_1_21' title="bbox 150 789 508 818; baseline 0.003 -1"><span class='ocrx_word' id='word_1_127' title='bbox 150 795 236 817; x_wconf 71' lang='lat' dir='ltr'><strong>strum</strong></span> <span class='ocrx_word' id='word_1_128' title='bbox 249 789 341 818; x_wconf 68' lang='lat' dir='ltr'><strong>letum</strong></span> <span class='ocrx_word' id='word_1_129' title='bbox 361 790 508 818; x_wconf 76' lang='lat' dir='ltr'><strong>Christum.</strong></span> 
     </span>
    </p>
   </div>
   <div class='ocr_carea' id='block_1_22' title="bbox 185 836 937 878">
    <p class='ocr_par' dir='ltr' id='par_1_22' title="bbox 185 836 937 878">
     <span class='ocr_line' id='line_1_22' title="bbox 185 836 937 878; baseline 0 -14"><span class='ocrx_word' id='word_1_130' title='bbox 185 836 254 864; x_wconf 86' lang='lat' dir='ltr'><strong>Cum</strong></span> <span class='ocrx_word' id='word_1_131' title='bbox 277 837 360 872; x_wconf 76' lang='lat' dir='ltr'><strong>igitur</strong></span> <span class='ocrx_word' id='word_1_132' title='bbox 374 837 431 864; x_wconf 68' lang='lat' dir='ltr'><strong>haec</strong></span> <span class='ocrx_word' id='word_1_133' title='bbox 445 837 516 865; x_wconf 78' lang='lat' dir='ltr'><strong>facta</strong></span> <span class='ocrx_word' id='word_1_134' title='bbox 541 837 653 878; x_wconf 79' lang='lat' dir='ltr'><strong>fuerint,</strong></span> <span class='ocrx_word' id='word_1_135' title='bbox 668 837 766 872; x_wconf 87' lang='lat' dir='ltr'><strong>inquit,</strong></span> <span class='ocrx_word' id='word_1_136' title='bbox 783 841 848 864; x_wconf 87' lang='lat' dir='ltr'><strong>tunc</strong></span> <span class='ocrx_word' id='word_1_137' title='bbox 864 836 937 864; x_wconf 89' lang='lat' dir='ltr'><strong>Scri-</strong></span> 
     </span>
    </p>
   </div>
   <div class='ocr_carea' id='block_1_23' title="bbox 151 870 975 917">
    <p class='ocr_par' dir='ltr' id='par_1_23' title="bbox 151 870 975 917">
     <span class='ocr_line' id='line_1_23' title="bbox 151 870 975 917; baseline 0.002 -9"><span class='ocrx_word' id='word_1_138' title='bbox 151 886 232 916; x_wconf 87' lang='lat' dir='ltr'><strong>ptura</strong></span> <span class='ocrx_word' id='word_1_139' title='bbox 247 870 316 910; x_wconf 77' lang='lat' dir='ltr'><strong>Osee</strong></span> <span class='ocrx_word' id='word_1_140' title='bbox 330 883 522 917; x_wconf 85' lang='lat' dir='ltr'><strong>complebitur.</strong></span> <span class='ocrx_word' id='word_1_141' title='bbox 536 876 672 916; x_wconf 81' lang='lat' dir='ltr'><strong>Quoniam</strong></span> <span class='ocrx_word' id='word_1_142' title='bbox 687 870 759 910; x_wconf 78' lang='lat' dir='ltr'><strong>enim</strong></span> <span class='ocrx_word' id='word_1_143' title='bbox 777 883 936 910; x_wconf 86' lang='lat' dir='ltr'><strong>admiranda</strong></span> <span class='ocrx_word' id='word_1_144' title='bbox 954 870 975 898; x_wconf 73' lang='grc' dir='ltr'><strong>Β</strong></span> 
     </span>
    </p>
   </div>
   <div class='ocr_carea' id='block_1_24' title="bbox 153 929 936 965">
    <p class='ocr_par' dir='ltr' id='par_1_24' title="bbox 153 929 936 965">
     <span class='ocr_line' id='line_1_24' title="bbox 153 929 936 965; baseline 0.003 -10"><span class='ocrx_word' id='word_1_145' title='bbox 153 936 271 963; x_wconf 85' lang='lat' dir='ltr'><strong>vereque</strong></span> <span class='ocrx_word' id='word_1_146' title='bbox 300 930 428 964; x_wconf 90' lang='lat' dir='ltr'><strong>mysteria</strong></span> <span class='ocrx_word' id='word_1_147' title='bbox 440 930 519 961; x_wconf 78' lang='lat' dir='ltr'><strong>dixit.</strong></span> <span class='ocrx_word' id='word_1_148' title='bbox 533 934 733 965; x_wconf 88' lang='lat' dir='ltr'><strong>consequenter</strong></span> <span class='ocrx_word' id='word_1_149' title='bbox 758 930 839 957; x_wconf 88' lang='lat' dir='ltr'><strong>etiam</strong></span> <span class='ocrx_word' id='word_1_150' title='bbox 863 929 936 957; x_wconf 87' lang='lat' dir='ltr'><strong>Scri-</strong></span> 
     </span>
    </p>
   </div>
   <div class='ocr_carea' id='block_1_25' title="bbox 153 975 936 1010">
    <p class='ocr_par' dir='ltr' id='par_1_25' title="bbox 153 975 936 1010">
     <span class='ocr_line' id='line_1_25' title="bbox 153 975 936 1010; baseline 0.003 -10"><span class='ocrx_word' id='word_1_151' title='bbox 153 979 240 1008; x_wconf 58' lang='lat' dir='ltr'><strong>ptura!</strong></span> <span class='ocrx_word' id='word_1_152' title='bbox 255 975 412 1002; x_wconf 89' lang='lat' dir='ltr'><strong>testimonio</strong></span> <span class='ocrx_word' id='word_1_153' title='bbox 421 983 575 1002; x_wconf 82' lang='lat' dir='ltr'><strong>sermonem</strong></span> <span class='ocrx_word' id='word_1_154' title='bbox 589 976 752 1003; x_wconf 82' lang='lat' dir='ltr'><strong>conﬁrmat:</strong></span> <span class='ocrx_word' id='word_1_155' title='bbox 773 984 782 1001; x_wconf 73' lang='grc' dir='ltr'><strong>ι</strong></span> <span class='ocrx_word' id='word_1_156' title='bbox 801 975 936 1010; x_wconf 81' lang='lat' dir='ltr'><strong>Absorpta</strong></span> 
     </span>
    </p>
   </div>
   <div class='ocr_carea' id='block_1_26' title="bbox 153 1021 937 1056">
    <p class='ocr_par' dir='ltr' id='par_1_26' title="bbox 153 1021 937 1056">
     <span class='ocr_line' id='line_1_26' title="bbox 153 1021 937 1056; baseline 0.001 -9"><span class='ocrx_word' id='word_1_157' title='bbox 153 1024 195 1047; x_wconf 87' lang='lat' dir='ltr'><strong>est</strong></span> <span class='ocrx_word' id='word_1_158' title='bbox 212 1027 286 1047; x_wconf 92' lang='lat' dir='ltr'><strong>mors</strong></span> <span class='ocrx_word' id='word_1_159' title='bbox 309 1021 342 1047; x_wconf 88' lang='lat' dir='ltr'><strong>ad</strong></span> <span class='ocrx_word' id='word_1_160' title='bbox 358 1021 511 1054; x_wconf 82' lang='lat' dir='ltr'><strong>victoriam,</strong></span> <span class='ocrx_word' id='word_1_161' title='bbox 530 1030 539 1047; x_wconf 85' lang='grc'><strong>›</strong></span> <span class='ocrx_word' id='word_1_162' title='bbox 559 1021 585 1048; x_wconf 87' lang='lat' dir='ltr'><strong>id</strong></span> <span class='ocrx_word' id='word_1_163' title='bbox 605 1026 646 1048; x_wconf 88' lang='lat' dir='ltr'><strong>est</strong></span> <span class='ocrx_word' id='word_1_164' title='bbox 661 1021 752 1053; x_wconf 85' lang='lat' dir='ltr'><strong>ﬁnem,</strong></span> <span class='ocrx_word' id='word_1_165' title='bbox 767 1021 818 1048; x_wconf 88' lang='lat' dir='ltr'><strong>hoc</strong></span> <span class='ocrx_word' id='word_1_166' title='bbox 834 1025 875 1048; x_wconf 80' lang='lat' dir='ltr'><strong>est</strong></span> <span class='ocrx_word' id='word_1_167' title='bbox 891 1029 937 1056; x_wconf 85' lang='lat' dir='ltr'><strong>pe-</strong></span> 
     </span>
    </p>
   </div>
   <div class='ocr_carea' id='block_1_27' title="bbox 153 1065 936 1102">
    <p class='ocr_par' dir='ltr' id='par_1_27' title="bbox 153 1065 936 1102">
     <span class='ocr_line' id='line_1_27' title="bbox 153 1065 936 1102; baseline 0.001 -11"><span class='ocrx_word' id='word_1_168' title='bbox 153 1065 210 1096; x_wconf 88' lang='lat' dir='ltr'><strong>riit,</strong></span> <span class='ocrx_word' id='word_1_169' title='bbox 229 1065 477 1100; x_wconf 86' lang='lat' dir='ltr'><strong>disparuit;neque</strong></span> <span class='ocrx_word' id='word_1_170' title='bbox 498 1073 559 1101; x_wconf 85' lang='lat' dir='ltr'><strong>spes</strong></span> <span class='ocrx_word' id='word_1_171' title='bbox 576 1066 741 1094; x_wconf 85' lang='lat' dir='ltr'><strong>reversionis</strong></span> <span class='ocrx_word' id='word_1_172' title='bbox 764 1067 815 1102; x_wconf 88' lang='lat' dir='ltr'><strong>ipsi</strong></span> <span class='ocrx_word' id='word_1_173' title='bbox 840 1066 936 1094; x_wconf 80' lang='lat' dir='ltr'><strong>relicta</strong></span> 
     </span>
    </p>
   </div>
   <div class='ocr_carea' id='block_1_28' title="bbox 154 1111 936 1148">
    <p class='ocr_par' dir='ltr' id='par_1_28' title="bbox 154 1111 936 1148">
     <span class='ocr_line' id='line_1_28' title="bbox 154 1111 936 1148; baseline 0.003 -10"><span class='ocrx_word' id='word_1_174' title='bbox 154 1115 206 1138; x_wconf 77' lang='lat' dir='ltr'><strong>est.</strong></span> <span class='ocrx_word' id='word_1_175' title='bbox 219 1111 351 1144; x_wconf 80' lang='lat' dir='ltr'><strong>Quoniam</strong></span> <span class='ocrx_word' id='word_1_176' title='bbox 376 1117 488 1139; x_wconf 90' lang='lat' dir='ltr'><strong>mortem</strong></span> <span class='ocrx_word' id='word_1_177' title='bbox 502 1112 645 1140; x_wconf 78' lang='lat' dir='ltr'><strong>absorberi</strong></span> <span class='ocrx_word' id='word_1_178' title='bbox 659 1113 790 1148; x_wconf 80' lang='lat' dir='ltr'><strong>contingit</strong></span> <span class='ocrx_word' id='word_1_179' title='bbox 804 1112 836 1140; x_wconf 88' lang='lat' dir='ltr'><strong>ad</strong></span> <span class='ocrx_word' id='word_1_180' title='bbox 862 1120 936 1140; x_wconf 85' lang='lat' dir='ltr'><strong>mor—</strong></span> 
     </span>
    </p>
   </div>
   <div class='ocr_carea' id='block_1_29' title="bbox 153 1158 937 1192">
    <p class='ocr_par' dir='ltr' id='par_1_29' title="bbox 153 1158 937 1192">
     <span class='ocr_line' id='line_1_29' title="bbox 153 1158 937 1192; baseline 0.004 -9"><span class='ocrx_word' id='word_1_181' title='bbox 153 1161 207 1184; x_wconf 86' lang='lat' dir='ltr'><strong>tem</strong></span> <span class='ocrx_word' id='word_1_182' title='bbox 224 1164 318 1184; x_wconf 91' lang='lat' dir='ltr'><strong>eortun</strong></span> <span class='ocrx_word' id='word_1_183' title='bbox 336 1159 383 1192; x_wconf 91' lang='lat' dir='ltr'><strong>qui</strong></span> <span class='ocrx_word' id='word_1_184' title='bbox 399 1158 540 1191; x_wconf 80' lang='lat' dir='ltr'><strong>devorant,</strong></span> <span class='ocrx_word' id='word_1_185' title='bbox 564 1159 670 1186; x_wconf 84' lang='lat' dir='ltr'><strong>sicutet</strong></span> <span class='ocrx_word' id='word_1_186' title='bbox 686 1167 817 1186; x_wconf 72' lang='lat' dir='ltr'><strong>venenum</strong></span> <span class='ocrx_word' id='word_1_187' title='bbox 853 1159 937 1186; x_wconf 84' lang='lat' dir='ltr'><strong>devo-</strong></span> 
     </span>
    </p>
   </div>
   <div class='ocr_carea' id='block_1_30' title="bbox 154 1203 937 1240">
    <p class='ocr_par' dir='ltr' id='par_1_30' title="bbox 154 1203 937 1240">
     <span class='ocr_line' id='line_1_30' title="bbox 154 1203 937 1240; baseline 0.004 -11"><span class='ocrx_word' id='word_1_188' title='bbox 154 1203 207 1229; x_wconf 87' lang='lat' dir='ltr'><strong>rari</strong></span> <span class='ocrx_word' id='word_1_189' title='bbox 222 1203 357 1238; x_wconf 75' lang='lat' dir='ltr'><strong>contingit</strong></span> <span class='ocrx_word' id='word_1_190' title='bbox 383 1203 415 1231; x_wconf 89' lang='lat' dir='ltr'><strong>ad</strong></span> <span class='ocrx_word' id='word_1_191' title='bbox 441 1204 590 1239; x_wconf 70' lang='lat' dir='ltr'><strong>perniciem</strong></span> <span class='ocrx_word' id='word_1_192' title='bbox 609 1205 735 1232; x_wconf 88' lang='lat' dir='ltr'><strong>similiter</strong></span> <span class='ocrx_word' id='word_1_193' title='bbox 763 1213 856 1232; x_wconf 89' lang='lat' dir='ltr'><strong>eorum</strong></span> <span class='ocrx_word' id='word_1_194' title='bbox 891 1205 937 1240; x_wconf 92' lang='lat' dir='ltr'><strong>qui</strong></span> 
     </span>
    </p>
   </div>
   <div class='ocr_carea' id='block_1_31' title="bbox 153 1248 936 1284">
    <p class='ocr_par' dir='ltr' id='par_1_31' title="bbox 153 1248 936 1284">
     <span class='ocr_line' id='line_1_31' title="bbox 153 1248 936 1284; baseline 0.005 -10"><span class='ocrx_word' id='word_1_195' title='bbox 153 1252 269 1275; x_wconf 88' lang='lat' dir='ltr'><strong>utuntur</strong></span> <span class='ocrx_word' id='word_1_196' title='bbox 286 1256 293 1275; x_wconf 93' lang='lat'>:</span> <span class='ocrx_word' id='word_1_197' title='bbox 312 1248 372 1276; x_wconf 84' lang='lat' dir='ltr'><strong>ideo</strong></span> <span class='ocrx_word' id='word_1_198' title='bbox 388 1249 542 1284; x_wconf 75' lang='lat' dir='ltr'><strong>subjungit,</strong></span> <span class='ocrx_word' id='word_1_199' title='bbox 567 1250 607 1277; x_wconf 83' lang='lat' dir='ltr'><strong>Ad</strong></span> <span class='ocrx_word' id='word_1_200' title='bbox 622 1250 774 1282; x_wconf 89' lang='lat' dir='ltr'><strong>victoriam,</strong></span> <span class='ocrx_word' id='word_1_201' title='bbox 796 1251 847 1278; x_wconf 90' lang='lat' dir='ltr'><strong>hoc</strong></span> <span class='ocrx_word' id='word_1_202' title='bbox 875 1255 936 1283; x_wconf 77' lang='lat' dir='ltr'><strong>est,</strong></span> 
     </span>
    </p>
   </div>
   <div class='ocr_carea' id='block_1_32' title="bbox 154 1296 939 1332">
    <p class='ocr_par' dir='ltr' id='par_1_32' title="bbox 154 1296 939 1332">
     <span class='ocr_line' id='line_1_32' title="bbox 154 1296 939 1332; baseline 0.004 -10"><span class='ocrx_word' id='word_1_203' title='bbox 154 1303 208 1323; x_wconf 91' lang='lat' dir='ltr'><strong>non</strong></span> <span class='ocrx_word' id='word_1_204' title='bbox 224 1300 253 1323; x_wconf 89' lang='lat' dir='ltr'><strong>ut</strong></span> <span class='ocrx_word' id='word_1_205' title='bbox 270 1296 387 1330; x_wconf 84' lang='lat' dir='ltr'><strong>perimat</strong></span> <span class='ocrx_word' id='word_1_206' title='bbox 400 1296 589 1330; x_wconf 82' lang='lat' dir='ltr'><strong>devorantem,</strong></span> <span class='ocrx_word' id='word_1_207' title='bbox 605 1298 652 1325; x_wconf 84' lang='lat' dir='ltr'><strong>sed</strong></span> <span class='ocrx_word' id='word_1_208' title='bbox 665 1301 693 1324; x_wconf 97' lang='lat' dir='ltr'><strong>ut</strong></span> <span class='ocrx_word' id='word_1_209' title='bbox 710 1298 768 1332; x_wconf 87' lang='lat' dir='ltr'><strong>ipsa</strong></span> <span class='ocrx_word' id='word_1_210' title='bbox 798 1298 939 1325; x_wconf 74' lang='lat' dir='ltr'><strong>abolentur</strong></span> 
     </span>
    </p>
   </div>
   <div class='ocr_carea' id='block_1_33' title="bbox 154 1340 937 1378">
    <p class='ocr_par' dir='ltr' id='par_1_33' title="bbox 154 1340 937 1378">
     <span class='ocr_line' id='line_1_33' title="bbox 154 1340 937 1378; baseline 0.004 -11"><span class='ocrx_word' id='word_1_211' title='bbox 154 1348 187 1368; x_wconf 87' lang='lat' dir='ltr'><strong>ac</strong></span> <span class='ocrx_word' id='word_1_212' title='bbox 206 1340 355 1369; x_wconf 78' lang='lat' dir='ltr'><strong>fortissime</strong></span> <span class='ocrx_word' id='word_1_213' title='bbox 369 1342 540 1376; x_wconf 85' lang='lat' dir='ltr'><strong>devincatur,</strong></span> <span class='ocrx_word' id='word_1_214' title='bbox 562 1343 726 1377; x_wconf 87' lang='lat' dir='ltr'><strong>utdeinceps</strong></span> <span class='ocrx_word' id='word_1_215' title='bbox 749 1350 782 1369; x_wconf 87' lang='lat' dir='ltr'><strong>ne</strong></span> <span class='ocrx_word' id='word_1_216' title='bbox 795 1343 937 1378; x_wconf 77' lang='lat' dir='ltr'><strong>vestigium</strong></span> 
     </span>
    </p>
   </div>
   <div class='ocr_carea' id='block_1_34' title="bbox 154 1385 937 1423">
    <p class='ocr_par' dir='ltr' id='par_1_34' title="bbox 154 1385 937 1423">
     <span class='ocr_line' id='line_1_34' title="bbox 154 1385 937 1423; baseline 0.004 -11"><span class='ocrx_word' id='word_1_217' title='bbox 154 1385 263 1420; x_wconf 79' lang='lat' dir='ltr'><strong>quidem</strong></span> <span class='ocrx_word' id='word_1_218' title='bbox 279 1394 376 1421; x_wconf 60' lang='lat' dir='ltr'><strong>pugna!</strong></span> <span class='ocrx_word' id='word_1_219' title='bbox 390 1391 436 1413; x_wconf 86' lang='lat' dir='ltr'><strong>aut</strong></span> <span class='ocrx_word' id='word_1_220' title='bbox 450 1387 546 1414; x_wconf 88' lang='lat' dir='ltr'><strong>umbra</strong></span> <span class='ocrx_word' id='word_1_221' title='bbox 574 1388 740 1415; x_wconf 84' lang='lat' dir='ltr'><strong>turbationis</strong></span> <span class='ocrx_word' id='word_1_222' title='bbox 756 1388 937 1423; x_wconf 82' lang='lat' dir='ltr'><strong>relinquatur.</strong></span> 
     </span>
    </p>
   </div>
   <div class='ocr_carea' id='block_1_35' title="bbox 156 1431 939 1469">
    <p class='ocr_par' dir='ltr' id='par_1_35' title="bbox 156 1431 939 1469">
     <span class='ocr_line' id='line_1_35' title="bbox 156 1431 939 1469; baseline 0.004 -11"><span class='ocrx_word' id='word_1_223' title='bbox 156 1431 306 1460; x_wconf 65' lang='lat' dir='ltr'><strong>Praeterea:</strong></span> <span class='ocrx_word' id='word_1_224' title='bbox 328 1432 476 1461; x_wconf 75' lang='lat' dir='ltr'><strong>Absorbcri</strong></span> <span class='ocrx_word' id='word_1_225' title='bbox 500 1441 547 1468; x_wconf 87' lang='lat' dir='ltr'><strong>per</strong></span> <span class='ocrx_word' id='word_1_226' title='bbox 560 1434 788 1468; x_wconf 76' lang='lat' dir='ltr'><strong>compositionem</strong></span> <span class='ocrx_word' id='word_1_227' title='bbox 812 1434 939 1469; x_wconf 72' lang='lat' dir='ltr'><strong>prmposi-</strong></span> 
     </span>
    </p>
   </div>
   <div class='ocr_carea' id='block_1_36' title="bbox 157 1478 940 1515">
    <p class='ocr_par' dir='ltr' id='par_1_36' title="bbox 157 1478 940 1515">
     <span class='ocr_line' id='line_1_36' title="bbox 157 1478 940 1515; baseline 0.003 -11"><span class='ocrx_word' id='word_1_228' title='bbox 157 1478 240 1505; x_wconf 89' lang='lat' dir='ltr'><strong>tionis</strong></span> <span class='ocrx_word' id='word_1_229' title='bbox 261 1478 375 1511; x_wconf 87' lang='lat' dir='ltr'><strong>dictum,</strong></span> <span class='ocrx_word' id='word_1_230' title='bbox 390 1480 579 1507; x_wconf 79' lang='lat' dir='ltr'><strong>vehementem</strong></span> <span class='ocrx_word' id='word_1_231' title='bbox 592 1480 727 1515; x_wconf 72' lang='lat' dir='ltr'><strong>signiﬁcat</strong></span> <span class='ocrx_word' id='word_1_232' title='bbox 747 1479 834 1514; x_wconf 89' lang='lat' dir='ltr'><strong>ipsius</strong></span> <span class='ocrx_word' id='word_1_233' title='bbox 854 1480 940 1515; x_wconf 74' lang='lat' dir='ltr'><strong>pcrdi~</strong></span> 
     </span>
    </p>
   </div>
   <div class='ocr_carea' id='block_1_37' title="bbox 156 1525 938 1561">
    <p class='ocr_par' dir='ltr' id='par_1_37' title="bbox 156 1525 938 1561">
     <span class='ocr_line' id='line_1_37' title="bbox 156 1525 938 1561; baseline 0 -10"><span class='ocrx_word' id='word_1_234' title='bbox 156 1525 269 1553; x_wconf 78' lang='lat' dir='ltr'><strong>tionem.</strong></span> <span class='ocrx_word' id='word_1_235' title='bbox 286 1525 364 1557; x_wconf 89' lang='lat' dir='ltr'><strong>Tota,</strong></span> <span class='ocrx_word' id='word_1_236' title='bbox 381 1526 481 1561; x_wconf 87' lang='lat' dir='ltr'><strong>inquit,</strong></span> <span class='ocrx_word' id='word_1_237' title='bbox 498 1527 628 1561; x_wconf 82' lang='lat' dir='ltr'><strong>absorpta</strong></span> <span class='ocrx_word' id='word_1_238' title='bbox 656 1531 698 1553; x_wconf 91' lang='lat' dir='ltr'><strong>est</strong></span> <span class='ocrx_word' id='word_1_239' title='bbox 724 1526 757 1553; x_wconf 91' lang='lat' dir='ltr'><strong>ad</strong></span> <span class='ocrx_word' id='word_1_240' title='bbox 784 1526 938 1556; x_wconf 83' lang='lat' dir='ltr'><strong>victoriam,</strong></span> 
     </span>
    </p>
   </div>
   <div class='ocr_carea' id='block_1_38' title="bbox 157 1570 939 1606">
    <p class='ocr_par' dir='ltr' id='par_1_38' title="bbox 157 1570 939 1606">
     <span class='ocr_line' id='line_1_38' title="bbox 157 1570 939 1606; baseline 0.001 -9"><span class='ocrx_word' id='word_1_241' title='bbox 157 1575 186 1597; x_wconf 92' lang='lat' dir='ltr'><strong>ut</strong></span> <span class='ocrx_word' id='word_1_242' title='bbox 201 1571 267 1598; x_wconf 91' lang='lat' dir='ltr'><strong>nihil</strong></span> <span class='ocrx_word' id='word_1_243' title='bbox 277 1570 337 1606; x_wconf 88' lang='lat' dir='ltr'><strong>ejus</strong></span> <span class='ocrx_word' id='word_1_244' title='bbox 355 1572 473 1606; x_wconf 85' lang='lat' dir='ltr'><strong>amplius</strong></span> <span class='ocrx_word' id='word_1_245' title='bbox 490 1573 709 1606; x_wconf 87' lang='lat' dir='ltr'><strong>derelinquatur.</strong></span> <span class='ocrx_word' id='word_1_246' title='bbox 728 1581 737 1596; x_wconf 87' lang='grc'><strong><em>‹</em></strong></span> <span class='ocrx_word' id='word_1_247' title='bbox 756 1570 807 1598; x_wconf 85' lang='lat' dir='ltr'><strong>Ubi</strong></span> <span class='ocrx_word' id='word_1_248' title='bbox 825 1576 899 1603; x_wconf 88' lang='lat' dir='ltr'><strong>tuus,</strong></span> <span class='ocrx_word' id='word_1_249' title='bbox 923 1579 939 1598; x_wconf 90' lang='grc' dir='ltr'><strong>ο</strong></span> 
     </span>
    </p>
   </div>
   <div class='ocr_carea' id='block_1_39' title="bbox 157 1617 940 1653">
    <p class='ocr_par' dir='ltr' id='par_1_39' title="bbox 157 1617 940 1653">
     <span class='ocr_line' id='line_1_39' title="bbox 157 1617 940 1653; baseline 0 -9"><span class='ocrx_word' id='word_1_250' title='bbox 157 1625 242 1649; x_wconf 86' lang='lat' dir='ltr'><strong>mors,</strong></span> <span class='ocrx_word' id='word_1_251' title='bbox 258 1619 391 1646; x_wconf 86' lang='lat' dir='ltr'><strong>aculeus?</strong></span> <span class='ocrx_word' id='word_1_252' title='bbox 405 1628 414 1644; x_wconf 68' lang='grc' dir='ltr'><strong>ι</strong></span> <span class='ocrx_word' id='word_1_253' title='bbox 435 1618 576 1653; x_wconf 82' lang='lat' dir='ltr'><strong>Tanquam</strong></span> <span class='ocrx_word' id='word_1_254' title='bbox 594 1618 689 1646; x_wconf 79' lang='lat' dir='ltr'><strong>videns</strong></span> <span class='ocrx_word' id='word_1_255' title='bbox 703 1626 732 1645; x_wconf 86' lang='lat' dir='ltr'><strong>ea</strong></span> <span class='ocrx_word' id='word_1_256' title='bbox 745 1626 804 1652; x_wconf 74' lang='lat' dir='ltr'><strong>quze</strong></span> <span class='ocrx_word' id='word_1_257' title='bbox 819 1617 897 1648; x_wconf 80' lang='lat' dir='ltr'><strong>ﬁunt,</strong></span> <span class='ocrx_word' id='word_1_258' title='bbox 914 1621 940 1645; x_wconf 89' lang='lat' dir='ltr'><strong>et.</strong></span> 
     </span>
    </p>
   </div>
   <div class='ocr_carea' id='block_1_40' title="bbox 158 1664 942 1700">
    <p class='ocr_par' dir='ltr' id='par_1_40' title="bbox 158 1664 942 1700">
     <span class='ocr_line' id='line_1_40' title="bbox 158 1664 942 1700; baseline -0.001 -9"><span class='ocrx_word' id='word_1_259' title='bbox 158 1669 287 1700; x_wconf 80' lang='lat' dir='ltr'><strong>tanquam</strong></span> <span class='ocrx_word' id='word_1_260' title='bbox 302 1666 469 1700; x_wconf 82' lang='lat' dir='ltr'><strong>adjacentem</strong></span> <span class='ocrx_word' id='word_1_261' title='bbox 483 1666 559 1692; x_wconf 89' lang='lat' dir='ltr'><strong>humi</strong></span> <span class='ocrx_word' id='word_1_262' title='bbox 576 1670 689 1692; x_wconf 87' lang='lat' dir='ltr'><strong>mortem</strong></span> <span class='ocrx_word' id='word_1_263' title='bbox 709 1665 825 1697; x_wconf 81' lang='lat' dir='ltr'><strong>accedit,</strong></span> <span class='ocrx_word' id='word_1_264' title='bbox 841 1671 874 1692; x_wconf 83' lang='lat' dir='ltr'><strong>ac</strong></span> <span class='ocrx_word' id='word_1_265' title='bbox 893 1664 942 1690; x_wconf 85' lang='lat' dir='ltr'><strong>ad-</strong></span> 
     </span>
    </p>
   </div>
   <div class='ocr_carea' id='block_1_41' title="bbox 157 1709 939 1745">
    <p class='ocr_par' dir='ltr' id='par_1_41' title="bbox 157 1709 939 1745">
     <span class='ocr_line' id='line_1_41' title="bbox 157 1709 939 1745; baseline -0.005 -7"><span class='ocrx_word' id='word_1_266' title='bbox 157 1718 255 1738; x_wconf 84' lang='lat' dir='ltr'><strong>versus</strong></span> <span class='ocrx_word' id='word_1_267' title='bbox 266 1719 326 1738; x_wconf 91' lang='lat' dir='ltr'><strong>eam</strong></span> <span class='ocrx_word' id='word_1_268' title='bbox 342 1711 474 1745; x_wconf 78' lang='lat' dir='ltr'><strong>gloriatur</strong></span> <span class='ocrx_word' id='word_1_269' title='bbox 485 1710 590 1742; x_wconf 88' lang='lat' dir='ltr'><strong>dicens,</strong></span> <span class='ocrx_word' id='word_1_270' title='bbox 604 1709 654 1737; x_wconf 89' lang='lat' dir='ltr'><strong>Ubi</strong></span> <span class='ocrx_word' id='word_1_271' title='bbox 668 1714 731 1737; x_wconf 87' lang='lat' dir='ltr'><strong>tuus</strong></span> <span class='ocrx_word' id='word_1_272' title='bbox 748 1709 939 1742; x_wconf 84' lang='lat' dir='ltr'><strong>aculeus?ubi,</strong></span> 
     </span>
    </p>
   </div>
   <div class='ocr_carea' id='block_1_42' title="bbox 158 1756 942 1791">
    <p class='ocr_par' dir='ltr' id='par_1_42' title="bbox 158 1756 942 1791">
     <span class='ocr_line' id='line_1_42' title="bbox 158 1756 942 1791; baseline -0.003 -7"><span class='ocrx_word' id='word_1_273' title='bbox 158 1764 175 1784; x_wconf 90' lang='grc' dir='ltr'><strong>ο</strong></span> <span class='ocrx_word' id='word_1_274' title='bbox 190 1764 264 1784; x_wconf 86' lang='lat' dir='ltr'><strong>mors</strong></span> <span class='ocrx_word' id='word_1_275' title='bbox 278 1761 304 1784; x_wconf 89' lang='lat' dir='ltr'><strong>ct</strong></span> <span class='ocrx_word' id='word_1_276' title='bbox 321 1757 439 1788; x_wconf 78' lang='lat' dir='ltr'><strong>inferne,</strong></span> <span class='ocrx_word' id='word_1_277' title='bbox 454 1761 544 1783; x_wconf 81' lang='lat' dir='ltr'><strong>vestra</strong></span> <span class='ocrx_word' id='word_1_278' title='bbox 555 1764 614 1791; x_wconf 81' lang='lat' dir='ltr'><strong>quae</strong></span> <span class='ocrx_word' id='word_1_279' title='bbox 628 1756 758 1782; x_wconf 80' lang='lat' dir='ltr'><strong>adversus</strong></span> <span class='ocrx_word' id='word_1_280' title='bbox 774 1763 870 1783; x_wconf 85' lang='lat' dir='ltr'><strong>omnes</strong></span> <span class='ocrx_word' id='word_1_281' title='bbox 885 1760 942 1782; x_wconf 90' lang='lat' dir='ltr'><strong>erat</strong></span> 
     </span>
    </p>
   </div>
   <div class='ocr_carea' id='block_1_43' title="bbox 158 1800 942 1836">
    <p class='ocr_par' dir='ltr' id='par_1_43' title="bbox 158 1800 942 1836">
     <span class='ocr_line' id='line_1_43' title="bbox 158 1800 942 1836; baseline -0.001 -8"><span class='ocrx_word' id='word_1_282' title='bbox 158 1802 294 1830; x_wconf 82' lang='lat' dir='ltr'><strong>victoria?</strong></span> <span class='ocrx_word' id='word_1_283' title='bbox 317 1802 410 1836; x_wconf 85' lang='lat' dir='ltr'><strong>periit,</strong></span> <span class='ocrx_word' id='word_1_284' title='bbox 424 1801 570 1835; x_wconf 84' lang='lat' dir='ltr'><strong>disparuit,</strong></span> <span class='ocrx_word' id='word_1_285' title='bbox 587 1801 666 1827; x_wconf 84' lang='lat' dir='ltr'><strong>linem</strong></span> <span class='ocrx_word' id='word_1_286' title='bbox 683 1801 774 1827; x_wconf 84' lang='lat' dir='ltr'><strong>habet.</strong></span> <span class='ocrx_word' id='word_1_287' title='bbox 791 1809 803 1826; x_wconf 65' lang='grc' dir='ltr'><strong>Δι</strong></span> <span class='ocrx_word' id='word_1_288' title='bbox 824 1800 942 1827; x_wconf 88' lang='lat' dir='ltr'><strong>Aculetls</strong></span> 
     </span>
    </p>
   </div>
   <div class='ocr_carea' id='block_1_44' title="bbox 159 1845 943 1882">
    <p class='ocr_par' dir='ltr' id='par_1_44' title="bbox 159 1845 943 1882">
     <span class='ocr_line' id='line_1_44' title="bbox 159 1845 943 1882; baseline -0.004 -7"><span class='ocrx_word' id='word_1_289' title='bbox 159 1854 248 1875; x_wconf 82' lang='lat' dir='ltr'><strong>autem</strong></span> <span class='ocrx_word' id='word_1_290' title='bbox 274 1848 369 1875; x_wconf 85' lang='lat' dir='ltr'><strong>mortis</strong></span> <span class='ocrx_word' id='word_1_291' title='bbox 383 1852 535 1882; x_wconf 85' lang='lat' dir='ltr'><strong>peccatum.</strong></span> <span class='ocrx_word' id='word_1_292' title='bbox 557 1857 566 1873; x_wconf 69' lang='grc' dir='ltr'><strong>ι</strong></span> <span class='ocrx_word' id='word_1_293' title='bbox 582 1846 647 1874; x_wconf 86' lang='lat' dir='ltr'><strong>Nam</strong></span> <span class='ocrx_word' id='word_1_294' title='bbox 664 1854 712 1882; x_wconf 85' lang='lat' dir='ltr'><strong>per</strong></span> <span class='ocrx_word' id='word_1_295' title='bbox 726 1847 776 1873; x_wconf 80' lang='lat' dir='ltr'><strong>hoc</strong></span> <span class='ocrx_word' id='word_1_296' title='bbox 794 1845 874 1874; x_wconf 77' lang='lat' dir='ltr'><strong>{ortis</strong></span> <span class='ocrx_word' id='word_1_297' title='bbox 901 1849 943 1873; x_wconf 82' lang='lat' dir='ltr'><strong>est</strong></span> 
     </span>
    </p>
   </div>
   <div class='ocr_carea' id='block_1_45' title="bbox 159 1891 941 1927">
    <p class='ocr_par' dir='ltr' id='par_1_45' title="bbox 159 1891 941 1927">
     <span class='ocr_line' id='line_1_45' title="bbox 159 1891 941 1927; baseline -0.001 -8"><span class='ocrx_word' id='word_1_298' title='bbox 159 1900 244 1925; x_wconf 85' lang='lat' dir='ltr'><strong>mors,</strong></span> <span class='ocrx_word' id='word_1_299' title='bbox 261 1893 448 1926; x_wconf 78' lang='lat' dir='ltr'><strong>tanquambac</strong></span> <span class='ocrx_word' id='word_1_300' title='bbox 458 1892 577 1927; x_wconf 91' lang='lat' dir='ltr'><strong>potentia</strong></span> <span class='ocrx_word' id='word_1_301' title='bbox 594 1896 621 1919; x_wconf 94' lang='lat' dir='ltr'><strong>et</strong></span> <span class='ocrx_word' id='word_1_302' title='bbox 637 1893 731 1919; x_wconf 86' lang='lat' dir='ltr'><strong>aculeo</strong></span> <span class='ocrx_word' id='word_1_303' title='bbox 745 1891 941 1925; x_wconf 85' lang='lat' dir='ltr'><strong>utens.Quem-</strong></span> 
     </span>
    </p>
   </div>
   <div class='ocr_carea' id='block_1_46' title="bbox 159 1938 943 1974">
    <p class='ocr_par' dir='ltr' id='par_1_46' title="bbox 159 1938 943 1974">
     <span class='ocr_line' id='line_1_46' title="bbox 159 1938 943 1974; baseline 0 -9"><span class='ocrx_word' id='word_1_304' title='bbox 159 1938 306 1966; x_wconf 81' lang='lat' dir='ltr'><strong>admodum</strong></span> <span class='ocrx_word' id='word_1_305' title='bbox 325 1940 397 1966; x_wconf 90' lang='lat' dir='ltr'><strong>enim</strong></span> <span class='ocrx_word' id='word_1_306' title='bbox 408 1940 545 1973; x_wconf 88' lang='lat' dir='ltr'><strong>scorpius,</strong></span> <span class='ocrx_word' id='word_1_307' title='bbox 558 1939 615 1974; x_wconf 90' lang='lat' dir='ltr'><strong>ipse</strong></span> <span class='ocrx_word' id='word_1_308' title='bbox 631 1939 740 1974; x_wconf 86' lang='lat' dir='ltr'><strong>quidem</strong></span> <span class='ocrx_word' id='word_1_309' title='bbox 752 1939 806 1965; x_wconf 88' lang='lat' dir='ltr'><strong>vile</strong></span> <span class='ocrx_word' id='word_1_310' title='bbox 826 1938 943 1965; x_wconf 83' lang='lat' dir='ltr'><strong>animal-</strong></span> 
     </span>
    </p>
   </div>
   <div class='ocr_carea' id='block_1_47' title="bbox 160 1985 944 2017">
    <p class='ocr_par' dir='ltr' id='par_1_47' title="bbox 160 1985 944 2017">
     <span class='ocr_line' id='line_1_47' title="bbox 160 1985 944 2017; baseline 0 -6"><span class='ocrx_word' id='word_1_311' title='bbox 160 1986 251 2012; x_wconf 90' lang='lat' dir='ltr'><strong>enlum</strong></span> <span class='ocrx_word' id='word_1_312' title='bbox 268 1989 319 2017; x_wconf 88' lang='lat' dir='ltr'><strong>est,</strong></span> <span class='ocrx_word' id='word_1_313' title='bbox 329 1990 447 2013; x_wconf 85' lang='lat' dir='ltr'><strong>attamen</strong></span> <span class='ocrx_word' id='word_1_314' title='bbox 460 1985 513 2012; x_wconf 89' lang='lat' dir='ltr'><strong>vim</strong></span> <span class='ocrx_word' id='word_1_315' title='bbox 521 1985 603 2012; x_wconf 84' lang='lat' dir='ltr'><strong>habet</strong></span> <span class='ocrx_word' id='word_1_316' title='bbox 615 1985 644 2012; x_wconf 91' lang='lat' dir='ltr'><strong>in</strong></span> <span class='ocrx_word' id='word_1_317' title='bbox 657 1985 752 2012; x_wconf 80' lang='lat' dir='ltr'><strong>aculeo</strong></span> <span class='ocrx_word' id='word_1_318' title='bbox 765 1993 772 2011; x_wconf 87' lang='lat'><strong>:</strong></span> <span class='ocrx_word' id='word_1_319' title='bbox 785 1985 822 2012; x_wconf 89' lang='lat' dir='ltr'><strong>ita</strong></span> <span class='ocrx_word' id='word_1_320' title='bbox 835 1988 861 2012; x_wconf 93' lang='lat' dir='ltr'><strong>et</strong></span> <span class='ocrx_word' id='word_1_321' title='bbox 871 1992 944 2011; x_wconf 84' lang='lat' dir='ltr'><strong>mors</strong></span> 
     </span>
    </p>
   </div>
   <div class='ocr_carea' id='block_1_48' title="bbox 160 2031 944 2065">
    <p class='ocr_par' dir='ltr' id='par_1_48' title="bbox 160 2031 944 2065">
     <span class='ocr_line' id='line_1_48' title="bbox 160 2031 944 2065; baseline -0.001 -7"><span class='ocrx_word' id='word_1_322' title='bbox 160 2031 262 2065; x_wconf 80' lang='lat' dir='ltr'><strong>absque</strong></span> <span class='ocrx_word' id='word_1_323' title='bbox 279 2035 388 2065; x_wconf 83' lang='lat' dir='ltr'><strong>peccato</strong></span> <span class='ocrx_word' id='word_1_324' title='bbox 400 2031 500 2058; x_wconf 86' lang='lat' dir='ltr'><strong>nullam</strong></span> <span class='ocrx_word' id='word_1_325' title='bbox 515 2031 597 2058; x_wconf 83' lang='lat' dir='ltr'><strong>habet</strong></span> <span class='ocrx_word' id='word_1_326' title='bbox 612 2031 762 2065; x_wconf 76' lang='lat' dir='ltr'><strong>energiam.</strong></span> <span class='ocrx_word' id='word_1_327' title='bbox 780 2034 944 2064; x_wconf 78' lang='lat' dir='ltr'><strong>nec~posset</strong></span> 
     </span>
    </p>
   </div>
   <div class='ocr_carea' id='block_1_49' title="bbox 160 2076 941 2113">
    <p class='ocr_par' dir='ltr' id='par_1_49' title="bbox 160 2076 941 2113">
     <span class='ocr_line' id='line_1_49' title="bbox 160 2076 941 2113; baseline -0.003 -9"><span class='ocrx_word' id='word_1_328' title='bbox 160 2077 321 2105; x_wconf 82' lang='lat' dir='ltr'><strong>subsistere.</strong></span> <span class='ocrx_word' id='word_1_329' title='bbox 347 2077 425 2113; x_wconf 76' lang='lat'><strong>581</strong></span> <span class='ocrx_word' id='word_1_330' title='bbox 459 2086 468 2103; x_wconf 73' lang='grc' dir='ltr'><strong>ι</strong></span> <span class='ocrx_word' id='word_1_331' title='bbox 484 2076 608 2104; x_wconf 81' lang='lat' dir='ltr'><strong>Potentia</strong></span> <span class='ocrx_word' id='word_1_332' title='bbox 640 2084 705 2104; x_wconf 87' lang='lat' dir='ltr'><strong>vero</strong></span> <span class='ocrx_word' id='word_1_333' title='bbox 719 2077 822 2111; x_wconf 86' lang='lat' dir='ltr'><strong>peccati</strong></span> <span class='ocrx_word' id='word_1_334' title='bbox 858 2076 913 2104; x_wconf 81' lang='lat' dir='ltr'><strong>lex.</strong></span> <span class='ocrx_word' id='word_1_335' title='bbox 932 2085 941 2102; x_wconf 71' lang='grc' dir='ltr'><strong>ι</strong></span> 
     </span>
    </p>
   </div>
   <div class='ocr_carea' id='block_1_50' title="bbox 160 2122 945 2158">
    <p class='ocr_par' dir='ltr' id='par_1_50' title="bbox 160 2122 945 2158">
     <span class='ocr_line' id='line_1_50' title="bbox 160 2122 945 2158; baseline 0.001 -10"><span class='ocrx_word' id='word_1_336' title='bbox 160 2122 303 2156; x_wconf 85' lang='lat' dir='ltr'><strong>Quomodo</strong></span> <span class='ocrx_word' id='word_1_337' title='bbox 333 2124 438 2158; x_wconf 83' lang='lat' dir='ltr'><strong>peccati</strong></span> <span class='ocrx_word' id='word_1_338' title='bbox 466 2123 551 2151; x_wconf 88' lang='lat' dir='ltr'><strong>robur</strong></span> <span class='ocrx_word' id='word_1_339' title='bbox 569 2128 612 2150; x_wconf 89' lang='lat' dir='ltr'><strong>est</strong></span> <span class='ocrx_word' id='word_1_340' title='bbox 633 2123 673 2150; x_wconf 81' lang='lat' dir='ltr'><strong>lex</strong></span> <span class='ocrx_word' id='word_1_341' title='bbox 690 2123 702 2149; x_wconf 88' lang='lat'><strong>?</strong></span> <span class='ocrx_word' id='word_1_342' title='bbox 721 2122 789 2155; x_wconf 88' lang='lat' dir='ltr'><strong>Quia</strong></span> <span class='ocrx_word' id='word_1_343' title='bbox 812 2122 871 2149; x_wconf 89' lang='lat' dir='ltr'><strong>sine</strong></span> <span class='ocrx_word' id='word_1_344' title='bbox 887 2122 945 2158; x_wconf 79' lang='lat' dir='ltr'><strong>lege</strong></span> 
     </span>
    </p>
   </div>
   <div class='ocr_carea' id='block_1_51' title="bbox 161 2169 943 2206">
    <p class='ocr_par' dir='ltr' id='par_1_51' title="bbox 161 2169 943 2206">
     <span class='ocr_line' id='line_1_51' title="bbox 161 2169 943 2206; baseline 0 -10"><span class='ocrx_word' id='word_1_345' title='bbox 161 2169 295 2198; x_wconf 87' lang='lat' dir='ltr'><strong>imbecille</strong></span> <span class='ocrx_word' id='word_1_346' title='bbox 304 2175 377 2198; x_wconf 86' lang='lat' dir='ltr'><strong>esset</strong></span> <span class='ocrx_word' id='word_1_347' title='bbox 393 2170 626 2206; x_wconf 87' lang='lat' dir='ltr'><strong>peccatum,quod</strong></span> <span class='ocrx_word' id='word_1_348' title='bbox 642 2177 674 2197; x_wconf 82' lang='lat' dir='ltr'><strong>ex</strong></span> <span class='ocrx_word' id='word_1_349' title='bbox 689 2169 842 2205; x_wconf 73' lang='lat' dir='ltr'><strong>ignorantia</strong></span> <span class='ocrx_word' id='word_1_350' title='bbox 855 2169 943 2196; x_wconf 85' lang='lat' dir='ltr'><strong>lieret:</strong></span> 
     </span>
    </p>
   </div>
   <div class='ocr_carea' id='block_1_52' title="bbox 1022 467 1780 504">
    <p class='ocr_par' dir='ltr' id='par_1_52' title="bbox 1022 467 1780 504">
     <span class='ocr_line' id='line_1_52' title="bbox 1022 467 1780 504; baseline 0 -10"><span class='ocrx_word' id='word_1_351' title='bbox 1022 467 1116 494; x_wconf 81' lang='grc' dir='ltr'>ὀταν</span> <span class='ocrx_word' id='word_1_352' title='bbox 1129 467 1163 494; x_wconf 83' lang='grc' dir='ltr'>δὲ</span> <span class='ocrx_word' id='word_1_353' title='bbox 1179 467 1212 494; x_wconf 85' lang='grc' dir='ltr'>τὸ</span> <span class='ocrx_word' id='word_1_354' title='bbox 1234 467 1367 502; x_wconf 73' lang='grc' dir='ltr'>φθαρτὸν</span> <span class='ocrx_word' id='word_1_355' title='bbox 1381 467 1469 494; x_wconf 79' lang='grc' dir='ltr'>τοῦτο</span> <span class='ocrx_word' id='word_1_356' title='bbox 1486 468 1648 502; x_wconf 78' lang='grc' dir='ltr'><strong>ἐνδύσηται</strong></span> <span class='ocrx_word' id='word_1_357' title='bbox 1664 470 1780 504; x_wconf 59' lang='grc' dir='ltr'>ἀφθαρ-</span> 
     </span>
    </p>
   </div>
   <div class='ocr_carea' id='block_1_53' title="bbox 985 512 1777 547">
    <p class='ocr_par' dir='ltr' id='par_1_53' title="bbox 985 512 1777 547">
     <span class='ocr_line' id='line_1_53' title="bbox 985 512 1777 547; baseline 0.003 -8"><span class='ocrx_word' id='word_1_358' title='bbox 985 513 1068 545; x_wconf 77' lang='grc' dir='ltr'>σίαν,</span> <span class='ocrx_word' id='word_1_359' title='bbox 1078 512 1127 539; x_wconf 75' lang='grc' dir='ltr'>καὶ</span> <span class='ocrx_word' id='word_1_360' title='bbox 1141 512 1174 539; x_wconf 85' lang='grc' dir='ltr'>τὸ</span> <span class='ocrx_word' id='word_1_361' title='bbox 1188 512 1299 546; x_wconf 82' lang='grc' dir='ltr'>θνητὸν</span> <span class='ocrx_word' id='word_1_362' title='bbox 1313 512 1400 539; x_wconf 85' lang='grc' dir='ltr'>τοῦτο</span> <span class='ocrx_word' id='word_1_363' title='bbox 1412 512 1578 547; x_wconf 77' lang='grc' dir='ltr'><strong>ἐνδύσηται</strong></span> <span class='ocrx_word' id='word_1_364' title='bbox 1593 514 1777 547; x_wconf 78' lang='grc' dir='ltr'><strong>ἀθανασίαν,</strong></span> 
     </span>
    </p>
   </div>
   <div class='ocr_carea' id='block_1_54' title="bbox 986 558 1777 594">
    <p class='ocr_par' dir='ltr' id='par_1_54' title="bbox 986 558 1777 594">
     <span class='ocr_line' id='line_1_54' title="bbox 986 558 1777 594; baseline 0.003 -9"><span class='ocrx_word' id='word_1_365' title='bbox 986 559 1051 585; x_wconf 80' lang='grc' dir='ltr'>τότε</span> <span class='ocrx_word' id='word_1_366' title='bbox 1061 558 1220 593; x_wconf 77' lang='grc' dir='ltr'>γενήσεται</span> <span class='ocrx_word' id='word_1_367' title='bbox 1235 559 1250 585; x_wconf 85' lang='grc' dir='ltr'><em>ὀ</em></span> <span class='ocrx_word' id='word_1_368' title='bbox 1260 559 1351 593; x_wconf 76' lang='grc' dir='ltr'>λόγος</span> <span class='ocrx_word' id='word_1_369' title='bbox 1361 560 1377 585; x_wconf 80' lang='grc' dir='ltr'><strong>δ</strong></span> <span class='ocrx_word' id='word_1_370' title='bbox 1391 559 1604 594; x_wconf 69' lang='grc' dir='ltr'>γεῃοαμμένος,</span> <span class='ocrx_word' id='word_1_371' title='bbox 1616 562 1777 594; x_wconf 75' lang='grc' dir='ltr'><strong>Κατεπόθη</strong></span> 
     </span>
    </p>
   </div>
   <div class='ocr_carea' id='block_1_55' title="bbox 988 605 1780 639">
    <p class='ocr_par' dir='ltr' id='par_1_55' title="bbox 988 605 1780 639">
     <span class='ocr_line' id='line_1_55' title="bbox 988 605 1780 639; baseline 0.004 -8"><span class='ocrx_word' id='word_1_372' title='bbox 988 605 1003 631; x_wconf 83' lang='grc' dir='ltr'>ό</span> <span class='ocrx_word' id='word_1_373' title='bbox 1028 605 1154 637; x_wconf 80' lang='grc' dir='ltr'>θάνατος</span> <span class='ocrx_word' id='word_1_374' title='bbox 1168 606 1212 638; x_wconf 82' lang='grc' dir='ltr'>εις</span> <span class='ocrx_word' id='word_1_375' title='bbox 1229 605 1323 638; x_wconf 82' lang='grc' dir='ltr'>νῖκος.</span> <span class='ocrx_word' id='word_1_376' title='bbox 1342 605 1403 632; x_wconf 86' lang='grc' dir='ltr'><strong>Ποῦ</strong></span> <span class='ocrx_word' id='word_1_377' title='bbox 1427 614 1495 636; x_wconf 88' lang='grc' dir='ltr'>σου,</span> <span class='ocrx_word' id='word_1_378' title='bbox 1516 606 1635 639; x_wconf 80' lang='grc' dir='ltr'><strong>θάνατε,</strong></span> <span class='ocrx_word' id='word_1_379' title='bbox 1654 607 1689 634; x_wconf 81' lang='grc' dir='ltr'>τὸ</span> <span class='ocrx_word' id='word_1_380' title='bbox 1706 607 1780 634; x_wconf 82' lang='grc' dir='ltr'><strong>κέν-</strong></span> 
     </span>
    </p>
   </div>
   <div class='ocr_carea' id='block_1_56' title="bbox 987 651 1780 688">
    <p class='ocr_par' dir='ltr' id='par_1_56' title="bbox 987 651 1780 688">
     <span class='ocr_line' id='line_1_56' title="bbox 987 651 1780 688; baseline 0.004 -10"><span class='ocrx_word' id='word_1_381' title='bbox 987 660 1074 686; x_wconf 79' lang='grc' dir='ltr'>τρον;</span> <span class='ocrx_word' id='word_1_382' title='bbox 1084 651 1145 678; x_wconf 88' lang='grc' dir='ltr'><strong>Ποῦ</strong></span> <span class='ocrx_word' id='word_1_383' title='bbox 1153 659 1222 684; x_wconf 84' lang='grc' dir='ltr'>σου,</span> <span class='ocrx_word' id='word_1_384' title='bbox 1237 651 1304 685; x_wconf 80' lang='grc' dir='ltr'>ᾷδη,</span> <span class='ocrx_word' id='word_1_385' title='bbox 1321 651 1354 678; x_wconf 79' lang='grc' dir='ltr'>τὸ</span> <span class='ocrx_word' id='word_1_386' title='bbox 1372 651 1472 685; x_wconf 83' lang='grc' dir='ltr'>νῖκος;</span> <span class='ocrx_word' id='word_1_387' title='bbox 1485 652 1519 679; x_wconf 82' lang='grc' dir='ltr'><em>Τὸ</em></span> <span class='ocrx_word' id='word_1_388' title='bbox 1533 652 1566 679; x_wconf 81' lang='grc' dir='ltr'>δὲ</span> <span class='ocrx_word' id='word_1_389' title='bbox 1581 654 1707 688; x_wconf 79' lang='grc' dir='ltr'><strong>κέντρον</strong></span> <span class='ocrx_word' id='word_1_390' title='bbox 1723 654 1780 681; x_wconf 72' lang='grc' dir='ltr'><strong>τοῦ</strong></span> 
     </span>
    </p>
   </div>
   <div class='ocr_carea' id='block_1_57' title="bbox 987 697 1781 734">
    <p class='ocr_par' dir='ltr' id='par_1_57' title="bbox 987 697 1781 734">
     <span class='ocr_line' id='line_1_57' title="bbox 987 697 1781 734; baseline 0.005 -11"><span class='ocrx_word' id='word_1_391' title='bbox 987 697 1118 724; x_wconf 84' lang='grc' dir='ltr'>θανάτου</span> <span class='ocrx_word' id='word_1_392' title='bbox 1134 697 1153 731; x_wconf 78' lang='grc' dir='ltr'><em>ὴ</em></span> <span class='ocrx_word' id='word_1_393' title='bbox 1168 697 1306 732; x_wconf 81' lang='grc' dir='ltr'>άμαρτΙα,</span> <span class='ocrx_word' id='word_1_394' title='bbox 1323 699 1342 732; x_wconf 81' lang='grc' dir='ltr'><strong><em>ή</em></strong></span> <span class='ocrx_word' id='word_1_395' title='bbox 1361 697 1395 724; x_wconf 83' lang='grc' dir='ltr'>δὲ</span> <span class='ocrx_word' id='word_1_396' title='bbox 1409 697 1534 733; x_wconf 80' lang='grc' dir='ltr'>δύναμις</span> <span class='ocrx_word' id='word_1_397' title='bbox 1555 698 1610 733; x_wconf 85' lang='grc' dir='ltr'>τῆς</span> <span class='ocrx_word' id='word_1_398' title='bbox 1631 700 1781 734; x_wconf 75' lang='grc' dir='ltr'>ἁμαρτίας</span> 
     </span>
    </p>
   </div>
   <div class='ocr_carea' id='block_1_58' title="bbox 986 741 1780 777">
    <p class='ocr_par' dir='ltr' id='par_1_58' title="bbox 986 741 1780 777">
     <span class='ocr_line' id='line_1_58' title="bbox 986 741 1780 777; baseline 0.001 -8"><span class='ocrx_word' id='word_1_399' title='bbox 986 743 1004 769; x_wconf 83' lang='grc' dir='ltr'><em>ό</em></span> <span class='ocrx_word' id='word_1_400' title='bbox 1025 742 1127 776; x_wconf 80' lang='grc' dir='ltr'>νόμος.</span> <span class='ocrx_word' id='word_1_401' title='bbox 1152 741 1193 774; x_wconf 85' lang='grc' dir='ltr'><strong>Τῷ</strong></span> <span class='ocrx_word' id='word_1_402' title='bbox 1212 742 1246 768; x_wconf 78' lang='grc' dir='ltr'>δὲ</span> <span class='ocrx_word' id='word_1_403' title='bbox 1266 741 1327 774; x_wconf 79' lang='grc' dir='ltr'><strong>Θεῷ</strong></span> <span class='ocrx_word' id='word_1_404' title='bbox 1346 741 1449 776; x_wconf 80' lang='grc' dir='ltr'>χάρις,</span> <span class='ocrx_word' id='word_1_405' title='bbox 1476 742 1516 774; x_wconf 86' lang='grc' dir='ltr'>τῷ</span> <span class='ocrx_word' id='word_1_406' title='bbox 1541 742 1623 769; x_wconf 80' lang='grc' dir='ltr'>δόντι</span> <span class='ocrx_word' id='word_1_407' title='bbox 1647 743 1722 777; x_wconf 76' lang='grc' dir='ltr'><strong>ἡμῖν</strong></span> <span class='ocrx_word' id='word_1_408' title='bbox 1746 743 1780 770; x_wconf 83' lang='grc' dir='ltr'>τὸ</span> 
     </span>
    </p>
   </div>
   <div class='ocr_carea' id='block_1_59' title="bbox 985 787 1705 823">
    <p class='ocr_par' dir='ltr' id='par_1_59' title="bbox 985 787 1705 823">
     <span class='ocr_line' id='line_1_59' title="bbox 985 787 1705 823; baseline 0.001 -8"><span class='ocrx_word' id='word_1_409' title='bbox 985 787 1081 821; x_wconf 82' lang='grc' dir='ltr'>νῖκος,</span> <span class='ocrx_word' id='word_1_410' title='bbox 1097 788 1146 816; x_wconf 83' lang='grc' dir='ltr'>διὰ</span> <span class='ocrx_word' id='word_1_411' title='bbox 1157 788 1211 816; x_wconf 84' lang='grc' dir='ltr'><strong>τοῦ</strong></span> <span class='ocrx_word' id='word_1_412' title='bbox 1223 789 1334 823; x_wconf 83' lang='grc' dir='ltr'><strong>Κυρίου</strong></span> <span class='ocrx_word' id='word_1_413' title='bbox 1348 788 1433 823; x_wconf 75' lang='grc' dir='ltr'><strong>ἡμῶν</strong></span> <span class='ocrx_word' id='word_1_414' title='bbox 1447 789 1547 823; x_wconf 80' lang='grc' dir='ltr'><strong>Ἰησοῦ</strong></span> <span class='ocrx_word' id='word_1_415' title='bbox 1563 789 1705 823; x_wconf 85' lang='grc' dir='ltr'><strong>Χριστοῦ.</strong></span> 
     </span>
    </p>
   </div>
   <div class='ocr_carea' id='block_1_60' title="bbox 1023 834 1780 872">
    <p class='ocr_par' dir='ltr' id='par_1_60' title="bbox 1023 834 1780 872">
     <span class='ocr_line' id='line_1_60' title="bbox 1023 834 1780 872; baseline 0.001 -10"><span class='ocrx_word' id='word_1_416' title='bbox 1023 835 1108 862; x_wconf 84' lang='grc' dir='ltr'><strong>Ὅταν</strong></span> <span class='ocrx_word' id='word_1_417' title='bbox 1130 834 1188 870; x_wconf 83' lang='grc' dir='ltr'>οὖν,</span> <span class='ocrx_word' id='word_1_418' title='bbox 1213 836 1290 871; x_wconf 74' lang='grc' dir='ltr'>φησὶ,</span> <span class='ocrx_word' id='word_1_419' title='bbox 1310 835 1398 863; x_wconf 79' lang='grc' dir='ltr'>ταῦτα</span> <span class='ocrx_word' id='word_1_420' title='bbox 1414 836 1538 871; x_wconf 82' lang='grc' dir='ltr'>γένηται,</span> <span class='ocrx_word' id='word_1_421' title='bbox 1555 837 1614 863; x_wconf 75' lang='grc' dir='ltr'>τότε</span> <span class='ocrx_word' id='word_1_422' title='bbox 1633 838 1649 872; x_wconf 87' lang='grc' dir='ltr'><strong>ή</strong></span> <span class='ocrx_word' id='word_1_423' title='bbox 1680 837 1780 872; x_wconf 68' lang='grc' dir='ltr'>Γραφὴ</span> 
     </span>
    </p>
   </div>
   <div class='ocr_carea' id='block_1_61' title="bbox 989 881 1781 918">
    <p class='ocr_par' dir='ltr' id='par_1_61' title="bbox 989 881 1781 918">
     <span class='ocr_line' id='line_1_61' title="bbox 989 881 1781 918; baseline 0 -10"><span class='ocrx_word' id='word_1_424' title='bbox 989 881 1140 916; x_wconf 82' lang='grc' dir='ltr'><strong>πληροῦται</strong></span> <span class='ocrx_word' id='word_1_425' title='bbox 1156 883 1172 918; x_wconf 80' lang='grc' dir='ltr'>ἡ</span> <span class='ocrx_word' id='word_1_426' title='bbox 1196 882 1243 908; x_wconf 83' lang='grc' dir='ltr'><strong>τοῦ</strong></span> <span class='ocrx_word' id='word_1_427' title='bbox 1265 882 1355 917; x_wconf 80' lang='grc' dir='ltr'>’οσηέ.</span> <span class='ocrx_word' id='word_1_428' title='bbox 1381 882 1490 917; x_wconf 82' lang='grc' dir='ltr'><strong>Ἐπειδὴ</strong></span> <span class='ocrx_word' id='word_1_429' title='bbox 1503 883 1558 917; x_wconf 75' lang='grc' dir='ltr'><strong>γὰρ</strong></span> <span class='ocrx_word' id='word_1_430' title='bbox 1574 882 1716 918; x_wconf 79' lang='grc' dir='ltr'>παράδοξα</span> <span class='ocrx_word' id='word_1_431' title='bbox 1731 884 1781 909; x_wconf 80' lang='grc' dir='ltr'>καὶ</span> 
     </span>
    </p>
   </div>
   <div class='ocr_carea' id='block_1_62' title="bbox 988 923 1780 962">
    <p class='ocr_par' dir='ltr' id='par_1_62' title="bbox 988 923 1780 962">
     <span class='ocr_line' id='line_1_62' title="bbox 988 923 1780 962; baseline 0.001 -10"><span class='ocrx_word' id='word_1_432' title='bbox 988 926 1072 958; x_wconf 76' lang='grc' dir='ltr'>ὅντως</span> <span class='ocrx_word' id='word_1_433' title='bbox 1088 927 1226 961; x_wconf 84' lang='grc' dir='ltr'><strong>μυστήρια</strong></span> <span class='ocrx_word' id='word_1_434' title='bbox 1240 923 1310 959; x_wconf 77' lang='grc' dir='ltr'>εἷπε,</span> <span class='ocrx_word' id='word_1_435' title='bbox 1325 926 1422 953; x_wconf 78' lang='grc' dir='ltr'>λοιπὸν</span> <span class='ocrx_word' id='word_1_436' title='bbox 1443 927 1490 953; x_wconf 82' lang='grc' dir='ltr'>καὶ</span> <span class='ocrx_word' id='word_1_437' title='bbox 1505 928 1536 962; x_wconf 80' lang='grc' dir='ltr'>τῇ</span> <span class='ocrx_word' id='word_1_438' title='bbox 1553 927 1679 962; x_wconf 57' lang='grc' dir='ltr'>Γραφικῇ</span> <span class='ocrx_word' id='word_1_439' title='bbox 1705 936 1780 962; x_wconf 78' lang='grc' dir='ltr'>μαρ-</span> 
     </span>
    </p>
   </div>
   <div class='ocr_carea' id='block_1_63' title="bbox 988 973 1780 1008">
    <p class='ocr_par' dir='ltr' id='par_1_63' title="bbox 988 973 1780 1008">
     <span class='ocr_line' id='line_1_63' title="bbox 988 973 1780 1008; baseline 0.001 -9"><span class='ocrx_word' id='word_1_440' title='bbox 988 973 1069 1008; x_wconf 77' lang='grc' dir='ltr'>τυρίᾳ</span> <span class='ocrx_word' id='word_1_441' title='bbox 1094 973 1237 1000; x_wconf 84' lang='grc' dir='ltr'>πιστοῦται</span> <span class='ocrx_word' id='word_1_442' title='bbox 1255 974 1301 1000; x_wconf 77' lang='grc' dir='ltr'><strong>τὸν</strong></span> <span class='ocrx_word' id='word_1_443' title='bbox 1325 973 1414 1008; x_wconf 82' lang='grc' dir='ltr'>λόγον,</span> <span class='ocrx_word' id='word_1_444' title='bbox 1436 983 1445 999; x_wconf 79' lang='grc' dir='ltr'><strong>ι</strong></span> <span class='ocrx_word' id='word_1_445' title='bbox 1463 973 1610 1008; x_wconf 80' lang='grc' dir='ltr'><strong>Κατεπόθη</strong></span> <span class='ocrx_word' id='word_1_446' title='bbox 1627 975 1641 1000; x_wconf 88' lang='grc' dir='ltr'>ὁ</span> <span class='ocrx_word' id='word_1_447' title='bbox 1661 974 1780 1005; x_wconf 76' lang='grc' dir='ltr'>θάνατος</span> 
     </span>
    </p>
   </div>
   <div class='ocr_carea' id='block_1_64' title="bbox 989 1018 1778 1053">
    <p class='ocr_par' dir='ltr' id='par_1_64' title="bbox 989 1018 1778 1053">
     <span class='ocr_line' id='line_1_64' title="bbox 989 1018 1778 1053; baseline 0.001 -8"><span class='ocrx_word' id='word_1_448' title='bbox 989 1020 1028 1050; x_wconf 84' lang='grc' dir='ltr'><strong>είς</strong></span> <span class='ocrx_word' id='word_1_449' title='bbox 1045 1021 1131 1053; x_wconf 83' lang='grc' dir='ltr'>νῖκος,</span> <span class='ocrx_word' id='word_1_450' title='bbox 1152 1028 1162 1045; x_wconf 70' lang='grc' dir='ltr'><strong>ι</strong></span> <span class='ocrx_word' id='word_1_451' title='bbox 1190 1019 1330 1046; x_wconf 77' lang='grc' dir='ltr'><strong>τουτέστιν</strong></span> <span class='ocrx_word' id='word_1_452' title='bbox 1355 1020 1397 1051; x_wconf 81' lang='grc' dir='ltr'>εἰς</span> <span class='ocrx_word' id='word_1_453' title='bbox 1421 1020 1507 1051; x_wconf 79' lang='grc' dir='ltr'>τέλος,</span> <span class='ocrx_word' id='word_1_454' title='bbox 1539 1018 1596 1047; x_wconf 79' lang='grc' dir='ltr'>οἷον</span> <span class='ocrx_word' id='word_1_455' title='bbox 1625 1020 1778 1052; x_wconf 72' lang='grc' dir='ltr'>ἀπόλωλεν,</span> 
     </span>
    </p>
   </div>
   <div class='ocr_carea' id='block_1_65' title="bbox 988 1064 1781 1101">
    <p class='ocr_par' dir='ltr' id='par_1_65' title="bbox 988 1064 1781 1101">
     <span class='ocr_line' id='line_1_65' title="bbox 988 1064 1781 1101; baseline 0.001 -10"><span class='ocrx_word' id='word_1_456' title='bbox 988 1064 1147 1100; x_wconf 71' lang='grc' dir='ltr'>ἠφάνισται,</span> <span class='ocrx_word' id='word_1_457' title='bbox 1163 1065 1224 1091; x_wconf 70' lang='grc' dir='ltr'>οὐδὲ</span> <span class='ocrx_word' id='word_1_458' title='bbox 1246 1065 1323 1097; x_wconf 79' lang='grc' dir='ltr'>ἐλπὶς</span> <span class='ocrx_word' id='word_1_459' title='bbox 1342 1065 1515 1101; x_wconf 80' lang='grc' dir='ltr'><strong>ὑποστροφῆς</strong></span> <span class='ocrx_word' id='word_1_460' title='bbox 1529 1066 1603 1101; x_wconf 75' lang='grc' dir='ltr'>αὐτῷ</span> <span class='ocrx_word' id='word_1_461' title='bbox 1619 1067 1781 1092; x_wconf 78' lang='grc' dir='ltr'>καταλέλει-</span> 
     </span>
    </p>
   </div>
   <div class='ocr_carea' id='block_1_66' title="bbox 988 1110 1779 1147">
    <p class='ocr_par' dir='ltr' id='par_1_66' title="bbox 988 1110 1779 1147">
     <span class='ocr_line' id='line_1_66' title="bbox 988 1110 1779 1147; baseline 0 -9"><span class='ocrx_word' id='word_1_462' title='bbox 988 1120 1064 1138; x_wconf 85' lang='grc' dir='ltr'>πται.</span> <span class='ocrx_word' id='word_1_463' title='bbox 1085 1110 1192 1142; x_wconf 79' lang='grc' dir='ltr'>Ἐπειδὴ</span> <span class='ocrx_word' id='word_1_464' title='bbox 1206 1110 1264 1138; x_wconf 81' lang='grc' dir='ltr'>ἔστι</span> <span class='ocrx_word' id='word_1_465' title='bbox 1278 1111 1464 1146; x_wconf 83' lang='grc' dir='ltr'>καταποθῆναι</span> <span class='ocrx_word' id='word_1_466' title='bbox 1475 1111 1599 1144; x_wconf 84' lang='grc' dir='ltr'>θάνατον,</span> <span class='ocrx_word' id='word_1_467' title='bbox 1616 1114 1656 1144; x_wconf 80' lang='grc' dir='ltr'><strong>εἰς</strong></span> <span class='ocrx_word' id='word_1_468' title='bbox 1673 1113 1779 1147; x_wconf 68' lang='grc' dir='ltr'>φθορὰν</span> 
     </span>
    </p>
   </div>
   <div class='ocr_carea' id='block_1_67' title="bbox 988 1157 1780 1194">
    <p class='ocr_par' dir='ltr' id='par_1_67' title="bbox 988 1157 1780 1194">
     <span class='ocr_line' id='line_1_67' title="bbox 988 1157 1780 1194; baseline 0.004 -12"><span class='ocrx_word' id='word_1_469' title='bbox 988 1157 1040 1183; x_wconf 63' lang='grc' dir='ltr'>τῶν</span> <span class='ocrx_word' id='word_1_470' title='bbox 1051 1158 1249 1190; x_wconf 68' lang='grc' dir='ltr'>καταπιᾶντων,</span> <span class='ocrx_word' id='word_1_471' title='bbox 1259 1157 1352 1193; x_wconf 77' lang='grc' dir='ltr'>ὥσπερ</span> <span class='ocrx_word' id='word_1_472' title='bbox 1367 1158 1413 1184; x_wconf 78' lang='grc' dir='ltr'>καὶ</span> <span class='ocrx_word' id='word_1_473' title='bbox 1428 1158 1574 1194; x_wconf 75' lang='grc' dir='ltr'>φάρμακον</span> <span class='ocrx_word' id='word_1_474' title='bbox 1586 1158 1643 1185; x_wconf 72' lang='grc' dir='ltr'>ἔστι</span> <span class='ocrx_word' id='word_1_475' title='bbox 1654 1167 1780 1185; x_wconf 76' lang='grc' dir='ltr'>καταπο-</span> 
     </span>
    </p>
   </div>
   <div class='ocr_carea' id='block_1_68' title="bbox 990 1203 1781 1239">
    <p class='ocr_par' dir='ltr' id='par_1_68' title="bbox 990 1203 1781 1239">
     <span class='ocr_line' id='line_1_68' title="bbox 990 1203 1781 1239; baseline 0 -9"><span class='ocrx_word' id='word_1_476' title='bbox 990 1203 1067 1237; x_wconf 76' lang='grc' dir='ltr'>θῆναι</span> <span class='ocrx_word' id='word_1_477' title='bbox 1076 1203 1122 1229; x_wconf 73' lang='grc' dir='ltr'><strong>ἐπὶ</strong></span> <span class='ocrx_word' id='word_1_478' title='bbox 1128 1203 1260 1239; x_wconf 80' lang='grc' dir='ltr'>διαφθορᾷ</span> <span class='ocrx_word' id='word_1_479' title='bbox 1267 1203 1367 1238; x_wconf 79' lang='grc' dir='ltr'>ὁμοίως</span> <span class='ocrx_word' id='word_1_480' title='bbox 1381 1204 1435 1231; x_wconf 81' lang='grc' dir='ltr'><strong>τῶν</strong></span> <span class='ocrx_word' id='word_1_481' title='bbox 1444 1204 1637 1239; x_wconf 80' lang='grc' dir='ltr'><strong>χρησαμένων,</strong></span> <span class='ocrx_word' id='word_1_482' title='bbox 1648 1205 1692 1231; x_wconf 81' lang='grc' dir='ltr'><strong>διὰ</strong></span> <span class='ocrx_word' id='word_1_483' title='bbox 1700 1205 1781 1231; x_wconf 74' lang='grc' dir='ltr'>τοῦτο</span> 
     </span>
    </p>
   </div>
   <div class='ocr_carea' id='block_1_69' title="bbox 991 1250 1780 1286">
    <p class='ocr_par' dir='ltr' id='par_1_69' title="bbox 991 1250 1780 1286">
     <span class='ocr_line' id='line_1_69' title="bbox 991 1250 1780 1286; baseline 0.001 -10"><span class='ocrx_word' id='word_1_484' title='bbox 991 1250 1116 1285; x_wconf 72' lang='grc' dir='ltr'>ἐπήγαγε</span> <span class='ocrx_word' id='word_1_485' title='bbox 1135 1250 1176 1282; x_wconf 77' lang='grc' dir='ltr'>τὸ,</span> <span class='ocrx_word' id='word_1_486' title='bbox 1195 1250 1263 1282; x_wconf 75' lang='grc' dir='ltr'>«Εἰς</span> <span class='ocrx_word' id='word_1_487' title='bbox 1274 1251 1356 1283; x_wconf 62' lang='grc' dir='ltr'>νῖκος,</span> <span class='ocrx_word' id='word_1_488' title='bbox 1378 1259 1388 1276; x_wconf 84' lang='grc'><strong>›</strong></span> <span class='ocrx_word' id='word_1_489' title='bbox 1406 1251 1468 1277; x_wconf 78' lang='grc' dir='ltr'>ἀντὶ</span> <span class='ocrx_word' id='word_1_490' title='bbox 1488 1250 1547 1283; x_wconf 79' lang='grc' dir='ltr'>τοῦ,</span> <span class='ocrx_word' id='word_1_491' title='bbox 1557 1251 1612 1286; x_wconf 80' lang='grc' dir='ltr'><strong>Οὐχ</strong></span> <span class='ocrx_word' id='word_1_492' title='bbox 1625 1251 1668 1277; x_wconf 81' lang='grc' dir='ltr'>ἵνα</span> <span class='ocrx_word' id='word_1_493' title='bbox 1678 1250 1780 1286; x_wconf 76' lang='grc' dir='ltr'>φθείρῃ</span> 
     </span>
    </p>
   </div>
   <div class='ocr_carea' id='block_1_70' title="bbox 989 1296 1781 1333">
    <p class='ocr_par' dir='ltr' id='par_1_70' title="bbox 989 1296 1781 1333">
     <span class='ocr_line' id='line_1_70' title="bbox 989 1296 1781 1333; baseline 0.004 -11"><span class='ocrx_word' id='word_1_494' title='bbox 989 1296 1035 1322; x_wconf 77' lang='grc' dir='ltr'><strong>τὸν</strong></span> <span class='ocrx_word' id='word_1_495' title='bbox 1046 1297 1226 1328; x_wconf 84' lang='grc' dir='ltr'>καταπιόντα,</span> <span class='ocrx_word' id='word_1_496' title='bbox 1240 1297 1298 1323; x_wconf 82' lang='grc' dir='ltr'>ἀλλ’</span> <span class='ocrx_word' id='word_1_497' title='bbox 1315 1298 1359 1324; x_wconf 85' lang='grc' dir='ltr'>ἵνα</span> <span class='ocrx_word' id='word_1_498' title='bbox 1372 1298 1452 1329; x_wconf 74' lang='grc' dir='ltr'>αὐτὸς</span> <span class='ocrx_word' id='word_1_499' title='bbox 1467 1297 1616 1333; x_wconf 79' lang='grc' dir='ltr'>ἀφανισθῇ.</span> <span class='ocrx_word' id='word_1_500' title='bbox 1631 1298 1678 1324; x_wconf 82' lang='grc' dir='ltr'>καὶ</span> <span class='ocrx_word' id='word_1_501' title='bbox 1695 1307 1781 1325; x_wconf 83' lang='grc' dir='ltr'>κατα-</span> 
     </span>
    </p>
   </div>
   <div class='ocr_carea' id='block_1_71' title="bbox 989 1341 1780 1379">
    <p class='ocr_par' dir='ltr' id='par_1_71' title="bbox 989 1341 1780 1379">
     <span class='ocr_line' id='line_1_71' title="bbox 989 1341 1780 1379; baseline 0.003 -11"><span class='ocrx_word' id='word_1_502' title='bbox 989 1341 1090 1378; x_wconf 79' lang='grc' dir='ltr'>κράτος</span> <span class='ocrx_word' id='word_1_503' title='bbox 1107 1343 1250 1378; x_wconf 83' lang='grc' dir='ltr'>ἑκνικηθῇ,</span> <span class='ocrx_word' id='word_1_504' title='bbox 1269 1342 1340 1370; x_wconf 80' lang='grc' dir='ltr'>ὥστε</span> <span class='ocrx_word' id='word_1_505' title='bbox 1356 1344 1455 1378; x_wconf 78' lang='grc' dir='ltr'>μηκέτι</span> <span class='ocrx_word' id='word_1_506' title='bbox 1474 1344 1536 1378; x_wconf 84' lang='grc' dir='ltr'>μηδ’</span> <span class='ocrx_word' id='word_1_507' title='bbox 1551 1344 1624 1378; x_wconf 78' lang='grc' dir='ltr'>[χνος</span> <span class='ocrx_word' id='word_1_508' title='bbox 1639 1344 1742 1379; x_wconf 77' lang='grc' dir='ltr'>μάχης,</span> <span class='ocrx_word' id='word_1_509' title='bbox 1762 1344 1780 1379; x_wconf 74' lang='grc' dir='ltr'><strong>ἢ</strong></span> 
     </span>
    </p>
   </div>
   <div class='ocr_carea' id='block_1_72' title="bbox 991 1388 1773 1424">
    <p class='ocr_par' dir='ltr' id='par_1_72' title="bbox 991 1388 1773 1424">
     <span class='ocr_line' id='line_1_72' title="bbox 991 1388 1773 1424; baseline 0.003 -10"><span class='ocrx_word' id='word_1_510' title='bbox 991 1388 1071 1414; x_wconf 76' lang='grc' dir='ltr'>σκιὰν</span> <span class='ocrx_word' id='word_1_511' title='bbox 1083 1388 1249 1423; x_wconf 78' lang='grc' dir='ltr'><strong>ἐνοχλήσεως</strong></span> <span class='ocrx_word' id='word_1_512' title='bbox 1265 1388 1532 1424; x_wconf 72' lang='grc' dir='ltr'>ὑπολειφθῆναι.Καὶ</span> <span class='ocrx_word' id='word_1_513' title='bbox 1545 1389 1773 1424; x_wconf 62' lang='grc' dir='ltr'>τὺμΚατεπίθηι</span> 
     </span>
    </p>
   </div>
   <div class='ocr_carea' id='block_1_73' title="bbox 989 1433 1780 1470">
    <p class='ocr_par' dir='ltr' id='par_1_73' title="bbox 989 1433 1780 1470">
     <span class='ocr_line' id='line_1_73' title="bbox 989 1433 1780 1470; baseline 0.004 -11"><span class='ocrx_word' id='word_1_514' title='bbox 989 1433 1018 1460; x_wconf 79' lang='grc' dir='ltr'>δὲ</span> <span class='ocrx_word' id='word_1_515' title='bbox 1043 1433 1113 1468; x_wconf 75' lang='grc' dir='ltr'>μετὰ</span> <span class='ocrx_word' id='word_1_516' title='bbox 1130 1434 1179 1468; x_wconf 80' lang='grc' dir='ltr'>τῆς</span> <span class='ocrx_word' id='word_1_517' title='bbox 1197 1433 1351 1468; x_wconf 73' lang='grc' dir='ltr'>προθέσεως</span> <span class='ocrx_word' id='word_1_518' title='bbox 1371 1434 1464 1469; x_wconf 70' lang='grc' dir='ltr'>ῥηθὲν,</span> <span class='ocrx_word' id='word_1_519' title='bbox 1481 1435 1530 1470; x_wconf 81' lang='grc' dir='ltr'>τὴν</span> <span class='ocrx_word' id='word_1_520' title='bbox 1555 1435 1674 1470; x_wconf 69' lang='grc' dir='ltr'>σφοδρὰν</span> <span class='ocrx_word' id='word_1_521' title='bbox 1694 1435 1780 1462; x_wconf 66' lang='grc' dir='ltr'>αὺτοῦ</span> 
     </span>
    </p>
   </div>
   <div class='ocr_carea' id='block_1_74' title="bbox 989 1479 1782 1515">
    <p class='ocr_par' dir='ltr' id='par_1_74' title="bbox 989 1479 1782 1515">
     <span class='ocr_line' id='line_1_74' title="bbox 989 1479 1782 1515; baseline 0.005 -11"><span class='ocrx_word' id='word_1_522' title='bbox 989 1479 1140 1514; x_wconf 71' lang='grc' dir='ltr'>διαφθορὰν</span> <span class='ocrx_word' id='word_1_523' title='bbox 1158 1480 1294 1514; x_wconf 76' lang='grc' dir='ltr'>σημαίνει.</span> <span class='ocrx_word' id='word_1_524' title='bbox 1314 1480 1405 1511; x_wconf 83' lang='grc' dir='ltr'>Ὀλος,</span> <span class='ocrx_word' id='word_1_525' title='bbox 1422 1481 1500 1515; x_wconf 67' lang='grc' dir='ltr'>φησὶ,</span> <span class='ocrx_word' id='word_1_526' title='bbox 1518 1481 1657 1515; x_wconf 67' lang='grc' dir='ltr'>κατεπόθη</span> <span class='ocrx_word' id='word_1_527' title='bbox 1679 1482 1720 1513; x_wconf 76' lang='grc' dir='ltr'><strong>εἰς</strong></span> <span class='ocrx_word' id='word_1_528' title='bbox 1742 1483 1782 1508; x_wconf 79' lang='grc' dir='ltr'>νῖ-</span> 
     </span>
    </p>
   </div>
   <div class='ocr_carea' id='block_1_75' title="bbox 991 1524 1780 1562">
    <p class='ocr_par' dir='ltr' id='par_1_75' title="bbox 991 1524 1780 1562">
     <span class='ocr_line' id='line_1_75' title="bbox 991 1524 1780 1562; baseline 0.004 -12"><span class='ocrx_word' id='word_1_529' title='bbox 991 1533 1047 1557; x_wconf 75' lang='grc' dir='ltr'>κος,</span> <span class='ocrx_word' id='word_1_530' title='bbox 1058 1524 1127 1551; x_wconf 75' lang='grc' dir='ltr'>ὥστε</span> <span class='ocrx_word' id='word_1_531' title='bbox 1139 1525 1223 1560; x_wconf 70' lang='grc' dir='ltr'>μηδὲν</span> <span class='ocrx_word' id='word_1_532' title='bbox 1235 1525 1316 1552; x_wconf 64' lang='grc' dir='ltr'>αἰτοῦ</span> <span class='ocrx_word' id='word_1_533' title='bbox 1327 1526 1366 1552; x_wconf 73' lang='grc' dir='ltr'><strong>ἔτι</strong></span> <span class='ocrx_word' id='word_1_534' title='bbox 1382 1526 1621 1562; x_wconf 79' lang='grc' dir='ltr'>ἐναπολειφθῆναι.</span> <span class='ocrx_word' id='word_1_535' title='bbox 1636 1527 1706 1553; x_wconf 79' lang='grc' dir='ltr'>(Ποῦ</span> <span class='ocrx_word' id='word_1_536' title='bbox 1722 1536 1780 1556; x_wconf 74' lang='grc' dir='ltr'>σου,</span> 
     </span>
    </p>
   </div>
   <div class='ocr_carea' id='block_1_76' title="bbox 992 1570 1781 1608">
    <p class='ocr_par' dir='ltr' id='par_1_76' title="bbox 992 1570 1781 1608">
     <span class='ocr_line' id='line_1_76' title="bbox 992 1570 1781 1608; baseline 0.003 -11"><span class='ocrx_word' id='word_1_537' title='bbox 992 1570 1090 1598; x_wconf 81' lang='grc' dir='ltr'>θάνατε</span> <span class='ocrx_word' id='word_1_538' title='bbox 1116 1572 1147 1598; x_wconf 70' lang='grc' dir='ltr'><strong>τὸ</strong></span> <span class='ocrx_word' id='word_1_539' title='bbox 1168 1573 1297 1607; x_wconf 75' lang='grc' dir='ltr'>κέντρονς</span> <span class='ocrx_word' id='word_1_540' title='bbox 1312 1581 1321 1598; x_wconf 69' lang='grc' dir='ltr'><strong>ι</strong></span> <span class='ocrx_word' id='word_1_541' title='bbox 1339 1572 1382 1603; x_wconf 78' lang='grc' dir='ltr'>Ὠς</span> <span class='ocrx_word' id='word_1_542' title='bbox 1395 1572 1465 1607; x_wconf 84' lang='grc' dir='ltr'>ὀρῶν</span> <span class='ocrx_word' id='word_1_543' title='bbox 1481 1573 1550 1599; x_wconf 72' lang='grc' dir='ltr'>αὐτὰ</span> <span class='ocrx_word' id='word_1_544' title='bbox 1572 1573 1716 1608; x_wconf 78' lang='grc' dir='ltr'>γινόμενα,</span> <span class='ocrx_word' id='word_1_545' title='bbox 1733 1574 1781 1599; x_wconf 77' lang='grc' dir='ltr'>καὶ</span> 
     </span>
    </p>
   </div>
   <div class='ocr_carea' id='block_1_77' title="bbox 991 1615 1782 1653">
    <p class='ocr_par' dir='ltr' id='par_1_77' title="bbox 991 1615 1782 1653">
     <span class='ocr_line' id='line_1_77' title="bbox 991 1615 1782 1653; baseline 0.003 -10"><span class='ocrx_word' id='word_1_546' title='bbox 991 1615 1046 1643; x_wconf 74' lang='grc' dir='ltr'>οἷον</span> <span class='ocrx_word' id='word_1_547' title='bbox 1062 1617 1150 1651; x_wconf 77' lang='grc' dir='ltr'>χαμαὶ</span> <span class='ocrx_word' id='word_1_548' title='bbox 1166 1617 1285 1652; x_wconf 81' lang='grc' dir='ltr'>κειμένῳ</span> <span class='ocrx_word' id='word_1_549' title='bbox 1302 1617 1463 1652; x_wconf 75' lang='grc' dir='ltr'>ὲπεμὸαίνει</span> <span class='ocrx_word' id='word_1_550' title='bbox 1477 1618 1516 1653; x_wconf 80' lang='grc' dir='ltr'>τῷ</span> <span class='ocrx_word' id='word_1_551' title='bbox 1535 1618 1650 1653; x_wconf 82' lang='grc' dir='ltr'>Θανάτῳ,</span> <span class='ocrx_word' id='word_1_552' title='bbox 1673 1619 1720 1645; x_wconf 80' lang='grc' dir='ltr'><strong>καὶ</strong></span> <span class='ocrx_word' id='word_1_553' title='bbox 1736 1620 1782 1653; x_wconf 75' lang='grc' dir='ltr'><strong>ἐγ-</strong></span> 
     </span>
    </p>
   </div>
   <div class='ocr_carea' id='block_1_78' title="bbox 992 1663 1781 1700">
    <p class='ocr_par' dir='ltr' id='par_1_78' title="bbox 992 1663 1781 1700">
     <span class='ocr_line' id='line_1_78' title="bbox 992 1663 1781 1700; baseline 0.004 -11"><span class='ocrx_word' id='word_1_554' title='bbox 992 1664 1127 1698; x_wconf 70' lang='grc' dir='ltr'>καυχᾶται</span> <span class='ocrx_word' id='word_1_555' title='bbox 1137 1663 1221 1698; x_wconf 79' lang='grc' dir='ltr'>αὐτῷ,</span> <span class='ocrx_word' id='word_1_556' title='bbox 1241 1673 1249 1689; x_wconf 75' lang='grc' dir='ltr'><strong>ι</strong></span> <span class='ocrx_word' id='word_1_557' title='bbox 1262 1663 1316 1690; x_wconf 79' lang='grc' dir='ltr'><strong>Ποῦ</strong></span> <span class='ocrx_word' id='word_1_558' title='bbox 1332 1672 1388 1695; x_wconf 78' lang='grc' dir='ltr'>σου,</span> <span class='ocrx_word' id='word_1_559' title='bbox 1403 1663 1499 1698; x_wconf 76' lang='grc' dir='ltr'>λέγων,</span> <span class='ocrx_word' id='word_1_560' title='bbox 1511 1664 1542 1690; x_wconf 85' lang='grc' dir='ltr'><strong>τὺ</strong></span> <span class='ocrx_word' id='word_1_561' title='bbox 1552 1664 1682 1700; x_wconf 67' lang='grc' dir='ltr'>κέντρονς</span> <span class='ocrx_word' id='word_1_562' title='bbox 1697 1675 1706 1691; x_wconf 75' lang='grc' dir='ltr'><strong>ι</strong></span> <span class='ocrx_word' id='word_1_563' title='bbox 1726 1666 1781 1692; x_wconf 76' lang='grc' dir='ltr'>Ποῦ</span> 
     </span>
    </p>
   </div>
   <div class='ocr_carea' id='block_1_79' title="bbox 993 1709 1781 1747">
    <p class='ocr_par' dir='ltr' id='par_1_79' title="bbox 993 1709 1781 1747">
     <span class='ocr_line' id='line_1_79' title="bbox 993 1709 1781 1747; baseline 0.003 -12"><span class='ocrx_word' id='word_1_564' title='bbox 993 1717 1039 1735; x_wconf 87' lang='grc' dir='ltr'>σου</span> <span class='ocrx_word' id='word_1_565' title='bbox 1055 1710 1070 1743; x_wconf 86' lang='grc' dir='ltr'>ἡ</span> <span class='ocrx_word' id='word_1_566' title='bbox 1087 1710 1158 1736; x_wconf 83' lang='grc' dir='ltr'>κατὰ</span> <span class='ocrx_word' id='word_1_567' title='bbox 1173 1710 1283 1736; x_wconf 77' lang='grc' dir='ltr'>πάντων</span> <span class='ocrx_word' id='word_1_568' title='bbox 1293 1709 1443 1744; x_wconf 81' lang='grc' dir='ltr'>ἀνθρώπων</span> <span class='ocrx_word' id='word_1_569' title='bbox 1455 1709 1528 1745; x_wconf 86' lang='grc' dir='ltr'>νίκη,</span> <span class='ocrx_word' id='word_1_570' title='bbox 1541 1709 1638 1737; x_wconf 79' lang='grc' dir='ltr'>θάνατε</span> <span class='ocrx_word' id='word_1_571' title='bbox 1654 1711 1702 1737; x_wconf 64' lang='grc' dir='ltr'>καὶ</span> <span class='ocrx_word' id='word_1_572' title='bbox 1713 1711 1781 1747; x_wconf 73' lang='grc' dir='ltr'>ᾅδης</span> 
     </span>
    </p>
   </div>
   <div class='ocr_carea' id='block_1_80' title="bbox 998 1754 1783 1791">
    <p class='ocr_par' dir='ltr' id='par_1_80' title="bbox 998 1754 1783 1791">
     <span class='ocr_line' id='line_1_80' title="bbox 998 1754 1783 1791; baseline 0.003 -11"><span class='ocrx_word' id='word_1_573' title='bbox 998 1754 1163 1787; x_wconf 80' lang='grc' dir='ltr'>“Από).ωλεν,</span> <span class='ocrx_word' id='word_1_574' title='bbox 1182 1755 1340 1789; x_wconf 63' lang='grc' dir='ltr'>ὴιξάνισται,</span> <span class='ocrx_word' id='word_1_575' title='bbox 1362 1755 1436 1787; x_wconf 83' lang='grc' dir='ltr'>τέλος</span> <span class='ocrx_word' id='word_1_576' title='bbox 1449 1755 1516 1791; x_wconf 77' lang='grc' dir='ltr'>ἔχει.</span> <span class='ocrx_word' id='word_1_577' title='bbox 1538 1765 1547 1781; x_wconf 80' lang='grc' dir='ltr'><strong>ι</strong></span> <span class='ocrx_word' id='word_1_578' title='bbox 1564 1756 1600 1782; x_wconf 66' lang='lat' dir='ltr'><strong>Th</strong></span> <span class='ocrx_word' id='word_1_579' title='bbox 1625 1756 1652 1782; x_wconf 81' lang='grc' dir='ltr'>δὲ</span> <span class='ocrx_word' id='word_1_580' title='bbox 1670 1756 1783 1791; x_wconf 69' lang='grc' dir='ltr'>κέντρον</span> 
     </span>
    </p>
   </div>
   <div class='ocr_carea' id='block_1_81' title="bbox 992 1799 1784 1837">
    <p class='ocr_par' dir='ltr' id='par_1_81' title="bbox 992 1799 1784 1837">
     <span class='ocr_line' id='line_1_81' title="bbox 992 1799 1784 1837; baseline 0.004 -12"><span class='ocrx_word' id='word_1_581' title='bbox 992 1799 1039 1826; x_wconf 82' lang='grc' dir='ltr'><strong>τοῦ</strong></span> <span class='ocrx_word' id='word_1_582' title='bbox 1056 1800 1172 1827; x_wconf 77' lang='grc' dir='ltr'>θανάτου</span> <span class='ocrx_word' id='word_1_583' title='bbox 1192 1802 1208 1836; x_wconf 87' lang='grc' dir='ltr'><strong>ἡ</strong></span> <span class='ocrx_word' id='word_1_584' title='bbox 1229 1801 1361 1836; x_wconf 81' lang='grc' dir='ltr'>ἁμαρτία.</span> <span class='ocrx_word' id='word_1_585' title='bbox 1383 1811 1391 1828; x_wconf 73' lang='grc' dir='ltr'><strong>ι</strong></span> <span class='ocrx_word' id='word_1_586' title='bbox 1419 1801 1467 1828; x_wconf 78' lang='grc' dir='ltr'>Διὰ</span> <span class='ocrx_word' id='word_1_587' title='bbox 1497 1801 1598 1836; x_wconf 78' lang='grc' dir='ltr'>ταύτης</span> <span class='ocrx_word' id='word_1_588' title='bbox 1628 1802 1683 1837; x_wconf 73' lang='grc' dir='ltr'>γὰρ</span> <span class='ocrx_word' id='word_1_589' title='bbox 1709 1803 1784 1837; x_wconf 74' lang='grc' dir='ltr'><strong>ἴσχυ-</strong></span> 
     </span>
    </p>
   </div>
   <div class='ocr_carea' id='block_1_82' title="bbox 994 1846 1784 1884">
    <p class='ocr_par' dir='ltr' id='par_1_82' title="bbox 994 1846 1784 1884">
     <span class='ocr_line' id='line_1_82' title="bbox 994 1846 1784 1884; baseline 0.003 -12"><span class='ocrx_word' id='word_1_590' title='bbox 994 1854 1039 1872; x_wconf 79' lang='grc' dir='ltr'><strong>σεν</strong></span> <span class='ocrx_word' id='word_1_591' title='bbox 1068 1847 1082 1872; x_wconf 82' lang='grc' dir='ltr'>ὁ</span> <span class='ocrx_word' id='word_1_592' title='bbox 1109 1846 1237 1878; x_wconf 76' lang='grc' dir='ltr'>θάνατος,</span> <span class='ocrx_word' id='word_1_593' title='bbox 1268 1847 1363 1882; x_wconf 82' lang='grc' dir='ltr'>ὥσπερ</span> <span class='ocrx_word' id='word_1_594' title='bbox 1393 1847 1505 1882; x_wconf 80' lang='grc' dir='ltr'>δυνάμει</span> <span class='ocrx_word' id='word_1_595' title='bbox 1523 1848 1591 1883; x_wconf 81' lang='grc' dir='ltr'>αὐτῇ</span> <span class='ocrx_word' id='word_1_596' title='bbox 1612 1849 1659 1874; x_wconf 75' lang='grc' dir='ltr'>καὶ</span> <span class='ocrx_word' id='word_1_597' title='bbox 1676 1848 1784 1884; x_wconf 79' lang='grc' dir='ltr'>κέντρῳ</span> 
     </span>
    </p>
   </div>
   <div class='ocr_carea' id='block_1_83' title="bbox 992 1891 1783 1926">
    <p class='ocr_par' dir='ltr' id='par_1_83' title="bbox 992 1891 1783 1926">
     <span class='ocr_line' id='line_1_83' title="bbox 992 1891 1783 1926; baseline 0.001 -9"><span class='ocrx_word' id='word_1_598' title='bbox 992 1891 1177 1926; x_wconf 74' lang='grc' dir='ltr'>χρησάμενος.</span> <span class='ocrx_word' id='word_1_599' title='bbox 1194 1891 1302 1925; x_wconf 80' lang='grc' dir='ltr'>’Ὥσπερ</span> <span class='ocrx_word' id='word_1_600' title='bbox 1327 1891 1382 1926; x_wconf 81' lang='grc' dir='ltr'>γὰρ</span> <span class='ocrx_word' id='word_1_601' title='bbox 1407 1892 1421 1917; x_wconf 87' lang='grc' dir='ltr'>ὁ</span> <span class='ocrx_word' id='word_1_602' title='bbox 1446 1892 1586 1926; x_wconf 81' lang='grc' dir='ltr'>σκορπίος,</span> <span class='ocrx_word' id='word_1_603' title='bbox 1622 1892 1703 1922; x_wconf 66' lang='grc' dir='ltr'>αὐτὸς</span> <span class='ocrx_word' id='word_1_604' title='bbox 1735 1893 1783 1926; x_wconf 73' lang='grc' dir='ltr'>μὲν</span> 
     </span>
    </p>
   </div>
   <div class='ocr_carea' id='block_1_84' title="bbox 994 1936 1784 1972">
    <p class='ocr_par' dir='ltr' id='par_1_84' title="bbox 994 1936 1784 1972">
     <span class='ocr_line' id='line_1_84' title="bbox 994 1936 1784 1972; baseline 0.001 -10"><span class='ocrx_word' id='word_1_605' title='bbox 994 1936 1113 1971; x_wconf 77' lang='grc' dir='ltr'>ζωΰφιόν</span> <span class='ocrx_word' id='word_1_606' title='bbox 1130 1937 1202 1963; x_wconf 76' lang='grc' dir='ltr'>ἐστιν</span> <span class='ocrx_word' id='word_1_607' title='bbox 1215 1937 1332 1968; x_wconf 78' lang='grc' dir='ltr'>εὐτελὲς,</span> <span class='ocrx_word' id='word_1_608' title='bbox 1357 1937 1386 1963; x_wconf 84' lang='grc' dir='ltr'>ὲν</span> <span class='ocrx_word' id='word_1_609' title='bbox 1410 1937 1439 1963; x_wconf 81' lang='grc' dir='ltr'>δὲ</span> <span class='ocrx_word' id='word_1_610' title='bbox 1469 1937 1508 1972; x_wconf 79' lang='grc' dir='ltr'><strong>τῷ</strong></span> <span class='ocrx_word' id='word_1_611' title='bbox 1534 1937 1640 1972; x_wconf 79' lang='grc' dir='ltr'>κέντρῳ</span> <span class='ocrx_word' id='word_1_612' title='bbox 1667 1938 1719 1971; x_wconf 73' lang='grc' dir='ltr'>τὴν</span> <span class='ocrx_word' id='word_1_613' title='bbox 1746 1938 1784 1963; x_wconf 75' lang='grc' dir='ltr'><strong>ἰσ-</strong></span> 
     </span>
    </p>
   </div>
   <div class='ocr_carea' id='block_1_85' title="bbox 993 1981 1784 2019">
    <p class='ocr_par' dir='ltr' id='par_1_85' title="bbox 993 1981 1784 2019">
     <span class='ocr_line' id='line_1_85' title="bbox 993 1981 1784 2019; baseline 0.004 -12"><span class='ocrx_word' id='word_1_614' title='bbox 993 1982 1043 2016; x_wconf 67' lang='grc' dir='ltr'><strong>χὺν</strong></span> <span class='ocrx_word' id='word_1_615' title='bbox 1063 1981 1138 2016; x_wconf 73' lang='grc' dir='ltr'>ἔχει’</span> <span class='ocrx_word' id='word_1_616' title='bbox 1154 1981 1241 2013; x_wconf 74' lang='grc' dir='ltr'>οὕτως</span> <span class='ocrx_word' id='word_1_617' title='bbox 1275 1983 1321 2009; x_wconf 74' lang='grc' dir='ltr'>καὶ</span> <span class='ocrx_word' id='word_1_618' title='bbox 1350 1983 1364 2009; x_wconf 86' lang='grc' dir='ltr'><strong>ό</strong></span> <span class='ocrx_word' id='word_1_619' title='bbox 1395 1982 1509 2015; x_wconf 81' lang='grc' dir='ltr'>θάνατος</span> <span class='ocrx_word' id='word_1_620' title='bbox 1530 1983 1591 2018; x_wconf 79' lang='grc' dir='ltr'>δίχα</span> <span class='ocrx_word' id='word_1_621' title='bbox 1617 1983 1665 2018; x_wconf 73' lang='grc' dir='ltr'>τῆς</span> <span class='ocrx_word' id='word_1_622' title='bbox 1692 1985 1784 2019; x_wconf 84' lang='grc' dir='ltr'>ἀμαρ-</span> 
     </span>
    </p>
   </div>
   <div class='ocr_carea' id='block_1_86' title="bbox 993 2027 1784 2064">
    <p class='ocr_par' dir='ltr' id='par_1_86' title="bbox 993 2027 1784 2064">
     <span class='ocr_line' id='line_1_86' title="bbox 993 2027 1784 2064; baseline 0.004 -11"><span class='ocrx_word' id='word_1_623' title='bbox 993 2029 1053 2059; x_wconf 82' lang='grc' dir='ltr'>τίας</span> <span class='ocrx_word' id='word_1_624' title='bbox 1083 2028 1262 2063; x_wconf 75' lang='grc' dir='ltr'>ἀνενέργητός</span> <span class='ocrx_word' id='word_1_625' title='bbox 1289 2038 1331 2060; x_wconf 85' lang='grc' dir='ltr'><strong>τις</strong></span> <span class='ocrx_word' id='word_1_626' title='bbox 1359 2027 1394 2064; x_wconf 80' lang='grc' dir='ltr'>ἦν</span> <span class='ocrx_word' id='word_1_627' title='bbox 1424 2031 1471 2056; x_wconf 67' lang='grc' dir='ltr'>καὶ</span> <span class='ocrx_word' id='word_1_628' title='bbox 1498 2030 1693 2062; x_wconf 81' lang='grc' dir='ltr'>ἀνυπόστατος.</span> <span class='ocrx_word' id='word_1_629' title='bbox 1715 2039 1724 2055; x_wconf 75' lang='grc' dir='ltr'><strong>ι</strong></span> <span class='ocrx_word' id='word_1_630' title='bbox 1752 2030 1784 2056; x_wconf 81' lang='grc'><strong>’11</strong></span> 
     </span>
    </p>
   </div>
   <div class='ocr_carea' id='block_1_87' title="bbox 994 2071 1784 2110">
    <p class='ocr_par' dir='ltr' id='par_1_87' title="bbox 994 2071 1784 2110">
     <span class='ocr_line' id='line_1_87' title="bbox 994 2071 1784 2110; baseline 0.004 -12"><span class='ocrx_word' id='word_1_631' title='bbox 994 2072 1022 2098; x_wconf 80' lang='grc' dir='ltr'>δὲ</span> <span class='ocrx_word' id='word_1_632' title='bbox 1047 2071 1163 2107; x_wconf 77' lang='grc' dir='ltr'>δύναμις</span> <span class='ocrx_word' id='word_1_633' title='bbox 1192 2073 1242 2107; x_wconf 84' lang='grc' dir='ltr'>τῆς</span> <span class='ocrx_word' id='word_1_634' title='bbox 1267 2073 1406 2109; x_wconf 84' lang='grc' dir='ltr'>ἁμαρτίας</span> <span class='ocrx_word' id='word_1_635' title='bbox 1440 2075 1454 2100; x_wconf 87' lang='grc' dir='ltr'><strong>ό</strong></span> <span class='ocrx_word' id='word_1_636' title='bbox 1481 2075 1572 2110; x_wconf 84' lang='grc' dir='ltr'>νόμος.</span> <span class='ocrx_word' id='word_1_637' title='bbox 1600 2084 1608 2100; x_wconf 75' lang='grc' dir='ltr'><strong>ι</strong></span> <span class='ocrx_word' id='word_1_638' title='bbox 1633 2075 1695 2107; x_wconf 81' lang='grc' dir='ltr'><strong>Πῶς</strong></span> <span class='ocrx_word' id='word_1_639' title='bbox 1726 2076 1784 2101; x_wconf 71' lang='grc' dir='ltr'>ἔστι</span> 
     </span>
    </p>
   </div>
   <div class='ocr_carea' id='block_1_88' title="bbox 993 2117 1783 2155">
    <p class='ocr_par' dir='ltr' id='par_1_88' title="bbox 993 2117 1783 2155">
     <span class='ocr_line' id='line_1_88' title="bbox 993 2117 1783 2155; baseline 0.005 -12"><span class='ocrx_word' id='word_1_640' title='bbox 993 2117 1107 2153; x_wconf 78' lang='grc' dir='ltr'>δύναμις</span> <span class='ocrx_word' id='word_1_641' title='bbox 1133 2119 1182 2153; x_wconf 82' lang='grc' dir='ltr'>τῆς</span> <span class='ocrx_word' id='word_1_642' title='bbox 1211 2120 1349 2154; x_wconf 82' lang='grc' dir='ltr'>ἁμαρτίας</span> <span class='ocrx_word' id='word_1_643' title='bbox 1374 2120 1388 2146; x_wconf 82' lang='grc' dir='ltr'><strong>ὁ</strong></span> <span class='ocrx_word' id='word_1_644' title='bbox 1415 2120 1517 2155; x_wconf 52' lang='grc' dir='ltr'>νόμου</span> <span class='ocrx_word' id='word_1_645' title='bbox 1537 2121 1599 2147; x_wconf 85' lang='grc' dir='ltr'><strong>Ὅτι</strong></span> <span class='ocrx_word' id='word_1_646' title='bbox 1628 2121 1707 2153; x_wconf 71' lang='grc' dir='ltr'>ἐκτὸς</span> <span class='ocrx_word' id='word_1_647' title='bbox 1739 2121 1783 2147; x_wconf 81' lang='grc' dir='ltr'><strong>νό-</strong></span> 
     </span>
    </p>
   </div>
   <div class='ocr_carea' id='block_1_89' title="bbox 996 2161 1785 2200">
    <p class='ocr_par' dir='ltr' id='par_1_89' title="bbox 996 2161 1785 2200">
     <span class='ocr_line' id='line_1_89' title="bbox 996 2161 1785 2200; baseline 0.003 -10"><span class='ocrx_word' id='word_1_648' title='bbox 996 2172 1047 2198; x_wconf 82' lang='grc' dir='ltr'>μου</span> <span class='ocrx_word' id='word_1_649' title='bbox 1076 2163 1193 2199; x_wconf 80' lang='grc' dir='ltr'>ἀσθενὴς</span> <span class='ocrx_word' id='word_1_650' title='bbox 1215 2161 1250 2200; x_wconf 82' lang='grc' dir='ltr'>ἧν</span> <span class='ocrx_word' id='word_1_651' title='bbox 1282 2165 1299 2200; x_wconf 80' lang='grc' dir='ltr'>ἡ</span> <span class='ocrx_word' id='word_1_652' title='bbox 1325 2165 1448 2200; x_wconf 85' lang='grc' dir='ltr'>ἁμαρτία</span> <span class='ocrx_word' id='word_1_653' title='bbox 1471 2166 1542 2192; x_wconf 79' lang='grc' dir='ltr'>κατὰ</span> <span class='ocrx_word' id='word_1_654' title='bbox 1556 2166 1695 2200; x_wconf 77' lang='grc' dir='ltr'>ἀγνωσίαν</span> <span class='ocrx_word' id='word_1_655' title='bbox 1713 2174 1785 2200; x_wconf 71' lang='grc' dir='ltr'>γινο-</span> 
     </span>
    </p>
   </div>
   <div class='ocr_carea' id='block_1_90' title="bbox 160 2208 935 2252">
    <p class='ocr_par' dir='ltr' id='par_1_90' title="bbox 160 2215 935 2252">
     <span class='ocr_line' id='line_1_90' title="bbox 160 2215 935 2252; baseline -0.001 -9"><span class='ocrx_word' id='word_1_656' title='bbox 160 2216 204 2243; x_wconf 77' lang='lat' dir='ltr'><strong>i-x</strong></span> <span class='ocrx_word' id='word_1_657' title='bbox 221 2224 283 2244; x_wconf 87' lang='lat' dir='ltr'><strong>vero</strong></span> <span class='ocrx_word' id='word_1_658' title='bbox 292 2225 352 2252; x_wconf 67' lang='lat' dir='ltr'><strong>qua:</strong></span> <span class='ocrx_word' id='word_1_659' title='bbox 365 2217 454 2252; x_wconf 87' lang='lat' dir='ltr'><strong>ipsum</strong></span> <span class='ocrx_word' id='word_1_660' title='bbox 470 2215 682 2248; x_wconf 79' lang='lat' dir='ltr'><strong>manifestando,</strong></span> <span class='ocrx_word' id='word_1_661' title='bbox 701 2216 787 2251; x_wconf 79' lang='lat' dir='ltr'><strong>magis</strong></span> <span class='ocrx_word' id='word_1_662' title='bbox 803 2223 852 2242; x_wconf 75' lang='lat' dir='ltr'><strong>nos</strong></span> <span class='ocrx_word' id='word_1_663' title='bbox 880 2223 935 2242; x_wconf 86' lang='lat' dir='ltr'><strong>con</strong></span> 
     </span>
    </p>
   </div>
   <div class='ocr_carea' id='block_1_91' title="bbox 1008 2208 1784 2252">
    <p class='ocr_par' dir='ltr' id='par_1_91' title="bbox 1008 2208 1784 2247">
     <span class='ocr_line' id='line_1_91' title="bbox 1008 2208 1784 2247; baseline 0.003 -12"><span class='ocrx_word' id='word_1_664' title='bbox 1008 2208 1078 2244; x_wconf 80' lang='grc' dir='ltr'>ιένη.</span> <span class='ocrx_word' id='word_1_665' title='bbox 1100 2209 1129 2236; x_wconf 90' lang='lat'>&#39;0</span> <span class='ocrx_word' id='word_1_666' title='bbox 1156 2209 1184 2236; x_wconf 78' lang='grc' dir='ltr'>δὲ</span> <span class='ocrx_word' id='word_1_667' title='bbox 1214 2209 1295 2244; x_wconf 84' lang='grc' dir='ltr'>νόμος</span> <span class='ocrx_word' id='word_1_668' title='bbox 1320 2210 1406 2245; x_wconf 74' lang='grc' dir='ltr'>αὐτὴν</span> <span class='ocrx_word' id='word_1_669' title='bbox 1435 2211 1615 2246; x_wconf 81' lang='grc' dir='ltr'>φανερώσας,</span> <span class='ocrx_word' id='word_1_670' title='bbox 1640 2212 1784 2247; x_wconf 77' lang='grc' dir='ltr'>κατέκρινε</span> 
     </span>
    </p>
   </div>
   <div class='ocr_carea' id='block_1_92' title="bbox 161 2261 947 2294">
    <p class='ocr_par' dir='ltr' id='par_1_92' title="bbox 161 2261 947 2294">
     <span class='ocr_line' id='line_1_92' title="bbox 161 2261 947 2294; baseline -0.001 -4"><span class='ocrx_word' id='word_1_671' title='bbox 161 2261 310 2294; x_wconf 86' lang='lat' dir='ltr'><strong>demnavit,</strong></span> <span class='ocrx_word' id='word_1_672' title='bbox 330 2266 357 2291; x_wconf 89' lang='lat' dir='ltr'><strong>et</strong></span> <span class='ocrx_word' id='word_1_673' title='bbox 375 2263 523 2291; x_wconf 72' lang='lat' dir='ltr'><strong>efﬁcaciam</strong></span> <span class='ocrx_word' id='word_1_674' title='bbox 539 2270 572 2290; x_wconf 84' lang='lat' dir='ltr'><strong>ac</strong></span> <span class='ocrx_word' id='word_1_675' title='bbox 588 2263 671 2290; x_wconf 87' lang='lat' dir='ltr'><strong>robur</strong></span> <span class='ocrx_word' id='word_1_676' title='bbox 685 2262 830 2289; x_wconf 84' lang='lat' dir='ltr'><strong>advorsum</strong></span> <span class='ocrx_word' id='word_1_677' title='bbox 838 2269 888 2289; x_wconf 91' lang='lat' dir='ltr'><strong>nos</strong></span> <span class='ocrx_word' id='word_1_678' title='bbox 901 2261 947 2289; x_wconf 83' lang='lat' dir='ltr'><strong>ad-</strong></span> 
     </span>
    </p>
   </div>
   <div class='ocr_carea' id='block_1_93' title="bbox 161 2308 945 2342">
    <p class='ocr_par' dir='ltr' id='par_1_93' title="bbox 161 2308 945 2342">
     <span class='ocr_line' id='line_1_93' title="bbox 161 2308 945 2342; baseline -0.003 -6"><span class='ocrx_word' id='word_1_679' title='bbox 161 2308 241 2339; x_wconf 81' lang='lat' dir='ltr'><strong>didit.</strong></span> <span class='ocrx_word' id='word_1_680' title='bbox 257 2317 311 2337; x_wconf 91' lang='lat' dir='ltr'><strong>non</strong></span> <span class='ocrx_word' id='word_1_681' title='bbox 328 2317 360 2336; x_wconf 78' lang='lat' dir='ltr'><strong>ex</strong></span> <span class='ocrx_word' id='word_1_682' title='bbox 376 2317 426 2335; x_wconf 75' lang='lat' dir='ltr'><strong>sua</strong></span> <span class='ocrx_word' id='word_1_683' title='bbox 445 2313 555 2340; x_wconf 89' lang='lat' dir='ltr'><strong>natura.</strong></span> <span class='ocrx_word' id='word_1_684' title='bbox 572 2308 619 2336; x_wconf 85' lang='lat' dir='ltr'><strong>sed</strong></span> <span class='ocrx_word' id='word_1_685' title='bbox 643 2315 677 2335; x_wconf 82' lang='lat' dir='ltr'><strong>ex</strong></span> <span class='ocrx_word' id='word_1_686' title='bbox 692 2311 785 2334; x_wconf 86' lang='lat' dir='ltr'><strong>nostra</strong></span> <span class='ocrx_word' id='word_1_687' title='bbox 802 2308 945 2342; x_wconf 88' lang='lat' dir='ltr'><strong>pravitate.</strong></span> 
     </span>
    </p>
   </div>
   <div class='ocr_carea' id='block_1_94' title="bbox 163 2354 947 2390">
    <p class='ocr_par' dir='ltr' id='par_1_94' title="bbox 163 2354 947 2390">
     <span class='ocr_line' id='line_1_94' title="bbox 163 2354 947 2390; baseline -0.001 -9"><span class='ocrx_word' id='word_1_688' title='bbox 163 2354 202 2382; x_wconf 84' lang='lat' dir='ltr'><strong>Ne</strong></span> <span class='ocrx_word' id='word_1_689' title='bbox 218 2356 302 2390; x_wconf 79' lang='lat' dir='ltr'><strong>igitur</strong></span> <span class='ocrx_word' id='word_1_690' title='bbox 321 2355 441 2387; x_wconf 88' lang='lat' dir='ltr'><strong>dubites,</strong></span> <span class='ocrx_word' id='word_1_691' title='bbox 454 2362 471 2382; x_wconf 91' lang='grc' dir='ltr'><strong>ο</strong></span> <span class='ocrx_word' id='word_1_692' title='bbox 492 2355 587 2387; x_wconf 87' lang='lat' dir='ltr'><strong>homo,</strong></span> <span class='ocrx_word' id='word_1_693' title='bbox 608 2354 641 2381; x_wconf 91' lang='lat' dir='ltr'><strong>de</strong></span> <span class='ocrx_word' id='word_1_694' title='bbox 658 2354 871 2387; x_wconf 85' lang='lat' dir='ltr'><strong>resurrectione,</strong></span> <span class='ocrx_word' id='word_1_695' title='bbox 885 2361 947 2381; x_wconf 90' lang='lat' dir='ltr'><strong>cum</strong></span> 
     </span>
    </p>
   </div>
   <div class='ocr_carea' id='block_1_95' title="bbox 163 2399 949 2435">
    <p class='ocr_par' dir='ltr' id='par_1_95' title="bbox 163 2399 949 2435">
     <span class='ocr_line' id='line_1_95' title="bbox 163 2399 949 2435; baseline 0 -8"><span class='ocrx_word' id='word_1_696' title='bbox 163 2401 256 2427; x_wconf 82' lang='lat' dir='ltr'><strong>videas</strong></span> <span class='ocrx_word' id='word_1_697' title='bbox 272 2400 369 2428; x_wconf 90' lang='lat' dir='ltr'><strong>mortis</strong></span> <span class='ocrx_word' id='word_1_698' title='bbox 386 2400 522 2432; x_wconf 85' lang='lat' dir='ltr'><strong>aculeum,</strong></span> <span class='ocrx_word' id='word_1_699' title='bbox 537 2408 634 2435; x_wconf 88' lang='lat' dir='ltr'><strong>nempe</strong></span> <span class='ocrx_word' id='word_1_700' title='bbox 650 2404 802 2435; x_wconf 85' lang='lat' dir='ltr'><strong>peccatum.</strong></span> <span class='ocrx_word' id='word_1_701' title='bbox 812 2408 872 2428; x_wconf 89' lang='lat' dir='ltr'><strong>esse</strong></span> <span class='ocrx_word' id='word_1_702' title='bbox 882 2399 949 2427; x_wconf 87' lang='lat' dir='ltr'><strong>sub-</strong></span> 
     </span>
    </p>
   </div>
   <div class='ocr_carea' id='block_1_96' title="bbox 163 2445 947 2481">
    <p class='ocr_par' dir='ltr' id='par_1_96' title="bbox 163 2445 947 2481">
     <span class='ocr_line' id='line_1_96' title="bbox 163 2445 947 2481; baseline -0.001 -8"><span class='ocrx_word' id='word_1_703' title='bbox 163 2446 301 2478; x_wconf 86' lang='lat' dir='ltr'><strong>latum,ac</strong></span> <span class='ocrx_word' id='word_1_704' title='bbox 320 2446 424 2481; x_wconf 79' lang='lat' dir='ltr'><strong>peccati</strong></span> <span class='ocrx_word' id='word_1_705' title='bbox 438 2447 531 2478; x_wconf 87' lang='lat' dir='ltr'><strong>robur,</strong></span> <span class='ocrx_word' id='word_1_706' title='bbox 547 2451 611 2480; x_wconf 88' lang='lat' dir='ltr'><strong>puta</strong></span> <span class='ocrx_word' id='word_1_707' title='bbox 629 2446 725 2480; x_wconf 83' lang='lat' dir='ltr'><strong>legem,</strong></span> <span class='ocrx_word' id='word_1_708' title='bbox 743 2453 803 2473; x_wconf 90' lang='lat' dir='ltr'><strong>esse</strong></span> <span class='ocrx_word' id='word_1_709' title='bbox 817 2445 947 2473; x_wconf 88' lang='lat' dir='ltr'><strong>solutum.</strong></span> 
     </span>
    </p>
   </div>
   <div class='ocr_carea' id='block_1_97' title="bbox 164 2487 950 2525">
    <p class='ocr_par' dir='ltr' id='par_1_97' title="bbox 164 2487 950 2525">
     <span class='ocr_line' id='line_1_97' title="bbox 164 2487 950 2525; baseline -0.003 -6"><span class='ocrx_word' id='word_1_710' title='bbox 164 2487 280 2519; x_wconf 81' lang='lat' dir='ltr'><strong>Peccato</strong></span> <span class='ocrx_word' id='word_1_711' title='bbox 293 2492 365 2519; x_wconf 92' lang='lat' dir='ltr'><strong>enim</strong></span> <span class='ocrx_word' id='word_1_712' title='bbox 383 2493 500 2525; x_wconf 90' lang='lat' dir='ltr'><strong>sublato,</strong></span> <span class='ocrx_word' id='word_1_713' title='bbox 515 2492 641 2519; x_wconf 86' lang='lat' dir='ltr'><strong>videlicet</strong></span> <span class='ocrx_word' id='word_1_714' title='bbox 661 2493 757 2519; x_wconf 88' lang='lat' dir='ltr'><strong>mortis</strong></span> <span class='ocrx_word' id='word_1_715' title='bbox 775 2492 881 2524; x_wconf 85' lang='lat' dir='ltr'><strong>aculeo,</strong></span> <span class='ocrx_word' id='word_1_716' title='bbox 901 2497 950 2525; x_wconf 83' lang='lat' dir='ltr'><strong>per</strong></span> 
     </span>
    </p>
   </div>
   <div class='ocr_carea' id='block_1_98' title="bbox 165 2536 950 2574">
    <p class='ocr_par' dir='ltr' id='par_1_98' title="bbox 165 2536 950 2574">
     <span class='ocr_line' id='line_1_98' title="bbox 165 2536 950 2574; baseline -0.004 -9"><span class='ocrx_word' id='word_1_717' title='bbox 165 2546 273 2565; x_wconf 76' lang='lat' dir='ltr'><strong>crucem</strong></span> <span class='ocrx_word' id='word_1_718' title='bbox 288 2538 402 2569; x_wconf 82' lang='lat' dir='ltr'><strong>Christi,</strong></span> <span class='ocrx_word' id='word_1_719' title='bbox 426 2538 600 2566; x_wconf 80' lang='lat' dir='ltr'><strong>manifestum</strong></span> <span class='ocrx_word' id='word_1_720' title='bbox 626 2538 754 2574; x_wconf 81' lang='lat' dir='ltr'><strong>estquod</strong></span> <span class='ocrx_word' id='word_1_721' title='bbox 774 2541 801 2563; x_wconf 91' lang='lat' dir='ltr'><strong>ct</strong></span> <span class='ocrx_word' id='word_1_722' title='bbox 825 2544 898 2563; x_wconf 90' lang='lat' dir='ltr'><strong>mors</strong></span> <span class='ocrx_word' id='word_1_723' title='bbox 914 2536 950 2563; x_wconf 88' lang='lat' dir='ltr'><strong>si-</strong></span> 
     </span>
    </p>
   </div>
   <div class='ocr_carea' id='block_1_99' title="bbox 167 2582 950 2619">
    <p class='ocr_par' dir='ltr' id='par_1_99' title="bbox 167 2582 950 2619">
     <span class='ocr_line' id='line_1_99' title="bbox 167 2582 950 2619; baseline -0.003 -9"><span class='ocrx_word' id='word_1_724' title='bbox 167 2584 222 2611; x_wconf 92' lang='lat' dir='ltr'><strong>mul</strong></span> <span class='ocrx_word' id='word_1_725' title='bbox 237 2585 344 2612; x_wconf 85' lang='lat' dir='ltr'><strong>sublata</strong></span> <span class='ocrx_word' id='word_1_726' title='bbox 360 2586 405 2612; x_wconf 85' lang='lat' dir='ltr'><strong>sit.</strong></span> <span class='ocrx_word' id='word_1_727' title='bbox 426 2595 435 2610; x_wconf 85' lang='grc'><strong>‹</strong></span> <span class='ocrx_word' id='word_1_728' title='bbox 449 2585 503 2612; x_wconf 89' lang='lat' dir='ltr'><strong>Deo</strong></span> <span class='ocrx_word' id='word_1_729' title='bbox 521 2590 610 2612; x_wconf 84' lang='lat' dir='ltr'><strong>autem</strong></span> <span class='ocrx_word' id='word_1_730' title='bbox 627 2585 662 2612; x_wconf 91' lang='lat' dir='ltr'><strong>sit</strong></span> <span class='ocrx_word' id='word_1_731' title='bbox 691 2585 777 2619; x_wconf 81' lang='lat' dir='ltr'><strong>gratia</strong></span> <span class='ocrx_word' id='word_1_732' title='bbox 805 2583 851 2618; x_wconf 89' lang='lat' dir='ltr'><strong>qui</strong></span> <span class='ocrx_word' id='word_1_733' title='bbox 876 2582 950 2610; x_wconf 89' lang='lat' dir='ltr'><strong>dedit</strong></span> 
     </span>
    </p>
   </div>
   <div class='ocr_carea' id='block_1_100' title="bbox 167 2631 952 2665">
    <p class='ocr_par' dir='ltr' id='par_1_100' title="bbox 167 2631 952 2665">
     <span class='ocr_line' id='line_1_100' title="bbox 167 2631 952 2665; baseline -0.005 -7"><span class='ocrx_word' id='word_1_734' title='bbox 167 2631 246 2658; x_wconf 86' lang='lat' dir='ltr'><strong>nobis</strong></span> <span class='ocrx_word' id='word_1_735' title='bbox 265 2632 420 2659; x_wconf 82' lang='lat' dir='ltr'><strong>victoriam.</strong></span> <span class='ocrx_word' id='word_1_736' title='bbox 447 2641 456 2658; x_wconf 71' lang='grc' dir='ltr'><strong>ι</strong></span> <span class='ocrx_word' id='word_1_737' title='bbox 473 2631 608 2664; x_wconf 83' lang='lat' dir='ltr'><strong>Christus,</strong></span> <span class='ocrx_word' id='word_1_738' title='bbox 629 2631 727 2665; x_wconf 84' lang='lat' dir='ltr'><strong>inquit,</strong></span> <span class='ocrx_word' id='word_1_739' title='bbox 749 2633 879 2663; x_wconf 79' lang='lat' dir='ltr'><strong>tropaeum</strong></span> <span class='ocrx_word' id='word_1_740' title='bbox 892 2636 952 2655; x_wconf 89' lang='lat' dir='ltr'><strong>ere-</strong></span> 
     </span>
    </p>
   </div>
   <div class='ocr_carea' id='block_1_101' title="bbox 169 2675 951 2709">
    <p class='ocr_par' dir='ltr' id='par_1_101' title="bbox 169 2675 951 2709">
     <span class='ocr_line' id='line_1_101' title="bbox 169 2675 951 2709; baseline -0.005 -5"><span class='ocrx_word' id='word_1_741' title='bbox 169 2677 216 2709; x_wconf 75' lang='lat' dir='ltr'><strong>xit,</strong></span> <span class='ocrx_word' id='word_1_742' title='bbox 237 2686 286 2705; x_wconf 85' lang='lat' dir='ltr'><strong>nos</strong></span> <span class='ocrx_word' id='word_1_743' title='bbox 304 2686 367 2705; x_wconf 88' lang='lat' dir='ltr'><strong>vero</strong></span> <span class='ocrx_word' id='word_1_744' title='bbox 383 2685 546 2705; x_wconf 82' lang='lat' dir='ltr'><strong>coronarum</strong></span> <span class='ocrx_word' id='word_1_745' title='bbox 563 2677 629 2705; x_wconf 89' lang='lat' dir='ltr'><strong>socii</strong></span> <span class='ocrx_word' id='word_1_746' title='bbox 648 2684 754 2703; x_wconf 90' lang='lat' dir='ltr'><strong>sumus.</strong></span> <span class='ocrx_word' id='word_1_747' title='bbox 777 2675 869 2702; x_wconf 74' lang='lat' dir='ltr'><strong>Gratia</strong></span> <span class='ocrx_word' id='word_1_748' title='bbox 888 2682 951 2701; x_wconf 90' lang='lat' dir='ltr'><strong>vero</strong></span> 
     </span>
    </p>
   </div>
   <div class='ocr_carea' id='block_1_102' title="bbox 169 2718 951 2756">
    <p class='ocr_par' dir='ltr' id='par_1_102' title="bbox 169 2718 951 2756">
     <span class='ocr_line' id='line_1_102' title="bbox 169 2718 951 2756; baseline -0.004 -8"><span class='ocrx_word' id='word_1_749' title='bbox 169 2721 203 2748; x_wconf 79' lang='lat' dir='ltr'><strong>sit</strong></span> <span class='ocrx_word' id='word_1_750' title='bbox 219 2721 301 2755; x_wconf 84' lang='lat' dir='ltr'><strong>Patri,</strong></span> <span class='ocrx_word' id='word_1_751' title='bbox 329 2722 401 2756; x_wconf 85' lang='lat' dir='ltr'><strong>quod</strong></span> <span class='ocrx_word' id='word_1_752' title='bbox 419 2721 516 2748; x_wconf 87' lang='lat' dir='ltr'><strong>Filium</strong></span> <span class='ocrx_word' id='word_1_753' title='bbox 534 2719 715 2755; x_wconf 79' lang='lat' dir='ltr'><strong>generaverit,</strong></span> <span class='ocrx_word' id='word_1_754' title='bbox 729 2719 774 2754; x_wconf 93' lang='lat' dir='ltr'><strong>qui</strong></span> <span class='ocrx_word' id='word_1_755' title='bbox 787 2723 861 2746; x_wconf 86' lang='lat' dir='ltr'><strong>tanta</strong></span> <span class='ocrx_word' id='word_1_756' title='bbox 873 2718 951 2745; x_wconf 90' lang='lat' dir='ltr'><strong>nobis</strong></span> 
     </span>
    </p>
   </div>
   <div class='ocr_carea' id='block_1_103' title="bbox 170 2763 951 2799">
    <p class='ocr_par' dir='ltr' id='par_1_103' title="bbox 170 2763 951 2799">
     <span class='ocr_line' id='line_1_103' title="bbox 170 2763 951 2799; baseline -0.003 -8"><span class='ocrx_word' id='word_1_757' title='bbox 170 2765 306 2799; x_wconf 58' lang='lat' dir='ltr'><strong>praestitit.</strong></span> <span class='ocrx_word' id='word_1_758' title='bbox 326 2780 360 2786; x_wconf 90' lang='lat'><strong>—</strong></span> <span class='ocrx_word' id='word_1_759' title='bbox 372 2765 430 2792; x_wconf 83' lang='lat' dir='ltr'><strong>Alio</strong></span> <span class='ocrx_word' id='word_1_760' title='bbox 446 2765 533 2791; x_wconf 82' lang='lat' dir='ltr'><strong>modo.</strong></span> <span class='ocrx_word' id='word_1_761' title='bbox 560 2763 694 2796; x_wconf 81' lang='lat' dir='ltr'><strong>Quoniam</strong></span> <span class='ocrx_word' id='word_1_762' title='bbox 709 2764 793 2798; x_wconf 81' lang='lat' dir='ltr'><strong>legem</strong></span> <span class='ocrx_word' id='word_1_763' title='bbox 805 2763 874 2789; x_wconf 76' lang='lat' dir='ltr'><strong>dixit</strong></span> <span class='ocrx_word' id='word_1_764' title='bbox 888 2770 951 2797; x_wconf 79' lang='lat' dir='ltr'><strong>pec-</strong></span> 
     </span>
    </p>
   </div>
   <div class='ocr_carea' id='block_1_104' title="bbox 169 2809 951 2845">
    <p class='ocr_par' dir='ltr' id='par_1_104' title="bbox 169 2809 951 2845">
     <span class='ocr_line' id='line_1_104' title="bbox 169 2809 951 2845; baseline -0.003 -9"><span class='ocrx_word' id='word_1_765' title='bbox 169 2809 224 2836; x_wconf 81' lang='lat' dir='ltr'><strong>cati</strong></span> <span class='ocrx_word' id='word_1_766' title='bbox 240 2810 401 2845; x_wconf 86' lang='lat' dir='ltr'><strong>potentiam,</strong></span> <span class='ocrx_word' id='word_1_767' title='bbox 431 2819 464 2838; x_wconf 89' lang='lat' dir='ltr'><strong>ne</strong></span> <span class='ocrx_word' id='word_1_768' title='bbox 481 2814 608 2845; x_wconf 87' lang='lat' dir='ltr'><strong>putarent</strong></span> <span class='ocrx_word' id='word_1_769' title='bbox 623 2809 706 2844; x_wconf 86' lang='lat' dir='ltr'><strong>aliqui</strong></span> <span class='ocrx_word' id='word_1_770' title='bbox 719 2809 803 2844; x_wconf 75' lang='lat' dir='ltr'><strong>legem</strong></span> <span class='ocrx_word' id='word_1_771' title='bbox 822 2813 951 2844; x_wconf 86' lang='lat' dir='ltr'><strong>tanquam</strong></span> 
     </span>
    </p>
   </div>
   <div class='ocr_carea' id='block_1_105' title="bbox 171 2856 950 2892">
    <p class='ocr_par' dir='ltr' id='par_1_105' title="bbox 171 2856 950 2892">
     <span class='ocr_line' id='line_1_105' title="bbox 171 2856 950 2892; baseline 0.001 -12"><span class='ocrx_word' id='word_1_772' title='bbox 171 2863 429 2890; x_wconf 59' lang='lat' dir='ltr'><strong>(ravaniccssasse.</strong></span> <span class='ocrx_word' id='word_1_773' title='bbox 444 2863 471 2884; x_wconf 89' lang='lat' dir='ltr'><strong>ct</strong></span> <span class='ocrx_word' id='word_1_774' title='bbox 494 2856 675 2892; x_wconf 77' lang='lat' dir='ltr'><strong>legislatorcm</strong></span> <span class='ocrx_word' id='word_1_775' title='bbox 707 2856 950 2889; x_wconf 82' lang='lat' dir='ltr'><strong>calumniarentur,</strong></span> 
     </span>
    </p>
   </div>
   <div class='ocr_carea' id='block_1_106' title="bbox 1000 2255 1786 2292">
    <p class='ocr_par' dir='ltr' id='par_1_106' title="bbox 1000 2255 1786 2292">
     <span class='ocr_line' id='line_1_106' title="bbox 1000 2255 1786 2292; baseline 0.003 -11"><span class='ocrx_word' id='word_1_776' title='bbox 1000 2255 1101 2290; x_wconf 83' lang='grc' dir='ltr'>μᾶλλον</span> <span class='ocrx_word' id='word_1_777' title='bbox 1114 2256 1198 2290; x_wconf 74' lang='grc' dir='ltr'>ἡμᾶς,</span> <span class='ocrx_word' id='word_1_778' title='bbox 1216 2255 1264 2282; x_wconf 78' lang='grc' dir='ltr'><strong>καὶ</strong></span> <span class='ocrx_word' id='word_1_779' title='bbox 1277 2256 1386 2291; x_wconf 74' lang='grc' dir='ltr'>ἐνεργὸν</span> <span class='ocrx_word' id='word_1_780' title='bbox 1398 2257 1445 2282; x_wconf 72' lang='grc' dir='ltr'>καὶ</span> <span class='ocrx_word' id='word_1_781' title='bbox 1463 2257 1576 2292; x_wconf 72' lang='grc' dir='ltr'>ἰσχυρὰν</span> <span class='ocrx_word' id='word_1_782' title='bbox 1595 2257 1709 2292; x_wconf 76' lang='grc' dir='ltr'>ἐποίησε</span> <span class='ocrx_word' id='word_1_783' title='bbox 1725 2257 1786 2284; x_wconf 77' lang='grc' dir='ltr'>καθ’</span> 
     </span>
    </p>
   </div>
   <div class='ocr_carea' id='block_1_107' title="bbox 999 2301 1786 2338">
    <p class='ocr_par' dir='ltr' id='par_1_107' title="bbox 999 2301 1786 2338">
     <span class='ocr_line' id='line_1_107' title="bbox 999 2301 1786 2338; baseline 0.003 -11"><span class='ocrx_word' id='word_1_784' title='bbox 999 2301 1089 2336; x_wconf 79' lang='grc' dir='ltr'>ἡμῶν,</span> <span class='ocrx_word' id='word_1_785' title='bbox 1104 2301 1134 2328; x_wconf 79' lang='grc' dir='ltr'>οὐ</span> <span class='ocrx_word' id='word_1_786' title='bbox 1160 2301 1235 2337; x_wconf 78' lang='grc' dir='ltr'>παρὰ</span> <span class='ocrx_word' id='word_1_787' title='bbox 1257 2301 1306 2336; x_wconf 80' lang='grc' dir='ltr'>τὴν</span> <span class='ocrx_word' id='word_1_788' title='bbox 1323 2301 1427 2328; x_wconf 73' lang='grc' dir='ltr'>οἰκείαν</span> <span class='ocrx_word' id='word_1_789' title='bbox 1447 2301 1539 2335; x_wconf 67' lang='grc' dir='ltr'>φύσιν,</span> <span class='ocrx_word' id='word_1_790' title='bbox 1556 2302 1624 2328; x_wconf 76' lang='grc' dir='ltr'>ἀλλὰ</span> <span class='ocrx_word' id='word_1_791' title='bbox 1645 2303 1723 2338; x_wconf 83' lang='grc' dir='ltr'><strong>παρά</strong></span> <span class='ocrx_word' id='word_1_792' title='bbox 1739 2302 1786 2338; x_wconf 80' lang='grc' dir='ltr'>τὴν</span> 
     </span>
    </p>
   </div>
   <div class='ocr_carea' id='block_1_108' title="bbox 999 2345 1786 2383">
    <p class='ocr_par' dir='ltr' id='par_1_108' title="bbox 999 2345 1786 2383">
     <span class='ocr_line' id='line_1_108' title="bbox 999 2345 1786 2383; baseline 0.003 -11"><span class='ocrx_word' id='word_1_793' title='bbox 999 2346 1079 2382; x_wconf 80' lang='grc' dir='ltr'>ἡμῶν</span> <span class='ocrx_word' id='word_1_794' title='bbox 1096 2346 1259 2382; x_wconf 84' lang='grc' dir='ltr'>κακίαν.Μὴ</span> <span class='ocrx_word' id='word_1_795' title='bbox 1277 2346 1324 2373; x_wconf 80' lang='grc' dir='ltr'>οὖν</span> <span class='ocrx_word' id='word_1_796' title='bbox 1340 2346 1506 2381; x_wconf 74' lang='grc' dir='ltr'>ἀμφίϐαλλε,</span> <span class='ocrx_word' id='word_1_797' title='bbox 1524 2345 1547 2374; x_wconf 83' lang='grc' dir='ltr'>ὦ</span> <span class='ocrx_word' id='word_1_798' title='bbox 1563 2347 1703 2382; x_wconf 78' lang='grc' dir='ltr'>ἄνθρωπε,</span> <span class='ocrx_word' id='word_1_799' title='bbox 1725 2349 1786 2383; x_wconf 75' lang='grc' dir='ltr'>περὶ</span> 
     </span>
    </p>
   </div>
   <div class='ocr_carea' id='block_1_109' title="bbox 999 2390 1786 2427">
    <p class='ocr_par' dir='ltr' id='par_1_109' title="bbox 999 2390 1786 2427">
     <span class='ocr_line' id='line_1_109' title="bbox 999 2390 1786 2427; baseline 0.001 -11"><span class='ocrx_word' id='word_1_800' title='bbox 999 2392 1049 2426; x_wconf 80' lang='grc' dir='ltr'>τῆς</span> <span class='ocrx_word' id='word_1_801' title='bbox 1065 2391 1252 2422; x_wconf 81' lang='grc' dir='ltr'>ἀναστάσεως,</span> <span class='ocrx_word' id='word_1_802' title='bbox 1268 2390 1339 2426; x_wconf 84' lang='grc' dir='ltr'>ὁρῶν</span> <span class='ocrx_word' id='word_1_803' title='bbox 1353 2391 1383 2417; x_wconf 88' lang='grc' dir='ltr'>τὸ</span> <span class='ocrx_word' id='word_1_804' title='bbox 1400 2392 1513 2426; x_wconf 83' lang='grc' dir='ltr'>κέντρον</span> <span class='ocrx_word' id='word_1_805' title='bbox 1528 2392 1575 2418; x_wconf 83' lang='grc' dir='ltr'><strong>τοῦ</strong></span> <span class='ocrx_word' id='word_1_806' title='bbox 1595 2392 1724 2424; x_wconf 75' lang='grc' dir='ltr'>θανάτου,</span> <span class='ocrx_word' id='word_1_807' title='bbox 1740 2392 1786 2427; x_wconf 79' lang='grc' dir='ltr'>τὴν</span> 
     </span>
    </p>
   </div>
   <div class='ocr_carea' id='block_1_110' title="bbox 1000 2436 1787 2473">
    <p class='ocr_par' dir='ltr' id='par_1_110' title="bbox 1000 2436 1787 2473">
     <span class='ocr_line' id='line_1_110' title="bbox 1000 2436 1787 2473; baseline 0.001 -10"><span class='ocrx_word' id='word_1_808' title='bbox 1000 2436 1139 2471; x_wconf 76' lang='grc' dir='ltr'>ἁμαρτίαν</span> <span class='ocrx_word' id='word_1_809' title='bbox 1167 2437 1376 2472; x_wconf 79' lang='grc' dir='ltr'>ἀναιρεθεῖσαν,</span> <span class='ocrx_word' id='word_1_810' title='bbox 1396 2437 1442 2464; x_wconf 76' lang='grc' dir='ltr'>καὶ</span> <span class='ocrx_word' id='word_1_811' title='bbox 1464 2439 1513 2472; x_wconf 76' lang='grc' dir='ltr'>τὴν</span> <span class='ocrx_word' id='word_1_812' title='bbox 1540 2438 1616 2473; x_wconf 79' lang='grc' dir='ltr'>ἰσχὺν</span> <span class='ocrx_word' id='word_1_813' title='bbox 1639 2437 1721 2465; x_wconf 79' lang='grc' dir='ltr'>πάλιν</span> <span class='ocrx_word' id='word_1_814' title='bbox 1740 2439 1787 2473; x_wconf 77' lang='grc' dir='ltr'>τῆς</span> 
     </span>
    </p>
   </div>
   <div class='ocr_carea' id='block_1_111' title="bbox 1003 2481 1787 2519">
    <p class='ocr_par' dir='ltr' id='par_1_111' title="bbox 1003 2481 1787 2519">
     <span class='ocr_line' id='line_1_111' title="bbox 1003 2481 1787 2519; baseline 0.004 -12"><span class='ocrx_word' id='word_1_815' title='bbox 1003 2481 1141 2516; x_wconf 80' lang='grc' dir='ltr'>ἁμαρτίας</span> <span class='ocrx_word' id='word_1_816' title='bbox 1159 2482 1243 2516; x_wconf 76' lang='grc' dir='ltr'>ῆγυυν</span> <span class='ocrx_word' id='word_1_817' title='bbox 1260 2482 1306 2509; x_wconf 73' lang='grc' dir='ltr'><strong>τὸν</strong></span> <span class='ocrx_word' id='word_1_818' title='bbox 1321 2483 1402 2518; x_wconf 75' lang='grc' dir='ltr'>νόμον</span> <span class='ocrx_word' id='word_1_819' title='bbox 1416 2482 1539 2510; x_wconf 78' lang='grc' dir='ltr'>λυθέντα.</span> <span class='ocrx_word' id='word_1_820' title='bbox 1557 2484 1612 2518; x_wconf 81' lang='grc' dir='ltr'><strong>Τῆς</strong></span> <span class='ocrx_word' id='word_1_821' title='bbox 1630 2484 1684 2519; x_wconf 82' lang='grc' dir='ltr'>γὰρ</span> <span class='ocrx_word' id='word_1_822' title='bbox 1700 2485 1787 2519; x_wconf 74' lang='grc' dir='ltr'>ἀμαρ-</span> 
     </span>
    </p>
   </div>
   <div class='ocr_carea' id='block_1_112' title="bbox 1001 2527 1786 2565">
    <p class='ocr_par' dir='ltr' id='par_1_112' title="bbox 1001 2527 1786 2565">
     <span class='ocr_line' id='line_1_112' title="bbox 1001 2527 1786 2565; baseline 0.004 -12"><span class='ocrx_word' id='word_1_823' title='bbox 1001 2528 1062 2558; x_wconf 85' lang='grc' dir='ltr'>τίας</span> <span class='ocrx_word' id='word_1_824' title='bbox 1078 2527 1280 2563; x_wconf 79' lang='grc' dir='ltr'>ἀναιρεθείσης,</span> <span class='ocrx_word' id='word_1_825' title='bbox 1294 2529 1378 2563; x_wconf 77' lang='grc' dir='ltr'>ἤγουν</span> <span class='ocrx_word' id='word_1_826' title='bbox 1390 2529 1420 2554; x_wconf 78' lang='grc' dir='ltr'>τὸ</span> <span class='ocrx_word' id='word_1_827' title='bbox 1436 2530 1547 2564; x_wconf 82' lang='grc' dir='ltr'>κέντρον</span> <span class='ocrx_word' id='word_1_828' title='bbox 1563 2528 1601 2564; x_wconf 78' lang='grc' dir='ltr'>τῷ</span> <span class='ocrx_word' id='word_1_829' title='bbox 1618 2530 1727 2565; x_wconf 84' lang='grc' dir='ltr'>σταυρῷ</span> <span class='ocrx_word' id='word_1_830' title='bbox 1743 2529 1786 2556; x_wconf 81' lang='grc' dir='ltr'><strong>τοῦ</strong></span> 
     </span>
    </p>
   </div>
   <div class='ocr_carea' id='block_1_113' title="bbox 1002 2574 1785 2611">
    <p class='ocr_par' dir='ltr' id='par_1_113' title="bbox 1002 2574 1785 2611">
     <span class='ocr_line' id='line_1_113' title="bbox 1002 2574 1785 2611; baseline 0.001 -10"><span class='ocrx_word' id='word_1_831' title='bbox 1002 2574 1134 2609; x_wconf 81' lang='grc' dir='ltr'>Χριστοῦ,</span> <span class='ocrx_word' id='word_1_832' title='bbox 1149 2574 1228 2609; x_wconf 82' lang='grc' dir='ltr'>δῆλον</span> <span class='ocrx_word' id='word_1_833' title='bbox 1244 2575 1282 2606; x_wconf 80' lang='grc' dir='ltr'>ὡς</span> <span class='ocrx_word' id='word_1_834' title='bbox 1298 2576 1344 2601; x_wconf 75' lang='grc' dir='ltr'>καὶ</span> <span class='ocrx_word' id='word_1_835' title='bbox 1359 2575 1372 2601; x_wconf 85' lang='grc' dir='ltr'>ὁ</span> <span class='ocrx_word' id='word_1_836' title='bbox 1388 2575 1502 2607; x_wconf 79' lang='grc' dir='ltr'>θάνατος</span> <span class='ocrx_word' id='word_1_837' title='bbox 1518 2576 1785 2611; x_wconf 76' lang='grc' dir='ltr'>συναναιρεθήσεται.</span> 
     </span>
    </p>
   </div>
   <div class='ocr_carea' id='block_1_114' title="bbox 1006 2620 1786 2656">
    <p class='ocr_par' dir='ltr' id='par_1_114' title="bbox 1006 2620 1786 2656">
     <span class='ocr_line' id='line_1_114' title="bbox 1006 2620 1786 2656; baseline 0.001 -10"><span class='ocrx_word' id='word_1_838' title='bbox 1006 2630 1014 2646; x_wconf 78' lang='lat' dir='ltr'><strong>t</strong></span> <span class='ocrx_word' id='word_1_839' title='bbox 1031 2620 1075 2655; x_wconf 82' lang='grc' dir='ltr'>Τῷ</span> <span class='ocrx_word' id='word_1_840' title='bbox 1091 2621 1119 2646; x_wconf 77' lang='grc' dir='ltr'>δὲ</span> <span class='ocrx_word' id='word_1_841' title='bbox 1134 2620 1193 2655; x_wconf 76' lang='grc' dir='ltr'><strong>Θεῷ</strong></span> <span class='ocrx_word' id='word_1_842' title='bbox 1221 2620 1301 2656; x_wconf 83' lang='grc' dir='ltr'>χάρις</span> <span class='ocrx_word' id='word_1_843' title='bbox 1326 2620 1364 2656; x_wconf 84' lang='grc' dir='ltr'>τῷ</span> <span class='ocrx_word' id='word_1_844' title='bbox 1390 2621 1461 2647; x_wconf 82' lang='grc' dir='ltr'>δόντι</span> <span class='ocrx_word' id='word_1_845' title='bbox 1487 2622 1555 2655; x_wconf 82' lang='grc' dir='ltr'>ἡμῖν</span> <span class='ocrx_word' id='word_1_846' title='bbox 1571 2622 1600 2647; x_wconf 80' lang='grc' dir='ltr'>τὸ</span> <span class='ocrx_word' id='word_1_847' title='bbox 1624 2623 1709 2652; x_wconf 81' lang='grc' dir='ltr'>νῖκος.</span> <span class='ocrx_word' id='word_1_848' title='bbox 1727 2631 1736 2647; x_wconf 71' lang='grc' dir='ltr'><strong>ι</strong></span> <span class='ocrx_word' id='word_1_849' title='bbox 1760 2621 1786 2647; x_wconf 92' lang='grc' dir='ltr'><strong>Ὀ</strong></span> 
     </span>
    </p>
   </div>
   <div class='ocr_carea' id='block_1_115' title="bbox 1002 2667 1784 2702">
    <p class='ocr_par' dir='ltr' id='par_1_115' title="bbox 1002 2667 1784 2702">
     <span class='ocr_line' id='line_1_115' title="bbox 1002 2667 1784 2702; baseline -0.001 -9"><span class='ocrx_word' id='word_1_850' title='bbox 1002 2667 1128 2702; x_wconf 78' lang='grc' dir='ltr'>Χριστὸς,</span> <span class='ocrx_word' id='word_1_851' title='bbox 1145 2667 1221 2702; x_wconf 75' lang='grc' dir='ltr'>φησὶ,</span> <span class='ocrx_word' id='word_1_852' title='bbox 1242 2667 1272 2693; x_wconf 78' lang='grc' dir='ltr'>τὸ</span> <span class='ocrx_word' id='word_1_853' title='bbox 1291 2667 1421 2702; x_wconf 82' lang='grc' dir='ltr'>τρόπαιον</span> <span class='ocrx_word' id='word_1_854' title='bbox 1441 2667 1563 2702; x_wconf 78' lang='grc' dir='ltr'>ἔστησεν,</span> <span class='ocrx_word' id='word_1_855' title='bbox 1589 2669 1668 2702; x_wconf 73' lang='grc' dir='ltr'>ἡμεῖς</span> <span class='ocrx_word' id='word_1_856' title='bbox 1688 2668 1716 2694; x_wconf 78' lang='grc' dir='ltr'>δὲ</span> <span class='ocrx_word' id='word_1_857' title='bbox 1734 2667 1784 2693; x_wconf 79' lang='grc' dir='ltr'><strong>τῶν</strong></span> 
     </span>
    </p>
   </div>
   <div class='ocr_carea' id='block_1_116' title="bbox 1005 2713 1784 2748">
    <p class='ocr_par' dir='ltr' id='par_1_116' title="bbox 1005 2713 1784 2748">
     <span class='ocr_line' id='line_1_116' title="bbox 1005 2713 1784 2748; baseline -0.004 -7"><span class='ocrx_word' id='word_1_858' title='bbox 1005 2715 1144 2748; x_wconf 67' lang='grc' dir='ltr'>στεφάνων</span> <span class='ocrx_word' id='word_1_859' title='bbox 1160 2713 1354 2748; x_wconf 79' lang='grc' dir='ltr'>κοινωνοῦμεν.</span> <span class='ocrx_word' id='word_1_860' title='bbox 1372 2714 1459 2748; x_wconf 80' lang='grc' dir='ltr'>Χάρις</span> <span class='ocrx_word' id='word_1_861' title='bbox 1476 2713 1504 2739; x_wconf 87' lang='grc' dir='ltr'>δὲ</span> <span class='ocrx_word' id='word_1_862' title='bbox 1521 2713 1558 2748; x_wconf 83' lang='grc' dir='ltr'>τῷ</span> <span class='ocrx_word' id='word_1_863' title='bbox 1574 2714 1661 2748; x_wconf 64' lang='lat' dir='ltr'><strong>Ha.th</strong></span> <span class='ocrx_word' id='word_1_864' title='bbox 1676 2713 1714 2748; x_wconf 85' lang='grc' dir='ltr'>τῷ</span> <span class='ocrx_word' id='word_1_865' title='bbox 1728 2721 1784 2747; x_wconf 85' lang='grc' dir='ltr'>γεν-</span> 
     </span>
    </p>
   </div>
   <div class='ocr_carea' id='block_1_117' title="bbox 1004 2758 1782 2794">
    <p class='ocr_par' dir='ltr' id='par_1_117' title="bbox 1004 2758 1782 2794">
     <span class='ocr_line' id='line_1_117' title="bbox 1004 2758 1782 2794; baseline -0.005 -8"><span class='ocrx_word' id='word_1_866' title='bbox 1004 2760 1115 2794; x_wconf 83' lang='grc' dir='ltr'>νήσαντι</span> <span class='ocrx_word' id='word_1_867' title='bbox 1136 2760 1211 2790; x_wconf 76' lang='grc' dir='ltr'>Υἱδν,</span> <span class='ocrx_word' id='word_1_868' title='bbox 1229 2759 1275 2785; x_wconf 59' lang='grc' dir='ltr'><strong>τὴν</strong></span> <span class='ocrx_word' id='word_1_869' title='bbox 1292 2758 1410 2785; x_wconf 76' lang='grc' dir='ltr'>τοσαῦτα</span> <span class='ocrx_word' id='word_1_870' title='bbox 1435 2758 1647 2793; x_wconf 81' lang='grc' dir='ltr'>κατορθώσαντα</span> <span class='ocrx_word' id='word_1_871' title='bbox 1667 2759 1740 2792; x_wconf 73' lang='grc' dir='ltr'>ἡμῖν.</span> <span class='ocrx_word' id='word_1_872' title='bbox 1769 2771 1782 2776; x_wconf 93' lang='grc'><strong>-</strong></span> 
     </span>
    </p>
   </div>
   <div class='ocr_carea' id='block_1_118' title="bbox 1006 2802 1779 2842">
    <p class='ocr_par' dir='ltr' id='par_1_118' title="bbox 1006 2802 1779 2842">
     <span class='ocr_line' id='line_1_118' title="bbox 1006 2802 1779 2842; baseline -0.009 -9"><span class='ocrx_word' id='word_1_873' title='bbox 1006 2806 1133 2838; x_wconf 66' lang='grc' dir='ltr'>Ἄλλως.</span> <span class='ocrx_word' id='word_1_874' title='bbox 1160 2804 1258 2842; x_wconf 81' lang='grc' dir='ltr'><strong>[ΦΩΤ.]</strong></span> <span class='ocrx_word' id='word_1_875' title='bbox 1282 2804 1389 2840; x_wconf 75' lang='grc' dir='ltr'>Ἐπειδή</span> <span class='ocrx_word' id='word_1_876' title='bbox 1414 2803 1460 2831; x_wconf 71' lang='grc' dir='ltr'>τὸν</span> <span class='ocrx_word' id='word_1_877' title='bbox 1482 2803 1563 2838; x_wconf 84' lang='grc' dir='ltr'>νόμον</span> <span class='ocrx_word' id='word_1_878' title='bbox 1590 2802 1651 2830; x_wconf 74' lang='grc' dir='ltr'>εἷπε</span> <span class='ocrx_word' id='word_1_879' title='bbox 1675 2803 1779 2835; x_wconf 72' lang='grc' dir='ltr'>δύναμιν</span> 
     </span>
    </p>
   </div>
   <div class='ocr_carea' id='block_1_119' title="bbox 1006 2845 1781 2887">
    <p class='ocr_par' dir='ltr' id='par_1_119' title="bbox 1006 2845 1781 2887">
     <span class='ocr_line' id='line_1_119' title="bbox 1006 2845 1781 2887; baseline -0.005 -9"><span class='ocrx_word' id='word_1_880' title='bbox 1006 2851 1154 2887; x_wconf 72' lang='grc' dir='ltr'>ἁμαρτίας,</span> <span class='ocrx_word' id='word_1_881' title='bbox 1171 2851 1213 2877; x_wconf 68' lang='grc' dir='ltr'>ἵνα</span> <span class='ocrx_word' id='word_1_882' title='bbox 1226 2851 1262 2886; x_wconf 70' lang='grc' dir='ltr'>μή</span> <span class='ocrx_word' id='word_1_883' title='bbox 1278 2858 1348 2881; x_wconf 83' lang='grc' dir='ltr'>τινες</span> <span class='ocrx_word' id='word_1_884' title='bbox 1365 2849 1445 2877; x_wconf 73' lang='grc' dir='ltr'>αὑτόν</span> <span class='ocrx_word' id='word_1_885' title='bbox 1461 2857 1488 2875; x_wconf 82' lang='grc' dir='ltr'><strong>τε</strong></span> <span class='ocrx_word' id='word_1_886' title='bbox 1501 2848 1546 2875; x_wconf 73' lang='grc' dir='ltr'>τὸν</span> <span class='ocrx_word' id='word_1_887' title='bbox 1561 2847 1654 2884; x_wconf 74' lang='grc' dir='ltr'>νόμον,</span> <span class='ocrx_word' id='word_1_888' title='bbox 1670 2847 1707 2878; x_wconf 82' lang='grc' dir='ltr'><strong>ὡς</strong></span> <span class='ocrx_word' id='word_1_889' title='bbox 1721 2845 1781 2880; x_wconf 74' lang='grc' dir='ltr'>ιριῦ-</span> 
     </span>
    </p>
   </div>
  </div>
