1872 3053
99 159 153 194 913

561 160 754 196 COMMENT.
773 165 812 196 IN
825 165 944 197 EPIST.
966 166 997 196 ΙΙ
1016 167 1066 197 AD
1083 167 1262 199 CORlNTH.

1674 169 1726 203 9H

101 217 160 252 μὲν,
189 215 324 251 φησὶν,δν
339 217 405 251 ἡμῖν
419 217 606 254 οῖπειρασμοὶ
636 220 684 246 καὶ
715 221 743 247 αἱ
768 220 840 255 θλίψε

987 229 1018 248 im
1047 222 1098 254 ttae,
1125 222 1267 250 abundant
1289 223 1502 252 consolationes.
1529 224 1590 257 Quo
1622 229 1726 262 pacto!

99 262 167 289 ἀλλὰ
191 262 356 289 καὶτούτων
378 263 418 289 ἔτι
443 262 543 299 μᾶλλον
559 266 768 301 περισσεύουσιν
786 268 814 294 αἱ
832 275 885 294 πα-

100 309 247 344 ρακλήσεις
263 316 271 324 ·
292 309 368 342 πῶς;
398 309 438 336 ὃτι
455 311 485 336 οὺ
505 311 585 345 μόνον
611 312 817 345 διασκεδὰζουσι
836 313 884 346 τὰς

99 356 212 390 (liti-lane,
239 356 306 382 ἀλλὰ
331 357 377 382 καὶ
403 356 510 390 χαίρειν
539 358 778 392 παρασκευάζουσι
795 380 802 390 ,
837 361 885 386 καὶ

99 401 245 434 στεφάνους
273 399 319 426 καὶ
348 400 462 436 βραδεῖα
484 401 668 435 πρὴξενοῡσιν.
682 404 718 429 Οὐ
737 404 807 429 κατὰ
819 405 885 430 ἀνα-

98 447 201 478 λογίαν,
226 447 310 481 φησι,
335 447 389 473 τῶν
421 447 572 483 θλίψεωνή
593 449 764 484 παράκλησις
786 469 792 480 ,
816 450 883 477 ἀλλὰ

98 493 188 528 πἰλλῴ
210 494 322 528 μείζων.
336 494 496 527 Περισσεύει
510 495 574 529 γὰρ,
594 496 687 529 φησιν,
702 498 717 530 ἡ
740 496 883 531 παράκλη-

99 547 151 568 σις.
182 548 192 564 α
208 539 268 565 Είτε
287 539 443 573 θλιὸὁμεθα,
476 541 568 574 φησιν,
585 541 654 576 ὑπὲρ
668 541 716 576 τῆς
733 543 810 576 ὑμῶν
833 551 883 569 σω-

97 585 195 618 τηρξας
228 585 276 611 καὶ
306 585 505 619 παρῖκλήσεως
529 586 709 621 θλιϐόμεθα.)
739 589 800 619 Πῶς
817 597 824 621 ;
842 590 882 616 ὅτι

98 631 162 664 ἐξῆν
180 632 244 665 ἡμῖν
261 631 467 666 ἁπαγορεύσασι
484 633 515 658 τὸ
527 633 687 668 κηρύσσειν,
702 635 730 660 ἐν
745 635 823 670 ἀδείᾳ
837 637 883 662 καὶ

97 676 233 710 ἀσφαλείᾳ
252 674 331 704 εἶναι.
366 678 448 704 Ἀλλὰ
463 679 562 713 μᾶλλον
578 680 729 715 αἱρούμεθα
744 681 882 709 θλίϐεσθαι

98 723 143 748 καὶ
167 722 343 754 κινδυνεύειν,
369 723 413 750 ἵνα
427 724 497 758 ὑμᾶς
509 724 551 751 διὰ
572 725 618 751 τοῦ
636 726 814 761 κηρύγματος
830 727 883 754 σώ-

98 777 191 803 σωμεν
236 770 283 795 καὶ
323 770 562 805 παρακαλέσωμεν
596 772 666 806 πρὸς
702 773 750 806 τὴν
780 774 882 802 πίστιν.

97 815 204 841 Οὐκοῦν
225 815 294 850 ὑπὲρ
313 815 363 849 τῆς
382 816 460 848 ὑμῶν
477 817 615 852 σωτηρίας
628 818 678 850 τὰς
698 818 802 853 θλίψεις
817 819 885 846 ὕπο-

99 859 228 894 μένομεν,
246 861 294 894 τῆς
317 861 516 896 ἐνεργουμένης
531 863 559 888 ὲν
590 863 666 896 ὑμῖν,
690 864 838 896 τουτέστιν,
852 866 884 891 ὲκ

97 906 146 939 τῆς
159 905 206 931 τοῦ
223 906 300 938 ἁγίου
319 906 476 940 Πνεύματος
493 908 644 942 δυνάμεως,
662 909 710 935 τοῦ
730 909 765 935 τὰ
785 911 885 944 σημεῖα
901 899 922 926 Β

98 951 362 986 ὲνεργοῦντος.‹Τῆς
377 953 750 986 ὲνεργουμένης,ιτουτέστιν
766 957 792 981 ὲν
809 956 884 990 ὑμῖν.

101 1005 109 1022 ι
128 997 174 1022 Ἑν
192 997 324 1032 ὑπομονῇ.
339 1006 348 1022 ι
371 998 540 1033 Ἐνεργεῖται
573 999 602 1025 ὲν
619 999 685 1033 ὑμῖν
712 1001 728 1035 ὴ
753 1001 885 1035 σωτηρία,

99 1041 195 1076 φησὶν,
212 1042 241 1068 ὲν
261 1043 383 1077 ὑπομονῇ
403 1041 462 1069 οὖσι
480 1043 533 1069 τῶν
547 1043 612 1070 ῐσων
625 1044 690 1077 ἡμῖν
703 1045 884 1079 παθημάτων.

99 1087 208 1122 Ὠσπερ
220 1088 273 1123 γὰρ
287 1089 368 1122 ἡμεῖς
381 1090 563 1123 κηρύσσοντες
584 1090 782 1125 πειραζόμεθα,
799 1091 885 1123 οὕτως

99 1133 144 1159 καὶ
172 1133 251 1167 ὑμεῖς
275 1135 483 1169 μαθητεύοντες.
515 1135 619 1170 Πολλὴν
640 1137 668 1163 δὲ
680 1137 781 1172 ἀρετὴν
794 1139 886 1170 αὐτοῖς

100 1180 245 1213 μαρτυρεῖ.
266 1179 307 1205 ὅτι
335 1180 403 1213 μετὰ
438 1181 601 1215 πειρασμῶν
632 1182 753 1216 ἐδέχοντο
780 1183 811 1209 τὸ
833 1184 884 1218 κή-

100 1232 203 1259 ρυγμα.
222 1233 230 1249 ι
245 1222 298 1250 Καὶ
317 1225 334 1260 ἡ
349 1225 427 1256 ἐλπὶς
446 1225 535 1259 ἡμῶν.
551 1235 560 1252 ι
582 1241 618 1246 —
634 1226 739 1263 ῘιΙιΩΤ.]
760 1228 828 1255 Ποία
845 1229 888 1255 ὲλ-

99 1268 164 1300 πίςς
183 1269 224 1295 ὅτι
244 1270 427 1306 ἐνεργουμένη
441 1271 516 1298 ἔσται
535 1272 563 1298 ἐν
577 1273 642 1306 ὑμῖν
657 1274 672 1307 ἡ
691 1275 822 1309 σωτηρία,
834 1275 885 1302 κᾶν

99 1315 134 1340 τὰ
154 1315 227 1341 αὐτὰ
257 1317 322 1350 ἡμῖν
347 1317 394 1342 καὶ
429 1317 493 1351 ὑμῖν
518 1318 692 1353 συνενεχθείη
723 1320 885 1355 παθήματα.

99 1359 185 1394 Πῶςς
207 1361 460 1397 Παρακαλούμενοι,
485 1363 557 1399 ὑπὲρ
574 1365 624 1399 τῆς
650 1365 727 1399 ὑμῶν
747 1367 886 1401 σωτηρίας

98 1407 344 1442 παρακαλούμεθα,
371 1409 528 1442 ἀπόδειξιν,
566 1411 659 1446 φησὶν,
687 1412 810 1439 ἐντεῦθεν
840 1415 886 1440 καὶ

98 1452 202 1485 γνῶσιν
219 1454 458 1490 ἀναμφισϐήτητον
477 1456 673 1490 λαμὸᾰνοντες,
687 1458 727 1484 ὅτι
745 1459 791 1484 καὶ
807 1460 886 1494 ὑμεῖς

99 1497 361 1532 παρακληθήσεσθε,
392 1499 462 1526 ὥστε
489 1501 566 1527 οὐδὲν
598 1499 679 1537 ἦττον
695 1503 724 1529 ὲν
743 1501 783 1534 οἷς
811 1504 888 1531 αὐτοὶ

99 1541 226 1576 ῥυόμεθα
257 1543 311 1570 τῶν
340 1545 502 1581 πειρασμῶν
540 1548 794 1583 παρακαλούμεθα,
829 1550 922 1590 cura

98 1588 201 1622 ὁμοίως
220 1589 266 1615 καὶ
276 1590 305 1616 ὲν
318 1587 359 1622 οἷς
387 1591 480 1625 σαφῶς
498 1592 576 1628 ἴσμεν
594 1594 640 1620 καὶ
664 1595 836 1630 πεπείσμεθα
846 1597 887 1622 ὅτι

100 1634 349 1669 παρακληθὴσεσθε
365 1636 413 1663 καὶ
427 1637 515 1671 ὑμεῖς.
544 1638 629 1666 Πόθεν
641 1639 670 1666 δὲ
694 1639 775 1667 τοῦτο
789 1641 885 1676 δῆλον;

99 1679 230 1712 αὐτόθεν,
259 1682 353 1714 φησιν.
383 1682 490 1718 Ὥσπερ
513 1683 567 1719 γὰρ
590 1685 652 1711 ἐστὲ
678 1689 802 1714 κοινωνοὶ
833 1689 887 1714 τῶν

99 1726 265 1761 πειρασμῶν
290 1727 337 1754 καὶ
355 1728 410 1754 τῶν
423 1728 550 1764 θλίψεων,
563 1730 650 1762 οὕτως
667 1731 761 1758 ἔσεσθε
777 1734 823 1760 καὶ
839 1735 887 1768 τῆς

100 1771 313 1806 παρακλήσεως.
330 1772 449 1800 «Βεὸαία
475 1775 545 1810 ὑπὲρ
572 1776 652 1810 ὑμῶν
672 1797 678 1809 ,
692 1786 701 1802 ι
735 1778 886 1811 τουτέστιν,

100 1816 149 1841 ὅσα
174 1815 208 1842 ἂν
235 1817 370 1852 πάσχητε,
397 1818 553 1854 θαρροῦμεν
565 1821 606 1847 ὅτι
621 1822 652 1848 οὐ
670 1824 889 1858 παρα-τραπήσε-

101 1861 158 1894 σθε,
178 1860 240 1888 οὔτε
264 1863 481 1899 ἀπαγορεύσετε,
504 1865 566 1893 οὒτε
583 1867 653 1902 ὑπὲρ
670 1865 708 1895 ὧν
734 1870 812 1904 ὑμεῖς
837 1871 889 1897 πά-

100 1913 199 1940 σχετε,
235 1907 296 1934 οὔτε
328 1909 398 1944 ὑπὲρ
427 1907 465 1937 ὧν
493 1912 567 1946 ἡμᾶς
599 1914 754 1948 πάσχοντας
794 1917 886 1951 ὁρᾶτε.

103 1961 113 1979 ι
124 1952 215 1989 ’Υπὲρ
223 1954 269 1987 τῆς
280 1955 356 1989 ὑμῶν
370 1957 569 1992 παρακλήσεως
581 1960 626 1986 καὶ
637 1961 800 1996 σωτηρίας.)
816 1963 888 1990 “Avo;

101 1999 198 2031 εἰπὼν,
226 2000 265 2026 ὅτι
287 2001 372 2037 Ὑπὲρ
403 2003 454 2037 τῆς
479 2004 615 2041 ὑμετέρας
647 2009 783 2043 σωτηρίας
798 2008 888 2036 θλιϐό-

104 2046 183 2077 μεοα,
203 2046 245 2072 ἶνα
259 2046 296 2082 μὴ
312 2048 375 2084 δόξῃ
395 2048 516 2085 ὲτιαχθής
532 2059 573 2082 τις
590 2050 671 2084 εἶναι,
690 2054 737 2079 νῦν
759 2054 887 2088 λέγειὸτι

87 2091 156 2130 ’Καὶ
173 2092 245 2127 ὑπὲρ
271 2093 320 2128 τῆς
338 2094 414 2128 ὑμῶν
431 2097 566 2132 σωτηρίας
583 2099 825 2134 παρακαλούμεθα,
845 2102 889 2128 ἴνα

104 2136 142 2172 μὴ
174 2138 432 2173 ἀπαγορεύσαντες,
460 2143 642 2179 ἀμελήσωμεν
667 2145 717 2180 τῆς
751 2147 888 2181 σωτηρίας

103 2183 190 2216 ὑμῶν,
219 2185 235 2219 ἦ
265 2185 309 2211 ῐνσ.
335 2187 551 2222 παρακληοῆτε.
581 2190 700 2224 ὁρῶντες
726 2192 800 2226 ἡμᾶς
835 2193 887 2220 ὑπὸ

939 267 1007 300 Quia
1024 276 1076 295 non
1097 269 1185 295 solum
1208 269 1342 303 dissipant
1362 269 1531 303 amictinncs.
1550 271 1596 299 sed
1611 277 1637 299 et
1662 281 1729 308 gau-
1747 306 1749 308 _

939 313 1013 340 dium
1036 314 1191 344 adducunt.
1214 319 1241 341 ct
1261 323 1376 344 coronas
1400 324 1431 343 ac
1456 317 1548 344 bravia
1569 320 1728 348 conciliant.

937 358 997 385 Non
1016 360 1047 385 ad
1067 360 1282 394 proportionem,
1297 361 1395 395 inquit,
1412 361 1588 389 amictinnum
1603 368 1645 391 est
1661 373 1727 392 con-

939 404 1048 436 solatio,
1065 405 1110 432 sed
1126 406 1211 432 tttttlto
1223 406 1311 439 major
1325 413 1376 434 est.
1395 407 1460 434 Nam
1477 409 1609 440 abundat,
1627 410 1728 444 inquit,

939 449 1100 476 consolatio.
1121 459 1129 475 ι
1148 450 1210 478 Sive
1228 451 1373 486 :tilligimnr
1389 453 1448 487 (ait)
1465 461 1513 488 pro
1528 455 1609 480 vestri
1628 456 1728 482 cxltor-

939 494 1042 519 latione
1058 499 1085 520 et
1099 495 1187 521 salute
1201 495 1356 529 aﬁligimur.
1375 507 1384 523 t
1401 498 1564 531 Quomodo?
1580 500 1649 533 Quia
1664 501 1728 527 lice-

938 543 979 565 Nl.
991 539 1069 566 ttobis
1084 547 1098 565 a
1116 541 1308 574 prmdimlione
1322 544 1506 576 cessantibus,
1533 545 1559 572 itt
1583 547 1730 574 SCt'lllilllle

936 589 964 611 et
978 585 1080 618 absque
1092 585 1189 612 timore
1200 586 1296 622 degere
1311 597 1317 614 :
1342 589 1387 615 sed
1402 591 1491 622 potius
1507 590 1631 625 eligimus
1647 590 1729 626 aﬂligi

938 637 969 656 ac
980 631 1137 664 periclitari.
1151 636 1180 658 ut
1192 640 1241 660 vos
1256 641 1304 667 per
1316 635 1535 668 pra-dicationem
1547 638 1637 664 salvos
1646 637 1729 665 facia-

938 683 1016 708 mus,
1038 682 1066 703 et
1087 678 1119 704 ad
1139 677 1218 705 ﬁdem
1238 679 1426 706 exhortantur.
1448 680 1616 709 Amictiones
1636 682 1729 717 itaque

938 725 1108 750 sustlncmtts
1122 731 1171 758 pro
1192 729 1282 752 vestra
1304 725 1403 757 salute.
1425 726 1451 753 id
1467 734 1518 759 est,
1534 728 1630 762 qua-in
1652 729 1729 757 vobis

937 768 1061 801 ellicitnr,
1075 770 1126 797 ltoc
1140 775 1192 803 est,
1203 779 1235 798 ex
1246 772 1347 798 virtute
1358 772 1477 807 Spiritus
1492 775 1579 801 sancti
1590 775 1636 809 qtti
1651 775 1729 810 signa

937 814 1028 841 ellicit.
1045 825 1054 840 t
1070 817 1136 848 Quae
1148 817 1272 849 (-ilicitut‘,
1290 827 1299 844 ι
1319 826 1414 853 nempe
1430 819 1456 845 itt
1473 821 1562 847 vobis.
1579 829 1588 845 ι
1607 820 1634 847 In
1649 821 1730 857 5θάΙ

939 859 1094 887 tolerantia.
1114 872 1122 887 ι
1144 862 1273 894 Eilicitur,
1290 864 1389 898 inquit.
1404 865 1479 892 salus
1495 865 1522 892 itt
1538 866 1622 897 vobis,
1640 867 1684 900 qui
1702 869 1730 893 in

940 907 1090 940 thttalibus
1114 909 1256 935 nobiscum
1277 910 1344 937 estis
1366 910 1568 938 aﬂlictionibus.
1592 911 1728 944 Quemad-

943 952 1053 978 modum
1070 953 1140 980 enim
1161 954 1307 989 afﬂigimur
1319 964 1367 983 ttos
1382 957 1427 990 qui
1445 956 1636 991 praedicamus,
1652 957 1689 983 ita
1703 961 1731 984 et

941 1006 990 1025 vos
1011 999 1055 1034 qui
1074 999 1190 1027 discitis.
1208 1001 1360 1028 Attestatut-
1374 1006 1464 1028 autem
1482 1002 1522 1030 eis
1535 1003 1607 1037 quod
1626 1010 1730 1037 magna:

942 1045 997 1072 sint
1020 1045 1140 1077 virtutis.
1163 1047 1226 1081 quia
1253 1048 1324 1074 inter
1350 1047 1520 1076 alnirtionem
1545 1049 1730 1084 suscipiebant

941 1091 1172 1125 prmdicationem.
1200 1101 1209 1118 ί
1231 1092 1263 1118 Et
1289 1101 1351 1126 spes
1378 1100 1479 1121 nostra.
1503 1104 1512 1120 ι
1543 1109 1577 1115 -
1598 1094 1727 1127 Quas-nam

940 1144 1003 1170 spes
1017 1137 1030 1163 ?
1050 1145 1146 1172 nempe
1167 1138 1239 1172 quod
1259 1139 1423 1172 perﬁcienda
1444 1140 1480 1167 sit
1497 1140 1522 1167 in
1542 1141 1619 1167 vobis
1640 1141 1727 1173 salus,

940 1189 1106 1217 quamquam
1122 1183 1223 1211 ett-dem
1240 1185 1320 1211 nobis
1336 1192 1368 1212 ac
1388 1186 1465 1213 vobis
1487 1186 1647 1220 contingant
1663 1185 1730 1214 allii-

940 1227 1058 1254 ctiones.
1073 1227 1216 1260 Quomodo
1229 1229 1241 1256 7
1256 1229 1476 1257 Consolationcm
1492 1232 1668 1266 accipientes,
1679 1239 1729 1267 pro

941 1276 1031 1298 vestra
1046 1273 1133 1300 salute
1146 1275 1331 1306 consolantur,
1350 1276 1548 1310 probationem,
1565 1277 1662 1311 inquit,
1678 1285 1729 1305 no.-

940 1318 1084 1352 titiamque
1109 1319 1289 1346 indubitatam
1320 1321 1506 1354 accipientes,
1534 1322 1607 1356 quod
1629 1328 1656 1349 et
1679 1330 1728 1351 vos

941 1365 1153 1392 consolationem
1170 1366 1349 1392 indubitatam
1361 1367 1500 1401 accipietis
1513 1376 1520 1395 :
1533 1373 1561 1395 ut
1573 1376 1627 1395 non
1638 1369 1729 1397 minus

940 1410 1157 1438 consolationem
1175 1412 1341 1445 accipiamus
1354 1413 1380 1439 in
1396 1413 1587 1441 afﬂictionibus
1603 1421 1617 1440 a
1629 1415 1728 1449 quibus

942 1454 993 1489 ipsi
1010 1455 1167 1488 liberamur,
1181 1458 1226 1484 sed
1238 1458 1383 1485 similiter:
1400 1459 1426 1486 in
1440 1459 1541 1493 quibus
1555 1460 1638 1486 etiam
1649 1461 1728 1495 plane

941 1501 1043 1527 scimus
1060 1509 1091 1528 ac
1108 1503 1272 1530 conﬁdimus
1298 1504 1370 1538 quod
1392 1509 1419 1530 et
1443 1511 1491 1531 vos
1512 1506 1727 1532 consolationem

940 1547 1090 1581 accipietis.
1101 1547 1176 1575 Unde
1188 1549 1238 1576 hoc
1249 1549 1423 1577 manifestum
1435 1555 1475 1577 est
1490 1551 1501 1577 ἲ
1515 1550 1552 1578 Ex
1569 1551 1674 1581 eodem.
1684 1552 1727 1579 in-

943 1595 1028 1627 quit;
1055 1601 1117 1620 natn
1144 1595 1215 1622 sicut
1241 1596 1386 1630 participes
1405 1596 1473 1623 estis
1495 1598 1676 1624 tentationutn
1701 1601 1729 1625 et

944 1638 1132 1671 aﬂlictionum,
1145 1640 1185 1667 sic
1204 1640 1287 1668 futuri
1303 1642 1369 1669 estis
1382 1648 1408 1669 et
1421 1642 1629 1670 consolationis.
1645 1652 1654 1669 ι
1669 1641 1730 1669 Fir-

944 1691 986 1710 ttta
1002 1692 1052 1719 pro
1068 1686 1154 1712 vobis.
1175 1695 1184 1711 t
1204 1685 1260 1713 Hoc
1275 1691 1326 1718 est,
1345 1692 1557 1722 quantacunque
1574 1688 1727 1723 patiamini,

943 1729 1107 1758 conﬁdimus
1127 1732 1198 1766 quod
1216 1739 1270 1759 ttott
1287 1734 1477 1767 pervertcmini
1494 1741 1582 1768 neque
1597 1734 1728 1769 despera-

944 1775 1018 1808 ltitis,
1033 1784 1082 1803 nec
1103 1778 1139 1804 ob
1154 1786 1186 1804 ea
1202 1786 1262 1813 quae
1279 1779 1412 1813 patimini.
1429 1787 1478 1807 nec
1493 1779 1528 1808 ob
1542 1781 1586 1808 illa
1600 1788 1662 1815 qua;
1679 1788 1728 1809 nos

943 1822 998 1857 pati
1016 1823 1187 1858 conspicitis.
1201 1832 1210 1849 ε
1222 1823 1276 1851 Pro
1284 1825 1368 1852 vestri
1378 1826 1564 1854 consolatione
1574 1831 1600 1854 et
1609 1829 1724 1854 salute.»

943 1866 1010 1894 Cum
1026 1870 1153 1902 superius
1175 1869 1312 1898 dixisset:
1331 1879 1340 1896 ι
1358 1870 1412 1898 Pro
1431 1872 1513 1899 vestri
1530 1873 1618 1900 salute
1633 1873 1729 1910 aﬂligi-

943 1919 1015 1944 mur,
1026 1921 1035 1937 ι
1050 1920 1084 1940 tte
1098 1914 1189 1948 gravis
1199 1914 1399 1949 quodammodo
1416 1924 1506 1944 sermo
1518 1925 1579 1945 esse
1593 1918 1728 1955 videatur,

943 1967 1016 1987 ttuttc
1030 1961 1123 1988 subdit
1138 1970 1144 1988 :
1159 1961 1213 1988 Pro
1226 1967 1315 1990 vestra
1329 1971 1438 1999 quoque
1456 1966 1544 1993 salute
1559 1967 1727 1995 cettsolatio-

943 2013 1003 2032 nem
1014 2006 1182 2041 accipimus:
1199 2015 1233 2034 tte
1246 2007 1416 2041 deﬁcientes,
1427 2014 1544 2037 Vestram
1559 2011 1727 2046 negligantus

943 2052 1058 2080 salutem
1071 2062 1078 2086 ;
1093 2053 1134 2080 vel
1147 2057 1176 2080 ut
1184 2054 1362 2082 consolentini
1374 2055 1497 2084 videntes
1508 2064 1559 2084 nos
1570 2064 1584 2083 a
1598 2057 1651 2085 Deo
1662 2065 1728 2085 con-

944 2098 1105 2125 solationem
1122 2100 1256 2135 accipere.
1272 2100 1340 2127 Nam
1355 2101 1426 2128 sicut
1438 2102 1515 2134 estis,
1529 2102 1627 2137 inquit.
1644 2103 1728 2137 parti-

944 2145 1018 2180 cipes
1032 2146 1219 2178 aﬂltctionutn,
1237 2147 1274 2174 ita
1289 2155 1321 2174 ex
1337 2148 1514 2182 consequenti
1529 2148 1649 2182 op0t~tttit
1660 2157 1729 2183 quo-

944 2199 997 2225 que
1007 2200 1069 2219 esse
1079 2197 1105 2219 et
1118 2193 1325 2220 consolationis.
1341 2202 1350 2218 ι
1363 2193 1431 2219 Cum
1445 2193 1564 2220 sciamus
1573 2194 1644 2228 quod
1656 2194 1728 2220 sicut

103 2229 171 2255 Θεοῦ
199 2232 471 2267 παρακαλουμένους.
493 2234 599 2270 Ὥσπερ
613 2236 677 2271 γὰρ.
699 2238 777 2272 φησὶ,
793 2247 842 2265 κοιπ

987 2237 1089 2271 'ticipes
1107 2238 1173 2264 estis
1190 2237 1379 2265 aillictionum.
1406 2247 1415 2263 ι
1439 2237 1495 2264 lloc
1512 2239 1583 2264 enim
1601 2239 1726 2267 novimus

102 2275 141 2301 νοί
156 2276 220 2302 ἐστε
242 2277 296 2304 τῶν
321 2278 503 2314 παθημάτων,
528 2280 615 2313 οὓτως
631 2282 684 2309 ἔδει
697 2284 767 2310 κατὰ
780 2284 810 2310 τὸ
825 2285 889 2312 ἀκό-

101 2320 197 2348 λουθον
226 2325 373 2356 κοινωνοὺς
405 2323 474 2353 εἶναι
503 2327 551 2354 καὶ
591 2328 641 2362 τῆς
675 2330 887 2365 παρακλήσεως.

103 2375 113 2392 ι
129 2368 239 2401 Εὶδότες
258 2371 298 2397 ὅτι
320 2370 415 2407 ὥσπερ
448 2373 571 2401 κοινωνοί
594 2376 656 2401 ἐστε
680 2375 734 2402 τῶν
760 2377 890 2412 παθημά-

101 2421 164 2441 των.
180 2424 190 2440 ι
209 2415 294 2443 Τοῦτο
309 2417 364 2453 γὰρ
383 2418 483 2451 ειδότες
513 2420 607 2454 ἐσμὲν,
636 2422 678 2448 ὅτι
705 2423 801 2458 ὥσπερ
826 2424 889 2451 ἐστὲ

100 2458 154 2484 τῶν
171 2462 332 2497 πειρασμῶν
359 2464 492 2495 κοινωνοὶ,
522 2464 608 2497 οὕτως
631 2467 706 2501 ὑμᾶς
733 2468 890 2502 ἐπάναγκες

101 2502 171 2532 εἶναι
190 2506 230 2533 δεῖ
241 2508 288 2534 καὶ
303 2508 354 2543 τῆς
366 2510 565 2545 παρακλήσεως
575 2513 729 2545 κοινωνούς.
754 2515 888 2550 Ὀρώντες

101 2551 157 2584 γὰρ
176 2552 250 2586 ἡμᾶς
276 2554 548 2590 παρακαλουμένους,
572 2557 711 2589 εὐέλπιδες
729 2558 823 2587 ἔσεσθε
841 2562 888 2588 καὶ

102 2596 245 2631 ὑμεῖ;,ὂτι
274 2601 357 2627 ὲπειδ*
383 2602 415 2628 ἂν
446 2604 609 2638 πειρασμοῖς
631 2605 809 2641 περιπέσητε,
835 2615 887 2633 πα-

103 2643 309 2678 ρακληθήσεσῠε
326 2647 373 2673 καὶ
390 2648 468 2682 ὑμεῖς
492 2648 585 2684 ὥσπερ
601 2649 646 2676 καὶ
667 2651 757 2684 ἡμεῖς.
783 2652 888 2688 Ὥσπερ

102 2688 159 2723 γὰρ
189 2692 311 2716 κοινωνοί
323 2693 384 2719 ἐστε
403 2694 457 2720 τῶν
475 2695 657 2730 παθημάτων,
674 2696 760 2728 οὓτως
782 2698 890 2733 καὶτῆς

104 2735 302 2781 παρακλήσεως
333 2739 523 2773 κοινωνήσετε.
562 2742 737 2778 Παράκλησις
773 2744 801 2771 δὲ
845 2745 888 2781 εἴη

104 2777 155 2812 ἂν,
184 2780 200 2815 ἢ
227 2781 257 2807 τὸ
291 2783 499 2819 περιαιρεθῆναι
533 2786 595 2818 τοὺς
622 2777 810 2823 πειρασμοὺς,
842 2777 888 2817 καί

140 2873 150 2888 ¹
167 2870 272 2900 Coloss.
297 2881 314 2906 ι,
335 2874 378 2901 54.

940 2284 1012 2318 quod
1025 2283 1096 2310 sicut
1112 2283 1258 2318 pat'titipes
1269 2284 1335 2310 estis
1349 2285 1541 2315 tetttationuut,
1560 2284 1597 2311 ita
1615 2292 1726 2320 quoque

940 2335 1052 2356 necesse
1070 2328 1121 2356 fuit
1136 2332 1165 2355 ut
1181 2336 1228 2356 vos
1248 2329 1395 2363 participes
1411 2330 1507 2356 essetis
1518 2333 1550 2356 et
1565 2329 1727 2357 consolatio-

940 2374 992 2401 nis.
1024 2373 1155 2401 Videntes
1182 2374 1255 2401 enim
1282 2381 1332 2401 nos
1354 2375 1568 2402 consolationem
1591 2377 1725 2411 accipere,

939 2420 1012 2447 bono
1026 2422 1103 2448 eritis
1121 2426 1147 2447 et
1168 2428 1216 2447 vos
1236 2421 1338 2452 animo.
1358 2421 1430 2455 quod
1455 2422 1676 2456 quandoquidem
1697 2423 1725 2450 in

938 2465 1111 2492 alllictiottetn
1134 2466 1298 2498 incideritis,
1320 2468 1540 2494 Consolatione!“
1557 2476 1604 2495 vos
1617 2475 1726 2502 quoque

939 2513 1079 2546 accipietis
1097 2513 1168 2540 sicut
1186 2518 1211 2540 et
1235 2521 1296 2540 nos.
1314 2513 1390 2541 Sicut
1407 2514 1479 2541 ettint
1498 2515 1645 2549 participes
1659 2515 1726 2542 estis

939 2559 1128 2592 adlictionum,
1144 2561 1179 2587 ita
1192 2569 1300 2595 quoque
1319 2566 1345 2588 et
1366 2561 1391 2587 itt
1405 2562 1591 2589 consolatione
1612 2561 1725 2595 partici-

939 2605 1050 2640 pabitis.
1074 2606 1233 2633 Consolatio
1257 2611 1347 2632 autent
1369 2606 1421 2633 dici
1455 2610 1555 2641 potest,
1582 2606 1622 2632 rel
1652 2605 1724 2640 quod

940 2653 1115 2679 aul‘erronlur
1138 2650 1314 2680 aﬂlictiones:
1337 2653 1377 2680 vel
1402 2653 1474 2687 qttod
1491 2661 1523 2680 ex
1545 2653 1683 2686 insperato
1709 2659 1724 2679 a

940 2700 1121 2734 praesentibus
1141 2699 1324 2727 liberarentur
1344 2699 1474 2735 periculis
1492 2708 1500 2731 ;
1530 2703 1576 2724 aut
1600 2697 1670 2732 quod
1696 2698 1723 2725 in

937 2745 1035 2781 mediis
1051 2745 1193 2772 constituti
1208 2746 1345 2780 periculis,
1364 2745 1480 2771 viriliter
1498 2750 1651 2778 magnoque
1662 2744 1723 2772 ani-

937 2798 982 2818 tno
995 2790 1097 2820 ferrent
1108 2799 1169 2826 quae
1178 2792 1342 2823 inciderent,
1354 2789 1509 2817 futurorum
1521 2797 1567 2823 spe
1581 2789 1700 2818 roborati
1713 2798 1724 2817 :,
