1872 3053
57 150 117 182 917

478 149 670 180 COMMENT.
692 149 731 179 IN
748 149 869 180 EPIS'I‘.
886 148 917 179 Π
933 150 983 179 AD
1003 149 1186 180 CORINTII.

1645 149 1699 182 918

55 204 139 240 αὐτῷ
168 204 248 241 ῥᾴδια
272 204 318 231 καὶ
343 204 453 232 δυνατά.
483 205 569 231 Τοῦτο
593 205 621 232 δέ
640 213 707 240 φησι
723 205 769 232 τὸν
789 206 794 230 1

970 205 1100 237 consilio,
1119 205 1166 233 sed
1185 204 1211 232 in
1230 205 1289 239 ipso
1301 205 1371 232 solo.
1388 204 1455 232 Nam
1466 204 1501 233 de
1511 206 1613 241 quibus
1626 207 1697 242 apud

56 251 257 284 πεποιηκέναι.
271 250 320 284 οὐχ
331 250 369 281 ὼς
387 249 468 276 αὑτοῦ
479 250 585 277 Παύλου
603 251 731 286 δεομένου
749 251 857 285 μαθεῖν,

56 297 123 328 (Τίς
148 296 202 330 γὰρ
232 295 316 322 αὐτοῦ
346 296 447 329 μᾶλλον
480 296 538 332 ᾔδει
567 297 608 327 τὸ,
638 297 683 323 ἐπὶ
701 297 772 331 μόνῳ
799 297 859 332 Θεῷ

58 342 187 372 ἐλπίζειν
204 342 238 374 ;),
255 341 312 367 ἀλλ’
332 341 375 367 ἵνα
388 341 422 367 δι’
435 342 515 375 ἡμῶν
531 343 554 368 οἱ
580 342 653 370 ἄλλοι
667 342 746 368 τοῦτο
767 342 859 377 μάθω-

59 396 117 413 σιν.
138 402 174 407 ——
194 387 231 414 ἸΙ
255 387 360 419 οὔτως.
386 387 556 423 [ΟΙΚΟΥΜ.]
586 387 724 420 Ἐαυτῶν,
756 389 857 422 φησὶν,

58 434 229 468 ἁπέγνωμεν
245 433 395 465 παντελῶς,
416 434 459 460 ἵνα
475 435 524 469 τὴν
537 434 632 460 ἐλπίδα
645 434 692 460 ἐπὶ
703 435 778 468 μόνῳ
795 434 854 469 Θεῷ

59 480 185 514 σχῶμεν.
208 479 237 506 '0
254 480 281 506 δὲ
306 480 404 506 ἑαυτοῦ
437 479 691 514 προαπογινὼσκων
705 501 712 512 ,
734 481 792 512 πῶς
822 480 857 506 ἂν

58 525 153 560 οἰκείᾳ
169 524 250 559 βουλῇ
266 525 282 559 ἦ
297 525 421 558 δυνάμει,
450 525 465 560 ἢ
482 525 615 560 ἀπολογίᾳ
629 525 762 557 σώζεσθαι
778 525 854 551 ἑλπί-

59 579 104 597 σοι
117 580 125 602 ;
145 571 188 602 Ὠς
203 571 231 603 ἐξ
245 571 392 597 ἀκολούθου
405 571 435 597 τὸ
448 571 520 597 ἅπαν
535 571 631 598 ἑαυτοῦ
647 572 770 598 ἐκδοῦναι
785 572 855 606 Θεῷ.

55 631 94 636 —
116 617 247 649 Ἄλλως.
265 616 453 652 [ΙΩΑΝΝΟΥ.]
470 617 506 644 Τὸ
528 617 680 652 ἀπόκριμα,
694 617 742 652 τὴν
754 618 856 652 ψῆφον,

58 661 112 696 τὴν
138 663 320 697 προσδοκίαν,
349 663 400 697 τὴν
432 663 533 697 κρίσιν.
557 664 694 698 Τοιαύτην
721 665 796 699 ἠφίει
822 663 857 690 τὰ

58 707 219 742 πράγματα
240 708 332 742 φωνήν
346 716 353 724 ’
387 708 518 743 τοιαύτην
547 708 693 743 ἀπόκρισιν
715 709 801 735 ἐδίδου
823 709 857 736 τὰ

59 752 220 786 συμϐάντα.
235 753 276 780 ὅτι
285 753 499 788 ἀποθανούμεθα
516 754 636 785 πάντως.
657 755 693 781 Οὐ
707 754 760 790 μὴν
774 755 856 790 μέχρι

57 797 113 832 τῆς
148 798 246 832 πείρας
274 798 354 832 ἐξέϐη
371 798 458 830 τοῦτο,
485 799 553 826 ἀλλὰ
571 799 651 834 μέχρι
664 800 713 835 τῆς
729 800 857 832 ὑπονοίας

58 845 132 877 ἔστη
163 845 213 878 τῆς
239 845 390 880 ἡμετέρας.
422 846 454 872 Ὶι
480 846 529 880 μὲν
543 845 596 881 γὰρ
611 846 664 873 τῶν
685 847 856 881 πραγμάτων

912 258 963 278 nos
980 251 1055 278 nulla
1074 251 1191 278 habetur
1207 258 1279 286 spes,
1296 251 1342 278 sed
1360 251 1541 286 impossibilia
1562 252 1697 287 videntur,

910 304 940 324 ca
958 302 1020 324 sunt
1039 298 1089 332 ipsi
1105 298 1259 333 possibilia.
1277 299 1331 325 imo
1345 302 1372 326 et
1396 297 1498 325 facilia.
1525 298 1583 326 Hoc
1603 303 1694 326 autem

912 343 995 370 Deum
1016 343 1115 370 fecisse
1140 344 1218 376 dicit,
1244 352 1299 371 non
1330 344 1403 378 quod
1433 344 1483 378 ipsi
1513 343 1599 370 Paulo
1628 351 1698 379 opus

908 393 982 416 esset
998 389 1049 416 hoc
1077 389 1184 416 discere
1200 390 1292 425 (Quis
1312 390 1385 418 enim
1407 389 1495 424 magis
1526 397 1606 424 quam
1638 390 1697 424 ipse

909 439 1025 462 noverat
1041 436 1066 462 in
1081 435 1142 462 solo
1158 435 1214 462 Deo
1229 435 1397 470 sperandum
1414 443 1475 462 esse
1483 435 1517 470 ?),
1532 436 1579 462 sed
1605 439 1634 462 ut
1651 443 1699 470 per

908 489 958 508 nos
973 481 1017 508 alii
1036 481 1087 508 hoc
1111 481 1259 509 discerent.
1270 496 1305 501 —
1317 481 1368 508 Aut
1383 481 1431 508 hoc
1443 481 1530 507 modo.
1555 480 1592 508 De
1618 481 1699 510 nobis

908 526 976 561 ipsis
996 527 1109 554 omnino
1125 527 1331 561 despcravimus
1352 531 1381 554 ut
1394 534 1470 562 spem
1503 527 1530 553 in
1548 527 1607 554 solo
1639 526 1695 554 Deo

907 571 1084 600 haberemus.
1112 572 1178 599 Nam
1209 573 1256 607 qui
1285 573 1362 607 prius
1377 572 1410 599 de
1437 572 1529 606 seipso
1557 572 1696 606 desperat,

907 619 1045 653 quomodo
1058 619 1169 653 proprio
1181 619 1300 646 consilio
1315 623 1362 646 aut
1375 619 1476 646 virtute
1496 627 1544 646 seu
1560 618 1700 647 defensio-

907 673 942 692 ne
967 665 1072 692 salvum
1091 673 1120 692 se
1144 665 1203 692 fore
1235 666 1373 699 sperabit?
1389 665 1423 692 L't
1449 673 1624 700 consequens
1657 665 1694 692 sit

906 709 1039 744 quidquid
1065 709 1154 740 liabet,
1171 709 1197 736 id
1228 709 1310 736 Deum
1334 709 1454 736 dedisse.
1470 710 1577 737 -—A|io
1603 710 1694 737 modo.

907 755 1094 789 Responsum,
1111 754 1137 780 id
1153 758 1205 785 est,
1223 754 1375 784 decretum.
1400 756 1634 789 exspectationem
1664 762 1697 782 ac

907 801 1043 834 judicium
1061 801 1117 827 sive
1135 800 1317 827 sententiam:
1334 799 1492 835 huiusmodi
1509 809 1600 828 vocem
1623 802 1698 835 peri-

907 846 968 872 cula
989 846 1163 877 emittebant,
1203 845 1361 879 huiusmodi
1385 846 1643 873 condemnationem
1666 854 1698 874 ac

61 891 149 924 φύσις
176 891 254 917 τοῦτο
281 892 450 925 ἀπεφήνατο,
481 892 496 926 ἡ
529 892 556 918 δὲ
572 891 620 918 τοῦ
647 892 714 919 Θεοῦ
740 893 800 919 δύνσ

960 894 1013 917 tum
1031 890 1133 917 dabant
1147 898 1178 917 ea
1192 898 1254 924 qua:
1267 890 1471 925 contingebant,
1499 891 1571 925 quod
1586 891 1699 919 omnino

58 935 112 961 οἰκ
134 935 224 969 ἀφῆκε
236 935 286 970 τὴν
298 936 452 969 ἀπόφανσιν
478 937 519 967 είς
534 936 615 972 ἔργον
641 937 738 970 ἐλθεῖν,
753 938 810 964 ἀλλ’
827 939 857 965 ὲν

58 981 93 1015 τῇ
107 979 304 1016 διανοίᾳήμῶν
320 982 400 1008 τοῦτο
414 982 552 1017 συμϐῆναι
584 983 771 1018 συνεχώρησε.
787 994 795 1008 ι
811 983 857 1010 Διὸ

60 1026 110 1052 καὶ
139 1027 169 1052 ὲν
195 1027 312 1058 ἑαυτοῖς,
340 1027 418 1062 φησὶ,
444 1028 475 1053 τὺ
508 1028 652 1064 ἀπόκριμα
678 1029 725 1056 τοῦ
741 1029 858 1056 Θανάτου

62 1072 240 1106 ἐσχήκαμεν.
260 1082 269 1098 ι
285 1073 390 1108 Ὠσπερ
410 1073 540 1108 λέγομεν,
573 1074 723 1110 ’Δπεκρίθη
742 1076 758 1109 ὴ
783 1075 860 1107 νόσος

60 1115 104 1146 εἰς
126 1115 245 1149 ὑγίειαν,
273 1116 446 1152 ἣάπεκρίθη
473 1119 513 1150 εἰς
536 1118 672 1152 θάνατον,
707 1120 857 1152 τουτέστιν,

60 1160 159 1196 ἐξέϐη,
186 1161 325 1196 ἐτελέσθη,
345 1163 584 1199 ἀπετελεύτησεν
613 1165 700 1197 οὕτως
728 1167 774 1193 καὶ⁵
799 1166 858 1194 νῦν.

63 1216 72 1232 ι
98 1207 259 1243 ’Δπόκριμα
279 1208 406 1242 θανάτου,
433 1219 442 1236 ι
466 1210 583 1243 τὸτέλος
600 1211 683 1238 αὐτοῦ
713 1213 766 1247 χρὴ
785 1215 857 1240 νοεῖν

60 1255 112 1280 καὶ
143 1254 194 1288 τὴν
223 1254 344 1282 ἔκϐασιν.
374 1270 408 1276 —
430 1255 532 1292 [ΦΩΤ.]
567 1258 762 1293 Ἡπορήθημεν
790 1260 855 1295 γὰρ,

61 1298 144 1332 φησι,
170 1298 218 1325 τοῦ
245 1297 309 1334 ζῇνξ
322 1300 370 1326 καὶ
391 1301 460 1336 μετὰ
475 1302 528 1327 τῶν
542 1302 648 1337 νεκρῶν
662 1303 856 1338 ἐλογίσθημεν,

61 1344 113 1378 οὐχ
126 1345 172 1378 ὑφ’
195 1345 308 1380 ἑτέρων,
335 1346 393 1372 ἀλλ’
424 1347 502 1374 αὐτοὶ
521 1348 549 1373 ὲν
574 1349 680 1380 ἑαυτοῖς
698 1349 728 1375 τὸ
743 1349 856 1384 ἔσχατον

60 1390 109 1415 καὶ
143 1390 174 1415 τὸ
200 1390 275 1421 τέλος
304 1390 350 1417 τοῦ
378 1391 494 1418 θανάτου
529 1392 683 1424 κατιδόντες
706 1393 752 1419 καὶ
784 1393 857 1427 λογι-

61 1435 189 1469 σάμενοι.
220 1437 249 1462 '0
275 1436 303 1463 δὲ
326 1437 388 1463 οὐδὲ
426 1438 643 1473 Ἐλογισάμεθα,
667 1440 760 1473 φησὶν,
788 1439 857 1471 ἀλλ’,

64 1492 73 1508 ι
101 1483 294 1519 Ἐσχήκαμεν,
316 1495 325 1511 ι
342 1486 372 1512 τὸ
396 1486 581 1520 ἀναμφίεολον
601 1486 646 1513 τοῦ
675 1486 790 1513 θανάτου
812 1486 859 1513 καὶ

60 1530 238 1564 παρεστηκὸς
252 1531 466 1566 ἐνδεικνύμενος.
495 1532 589 1563 Οὕτως
616 1530 650 1568 ἦν
681 1533 771 1566 θλίψις
794 1532 856 1559 καθ’

61 1575 221 1610 ὑπερὸολὴν
237 1577 306 1612 ὑπὲρ
315 1577 442 1611 δύναμιν,
458 1577 528 1604 ὥστε
542 1579 556 1604 ό
575 1578 678 1609 Παῦλος
690 1578 740 1612 ἤδη
756 1577 853 1612 τεθνη-

60 1621 120 1652 κὼς
141 1619 186 1656 ἦν,
213 1622 275 1649 ὅσον
288 1624 320 1658 τῇ
354 1623 469 1658 δυνάμει
494 1623 588 1650 αὑτοῦ.
614 1623 710 1657 Γέγονε
724 1623 752 1650 δὲ
765 1623 856 1656 τοῦτο,

60 1668 142 1702 φησὶ,
164 1669 210 1695 καὶ
239 1669 304 1704 παρ’
333 1669 445 1700 ἐλπίδας
471 1669 620 1704 ὲζήσαμεν,
645 1670 688 1696 ἵνα
715 1671 744 1696 ἐν
761 1670 855 1704 μηδενὶ

59 1709 139 1747 ὧμεν
153 1713 356 1749 τεθαρρηκότες
384 1716 508 1747 ἑαυτοῖς,
537 1715 595 1742 ἀλλ’
610 1716 657 1741 ἐπὶ
674 1714 713 1750 τῷ
739 1715 797 1748 Θεῷ
816 1714 856 1748 τῷ

61 1758 200 1793 ἐγείροντι
214 1761 275 1791 τοὺς
289 1762 414 1796 νεκρούς.

912 943 1090 964 morerentur.
1110 934 1286 970 Nequaquam
1304 935 1356 963 hoc
1385 936 1412 962 in
1430 936 1628 971 experientiam
1650 937 1699 964 de-

911 981 1025 1009 ductum
1043 986 1095 1012 cst,
1122 980 1168 1008 sed
1194 981 1220 1008 in
1238 986 1333 1008 nostra
1357 981 1548 1014 desperatione
1564 981 1698 1009 substitit.

910 1026 1051 1061 Siquidem
1073 1026 1125 1053 hoc
1142 1026 1340 1060 periculorum~
1359 1030 1457 1054 natura
1481 1026 1699 1061 demonstrabat,

909 1072 955 1100 Dei
976 1081 1040 1100 vero
1058 1073 1181 1107 potentia
1201 1080 1254 1100 non
1273 1073 1435 1108 permisitid
1449 1074 1521 1108 quod
1534 1074 1699 1102 ostendeba-

909 1123 957 1146 tur
974 1119 1000 1145 iu
1027 1127 1097 1154 opus
1130 1119 1284 1154 pervenire,
1313 1119 1361 1146 sed
1387 1119 1414 1146 in
1449 1125 1541 1147 nostra
1567 1120 1701 1147 duntaxat

909 1169 999 1192 mente
1014 1165 1067 1192 boc
1086 1164 1142 1192 ﬁeri
1169 1165 1320 1193 concessit.
1338 1173 1347 1190 ι
1366 1165 1430 1192 Ideo
1458 1173 1569 1201 quoque
1591 1171 1698 1198 nostra.

911 1211 1011 1246 inquit,
1045 1216 1134 1238 mente
1168 1218 1332 1246 responsum
1349 1212 1445 1238 mortis
1472 1211 1666 1239 babueramus.
1687 1221 1697 1238 ι

912 1256 1148 1290 Quemadmodum
1166 1256 1286 1283 dicimus
1305 1265 1311 1283 :
1327 1256 1439 1284 Morbus
1458 1258 1599 1291 respondit
1612 1259 1637 1285 in
1653 1265 1699 1285 sa-

912 1302 1026 1328 nitatem
1045 1306 1092 1327 aut
1109 1301 1252 1335 respondit
1267 1301 1293 1326 in
1310 1305 1435 1332 mortem,
1457 1302 1508 1328 hoc
1534 1308 1576 1329 est
1600 1302 1698 1335 evasit,

913 1346 1006 1374 ﬁnitus
1019 1350 1071 1377 est,
1097 1346 1180 1373 desiit
1196 1355 1202 1372 :
1219 1345 1256 1372 ita
1272 1352 1382 1379 quoque
1407 1350 1435 1373 et
1456 1354 1529 1374 nunc
1547 1356 1556 1372 ι
1575 1347 1699 1382 Respon-

912 1401 972 1421 sum
989 1393 1096 1426 mortis,
1114 1401 1122 1418 ι
1139 1393 1219 1419 ﬁnem
1233 1399 1265 1419 ac
1279 1397 1407 1420 eventum
1421 1393 1571 1428 intelligere
1580 1398 1699 1428 oportet.

912 1453 946 1459 —
964 1438 1186 1474 Desperavimns,
1212 1438 1312 1472 inquit,
1341 1438 1375 1466 de
1401 1439 1456 1466 vita
1481 1448 1487 1466 :
1509 1444 1537 1467 et
1561 1447 1612 1467 nos
1636 1447 1699 1467 cum

913 1484 1031 1511 mortuis
1048 1484 1244 1518 reputabuntur
1260 1492 1268 1510 :
1284 1492 1338 1511 non
1351 1483 1384 1510 ab
1399 1484 1471 1515 aliis,
1490 1484 1538 1512 sed
1561 1485 1587 1511 in
1603 1485 1693 1514 nobis~

909 1531 977 1565 ipsis
992 1534 1144 1557 extremum
1167 1537 1198 1556 ac
1219 1529 1299 1557 tinem
1327 1530 1423 1556 mortis
1440 1530 1578 1558 intuentes
1595 1538 1626 1558 ac
1650 1539 1700 1559 co-

909 1576 1039 1611 gitantes.
1066 1575 1144 1608 Quod
1173 1582 1263 1602 autem
1284 1583 1339 1602 non
1369 1575 1446 1608 dicit,
1462 1575 1698 1610 Cogitareramus,

910 1623 957 1650 sed
972 1632 981 1648 ι
1001 1621 1202 1655 llabucramus,
1229 1631 1239 1648 ι
1254 1621 1451 1649 certitudinem
1466 1630 1499 1649 ac
1524 1624 1698 1658 prmscntiam

910 1667 1007 1694 mortis
1020 1667 1150 1694 ostendit.
1170 1666 1246 1693 Adeo
1260 1665 1310 1692 fuit
1334 1673 1418 1700 supra
1449 1666 1559 1693 modum
1587 1666 1699 1694 uﬂlictio

910 1714 982 1740 ultra
1000 1713 1082 1746 vires,
1096 1717 1125 1740 ut
1137 1712 1238 1740 Paulus
1250 1712 1307 1746 jam
1322 1715 1396 1739 esset
1422 1716 1559 1744 mortuus,
1572 1713 1644 1746 quod
1663 1713 1696 1740 ad

909 1767 974 1787 suas
986 1760 1059 1787 vires
1071 1758 1220 1794 spectabat.
1234 1757 1291 1785 lloc
1302 1761 1394 1784 autem
1411 1757 1513 1784 factum
1529 1763 1582 1791 est,
1595 1758 1698 1793 inquit,

61 1810 88 1832 et
105 1810 207 1840 praeter
221 1814 296 1842 spem
314 1808 444 1841 viximus,
464 1808 537 1836 utin
552 1807 627 1836 nullo
643 1815 718 1843 spem
737 1813 900 1842 poneremus
917 1806 944 1832 in
966 1805 1046 1833 nobis
1073 1805 1152 1841 ipsis,
1180 1804 1260 1840 597
1289 1805 1337 1833 sed
1366 1805 1399 1832 in,
1424 1804 1479 1832 Deo
1494 1804 1539 1840 qui
1582 1805 1699 1832 suscitat

62 1857 202 1880 mortuos.

96 1897 146 1932 Τῷ
161 1898 314 1934 ἐγείροντι,
333 1901 426 1936 φησὶν,
448 1901 479 1933 ὃς
503 1902 549 1928 καὶ
565 1902 638 1936 ἡμᾶς
665 1900 835 1936 νεκρωθέντα

957 1898 990 1931 !ui
1016 1898 1143 1929 suscitat.
1168 1898 1269 1933 inquit,
1287 1899 1334 1933 qui
1359 1907 1408 1926 nos
1434 1906 1545 1934 quoque
1571 1902 1696 1926 mortuos

62 1943 110 1970 νῦν
129 1944 237 1980 ἧγειρε.
254 1946 308 1972 Καὶ
326 1947 381 1982 γὰρ
401 1948 432 1974 τὸ
445 1947 599 1983 ἀπόκριμα,
616 1947 694 1982 φησὶ,
707 1946 754 1973 τοῦ
773 1945 856 1972 θανά-

61 1997 110 2015 του
125 1989 154 2016 ὲν
169 1991 278 2022 ἑαυτοῖς
291 1992 394 2027 ὲσχήκα
401 2001 461 2027 μεν,
475 1993 522 2019 καὶ
534 1992 612 2019 τοῦτο
625 1993 686 2027 οὐχὶ
705 1991 793 2018 ἄλλων
808 1999 855 2017 πε-

63 2036 90 2070 ρὶ
105 2035 187 2069 ἡμῶν
203 2036 456 2072 ὑπολογισαμένων,
472 2037 529 2064 ἀλλ’
539 2038 616 2064 αὐτοὶ
627 2038 656 2063 ἐν
673 2037 788 2067 ἑαυτοῖς.
800 2035 855 2062 Καὶ

62 2081 115 2107 οὐκ
129 2081 325 2116 ἐλογισάμεθα,
340 2083 408 2114 ἀλλ’,
428 2093 437 2109 ι
450 2084 618 2118 ἐσχήκαμεν,
637 2092 646 2108 ι
664 2083 732 2117 ὄβερ
748 2082 856 2108 ἁδίστα-

64 2135 130 2158 κτος
151 2127 199 2153 καὶ
227 2127 325 2162 βεῦαίοι
349 2129 451 2164 κρίσις,
473 2129 543 2155 ὥστε
559 2129 639 2162 δῆλον
655 2129 679 2154 εί
698 2128 734 2163 μὴ
761 2129 775 2155 ὁ
789 2127 856 2159 Θεὸς

65 2172 162 2207 ῆγειρε
177 2194 183 2205 ,
205 2174 283 2207 φησὶ,
307 2174 455 2206 τεθνεῶτες
486 2174 518 2201 ἂν
544 2174 652 2209 εἴημεν.
671 2174 701 2200 Et
716 2174 744 2200 δὲ
771 2173 856 2200 ταῦτα

65 2217 172 2250 Παῦλος
192 2220 206 2246 ὁ
225 2220 254 2246 ἐν
268 2221 328 2251 ταῖς
345 2220 452 2254 (mem
469 2220 679 2254 πλατυνόμενος,
701 2221 714 2246 ὁ
731 2220 857 2255 καθάπερ

66 2265 212 2298 στεφάνοις
225 2265 271 2291 καὶ
280 2266 448 2301 ἀναρρήσεσι
457 2267 516 2295 τοῖς
527 2265 634 2300 θλίψεσι
647 2266 855 2301 σεμνυνόμενος,

65 2310 88 2334 εἰ
103 2309 192 2334 ταῦτα
205 2311 308 2341 ἐκεῖνος
322 2310 408 2344 λέγει,
421 2312 467 2337 καὶ
484 2310 514 2337 τὸ
529 2312 583 2338 πᾶν
602 2311 649 2346 τῆς
662 2311 799 2345 σωτηρίας
817 2311 856 2342 είς

64 2354 109 2380 τὸν
129 2354 196 2381 Θεὸν
212 2355 380 2391 ἀνατίθησιν,
407 2358 488 2391 ἡμεῖς
502 2357 528 2383 τί
552 2357 620 2392 δρᾷν
636 2357 781 2392 ὀφείλομεν
798 2357 858 2384 ἓτε-

68 2407 129 2433 ρον;
142 2401 159 2435 ἦ
172 2401 231 2432 πῶς
242 2403 349 2433 ἑαυτοῖς
363 2402 475 2437 θαρρεῖν
485 2402 663 2437 ὑπαχθέντες,
677 2403 729 2430 οὐκο
736 2404 856 2437 ἐγκατα-

66 2446 270 2482 λειφθησόμεθα
283 2448 397 2480 δικαίως
415 2449 468 2475 ὑπὸ
479 2449 526 2475 τοῦ
539 2449 671 2481 σώζοντος
688 2449 735 2476 καὶ
756 2450 858 2485 ὑπερα-

68 2493 210 2524 σπίζοντος
221 2494 307 2527 Θεοῦ;
329 2495 387 2529 «Τῷ
399 2494 534 2529 ἐγείραντι
546 2496 609 2527 τοὺς
625 2495 748 2531 νεκρούς.
757 2506 766 2522 ι
782 2497 858 2531 ’Ἅμα

69 2537 116 2570 μὲν
130 2539 260 2572 ἐμψαίνει
269 2539 299 2566 τὸ
311 2540 358 2566 τοῦ
371 2541 495 2567 κινδύνου
510 2541 635 2575 μέγεθος,
656 2543 797 2577 μονονουχὶ
809 2543 852 2568 λέ-

68 2590 122 2615 γων
131 2584 172 2610 ὅτι
183 2585 297 2619 νεκροὺς
304 2587 465 2621 γενομὲνους
477 2587 635 2622 ἀνέστησεν,
649 2587 706 2623 ἅμα
715 2588 743 2614 δὲ
753 2576 800 2614 καὶ
807 2589 855 2614 τοῦ
873 2576 896 2606 D

67 2627 115 2661 τῆς
124 2628 300 2661 ἀναστάσεως
311 2630 411 2661 αὐτοὺς
426 2631 629 2666 ὑπομιμνήσκει
637 2631 728 2666 λόγου,
737 2633 766 2659 ὃν
776 2633 859 2660 πολὺν

69 2673 226 2708 ἐποιήσατο,
235 2675 263 2700 ὲν
270 2676 301 2709 τῇ
311 2675 406 2710 πρώτῃ
415 2676 568 2712 Ἐπιστολῇ.
576 2686 584 2702 ι
594 2677 642 2708 Ὃς
657 2677 689 2703 ὲκ
697 2677 858 2712 τηλικούτου

70 2719 213 2746 θανάτου.)
224 2720 282 2745 Οὐκ
293 2718 365 2753 εἷπε,
384 2731 392 2745 ι
407 2722 551 2752 Κινδὺνου,
566 2731 574 2746 ι
590 2722 668 2754 ἀλλὰ,
683 2732 690 2747 ι
708 2723 856 2755 Θανάτου,ι

70 2766 137 2800 ὅπερ
151 2766 198 2792 καὶ
213 2766 244 2792 τὸ
259 2766 393 2801 ὑπερέχον
407 2767 462 2793 τῶν
491 2768 621 2794 κινδύνων
636 2768 722 2802 δηλοῖ,
739 2769 786 2795 καὶ
809 2770 858 2804 τὴν

72 2812 219 2840 ἀνάστασιν
240 2811 319 2838 πάλιν
337 2812 527 2846 παρατίθεται,
547 2814 584 2845 ὡς
609 2815 633 2840 ει
645 2814 732 2848 ἔλεγε·
748 2815 779 2840 Τ(
794 2815 858 2841 ἀπι-

74 2857 164 2884 οτοῦοἰ
176 2858 285 2892 τινεςτῇ
300 2857 448 2884 ἀναστάσει
459 2865 466 2892 ;
477 2858 526 2894 ἤδη
543 2858 632 2886 δίδωσι
647 2859 782 2894 δείγματα
793 2860 857 2886 ταύ-

907 1951 980 1971 nunc
997 1944 1136 1970 excitavit.
1158 1943 1262 1971 Etenim
1282 1951 1442 1977 rcsponmm
1462 1944 1557 1971 mortis
1573 1944 1600 1970 in
1619 1944 1698 1971 nobis

906 1989 973 2024 ipsis
995 1990 1197 2021 habueramus;
1228 1997 1278 2016 nec
1296 1990 1321 2016 id
1345 1989 1406 2016 aliis
1429 1989 1462 2016 dc
1484 1989 1562 2016 nobis
1582 1997 1698 2024 respon-

908 2036 1048 2067 dentibus,
1073 2035 1119 2066 sed
1146 2036 1235 2067 nobis,
1262 2036 1360 2070 inquit,
1389 2035 1414 2062 in
1438 2036 1518 2063 nobis
1539 2035 1616 2070 ipsis.
1643 2035 1698 2062 Nec

907 2082 986 2113 dicit,
1012 2081 1283 2114 Existimaveramus,
1310 2082 1368 2112 sed.
1399 2081 1598 2114 llabucramns,
1624 2082 1698 2116 quod

908 2132 1013 2154 certum
1032 2134 1062 2154 ac
1080 2127 1188 2154 ﬁrmum
1206 2126 1325 2154 ostendit
1341 2126 1476 2160 judicium
1496 2134 1527 2153 ac
1544 2126 1696 2154 decretum.

908 2173 1002 2208 itaque
1024 2173 1199 2200 manifestum
1221 2172 1351 2207 estquod
1373 2172 1425 2199 nisi
1447 2171 1517 2198 Deus
1539 2180 1589 2198 nos
1609 2172 1698 2199 susci~

907 2223 1004 2252 lasset,
1028 2219 1121 2253 utiquc
1141 2218 1241 2245 mortui
1263 2226 1397 2245 essemus.
1419 2218 1496 2250 Quod
1517 2218 1538 2245 si
1559 2218 1616 2245 haec
1631 2218 1698 2245 dicit

909 2266 1021 2298 Paulus,
1035 2265 1118 2299 quiin
1131 2263 1322 2290 atﬁictiouibus
1335 2263 1454 2290 exsultat
1465 2267 1492 2290 ct
1504 2263 1549 2298 qui
1564 2263 1590 2290 in
1601 2263 1698 2291 adver-

909 2311 1039 2339 sitalibus
1062 2308 1294 2337 inenarrabilibus
1321 2312 1452 2343 tanquam
1479 2309 1506 2336 in
1531 2309 1642 2336 coronis
1664 2317 1696 2336 ac

909 2356 1011 2384 braviis
1035 2355 1179 2391 gloriatur,
1207 2362 1371 2389 omnemque
1396 2355 1494 2382 salutis
1520 2362 1648 2382 ancoram
1670 2356 1697 2381 iu

911 2404 994 2430 Deum
1019 2402 1126 2437 reponit
1151 2410 1158 2428 :
1184 2401 1248 2436 quid
1270 2409 1319 2428 nos
1340 2401 1413 2428 aliud
1437 2401 1526 2428 facere
1546 2401 1698 2429 debemus?

909 2453 956 2476 aut
967 2449 1105 2484 quomodo
1119 2448 1152 2475 ad
1169 2449 1219 2474 hoc
1236 2447 1347 2474 adducti
1367 2450 1395 2473 ut
1413 2447 1439 2473 in
1458 2447 1537 2475 nobis
1551 2447 1618 2482 ipsis
1632 2455 1698 2474 con-

909 2495 1035 2526 ﬁdamus,
1046 2503 1100 2523 non
1120 2496 1217 2522 mcrito
1232 2502 1245 2521 a
1262 2496 1398 2522 salvatore
1413 2501 1444 2522 ac
1461 2498 1616 2529 protectore
1642 2493 1698 2521 Deo

911 2541 1153 2575 dercliuquemur?
1173 2551 1182 2566 ι
1201 2541 1252 2574 Qui
1279 2541 1397 2568 suscitat
1428 2543 1563 2568 mortuos.
1578 2549 1588 2566 ι
1610 2539 1696 2567 Simul

911 2588 1020 2622 quidem
1036 2587 1156 2615 ostendit
1173 2587 1286 2622 periculi
1306 2586 1533 2621 magnitudinem,
1552 2593 1696 2620 propemo-

911 2634 975 2660 dum
994 2634 1087 2661 diccns
1104 2643 1111 2660 :
1129 2633 1185 2660 Nos
1203 2633 1259 2667 jam
1282 2636 1406 2661 mortuos
1430 2631 1573 2660 suscitavit
1590 2639 1596 2657 :
1615 2631 1696 2658 simul

911 2686 1020 2713 quoque
1037 2685 1192 2705 sermonem
1209 2677 1242 2704 de
1264 2676 1465 2704 resurrectione
1488 2677 1542 2703 illis
1564 2675 1696 2709 suggerit,

910 2731 992 2758 quem
1009 2723 1035 2750 in
1054 2724 1144 2758 priore
1155 2722 1275 2756 Epistola
1300 2723 1413 2748 multum
1437 2721 1547 2747 fecerat.
1569 2729 1577 2744 ι
1595 2720 1645 2752 Qui
1662 2727 1694 2746 cx

909 2774 985 2797 tanta
1003 2774 1101 2797 morte.
1118 2779 1126 2795 ι
1149 2769 1205 2796 Non
1223 2769 1304 2799 dixit,
1324 2767 1458 2795 Pcriculo.
1475 2765 1522 2792 sed
1542 2773 1550 2790 ι
1569 2764 1663 2795 Morte.
1683 2775 1691 2790 I

912 2815 984 2850 quod
1007 2817 1086 2842 etiam
1111 2815 1294 2850 periculorum
1318 2810 1531 2844 magnitudinem
1550 2809 1696 2843 signiﬁcat,

913 2868 1076 2896 rursumque
1091 2861 1218 2895 proponit
1231 2858 1470 2886 rcsurrcctiomuu.
1485 2856 1522 2883 Ac
1537 2855 1559 2885 si
1574 2855 1700 2884 diceret“.
