1872 3053
25 161 77 195 395

482 158 675 188 COMMENT.
696 157 735 187 ΙΝ
757 157 876 187 EPIST.
896 156 927 185 II
948 155 999 185 AD
1019 153 1198 184 CORINTH.

1592 150 1646 182 9736

23 217 65 244 ὕφ’
83 215 161 251 ὑμῶν
175 214 386 250 προπεμφθῆναι
402 214 441 246 είς
454 213 504 249 τὴν
524 214 665 241 Ἰουδαίαν.
687 223 696 239 ι
721 213 762 239 Ἑν

914 212 991 247 juxta
1007 212 1185 238 voluntatem.
1206 219 1216 236 ι
1236 209 1268 236 At
1291 216 1306 236 a
1328 207 1405 236 vobis
1424 206 1535 234 deducit
1555 207 1582 233 in
1597 205 1645 233 Ju-

23 262 144 298 προτέρα
151 260 292 295 Ἐπιστολῇ
307 258 393 286 εἷπεν·
410 260 469 287 Ἰνα
478 260 556 294 ὑμεῖς
572 269 604 294 με
619 259 808 295 προπέμψητε,

22 305 50 336 οὖ
67 309 115 335 ἐὰν
128 307 293 342 πορεύωμαι.
306 305 364 332 Νῦν
377 305 406 332 δὲ
420 305 505 339 λέγει,
518 305 569 332 ποῦ
586 305 682 341 ἔμελλε
697 305 810 338 πορεύε-

24 355 93 386 σθαι,
127 353 166 380 ὅτι
179 353 207 379 ὲν
224 353 256 387 τῇ
275 351 399 386 Ἰουδαίᾳ.
423 352 478 378 Καὶ
490 351 543 386 γὰρ
557 350 618 377 τότε
632 351 735 385 ἠγνόει,
759 350 809 377 ποῦ

23 399 161 427 κελεύεται
177 397 229 424 ὑπὸ
242 397 289 424 τοῦ
309 396 467 431 Πνεύματος
479 396 617 429 ἀπελθεῖν,
633 395 678 422 νῦν
689 395 729 425 δὲ,
739 395 808 429 ἠκη-

25 447 78 472 κόει
107 445 209 471 λοιπόν.
229 443 311 478 Ὁρᾷς
327 442 407 468 αὐτὴν
424 441 563 476 Πνεύματι
590 441 727 475 πανταχοῦ
744 440 809 473 ἀγό-

25 499 123 524 μενονς
144 500 152 515 ι
169 489 255 515 Τοῦτο
265 488 311 515 οὖν
335 488 539 523 βουλευόμενος.
559 497 569 514 ι
585 487 670 513 Τοῦτο
685 485 732 513 οὖν
747 486 809 521 βου-

26 536 165 568 λευόμενος
182 535 212 561 τὺ
240 534 328 560 ἐλθεῖν
346 533 413 567 πρδς
441 533 525 566 ὑμᾶς,
550 532 622 563 τίνος
644 533 737 558 ἕνεκεν
760 531 810 558 οὐκ

24 579 117 617 ἧλθονς
135 578 209 614 Ἆρα
223 579 258 610 ὡς
271 579 388 613 ἐλαφρὸς
403 578 449 604 καὶ
473 578 628 613 εὑρίπιστος
642 577 688 603 καὶ
701 577 755 608 τοῖς
770 577 809 604 οἰ-

24 627 103 657 νιείοις
120 624 326 659 ἐναντιούμενος
341 624 450 657 λόγοις;
473 623 520 658 Μὴ
548 623 662 656 γένοιτο.
682 622 763 648 ’Λλλὰ
784 621 810 647 τι

25 673 51 699 τδ
67 671 173 703 αῑτιον;
199 671 261 697 Ὂῖι
274 670 291 697 ἃ
307 669 480 705 βουλεύομαι,
499 669 590 704 φησὶν,
622 669 651 695 ού
668 668 737 695 κατὰ
749 668 811 702 σάρ-

25 727 57 745 κα
72 718 245 753 βουλεύομαι,
263 717 305 743 ἵνα
350 716 415 751 παρ’
431 716 493 750 ἐμοὶ
501 715 531 742 τὸ
545 715 609 746 Ναὶ,
626 715 689 745 Ναὶ,
709 714 755 740 καὶ
768 713 808 744 τὺ,

26 764 69 795 Οὓ,
83 765 124 791 οὗ.
143 765 233 798 Ὅπερ
264 764 344 795 αὐτὸς
358 763 574 798 ἐρωτηματικῶς
587 763 702 789 τέθεικε.
722 761 774 787 Καὶ
785 760 811 787 τί

27 811 159 844 βούλεται,
191 810 251 844 ὅρα.
276 809 306 836 '0
322 808 464 844 σαρκικὸς,
484 809 577 843 φησὶν,
604 808 745 843 ἄνθρωπος
763 807 811 833 καὶ

25 855 91 881 κατᾶ
107 856 198 889 σάρκα
211 854 417 889 βουλευόμενος,
431 850 486 879 οἷον
500 854 513 878 ό
537 852 573 887 μὴ
595 851 729 885 ἀγόμενος
743 849 811 885 πρὸς

24 903 55 928 τὰ
81 901 208 936 πρα>τέα
231 902 264 936 τῇ
303 900 428 936 ἐνεργείᾳ
456 898 503 925 τοῦ
524 897 695 932 Πνεύματος,
717 896 812 930 κύριός

26 948 95 974 ἐστιν
110 947 223 973 ἀπιέναι
240 947 305 972 ὅπου
319 945 455 981 βούλεται,
471 945 485 971 ό
500 944 527 970 δὲ
541 945 572 970 ἐκ
587 943 633 970 τοῦ
654 941 812 976 Ilva-514.110;

26 993 168 1028 ἀγόμενος,
184 993 233 1019 οὐκ
245 992 301 1027 ἔχει
317 991 440 1024 ἐξουσίαν
458 990 575 1025 βαδίζειν
590 990 656 1015 ὅπου
667 988 747 1015 θέλει.
765 988 813 1013 Δε-

28 1040 108 1075 σπότῃ
122 1039 180 1074 γὰρ
191 1038 372 1065 ὑποτέτακται
384 1037 422 1071 τῷ
430 1035 612 1070 Παρακλήτῳ.
623 1033 671 1060 καὶ
682 1032 720 1068 τῷ
729 1032 812 1058 αὑτοῦ

27 1086 137 1119 νεύματι
158 1085 246 1111 εἴκειν
262 1083 457 1117 ἀναγκάζεται.
475 1082 557 1108 Ὥστε
575 1080 604 1106 τὸ
620 1079 706 1106 ἐλθεῖν
716 1078 764 1113 οὐχ
775 1077 814 1109 ὡς

28 1131 182 1166 sapiam-ro;
196 1132 242 1156 καὶ
254 1129 370 1163 ἐλαφρὸς
386 1130 433 1154 καὶ
452 1126 613 1162 ψευδολόγος
629 1124 812 1160 ὑπερεθέμην,

28 1177 91 1204 ἀλλὰ
106 1176 154 1204 τοῦ
170 1175 329 1210 Πνεύματος
341 1170 362 1208 ᾧ
376 1173 489 1208 ἄγομαι,
506 1173 523 1207 ἡ
535 1172 619 1205 αἰτία,
632 1171 679 1198 τοῦ
697 1169 814 1204 ἀλλαχοῦ

28 1224 94 1258 ἢπερ
105 1221 257 1256 ἐϐουλόμην
270 1219 468 1254 ἄξαντος.”ορα
479 1217 508 1244 δὲ
521 1218 626 1251 σοφίαν·
639 1217 706 1252 ὅπερ
719 1216 744 1242 οἱ
756 1215 814 1241 δια-

30 1269 167 1299 ϐάλλοντες
176 1268 312 1301 πρόφασιν
319 1265 452 1300 λοιδορίας
462 1263 613 1295 ἐποιοῦντο,
622 1263 652 1289 τὸ
661 1262 814 1297 ὑποσχόμε-

29 1323 69 1342 νον
93 1315 129 1349 μὴ
147 1313 246 1344 ἐλθεῖν,
260 1311 339 1338 τοῦτο
351 1311 430 1341 αὐτὸς
446 1310 581 1345 πρόρασιν
598 1308 737 1343 ἐγκωμίου
755 1315 815 1333 ποι-

30 1362 104 1394 εῖται,
119 1360 151 1386 τὸ
170 1359 206 1394 μὴ
222 1358 388 1391 ἑξουσιάζειν
413 1355 527 1387 ἑαυτοῦ,
552 1355 610 1382 ἀλλ’
628 1353 744 1387 ἄγεσθαι
763 1353 815 1378 ὑπὸ

30 1406 71 1434 τοῦ
94 1405 256 1440 “vstitu-to;
268 1404 334 1430 ὅπου
347 1402 421 1437 αὐτῷ
442 1402 522 1434 δήξεισ
542 1410 552 1426 ι
567 1400 601 1426 Ἣ
615 1399 632 1426 ἃ
653 1398 815 1434 βουλεύομαι

30 1452 96 1480 κατὰ
108 1453 199 1487 σάρκα
214 1444 394 1486 βουλὲύομαη
415 1457 425 1474 ι
444 1463 478 1468 -
491 1446 594 1484 [ΦΩΤ]
614 1445 759 1480 Ἀποροῦσὶ
776 1452 816 1470 τι-

31 1508 69 1531 νες
81 1499 224 1532 λέγοντες·
242 1497 356 1530 Πότερον
368 1495 385 1522 ἃ
400 1494 524 1529 βούλεται
541 1492 647 1523 Παῦλος
667 1491 712 1517 καὶ
733 1491 817 1523 ἑπαγ-

31 1544 152 1579 γέλλεται
167 1542 233 1578 περὶ
240 1541 292 1568 τῶν
305 1541 353 1574 τῆς
361 1541 476 1571 πίστεως
483 1539 635 1572 δογμάτων,
644 1536 714 1563 κατὰ
725 1535 814 1570 σάρκα

32 1591 151 1627 βούλεται
168 1592 214 1617 καὶ
227 1588 434 1623 ἐπαγγέλλεται,
461 1587 478 1621 ἢ
493 1586 563 1612 κατὰ
579 1584 696 1618 πνεῦμα.
714 1583 744 1610 Et
757 1582 812 1617 γὰρ

32 1638 96 1666 κατὰ
110 1637 233 1671 πνεῦμα,
262 1635 310 1662 οὐκ
324 1634 400 1661 ἔσται
416 1632 498 1660 αὑτοῦ
513 1632 553 1664 τὸ,
586 1640 595 1656 ι
615 1630 668 1657 Ναὶ
683 1629 743 1661 ναὶ,
765 1628 814 1655 καὶ

33 1685 68 1717 τὸ,
86 1683 135 1717 Οὒ,
161 1683 205 1710 οὗ.
226 1692 236 1708 ›
253 1682 284 1708 Ei
311 1681 340 1707 δὲ
354 1680 423 1706 κατὰ
449 1679 550 1714 σάρκα,
581 1677 638 1708 πῶς
663 1676 734 1706 θεῖα,
756 1675 814 1706 πῶς

34 1729 202 1765 πλευματικα
213 1736 220 1761 ;
233 1728 259 1754 τί
271 1725 326 1759 οὖν,
339 1726 437 1760 φασίν;
451 1726 491 1751 ὅτι
504 1724 567 1759 περὶ
578 1723 631 1751 τῶν
639 1722 688 1756 τῆς
698 1721 816 1751 πίστεως

33 1777 183 1811 δογμάτων,
200 1774 263 1801 οὔτε
281 1783 307 1800 τι
324 1771 519 1806 ἐπαγγέλλεται
536 1768 696 1802 αὑτὸς,οῧτε
709 1777 736 1794 τι
754 1767 817 1802 βου-

34 1823 144 1850 λεύεται.
161 1820 323 1849 Δεσποτικαὶ
338 1819 392 1854 γὰρ
406 1819 434 1844 αἱ
461 1816 634 1851 ἐπαγγελίαι,
647 1814 695 1842 καὶ
709 1815 757 1848 τῆς
769 1821 817 1847 με-

35 1869 114 1903 γάλης
131 1867 232 1903 βουλῆς
244 1867 278 1893 1'1
294 1864 475 1901 βουλεύματα.
493 1861 589 1896 Κῆρυξ
605 1861 632 1887 δὲ
650 1860 730 1895 μόνον
744 1860 818 1885 ἐστὶν

35 1915 164 1946 ὁΠαῦλος
185 1914 234 1940 καὶ
259 1912 396 1942 διάκονος,
411 1910 448 1941 ὡς
471 1909 517 1935 καὶ
539 1907 619 1938 αὐτός
641 1914 718 1940 φησι,
738 1914 746 1930 ι
767 1913 818 1939 μν-

37 1963 150 1996 στηρῖων
179 1958 308 1995 Χριστοῦ.
326 1967 336 1984 ι
369 1956 490 1986 Εἰκότως
505 1952 550 1981 οὖν
565 1952 645 1984 αὐτὸς
667 1952 696 1983 ἐξ
722 1949 819 1976 ἑαυτοῦ

36 2008 95 2043 περὶ
117 2006 224 2034 τούτων
247 2004 308 2032 οὔτε
340 2003 495 2039 βουλεύεται
521 2000 583 2027 οὔτε
611 1997 818 2032 ἐπαγγέλλεται.

42 2054 107 2080 1Δλλ’
126 2055 151 2080 εί
165 2053 230 2087 περὶ
242 2052 296 2078 τῶν
307 2051 354 2085 τῆς
369 2049 487 2080 πίστεως
498 2047 642 2081 δογμάτων
655 2045 705 2071 οὐκ
718 2043 821 2076 ἔξεστιν

38 2100 218 2136 αύτῴ,φασὶν,
229 2098 290 2124 οὔτε
309 2094 505 2131 βουλεύσασθαι
520 2093 582 2119 οὕτε
594 2089 821 2124 ἐπαγγείλασθαι,

860 260 956 286 dae-am.
971 267 980 283 ι
1008 257 1036 284 In
1060 257 1149 292 priore
1169 256 1288 290 Epistola
1317 255 1446 282 dixerat:
1467 252 1500 280 Ut
1527 259 1575 279 vos
1603 260 1647 279 me

858 304 1002 332 deducatis
1025 311 1189 337 quocunque
1207 301 1375 337 proficiscar.
1398 308 1470 326 nunc
1491 306 1554 326 vero
1578 297 1646 325 dicit

859 357 914 384 quo
931 349 1103 385 profecturus
1116 353 1185 379 erat,
1200 355 1298 381 nempe
1310 347 1335 372 in
1354 345 1486 372 Judaaam.
1503 343 1645 379 Siquidem

860 400 926 423 tunc
941 395 1084 430 ignorabat
1105 402 1160 428 quo
1181 394 1268 427 ipsum
1288 392 1396 426 inberet
1423 390 1542 425 Spiritus
1567 388 1648 424 proli-

860 442 926 469 cisci
953 450 960 468 :
984 448 1059 467 nunc
1091 446 1180 466 autem
1205 439 1260 472 jam
1285 437 1418 464 audierat.
1447 436 1526 463 Vides
1555 435 1647 468 itaque

860 487 951 522 ipsum
966 487 1091 520 ubiqnea
1107 485 1208 520 Spiritu
1225 484 1305 511 duci?
1323 493 1331 509 ι
1354 483 1409 510 lloc
1423 484 1504 518 igitur
1517 490 1577 509 eum
1592 486 1648 507 sta-

862 532 985 559 tuissem.
1010 540 1019 556 ›
1037 531 1106 558 Cum
1128 530 1209 564 igitur
1231 529 1282 556 hoc
1296 529 1463 559 statuissem,
1492 534 1588 560 nempe
1603 533 1650 553 vc-

860 577 919 603 nire
947 576 980 603 ad
1001 582 1059 606 vos,
1090 582 1170 609 quant
1199 573 1235 600 ob
1262 580 1318 600 rem
1356 580 1410 598 non
1441 571 1522 598 veni?
1547 571 1588 596 An
1621 569 1646 596 id

862 622 942 648 omisi
976 626 1104 653 tanquam
1133 619 1200 646 levis
1230 622 1257 645 et
1290 617 1436 649 instabilis,
1463 616 1565 649 quique
1585 621 1647 647 pro-

862 668 928 702 priis
937 666 1094 694 contrarius
1104 667 1153 692 sim
1166 662 1358 691 sermonibus?
1371 662 1558 696 Nequaquam.
1567 659 1648 694 602

861 715 931 748 Quid
957 714 1039 748 igitur
1062 713 1089 740 in
1107 719 1190 739 cau<a
1211 711 1279 738 fuit?
1304 710 1372 743 Quia
1398 717 1458 743 qua:
1481 713 1589 739 statuo.
1607 709 1650 734 in-

861 761 930 796 quit,
960 767 1014 786 non
1050 758 1200 786 secundum
1237 764 1347 784 carnem
1387 760 1498 785 statuo,
1534 759 1563 780 ut
1595 755 1650 781 sint

861 807 931 841 apud
953 813 994 832 me
1016 806 1103 832 Etiam
1122 803 1221 835 Etiam,
1254 806 1281 830 et
1308 801 1367 827 Non
1387 800 1446 827 Non
1466 809 1473 826 ε
1494 800 1564 834 quod
1593 799 1652 832 ipse

863 853 1059 887 interrogative
1086 851 1188 886 posuit.
1217 849 1249 876 Et
1269 849 1331 876 vide
1356 848 1423 883 quid
1440 847 1515 874 velit.
1543 846 1651 874 Carnis.

864 902 960 935 inquit,
977 901 1058 927 homo
1074 905 1100 926 et
1116 897 1268 926 secundum
1281 905 1391 924 carnem
1408 899 1542 926 statuens,
1559 899 1587 920 ut
1604 893 1652 927 qui

863 948 896 975 ad
912 955 942 974 ea
955 954 1014 981 quae
1028 945 1132 980 agenda
1144 949 1208 972 sunt
1225 952 1279 972 non
1295 944 1407 972 ducitur
1417 942 1578 978 operatione
1591 939 1654 974 Spi-

863 994 942 1027 ritus,
967 994 990 1020 is
1008 994 1050 1021 sui
1072 993 1201 1020 dominus
1232 995 1285 1023 est.
1309 992 1389 1026 eique
1407 990 1522 1017 liberum
1549 992 1591 1015 est
1615 987 1655 1014 ire

863 1049 917 1076 quo
930 1040 1047 1067 voluerit
1061 1048 1068 1066 :
1083 1039 1128 1074 qui
1145 1046 1209 1066 vero
1221 1047 1235 1065 a
1253 1038 1356 1073 Spiritu
1369 1037 1489 1066 ducitur,
1509 1034 1572 1062 huic
1586 1034 1654 1061 libe-

865 1094 923 1114 rum
941 1094 993 1113 non
1007 1091 1050 1113 est
1065 1086 1104 1112 ire
1118 1093 1173 1120 quo
1188 1085 1253 1112 velit
1271 1093 1277 1112 ε
1293 1083 1427 1119 siquidem
1444 1082 1559 1109 Domino
1573 1081 1656 1108 Para-

865 1133 937 1160 cleto
952 1132 1093 1165 subjectus
1104 1135 1157 1162 est.
1176 1131 1291 1165 ejusque
1313 1130 1391 1157 nntui
1410 1128 1522 1156 obedire
1537 1126 1656 1161 cogitur.

865 1178 958 1213 Itaque
973 1186 1026 1206 non
1051 1182 1181 1212 tanquam
1207 1176 1356 1208 instabilis,
1379 1175 1445 1202 levis
1467 1177 1515 1200 aut
1540 1171 1657 1199 mendax

865 1224 958 1251 venire
971 1223 1064 1251 diStuli
1079 1232 1086 1250 :
1100 1223 1147 1250 sed
1164 1222 1296 1257 Spiritus,
1312 1229 1326 1248 a
1348 1228 1403 1256 quo
1417 1220 1513 1251 ducor,
1532 1219 1558 1245 in
1573 1223 1656 1244 causa

868 1271 927 1302 fuit,
941 1270 985 1304 qui
1001 1269 1055 1296 alio
1073 1276 1154 1303 quant
1173 1272 1321 1295 statueram
1336 1274 1379 1293 me
1405 1265 1492 1292 duxit.
1508 1262 1658 1291 Considera

867 1323 931 1343 vero
950 1315 1111 1350 sapientiam
1132 1323 1139 1341 :
1157 1313 1232 1348 quod
1253 1311 1467 1339 calumniatores
1485 1315 1595 1336 causam
1619 1306 1658 1332 l‘a-

867 1362 975 1389 ciebant
989 1361 1113 1392 convitii,
1137 1367 1235 1393 nempe
1250 1358 1322 1392 quod
1339 1364 1400 1384 cum
1417 1355 1588 1390 promisisset
1605 1360 1658 1379 non

868 1409 996 1440 venisset,
1010 1407 1061 1434 hoc
1077 1407 1134 1441 ipse
1144 1405 1320 1433 occasionem
1337 1403 1425 1430 reddit
1441 1399 1559 1428 encomii
1573 1407 1580 1425 :
1595 1402 1659 1432 puta

868 1454 939 1489 quod
952 1454 993 1481 sui
1006 1452 1091 1487 ipsius
1106 1454 1267 1486 potestatein
1279 1456 1332 1475 non
1344 1447 1452 1477 habeat,
1465 1444 1511 1472 sed
1527 1451 1542 1470 a
1558 1442 1660 1477 Spiritu

868 1500 985 1527 ducatur
1003 1504 1167 1532 quocunque
1189 1496 1227 1522 illi
1253 1494 1341 1521 visum
1368 1492 1460 1519 fuerit.
1478 1499 1487 1516 ι
1516 1490 1570 1516 Aut
1594 1495 1658 1514 num

827 1555 848 1584 ο
869 1552 929 1579 (μω
941 1547 1043 1574 statuo,
1057 1540 1208 1569 secundum
1223 1545 1333 1566 carnem
1349 1535 1457 1564 statuo?
1468 1544 1516 1561 ›-
1528 1533 1661 1559 lla-sitam

864 1591 974 1626 quidam
983 1589 1104 1617 dicentes
1117 1597 1123 1614 :
1137 1587 1232 1614 Utrum
1242 1592 1304 1619 quae
1315 1583 1408 1611 statuit
1419 1581 1521 1608 Paulus
1532 1584 1578 1606 aut
1594 1585 1661 1612 pro-

865 1637 948 1664 mittit
973 1635 1006 1662 de
1023 1634 1083 1662 ﬁdei
1106 1631 1253 1667 dogmatis,
1272 1629 1423 1658 secundum
1440 1634 1550 1655 carnem
1564 1623 1658 1652 statuit

865 1691 897 1711 ac
906 1682 1049 1718 promittit,
1061 1688 1095 1707 an
1106 1678 1256 1707 secundum
1268 1675 1414 1711 spiritum?
1428 1681 1490 1701 nam
1521 1671 1543 1700 si
1560 1677 1663 1697 secun-

867 1717 931 1758 dum
944 1730 1082 1765 splritum,
1093 1735 1145 1754 non
1161 1727 1213 1754 erit
1231 1725 1317 1759 ipsius
1327 1733 1336 1749 ι
1348 1723 1433 1750 Etiam
1445 1721 1543 1752 Etiam,
1561 1722 1588 1746 et
1604 1717 1662 1744 Non

873 1777 949 1809 Non;
967 1786 976 1802 ι
988 1776 1010 1802 si
1021 1782 1084 1801 vero
1098 1772 1248 1801 secundum
1258 1777 1379 1801 carnem,
1389 1766 1526 1803 quomodo
1534 1764 1663 1799 spiritua-

869 1824 918 1851 lia.
935 1822 1006 1855 Quid
1022 1828 1098 1855 ergo,
1115 1819 1256 1853 inquiunt,
1271 1814 1438 1844 dicendum?
1455 1812 1532 1846 Quod
1548 1811 1581 1839 de
1603 1809 1664 1838 lidei

873 1869 1009 1905 dogmatis
1017 1875 1105 1901 neque
1113 1867 1171 1901 ipse
1178 1864 1327 1900 quidquam
1337 1861 1481 1896 promittit,
1492 1866 1579 1892 neque
1586 1857 1665 1892 quid-

870 1923 950 1950 quam
969 1914 1084 1945 statuit,
1106 1915 1170 1939 sunt
1198 1910 1271 1937 enitn
1299 1907 1442 1936 Dominica
1468 1905 1614 1940 promissa,
1639 1911 1666 1933 εἰ

870 1958 961 1993 magni
987 1958 1061 1985 illius
1085 1955 1192 1983 consilii
1217 1955 1337 1980 decreta.
1362 1951 1456 1978 Pramo
1479 1953 1582 1976 tantum
1623 1950 1666 1974 est

874 2005 975 2032 Paulus
992 2011 1024 2030 ac
1042 2003 1180 2032 minister.
1199 2000 1273 2027 sicut
1287 1998 1345 2032 ipse
1361 1998 1419 2029 ait,
1443 2005 1451 2022 ι
1469 1994 1664 2030 mysteriorum

873 2050 976 2077 Christi
993 2049 1025 2076 ὀ.
1044 2058 1053 2074 ι
1080 2048 1137 2082 Ipse
1163 2047 1253 2080 itaque
1268 2044 1368 2072 merito
1393 2051 1425 2069 ex
1452 2042 1542 2075 seipso
1568 2039 1601 2066 de
1621 2039 1666 2065 his

874 2097 957 2124 rebus
968 2102 1057 2130 neque
1072 2093 1169 2122 statuit
1184 2099 1271 2126 neque
1281 2089 1425 2125 promittit.
1441 2087 1494 2115 Sed
1514 2086 1535 2114 si
1552 2085 1586 2113 de
1604 2084 1665 2112 ﬁdei

39 2133 104 2172 κατᾶ
119 2146 212 2180 σάρκα
239 2143 270 2169 δὲ
283 2143 313 2168 οὐ
329 2141 367 2169 δεῖ
385 2140 465 2167 πάλιν
478 2139 558 2166 αὑτὸν
577 2135 778 2172 βουλεύεσθαι(

930 2141 1059 2171 matibus.
1076 2139 1215 2173 inquiunt,
1243 2144 1295 2163 non
1321 2136 1383 2162 licet
1411 2133 1462 2168 ipsi
1485 2136 1605 2160 statuere
1619 2135 1666 2157 aut

38 2191 87 2225 γὰρ
101 2191 228 2220 κάκεῖνος
236 2187 427 2222 ἀποπέμπεται
443 2184 522 2212 τοῦτο
537 2185 566 2210 ὲν
582 2183 621 2218 τῷ
635 2183 735 2215 λέγειν’
756 2182 777 2207 Ὶ

928 2189 1046 2218 mittere,
1071 2185 1222 2213 secumlum
1247 2190 1356 2209 carnem
1383 2188 1447 2206 vero
1474 2185 1581 2204 rursum
1611 2183 1664 2203 non

41 2220 198 2270 βουλεύομαι
210 2233 281 2260 κατὰ
290 2220 379 2268 σάρκα
395 2230 556 2266 βουλεύομαι
567 2231 587 2264 ;)
601 2237 607 2244 ·
625 2229 648 2255 εί
663 2227 710 2254 οὖν
727 2227 755 2253 ἐν
772 2236 780 2261 ι.

927 2237 985 2260 ιτιοι
1006 2240 1068 2259 eum
1091 2234 1212 2258 statuere
1236 2227 1382 2262 (siquidem
1406 2226 1463 2259 ipse
1487 2229 1596 2258 quoque
1615 2222 1666 2248 hoc

40 2283 155 2318 δεῖέροις
172 2279 327 2316 βουλεύεται
352 2277 595 2314 ῆέπαγγέλλεται,
623 2275 652 2301 ὲν
674 2273 746 2300 τίσιν
770 2273 824 2308 ἄρα

40 2328 102 2359 ὅλως
116 2327 272 2362 βουλεύεται
288 2325 305 2361 ἢ
323 2325 371 2356 τὰς
386 2322 550 2357 ἐπαγγελίας
562 2321 705 2356 ποιήσεται
716 2328 723 2353 ;
735 2319 825 2353 Φαμὲν

41 2372 93 2406 οὖν,
108 2375 149 2400 ὅτι
160 2373 217 2399 ἐστι
232 2372 293 2398 θεῖα
313 2371 360 2397 καὶ
370 2368 538 2404 ἀνθρώπινα,
553 2367 582 2402 ἥ,
594 2368 618 2393 εί
631 2366 731 2401 βούλει,
744 2373 827 2391 πνευ-

43 2419 148 2454 ματικὰ,
167 2419 213 2444 καὶ
230 2416 360 2452 σαρκικὰ.
376 2415 429 2442 Καὶ
455 2414 508 2440 τῶν
521 2412 713 2448 πνευματικῶν
726 2411 754 2437 δέ
767 2412 827 2437 ἐστι

42 2465 153 2500 διαφορὰ
174 2464 270 2498 πολλή.
295 2462 375 2489 Ἀλλὰ
395 2461 463 2493 τέως
491 2459 560 2495 πρὸς
581 2459 611 2485 τὺ
635 2457 823 2493 προκείμενον.

42 2511 79 2538 Τὰ
102 2511 153 2545 μέν
166 2511 235 2537 εἰσιν
254 2508 360 2542 ἀρεταί,
377 2507 410 2534 τὰ
425 2507 453 2533 δὲ
469 2506 549 2537 αὐτὸς
563 2506 577 2531 ὁ
590 2503 637 2530 τοῦ
650 2504 826 2538 κηρύγματος

43 2556 126 2590 λόγος,
143 2556 177 2582 τὰ
191 2555 219 2582 δὲ
231 2555 280 2581 οὐκ
297 2554 378 2585 αὐτὸς
390 2553 439 2588 μὲν
453 2548 543 2582 οὗτος,
555 2550 611 2577 ἀλλ’
624 2550 697 2584 ὅμως
711 2549 826 2579 ἐκείνοις

43 2601 167 2637 ἁρμόζων
183 2601 209 2628 οἳ
227 2601 274 2627 καὶ
295 2601 341 2627 τὸν
353 2599 400 2626 τοῦ
415 2598 594 2633 κηρύγματος
611 2596 689 2630 λόγον
714 2595 827 2629 παρεδέ-

43 2647 128 2680 ξαντο,
142 2648 160 2674 ἃ
175 2648 223 2673 καὶ
234 2646 332 2680 Παύλῳ
345 2646 433 2679 ἔξεστι
453 2646 498 2672 καὶ
513 2643 688 2679 βουλεύεσθαι
710 2643 756 2669 καὶ
767 2642 824 2668 δια-

43 2693 192 2720 τάττεσθαι.
209 2692 265 2720 Καὶ
279 2692 334 2726 γάρ
348 2700 440 2726 φησιν,
458 2699 467 2716 ι
494 2689 643 2723 Ἐπιταγὴν
659 2687 761 2723 Κυρίου
777 2687 826 2713 οὐκ

44 2739 105 2775 ἔχω,
118 2740 231 2775 γνώμην
253 2739 281 2766 δὲ
298 2738 405 2772 δίδωμι,
433 2737 469 2770 ὡς
484 2735 631 2772 ἠλεημένος
657 2734 709 2761 ὑπὸ
724 2733 827 2768 Κυρίου

45 2786 135 2818 πιστὸς
146 2784 224 2812 εἶναι.
244 2795 254 2812 ι

877 2267 978 2313 rejicit,
996 2277 1059 2304 dum
1075 2277 1113 2303 ait
1128 2284 1135 2302 :
1153 2284 1162 2300 ι
1179 2275 1233 2301 Aut
1252 2281 1316 2300 num
1327 2279 1386 2306 quae
1395 2275 1497 2301 statuo.
1516 2267 1666 2296 secundum

877 2331 988 2351 carnem
1004 2326 1095 2349 statuo
1107 2321 1128 2355 ⁸1)
1142 2328 1150 2354 ;
1163 2320 1186 2348 si
1201 2326 1265 2353 ergo
1278 2319 1305 2345 in
1319 2316 1423 2344 neutris
1438 2314 1534 2342 statuit
1546 2317 1591 2339 aut
1605 2319 1667 2345 pro-

879 2370 972 2401 mittit,
993 2370 1019 2395 in
1043 2368 1142 2402 quibus
1158 2373 1221 2400 ergo
1237 2365 1348 2391 omnino
1370 2366 1471 2389 statuet
1487 2364 1533 2387 aut
1552 2358 1669 2394 promis-

879 2417 970 2444 siones
986 2414 1083 2442 faciet?
1097 2413 1219 2440 Dicimus
1231 2418 1295 2445 ergo
1309 2408 1380 2444 quod
1393 2406 1566 2436 suntdivina,
1577 2409 1604 2431 et
1616 2405 1668 2431 ltu-

877 2470 966 2493 mana,
982 2464 1030 2488 aut
1041 2460 1063 2487 si
1074 2459 1171 2490 mavis,
1186 2456 1340 2492 spiritualia
1350 2452 1505 2481 ctcarnalia
1521 2451 1670 2486 :spiritua-

878 2508 943 2534 lium
967 2512 1074 2539 quoque
1097 2510 1194 2537 magna
1215 2507 1257 2528 cst
1277 2500 1416 2527 varietas:
1444 2497 1492 2524 sed
1508 2496 1615 2522 interim
1637 2494 1669 2520 ad

878 2552 1059 2588 propositum.
1075 2548 1126 2576 llic
1157 2548 1267 2582 quidem
1294 2544 1506 2573 considerantur
1542 2541 1670 2570 virtutes,

877 2599 912 2626 ibi
924 2605 986 2624 vero
1002 2598 1058 2631 ipse
1075 2593 1276 2630 przedimtionis
1292 2599 1382 2619 sermo
1402 2599 1410 2617 :
1424 2588 1488 2616 alibi
1503 2594 1590 2613 autem
1616 2592 1669 2611 non

880 2643 988 2679 quidem
1003 2642 1073 2669 idem
1084 2642 1152 2676 ipse,
1168 2639 1214 2667 sed
1227 2643 1317 2664 tamen
1329 2640 1464 2671 quatenus
1478 2632 1558 2668 603
1571 2638 1671 2665 oppor-

884 2694 949 2715 tuna
966 2687 1076 2722 adoptat
1102 2686 1135 2712 iis
1155 2685 1202 2719 qui
1219 2681 1423 2718 praedicationis
1438 2685 1592 2706 sermonem
1608 2682 1668 2702 Sus-

883 2739 1022 2769 eeperant,
1038 2732 1064 2759 in
1080 2731 1180 2766 quibus
1195 2729 1280 2756 Paulo
1297 2728 1361 2755 licet
1380 2730 1406 2752 ct
1423 2728 1544 2752 statuere
1561 2727 1587 2748 ct
1603 2729 1672 2756 pne-

883 2768 984 2814 cipere.
1003 2778 1121 2810 Etenim,
1142 2786 1150 2802 ι
1172 2775 1354 2808 Praeceptum,
1368 2770 1468 2805 inquit,
1484 2768 1589 2796 Domini
1616 2773 1671 2794 non

46 2833 139 2864 habeo.
160 2835 304 2861 mnsilium
324 2839 413 2860 tamen
437 2832 480 2864 ιΙο,
509 2836 639 2866 tanquam
666 2826 881 2858 misericordiam
898 2829 1063 2852 consecutus
1083 2831 1097 2850 a
1119 2821 1245 2853 Domino,
1272 2819 1305 2847 ad
1344 2818 1395 2844 hoc
1434 2820 1463 2842 ut
1501 2820 1590 2841 essem
1635 2818 1669 2838 n-

46 2879 109 2905 dch
125 2879 156 2903 ".
179 2889 186 2903 ι

79 2922 100 2938 "’
120 2923 130 2950 l
155 2923 215 2950 Cor.
230 2931 265 2955 IV,
287 2923 310 2950 l.
368 2923 386 2938 ”
407 2922 495 2950 lCor.
