1872 3053
226 141 277 173 931

756 145 954 176 CECUMENII
969 146 1114 177 TBICCE
1127 148 1299 178 EPISCOPI

1799 154 1846 184 932

225 210 276 237 per
293 210 344 230 nos
359 202 403 230 Dei
419 202 505 238 gloria
521 207 663 238 augeatur.
679 201 732 229 Aut
766 203 813 230 hoc
831 204 916 230 modo.
927 203 1006 236 Quot-

1101 207 1121 231 ιί
1144 208 1203 238 ταῖς
1229 207 1342 238 οἰκείαις
1356 207 1462 234 δίδωσιν
1480 208 1668 243 ἐπαγγελίαις,
1688 209 1723 236 δι’
1740 211 1816 245 ἡμῶν
1828 212 1850 238 ἃ

226 253 291 282 quot
303 249 374 275 enim
391 248 587 283 promissiones
613 248 660 275 Dei
679 252 754 280 sunt,
773 256 820 283 per
844 249 934 284 ipsum
966 250 1014 276 ha-

225 294 290 322 bent
308 304 316 320 ι
337 294 434 327 Etiam,
451 298 478 321 et
504 295 590 321 Amen
611 302 659 329 per
688 302 748 326 nos.
772 305 781 320 ι
802 302 833 322 ac
851 296 872 323 si
889 296 1012 322 diceret:

224 340 285 375 Ipse
304 341 412 374 quidem
430 341 488 367 suis
512 339 742 374 promissionihus
763 341 808 367 dat
825 340 913 367 Etiam
933 351 940 368 :
962 350 1011 376 per

225 393 275 412 nos
288 391 377 412 autem
390 386 440 411 hoc
458 385 531 418 facit,
546 391 574 412 ut
591 385 759 420 gloriﬁcetur
778 387 859 420 Deus,
874 388 945 421 quod
964 395 1012 422 per

223 430 348 457 homines
360 434 433 456 tanta
448 430 540 457 faciat.

258 475 277 505 Ι,
293 475 386 501 21-25,
403 475 487 502 Porro
511 476 556 510 qui
573 475 713 509 conﬁrmat
732 485 778 504 nos
796 486 848 504 uua
873 478 1008 505 uobiscum

222 519 249 544 iu
266 518 411 552 Christum,
429 525 452 546 et
466 521 510 555 qui
527 521 602 547 unxit
620 529 678 552 nos,
708 521 790 553 Deus,
808 523 853 557 qui
867 525 948 550 etiam
964 524 1010 550 ob-

222 563 334 598 signauit
349 572 406 595 nos,
433 565 555 600 deditque
572 566 680 592 arrltam
709 567 825 601 Spiritus
844 569 870 596 iu
887 570 1010 597 cordibus

223 610 334 635 nostris.
351 609 406 644 Ego
435 619 494 637 vero
513 616 603 638 testem
630 613 717 639 invoco
745 614 827 640 L‘cum
844 615 871 641 iu
892 616 1008 642 animant

220 662 318 687 meum,
332 655 400 690 quod
430 663 541 690 parcens
556 657 628 684 vobis
646 659 762 685 nondum
780 661 892 687 venerint
914 661 1009 688 Coriu-

221 700 293 726 tlmm
309 709 318 727 :
336 709 388 727 non
401 701 470 736 quod
483 702 650 729 dominentur
667 704 730 738 ﬁdei
743 710 848 739 vestris,
861 707 906 734 sed
924 708 1006 742 adju-

220 751 289 772 tores
303 755 395 773 sumus
411 748 502 781 gaudii
519 749 609 775 vestri.
625 748 696 776 Nam
707 750 759 784 ﬁde
774 752 865 778 statis.

253 792 336 827 606
349 793 483 825 Quoniam
499 794 569 820 dixit
584 802 592 821 :
607 794 658 822 Per
673 803 727 823 nos
745 797 917 831 complentur
942 805 1005 832 pro-

221 838 380 870 missiones,
403 839 600 874 interpretatur
626 841 704 874 illud,
728 847 754 868 et
779 842 818 869 ait
836 851 843 869 ε
863 842 1003 878 Tanquam

1064 251 1143 278 τοῦτο
1163 254 1243 284 ποιεῖ,
1259 254 1298 284 εις
1311 253 1341 279 τὸ
1358 253 1520 289 δοξασθῆναι
1543 256 1586 282 τὸν
1607 256 1684 289 Θεὸν,
1708 257 1751 284 ὅτι
1765 257 1797 284 δι’
1811 259 1849 284 ἁν-

1065 296 1182 331 θρώπων
1194 299 1312 325 τοσαῦτα
1331 301 1410 326 ποιεῖ.

1103 476 1129 501 '0
1143 475 1177 501 δὲ
1188 475 1318 507 βεϐαιῶν
1331 475 1409 510 ἡμᾶς
1424 476 1485 502 σὺν·
1499 476 1570 511 ἡμῖν
1583 478 1626 510 εις
1640 478 1784 511 Χριστὸν,
1806 480 1848 504 καὶ

1059 521 1169 556 χρίσας
1185 521 1263 555 ἡμᾶς
1280 522 1361 554 Θεὸς,
1379 523 1395 548 ὀ
1415 521 1465 549 καὶ
1489 523 1738 558 σφραγισάμενος
1764 524 1848 558 ἡμᾶς,

1059 567 1108 593 καὶ
1124 566 1196 600 δοὺς
1217 568 1270 594 τὸν
1293 569 1449 603 ἀρῤαὕῶνα
1469 572 1521 598 τοῦ
1547 573 1721 607 Πνεύματος
1735 573 1772 600 ἐν
1790 574 1849 606 τατς

1060 613 1193 646 καρδίαις
1207 613 1300 647 ἡμῶν.
1327 615 1400 651 Ἐγὼ
1417 615 1450 643 δὲ
1461 617 1596 652 μάρτῳα
1623 618 1677 645 τὸν
1695 620 1772 646 Θεὸν
1787 619 1847 645 ἐπι-

1060 659 1207 693 καλοῦμαι
1227 659 1276 685 ex!
1292 660 1349 693 τὴν
1374 661 1451 696 ἐμὴν
1476 662 1592 696 ψυχὴν,
1617 664 1660 690 ὅτι
1674 664 1847 698 φειδόμειίς

1060 702 1152 736 ὑμῶν,
1168 705 1222 730 οὐκ
1239 704 1282 731 ἑτι
1298 703 1393 740 ἦλθον
1415 708 1458 740 εις
1479 708 1635 741 Κόρινθον.
1651 710 1713 742 οὐχ
1730 709 1776 735 ἔτι
1801 718 1848 736 χι·-

1053 750 1195 783 ριεύομεν
1228 750 1312 785 ὑμῶν
1341 751 1396 785 τῆς
1427 753 1568 786 πίστεως,
1593 754 1674 781 ἀλλὰ
1705 756 1848 789 συνεργεῖ

1056 795 1150 829 ἐσμεν
1159 795 1214 830 τῆς
1228 796 1321 830 χαρᾶς
1336 797 1430 832 ὑμῶν.
1450 798 1490 832 Τῇ
1502 800 1557 833 γὰρ
1574 801 1672 826 πίστει
1687 800 1845 833 ἑστήκατε.

1099 841 1206 875 Ἐπειδὴ
1223 839 1294 868 εἶπε·
1306 843 1344 869 Δι’
1357 843 1434 877 ἡμῶν
1449 844 1615 880 πληροῦνται
1630 847 1658 872 αἱ
1672 847 1845 880 ἐπαγγελίαι.

220 889 268 917 per
284 890 334 909 nos
350 883 458 917 quidem
475 885 523 919 qui
541 885 657 912 ministri
675 894 781 918 sumus.
797 887 873 920 facit,
893 889 950 922 ipse
963 894 1004 916 la-

1101 886 1260 920 ηδιορθοῦται
1273 889 1350 921 αὐτὸ,
1364 889 1411 915 καί
1425 899 1519 925 φησιν·
1543 892 1586 923 Ὡς
1605 892 1638 918 δι’
1649 892 1728 927 ἡμῶν
1741 893 1792 928 μὲν
1806 894 1845 919 ὅκ-

223 934 285 954 men
302 927 394 959 Pater,
414 937 422 953 ι
439 928 490 961 Qui
518 930 662 957 conﬁrmat
675 939 736 964 nos,
759 941 768 958 ›
796 936 822 960 et
845 933 889 967 qui
919 935 1003 967 dedit,

217 973 336 1006 complet
352 980 416 1000 suas
443 975 654 1008 promissioues.
676 993 709 998 —
730 977 809 1010 Quod
835 979 873 1006 ait
889 989 896 1006 :
915 988 923 1004 ι
952 979 1003 1013 Qui

217 1018 363 1045 conﬁrmat
392 1027 453 1052 nos,
485 1029 495 1046 ›
520 1026 547 1048 et
565 1027 636 1054 σεεμ,
662 1027 708 1049 aut
733 1031 780 1058 per
803 1024 939 1052 defectum
965 1026 1006 1052 di-

218 1067 292 1090 ctum
309 1071 363 1096 e51,
381 1069 410 1092 ιιι
424 1066 494 1093 desit
506 1066 611 1102 integra
628 1070 774 1101 sententia,
796 1074 843 1096 aut
864 1078 913 1105 per
924 1071 1001 1098 defe-

215 1114 290 1137 ctum
306 1111 391 1138 solius
403 1111 533 1139 dictionis
550 1112 609 1146 Est,
625 1119 688 1147 puta
703 1123 710 1141 :
728 1114 779 1148 Qui
795 1116 938 1143 conﬁrmat
952 1124 1001 1144 nos

215 1157 324 1191 aliaque
340 1157 415 1190 facit,
441 1157 515 1185 Deus
534 1163 587 1186 est.
611 1160 690 1192 Quod
705 1162 727 1188 si
744 1162 786 1188 sic
802 1169 849 1196 per
864 1161 999 1190 defectum

215 1201 253 1229 sit
269 1201 410 1235 dictionis,
437 1206 546 1237 oportet
570 1203 776 1232 distinctionem
794 1213 896 1241 ponere
911 1206 946 1233 ad
959 1207 1000 1234 di-

213 1247 329 1280 ctioues,
348 1257 357 1273 ι
377 1248 427 1280 Qui
447 1249 525 1275 unxit
540 1256 600 1282 “Os,
622 1259 631 1275 ι
649 1255 677 1276 ιιι
692 1255 894 1285 consequenter
908 1253 1000 1286 perfe-

212 1297 255 1320 cta
271 1293 448 1322 distinctione
464 1295 649 1330 subjungatur
665 1295 748 1329 Deus,
769 1301 798 1323 ut
821 1299 856 1325 sit
872 1306 971 1326 sensus
989 1309 996 1327 :

213 1341 285 1368 Deus
301 1344 343 1368 est
359 1342 406 1375 qui
424 1343 570 1368 conlinunt
597 1349 655 1375 nos,
671 1347 699 1369 ct
717 1344 763 1377 qui
784 1345 862 1370 unxit
885 1352 948 1377 nos,
972 1349 999 1373 et

211 1387 257 1420 qui
276 1387 429 1422 obsignavit
443 1395 504 1419 uos,
532 1393 559 1415 et
573 1389 618 1423 qui
644 1389 719 1416 dedit
749 1391 858 1417 arrltam
880 1391 998 1427 Spiritus

211 1433 239 1458 in
257 1432 386 1460 cordibus
400 1435 512 1461 nostris.
532 1433 564 1460 Et
580 1434 755 1462 manifestum
769 1441 810 1464 est
823 1438 895 1472 quod
911 1439 994 1466 etiatn

212 1479 269 1505 hmc
287 1480 407 1506 membra
423 1488 484 1515 quae
507 1487 662 1515 sequuntur
684 1483 717 1509 ad
734 1483 893 1519 dictionem,
912 1486 995 1519 Deus,

209 1524 328 1558 perfecta
355 1525 533 1553 distinctione
561 1527 696 1562 legentur.
725 1528 753 1556 Si
770 1538 834 1557 vero
851 1539 899 1566 per
916 1532 994 1560 defe-

207 1575 281 1596 ctum
296 1571 407 1605 integra:
417 1572 552 1599 orationis
565 1573 743 1609 intelligatur,
757 1577 887 1604 eteadem
904 1579 992 1613 prima
1006 1587 1029 1617 ο

207 1617 337 1650 periodus
353 1625 440 1651 usque
454 1618 488 1645 ad
505 1619 664 1651 dictionem,
681 1620 764 1654 Deus,
779 1630 840 1657 quae
854 1623 879 1650 in
904 1624 994 1652 medio

205 1665 328 1698 ponitur,
340 1664 453 1699 legetur,
466 1671 492 1693 et
503 1666 566 1694 item
580 1667 653 1702 quod
663 1668 761 1695 ordine
774 1670 910 1704 sequitur.
929 1670 994 1698 Pro-

207 1713 299 1742 pterea
316 1715 407 1737 autem
428 1712 481 1738 erit
496 1712 654 1744 difficultas,
679 1713 745 1748 quia
766 1714 790 1741 id
804 1716 877 1750 quod
901 1715 993 1744 deﬁcit

207 1755 431 1782 subaudiendum
459 1762 501 1784 est
525 1758 559 1785 ad
585 1766 682 1786 sensus
703 1759 911 1794 perfectionem.
945 1765 992 1789 aut

206 1801 336 1832 tanquam
355 1799 485 1828 deﬁciens
512 1801 545 1828 ad
564 1803 746 1838 hypostignta,
764 1804 790 1832 id
807 1809 862 1838 est,
888 1807 988 1834 distin-

203 1844 322 1870 ctionem
343 1845 546 1875 terminabitur.
575 1857 585 1874 I
613 1848 665 1881 Qui
692 1850 771 1877 unxit
796 1858 846 1879 nos
874 1851 954 1880 Deus.
974 1862 984 1880 ι

203 1886 254 1920 Qui
273 1888 298 1915 iu
315 1890 399 1917 veteri
421 1895 584 1919 testamento
602 1894 788 1928 ungebautur,
820 1899 868 1922 aut
896 1904 988 1925 sacer-

201 1931 280 1960 dotes
299 1941 377 1961 erant
391 1941 438 1962 aut
450 1938 601 1971 prophetat,
617 1943 665 1965 aut
683 1947 761 1974 reges
781 1945 826 1967 :et
841 1948 925 1971 nunc.
945 1942 987 1969 in-

200 1978 270 2011 quit,
287 1979 427 2014 ungimur,
447 1985 477 2007 ut
491 1989 568 2016 reges
581 1984 692 2016 quidem
705 1983 867 2018 efﬁciantur,
884 1987 986 2021 princi-

200 2027 294 2055 patum
335 2031 418 2058 super
457 2025 617 2054 affectiones
644 2028 798 2062 habentes;
827 2032 986 2061 sacerdotes

199 2073 301 2099 autem,
317 2071 428 2103 propria
445 2072 636 2100 sacriﬁcantes
659 2081 786 2108 corpora.
801 2075 878 2109 juxta
893 2077 959 2104 illud
975 2087 982 2105 :

202 2121 211 2137 ι
239 2111 271 2139 Ut
296 2114 449 2143 exhibeatis
482 2117 606 2144 membra
636 2123 728 2146 vestra
747 2119 865 2148 hostium
888 2123 983 2151 viren-

197 2162 252 2185 tem
273 2159 303 2186 “.
329 2169 338 2186 ι
358 2159 503 2196 Propheta)
517 2171 594 2197 vero,
620 2168 750 2200 tanquam
776 2175 873 2202 magna
893 2170 982 2197 cdocti

1055 939 1108 957 των
1121 931 1261 964 διαιόνων,
1276 936 1349 960 ποιεῖ
1360 935 1440 967 αὐτὸς
1463 936 1491 962 δὲ
1507 937 1521 963 6
1539 937 1644 973 Πατὴρ,
1662 947 1671 963 ι
1682 939 1711 964 ’0
1727 938 1844 974 βεϐαιῶ

1055 977 1127 1011 ἠμᾶ·
1138 998 1146 1010 ,
1161 988 1170 1004 ι
1189 979 1234 1004 καὶ
1249 980 1263 1005 6
1277 980 1347 1013 δοὺς,
1365 981 1464 1017 πληροῖ
1477 982 1526 1013 τὰς
1543 983 1611 1014 ἰδίας
1625 984 1802 1018 ὑποσχέσεις,
1813 1000 1843 1004 -

1055 1022 1154 1059 [cur]
1171 1024 1217 1056 Τὸ,
1235 1034 1244 1050 ι
1263 1027 1276 1052 ὁ
1291 1025 1318 1052 δὲ
1329 1026 1446 1060 βεϐαιῶν
1461 1029 1545 1063 ἡμᾶς.
1564 1039 1573 1055 ι
1588 1029 1635 1056 καὶ
1651 1030 1724 1065 ἑξῆς,
1739 1030 1758 1065 ἢ
1776 1031 1843 1057 κατὰ

1055 1068 1172 1104 ἔλλειψιν
1190 1071 1263 1096 ἐστὶν
1290 1073 1434 1107 εἰρημένον
1452 1074 1513 1100 ὅλου
1535 1075 1676 1107 λείποντος
1701 1076 1801 1111 ῥητοῦ,
1816 1076 1842 1111 ἦ.

1055 1115 1125 1141 κατὰ
1139 1115 1256 1150 ἔλλειψιν
1277 1117 1361 1153 μόνης
1379 1118 1480 1151 λέξεως
1497 1120 1548 1155 τῆς
1573 1120 1631 1153 τοῦ,
1658 1121 1758 1154 ἐστιν,
1775 1119 1841 1153 οἷον,

1060 1160 1090 1187 ‘U
1107 1161 1222 1195 βεϐαιῶν
1239 1163 1336 1198 ἡμᾶς,·
1349 1164 1396 1190 καὶ
1421 1165 1455 1192 τὰ
1474 1166 1540 1192 ἄλλα
1556 1167 1650 1199 ποιῶν,
1674 1167 1742 1199 Θεός
1758 1168 1841 1196 ἐστιν.

1061 1206 1129 1232 Ἀλλ’
1146 1208 1170 1232 εί
1185 1208 1235 1242 μὲν
1248 1209 1307 1234 κατ’
1324 1209 1443 1244 ἔλλειψιν
1458 1210 1567 1244 λέξεως,
1593 1213 1634 1244 εἰς
1646 1213 1685 1245 τὸ,
1709 1223 1718 1239 ι
1735 1214 1841 1248 Χρίσας

1054 1251 1136 1285 ἡμᾶς,
1158 1261 1167 1278 ι
1198 1252 1353 1285 ὑποστὶζειν
1369 1255 1419 1287 δεῖ,
1450 1254 1525 1293 ἴναῇ
1550 1257 1614 1292 tea;
1635 1259 1706 1285 κατὰ
1732 1259 1840 1286 τελιίαν

1054 1298 1170 1333 στιγμὴν
1198 1299 1397 1334 ἐπιφερόμενον
1410 1301 1451 1334 τὸ,
1470 1303 1546 1334 Θίός.
1564 1302 1626 1330 Οἴον
1639 1312 1645 1318 ·
1659 1304 1725 1336 Θεὸς
1737 1305 1839 1332 ἐστινὸ

1051 1342 1168 1376 βεϐαιῶν
1180 1345 1263 1379 ἡμᾶς,
1283 1346 1330 1372 καὶ
1344 1347 1440 1382 χρίσας
1450 1348 1536 1382 ἡμᾶς,
1553 1350 1598 1376 καὶ
1615 1350 1839 1385 σφραγισάμενος

1047 1387 1131 1423 ἡμᾶς,
1146 1391 1192 1416 καὶ
1205 1391 1266 1423 δοὺς
1280 1392 1326 1418 τὸν
1341 1393 1490 1428 ἀρραϐῶνα
1504 1394 1551 1420 τοῦ
1563 1395 1721 1430 Πνεύματος
1736 1397 1769 1422 ὲν
1780 1398 1838 1428 ταῖς

1047 1436 1171 1471 καρδίαις
1185 1437 1273 1472 ἡμῶν.
1293 1438 1348 1464 Καὶ
1359 1438 1438 1472 δῆλον
1450 1439 1490 1467 ὅτι
1505 1440 1650 1467 καὶταῦτα
1663 1441 1698 1468 τὰ
1714 1442 1792 1469 κῶλα.
1807 1444 1838 1470 τὰ

1045 1481 1144 1516 ἑφεξῆς
1159 1482 1217 1515 τοῦ,
1232 1483 1308 1515 Θεὸς,
1328 1485 1399 1511 κατὰ
1413 1485 1519 1513 τελείαν
1538 1487 1641 1522 σιγμὴν
1655 1487 1836 1523 ἀναγνωσθή-

1047 1535 1131 1555 σεται.
1148 1528 1178 1554 El
1195 1529 1216 1555 δ’
1234 1529 1272 1561 ὼς
1284 1531 1343 1557 κατ’
1355 1530 1473 1566 ἔλλειψιν
1487 1532 1548 1560 ὅλον
1565 1534 1648 1568 ῥητοῦ
1670 1534 1834 1570 ἐκληῳθείη.

1046 1574 1092 1599 καὶ
1106 1573 1201 1609 αὑτὴή
1215 1576 1310 1611 πρώτη
1331 1577 1454 1612 περίοδος
1473 1578 1524 1607 ἕως
1539 1579 1682 1611 τοῦ,Θεὸς,
1699 1581 1772 1607 κατὰ
1789 1582 1835 1615 μέ-

1045 1626 1096 1653 σην
1112 1619 1362 1655 ἀναγνωσθήσεται,
1379 1623 1426 1649 καὶ
1440 1623 1471 1649 τὺ
1485 1623 1594 1659 ἐφεξῆς.
1617 1625 1653 1651 Τὸ
1667 1625 1696 1651 δὲ
1712 1627 1760 1652 ἐπὶ
1772 1627 1833 1653 τού-

1043 1672 1082 1698 τῳ
1096 1665 1212 1700 ἀπορίαν
1231 1666 1296 1699 ἔξει,
1324 1671 1596 1704 προσυπονοονμένου
1616 1671 1664 1698 τοῦ
1693 1672 1833 1706 λείπςντςς

1043 1710 1083 1741 εἰς
1093 1710 1210 1743 τελείαν,
1235 1711 1251 1746 ἢ
1266 1712 1303 1744 ὡς
1319 1713 1457 1747 λείποντος
1472 1716 1509 1747 είς
1533 1717 1704 1754 ὑποστιγμὴν
1728 1719 1831 1746 ἀποτε-

1042 1753 1178 1790 λευτήσει.
1210 1766 1220 1782 ι
1241 1757 1295 1783 Καὶ
1311 1758 1410 1793 χρίσας
1423 1761 1497 1795 ἡμᾶς
1518 1761 1595 1793 Θεός.
1612 1771 1621 1788 ι
1640 1754 1672 1789 ὁὶ
1687 1764 1830 1798 χριόμενίι

1041 1800 1070 1826 ὲν
1082 1802 1114 1835 τῇ
1127 1801 1240 1837 παλαιᾷ,
1255 1802 1271 1838 ἢ
1291 1804 1373 1839 ἱερεῖς
1386 1805 1401 1840 ἢ
1412 1805 1550 1841 προφῆται
1562 1807 1578 1842 ἢ
1592 1808 1711 1842 βασιλεῖς
1726 1810 1830 1844 ἐγίνον-

1039 1854 1079 1874 το,
1098 1846 1151 1873 Καὶ
1162 1847 1220 1880 νῦν,
1232 1849 1308 1884 φησι,
1330 1850 1463 1885 χριόμεθα
1479 1852 1522 1879 ἵνα
1538 1853 1680 1888 γενώμεθα
1708 1855 1829 1890 βασιλεῖς

1040 1892 1102 1925 μὲν,
1128 1894 1312 1929 κατάρχοντες
1328 1896 1382 1923 τῶν
1400 1897 1510 1931 παθῶν,
1528 1899 1611 1934 ἱερεῖς
1625 1900 1664 1931 δὲ,
1680 1901 1714 1928 τὰ
1739 1902 1828 1928 οἰκεῖα

1039 1937 1245 1973 ἱερουργοῦντες
1261 1939 1384 1976 σώματα,
1399 1943 1469 1969 κατὰ
1484 1943 1524 1975 τὸ,
1545 1953 1555 1969 ι
1573 1945 1777 1980 nupsisti-pate
1793 1947 1826 1973 τὶ

1039 1983 1106 2018 μέλη
1121 1984 1195 2018 ὑμῶν
1210 1985 1305 2013 θυσίαν
1320 1986 1440 2018 {dicavi
1460 1989 1598 2024 προῳῆται
1615 1990 1653 2023 δὲ,
1670 1991 1703 2017 τὰ
1719 1993 1825 2026 μεγάλα

1040 2029 1178 2063 μυστήρια
1202 2030 1401 2066 διδασκόμενοι.
1427 2033 1505 2067 Χρίει
1534 2033 1561 2060 δὲ
1579 2035 1626 2060 καὶ
1648 2036 1796 2070 σφραγίζει
1810 2038 1824 2063 6

1037 2074 1132 2109 Πατὴρ
1155 2075 1197 2102 διὰ
1225 2076 1271 2102 τοῦ
1290 2078 1367 2111 ἁγίου
1391 2079 1558 2114 Πνεύματος.
1579 2081 1672 2107 Ταῦτα
1688 2083 1754 2118 γὰρ,
1771 2093 1823 2119 er,-

1037 2121 1088 2153 eiv,
1104 2122 1119 2156 ἡ
1134 2122 1222 2157 χρίσις
1236 2124 1281 2149 καὶ
1297 2125 1313 2159 ἡ
1331 2126 1458 2159 σφραγὶς,
1484 2127 1614 2162 ἀρραϐών
1630 2129 1689 2155 ἐστι
1706 2130 1754 2156 τοῦ
1767 2131 1822 2157 [Ια-

1036 2168 1183 2202 ρακλήτου.
1212 2169 1262 2195 Διὰ
1277 2169 1355 2196 τοῦτο
1373 2170 1401 2197 δὲ
1417 2171 1466 2198 οὐκ
1482 2169 1554 2204 εἷπε,
1571 2173 1602 2200 τὸ
1620 2174 1735 2208 Πνεῦμα
1749 2176 1819 2209 δοὺς,

197 2207 335 2242 mysteria.
356 2207 436 2244 Ungit
448 2215 538 2237 autem
553 2215 579 2238 et
593 2212 719 2247 obsignat
733 2213 814 2241 Pater
828 2222 877 2249 per
893 2215 980 2250 Spiri-
997 2216 1006 2244 1

1101 2236 1102 2240 η
1132 2223 1141 2239 ι
1160 2213 1317 2249 Ἀῤῥαϐῶνα
1340 2215 1386 2242 τοῦ
1415 2217 1582 2252 Πνεὺματος,
1597 2228 1606 2244 ι
1634 2219 1756 2254 βεϐαιῶν
1772 2223 1819 2253 τὰς

196 2257 251 2279 ιιιιιι
264 2260 388 2282 sanctum
407 2264 489 2284 :nam
506 2258 574 2290 lucc,
591 2259 689 2293 inquit,
706 2261 798 2287 unctio
814 2265 840 2287 et
854 2262 981 2297 obsigna-

195 2299 234 2325 tio
251 2301 332 2328 :‘tl‘t'lla
347 2305 388 2329 est
407 2301 554 2330 Paracleti.
571 2304 712 2339 Siquidem
730 2306 765 2332 ob
779 2305 804 2332 id
818 2315 869 2333 ιιοιι
889 2307 977 2335 dixit:

193 2345 244 2377 Qui
264 2345 341 2373 dedit
372 2347 514 2382 Spiritum,
544 2350 604 2381 sed,
636 2360 645 2376 ι
664 2351 781 2378 Arrltaut
816 2352 946 2387 Spiritus.
966 2364 975 2380 ι

194 2392 346 2420 futurorum
365 2400 440 2427 spem
466 2394 633 2424 conﬁrtuans
650 2406 656 2423 :
672 2399 771 2425 etenim
791 2399 872 2426 arrha
893 2409 975 2428 omne

191 2441 299 2470 pactum
314 2437 458 2465 conﬁrmat
473 2447 505 2466 ac
521 2441 635 2468 stabilit.
655 2441 749 2477 Itaque
766 2447 793 2470 et
808 2451 881 2470 nunc
894 2443 975 2471 arrba

191 2481 311 2516 Spiritus
322 2485 470 2511 conﬁrmat
486 2485 564 2513 nobis
582 2486 674 2514 futura
692 2488 774 2521 bona,
791 2497 853 2523 qua:
879 2490 975 2517 oculus

189 2534 244 2553 non
264 2527 331 2554 vidit
347 2533 374 2556 et
391 2531 466 2558 auris
487 2539 542 2558 non
558 2532 661 2560 audivit
680 2534 712 2559 ιθ.
734 2543 743 2559 ι
769 2534 803 2560 Ει
827 2534 874 2568 qui
898 2534 974 2563 dedit

187 2572 295 2600 nrrham
308 2573 438 2609 Spiritus.
457 2585 465 2602 ι
484 2576 660 2606 Extrinsecus
676 2579 894 2606 subaudiendum
907 2585 949 2608 est
963 2591 970 2608 :

185 2618 232 2652 qui
245 2620 392 2648 conﬁrmat
412 2630 462 2650 nos
483 2624 509 2650 in
533 2623 688 2657 Christum,
705 2626 751 2659 qui
768 2625 846 2651 umtit
858 2629 885 2652 et
898 2627 972 2654 obsi-

185 2665 290 2698 gnavit,
305 2666 435 2702 deditque
449 2668 560 2695 art-ham
577 2668 697 2703 Spiritus
720 2670 746 2696 in
766 2670 897 2698 cordibus
921 2679 970 2699 uo-

184 2707 260 2740 stris,
278 2709 347 2743 ipse,
363 2711 461 2746 inquit,
478 2717 521 2738 est
535 2713 582 2747 qui
597 2721 661 2740 suas
677 2714 795 2749 complet
809 2716 970 2749 promissio-

182 2759 242 2781 nes.
265 2754 416 2784 Considera
438 2758 577 2793 quomodo
601 2759 826 2789 manifestissime
843 2767 965 2791 sanctam

217 2845 239 2862 "
258 2847 338 2874 Rom.
357 2856 405 2883 xu,
426 2850 452 2877 1.
502 2850 543 2877 ’⁸1
561 2851 624 2880 Cor.
647 2860 674 2887 ιι,
695 2854 721 2881 9.

1034 2259 1185 2293 μελλούσας
1203 2260 1323 2292 ἐλπίδας.
1348 2261 1377 2288 '0
1391 2262 1588 2298 γὰρνάῤῥαϐὼν
1602 2265 1708 2300 βεϐαιοῖ
1719 2267 1750 2294 τὸ
1766 2269 1817 2294 πᾶν

1031 2305 1217 2340 συνάλλαγμα.
1249 2307 1400 2341 Τοιγαροῦν
1427 2309 1473 2335 καὶ
1490 2310 1504 2335 6
1534 2309 1581 2336 νῦν
1610 2311 1742 2346 ἀρραϐὼν
1771 2313 1816 2340 τοῦ

1030 2349 1198 2384 Πνεῦματος,
1211 2353 1354 2380 πιστοῦται
1368 2355 1434 2390 ἡμῖν
1448 2355 1482 2380 τὰ
1497 2355 1630 2390 μέλλοντα
1645 2356 1663 2384 ἃ.
1676 2358 1816 2393 ὸφθαλμός

1029 2395 1078 2421 οὐκ
1089 2393 1142 2421 εἶδε
1157 2397 1202 2422 καὶ
1212 2395 1257 2429 οὖς
1269 2398 1319 2424 οὐκ
1329 2399 1438 2434 ἤκουσε.
1454 2409 1463 2425 ‹
1478 2401 1532 2427 Καὶ
1539 2401 1601 2433 δοὺς
1609 2402 1654 2428 τὸν
1667 2403 1815 2438 ἀρραϐῶνα

1028 2440 1075 2466 τοῦ
1093 2441 1262 2475 Πνεύματος.
1283 2453 1293 2468 ι
1317 2444 1436 2477 Ἔξωθεν
1463 2449 1714 2481 συνυπακουστέον,
1734 2452 1748 2476 6
1771 2450 1810 2485 βε-

1029 2485 1112 2512 ϐαιῶν
1126 2487 1198 2521 ἡμᾶς
1211 2489 1250 2519 εἰς
1262 2489 1379 2523 Χριστὸν
1392 2492 1405 2517 6
1420 2491 1516 2526 χρίσας
1532 2493 1579 2520 καὶ
1591 2496 1813 2531 σφραγισάμενος

1028 2531 1074 2557 καὶ
1091 2531 1151 2563 δοὺς
1163 2533 1208 2559 τὸν
1229 2534 1376 2569 ἀρραϐῶνα
1390 2536 1435 2563 τοῦ
1452 2537 1609 2572 Πνεύματος
1621 2540 1651 2566 ὲν
1667 2542 1730 2572 ταῖς
1743 2549 1812 2576 καρ-

1025 2576 1096 2609 δίαις
1109 2578 1198 2613 ἡμῶν,
1213 2579 1292 2612 αὐτὸς
1308 2581 1382 2608 ἐστιν
1397 2583 1411 2609 6
1438 2583 1560 2618 πληρῶν,
1577 2585 1655 2620 φησὶ,
1672 2586 1722 2618 τὰς
1746 2587 1810 2618 ἰδίας

1025 2623 1193 2659 ὑποσχέσεις.
1219 2626 1289 2661 Ὅρα
1309 2627 1368 2659 πῶς
1391 2629 1566 2664 παρεδήλωσε
1584 2631 1741 2666 σαιρέστατα
1761 2632 1806 2666 τὴν

1023 2670 1103 2703 ἁγίαν
1118 2671 1230 2706 Τριάδα’
1248 2672 1276 2699 ’0
1286 2674 1400 2709 Πατὴρὸ
1413 2674 1526 2710 βεϐαιῶν
1543 2677 1616 2712 ήμὶς
1624 2678 1665 2710 εἰς
1679 2678 1803 2714 Χριστὸν,

1022 2716 1069 2742 καὶ
1083 2716 1180 2751 χρίσας
1200 2717 1244 2743 διὰ
1263 2718 1310 2745 τοῦ
1326 2720 1403 2754 ἁγίου
1418 2721 1586 2758 Πνεύματος,
1611 2724 1692 2756 αὐτὸς
1706 2725 1803 2760 πληροῖ

1020 2762 1067 2789 καὶ
1079 2762 1126 2794 τὰς
1142 2763 1311 2799 ὑποσχέσεις.
1319 2765 1356 2793 Τὸ
1366 2766 1405 2801 δὲ,
1418 2767 1527 2804 πληροῖ,
1540 2769 1596 2797 ἀπὸ
1611 2770 1699 2797 κοινοῦ
1709 2770 1801 2805 νόησαι
