1872 3053
62 162 120 193 933

528 157 720 188 COMMENT.
744 157 783 186 IN
801 155 920 186 El’lST.
936 155 965 185 ΙΙ
983 156 1031 185 AD
1051 155 1232 186 CORlNTH.
1634 152 1689 184 93L

61 219 119 246 τῶν
135 216 218 252 τριῶν
235 214 389 251 προσώπων
405 215 452 249 τῆς
476 215 539 250 μιᾶς
561 215 698 249 θεότητος.
719 214 779 240 Ὀτι
796 223 800 238 ι

953 212 1092 246 ιῐεῐιιινργίι
1108 211 1270 239 Trinitatem
1288 220 1294 238 :
1312 210 1392 238 Pater
1414 210 1460 246 qui
1475 210 1619 238 conlirmat
1642 219 1692 239 nos

61 265 175 299 δόμενος
192 260 278 295 ὑμῶν.
299 270 307 286 ι
326 261 398 287 ’Λνω
415 260 498 286 εἰπὼν
515 260 559 285 διὰ
575 259 603 286 τὸ
617 261 654 294 μὴ
671 259 743 294 ἔχειν
760 259 857 285 ἑαυτοῦ

63 307 190 339 ἐξουσίαν
207 306 322 341 ἀλλαχοῦ
352 306 516 337 ἀποσταλεὶς
541 305 593 331 ὑπὸ
617 304 664 331 τοῦ
690 305 857 339 Πνεύματος,

64 353 124 384 πῶς
140 353 186 378 νῦν
199 353 283 386 λέγει,
296 361 305 378 ι
318 350 478 386 Φειδόμενος
498 352 575 385 ὑμῶν
590 353 639 378 οὐκ
652 349 733 386 ἦλθον
747 352 786 382 είς
804 352 859 377 K6-

65 399 176 434 ρινθονς
197 409 206 424 ι
225 399 277 425 Καὶ
295 398 395 432 φαμὲν,
420 398 460 423 ὅτι
474 399 517 423 ὅτε
532 397 629 432 ἀφείθη
643 398 694 423 ὑπὸ
710 397 756 423 τοῦ
773 396 858 422 Πνεῦ-

67 453 153 480 ματος
169 444 308 475 ἀπελθεῖν,
335 443 379 469 διΞι
392 444 422 469 τὸ
438 443 577 476 φείδεσθαι
597 444 647 469 οὐκ
673 442 804 476 ἀπῆλθεν.
824 442 859 468 Ἢ

67 491 139 524 μετὰ
155 491 203 524 τῆς
229 489 372 520 κωλύσεως
383 489 430 515 τοῦ
445 489 612 523 Ιίνεύματος,
628 489 674 515 καὶ
688 489 767 515 τοῦτο
787 488 858 514 ἑκώ-

67 537 160 562 λυσεν,
175 536 209 561 Ἣ
235 537 281 561 καὶ
307 537 347 567 εἰς
365 535 444 561 τοῦτο
460 535 505 560 ὑπ’
520 534 603 561 αὑτοῦ
620 534 754 569 ἐκωλύθη,
770 531 860 560 ’Ἦσαν

67 583 122 615 γάρ
134 589 207 611 τινες
221 581 431 615 ἁμαρτήσαντες
450 580 496 605 καὶ
516 579 552 614 μὴ
572 580 800 613 μετανοήσαντες,
812 579 858 605 καὶ

68 628 216 662 περιέμενε
235 627 284 662 τὴν
297 627 442 660 μετάκοιαν
466 625 567 657 αὐτῶν,
580 626 627 652 καὶ
640 626 683 652 διὰ
695 625 773 652 τοῦτο
786 623 858 656 εἷπε,

72 683 81 698 ι
98 673 268 708 Φειδόμενος.
286 682 294 698 ι
307 672 507 708 Ἑπετέτραπτο
523 672 551 698 δὲ
568 672 652 707 αὐτῷ,
668 672 714 698 καὶ
731 673 861 706 τιμωρεῖ-

70 721 134 745 σθαι
158 720 219 750 τοὺς
244 719 462 754 ἁμαρτάνοντας.
481 719 536 745 Καὶ
560 719 695 754 μαρτυρεῖ
713 718 833 752 Ἐλύμας
846 718 861 744 ὁ

71 765 170 799 μάγος,
192 774 200 790 ι
217 766 273 799 Οὐχ
291 765 331 790 ὅτι
347 766 509 799 κυριεύομεν
521 765 596 799 ὑμῶν
613 765 660 798 τῆς
671 764 796 795 πίστεως.
809 773 860 790 1-

69 809 172 846 [ΦΩΤ.]
189 811 345 842 Τουτὲστιν,
362 810 443 837 ἕνεκα
459 811 509 845 τῆς
522 812 637 841 πίστεως
651 811 681 836 οὐ
697 810 860 845 κυριεύομεν

69 855 158 889 ὑμῶν.
176 853 249 888 Οἶον,
271 856 301 882 οὐ
315 856 359 882 διὰ
384 856 461 882 τοῦτο
478 856 601 890 ἐγένεσθε
627 857 727 887 πιστοὶ,
746 856 788 882 ἵνα
813 865 860 882 κυ-

70 901 200 936 ριεύησϐε
212 902 257 927 καὶ
270 901 426 936 τιμωρῆσθε
445 902 489 936 ὑφ’
502 902 592 936 ἡμῶν.
607 902 638 928 Εἰ
657 902 710 937 γὰρ
723 903 767 928 καὶ
779 902 858 928 τοῦτο

69 943 111 980 ἦν,
121 946 214 976 αὐτοὶ,
233 947 326 980 φησιν,
337 948 366 973 ὲν
375 949 406 981 τῇ
417 947 507 973 πίστει
521 948 666 982 ἑστήκατε,
679 948 724 974 καὶ
738 948 788 974 οὐκ
798 947 856 974 ἐστι

69 991 148 1025 χρεία
166 991 270 1025 φειδοῦς
283 991 299 1027 ἦ
310 993 452 1027 τιμωρίας,
467 993 547 1027 χάριν
564 993 611 1027 τῆς
629 994 756 1024 πίστεως.
774 993 857 1020 Τοῦτο

69 1037 96 1063 δὲ
113 1038 201 1070 λέγει,
213 1038 348 1064 ἀντίθεσιν
366 1039 436 1065 λύων
464 1039 594 1066 δοκοῦσαν
610 1039 787 1067 ἀνακύπτειν.
814 1041 857 1072 Ὠς

70 1082 123 1116 γὰρ
143 1083 225 1108 ἐνίων
238 1082 428 1117 διαγανακτεῖν
443 1085 592 1119 μελλόντων
607 1085 653 1111 καὶ
664 1085 807 1119 λεγόντων,
824 1086 856 1112 Τί

70 1127 172 1160 λέγεις,
186 1128 226 1154 ὅτι
244 1129 345 1162 ὲςρείσω
361 1130 455 1164 ἡμῶν;
484 1128 555 1166 Ἆρα
570 1131 623 1166 γὰρ
639 1132 682 1157 διὰ
696 1132 774 1158 τοῦτο
797 1133 858 1158 ἔπι-

73 1173 248 1208 στεύσαμεν,
284 1175 327 1201 ἵνα
354 1175 498 1210 ἀκούωμεν
526 1177 600 1212 παρὰ
621 1177 667 1203 σοῦ
693 1178 734 1204 ὅτι
758 1179 860 1212 ἐφείσω

72 1219 170 1252 tuti”;
190 1220 219 1246 Ei
234 1220 288 1255 γὰρ
302 1221 338 1255 μὴ
357 1222 468 1255 ἐφείσω,
481 1222 508 1248 τί
521 1223 628 1254 πάντως
639 1231 648 1256 ;
660 1224 792 1256 ἐκόλασας
807 1224 858 1258 iv;

73 1265 205 1295 Βασὰνοις
218 1265 352 1296 ἐξέδωκας
363 1275 370 1298 ς
386 1266 429 1292 ἵνα
442 1266 488 1294 οὖν
506 1267 634 1302 μὴταῦτα
642 1268 857 1302 διαλογίσωνται,

73 1310 256 1344 προαπαντῶν
289 1311 382 1345 λέγει·
404 1312 461 1338 Οὔκ
489 1311 566 1340 εἷπον
595 1314 635 1345 τὸ,
670 1323 680 1339 ι
699 1314 859 1348 Φειδόμενος

73 1353 162 1388 ὑμῶν,
181 1364 191 1380 ι
213 1355 250 1386 ὠς
266 1355 346 1382 ἕνεκα
362 1356 411 1389 τῆς
428 1356 545 1388 πίστεως
567 1357 656 1384 λαϐὼν
673 1358 796 1390 ἐξουσίαν
812 1359 859 1385 καὶ

73 1400 223 1434 κυριότητα
239 1401 281 1434 ἐφ’
305 1401 375 1435 ὑμᾶς
389 1402 434 1428 καὶ
449 1402 496 1428 τοῦ
507 1401 631 1434 κολάζειν
648 1404 693 1429 καὶ
709 1404 755 1430 τοῦ
771 1404 860 1438 φείδε-

75 1443 145 1475 σθαι,
167 1444 246 1476 ἀλλὰ,
277 1453 287 1470 ι
301 1445 459 1479 Φειδόμενος
479 1455 488 1471 ι
514 1444 601 1478 εἶπον,
627 1446 663 1482 μὴ
679 1447 762 1474 Θέλων
787 1447 859 1481 ὑμᾶς

73 1489 240 1524 λυπηθῆναι.
258 1491 289 1516 Εἰ
305 1491 358 1526 γὰρ
373 1489 454 1526 ἦλθον
470 1491 525 1524 ἐγὼ
541 1492 720 1526 λυπούμενος,
747 1491 803 1518 οἶδα
817 1492 860 1518 ὅτι

911 257 936 283 in
952 256 1102 287 Christum,
1116 259 1143 282 et
1168 256 1213 290 qui
1229 255 1304 281 unxit
1332 263 1380 289 per
1397 255 1528 289 Spiritum
1554 259 1691 286 sanctum,

911 302 968 335 ipse
989 301 1070 328 etiam
1083 300 1200 334 complet
1216 300 1359 335 promissa.
1377 300 1457 336 607
1479 300 1630 327 Dictionem
1644 307 1693 326 au-

911 352 963 373 tettt
980 346 1101 380 complet,
1116 353 1129 371 a
1144 346 1283 372 communi
1301 353 1382 373 sensu
1406 346 1564 378 subaudito,
1581 349 1693 380 propter

911 400 991 418 unam
1007 392 1088 418 trium
1105 399 1284 426 personarum
1301 391 1484 418 divinitatem.
1501 400 1509 417 ι
1529 391 1607 424 Quod
1627 399 1692 426 par-

910 445 976 464 cens
994 437 1080 463 vobis.
1098 445 1106 462 ι
1121 436 1188 463 Cum
1207 437 1336 471 superius
1351 436 1452 463 dixerit
1475 437 1546 471 quod
1561 444 1618 464 sua:
1639 444 1694 463 non

911 483 991 510 fuerit
1008 484 1161 518 potestatis,
1186 483 1241 509 alio
1267 483 1368 510 missus
1382 491 1396 509 ιι
1424 482 1540 517 Spiritu,
1556 483 1695 517 quomodo

910 535 982 555 nunc
999 528 1065 554 dicit
1083 537 1089 554 :
1106 537 1115 553 ι
1132 527 1248 555 Parcens
1260 528 1337 555 vobis
1347 535 1400 554 non
1411 529 1472 554 veni
1484 527 1666 555 Corinthum?
1683 537 1692 554 ι

911 573 943 600 Ει
956 574 1073 601 dicimus
1087 573 1158 608 quod
1177 573 1287 608 quando
1306 574 1458 608 permissus
1483 573 1533 600 fuit
1559 581 1573 600 a
1588 573 1693 608 Spiritu

911 624 940 646 ut
957 619 1189 654 proﬁcisceretur,
1207 626 1240 646 eo
1251 619 1322 653 quod
1340 624 1462 653 parceret
1479 627 1531 646 non
1549 623 1591 646 est
1604 619 1694 653 proie-

910 670 981 691 ctus.
996 666 1048 691 Aut
1066 673 1119 691 una
1138 672 1199 691 cum
1217 664 1336 698 Spiritus
1358 665 1544 698 prohibitione
1569 666 1649 691 etiam
1667 665 1693 692 id

912 710 1111 745 impedimento
1138 709 1199 737 fuit.
1213 711 1268 737 Aut
1286 711 1368 737 etiam
1385 711 1411 737 in
1428 711 1480 737 hoc
1497 711 1531 738 ab
1547 711 1606 745 ipso
1627 719 1694 745 pro-

911 757 1013 784 hibitus
1029 761 1080 783 cst.
1096 756 1182 783 Erant
1205 756 1278 783 enim
1300 755 1408 790 quidam
1438 756 1483 790 qui
1510 761 1695 791 peccaverant

912 810 962 829 ιιι-(ε
978 802 1163 836 resipuetant,
1181 801 1332 836 horumque
1344 802 1511 836 exspectavit
1526 802 1695 836 resipiscen-

913 847 988 879 tiatn,
1001 853 1027 874 et
1045 852 1187 882 propterea
1206 847 1285 880 dixit,
1314 857 1322 874 ι
1346 841 1507 876 Parcens.)
1527 847 1695 875 Permissum

912 898 1001 921 autem
1013 894 1038 920 ei
1052 894 1138 921 fuerat
1154 898 1184 920 ut
1195 894 1278 921 etiam
1303 894 1496 928 delinquentes
1510 893 1629 928 puniret,
1645 901 1694 921 cu-

909 940 956 975 jus
973 940 1012 967 rci
1035 940 1113 967 testis
1132 947 1241 974 qttoque
1268 944 1310 966 est
1326 938 1434 974 Elymas
1451 946 1546 973 magus
1560 939 1592 966 ”.
1609 947 1618 964 ι
1637 939 1695 966 Non

911 986 984 1022 quod
1001 986 1173 1014 dominemur
1189 985 1249 1013 lidei
1266 989 1372 1012 vestrae.
1395 994 1403 1011 ι
1423 984 1479 1012 Hoc
1493 989 1546 1017 est,
1559 985 1594 1012 ob
1610 985 1691 1012 iidem

912 1040 966 1059 non
983 1031 1160 1058 dominamur
1179 1031 1257 1058 vobis
1275 1039 1282 1058 :
1301 1030 1359 1058 sive
1381 1038 1435 1057 non
1459 1036 1602 1064 propterea
1629 1031 1693 1059 facti

911 1078 979 1105 estis
994 1078 1097 1109 ﬁdeles,
1116 1082 1144 1104 ut
1157 1076 1364 1111 subjiceretniui
1379 1083 1411 1103 ac
1431 1076 1596 1110 puniremini
1612 1083 1626 1104 a
1646 1083 1696 1104 no-

912 1124 965 1152 bis.
981 1123 1048 1151 Nam
1065 1125 1088 1151 si
1103 1124 1185 1150 etiam
1200 1123 1226 1150 id
1244 1123 1351 1155 fuisset,
1369 1122 1431 1157 ipsi,
1453 1122 1550 1157 inquit,
1573 1123 1623 1150 ilde
1638 1129 1694 1150 ste-

912 1171 1008 1203 tistis,,
1023 1177 1072 1197 nec
1085 1177 1154 1204 opus
1166 1173 1208 1197 est
1224 1176 1336 1203 parcere
1349 1172 1396 1194 aut
1413 1168 1509 1202 punire
1522 1175 1604 1195 causa
1620 1167 1696 1195 ﬁdei.

912 1217 970 1244 lloc
985 1223 1077 1244 autem
1091 1217 1157 1244 dicit
1177 1219 1360 1250 emergentem
1376 1215 1486 1242 solvens
1501 1214 1695 1249 objectionem.

912 1262 1054 1298 Tanquam
1068 1263 1140 1290 enim
1159 1262 1243 1288 futuri
1259 1265 1353 1288 essent
1370 1261 1416 1295 qui
1441 1261 1648 1296 indignarentur
1662 1267 1694 1286 ac

915 1307 1060 1334 dicerent:
1078 1306 1147 1340 Quid
1174 1306 1227 1339 ais,
1243 1307 1316 1340 quod
1342 1306 1422 1333 nobis
1449 1305 1627 1340 peperceris?
1655 1304 1696 1331 An

912 1359 1056 1388 propterea
1072 1352 1240 1380 credidimus
1258 1356 1287 1378 ut
1303 1359 1318 1378 a
1335 1356 1362 1379 te
1380 1351 1538 1378 audiremus
1553 1351 1626 1386 quod
1648 1358 1696 1385 pc-

913 1402 1051 1434 percisses
1082 1399 1182 1426 nobis?
1203 1398 1281 1431 Quod
1298 1398 1320 1425 si
1340 1405 1393 1424 non
1423 1397 1603 1433 pepercisses,
1632 1397 1697 1431 quid

912 1445 1025 1480 utique?
1036 1453 1069 1471 an
1087 1446 1213 1479 punisses
1224 1444 1295 1471 nos?
1308 1451 1343 1471 an
1359 1443 1502 1478 suppliciis
1514 1441 1699 1469 tradidisses?

912 1491 951 1518 Ne
963 1492 1045 1527 igitur
1064 1491 1121 1518 haec
1135 1492 1267 1525 cogitent,
1284 1489 1476 1525 praeoceurrit,
1494 1489 1588 1516 dicens
1603 1498 1616 1525 ,ε
1636 1487 1696 1514 Νοιι

74 1536 120 1562 καί
134 1535 216 1562 αὐτοὶ
229 1535 372 1570 βλέποντές
392 1545 425 1571 με
452 1536 632 1572 λυπούμενον,
648 1537 800 1573 ὲὶυπήθητε

963 1538 968 1564 i
987 1547 993 1564 ε
1013 1547 1022 1563 ‹
1047 1537 1167 1564 Parcens
1184 1536 1275 1570 vobis,
1294 1546 1303 1562 ι
1323 1543 1356 1562 ac
1369 1535 1394 1562 si
1413 1535 1560 1562 occasione
1574 1534 1635 1561 ﬁdei
1649 1541 1696 1568 po-

80 1580 150 1615 Ἐγὼ
162 1581 192 1608 δὲ.
200 1582 362 1613 τούναντίον,
375 1583 462 1617 χαρᾶς
478 1584 534 1617 είμὶ
550 1583 678 1618 συνεργὸς
692 1583 767 1617 ὑμῶν
783 1592 862 1610 πνευ-

77 1627 206 1661 ματικῆς,
224 1627 291 1661 ἣτις
306 1628 392 1659 ἔσται,
415 1628 447 1654 ἂν
461 1628 508 1654 τοῦ
526 1628 673 1660 λυποῦντὸς
690 1637 722 1664 με
738 1629 818 1664 ἔργον
832 1630 862 1662 ἐξ

75 1671 150 1706 ὑμῶν
167 1672 303 1708 ἀρθέντος,
318 1672 385 1699 ἔλθω
402 1673 469 1708 μετὰ
486 1675 573 1709 χαρᾶς
589 1674 655 1709 πρὸς
672 1675 753 1709 ὑμᾶς.
768 1676 862 1710 Χαρή-

76 1717 154 1743 σεσθι
183 1717 235 1752 γὰρ
259 1718 305 1744 καὶ
332 1718 410 1752 ὑμεῖς
433 1719 466 1745 δι’
492 1719 543 1753 ἐμὲ
567 1721 771 1754 πνευματικῶς.
794 1718 861 1747 Εἶτα

76 1761 149 1788 ὥσπε
154 1771 172 1797 ρ
183 1762 380 1798 {nempe-Sino;
390 1772 472 1796 τινος,
481 1764 513 1790 Τί
521 1762 583 1798 οὖν;
594 1765 703 1800 φεύγεις
713 1767 760 1792 καὶ
772 1768 862 1801 μισεῖς

76 1808 105 1833 τὸ
115 1808 212 1835 λυπεῖν
225 1809 313 1843 tum;
328 1809 408 1836 πάλιν
424 1810 532 1844 tu:de
548 1810 664 1843 οὺκὰεὶ,
683 1812 776 1846 φησὶν,
794 1812 862 1838 ἀλλὰ

76 1852 231 1879 τούναντίον
245 1853 330 1880 ἐνίοτε
353 1855 400 1880 καὶ
415 1855 506 1882 διώκω
523 1855 570 1882 καὶ
588 1856 695 1891 στέργω
708 1857 784 1889 αὐτὸ,
798 1857 862 1884 ὅταν

77 1897 119 1924 διὰ
141 1897 193 1924 τοῦ
215 1899 340 1925 λυπεῖσαι
364 1900 447 1933 ὑμᾶς,
464 1901 558 1936 κέρδος
572 1901 691 1936 εὑρίσκω
705 1901 754 1936 τὴν
774 1910 861 1938 σωτη-

80 1944 137 1977 ρίαν
160 1944 248 1979 ὑμῶν.
267 1944 324 1971 Οὐκ
337 1945 379 1971 ἀεὶ
405 1945 432 1972 δὲ
451 1946 520 1972 θέλω
536 1947 678 1973 λυπεῖσθαι
696 1947 778 1981 ὑμᾶς,
795 1947 863 1974 ἀλλὰ

77 1989 272 2024 διορθωθέντας
287 1991 386 2024 μᾶλλον
406 1993 434 2017 ὲν
455 1993 527 2027 χαρᾷ
547 1993 593 2018 καὶ
614 1993 862 2026 ἀγαλλιάσειεῖναι.

81 2044 89 2059 ι
102 2034 185 2061 ’Λλλά
208 2037 333 2071 συνεργοί
349 2037 441 2071 ἐσμεν.
462 2047 471 2063 ι
494 2037 604 2073 Ἐπειδὴ
631 2039 758 2071 ἀπονοίας
776 2039 863 2066 ἐδόκει

79 2078 158 2112 εἶναι,
174 2081 206 2107 τὺ
223 2082 327 2114 εἰπεῖν,
349 2093 357 2108 ι
368 2083 526 2118 Φειδόμενος
542 2084 629 2119 ὑμῶν.
644 2093 653 2110 ι
670 2085 798 2112 Ἐκείνων
809 2087 864 2121 γάρ

79 2135 118 2157 τις
132 2127 254 2161 φείδεται
275 2124 312 2154 ὧν
329 2128 386 2163 ἔχει
405 2129 453 2164 τὴν
465 2129 600 2162 ἐξουσίαν,
624 2131 770 2166 θεραπεύει
787 2132 863 2164 αὐτὸ,

80 2174 123 2199 καί
138 2182 232 2209 φησιν,
262 2185 270 2200 ι
286 2175 324 2201 Οὐ
350 2175 394 2201 διὰ
409 2175 439 2201 τὸ
453 2176 577 2207 ἐξουσίαν
598 2176 670 2211 ἔχειν
683 2179 731 2210 τῆς
746 2177 863 2210 πίστεως

916 1587 1040 1610 testatem
1058 1590 1089 1610 ac
1115 1581 1268 1609 dominium
1295 1581 1323 1608 in
1350 1588 1398 1608 vos
1424 1581 1589 1614 accepissem
1607 1584 1634 1607 et
1653 1587 1700 1615 pu-

916 1629 1008 1657 niendi
1022 1633 1048 1656 et
1064 1628 1206 1663 parcendi,
1223 1627 1283 1659 sed,
1300 1636 1310 1653 ι
1329 1626 1460 1659 Parcens,
1481 1636 1491 1652 ι
1507 1625 1572 1658 dixi,
1600 1626 1699 1653 nolens

914 1683 963 1703 vos
977 1674 1148 1701 contristari.
1165 1673 1193 1700 Si
1214 1674 1287 1700 enim
1304 1673 1402 1708 lugens
1419 1673 1452 1699 ad
1472 1679 1522 1699 vos
1546 1673 1697 1702 venissem,

915 1722 973 1750 scio
989 1720 1063 1756 quod
1077 1721 1128 1756 ipsi
1147 1726 1258 1755 quoque
1273 1719 1398 1746 videntes
1412 1726 1455 1746 tne
1478 1718 1626 1753 lugentem,
1644 1717 1700 1744 uti-

915 1775 968 1803 qtte
984 1767 1125 1793 luxissetis
1141 1775 1149 1793 :
1166 1772 1217 1800 ego
1242 1769 1333 1793 autent
1348 1772 1363 1792 e
1375 1765 1483 1792 diverso
1503 1764 1612 1799 adiutor
1635 1772 1697 1792 sum

916 1814 1069 1848 spiritualis
1086 1812 1178 1847 gaudii
1191 1812 1276 1840 vestri
1294 1811 1367 1847 quod
1383 1811 1448 1843 erit.
1464 1812 1486 1839 si
1502 1819 1598 1847 opere,
1625 1810 1699 1846 quod

915 1868 958 1888 me
976 1860 1149 1892 constristat,
1164 1859 1274 1885 sublato
1287 1866 1301 1885 a
1317 1858 1406 1890 vobis,
1422 1865 1523 1885 venero
1532 1857 1565 1885 ad
1579 1865 1627 1885 vos
1636 1865 1698 1884 cum

915 1906 1026 1941 gaudio.
1043 1905 1183 1940 Siquidem
1205 1911 1253 1930 vos
1267 1911 1377 1938 quoque
1393 1911 1499 1930 tnecum
1515 1903 1698 1938 spiritualiter

916 1951 1081 1986 gaudebitis.
1100 1949 1203 1977 Deinde
1223 1953 1353 1984 tanquam
1368 1949 1550 1977 subdubitans
1562 1949 1698 1983 quispiam

918 1996 1023 2024 diceret
1039 2005 1046 2023 :
1067 1995 1138 2028 Quid
1158 1995 1245 2029 ergo?
1260 1994 1334 2029 fugis
1345 2002 1376 2021 ac
1387 1994 1534 2021 detestaris
1550 1993 1623 2028 quod
1650 2000 1675 2019 ιιι
1686 2001 1700 2020 s

917 2041 1102 2069 mat-eamus?
1116 2048 1226 2067 rursum
1247 2039 1391 2074 subjungit
1408 2049 1415 2066 :
1434 2038 1493 2066 Non
1515 2047 1634 2071 setttper,
1648 2039 1697 2066 sed

917 2086 1061 2122 oppositis,
1079 2085 1178 2120 inquit,
1198 2086 1289 2112 modis
1307 2085 1424 2120 itiipsum
1443 2085 1580 2112 interdum
1597 2090 1622 2111 et
1635 2092 1700 2120 pro-

918 2140 1018 2167 sequor
1034 2138 1060 2160 et
1072 2139 1146 2165 amo,
1163 2131 1272 2166 quando
1286 2138 1319 2158 cx
1335 2131 1411 2158 lttctu
1426 2135 1517 2158 vestro
1534 2130 1639 2157 lucrum
1657 2131 1701 2157 in-

918 2179 1008 2210 Venio,
1036 2185 1132 2213 nempe
1157 2183 1276 2204 vestram
1297 2177 1423 2204 salutent.
1439 2175 1497 2202 Non
1523 2183 1631 2210 semper
1650 2182 1702 2202 au-

81 2219 166 2253 ὑμῶν,
188 2229 198 2245 ι
218 2218 295 2247 εἷπον
307 2220 347 2253 τὸ,
365 2231 374 2247 ι
387 2222 563 2256 Φειδόμενσςο
583 2234 593 2248 ι
625 2222 752 2258 (Γνώμης
768 2225 820 2259 γὰρ

958 2232 969 2250 ιι
987 2231 1034 2250 vos
1052 2222 1212 2250 contristari
1227 2222 1300 2253 volo.
1316 2222 1363 2248 sed
1374 2221 1533 2248 emendatos
1551 2221 1653 2255 potius,
1671 2220 1697 2247 in

81 2265 171 2296 πίστις
199 2266 245 2291 καὶ
261 2268 458 2302 προαιρέσεως,
483 2268 529 2293 καὶ
542 2268 629 2299 οὐδεὶς
654 2269 802 2303 ἀναγκάζει
819 2279 865 2295 ττι-η

83 2310 191 2337 ate-35m
204 2311 248 2337 τὸν
260 2312 388 2348 ἄκοντα·)
404 2313 460 2339 ἀλλ’
480 2313 583 2348 ἐπειδὴ,
609 2316 686 2348 φησῖ,
711 2324 720 2340 ι
738 2315 866 2349 Συνεργοί

82 2355 164 2389 ἐσμεν
179 2357 228 2391 τῆς
245 2359 331 2392 χαρᾶς
345 2358 432 2393 ὑμῶν,
450 2368 460 2384 ι
475 2359 517 2385 διὰ
527 2358 604 2385 τοῦτο
618 2357 703 2390 εἷπον,
724 2369 732 2384 ι
742 2360 867 2394 Φειδόμε-

82 2407 124 2431 νος
140 2401 229 2434 ὑμῶν.
252 2412 261 2428 ι
278 2403 310 2429 Τί
327 2403 355 2430 δέ
375 2405 433 2430 ἐστι
449 2404 537 2437 τοῦτο,
554 2405 614 2440 ὅρα.
634 2405 863 2441 Εὑφραινόμενος,

83 2447 176 2481 φησιν,
200 2448 240 2478 εἰς
258 2448 329 2483 ὑμᾶς
343 2449 408 2484 ἐγὼ,
427 2450 549 2486 συνεργῶ
565 2451 627 2485 ὑμῖν
639 2452 679 2482 είς
689 2451 720 2478 τὸ
734 2452 780 2478 καὶ
795 2453 866 2487 ὑμᾶς

83 2492 186 2526 χαίρειν
197 2492 244 2519 ἐπὶ
260 2495 293 2528 τῇ
307 2496 359 2529 ἐμῇ
372 2494 405 2521 δι’
417 2495 488 2530 ὑμᾶς
500 2496 671 2532 εὐφροσύνῃι
680 2498 711 2524 Et
725 2497 771 2524 οὖν
784 2496 866 2534 ἦλθον

83 2537 124 2564 διὰ
135 2539 198 2570 τοὺς
217 2540 430 2575 ἁμαρτήσαντας
456 2542 555 2577 μηκέτι
573 2543 622 2577 μὲν
643 2543 866 2579 εὐφραινόμενος,

84 2584 188 2610 πενθῶν
198 2585 236 2617 δὲ,
251 2587 290 2617 εἰς
302 2586 390 2622 λύπην
404 2589 451 2615 καὶ
465 2589 537 2623 ὑμᾶς
562 2588 684 2616 ἔϐαλλον.
698 2589 868 2626 Ἐφεισάμην

83 2628 128 2655 οὖν
141 2630 238 2663 ἐλθεῖν,
253 2631 296 2658 ἵνα
317 2633 354 2667 μὴ
374 2634 509 2668 πρόφασις
526 2634 589 2670 ὑμῖν
600 2634 718 2669 ἀθυμίας
732 2635 865 2670 γένωμαι.

87 2683 95 2699 ι
114 2675 153 2709 Τῇ
168 2677 221 2712 γὰρ
233 2677 321 2704 πίστει
340 2679 484 2714 ἑστήκατε.
505 2689 514 2706 ι
530 2681 619 2707 Εἰπὼν
629 2681 670 2707 ὅτι
691 2690 699 2706 t
717 2683 750 2716 τῇ
775 2681 865 2708 πίστει

84 2720 225 2756 ἑστήκατε,
239 2724 367 2758 ἐμφαίνει
381 2726 422 2752 ὅτι
438 2728 483 2752 καὶ
499 2727 528 2753 ὲν
550 2727 641 2758 ἄλλοις
664 2728 841 2761 ἐσφάλλοντο,
853 2728 867 2754 ὃ

84 2767 129 2792 καὶ
145 2769 284 2804 σαφηνίζει
301 2771 413 2804 κατιὼν,
431 2772 460 2798 ὲν
470 2772 506 2807 τῷ
522 2773 592 2799 τέλει
608 2773 778 2808 Ἐπιστολῆς.

916 2269 1017 2304 gaudio
1036 2275 1064 2296 et
1082 2269 1251 2296 exultatione
1277 2274 1350 2294 esse.
1374 2276 1383 2292 ι
1408 2266 1460 2293 Sed
1487 2266 1628 2301 adjutores
1653 2273 1701 2293 su-

918 2324 987 2342 mus.
1011 2323 1020 2341 ι
1044 2314 1179 2347 Quoniam
1194 2313 1358 2348 arrogantia:
1373 2311 1518 2338 videbatur
1542 2318 1604 2339 esse
1626 2311 1701 2346 quati

916 2363 1023 2389 dixerat
1039 2370 1046 2388 :
1063 2369 1073 2386 ‹
1087 2360 1208 2387 Parcens
1231 2359 1321 2386 vobis.
1341 2367 1350 2384 ι
1369 2356 1521 2393 60811ιὶ5
1546 2359 1618 2384 enim
1638 2364 1702 2392 par-

917 2408 954 2435 cit
970 2407 1107 2442 quispiam
1123 2413 1207 2440 super
1222 2412 1291 2440 quos
1303 2405 1494 2431 auctoritatem
1509 2403 1601 2436 habet,
1618 2405 1699 2430 curat

918 2453 982 2486 hoc,
999 2457 1026 2480 et
1046 2453 1084 2480 ait
1101 2461 1107 2479 :
1126 2461 1135 2477 ι
1151 2450 1210 2478 Non
1224 2450 1297 2486 quod
1316 2453 1478 2484 potestatem
1493 2449 1606 2474 habeam
1623 2448 1652 2474 in
1665 2447 1697 2474 li.

917 2501 977 2529 dem
990 2504 1123 2531 vestram,
1143 2508 1152 2524 ι
1180 2498 1247 2529 dixi,
1278 2497 1424 2524 tl’arcens
1448 2496 1546 2529 vobis;
1571 2503 1580 2520 ι
1606 2494 1702 2530 (Fides

918 2547 1054 2582 siquidem
1077 2545 1177 2572 mentis
1194 2547 1235 2570 est
1255 2550 1286 2569 ac
1306 2542 1449 2569 electionis
1465 2549 1472 2568 :
1491 2549 1543 2568 ttec
1565 2540 1702 2574 quispiam

918 2594 1054 2620 nolentem
1070 2591 1144 2624 cogit
1157 2590 1190 2616 atl
1207 2588 1416 2622 credendum);
1444 2585 1491 2613 sed
1505 2586 1568 2620 quia
1587 2593 1596 2609 ι
1618 2585 1700 2618 adju-

919 2644 1003 2671 tores,
1026 2637 1122 2671 inquit,
1151 2641 1250 2662 sumus
1279 2631 1372 2668 gaudii
1393 2630 1490 2661 vestri,
1517 2638 1527 2655 ι
1555 2632 1701 2663 propterea

917 2685 985 2716 dixi,
1000 2692 1009 2709 ι
1030 2682 1150 2709 Parcens
1172 2681 1262 2707 vobis.
1283 2689 1291 2704 ι
1312 2678 1345 2704 Et
1368 2676 1555 2704 animadverte
1572 2673 1702 2708 quidnam

918 2728 971 2755 hoc
988 2728 1034 2754 sit.
1052 2726 1119 2760 Ego.
1140 2725 1239 2758 inquit,
1268 2724 1343 2750 circa
1365 2729 1414 2748 vos
1428 2720 1592 2751 oblectatus,
1607 2719 1633 2744 in
1648 2717 1702 2744 hoc

920 2774 997 2801 vobis
1010 2771 1113 2799 auxilio
1136 2778 1208 2802 sum,
1232 2772 1262 2796 ut
1284 2776 1333 2795 vos
1348 2766 1492 2803 gaudeatis
1509 2766 1537 2791 in
1557 2772 1628 2797 mea,
1644 2769 1705 2798 qua:

85 2838 196 2869 Propter
210 2843 260 2863 vos
281 2828 334 2869 est,
362 2838 556 2867 oblectatione.
574 2838 603 2866 Si
618 2846 684 2875 ergo
709 2839 860 2873 venissent,
884 2843 997 2875 propter
1026 2846 1074 2867 eos
1101 2837 1148 2873 qui
1168 2838 1348 2871 peccaverant
1387 2838 1559 2867 nequaquam
1592 2829 1704 2867 gavisus

140 2891 162 2907 "
178 2892 237 2920 Act.
248 2900 309 2926 χιιι,
322 2894 348 2922 8.
