1872 3053
87 144 142 177 937

545 145 737 176 COMMENT.
756 145 796 174 ΙΝ
814 145 931 174 EPlST.
954 144 981 175 ll
1003 145 1050 174 AD
1068 144 1251 176 CORlNTH.

1668 150 1720 181 938

91 200 225 237 μεγίστης
236 201 347 235 ἀγάπης
360 199 429 226 ὲστί.
464 208 472 225 ι
494 199 698 235 “spicae-sipo);
710 199 750 231 εἰς
764 199 845 234 ὑμᾶς.
867 207 876 224 ι
894 201 915 229 Α
930 207 978 226 vos

957 207 978 226 IS
1000 199 1128 233 peccetis,
1156 199 1282 226 maxima:
1307 198 1438 227 indicium
1462 204 1504 227 est
1525 200 1668 230 charitatls
1687 212 1719 231 ae

89 247 197 279 Πλεῖον,
213 246 292 281 φησὶ,
318 247 373 272 τῶν
400 244 502 271 λοιπῶν
530 252 580 279 μου
597 245 738 280 μαθητῶν.
757 245 810 270 Καὶ
825 244 880 279 γὰρ

88 293 183 320 πολλοὶ
195 293 286 319 πιστοὶ
298 289 368 327 ἦσαν
384 293 412 318 ὲν
432 291 557 326 Κορίνθῳ
573 291 620 317 καὶ
633 291 750 326 δόκιμοι,
770 299 779 316 ι
799 290 879 317 Ἀλλὰ

88 339 145 366 ἀπὸ
163 339 275 374 μέρους,
300 338 345 364 ἵνα
367 337 406 373 μὴ
434 336 560 372 ἐπιϐαρῶ
578 336 683 368 πάντας
709 336 791 371 ὑμᾶς,
814 345 823 361 ι
845 351 879 356 -

88 383 255 421 [ΘΕΟΔΩΡ.]
282 383 383 416 Μείζόν
401 392 427 410 τι
444 383 532 410 εἰπεῖν
554 382 702 418 ἠϐουλήθη,
719 383 766 410 καὶ
793 382 879 415 δεῖξαι

88 434 144 460 πᾶν
158 433 186 458 τὸ
203 432 282 467 σῶμα
293 431 342 467 τῆς
361 430 525 465 Ἐκκλησίας
540 430 708 465 κοινωνῆσαν
715 430 764 465 τῆς
777 429 876 465 λύπης,

87 479 158 506 ἀλλὰ
176 480 239 510 τοὺς
265 478 362 509 ἄλλους
379 479 490 509 πιστοὺς
509 476 683 509 καταλιπὼν,
705 478 759 504 τῶν
776 478 877 513 Κοριν-

86 525 153 552 θίων
169 524 354 560 ἐμνημόνευσε
370 524 458 559 μόνον.
475 523 560 550 Τοῦτο
571 524 624 559 γὰρ
636 523 720 559 δηλοῖ,
730 523 770 555 τὸ,
788 533 798 549 ι
812 523 878 550 Ἀπὸ

87 572 201 608 μέρους.
214 581 223 598 ι
241 571 306 602 Καὶ,
331 580 340 598 ι
352 571 412 598 Ἵνα
429 571 467 606 μὴ
484 570 619 605 ὶπιδαρῶ.
641 580 651 597 ι
674 569 742 597 Εἶτα
758 570 807 605 τὴν
823 579 877 597 πα-

86 618 184 654 τρικὴν
195 618 389 653 φιλοστοργίαν
405 618 504 652 γυμνοῖ
520 617 607 651 λέγων
618 624 625 631 ⁸
639 626 648 643 ι
659 616 810 651 Ἱκανδντῷ
820 625 876 643 τοι·

84 663 205 698 ούτῳ,η
235 662 361 698 ἐπιτιμία
389 661 470 697 αὓτη.
491 671 501 688 ›
533 661 663 688 Βούλεται
687 661 733 688 διὰ
761 661 874 692 τούτων,

85 709 198 744 ἀγάπην
215 709 371 744 κυρωθῆναι
388 709 428 739 εις
452 707 498 734 τὸν
515 707 740 743 πεπορνευκότα.
766 708 831 743 περὶ
843 703 874 734 οὗ

85 754 206 790 ἔγραψεν
220 755 248 780 ὲν
268 756 301 789 τῇ
319 754 416 790 πρώτῃ
446 753 600 789 Ἐπιστολῇ.
631 753 686 780 Καὶ
703 753 757 790 γὰρ
774 753 875 785 πάντες

84 799 168 827 αὑτὸν
185 799 254 836 ἦσαν
276 799 511 836 ἀποστραφέντος,
532 801 593 832 ταῖς
608 799 704 827 τούτου
720 799 874 827 κελεύσεσι.

85 847 141 874 Καὶ
167 847 217 882 ὅρα
237 847 262 873 τί
278 847 359 873 ποιεῖ,
388 846 541 878 Κοινωνοὺς
569 845 668 877 αὐτοὺς
684 846 800 872 ποιεῖται
823 845 874 880 τῆς

84 893 193 928 λύπης,
219 892 256 924 ὡς
274 894 350 928 κοινῇ
374 892 482 919 πάντων
493 891 670 927 λυπηθέντων
681 892 729 917 ἐπὶ
745 891 784 926 τῷ
795 900 871 925 γενο-

86 940 173 974 μένῳ,
191 939 235 965 ἴνα
250 940 297 966 καὶ
325 939 374 974 τῆς
389 938 532 974 διδομένης
548 937 712 972 συγγνώμης
740 937 871 971 γένωνται

86 987 222 1017 κοινωνοὶ,
239 985 286 1012 καί
301 993 392 1020 φησιν.
409 984 440 1010 Εἰ
455 983 484 1010 δέ
497 991 539 1015 τις
553 983 701 1018 λελύπηκε.
713 982 758 1009 τὸν
767 991 871 1016 πεπορ-

85 1033 205 1059 νευκύτα
220 1031 317 1065 λέγων,
332 1031 382 1057 οὐκ
399 1030 450 1065 ἐμὲ
474 1029 610 1065 λελύπηκε
628 1029 717 1063 μόνον,
741 1029 809 1055 ὰ).λὰ
826 1029 872 1055 καὶ

85 1080 156 1114 ὑμᾶς
175 1080 204 1105 ὲν
220 1079 307 1114 μέρει.
323 1076 409 1104 Τοῦτο
423 1076 477 1112 γὰρ
495 1077 535 1107 τὸ,
556 1085 566 1102 ι
585 1075 650 1102 ’Λπὺ
667 1076 777 1111 μέρους.
794 1085 803 1100 ›
828 1075 872 1101 Ἐν

86 1127 166 1161 μέρει
180 1125 209 1151 δὲ
222 1123 310 1157 εἷπον,
328 1123 422 1158 φησὶν,
449 1123 492 1149 ἵνα
511 1122 548 1158 μὴ
570 1122 704 1158 ὲπιὸαρῶ,
721 1123 870 1152 τουτέστιν.

84 1169 279 1205 ἐπιπαροξύνω
300 1168 457 1196 κατάὐτοῦ
481 1168 586 1198 πάντας
613 1167 696 1203 ὑμᾶς.
724 1168 760 1194 Ἦ
785 1167 872 1199 οὕτως

85 1215 146 1250 μεθ’
162 1215 316 1250 ὑπερϐατοῦ
328 1222 335 1229 ·
352 1213 495 1249 Λελύπηκε
512 1214 584 1249 ὑμᾶς
598 1214 626 1239 ὲν
642 1213 730 1249 μέρει.
745 1213 830 1240 Τοῦτο
843 1213 871 1240 δὲ

83 1259 175 1293 εἷπον,
192 1261 236 1288 ἵνα
252 1261 290 1296 μὴ
301 1260 463 1295 ὲπισαρήσω
477 1259 522 1286 τὸν
545 1259 763 1295 πεπορνευκότα,
775 1259 814 1295 τῷ
825 1260 872 1285 λέ-

83 1315 142 1340 γειν
158 1306 284 1333 τοσοῦτον
310 1307 375 1334 λαὸν
389 1306 471 1334 αὑτὸν
482 1306 675 1342 λελυπηκέναι.
691 1315 702 1331 t
722 1306 824 1332 Ἱκανὸν
835 1305 872 1341 τῷ

82 1351 198 1386 τοιούτῳ
211 1353 227 1387 ἡ
243 1351 368 1387 ιπιτιμία
382 1351 462 1387 αὕτη.
481 1360 491 1377 ι
511 1351 561 1378 Διὰ
585 1350 664 1378 τοῦτο
677 1351 708 1378 τὺ
723 1351 807 1388 ὖνομα
822 1351 872 1378 αὑ-

83 1398 129 1424 τοῦ
143 1398 208 1424 οὔτε
223 1399 290 1431 ἂνω,
305 1398 367 1425 οὕτε
393 1395 444 1425 ὧδε
463 1397 580 1434 τίθησιν,
607 1398 690 1425 αὑτοῦ
704 1398 871 1434 φειδόμενος,

83 1445 120 1480 μή
135 1453 197 1476 πως
214 1445 247 1480 τῇ
266 1444 399 1480 ὀνομασίᾳ.
419 1444 513 1476 αὑτοῦ,
540 1444 621 1472 πάλιν
646 1443 767 1479 ἀναζὲσῃ
782 1445 796 1470 ό
811 1443 871 1470 κατ’

82 1491 166 1517 αὐτοῦ
193 1491 248 1517 τῶν
277 1490 427 1525 Κορινθίων
442 1490 537 1526 Θυμῦς.
571 1500 580 1517 ε
597 1491 646 1522 Ὦς
663 1499 693 1517 τε
718 1490 872 1518 τούναντίον

932 245 1098 272 dilectionis.
1115 253 1125 271 ι
1140 245 1332 274 Abundantius
1349 254 1411 281 erga
1426 254 1486 275 vos.
1504 257 1513 272 ι
1531 247 1605 280 Plus,
1617 249 1718 284 inquit,

931 298 1013 325 quam
1040 298 1104 325 erga
1131 297 1245 319 caeteros
1269 299 1346 319 meos
1367 292 1529 328 discipulos.
1551 294 1619 322 Nam
1641 298 1719 324 multi

931 335 1075 363 credentes
1086 342 1117 362 ac
1133 335 1239 370 probati
1251 340 1330 364 erant
1341 336 1478 365 Corinthi.
1493 347 1502 364 ι
1517 339 1570 367 Sed
1582 348 1615 368 ex
1628 346 1718 376 parte,

931 389 965 410 ne
988 390 1132 418 aggravant
1155 391 1250 412 omnes
1273 392 1333 412 vos.
1357 393 1367 410 ι
1389 384 1477 419 Majus
1501 386 1603 422 aliquid
1625 388 1719 416 dicere

931 429 1027 462 voluit,
1045 433 1071 457 et
1090 430 1236 458 ostendere
1253 436 1338 459 totum
1359 431 1491 460 Ecclesiae
1517 441 1617 468 corpus
1634 435 1720 470 parti-

929 483 994 510 ceps
1011 482 1072 503 esse
1086 476 1213 504 maeroris
1222 485 1231 511 ι
1244 481 1270 504 at
1285 478 1393 506 ceteris
1407 478 1532 508 ﬁdelibus
1552 482 1718 516 praetermis-

929 521 979 554 sis,
999 521 1088 550 solum
1112 523 1237 550 meminit
1260 523 1465 553 Corinthiorum
1486 535 1493 553 :
1512 526 1564 554 hoc
1586 527 1659 554 enim
1682 528 1720 555 si-

928 567 1049 602 gniﬁcat,
1069 577 1078 594 ι
1098 568 1136 596 Ex
1150 573 1237 604 parte.
1258 579 1268 596 ι
1285 574 1322 603 et,
1343 579 1353 596 ι
1371 571 1409 598 Ne
1424 579 1579 608 aggravem.
1595 582 1604 598 ι
1617 573 1718 601 Deinde

928 614 1059 641 eximium
1085 622 1118 642 ac
1142 619 1286 650 paternum
1319 624 1439 645 amorem
1467 618 1568 654 detegit
1594 619 1690 648 dicens
1711 642 1716 646 .

929 668 940 684 ι
964 659 1071 687 Sufﬁcit
1087 661 1245 689 istiusmodi
1261 661 1365 690 homini
1380 663 1533 699 increpatio
1547 664 1614 692 haec.
1631 675 1640 692 ι
1655 665 1720 693 Vult

927 713 976 741 per
995 705 1053 734 haec
1068 706 1232 735 charitatem
1245 708 1401 736 conﬁrmari
1419 718 1483 746 crga
1496 718 1557 738 eum
1575 712 1621 746 qui
1640 719 1718 739 scor-

926 756 1002 780 tatus
1018 752 1118 786 fuerat,
1135 754 1168 782 de
1184 762 1240 790 quo
1257 755 1349 790 priore
1367 757 1478 792 scripsit
1493 758 1617 792 Epistula
1634 767 1641 785 :
1657 767 1718 785 om-

927 805 976 825 nes
999 798 1134 834 siquidem
1148 807 1181 827 ex
1195 800 1277 835 hujus
1294 806 1430 836 praecepto
1443 802 1552 830 fuerant
1565 811 1626 830 eum
1641 811 1719 831 aver-

928 845 992 872 sati.
1015 844 1047 872 Et
1072 845 1134 873 vide
1161 846 1227 882 quid
1259 851 1332 882 agat.
1350 848 1434 883 610
1462 846 1614 883 Participes
1637 849 1718 876 cfiicit

928 890 1002 926 ipsos
1020 891 1151 924 tristitiae,
1169 898 1299 928 tanquam
1316 894 1446 922 omnibus
1460 899 1573 930 propter
1595 895 1620 922 id
1644 897 1717 930 quod

925 937 1025 964 factum
1051 937 1141 965 fuerat
1160 946 1193 966 ex
1215 946 1293 974 aequo
1320 939 1507 974 contristatis',
1527 941 1655 968 utetiam
1674 950 1719 969 re-

924 983 976 1010 nitc
997 991 1058 1018 quae
1085 984 1167 1011 datur
1189 984 1257 1012 fiant
1280 993 1391 1021 quoque
1414 987 1573 1022 participes,
1594 991 1621 1015 et
1645 988 1684 1014 ait
1709 1004 1716 1022 ε

923 1029 1001 1062 Quod
1019 1031 1041 1057 si
1057 1031 1120 1066 quis
1135 1032 1321 1064 contristavlt,
1342 1032 1418 1059 illum
1434 1033 1529 1061 dicens
1542 1033 1587 1068 qui
1607 1038 1714 1061 scorta"

923 1081 968 1104 tus
995 1077 1093 1110 fuerat,
1111 1085 1164 1105 non
1187 1086 1230 1106 me
1250 1079 1425 1107 contristavit
1441 1080 1542 1112 solum,
1559 1081 1606 1108 sed
1623 1086 1648 1109 el
1668 1090 1716 1109 vos

923 1123 950 1150 in
967 1127 1044 1156 parte
1060 1132 1066 1149 :
1080 1131 1140 1150 nam
1155 1123 1206 1151 hoc
1221 1124 1368 1159 signiﬁcat,
1386 1134 1396 1151 ι
1416 1125 1444 1152 in
1461 1131 1548 1161 parte.
1568 1135 1577 1152 ι
1592 1126 1622 1153 In
1639 1132 1716 1161 parte

923 1172 1014 1196 autem
1028 1169 1096 1201 dixi,
1109 1169 1209 1204 inquit,
1225 1177 1259 1197 ne
1274 1177 1429 1206 aggravcm,
1445 1172 1496 1199 hoc
1510 1178 1562 1205 est,
1580 1173 1714 1201 adversus

923 1213 999 1240 illum
1025 1214 1188 1242 exacerbem
1210 1222 1306 1243 omnes
1327 1223 1385 1244 vos.
1414 1216 1468 1244 Aut
1487 1217 1539 1245 hoc
1555 1218 1635 1246 modo
1650 1226 1712 1246 cum

925 1259 1074 1294 hyperbato
1094 1269 1101 1287 :
1120 1259 1303 1288 Contristavit
1325 1269 1420 1290 omnes
1438 1271 1488 1291 vos
1505 1263 1531 1290 in
1547 1268 1640 1299 parte;
1660 1265 1712 1292 hoc

922 1310 1014 1332 autem
1030 1305 1099 1337 dixi,
1110 1313 1146 1333 ne
1170 1314 1233 1333 eum
1257 1306 1304 1342 qui
1323 1311 1461 1336 scortatus
1475 1309 1565 1337 fuerat
1579 1318 1712 1346 aggrava-

923 1358 993 1383 rem,
1011 1351 1128 1379 dicendo
1145 1352 1234 1387 ipsum
1252 1354 1431 1382 contristasse
1448 1359 1554 1382 tantum
1569 1356 1710 1390 populum.

926 1405 935 1422 ι
962 1394 1068 1423 Sufficit
1098 1395 1252 1424 istiusmodi
1286 1396 1390 1425 homini
1425 1398 1576 1434 increpatio
1607 1400 1675 1428 haec.
1699 1411 1708 1426 ι

923 1441 1071 1477 Propterea
1088 1450 1177 1478 neque
1193 1443 1321 1478 superius
1337 1451 1426 1479 neque
1444 1453 1518 1474 nunc
1538 1454 1638 1474 nomen
1652 1447 1712 1482 ejus

923 1489 1046 1524 apponit,
1061 1494 1186 1518 metuens
1210 1497 1244 1517 ne
1266 1498 1323 1525 quo
1347 1491 1428 1519 modo
1448 1491 1508 1527 ejus
1530 1493 1713 1528 appellatione

84 1537 189 1572 μᾶλλον
206 1537 276 1572 ὑμᾶς
290 1536 466 1572 χαρίσασθαι.
491 1546 501 1564 ι
521 1537 566 1570 Μὴ
583 1538 673 1572 μόνον,
686 1536 870 1573 (Manum;
885 1542 906 1572 c
924 1542 995 1563 rursr

958 1542 1034 1563 rsum
1058 1534 1248 1564 eﬁ‘ervcsceret
1270 1535 1400 1564 adversus
1423 1543 1484 1564 eum
1505 1537 1712 1566 Corinthiorum

82 1583 131 1618 τὴν
146 1583 317 1618 ἐπιτίμησιν,
333 1583 401 1610 ἀλλὰ
416 1583 462 1610 καὶ
477 1583 687 1618 παρακαλέσατε
715 1583 807 1616 αὑτὸν,
825 1583 872 1609 καὶ

83 1629 111 1655 ἐν
127 1630 165 1664 τῇ
181 1629 302 1666 προτέρᾳ.
314 1629 390 1664 ἔχετε
410 1629 495 1661 τάξει.
522 1629 657 1656 Ἑναντίον
680 1629 734 1664 γὰρ
750 1630 766 1664 ἡ
782 1629 873 1664 παρά-

83 1675 182 1710 κλησις
197 1676 246 1710 τῆς
263 1676 458 1710 ἐπιτιμήσεως.
475 1676 546 1710 Ὅρα
556 1675 596 1703 δέ.
616 1675 678 1702 Ἵνα
696 1676 733 1710 μὴ
744 1675 843 1710 νομίσῃ
857 1676 872 1702 ὁ

82 1720 278 1756 πεπορνευκὼς
288 1721 386 1754 ίκανῶς
403 1721 642 1756 μετανενοηκέναι,
659 1721 763 1748 καὶτοῦ
776 1721 869 1748 λοιποῦ

83 1768 270 1803 ῥαθυμότερος
284 1767 407 1802 γένηται,
424 1769 504 1803 φησί·
526 1777 535 1793 ι
550 1767 734 1802 Χαρίσασθαι,
753 1777 762 1793 ι
781 1767 811 1793 Εἰ
824 1767 872 1793 καὶ

82 1815 120 1849 μὴ
135 1814 224 1846 ἄξιος,
246 1815 338 1849 φησιν,
354 1815 412 1840 ἐστὶ
425 1814 517 1840 λαῦεῖν
528 1814 598 1841 κατὰ
611 1813 723 1849 ὀφειλὴν
739 1813 788 1849 τὴν
804 1821 870 1847 συγ-

81 1858 210 1893 γνώμην,
231 1859 268 1894 μή
286 1867 343 1890 πως
365 1859 398 1894 τῇ
419 1858 602 1894 περισσοτέρᾳ
622 1857 695 1894 λύπῃ
718 1857 869 1892 καταποθῇ,

80 1904 117 1935 ὡς
136 1905 152 1930 ὁ
170 1903 267 1935 Ἰούδας
284 1904 337 1930 ἀπὸ
351 1904 401 1938 τῆς
413 1904 535 1939 ἀμέτρου
551 1904 650 1938 λύπης.
665 1913 675 1930 t
697 1904 731 1930 'H
747 1911 868 1930 καταπο-

80 1950 112 1985 θῇ
129 1950 186 1976 ὑπὸ
197 1950 244 1977 τοῦ
258 1951 374 1978 Σατανᾶ.
392 1959 401 1976 ι
431 1950 511 1985 Δηλοῖ
529 1950 557 1977 δὲ
581 1949 664 1978 αὐτοῦ
687 1949 803 1985 ἄιιιθονον
818 1949 867 1984 τὴν

80 1995 182 2030 λύπην.

924 1581 1043 1609 animus.
1062 1589 1072 1606 α
1093 1581 1130 1610 Ut
1150 1589 1166 1610 e
1186 1581 1296 1610 diverso
1320 1583 1407 1618 magis
1427 1583 1603 1612 condonetis.
1623 1594 1633 1611 ι
1652 1584 1712 1612 Non

925 1628 1025 1661 solutn,
1044 1628 1143 1663 inquit,
1159 1628 1373 1664 inrrepationem
1389 1629 1500 1664 solvite,
1514 1638 1609 1659 verum
1626 1632 1710 1659 etiam

925 1673 1105 1701 consolemini
1123 1681 1197 1706 eum,
1211 1678 1238 1701 et
1254 1674 1283 1702 in
1306 1675 1391 1710 priori
1412 1677 1509 1704 ordine
1527 1684 1560 1704 ac
1579 1678 1712 1713 dignitate

926 1719 1066 1747 habetote.
1082 1718 1149 1746 Nam
1163 1721 1288 1755 opposita
1302 1726 1344 1749 est
1356 1723 1509 1751 consolatio
1520 1723 1709 1760 increpationi.

924 1764 1076 1793 Considera
1095 1772 1170 1797 vero,
1194 1765 1268 1800 quod
1283 1773 1318 1794 ne
1337 1768 1500 1795 existimetis
1520 1769 1567 1804 qui
1585 1773 1710 1804 stuprum

923 1810 1102 1839 commiserat
1115 1819 1144 1838 se
1160 1810 1326 1839 sufﬁcienter
1345 1813 1534 1848 pmnitentiam
1556 1815 1656 1850 egisse,
1678 1823 1711 1842 ac

923 1857 960 1884 ita
984 1857 1114 1892 deinceps
1137 1857 1247 1892 segnior
1269 1858 1356 1891 fieret,
1378 1860 1416 1886 ait
1438 1868 1446 1886 :
1467 1868 1476 1885 ι
1496 1860 1675 1889 Condonetis.
1695 1871 1705 1887 ι

924 1902 994 1936 Etsi,
1012 1903 1108 1938 inquit.
1124 1903 1225 1938 dignus
1246 1910 1300 1931 non
1321 1907 1365 1932 cst
1379 1904 1425 1939 qui
1443 1909 1574 1940 tanquam
1590 1907 1709 1934 debitam

924 1948 1043 1983 accipiat
1055 1948 1173 1981 veniam,
1187 1956 1235 1977 vos
1246 1955 1336 1977 tamen
1349 1950 1512 1983 condonate,
1526 1959 1560 1979 ne
1573 1952 1710 1987 quomodo

924 1994 1009 2022 nimia
1034 1994 1215 2023 absorbeatur
1237 1995 1360 2030 tristitia,
1377 1996 1607 2031 quemadmodum
1621 1997 1709 2026 Judas

79 2045 114 2071 ab
142 2043 292 2071 immodico
316 2051 444 2072 mmrorc.
469 2054 478 2069 ι
504 2043 552 2071 Vel
576 2043 757 2071 absorbeatur
776 2050 791 2069 a
815 2042 927 2070 Satana.
944 2052 954 2068 ι
971 2042 1112 2077 Signiﬁcat
1144 2046 1234 2070 autem
1267 2043 1451 2071 abundantem
1484 2043 1557 2072 illius
1587 2045 1709 2075 dolorem

80 2098 112 2116 ac
130 2091 249 2116 luctum.

113 2136 166 2162 Διὸ
181 2134 344 2169 παρακαλῶ
357 2135 453 2169 ὑμᾶς,
475 2135 606 2170 κυρῶσαι
630 2136 673 2168 εις
686 2134 778 2162 αὐτὸν
796 2134 868 2169 ἀγά-

79 2189 155 2215 πην.
176 2183 229 2214 Εἰς
248 2182 334 2208 τοῦτο
348 2182 402 2216 γὰρ
414 2181 542 2216 ἔγραψα,
567 2182 618 2208 ἵνα
641 2180 700 2216 γνῶ
716 2180 773 2214 τὴν
787 2180 867 2207 δοκι-

959 2133 990 2167 ΙΙ,
1012 2133 1090 2161 8-H.
1116 2133 1284 2168 Quapropter
1306 2136 1412 2163 obsecro
1435 2145 1479 2164 vos
1501 2137 1657 2172 con/innate
1680 2139 1708 2165 iu

922 2180 1000 2207 illum
1019 2180 1186 2207 charitotem.
1202 2179 1235 2207 In
1250 2181 1297 2208 ltoc
1313 2182 1381 2208 enim
1401 2183 1495 2217 scripsi
1507 2188 1535 2209 ut
1551 2192 1708 2218 cognoscant

77 2228 142 2263 μὴν
166 2227 260 2262 ὑμῶν,
278 2228 306 2254 ει
329 2229 371 2261 εις
385 2228 484 2254 πάντα
505 2227 635 2262 ὑπήκοοι
646 2228 725 2254 ἐστε.
742 2224 776 2263 ᾮ
794 2226 828 2253 δέ
841 2235 868 2253 τι
885 2241 909 2270 D
922 2228 995 2260 probi

957 2227 1103 2253 obalionem
1126 2228 1216 2258 cettri,
1236 2236 1270 2254 an
1297 2229 1331 2254 ad
1354 2229 1442 2255 omnia
1467 2229 1614 2257 obedienles
1638 2231 1705 2258 sitis.

80 2273 246 2308 χαρίᾶεσθε.
263 2274 312 2300 καὶ
325 2274 390 2308 ἐγώ.
401 2274 455 2301 Kal
464 2274 518 2309 γὰρ
530 2274 597 2309 ἐγὼ,
610 2274 637 2301 ει
645 2283 672 2300 τι
680 2273 869 2308 κεχάρισμαι,

79 2318 103 2355 ᾧ
114 2319 305 2355 κεχάρισμαι,
320 2319 357 2346 δι’
369 2320 445 2354 ὑμᾶς
459 2321 494 2347 ἐν
504 2320 652 2354 προσώπῳ
663 2319 802 2354 Χριστοῦ,
819 2319 870 2346 ἵνα

77 2367 119 2401 μὴ
133 2365 407 2400 πλεονεκτηθῶμεν
430 2366 490 2393 ὑπὸ
518 2365 572 2393 τοῦ
600 2365 728 2394 Σατανᾶ.
757 2366 798 2392 Οὺ
813 2364 868 2400 τὰρ

79 2413 174 2440 αὑτοῦ
188 2413 323 2447 νοήματα
340 2411 518 2447 ἀγνοοῦμεν,

115 2502 175 2528 Οὐκ
188 2502 228 2529 ἔτι
256 2502 293 2534 ὡς
311 2502 470 2533 διδάσκαλος
486 2501 603 2532 κελεύει,
622 2501 680 2528 ἀλλ’
696 2501 734 2533 ὡς
752 2501 867 2536 συνήγο-

83 2556 127 2582 ρος
143 2548 273 2580 δικαστὰς
287 2548 450 2582 παρακαλεῖ.
470 2556 478 2572 t
491 2548 620 2583 Κυρῶααι
635 2548 675 2578 εἰς
691 2547 772 2574 αὑτὸν
798 2547 869 2581 ἁγά-

83 2603 147 2629 πην.
163 2604 173 2620 ι
191 2595 234 2629 Μὴ
251 2595 354 2627 ἁπλῶς,
369 2596 437 2622 ἀλλὰ
452 2595 569 2628 παγίως.
593 2594 734 2629 Μεγίστην
745 2594 773 2621 δὲ
790 2595 869 2621 τοῦτο

81 2640 202 2667 δείκνυσι
232 2642 382 2677 Κορινθίων
404 2641 514 2676 ἀρετὴν,
539 2641 580 2667 ὅτι
598 2640 683 2672 οὕτως
699 2639 868 2675 μετεϐλήθη-

82 2694 143 2719 σαν,
156 2686 191 2718 ὦς
204 2695 233 2712 τε
250 2687 292 2721 ἐφ’
307 2684 328 2721 ᾧ
343 2687 476 2721 προτερον
498 2685 667 2721 ὲφυσιοῦντο,
699 2694 708 2710 t
721 2685 776 2712 Καὶ
789 2685 869 2720 ὑμεῖς

80 2733 148 2768 γὰρ,
159 2734 237 2768 φησὶ,
251 2734 454 2768 πεφυσιωμένοι
469 2732 542 2765 ἐστὲ,
561 2741 570 2758 ι
595 2732 642 2759 νῦν
653 2731 753 2767 ἔχθραν
766 2731 868 2758 ἄσπον-

80 2776 124 2801 δον
143 2775 226 2811 ἔχειν.
244 2785 253 2801 ι
275 2777 332 2803 Ἵνα
345 2777 400 2810 γνῶ
414 2777 463 2812 τὴν
492 2777 606 2812 δοκιμὴν
627 2776 714 2812 ὑμῶν.
733 2785 742 2802 ι
767 2775 821 2811 Τὴν
839 2777 868 2802 ὲν

80 2823 112 2856 τῇ
129 2823 234 2858 ὑπακοῇ
249 2822 380 2857 δηλονότι.
399 2832 407 2848 ι
420 2823 466 2855 Ei;
477 2823 556 2850 τοῦτο
569 2823 623 2858 γὰρ
634 2822 768 2858 Exposita”
786 2831 865 2849 τουτ-

134 2871 155 2885 “’
172 2870 182 2897 l
198 2872 260 2898 Cor.
281 2878 309 2902 ν,
322 2871 350 2898 2.

203 2918 339 2948 Parum"
357 2919 413 2948 Gal
439 2919 579 2950 CXVIII.

922 2270 972 2298 Cui
996 2278 1055 2298 vero
1076 2271 1234 2298 condonetis
1254 2272 1355 2308 aliquid
1371 2277 1396 2300 el
1417 2281 1464 2308 ego
1487 2275 1616 2302 condono.
1636 2274 1709 2302 Nam

921 2321 947 2344 et
973 2325 1019 2352 ego
1049 2318 1074 2345 εί
1100 2318 1164 2352 quid
1184 2318 1340 2351 condonavi,
1355 2320 1398 2346 cui
1422 2319 1579 2352 condonavi,
1604 2327 1709 2356 propter

922 2371 966 2390 vos
984 2363 1132 2391 condonavi
1155 2364 1182 2391 in
1204 2372 1313 2399 persona
1333 2365 1444 2399 Christi,
1462 2375 1494 2394 ne
1517 2368 1709 2395 circumvenia-

922 2417 982 2435 mur
997 2417 1013 2436 a
1034 2409 1150 2437 Salano.
1169 2409 1231 2437 Non
1253 2411 1321 2438 enim
1344 2412 1418 2439 illius
1438 2413 1611 2448 cogitationes
1632 2415 1708 2448 igno-

921 2462 1023 2483 ramus.

955 2500 1015 2529 Jam
1037 2509 1091 2529 nou
1114 2506 1144 2529 ut
1165 2507 1316 2538 praeceptor
1334 2503 1423 2538 jubet,
1448 2505 1494 2532 sed
1513 2510 1642 2542 tanquam
1661 2515 1707 2542 pa-

922 2554 1019 2576 tronus
1033 2548 1143 2584 judices
1168 2550 1342 2585 deprecatur.
1361 2560 1370 2576 ι
1390 2551 1556 2580 Confirmata
1584 2554 1610 2579 in
1633 2553 1707 2580 illum

921 2586 1094 2622 elraritatem.
1123 2604 1132 2621 ι
1152 2594 1213 2621 Non
1234 2600 1383 2631 utcunque,
1406 2597 1452 2624 sed
1479 2597 1603 2625 firmiter.
1621 2597 1707 2626 Maxi—

921 2647 993 2666 mam
1009 2644 1100 2667 autem
1115 2640 1321 2668 Corinthiorum
1338 2643 1460 2669 ostendit
1478 2643 1618 2674 virtutem,
1633 2646 1705 2678 quod

919 2685 988 2712 adeo
1007 2685 1145 2713 immutati
1161 2690 1263 2717 essent,
1278 2690 1308 2713 ut
1321 2687 1354 2714 de
1368 2695 1423 2721 quo
1436 2688 1512 2721 prius
1527 2687 1610 2714 inﬂati
1626 2693 1706 2716 erant

920 2738 952 2758 ac
979 2739 1040 2759 sese
1059 2732 1201 2767 iactabant
1212 2732 1298 2768 (nam,
1322 2742 1331 2758 ι
1359 2732 1393 2759 Ει
1414 2740 1474 2764 vos,
1497 2733 1595 2767 inquit,
1618 2733 1706 2762 inﬂati

919 2777 987 2805 estis
997 2779 1018 2793 "
1034 2777 1068 2812 ι),
1082 2786 1154 2805 nunc
1165 2777 1492 2806 odiumirreconciliabile
1510 2785 1706 2814 conceperant.

923 2833 932 2850 ι
957 2824 990 2851 Ut
1015 2832 1179 2860 cognoscam
1198 2825 1383 2860 probationem
1411 2823 1504 2852 vestri.
1528 2834 1537 2851 ι
1558 2825 1625 2853 Puta
1645 2834 1707 2862 qua:

1470 2921 1507 2951 30
