1872 3053
189 134 242 165 93.)

715 137 915 167 (ECUMENII
936 139 1081 168 TlilCCJE
1098 140 1267 170 EPISCOPI
1764 145 1806 177 94;)

185 191 212 218 in
235 190 390 219 obedientia
413 194 549 222 consistit.
582 205 590 221 ι
614 197 642 224 ῐιι
665 197 716 225 hoc
739 199 811 226 enim
834 200 943 235 scripsi.

1029 201 1086 228 ἐστι
1098 222 1104 232 ,
1124 202 1167 229 διὰ
1191 202 1269 229 τοῦτο
1285 203 1394 239 ἔγραψα
1429 205 1494 240 ὑμῖν
1512 204 1610 238 ταῦτα,
1638 205 1685 232 ἵνα
1703 206 1768 239 γνῶ,
1787 210 1806 233 εἰ

184 237 263 273 6-11
290 237 347 266 Hoc
371 244 428 273 est,
450 245 595 279 propterea
618 243 676 272 hmc
698 246 797 280 scripsi
823 246 919 278 vobis,
947 251 977 274 ut

184 291 349 318 cognoscam
371 290 463 313 utrunt
485 288 557 315 sicut
581 289 696 318 audistis
718 299 770 323 me,
787 296 814 319 et
833 299 881 320 vos
902 292 976 327 ipsos

186 330 220 357 ab
241 331 287 358 illo
312 332 472 366 separastis,
491 333 528 360 ita
553 342 662 370 quoque
680 336 707 363 in
725 337 777 364 hoc
799 346 843 366 me
856 338 976 366 audituri

185 376 246 403 sitis
268 381 297 404 ut
312 377 389 405 illum
413 380 565 414 recipiatis.
585 380 642 409 Hoc
667 383 802 418 signiﬁcat
820 393 826 411 :
849 394 859 410 ι
876 385 918 412 An
940 385 975 412 ad

184 422 276 449 omnia
290 423 450 452 obedientes
466 426 539 453 sitis.
558 435 567 452 ι
585 426 680 462 Itaque
693 435 746 456 non
761 429 847 456 solum
863 433 976 465 propter

184 468 256 496 illius
273 469 389 496 salutem
409 479 443 498 tte
456 472 540 499 nimia
557 473 754 502 absorberetur
769 475 891 507 tristitia,
905 475 974 503 scri~

184 514 240 547 psit
258 522 265 540 :
288 521 380 542 verum
399 516 481 543 etiam
498 517 638 545 adhortari
659 526 707 547 eos
724 520 780 547 vult
793 521 826 547 ad
844 520 973 548 obedien-

184 559 259 586 dum.

222 614 232 630 ι
255 605 303 634 Cui
330 614 397 635 vero
429 607 593 637 condonatis
620 609 733 645 aliquid.
757 621 766 637 ›
785 611 853 640 Vide
883 617 973 640 autem

183 653 257 687 quod
285 653 360 688 ipsos
398 655 487 688 primo
523 655 583 683 loco
605 656 790 691 collocaverit,
826 666 855 686 se
885 660 972 694 ipsum

181 706 248 726 vero
259 699 286 726 in
301 700 491 735 subsequenti.
519 701 622 730 Deinde
643 707 744 736 autem,
759 712 793 732 ne
806 705 948 733 audientes
964 714 970 732 :

185 753 194 769 ι
224 744 273 772 Cui
303 753 368 773 vero
395 747 559 775 condonatis
593 748 714 784 aliquid,
748 759 757 776 ι
785 751 912 779 dominos
943 759 973 779 se

182 798 244 818 esse
265 791 434 819 arbitrentur
452 793 484 820 ad
517 794 710 822 dimittendum
741 801 768 823 et
803 804 857 824 non
881 796 973 824 dimit-

184 836 307 870 tendum,
335 837 455 872 seipsum
481 846 591 874 quoque
614 840 738 876 adjungit
759 841 884 875 dicendo,
902 851 911 868 ι
938 842 972 869 Ει

1029 246 1084 281 ἄρα
1101 247 1194 283 ὥσπερ
1209 249 1342 283 ἠκούσατέ
1372 259 1423 285 μου
1447 251 1493 277 καὶ
1517 251 1676 286 ἀπεκόψατε
1703 253 1806 284 ἑαυτοὺς

1026 293 1074 319 ἀπ’
1090 293 1182 325 αὐτοῦ,
1197 293 1268 320 οὓτω
1285 304 1335 330 μου
1361 296 1511 324 ἀκούσεσθε
1523 298 1571 324 καὶ
1586 298 1626 329 εἰς
1639 298 1673 324 τὸ
1688 298 1805 330 δέξασθαι
1821 301 1824 309 ’

1027 338 1117 365 αὐτόν.
1132 338 1216 365 Τοῦτο
1234 339 1318 374 λέγει,
1342 350 1350 366 ι
1362 341 1393 367 Εἰ
1410 342 1449 374 είς
1467 342 1556 369 πάντα
1578 343 1696 377 ὑπήκοοί
1712 344 1778 369 ἐστε.
1795 353 1802 368 ι

1025 384 1131 411 Καίτοι
1146 385 1175 411 οὐ
1199 385 1279 420 μόνον
1292 386 1336 413 διὰ
1359 386 1406 422 τὴν
1421 387 1526 414 ἐκείνου
1543 388 1684 423 σωτηρίαν
1706 388 1748 415 ἵνα
1774 398 1805 422 μη

1025 430 1057 464 τῇ
1074 430 1258 465 περισσοτέρᾳ
1270 430 1342 466 λύπῃ
1358 432 1512 468 καταποθῇ,
1529 432 1660 467 ἔγραψεν,
1683 433 1750 459 ἀλλὰ
1766 435 1804 459 καὶ

1027 474 1235 510 προτρέψασθαι
1249 475 1345 507 αὐτοὺς
1357 475 1424 512 πρὸς
1437 476 1467 503 τὸ
1479 477 1620 512 πεισθῆναι
1631 477 1764 512 βούλεται.

1064 619 1073 635 ι
1084 606 1120 646 ’ᾯ
1129 609 1157 637 δέ
1170 619 1196 637 τι
1208 611 1363 646 χαρίζεσθε.
1376 620 1386 637 ›
1400 611 1480 646 Ὅρα,
1489 610 1587 643 αὐτοὺς
1603 612 1653 646 μὲν
1669 612 1699 638 ὲν
1709 621 1805 647 πρωτέ-

1024 659 1100 694 τύπῳ
1108 659 1230 695 τέταχεν,
1247 659 1342 685 ἑαυτὸν
1352 659 1379 686 δὲ
1388 659 1418 685 ὲν
1429 659 1624 695 παρεπομένῳ.
1637 659 1706 687 Εἶτα
1724 661 1763 686 ἵνα
1773 661 1804 695 μὴ

1024 705 1201 738 ἀκούσαντες,
1214 715 1223 731 ‹
1240 702 1261 739 ᾧ
1276 706 1305 732 δέ
1317 714 1343 731 τι
1358 705 1513 741 χαρίζεσθε,
1533 714 1542 731 ι
1558 705 1647 741 κύριοι
1664 706 1804 741 νομίσωσιν

1023 749 1091 778 εἶναι
1106 751 1153 778 τοῦ
1160 751 1286 778 ἀπολύειν
1296 753 1343 779 καὶ
1358 752 1406 787 μὴ,
1421 751 1469 778 καὶ
1481 751 1576 778 ἑαυτὸν
1584 752 1803 787 προστίθησι,τῷ

1023 798 1119 830 εἰπεῖν,
1132 808 1141 824 ι
1152 799 1207 825 Καὶ
1215 799 1269 832 ἐγώ
1286 808 1347 824 ›-‹
1354 799 1392 824 Δι’
1400 799 1471 833 ὑμᾶς
1479 799 1518 831 δὲ,
1529 799 1801 834 φησὶ,ξκεχάρεσμαι.ι

1024 842 1117 877 ’ῌόειν
1127 843 1180 879 γὰρ
1188 843 1368 878 χαριζόμενος
1384 843 1431 870 καὶ
1450 844 1512 878 ὑμῖν
1523 845 1555 870 ὲκ
1565 844 1674 871 τούτου.
1693 842 1756 870 Εἶτα
1766 844 1776 870 ἴ
1790 853 1804 871 α

182 889 242 917 ego.
264 892 274 908 ι
289 898 325 902 -
342 892 351 909 ‹
378 883 493 919 Propter
521 893 569 914 vos
595 891 685 914 autem
711 887 874 921 condonavi,
899 897 909 914 ι
931 888 964 915 in-

1026 887 1063 924 μὴ
1075 877 1190 924 νομισθῇ
1202 877 1235 915 διὶ
1246 889 1407 924 ἀνθρώπους
1430 877 1685 925 συγκεχωρηκέναι,
1702 890 1802 923 ἐπάγει,

183 929 254 962 quit.
266 928 455 958 lntellexeram
477 932 550 959 enim
568 940 610 960 me
627 941 660 960 ex
680 933 732 960 hoc
745 933 803 962 fore
818 934 896 962 vobis
908 943 971 970 gra-

184 977 250 1000 tum.
273 974 375 1003 Deinde
389 984 423 1004 ne
439 977 598 1006 existiment
612 984 724 1014 propter
740 979 865 1007 homines
880 981 970 1015 ipsum

182 1020 284 1055 aliquid
300 1022 483 1056 condonasse,
502 1024 644 1059 subjungit
661 1031 668 1051 :
689 1034 697 1050 ι
716 1024 744 1052 ln
760 1033 877 1060 persona
892 1026 971 1054 Chri-

182 1067 228 1094 sti.
248 1076 257 1092 ι
277 1067 334 1095 Hoc
350 1072 401 1102 est,
417 1069 566 1097 secundum
587 1070 728 1098 Christum
745 1071 796 1099 hoc
817 1071 930 1106 faciens,
943 1077 971 1101 et

181 1118 311 1148 tanquam
328 1115 354 1141 in
372 1120 520 1151 conspectu
535 1116 637 1145 Christi
654 1119 705 1146 hoc
723 1127 817 1154 agens.
832 1119 896 1153 Aut,
914 1130 922 1146 ι
939 1121 969 1148 ln

180 1166 295 1193 persona
313 1160 427 1193 Christi,
447 1171 456 1187 ι
477 1162 528 1190 hoc
551 1167 604 1196 est,
620 1164 654 1191 ad
679 1165 792 1199 gloriam
815 1165 916 1193 Christi
939 1169 968 1193 ttt

181 1205 270 1240 ipsius
286 1213 384 1233 nomen
399 1211 425 1234 et
441 1214 558 1241 persona
570 1208 604 1236 de
617 1209 784 1244 benignitate
800 1210 969 1246 gloriﬁcare-

180 1257 237 1278 tnr.
253 1251 394 1287 Siquidem
410 1253 497 1287 gloria
512 1253 614 1281 Christi
627 1259 669 1282 est
684 1263 796 1283 suorum
814 1256 969 1291 benignitas

178 1297 387 1332 discipulorum.
402 1297 430 1325 Si
452 1306 517 1335 ergo
532 1300 604 1334 quod
621 1300 660 1332 ﬁt,
680 1301 712 1328 ad
733 1300 848 1336 gloriam
865 1301 967 1330 Christi

179 1344 208 1370 tit
223 1352 230 1370 :
245 1345 382 1379 quomodo
395 1346 510 1380 potestis
529 1353 582 1373 non
600 1346 743 1381 ignoscere
758 1352 804 1374 aut
822 1348 897 1374 illum
913 1356 967 1375 non

178 1390 317 1424 recipere?
333 1399 341 1416 ι
363 1390 390 1418 1η
409 1398 526 1425 persona
541 1390 656 1418 Christi.
677 1400 686 1417 ›
705 1390 763 1419 Hoc
783 1396 835 1423 est,
858 1392 892 1419 ad
911 1394 969 1428 glo-

178 1436 246 1462 riam
265 1435 380 1470 Christi,
401 1440 448 1463 aut
466 1441 595 1470 tanquam
612 1437 672 1472 ipso
691 1436 803 1464 Christo
818 1438 898 1465 etiam
917 1439 967 1466 hoc

176 1481 301 1515 jubente,
314 1482 386 1516 quod
408 1482 583 1516 potissimum
600 1482 640 1509 eis
659 1483 807 1517 persuasit.
828 1492 837 1508 ι
857 1482 895 1511 Ne
912 1484 966 1511 cir-

177 1528 387 1555 cumveniamur
408 1536 423 1555 a
448 1529 560 1556 Satana.
580 1538 589 1555 ›
613 1529 681 1563 Hoc,
701 1529 799 1564 inquit,
813 1529 874 1557 dico
896 1538 930 1557 tte
952 1538 966 1557 a
981 1547 1001 1576 ο

178 1574 280 1601 Satana
303 1574 485 1609 decipiamur.
505 1573 585 1608 Nam,
600 1576 622 1603 si
654 1575 691 1602 ita
714 1575 917 1610 relinqueretur
938 1580 965 1603 et

176 1620 260 1646 nimia
286 1619 398 1646 tristitia
424 1619 630 1651 absorberetur,
656 1620 778 1648 futurum
801 1625 874 1648 esset
900 1625 928 1648 ut
950 1628 964 1648 ιι

175 1666 284 1693 diabolo
308 1666 598 1693 circumvenirentur:
620 1666 667 1693 ille
698 1666 831 1701 siquident
855 1667 964 1702 rapiens

176 1712 249 1746 quod
269 1720 349 1739 suum
371 1721 425 1739 non
441 1717 523 1745 esset,
543 1713 646 1740 Christi
663 1721 772 1749 gregem
787 1713 963 1746 diminueret,

176 1765 203 1785 et
234 1765 335 1792 corpus
365 1759 686 1794 nostrum‘dissiparet;
719 1766 815 1786 omnes
846 1766 965 1794 namque

177 1803 296 1831 invicem
313 1804 434 1832 membra
445 1804 522 1833 estis.
543 1814 552 1830 ι
573 1803 631 1831 Νοη
644 1805 717 1831 enim
735 1804 808 1832 illius
820 1805 964 1840 cogitatio-

176 1857 226 1877 nes
239 1849 408 1885 ignoramus.
431 1859 440 1876 )
457 1850 535 1884 Quod
551 1850 633 1877 varia:
651 1858 683 1878 ac
705 1851 806 1878 dolosae
827 1851 893 1884 sint,
909 1858 966 1878 nta-

176 1895 287 1931 lumque
304 1896 505 1924 machinantes.
519 1896 611 1932 Neque
632 1897 706 1924 enim
727 1905 760 1924 ex
781 1904 814 1924 eo
833 1897 965 1925 duntaxat

174 1942 247 1976 quod
270 1941 297 1969 in
319 1941 532 1970 fornicationem
559 1942 699 1978 conjiciat,
717 1949 811 1969 verum
829 1942 910 1969 etiam
930 1950 964 1969 ex

174 1994 294 2015 maerore
322 1989 368 2022 qui
394 1988 422 2015 in
448 1989 638 2023 resipiscentia
662 1987 792 2021 sumitur,
818 1991 907 2023 potest
931 1987 964 2014 ad

1025 943 1035 960 ι
1047 935 1090 962 Ἐν
1106 935 1242 971 προσώπῳ
1250 935 1395 970 Χριστοῦ,»
1408 935 1803 970 τουτέστι,κατὰΧριστδντοίο

1021 989 1052 1007 το
1069 981 1197 1017 ποιήσας,
1217 982 1255 1013 ὡς
1270 982 1316 1008 καὶ
1330 982 1373 1008 ἐπ’
1387 981 1464 1015 ὕψεσι
1490 981 1610 1017 Χριστοῦ
1634 981 1763 1016 πράττων
1778 981 1804 1007 τὸ

1022 1026 1134 1053 τοιοῦτο.
1150 1027 1197 1058 Ἦ,
1221 1036 1230 1052 ι
1256 1027 1299 1053 Ἐν
1311 1029 1450 1062 προσώπῳ
1465 1026 1601 1062 Χριστοῦ,
1621 1036 1630 1051 ι
1660 1026 1801 1057 τουτέστιν,

1022 1073 1061 1104 εἰς
1074 1072 1150 1104 δόξαν
1162 1073 1290 1107 Χριστοῦ,
1309 1073 1351 1100 ἵνα
1367 1073 1448 1100 αι)τοῦ
1465 1073 1495 1099 τὸ
1508 1073 1594 1106 ὄνομα
1613 1073 1661 1099 καὶ
1674 1073 1705 1099 τὸ
1723 1073 1803 1108 πρόσ-

1021 1127 1094 1144 ωπον
1109 1119 1154 1145 ἐπὶ
1186 1118 1376 1154 φιλανθρωπίᾳ.
1391 1118 1517 1154 δοξασθῇ.
1534 1119 1587 1145 Καὶ
1601 1120 1658 1153 γὰρ
1674 1118 1735 1150 δόξα
1744 1119 1803 1152 Χρι-

1022 1164 1096 1197 στοῦ,
1113 1165 1142 1191 τὸ
1162 1164 1217 1191 τῶν
1244 1164 1373 1199 μαθητῶν
1396 1163 1478 1190 αὐτοῦ
1498 1163 1703 1198 φιλάνθρωπον.
1716 1163 1746 1189 Ei
1762 1162 1801 1188 οὖν

1021 1211 1060 1241 εἰς
1077 1210 1156 1242 δόξαν
1169 1209 1287 1244 Χριστοῦ
1303 1209 1408 1243 γίνεται
1427 1209 1458 1235 τὸ
1471 1208 1613 1243 γινόμενον
1623 1228 1630 1240 ,
1657 1208 1717 1239 πῶς
1730 1207 1802 1234 δύνα-

1021 1256 1068 1282 σθε
1091 1255 1127 1291 μὴ
1157 1255 1310 1290 συγγνῶναι
1339 1254 1442 1290 καὶμὴ
1469 1253 1595 1286 δέξασθαι
1623 1253 1729 1285 αὑτόν;
1760 1253 1800 1285 To,

1025 1311 1034 1327 ί
1045 1302 1088 1328 Ἐν
1102 1302 1242 1336 προσώπῳ
1255 1300 1401 1335 Χριστοῦ,ι
1411 1299 1438 1335 ἥ,
1454 1300 1492 1332 εἰς
1508 1299 1586 1332 δόξαν
1595 1298 1726 1334 Χριστοῦ.
1740 1299 1755 1334 ἣ
1769 1298 1801 1328 ὡς

1020 1347 1067 1374 τοῦ
1086 1347 1204 1382 Χριστοῦ
1230 1348 1276 1373 καὶ
1291 1346 1371 1373 τοῦτο
1387 1345 1562 1378 κελεύοντος,
1588 1345 1602 1371 ὃ
1623 1345 1740 1380 μάλιστα
1757 1344 1799 1370 αὐ-

1020 1394 1082 1425 τοὺς
1100 1393 1216 1419 ἔπειθεν.
1237 1402 1245 1418 t
1259 1393 1318 1420 Ἵνα
1339 1392 1376 1428 μὴ
1404 1391 1661 1427 πλεονεκτηθῶμεν.
1682 1401 1691 1417 r
1721 1391 1800 1418 Τοῦτο

1019 1439 1047 1465 δὲ
1059 1439 1140 1473 λέγω,
1157 1439 1200 1464 ἵνα
1217 1438 1254 1473 μὴ
1267 1437 1509 1473 πλεονεκτηθῶμεν
1519 1437 1571 1463 ὑπὸ
1585 1436 1631 1463 τοῦ
1643 1437 1760 1462 Σατανᾶ.
1774 1435 1799 1460 Εἰ

1019 1485 1073 1520 γὰρ
1091 1484 1168 1519 εἱάυη
1186 1483 1284 1516 οὕτως,
1310 1484 1357 1510 καὶ
1372 1483 1404 1509 ὲκ
1431 1483 1480 1518 τῆς
1493 1482 1694 1517 περισσοτέρας
1721 1480 1798 1514 λύπης

1019 1530 1169 1564 κατεπόθη,
1189 1529 1337 1564 ἐμέλλομεν
1359 1528 1579 1555 πλεονεκτεῖσθαι
1605 1527 1661 1554 ὑπὸ
1685 1525 1731 1553 τοῦ
1746 1527 1797 1553 δια-

1018 1576 1106 1603 ϐόλου.
1122 1575 1158 1601 Τὸ
1172 1575 1209 1610 μὴ
1221 1574 1304 1601 αὐτοῦ
1322 1573 1376 1609 γὰρ
1391 1573 1550 1609 λαμϐάνων,
1566 1573 1663 1608 ὲμείου
1682 1573 1732 1608 τὴν
1746 1572 1797 1599 ποί-

1018 1630 1086 1657 μνην
1097 1621 1143 1648 τοῦ
1155 1620 1288 1656 Χριστοῦ,
1305 1621 1352 1647 καὶ
1369 1620 1415 1648 τοῦ
1431 1620 1556 1655 σώματος
1572 1620 1650 1655 ἡμῶν
1665 1620 1796 1655 ἀφῃρεῖτο-

1017 1667 1120 1698 nam;
1147 1666 1201 1702 γὰρ
1226 1666 1347 1701 ἀλλήλων
1375 1666 1442 1701 μέλη
1465 1666 1537 1699 ὲστὲ,
1556 1666 1648 1701 φησίν,
1675 1675 1685 1692 ι
1703 1666 1739 1692 Οὐ
1751 1665 1797 1700 γὰρ

1016 1713 1097 1740 αὑτοῦ
1112 1713 1146 1740 τὰ
1158 1713 1282 1748 νοήματα
1299 1712 1479 1748 ἀγνοοῦμεν-ι
1490 1713 1531 1739 ὃτι
1547 1712 1658 1740 ποικίλα
1672 1713 1716 1738 καὶ
1731 1711 1796 1737 δολε-

1017 1760 1052 1795 ρὰ
1065 1759 1112 1786 καὶ
1124 1758 1315 1794 κακομήχανα.
1332 1758 1369 1784 Οὐ
1388 1758 1442 1793 γὰρ
1463 1758 1543 1792 μόνον
1566 1759 1597 1784 ὲκ
1609 1757 1658 1784 τοῦ
1677 1758 1716 1789 ei;
1737 1764 1796 1790 πορ-

1017 1805 1090 1832 νείαν
1107 1804 1231 1831 ἐκϐαλεῖν
1249 1802 1433 1836 ὑποσκελίζει,
1451 1803 1517 1830 ἀλλὰ
1541 1804 1588 1830 καὶ
1605 1803 1637 1829 ὲκ
1648 1803 1699 1838 τῆς
1713 1804 1754 1829 ἐπὶ
1767 1803 1794 1835 τῇ

1018 1849 1184 1885 μεταμελείᾳ
1202 1849 1290 1884 λύπης
1302 1848 1414 1876 δύναται
1429 1848 1469 1880 εὶς
1483 1849 1640 1882 ἀπόγνωσιν
1670 1847 1794 1877 σκελίσιιι,

1017 1897 1080 1923 ὅταν
1094 1896 1213 1931 ἄμετρος
1271 1895 1356 1922 Ὅταν
1371 1893 1417 1921 οὖν
1440 1895 1486 1921 καὶ
1501 1895 1530 1927 ἐξ
1545 1891 1582 1921 ὧν
1595 1892 1795 1930 μεταμελόμεθι

1017 1943 1065 1969 καὶ
1080 1942 1108 1974 ἐξ
1127 1939 1164 1968 ὢν
1185 1941 1379 1976 ἁμαρτάνομεν
1391 1939 1523 1975 ἀλώσιμοι
1539 1940 1614 1975 αὑτῷ
1633 1941 1726 1975 ἐσμεν,
1744 1939 1795 1968 πῶς

1019 1987 1080 2022 οὐχὶ
1096 1986 1349 2021 πλεονεκτούμεϐσ.;

175 2036 396 2071 desperationem
419 2036 612 2071 supplantare,
633 2036 656 2064 si
683 2036 766 2063 fuerit
789 2035 965 2064 immodicus.
982 2035 1209 2070 Quandoquidem
1229 2043 1294 2070 ergo
1315 2039 1342 2062 et
1361 2043 1393 2062 ex
1409 2042 1442 2062 co
1461 2033 1533 2070 quod
1550 2040 1708 2068 peccamus,
1729 2036 1753 2059 et
1766 2038 1792 2057 ex

175 2088 207 2110 eo
227 2082 298 2117 quod
321 2081 521 2117 resipiscimus,
537 2081 616 2108 facile
639 2081 673 2108 ab
693 2089 726 2108 eo
761 2081 895 2115 capimur,
910 2089 945 2108 an
965 2089 1021 2109 non
1039 2081 1119 2116 plane
1132 2080 1378 2108 circumvenimur?

431 2138 514 2174 δη
531 2136 645 2166 CAPUT
664 2137 709 2165 ιιι.

173 2185 212 2213 De
226 2185 343 2212 utilitate
358 2191 403 2218 per
418 2183 503 2217 ipsum
519 2182 641 2216 prastita
655 2181 697 2208 his
711 2182 756 2216 qui
768 2181 853 2210 idonei
866 2188 960 2216 essent,

286 2227 332 2253 per
346 2226 425 2253 quant
442 2218 523 2244 etiam
538 2218 718 2244 commendari
732 2225 758 2244 se
771 2218 845 2245 dicit.

206 2267 240 2297 ll.
258 2267 300 2298 l2,
322 2266 364 2292 l5.
391 2264 523 2292 Craterum
545 2272 605 2290 cum
631 2263 757 2290 venissent
779 2263 905 2290 Troadem
926 2264 961 2290 ad

173 2312 344 2347 Erangelium
366 2310 478 2342 Christi,
496 2315 520 2336 et
546 2310 643 2336 ostium
660 2309 723 2336 mihi
750 2315 870 2343 apertum
893 2315 961 2337 esset

172 2368 217 2394 per
235 2358 387 2389 Dominum,
416 2365 467 2383 non
486 2355 566 2382 habui
586 2355 776 2383 relaxationem
792 2357 889 2391 spiritu
905 2364 961 2383 meo

171 2413 201 2432 eo
221 2404 290 2439 quod
312 2410 364 2429 non
382 2401 539 2428 invenissem
561 2400 649 2428 Titum
669 2400 779 2436 fratrem
801 2409 898 2433 meum,
914 2402 958 2428 sed

174 2459 233 2478 cum
249 2449 304 2476 iliis
320 2448 516 2480 ualedixissem,
532 2447 586 2474 abii
602 2448 628 2474 in
644 2446 838 2474 Macedoniam.

207 2496 267 2523 Non
290 2494 394 2530 vulgari
422 2494 504 2521 modo
529 2493 720 2529 peregrinatus
746 2501 806 2520 sum
821 2513 828 2525 ,
852 2493 897 2519 sed
925 2492 958 2518 ad

171 2542 360 2578 Evangelium,
377 2541 428 2568 hoc
447 2545 500 2572 est,
516 2540 549 2567 ad
573 2540 638 2567 illud
659 2539 871 2575 prmdicandum.
893 2547 902 2564 ι
928 2539 960 2565 Iit

172 2588 272 2615 ostium
302 2587 366 2613 mihi
392 2590 516 2621 apertum
544 2590 627 2613 esset.
650 2595 658 2611 ι
683 2584 746 2611 Vult
773 2584 864 2610 dicere
886 2584 958 2618 quod

172 2639 269 2669 prmlcr
295 2633 466 2664 amictiones,
483 2633 566 2659 etiam
588 2632 641 2659 Titi
665 2631 788 2658 absentia
806 2630 893 2664 ipsum
916 2630 959 2655 af-

171 2681 250 2713 ﬂixit,
275 2679 424 2708 ostendens
451 2683 582 2713 quantum
608 2679 642 2705 sit
669 2677 754 2703 fratre
776 2677 887 2711 privari.
904 2676 958 2703 Net-

172 2731 261 2752 tamen
276 2724 364 2752 dixit:
378 2723 436 2750 Non
456 2722 611 2757 praedicari,
627 2725 673 2748 aut
690 2721 786 2748 salutis
800 2729 894 2748 eorum
910 2722 956 2756 qui

170 2772 202 2798 ad
218 2771 296 2798 ﬁdem
313 2770 480 2797 accedebant
498 2775 593 2795 curam
612 2775 664 2795 non
682 2768 774 2799 habui,
791 2768 848 2801 sed,
870 2777 879 2793 ι
896 2767 956 2795 Non

169 2817 251 2844 habui
267 2817 464 2844 relaxationcm
481 2815 580 2850 spiritu
596 2822 671 2847 meo;
692 2824 701 2841 ι
719 2815 770 2843 hoc
785 2820 838 2846 cst,
857 2823 956 2842 intere-

170 2864 230 2890 tatn
256 2866 283 2890 ct
310 2862 452 2888 anxiabar.
473 2861 634 2888 Praedicatio
656 2862 747 2898 itaque
771 2863 805 2889 ob
831 2861 883 2888 hoc
904 2870 956 2889 non

1320 2137 1445 2164 ΚΕΦΑΛ.
1463 2136 1500 2164 Γ’.

1014 2182 1084 2216 Περὶ
1101 2182 1157 2215 τῆς
1167 2182 1204 2209 δι’
1220 2182 1313 2209 αὐτοῦ
1328 2182 1473 2216 ὡφελείας
1485 2181 1547 2214 τοῖς
1559 2182 1747 2216 ἐπιτηδείοις,
1759 2179 1792 2206 δι’

1184 2216 1223 2253 ἧς
1237 2217 1286 2244 καὶ
1299 2218 1506 2245 συνίστασθαί
1520 2225 1624 2251 φησιν.

1057 2264 1166 2291 Ἐλθὼν
1176 2263 1210 2290 δὲ
1224 2265 1267 2296 εὶς
1285 2263 1342 2297 τὴν
1361 2263 1487 2297 Τρωάδα,
1506 2265 1549 2297 εἰς
1565 2263 1598 2290 τὸ
1619 2262 1793 2298 Εὐαγγέλιιγν

1014 2309 1067 2336 τοῦ
1079 2308 1218 2343 Χριστοῦ,
1231 2308 1378 2342 καὶθύρας
1389 2316 1440 2342 μοι
1449 2308 1638 2342 ἀνεῳγμένης
1650 2309 1684 2334 ἐν
1694 2307 1790 2340 Κιφίῳ,

1014 2356 1068 2382 οὐκ
1083 2355 1202 2389 ἔσχηκα
1219 2354 1327 2381 ἄνεσιν
1341 2353 1381 2386 τῷ
1400 2353 1546 2388 πνεύματι
1557 2362 1617 2388 μου
1640 2353 1680 2385 τῷ
1693 2352 1732 2386 μὴ
1750 2352 1792 2377 εὑ-

1009 2400 1076 2434 ρεῖν
1086 2409 1124 2435 με
1140 2399 1224 2426 Τῖτον
1239 2400 1292 2427 τὸν
1309 2399 1444 2434 ἀδελφόν
1462 2409 1532 2434 μου.
1553 2400 1640 2427 Ἀλλὰ
1651 2397 1790 2429 ἀποταξά-

1011 2455 1100 2481 μενος
1113 2445 1225 2478 αὐτοῖς,
1237 2445 1369 2480 ἐξῆλθον
1382 2447 1424 2477 εἰς
1443 2446 1641 2472 Μακεδονίαν.

1047 2492 1104 2526 Οὐχ
1122 2490 1217 2522 ἁπλῶς
1234 2491 1427 2526 ἀποδημήσας,
1449 2490 1506 2516 ἀλλ’
1522 2491 1562 2521 είς
1575 2491 1605 2516 τὸ
1618 2489 1784 2523 Εὐαγγέλιονν

1013 2538 1162 2569 τουτέστιν,
1197 2537 1242 2564 ἐπὶ
1255 2537 1284 2563 τὸ
1299 2537 1415 2571 κηρύξαι
1430 2536 1605 2571 ἀπεδήμησα.
1621 2545 1629 2561 ι
1647 2536 1699 2561 Καὶ
1714 2534 1788 2567 θύρας

1014 2592 1059 2619 μοι
1075 2583 1260 2618 ἀνεῳγμένης.
1280 2592 1289 2608 ι
1307 2583 1384 2609 Θέλει
1405 2583 1492 2608 εἰπεῖν
1519 2582 1560 2607 ὃτι
1576 2581 1644 2616 πρὸς
1662 2581 1715 2611 τοῖς
1735 2586 1787 2604 πει-

1014 2631 1138 2665 ρασμοῖς,
1155 2631 1201 2655 καὶ
1214 2629 1357 2664 summa:
1372 2628 1465 2661 Τίτου,
1480 2629 1560 2654 αὐτὸν
1575 2627 1676 2658 ἔθλιϐε,
1692 2625 1787 2653 ὃεικνὶς

1010 2677 1071 2703 ὅσον
1087 2676 1160 2703 ἐστὶν
1177 2676 1292 2710 ἁδελφοῦ
1308 2676 1471 2710 στερεῖσθαι.
1488 2675 1560 2709 Πλὴν
1574 2675 1624 2701 οὐκ
1641 2672 1724 2705 εἶπεν,
1737 2671 1786 2698 Οὐκ

1010 2722 1140 2758 ἐκήρυξα,
1154 2723 1237 2756 ἦγουν
1245 2722 1293 2756 τῆς
1306 2721 1442 2757 σωτηρίας
1455 2721 1510 2747 τῶν
1525 2722 1689 2756 προσιόντων
1702 2719 1732 2752 τῇ
1746 2715 1784 2742 πίν

1009 2778 1066 2796 στει
1084 2769 1133 2796 οὐκ
1148 2768 1304 2803 ἐφρόντισα,
1325 2768 1393 2800 ἀλλ’,
1415 2777 1424 2793 ι
1437 2768 1494 2794 Οὐκ
1524 2767 1628 2802 ἔσχηκα
1654 2766 1740 2793 ἄνεσιν
1752 2761 1784 2795 τῷ

1010 2815 1146 2849 πνεύματί
1163 2823 1224 2849 μου,
1246 2823 1255 2838 ι
1275 2813 1425 2845 τουτέστιν,
1450 2811 1607 2846 ἐλυπούμην
1633 2812 1678 2838 καὶ
1690 2806 1783 2844 ἠδημό-

1011 2871 1084 2889 νουν.
1096 2862 1133 2888 Τὸ
1149 2862 1198 2896 μέν
1213 2869 1254 2888 τοι
1265 2861 1406 2896 κήρυγμα,
1423 2859 1453 2886 οὑ
1469 2859 1540 2894 παρὰ
1555 2857 1635 2885 τοῦτο
1652 2851 1783 2891 ὲνεμποδί·
