1872 3053
143 133 199 166 943

670 128 869 159 (ECUMENII
891 128 1039 158 'l‘RlCC/E
1060 128 1231 158 EPISCOPI

1722 127 1777 160 944

150 213 157 229 ι
181 203 314 236 Quoniam
333 201 435 229 Christi
459 201 529 228 bona
546 199 695 235 fragrantia
714 206 820 225 sumus.
846 207 855 224 ι
873 197 889 225 1V

1034 208 1038 222 ν
1052 200 1252 234 ἀναφερομένη.
1267 199 1342 231 Πὼς;
1359 198 1376 233 ἦ
1392 198 1504 230 ἑαυτοὺς
1521 198 1740 234 ἱερουργοῦντες,
1758 199 1773 232 ἦ

144 250 251 282 solum,
277 249 384 283 inquit.
407 248 504 274 bonam
531 246 707 281 fragrantiam
730 245 930 280 prmdicamus,

144 303 238 321 verum
254 294 335 322 etiam
357 301 408 320 nos
430 292 546 328 apostoli
563 292 634 319 bona
658 291 808 326 fragrantia
824 298 930 324 sumus,

143 348 204 374 qua)
221 348 234 366 a
251 339 363 366 Christo
384 337 439 365 Deo
455 337 537 364 veluti
561 337 686 371 emergit.
700 336 863 369 Quomodo?
877 337 930 364 Aut

145 392 194 411 nos
216 383 291 418 ipsos
314 381 512 413 sacriﬁcantes,
530 385 577 407 aut
594 379 714 407 externis
733 379 929 408 afﬂictionibus

143 430 265 464 quotidie
289 428 450 461 n-oricntes,
473 426 556 462 614
574 430 602 454 et
627 426 654 453 in
675 425 778 452 Christi
802 425 930 453 victimas

141 475 270 510 repulati.
301 484 310 500 ι
331 473 359 501 ln
382 473 427 501 bis
453 474 499 508 qui
521 473 589 500 salvi
615 472 692 499 fiunt.
710 481 719 497 ι
747 471 818 498 Bena
845 471 928 506 igitur

142 521 291 555 ﬂagrantia
309 527 415 552 sumus,
431 523 457 545 et
474 518 572 545 bonam
596 516 774 552 fragrantiam
797 515 928 550 praedica-

141 576 201 594 mus
218 576 224 594 :
242 567 299 594 sive
317 566 379 601 quis
401 573 434 593 ex
458 565 510 592 hoc
527 564 618 591 salvus
636 563 682 590 ﬁat
698 570 747 597 per
765 562 854 594 ﬁdem,
870 561 928 589 sive

141 617 233 648 pereat
260 620 308 647 per
336 611 568 639 incredulitatem.
593 608 828 642 Quemadmodum
854 607 927 635 enim

139 660 179 686 sol
202 662 229 685 et
254 658 306 684 mel
327 657 361 684 ab
383 656 428 684 his
449 655 496 690 qui
522 656 670 682 czecutiuut
687 658 734 680 aut
750 654 816 680 vitio
838 652 927 680 atfecti

140 709 214 738 sunt,
231 712 284 731 non
302 703 380 738 juxta
394 710 472 730 suam
493 701 697 736 perspiciuntur
712 704 836 726 naturam
854 708 862 726 :
880 699 927 727 sed

139 759 195 778 non
215 750 250 777 ob
273 750 298 777 id
324 750 369 777 ilie
391 748 501 783 quidem
516 747 681 774 tenebrosus
699 750 752 778 est,
768 746 820 772 hoc
835 749 926 772 autem

139 803 272 828 amarum,
287 796 323 822 ita
340 799 369 822 et
384 801 434 821 nos
447 798 475 821 et
493 791 664 828 praedicatio,
685 798 842 826 quanquam
858 798 927 818 non-

138 843 206 870 nulli
221 843 256 869 ob
274 840 495 868 incredulitatem
510 842 634 874 pereant,
651 845 706 865 non
721 838 756 865 ob
773 837 798 864 id
812 845 866 864 non
886 842 927 865 est

984 245 1039 272 ἀπὸ
1054 245 1107 271 τῶν
1117 245 1216 278 ἔξωθεν
1233 245 1294 271 καθ’
1310 245 1416 279 ἡμέραν
1431 245 1660 280 ἀποθνήσκοντες,
1673 244 1722 272 καὶ
1736 246 1775 275 εἰς

984 292 1067 327 ἱερεῖα
1080 290 1248 325 λογιζόμενοι
1265 290 1393 325 Χριστοῦ.
1413 300 1423 316 ι
1443 291 1486 317 Ἑν
1495 292 1552 322 τοῖς
1567 289 1749 325 σωζομένοις.
1763 300 1771 315 ι

982 337 1087 364 Εὑωδὶα
1097 337 1241 371 τοιγαροῦν
1257 338 1340 371 ἐσμεν
1353 356 1360 368 ,
1378 337 1424 363 καὶ
1440 336 1554 364 εὐωδίαν
1583 336 1773 372 κηρύσσομεν,

981 383 1032 410 κάν
1047 391 1089 414 τις
1105 383 1137 409 ὲκ
1154 382 1248 409 τούτου
1263 383 1383 417 σώζηται
1397 383 1441 410 διὰ
1459 383 1509 417 τὴν
1524 383 1627 414 πίστιν,
1651 382 1703 408 xiv
1732 391 1774 412 τις

980 429 1128 456 ἀπόλλυται
1143 428 1177 455 δι’
1193 429 1332 455 ἀπιστίαν.
1354 429 1459 464 Ὥσπερ
1474 429 1529 463 γὰρ
1549 430 1563 456 ὁ
1577 430 1653 464 ἥλιος
1675 429 1723 454 καὶ
1745 428 1774 454 τὸ

980 474 1054 510 μέλι,
1077 475 1133 506 τοῖς
1153 473 1361 509 ἀμϐλυώττουσι
1381 475 1428 501 καὶ
1451 476 1507 505 τοῖς
1526 474 1725 508 κακουμένοις,
1742 474 1773 499 οὗ

979 519 1049 546 κατὰ
1063 519 1112 554 τὴν
1123 518 1227 545 οἰκείαν
1239 519 1335 554 ὁρᾶται
1348 518 1440 552 φύσιν,
1457 519 1515 546 ἀλλ’
1528 519 1558 545 οὺ
1572 519 1645 554 παρᾶ
1661 519 1744 545 τοῦτο
1757 519 1772 552 ῆ

980 565 1115 596 σκοτεινὸς
1138 565 1240 596 ἐκεῖνος
1258 565 1274 599 ἢ
1293 564 1323 591 τδ
1336 564 1397 599 μέλι
1414 564 1523 599 πικρὸν,
1553 564 1639 595 οὓτως
1667 564 1716 590 καὶ
1744 564 1774 589 τὸ

979 612 1111 645 κήρυγμα
1137 611 1184 637 καὶ
1199 611 1290 645 ἡμεῖς,
1316 611 1368 636 κᾶν
1385 609 1550 636 ἀπὸλλυνταί
1566 618 1638 638 τινες
1653 610 1686 644 τῇ
1701 609 1774 635 ἁπι-

979 657 1049 691 στίᾳ,
1063 657 1093 683 οὺ
1113 657 1188 692 παρὰ
1212 656 1291 683 τοῦτο
1314 657 1364 683 οὐχ
1388 656 1446 682 ἐστι
1468 655 1653 690 πνευματικὸν
1672 655 1773 690 μύρον,

977 701 1045 728 ἀλλὰ
1057 701 1103 728 καὶ
1120 702 1190 728 κατὰ
1206 702 1285 728 τοῦτό
1298 703 1355 728 ἐστι
1377 701 1526 736 θαυμάσαι,
1539 701 1580 727 ὃτι
1593 700 1656 732 τοὺς
1668 701 1775 731 κακοὺς

978 751 1093 786 ἐλέγχει.
1117 751 1194 778 Ἐπεὶ
1220 751 1267 778 καὶ
1285 751 1314 777 τὸ
1341 751 1426 786 μύρον
1443 751 1506 782 τοὺς
1533 750 1641 785 χοίρους
1662 748 1775 781 πνίγειν

977 796 1066 830 λόγος,
1095 797 1142 823 καὶ
1172 797 1202 823 τὸ
1234 796 1288 832 πῦρ
1316 796 1366 828 τὰς
1395 796 1516 828 ἀκάνθας
1548 795 1717 822 ἀναλίσκειν.
1737 808 1775 814 -

979 841 1105 879 [-ιΩΑΝ.]
1119 843 1169 869 Ἂν
1181 852 1211 869 τε
1228 843 1283 878 γὰρ
1298 843 1480 877 σώζηταίτις,
1495 842 1587 877 φησὶν,
1601 841 1634 868 ἄν
1641 849 1670 867 τε
1684 840 1775 866 ἀπόλ-

141 888 285 924 spirituale
300 890 469 922 unguentum
487 894 495 912 :
516 885 582 920 quin
604 884 695 919 potius
715 891 748 911 ex
771 884 822 912 hoc
845 884 877 910 ad

1034 898 1069 920 ιι,
1083 878 1113 915 τὸ
1127 889 1293 923 Εὑαγγὲλιον
1306 889 1355 924 τὴν
1371 889 1475 915 οἰκείαν
1491 888 1593 923 ἀρετὴν
1604 888 1666 922 ἕχον
1681 887 1773 921 μένει.

140 935 255 963 randum
279 938 330 965 est,
353 932 428 968 quod
452 939 552 967 pravos
577 935 674 965 arguat
698 938 730 958 ac
758 931 928 958 ceuvincat:

141 983 205 1016 quia
219 985 245 1008 ct
257 983 424 1014 unguentum
440 985 538 1013 porcos
553 976 687 1004 sull‘ocare
700 976 810 1009 dicitur,
821 981 848 1004 et
860 976 929 1011 ignis

139 1028 234 1062 spinas
250 1031 458 1053 consumere.—
468 1023 535 1050 Nam
551 1023 609 1050 sive
624 1022 759 1057 quispiam
775 1022 867 1050 salvus
883 1022 930 1049 ﬁat

141 1081 198 1099 sive
207 1076 309 1107 pereat,
317 1069 493 1104 Evangelium
503 1069 530 1096 in
540 1076 588 1096 sua
601 1072 741 1103 permanet
754 1068 861 1095 virtute.
870 1067 929 1095 Non

140 1118 215 1145 enim
230 1116 317 1152 ipsius
329 1123 398 1150 opus
413 1119 456 1142 est
474 1114 601 1150 perditio,
615 1114 662 1141 sed
680 1113 884 1149 ingratitudinis
896 1113 929 1140 il-

140 1166 238 1191 lorum.
252 1172 262 1188 (
280 1162 328 1190 llis
339 1161 448 1196 quidem
463 1162 530 1189 odor
549 1160 644 1188 mortis
659 1160 693 1187 ad
706 1164 830 1188 mortem.
843 1169 852 1186 ι
869 1159 929 1188 Non

138 1217 169 1236 ex
184 1208 293 1244 propria
310 1213 419 1240 natura,
436 1207 483 1234 sed
498 1214 532 1233 ex
545 1206 666 1241 ipsorum
680 1205 795 1234 malitia.
812 1205 927 1238 Quando

137 1255 319 1283 viviﬁcativus
329 1257 373 1282 est
382 1258 428 1280 aut
437 1252 546 1288 quidem
560 1256 586 1280 et
597 1251 724 1279 Christus
736 1252 804 1287 lapis
815 1256 874 1279 erat
888 1252 929 1279 of-

142 1301 276 1329 fensionis
289 1305 315 1328 et
329 1304 405 1336 petra
421 1299 543 1327 scandali
560 1299 602 1326 his
614 1298 660 1334 qui
673 1298 927 1333 pereunt.—Aliud.

138 1348 219 1375 Juxta
245 1347 361 1374 inditum
385 1346 487 1381 cuique
509 1345 651 1376 allectum,
675 1345 767 1371 suavis
791 1344 860 1371 odor
881 1349 929 1371 aut

139 1393 265 1421 mortifer
280 1401 286 1419 :
303 1391 532 1427 quemadmodum
558 1390 582 1418 si
600 1391 670 1417 idetu
686 1395 854 1425 unguentum
868 1397 929 1418 sca-

139 1441 221 1467 rabeo
245 1443 272 1467 et
294 1439 429 1466 columbae
455 1440 636 1473 proponatur,
652 1444 704 1463 non
724 1436 794 1463 idem
810 1436 836 1463 in
852 1440 929 1463 utro-

135 1493 191 1518 que.
212 1484 310 1512 elﬁciet
332 1492 340 1511 :
362 1483 411 1511 sed
431 1482 558 1510 columba
583 1481 692 1516 quidem
717 1481 856 1509 robustior
880 1489 928 1517 per

141 1538 252 1559 suavem
268 1529 400 1566 unguenti
417 1529 530 1556 odorem
547 1528 682 1561 redditur,
699 1527 847 1556 scarabeus
863 1535 928 1555 vero

982 935 1018 961 Οὐ
1033 934 1088 970 γὰρ
1101 934 1185 961 αὐτοῦ
1203 934 1285 970 ἔργον
1307 935 1323 969 ἡ
1345 934 1480 966 ἀπώλεια,
1497 934 1565 960 ἀλλὰ
1579 934 1629 968 τῆς
1655 934 1775 960 ἐκείνων

980 981 1186 1016 ἀγνωμοσύνης.
1212 990 1221 1006 ι
1235 977 1282 1012 Οἷς
1299 981 1349 1015 μὲν
1359 981 1431 1017 ὀσμὴ
1441 980 1555 1007 θανάτου
1569 980 1608 1011 εἰς
1622 980 1750 1006 θάνατον.
1761 989 1772 1004 ι

980 1027 1016 1053 Οὐ
1033 1026 1108 1062 παρὰ
1123 1026 1172 1061 τὴν
1183 1025 1288 1052 οἰκείαν
1312 1026 1404 1061 φύσιν,
1431 1026 1500 1053 ἀλλὰ
1524 1026 1601 1061 παρὰ
1613 1025 1663 1060 τὴν
1679 1025 1775 1052 αὐτῶν

981 1072 1090 1099 κακίαν.
1107 1072 1183 1099 Ἐπεὶ
1195 1073 1242 1098 καὶ
1256 1072 1270 1097 ὁ
1281 1072 1409 1107 Χριστὸς,
1426 1071 1499 1103 λίθος
1507 1069 1541 1107 ἦν
1557 1071 1775 1107 προσκόμματος

980 1118 1028 1144 καὶ
1043 1117 1130 1152 πέτρα
1142 1117 1291 1144 σκανδάλου
1305 1118 1360 1148 τοῖς
1375 1117 1581 1152 ἀπολλυμένοις.
1594 1132 1628 1136 —
1638 1118 1772 1149 Ἄλλως.

981 1164 1185 1200 [ΓΡΗΓΟΡΙΟΥ
1200 1163 1360 1199 ΝΥΣΣΗΣ.]
1378 1164 1454 1190 Κατὰ
1470 1164 1519 1199 τὴν
1536 1163 1690 1198 προσοῦσαν
1706 1163 1775 1189 ἑκὰ-

981 1218 1035 1246 στῳ
1043 1210 1174 1243 διάθεσιν,
1195 1210 1211 1245 ἢ
1229 1210 1360 1242 ζωοποιὸς
1373 1209 1489 1243 ἐγίνετο,
1506 1209 1522 1244 ἦ
1541 1209 1730 1243 θανατηφόρος
1755 1208 1773 1242 ἡ

980 1256 1103 1283 εὖπνοια.
1126 1256 1230 1291 Ὠσπερ
1244 1255 1275 1282 τὸ
1286 1255 1350 1282 αὐτὸ
1372 1255 1457 1290 μύρον
1470 1255 1495 1281 εἰ
1507 1254 1642 1290 Κανθάρῳ
1661 1254 1708 1279 καὶ
1718 1253 1774 1278 Πε-

982 1304 1094 1339 ριστερᾷ
1111 1303 1266 1338 προτεθείη,
1281 1302 1311 1328 οὐ
1327 1301 1425 1328 ταύτὸν
1440 1302 1483 1336 ἐφ’
1499 1302 1637 1335 ἑκατέρων
1652 1299 1773 1335 ἐργάζε-

980 1358 1035 1381 ται,
1051 1349 1107 1375 ἀλλ’
1122 1350 1138 1383 ὴ
1157 1348 1205 1383 μὲν
1230 1348 1379 1383 περιστερὰ
1391 1367 1399 1380 ,
1430 1348 1632 1383 ῥωμαλεωτέρα
1658 1346 1704 1372 διὰ
1721 1345 1773 1379 τῆς

980 1395 1107 1427 εὐπνοίας
1124 1395 1171 1421 τοῦ
1185 1395 1271 1430 μύρου
1289 1395 1404 1428 γίνεται,
1434 1396 1447 1420 ὀ
1465 1394 1493 1420 δὲ
1509 1393 1644 1428 κάνθαρος
1662 1392 1774 1426 φθείρε-

980 1450 1035 1468 ται.
1053 1440 1144 1471 Οὕτως
1164 1441 1210 1467 καὶ
1226 1442 1240 1467 ὁ
1261 1440 1376 1472 Παῦλος,
1392 1440 1422 1466 τὸ
1439 1440 1510 1466 θεῖον
1525 1440 1611 1465 ἐκεῖνο
1633 1438 1772 1472 θυμίαμα,

979 1487 1004 1513 εἰ
1022 1488 1071 1523 μέν
1085 1495 1127 1519 τις
1143 1485 1177 1522 ἦν
1194 1486 1355 1522 περιστερὰ,
1371 1486 1440 1512 κατὰ
1456 1485 1535 1511 Τίτον
1558 1485 1574 1519 ἢ
1589 1484 1732 1511 Σιλουανὸν
1754 1484 1771 1518 ἦ

980 1532 1122 1568 Τιμόθεον,
1137 1532 1322 1566 συμμετεῖχε-ί
1337 1530 1412 1565 αὺτῴ
1427 1530 1477 1565 τῆς
1492 1529 1606 1560 εὐωδίας
1628 1529 1676 1555 τοῦ
1699 1529 1773 1563 βίου,

91 1588 103 1596 ~
143 1577 320 1604 interimitur.
336 1576 376 1603 Ita
397 1579 424 1603 et
440 1574 540 1602 Paulus
555 1574 676 1602 divinum
692 1574 759 1601 illud
772 1574 830 1601 ince

1036 1579 1143 1604 κόπτων
1171 1579 1199 1603 ὲν
1217 1577 1298 1604 παντὶ
1314 1577 1388 1612 καλῷ
1407 1577 1464 1608 τοῖς
1488 1576 1548 1602 κατ’
1560 1576 1642 1602 αὑτὸν
1659 1575 1772 1601 ὑποδεί-

140 1625 161 1650 si
175 1623 237 1658 quis
248 1622 374 1650 columba
386 1623 471 1653 esset,
480 1621 552 1648 sicut
563 1619 651 1653 Titus,
659 1619 787 1647 Silvanus
798 1624 826 1647 et
836 1619 879 1647 Tir

1033 1632 1082 1650 ισιν
1095 1632 1102 1639 ·
1116 1624 1139 1650 εἰ
1149 1623 1178 1650 δὲ
1188 1623 1282 1658 Δημᾶς
1295 1631 1336 1654 τις
1350 1620 1384 1657 ἦν
1393 1622 1415 1658 ἢ,
1429 1621 1615 1656 Ἀλέξανδρος,
1631 1621 1647 1656 ἢ
1667 1621 1772 1655 Ἑρμο-

138 1671 230 1703 theus,
246 1677 301 1696 una
316 1675 377 1695 cum
392 1674 424 1694 eo
436 1666 618 1702 participabat
633 1665 661 1692 in
674 1666 746 1693 bono
760 1666 820 1693 vita:
833 1664 877 1692 Odt

1030 1679 1072 1705 ης,
1103 1669 1133 1696 οὐ
1164 1669 1293 1704 φέροντες
1316 1668 1346 1694 τὸ
1373 1668 1421 1703 τῆς
1448 1668 1612 1702 ἐγκρατείας
1629 1667 1769 1701 θυμίαμα,

139 1714 286 1749 proﬁciens
303 1712 336 1739 ad
357 1718 439 1738 omne
456 1710 482 1738 id
501 1710 573 1745 quod
599 1710 744 1737 honestum
764 1714 832 1743 erat,
853 1716 878 1736 St

1034 1715 1123 1750 θάρων
1137 1715 1215 1749 δίκην
1228 1715 1279 1740 ὑπὸ
1290 1714 1341 1748 τῆς
1352 1713 1464 1744 εὐωδίας
1476 1712 1683 1747 ὲφυγαδεύοντο.
1700 1713 1772 1738 «Καὶ

140 1759 194 1793 ptis
208 1757 242 1784 ab
258 1757 319 1792 ipso
337 1755 490 1790 exemplis;
508 1755 531 1783 si
547 1762 612 1782 vero
625 1754 723 1782 Demas
738 1754 873 1790 quispiam

1031 1769 1048 1792 νς
1061 1760 1146 1786 ταῦτα
1162 1760 1202 1790 τίς
1227 1759 1319 1790 ἱκανός
1335 1768 1342 1791 ;
1358 1769 1366 1784 ι
1389 1757 1463 1794 Ἆρα
1475 1759 1544 1794 πρὶς
1568 1758 1618 1794 τὴν
1635 1758 1770 1793 τοσαύτην

140 1808 180 1832 sel
209 1806 256 1830 aut
277 1801 430 1829 Alexander
455 1806 502 1828 attt
531 1801 735 1837 Hermogenes,
758 1808 813 1827 non
838 1799 878 1828 fer

1036 1815 1060 1833 ιν
1074 1806 1177 1832 δοκεῖτε
1201 1806 1274 1840 ἡμᾶς
1289 1805 1398 1836 ἱκανοὺς
1421 1803 1491 1831 εἶναι
1509 1804 1546 1836 ὡς
1568 1803 1638 1830 εἶναι
1655 1804 1771 1831 εὐωδίαν

139 1849 329 1884 temperantiae
357 1847 561 1880 sufﬁmentum,
589 1847 784 1875 scarabeorum
811 1853 878 1874 mort

1026 1851 1116 1885 ιστοῦ;
1141 1861 1150 1877 ι
1164 1850 1313 1886 Οὺμενοῦν,
1333 1851 1401 1878 ἀλλὰ
1415 1851 1445 1877 τὺ
1475 1850 1534 1877 ὅλον
1550 1850 1598 1885 τῆς
1615 1851 1737 1885 χάριτος.
1757 1859 1765 1875 ι

142 1896 219 1924 suavi
235 1895 319 1923 odore
335 1895 492 1931 fugabatur.
509 1903 518 1919 ι
533 1893 566 1920 Ει
580 1893 614 1921 ad
628 1893 686 1920 ι]ωο
698 1893 759 1928 quis
773 1893 881 1920 idoneus

1030 1907 1049 1929 »ς
1060 1896 1293 1932 ψευδαπσστόλους
1306 1896 1423 1923 ἐνταῦθα
1442 1896 1599 1927 αἰνίττεται,
1618 1897 1641 1922 οἰ
1658 1895 1707 1930 τὴν
1721 1895 1769 1921 τιῦ

141 1943 183 1970 An
196 1943 230 1971 ad
250 1946 352 1970 tantam
371 1941 486 1977 gratiam
502 1940 616 1968 idoneos
629 1947 678 1967 vos
693 1947 756 1967 esse
770 1939 880 1974 putatis,

1028 1944 1049 1969 »ὖ
1075 1944 1155 1979 χάριν
1174 1943 1272 1969 οἰκεῖον
1289 1941 1408 1977 ἔφασκον
1424 1942 1601 1977 κατόρθωμα,
1616 1941 1662 1968 καί
1690 1950 1767 1976 φησι·

141 1989 244 2017 Christi
268 1989 339 2016 bona
361 1987 510 2022 fragrantia
525 1986 604 2013 sitis?
622 1992 804 2020 nequaquam,
821 1986 868 2012 sed

1041 1989 1119 2016 τοῦτο
1133 1987 1219 2022 εἶπον,
1235 1998 1244 2014 ι
1262 1988 1309 2020 Τίς
1323 1988 1430 2020 ἱκανός;
1448 1998 1457 2013 ›
1472 1989 1518 2014 καὶ
1534 1988 1572 2024 τῷ
1592 1987 1652 2022 Θεῷ
1670 1988 1700 2014 τὺ
1715 1989 1769 2014 πᾶν

144 2043 199 2061 ἰι¹¹¹¹
223 2034 318 2068 Emme
334 2037 387 2060 εδι·
406 2041 415 2057 ⁴
437 2030 497 2058 Νοη
516 2031 588 2058 enim
609 2039 704 2058 sumus
722 2035 750 2057 ιη
767 2030 898 2065 Ριθτίίίυθ-
917 2039 926 2056 ³
980 2036 1157 2068 ἀνατέθεικα,
1171 2035 1274 2061 ὅτιούκ
1284 2035 1340 2070 εἰμί
1349 2034 1387 2066 ὡς
1401 2035 1424 2060 οἰ
1447 2034 1545 2066 λοιποὶ,
1562 2035 1718 2065 τουτέστιν,
1742 2035 1767 2060 σί

140 2077 372 2114 Pseudapostolos
393 2077 436 2104 hic
453 2077 587 2109 insinuat,
603 2077 650 2110 qui
668 2075 715 2102 Dei
731 2075 845 2110 gratiam
865 2084 879 2111 p

1029 2079 1201 2112 ηδαπόστσλοι,
1221 2078 1385 2114 καπηλεύων
1404 2079 1451 2106 καὶ
1470 2078 1588 2106 νοθεύιυν
1601 2079 1650 2113 τὴν
1662 2079 1768 2114 δωρεὰν

140 2126 232 2161 prium
249 2132 318 2159 opus
333 2131 395 2151 esse
412 2122 550 2155 dicebant,
566 2126 593 2149 et
611 2122 648 2148 ait
669 2131 675 2149 :
695 2121 843 2157 Propterea
860 2121 876 2148 d

1047 2125 1126 2153 Θεοῦ.
1140 2125 1223 2153 ’Ὀταν
1241 2126 1296 2161 γὰρ
1307 2126 1321 2151 ὁ
1332 2125 1396 2156 Θεὸς
1409 2125 1447 2151 δῶ
1464 2125 1581 2160 δωρεὰν,
1597 2125 1672 2158 λέγει
1686 2125 1715 2151 δέ
1727 2134 1767 2156 τῖς

145 2181 154 2198 ι
173 2171 240 2205 Quis
258 2171 384 2204 idoneus,
403 2179 412 2195 ι
427 2174 454 2197 et
466 2169 522 2197 Deo
536 2176 593 2196 rem
607 2175 715 2196 onmem
730 2168 854 2202 attribui,
865 2176 882 2204 q

1028 2178 1034 2199 ί
1063 2171 1173 2198 οἰκείων
1191 2171 1280 2198 πόνων
1299 2170 1384 2207 αὐτὴν
1411 2170 1572 2206 κεκτῆσθαι,
1598 2170 1703 2196 νοθεύει
1718 2172 1767 2206 τὴν

142 2223 198 2243 non
216 2223 276 2243 sutn
293 2215 367 2242 sicut
381 2214 483 2246 cazteri,
501 2221 598 2249 nempe
612 2213 817 2249 pseudapostoli
828 2221 878 2241 cau

1028 2225 1061 2244 ›ιν
1076 2216 1121 2244 τοῦ
1141 2216 1221 2244 Θεοῦ.
1250 2216 1286 2242 Ἢ
1300 2216 1379 2242 τοῦτό
1395 2223 1476 2251 φησι·
1491 2215 1541 2242 Διὰ
1552 2215 1630 2242 τοῦτο
1644 2217 1700 2246 τοῖς
1719 2217 1767 2250 μὲν

141 2269 212 2289 nans
222 2265 249 2288 et
261 2261 380 2288 alienum
393 2259 497 2287 faciens
510 2258 612 2286 denum
626 2259 683 2287 Dei.
696 2259 764 2287 Cum
774 2259 846 2287 enim
856 2259 880 2285 Di

1029 2261 1176 2296 »λλυμένοις
1189 2261 1260 2296 ὀσμή
1273 2262 1331 2287 ἐστι
1352 2249 1478 2293 θανάτου,
1492 2261 1547 2291 τοῖς
1563 2260 1590 2286 δὲ
1603 2249 1768 2294 σωζομένοις

141 2307 242 2334 donum
258 2305 377 2338 dederit,
395 2305 461 2332 dicit
479 2309 569 2332 autem
585 2304 722 2339 quispiam
738 2305 810 2339 quod
827 2305 880 2332 suis

1029 2307 1052 2343 ιὴ
1067 2307 1150 2343 ζωῆς,
1175 2308 1268 2341 ἐπειδὴ
1281 2307 1311 2333 οὐ
1328 2306 1523 2341 καπηλεὺομεν
1546 2306 1591 2332 τὸν
1618 2305 1716 2340 λόγον,
1731 2305 1768 2336 ὠς

141 2353 281 2381 laboribus
304 2355 403 2378 nactus
424 2351 470 2383 sit,
498 2351 615 2385 gratiam
637 2350 684 2378 Dei
707 2351 773 2379 facit
799 2351 880 2378 alien:

1036 2362 1109 2385 τινες
1123 2353 1398 2389 συμμεταϐάλλοντες
1414 2353 1496 2380 αὑτὸν
1521 2353 1577 2384 τοῖς
1597 2354 1705 2387 καιροῖς
1721 2352 1767 2378 καὶ

142 2401 195 2426 Aut
209 2399 260 2426 hoc
271 2397 338 2425 dicit
351 2405 358 2425 :
372 2396 520 2432 Propterea
533 2397 574 2425 his
589 2397 635 2432 qui
646 2402 761 2433 pereunt
774 2397 846 2425 odor
856 2405 881 2424 m

1029 2409 1035 2432 ;
1054 2399 1220 2435 προσώποις,
1236 2400 1349 2435 αἰσχροῦ
1376 2400 1489 2435 κέρδους
1507 2399 1598 2434 χάριν,
1627 2399 1697 2425 ἀλλὰ
1719 2399 1768 2433 τὴν

142 2446 177 2472 tis
193 2449 245 2477 est,
264 2443 345 2480 615
366 2443 409 2470 his
430 2447 521 2470 atttem
537 2443 585 2478 qui
600 2444 669 2471 salvi
690 2443 757 2470 ﬁunt
771 2444 840 2470 odor
854 2443 926 2475 vitze,

142 2492 272 2526 qu0niam
296 2497 351 2518 non
369 2497 557 2525 eaupouamur
576 2491 700 2525 verbum,
713 2490 794 2517 veluti
815 2489 926 2524 quidam

141 2539 188 2572 qui
225 2537 292 2565 illud
315 2540 487 2564 commutant
516 2536 667 2564 secundum
702 2535 864 2563 occasiones
899 2539 927 2563 et

142 2592 274 2620 personas
298 2583 386 2618 turpis
408 2582 477 2611 lucri
498 2583 585 2618 gratia
601 2591 608 2610 :
624 2581 673 2610 sed
697 2581 841 2609 veritatem
858 2589 927 2617 pra:-

980 2445 1110 2481 ὰλήθειαν
1125 2444 1310 2480 κηρύσσομεν,
1326 2446 1369 2472 ἵνα
1384 2446 1431 2472 xz‘t
1446 2447 1470 2472 οἱ
1484 2446 1556 2478 ἄξιοι
1578 2445 1698 2477 σωθῶσι,
1723 2445 1768 2470 καὶ

981 2491 1005 2518 οἱ
1021 2491 1126 2523 ἀνάξιοι
1138 2492 1170 2526 τῇ
1187 2491 1275 2526 οἰκείᾳ
1293 2492 1407 2527 ἀπιστίᾳ
1423 2491 1659 2518 ἀπώλωνται.Καί
1675 2491 1728 2525 γὰρ
1740 2490 1767 2521 ἐξ

981 2537 1154 2572 εἰλικρινείας
1162 2537 1296 2572 λαλοῦμεν
1304 2537 1322 2564 ἃ.
1336 2538 1426 2573 ἴδομεν
1437 2538 1484 2564 καὶ
1496 2536 1682 2572 ἂ’ἡκούσαμε·ι
1695 2537 1767 2569 παρὰ

979 2585 1026 2610 τοῦ
1039 2584 1167 2619 Χριστοῦ.
1188 2593 1198 2610 ι
1221 2583 1290 2610 Ἀλλ’
1301 2584 1339 2616 ὡς
1354 2586 1386 2611 ἐκ
1397 2584 1474 2611 Θεοῦ.
1487 2594 1495 2609 ι
1521 2583 1592 2610 Ἀλλ’
1606 2584 1644 2614 ὡς
1660 2584 1692 2609 ἐκ
1701 2582 1765 2609 Θεοῦ

141 2633 276 2664 dicamus,
296 2635 325 2659 ut
340 2635 367 2658 et
381 2631 428 2666 qui
444 2631 519 2666 digni
535 2633 600 2658 sunt
612 2629 679 2658 salvi
697 2629 772 2662 ﬁant,
784 2632 810 2656 et
822 2628 877 2656 indi

1025 2629 1107 2662 ἲὸντες
1122 2631 1169 2657 καὶ
1185 2630 1328 2665 μαθόντες,
1344 2631 1391 2657 καὶ
1400 2630 1438 2662 ὡς
1450 2630 1565 2656 ἐνώπιον
1581 2630 1628 2656 τοῦ
1639 2629 1708 2656 Θεοῦ
1722 2630 1764 2654 λα-

141 2678 176 2706 ob
188 2686 265 2706 suam
279 2677 498 2705 incredulitatem
514 2681 637 2710 pereant.
650 2675 756 2702 Etenim
767 2683 800 2703 ex
813 2671 927 2704 sinceri-

142 2729 196 2752 tate
222 2724 361 2759 loquimur
379 2731 440 2758 qua:
465 2722 584 2749 vidimus
606 2725 632 2749 et
657 2729 718 2757 quae
738 2722 893 2750 audivimus
911 2731 927 2751 a

141 2770 261 2798 Christo.
278 2779 288 2796 ι
310 2769 363 2797 Sed
384 2769 458 2797 velut
477 2775 511 2796 ex
526 2767 591 2796 Deo.
612 2777 621 2794 ι
644 2767 698 2796 Sed
714 2768 788 2795 Velut
808 2769 834 2796 hi
848 2770 894 2804 qui
913 2778 927 2798 a

980 2676 1099 2710 λοῦντες,
1114 2677 1161 2704 καί
1172 2677 1210 2708 ὼς
1237 2677 1266 2703 ἐν
1291 2677 1411 2713 Χριστῷ,
1428 2677 1562 2708 τουτέστι,
1589 2676 1633 2703 διὰ
1649 2674 1763 2711 Χριστοῦ

981 2723 1179 2758 κατηχούμενοι
1209 2723 1255 2749 καὶ
1280 2723 1479 2758 διδασκόμενοι,
1505 2718 1651 2757 λαλοῦμεν.
1668 2721 1761 2753 Βαὸαὶ,

982 2769 1068 2804 πόσην
1083 2769 1211 2804 ἀλήθειαν
1222 2768 1261 2804 τῷ
1275 2769 1433 2805 κηρύγματι
1448 2769 1640 2805 ἐμαρτύρησεν
1655 2769 1661 2795 l

141 2817 196 2844 Deo
213 2820 379 2852 acceperunt
396 2821 423 2844 et
443 2815 609 2849 didicerunt,
634 2821 660 2845 et
679 2817 725 2852 qui
746 2816 773 2844 in
790 2824 939 2853 conspectu
965 2819 1010 2847 Dei
1027 2818 1233 2854 loquunturzet
1255 2822 1385 2853 tanquam
1401 2825 1450 2852 per
1460 2818 1613 2853 Christum,
1629 2818 1655 2846 id
1671 2822 1723 2851 est,
1751 2824 1766 2844 a

141 2863 251 2893 Christo
267 2863 396 2890 instructi
415 2867 443 2891 ct
467 2862 557 2893 edocti
573 2863 722 2898 loquimur.
736 2864 825 2900 Papae,
845 2870 975 2900 quantam
994 2865 1137 2894 veritatem
1154 2864 1344 2899 praedicationi
1361 2864 1496 2894 asseruit!
