1872 3053
49 147 101 179 940

519 152 712 185 COMMENT.
735 154 777 186 IN
791 155 913 188 EPIST.
930 157 961 188 II
984 157 1035 189 AD
1047 159 1226 192 CORINTH.

1631 170 1685 202 950

49 208 167 235 θανάτου
180 208 410 244 προσηγόρευσεν,
426 210 521 247 ἐπειδὴ
532 213 597 244 τοὺς
621 214 838 248 παραϐαίνοντας

924 224 960 244 ςοε
976 217 1019 245 lex
1037 218 1222 248 interimebat.
1240 235 1276 240 —
1288 219 1368 257 Legis
1393 222 1575 252 ministerium
1590 228 1684 261 appel-

50 255 63 281 ὁ
79 255 162 290 νόμος
175 255 312 287 ἐκόλαζεν.
328 257 359 283 Et
384 256 485 290 τοίνυν,
514 259 606 294 φησὶν,
633 260 697 287 ἔνθα
720 261 841 296 τιμωρία

50 300 97 327 καὶ
116 301 232 333 θάνατος
248 303 296 328 καὶ
319 303 471 338 γράμματα
489 304 573 337 λίθοις
604 306 840 343 ἐγκεκολαμμένα,

50 346 186 382 τοσαύτην
199 349 213 374 ὀ
225 348 311 375 ταῦτα
326 349 447 382 κομίζων
465 351 494 377 ἐν
523 351 561 387 τῷ
596 352 735 389 προσώπῳ
762 354 842 386 δόξαν

51 392 169 426 ἐδέξατο,
193 393 284 428 πολλῷ
314 395 416 430 μᾶλλον
447 396 471 423 oi
492 396 531 432 τῷ
564 398 629 434 θείῳ
654 399 842 432 διακονοῦντες

50 437 201 472 Πνεύματι,
217 439 341 472 πλείονος
367 441 534 469 ἀπολαύουσι
559 443 648 479 δόξης.
667 453 676 470 ι
697 445 778 472 Ὥστε
803 446 840 481 μὴ

51 483 179 511 δύνασθαι
209 485 373 514 ἐνατενίσαι.
392 497 402 514 ι
444 488 566 525 Ἐπαίρει
596 490 646 526 τὴν
688 490 735 517 τοῦ
758 492 840 526 νόμου

52 530 138 562 δόξαν,
167 531 211 558 τνα
238 532 319 559 πλέον
343 534 450 570 αὐξήσῃ
474 536 524 571 τὴν
555 537 604 570 τῆς
637 537 710 568 νέας.
731 538 767 564 Ἦ
800 539 841 565 ὅτι

50 576 124 602 τοῦτο
179 578 332 613 κατηγορία
374 580 449 606 ἐστὶν
496 581 641 614 Ἰουδαίων,
681 583 722 609 ὅτι
741 583 839 615 οὕτως,

53 621 143 655 φησὶν,
171 618 242 657 ἦσαν
267 625 370 658 ταχεῖς,
385 624 423 656 ὡς
439 625 506 660 μηδὲ
525 626 575 661 τὴν
601 627 734 663 αἰσθητὴν
761 628 840 661 δόξαν

54 666 161 697 ἱκανοὺς
177 665 247 693 εἶναι
262 668 339 703 ὁρᾷν.
363 678 371 695 ι
391 669 441 696 Διὸ.
465 669 515 702 τὴν
529 671 607 703 δόξαν
631 672 679 698 τοῦ
695 672 840 707 προσώπου

52 711 143 738 αὑτοῦ.
170 720 179 737 ι
199 713 272 739 "Avo;
299 714 406 750 ἐπάρας
435 715 485 753 τῂν
504 716 551 744 τοῦ
572 717 654 753 νόμου
681 718 770 751 δόξαν,
792 717 840 746 νῦν

52 757 138 791 ἡρέμα
153 757 282 792 καθαιρεῖ
304 759 402 795 αὐτήν.
421 761 458 788 οὐ
474 761 528 797 γὰρ
551 763 566 788 ὁ
598 763 680 798 νόμος
706 761 763 799 εἶχε
790 764 839 799 τὴν

51 801 138 834 δόξαν,
157 803 216 829 ἀλλ’
226 805 239 830 ὁ
252 805 364 840 Μωσῆς.
391 807 445 833 Καὶ
456 808 471 834 ὁ
485 807 586 844 Μωσῆς
596 809 635 842 δὲ,
659 811 688 837 οὐ
706 811 838 846 μένουσαν

53 843 105 881 εἶχε
120 847 212 881 δόξαν,
228 849 296 876 ἀλλὰ
313 852 550 888 καταργουμένην,
565 843 693 882 τουτέστι
706 843 839 891 -παυομέ-

52 901 106 928 νην.
133 893 245 930 Ἐπειδὴ
262 896 316 930 γὰρ
330 895 385 922 ἅνω
395 897 481 933 ἐπῆρε
497 899 531 926 τὰ
543 900 613 927 κατὰ
628 901 673 927 τὸν
691 902 782 937 νόμον,
793 902 840 929 νῦν

53 939 117 966 αὐτὰ
129 939 259 976 καθαιρεῖ
266 942 308 968 ἵνα
319 943 472 980 συγκαθέλῃ
483 946 515 972 τὰ
525 946 666 974 ’Ῑουδαῖκά.
682 957 690 973 ι
707 948 767 980 Πῶς
781 948 842 983 οὐχ).

54 984 149 1019 μᾶλλον
157 987 173 1021 ἡ
181 987 306 1016 διακονία
315 988 362 1015 τοῦ
369 989 527 1026 Πνεύματος
537 1001 544 1025 ;
558 1001 568 1018 ›
588 993 693 1029 Ὥσπερ
705 994 842 1022 διακονίαν

53 1030 162 1058 Θανάτου
179 1032 227 1058 τὸν
240 1032 322 1068 νόμον
334 1034 475 1068 ἐκάλεσεν,
488 1036 575 1068 οὕτως
596 1037 668 1065 κατὰ
687 1039 717 1065 τὸ
729 1039 842 1066 ἀκόλου-

54 1077 95 1104 θον
111 1077 212 1112 ὤφειλε
227 1078 277 1114 τὴν
290 1079 354 1107 νέαν
371 1081 484 1108 καλέσαι
497 1083 634 1110 διακονίαν
649 1084 734 1120 ζωῆς.
760 1086 840 1113 Ἀλλὰ

52 1121 126 1149 τοῦτο
142 1123 194 1158 μὲν
207 1126 308 1160 σιωπᾷ,
320 1126 351 1152 τὸ
366 1125 459 1161 μεῖζον
473 1128 501 1155 δὲ
515 1128 600 1162 λέγει.
616 1130 758 1158 Διακονίαν
786 1131 840 1166 γὰρ

53 1169 130 1204 αὐτὴν
151 1170 313 1206 Πνεύματος
325 1173 414 1206 καλεῖ,
432 1175 480 1200 τοῦ
495 1175 542 1202 καὶ.
553 1176 603 1210 τὴν
618 1175 691 1212 ζωὴν
715 1177 839 1209 ἐξουσίαν

56 1214 155 1249 ἔχοντος
164 1216 309 1252 παρέχειν,
321 1219 464 1246 Διακονίαν
477 1220 504 1247 δὲ
520 1221 676 1256 Πνεύματος
686 1222 771 1259 αὐτὴν
788 1232 839 1250 κα-

53 1261 97 1292 ).;ῖ,
111 1262 154 1288 διὰ
161 1263 212 1297 τὴν
221 1263 393 1300 ὲπιφοίτησιν
407 1265 453 1292 τοῦ
469 1266 548 1300 ἁγίου
571 1267 739 1303 Πνεύματος,
755 1269 839 1296 οἱονεὶ

54 1306 97 1340 τὴν
129 1310 390 1346 παρασκευαστικὴν
419 1312 469 1346 τῆς
504 1313 552 1340 τοῦ
584 1315 662 1349 ἁγίου
709 1316 836 1352 Πνεύμα-

53 1362 92 1384 τος
112 1355 324 1391 ἐπιφοιτήσεως,
342 1366 351 1383 ι
363 1358 392 1384 Et
405 1359 482 1394 γὰρὴ
496 1360 619 1388 διακονία
633 1364 682 1396 τῆς
697 1363 837 1398 κατακρί-

55 1406 122 1430 σεως.
150 1409 160 1427 ι
204 1401 270 1428 Ἀπὸ
305 1403 483 1439 συλλογισμοῦ
529 1407 560 1432 τὸ
591 1407 702 1442 εὔλογον
730 1409 836 1444 ἔχοντος

53 1443 251 1482 τὴνσῦγκρισιν
266 1450 392 1477 ποιεῖται.
417 1451 448 1477 ΕΞ
473 1452 527 1486 γὰρ
551 1453 625 1487 δόξα,
653 1443 836 1490 φησὶνίὲστὶν

53 1491 77 1515 ὲν
88 1490 124 1526 τῷ
136 1492 223 1527 νόμῳ,
243 1494 289 1521 καί
301 1504 340 1521 τοι
359 1495 415 1522 ὄντι
429 1497 544 1534 διακόνῳ
556 1499 669 1527 θανάτου
684 1503 732 1529 καὶ
749 1512 836 1530 κατα-

55 1536 170 1570 κρίσεως,
192 1540 282 1575 πολλῷ
296 1542 396 1576 μᾶλλον
410 1543 480 1570 κατὰ
495 1545 524 1571 τὺ
541 1545 695 1580 ἀκόλουθον,
706 1549 736 1575 οὐ
752 1550 831 1584 μόνον

55 1582 118 1609 ἔστιν
131 1585 158 1611 ὲν
172 1587 209 1620 τῇ
224 1572 273 1621 νέα
288 1572 436 1620 δόξα,ἁλλὰ
452 1590 498 1616 καὶ
514 1572 832 1632 περισσεύείίῖιξαὶΓγάρ,
845 1572 868 1604 c

58 1630 252 1664 ιΠερισσεύει.
276 1643 284 1660 ι
308 1635 360 1661 Τοῦ
386 1635 435 1671 μὲν
467 1637 523 1672 γὰρ
549 1638 632 1674 νόμου
657 1630 837 1676 ἁμαρτωλοὺς

55 1676 230 1711 λαμὸάνοντος
247 1680 293 1706 καὶ
308 1683 525 1717 τιμωρουμένου,
539 1685 570 1711 τὸ
595 1687 726 1722 κήρυγμα
751 1689 838 1725 ἁμαρ-

55 1722 147 1755 τωλοὺς
163 1724 304 1758 λαμϐάνον
319 1727 348 1753 ὲν
364 1727 402 1763 τῷ
418 1728 598 1765 βαπτίσματι,
622 1732 653 1758 οὺ
678 1733 758 1767 μόνον
772 1722 776 1724 Ἴ
791 1722 837 1761 άν-

55 1771 174 1804 εδούνους
188 1773 297 1808 ἀφίησι,
313 1775 371 1809 (καί
386 1785 427 1802 τοι
441 1777 521 1812 ἢρκει
533 1779 581 1805 καὶ⁸
595 1779 696 1815 τοῦτο,)
711 1781 777 1809 ἀλλὰ
789 1783 835 1810 καὶ

54 1815 150 1850 δικαιοῖ,
168 1820 217 1845 καὶ
228 1820 345 1854 ἁγιάζει,
362 1822 408 1848 καὶ
424 1824 463 1854 είς
477 1824 611 1852 υἱοθεσίαν
618 1827 703 1860 καλεῖ,
725 1829 772 1856 καὶ
785 1829 835 1862 τὰς

56 1862 197 1896 μελλούσας
210 1865 320 1898 ἐλπίδας
345 1868 555 1902 ἐπαγγέλλεται.
572 1871 652 1898 Ὅθεν
676 1874 722 1899 καὶ
746 1875 835 1901 διακο-

55 1908 106 1934 νέαν
117 1909 293 1948 δικαιοσύνης
316 1914 403 1951 αὐτὴν
414 1915 501 1950 καλεῖ,
524 1917 562 1949 ὼς
584 1918 741 1948 δικαιοῦσαν
771 1923 835 1955 τοὺς

54 1954 162 1987 ἀσεϐεῖς.

85 2053 94 2068 ι
109 2045 160 2071 Καὶ
171 2046 228 2082 γὰρ
243 2048 274 2074 οὐ
289 2048 457 2082 δεδόξασται.
477 2062 485 2077 ι
500 2052 555 2080 Καὶ
575 2053 611 2086 τί,
646 2056 737 2090 φησὶν,
761 2057 834 2084 ἀντι-

55 2091 198 2125 παράθεσιν
217 2095 285 2122 ποιῶ
296 2095 345 2130 τῆς
355 2096 419 2128 νέας
446 2097 553 2125 καὶτοῦ
578 2099 660 2134 νόμου
675 2110 681 2132 ;
708 2101 831 2139 Τοσαύτη

896 262 962 289 lavit
980 264 1077 291 mortis
1092 264 1287 299 ministerium,
1315 267 1444 301 quoniam
1465 272 1683 305 transgressores

897 308 939 336 lex
956 309 1098 344 puniebat.
1125 310 1154 339 Si
1182 311 1268 346 igitur
1293 313 1338 340 ubi
1361 315 1525 349 supplicium
1555 323 1587 343 ac
1610 325 1683 344 mors

896 357 965 387 erat,
982 354 1134 390 litteraeque
1149 356 1286 391 lapidibus
1310 358 1464 395 insculptas,
1480 361 1526 395 qui
1540 361 1599 388 hac
1610 361 1681 390 fere-

895 398 943 426 bat
960 404 1061 428 tantam
1072 401 1100 429 in
1117 401 1186 429 facie
1201 403 1318 438 gloriam
1336 406 1451 440 accepit,
1467 406 1553 435 multo
1564 408 1682 443 amplius

895 444 940 478 qui
957 445 1050 473 divino
1064 446 1224 475 ministrant
1234 448 1360 483 Spiritui,
1375 451 1474 484 majori
1487 451 1615 480 fruuntur
1627 453 1683 488 glo-

895 489 946 518 ria.
971 499 980 516 ¢
995 490 1070 518 Adeo
1088 496 1118 519 ut
1133 500 1187 519 non
1206 499 1319 528 possent
1331 496 1418 524 oculis
1436 497 1589 525 intendere.
1602 507 1611 524 ι
1629 497 1682 525 Ex-

895 535 964 563 tollit
980 535 1046 572 legis
1062 538 1177 573 gloriam
1195 544 1224 566 ut
1239 541 1324 575 magis
1352 548 1450 577 augeat
1474 544 1589 578 gloriam
1615 544 1684 573 Novi

895 579 1074 609 Testamenti.
1094 583 1140 610 Vel
1155 584 1227 618 quod
1243 585 1294 612 hoc
1310 587 1397 622 magis
1410 589 1553 617 accusatio
1572 590 1608 618 sit
1632 589 1682 617 Ju-

894 624 1013 652 daeorum
1035 633 1117 653 :nam
1137 627 1217 661 adeo,
1237 628 1335 663 inquil,
1368 632 1454 659 crassi
1482 638 1569 665 erant,
1593 639 1623 661 ut
1648 643 1684 662 ne

894 671 1055 699 sensibilem
1068 672 1178 707 quidem
1208 674 1323 709 gloriam
1347 676 1441 706 videre
1467 684 1559 706 essent
1581 680 1681 708 idonei.

896 725 905 741 ι
924 716 1039 751 Propter
1055 718 1170 751 gloriam
1188 719 1277 748 vultus
1292 720 1363 756 ejus.
1382 731 1391 748 ›
1407 723 1474 750 Cum
1501 725 1627 760 superius
1646 725 1683 753 lc-

893 762 935 797 gis
961 763 1076 798 gloriam
1093 765 1248 798 extulisset,
1276 775 1351 795 nunc
1375 776 1435 796 eam
1457 771 1588 805 paulatim
1608 777 1684 799 exte-

892 812 960 835 nuat
982 815 1014 836 ac
1027 809 1106 837 tollit.
1125 809 1186 838 Non
1200 811 1274 838 enim
1292 812 1333 840 lex
1346 813 1459 848 gloriam
1482 815 1609 848 habebat,
1635 816 1682 844 sed

893 853 981 882 Moses
998 860 1047 882 τοι
1071 856 1115 884 hic
1144 858 1254 892 quidem
1283 866 1336 902 npn
1361 866 1564 894 permanentem
1588 862 1684 890 habuit

856 896 877 924 Β
891 900 1007 935 gloriam
1028 901 1074 929 sed
1091 910 1152 936 qua:
1164 904 1289 931 aboletur
1301 896 1333 932 ac
1348 910 1449 933 cessat.
1473 906 1542 934 Nam
1558 907 1623 942 quia
1635 915 1683 935 su—

894 947 986 980 perius
1000 948 1135 976 extulerat
1149 957 1179 976 ea
1191 958 1251 984 quae
1267 951 1333 986 legis
1345 956 1433 985 erant,
1444 954 1515 982 tollit
1530 963 1603 982 nunc
1612 955 1682 990 ipsa,

894 994 923 1018 ut
933 999 986 1019 una
1007 992 1115 1020 auferat
1131 998 1157 1022 et
1171 993 1296 1024 Judaica.
1316 1006 1325 1023 ι
1341 997 1397 1025 Cur
1413 1006 1466 1026 non
1483 1001 1576 1035 potius
1600 1000 1680 1027 mini-

893 1036 1007 1063 sterium
1028 1036 1157 1073 Spiritus.
1176 1048 1184 1064 ι
1197 1039 1274 1068 Sicut
1290 1042 1474 1070 ministerium
1485 1045 1582 1073 mortis
1595 1046 1681 1081 legem

891 1082 1047 1117 appellavit,
1065 1083 1102 1110 ita
1119 1092 1193 1113 nunc
1207 1093 1240 1113 ex
1260 1089 1438 1123 consequenti
1463 1089 1603 1119 debuisset
1626 1092 1682 1120 No-

890 1135 954 1155 vum
979 1128 1183 1159 Testamentum
1201 1141 1300 1161 vocare
1314 1135 1499 1164 ministerium
1526 1138 1588 1165 vitae
1605 1147 1611 1165 :
1633 1141 1680 1166 sed

891 1173 945 1202 hoc
957 1174 1067 1209 quidem
1101 1181 1182 1210 tacet,
1198 1186 1292 1206 verum
1303 1180 1376 1215 quod
1407 1182 1497 1216 majus
1522 1188 1564 1210 est
1586 1183 1654 1211 dit-it
1671 1193 1678 1211 :

891 1219 980 1254 ipsum
991 1222 1065 1249 enim
1078 1228 1158 1250 vocat
1174 1223 1298 1259 Spiritus
1316 1227 1509 1260 ministerium,
1526 1236 1587 1256 cum
1598 1230 1679 1257 etiam

889 1265 989 1294 habent
1000 1273 1164 1301 potestatem
1182 1270 1265 1298 dandi
1283 1273 1378 1301 vitam.
1394 1273 1481 1301 Vocat
1494 1280 1584 1303 autem
1598 1277 1679 1303 mini-

889 1313 1003 1340 sterium
1018 1313 1149 1350 Spiritus,
1166 1322 1278 1352 propter
1295 1319 1412 1354 Spiritus
1425 1321 1513 1348 sancti
1528 1329 1679 1358 superven-

889 1357 1004 1393 tionem,
1050 1364 1180 1396 tanquam
1211 1366 1419 1398 praeparativum
1459 1369 1680 1402 supervenlionis

889 1403 1009 1438 Spiritus
1024 1407 1120 1434 sancti.
1138 1417 1146 1433 ι
1166 1408 1234 1436 Nam
1251 1410 1275 1437 si
1301 1411 1484 1439 ministerium
1510 1413 1678 1442 condemna-

888 1448 981 1477 tionis.
1003 1459 1013 1476 ι
1039 1451 1079 1479 Ex
1113 1454 1324 1484 ratiocinatione
1343 1459 1578 1492 comparationem
1610 1460 1675 1488 facit

888 1495 988 1523 rationi
1003 1504 1164 1526 consonam.
1187 1499 1215 1528 Si
1233 1501 1330 1536 gloria,
1358 1503 1456 1538 inquit,
1487 1510 1530 1532 est
1557 1506 1583 1533 in
1609 1506 1676 1541 lege,

887 1549 948 1576 quae
960 1545 1156 1573 tamenmortis
1167 1553 1199 1574 ac
1215 1547 1456 1577 condemnationis
1469 1551 1595 1579 ministra
1608 1557 1678 1587 erat,

886 1587 973 1616 multo
988 1590 1076 1624 magis
1093 1593 1272 1628 consequitur
1287 1599 1316 1621 ut
1344 1595 1371 1622 in
1395 1595 1470 1624 Novo
1502 1597 1678 1626 Testamento

890 1639 944 1660 non
956 1633 1044 1662 solum
1053 1635 1139 1670 gloria
1152 1637 1198 1670 sit,
1213 1639 1259 1666 sed
1271 1639 1354 1666 etiam
1364 1641 1488 1669 excellat.
1504 1642 1582 1674 Nam.
1600 1652 1609 1669 ι
1625 1645 1675 1671 Ex-

888 1678 972 1711 cellit,
988 1689 997 1706 i
1026 1680 1209 1717 iiiquit.[Cum
1223 1685 1295 1712 enim
1311 1685 1352 1713 lex
1381 1686 1588 1722 deprehendens
1614 1697 1676 1725 pec-

888 1727 1006 1758 catores,
1041 1729 1162 1761 puniret,
1179 1730 1337 1764 prmdicatio
1353 1737 1510 1766 peccatores
1523 1733 1676 1769 deprehen-

887 1769 956 1797 dens
974 1771 1002 1799 in
1014 1771 1189 1808 baptismate,
1205 1783 1259 1802 non
1281 1777 1361 1804 modo
1377 1777 1436 1805 sine
1457 1775 1674 1813 painadimittit,

888 1821 951 1843 cum
967 1820 1055 1845 tamen
1073 1818 1125 1848 hoc
1142 1821 1210 1848 satis
1227 1826 1319 1849 esset:
1340 1830 1434 1850 verum
1450 1824 1676 1858 etiamjustiticat

887 1866 915 1889 et
931 1864 1096 1898 sanctiﬁcat,
1123 1874 1155 1894 ac
1167 1867 1193 1894 in
1207 1867 1381 1902 adoptionem
1401 1874 1489 1903 vocat,
1507 1870 1674 1899 futurorum-

886 1915 941 1941 que
956 1908 1090 1937 bonorum
1103 1919 1179 1946 spem
1197 1914 1341 1947 promittit.
1371 1913 1446 1942 Unde
1463 1916 1546 1943 etiam
1563 1916 1670 1944 Novum

886 1952 1090 1983 Testamentum
1107 1962 1186 1984 vocat
1195 1958 1376 1986 ministerium
1389 1959 1599 1996 justitiaﬁls
1611 1965 1673 1989 tan-

885 2006 967 2034 quam
984 2000 1082 2036 impios
1094 2002 1262 2037 jnstiﬁcans.

924 2054 933 2071 ι
953 2046 1178 2083 Quandoquidem
1195 2057 1228 2077 ne
1238 2050 1419 2084 glorilicatum
1447 2053 1555 2087 quidem
1582 2055 1640 2081 fuit.
1662 2065 1670 2080 ι

887 2091 918 2118 lit
930 2093 993 2126 quid
1005 2094 1189 2128 collationem,
1207 2096 1306 2131 inquit,
1323 2098 1392 2126 t'acio
1407 2097 1474 2126 Novi
1503 2098 1670 2128 Testamenli

55 2136 110 2171 γὰρ,
124 2139 201 2172 φησὶ,
216 2140 336 2174 τῆςνέας
361 2143 377 2177 ὴ
404 2143 520 2179 διαφορὰ
550 2133 642 2181 καὶνή
671 2147 745 2180 δόξα,
779 2133 831 2182 ὅτι,

940 2139 1022 2173 legem
1033 2140 1044 2166 'I
1057 2139 1142 2168 Tanta
1172 2145 1214 2169 est
1226 2141 1292 2170 Navi
1323 2142 1489 2171 Testamenti
1510 2146 1670 2172 excellentia

55 2182 137 2216 ςησὶν,
151 2185 179 2210 ὲν
193 2187 363 2221 συγκρίσεως
382 2189 469 2223 μέρει,
493 2189 582 2225 (τοῦτο
609 2192 663 2226 γάρ
675 2193 748 2219 ἐστιν
760 2194 773 2220 ὕ
788 2194 831 2221 λέ-

55 2236 91 2260 γει
105 2230 132 2255 ὲν
150 2231 241 2266 τούτῳ
258 2233 297 2268 τῷ
316 2234 405 2269 μέρει,
421 2236 544 2262 τουτέστι
575 2239 623 2272 τῆς
639 2239 830 2276 συγκρίσεως),

54 2273 106 2321 οἶδὲ
114 2275 190 2308 δόξαν
201 2277 272 2313 ἔχειν
284 2278 354 2311 δόξει
372 2281 388 2314 ἠ
402 2281 516 2315 παλαιὰ,
532 2282 578 2308 καί
592 2291 632 2309 τοι
648 2273 830 2321 δεδοξασμένῆ

55 2317 122 2353 οὖσα,
137 2322 173 2354 ὠς
186 2323 254 2358 πρὸς
269 2324 482 2362 ἀντιπαράθεσιν
496 2328 546 2363 τῆς
557 2329 631 2361 νέας.
652 2339 661 2356 ι
690 2317 734 2358 Ἐν
742 2317 829 2368 τούτω

55 2365 86 2399 τῷ
96 2368 178 2402 μέρει.
201 2379 210 2395 ι
228 2369 391 2408 [ΘΕΟΔΩΡ.]
405 2388 440 2394 ν-
451 2374 575 2411 Τοσαύτη
585 2376 640 2412 γάρ
656 2377 726 2409 ἐστι,
736 2365 828 2414 φησιν,

55 2412 66 2443 ἡ
85 2414 135 2445 τοῖς
149 2415 283 2448 διακόνοις
297 2417 346 2452 τῆς
358 2419 470 2454 χάριτος
484 2423 673 2458 προσεσομένη
699 2412 772 2458 δόξα,
789 2426 830 2458 ὄτι

55 2458 105 2484 οὐδὲ
123 2460 200 2493 δόξαν
230 2463 300 2490 εἴποι
313 2473 354 2496 τις
369 2465 401 2491 ἂν
413 2466 524 2499 εἰκότως
537 2468 586 2504 τὴν
601 2470 697 2497 Μωσετ
715 2480 830 2507 προσγε-

59 2503 169 2540 ημένην,
190 2507 351 2535 ἀποϐλέπων
366 2511 406 2542 είς
423 2512 547 2544 τούτους.
564 2503 614 2540 Ἓν
626 2516 703 2542 νυκτὶ
719 2503 767 2551 μὲν
777 2503 830 2554 γὰρ

54 2549 80 2574 τὸ
91 2550 221 2586 λυχνιαῖον
239 2554 308 2588 φῶς,
324 2557 472 2589 φανότατον
481 2557 550 2586 εἶναι
561 2560 643 2593 δοκεῖ,
667 2563 696 2588 ὲν
719 2549 827 2598 patir-1p:—

55 2595 110 2631 ερία
125 2597 150 2624 δὲ
171 2599 240 2635 μέσῃ
254 2601 416 2636 κρύπτεται,
437 2607 482 2630 καὶ
499 2605 558 2632 οὐδὲ
581 2606 637 2640 φῶς
652 2595 727 2633 εἶναιιί
750 2595 826 2643 νομί-

54 2641 130 2672 ζεται.
148 2645 199 2672 Τὺν
230 2647 259 2673 δὲ
283 2648 365 2683 νόμον
388 2650 500 2677 ἐκάλεσε
528 2653 760 2688 καταργούμενον,
789 2654 826 2686 ὡς

53 2689 218 2725 παυσάμενον
230 2694 261 2727 τῇ
278 2693 395 2728 Χριστοῦ
412 2698 558 2733 παρουσίᾳ,
578 2698 656 2732 μένον
680 2699 707 2724 δὲ
728 2700 757 2725 τὸ
776 2700 824 2734 τῆς

53 2732 153 2767 χάριτος
170 2736 264 2771 δῶρον,
278 2738 315 2769 ὡς
336 2739 366 2765 οὐ
382 2739 533 2775 ληψὴμενον
566 2741 650 2773 τέλος.
680 2743 710 2768 El
741 2732 829 2769 τοίνυν

55 2778 159 2813 ἐκεῖνον,
175 2783 251 2818 φησὶ,
267 2783 401 2819 τετύχηκε
414 2785 503 2820 δόξης,
526 2786 647 2821 δηλονότι
672 2787 720 2814 καὶ
752 2787 829 2814 τοῦτο

55 2825 248 2861 πολλαπλασίως
271 2830 406 2863 τεύξεται,
426 2841 435 2857 ι
458 2832 494 2858 Τὸ
519 2832 718 2869 δεδοξασμένον.
741 2843 750 2859 ›
768 2831 829 2860 Οῗον

55 2871 154 2906 tropo;
171 2875 183 2899 ὁ
196 2875 271 2908 δόξαν
287 2876 355 2912 ἔχων
379 2878 422 2905 διὰ
454 2879 500 2905 τοῦ
525 2879 671 2914 προσώπου
697 2880 827 2920 Μωσέως.

883 2190 914 2210 ac
931 2184 1026 2218 gloria,
1037 2190 1066 2212 ut
1080 2186 1106 2213 in
1117 2186 1167 2213 hac
1177 2192 1253 2220 parte
1265 2188 1528 2221 conl‘erendoNelus
1536 2198 1568 2217 ne
1587 2191 1669 2218 ullam

883 2230 992 2264 quidem
1011 2231 1136 2259 videatur
1161 2232 1262 2260 habere
1271 2234 1395 2268 gloriam.
1414 2234 1476 2262 licet
1488 2236 1667 2270 gloriﬁcatum

883 2274 928 2307 sit,
947 2275 970 2302 si
991 2275 1022 2303 ad
1045 2275 1150 2304 Novum
1172 2277 1308 2305 conferas.
1327 2277 1360 2305 Et
1380 2278 1430 2307 hoc
1441 2283 1494 2311 est,
1512 2281 1584 2315 quod
1610 2283 1667 2310 ait:

886 2331 894 2347 ι
919 2321 947 2349 In
968 2321 1018 2349 hac
1034 2327 1120 2358 parte,
1143 2333 1152 2350 ι
1171 2331 1268 2358 nempe
1300 2325 1524 2360 comparationis.
1541 2342 1576 2348 —
1598 2328 1666 2356 Nam

883 2372 958 2395 tanta
976 2373 1028 2403 est,
1048 2369 1146 2405 inquit,
1162 2370 1197 2398 ad
1210 2371 1354 2401 ministros
1369 2375 1462 2408 gratia.-
1478 2374 1598 2402 reditura
1609 2376 1667 2410 glo-

881 2415 932 2447 ria,
957 2419 986 2442 ut
1010 2416 1108 2444 merito
1124 2425 1210 2452 neque
1237 2418 1350 2453 gloriam
1363 2428 1423 2448 esse
1437 2421 1667 2457 dicatquispiam,

881 2466 941 2486 eam
959 2468 1019 2495 quae
1040 2460 1132 2489 Mosen
1164 2468 1260 2491 secuta
1284 2470 1335 2496 est,
1359 2467 1381 2493 si
1399 2466 1432 2493 ad
1450 2467 1500 2495 hos
1529 2468 1664 2504 respiciat.

882 2504 1023 2540 Siquidem
1040 2507 1159 2535 lucernae
1177 2508 1223 2536 lux
1241 2509 1268 2536 in
1282 2514 1362 2538 nocte
1374 2512 1480 2539 videtur
1495 2520 1556 2541 esse
1574 2514 1666 2548 splen-

881 2551 1022 2580 didissima
1036 2559 1063 2581 at
1073 2554 1099 2581 in
1109 2555 1221 2583 meridie
1230 2556 1395 2589 occultatur,
1407 2561 1434 2584 et
1448 2565 1482 2585 ne
1497 2558 1541 2586 lux
1557 2559 1665 2593 quidem

881 2606 941 2626 esse
964 2600 1149 2629 existimatur.
1163 2601 1262 2637 Legem
1284 2607 1375 2631 autem
1398 2603 1467 2631 dixit
1487 2605 1588 2631 aboleri
1609 2613 1615 2632 :
1638 2611 1666 2632 ut

880 2652 940 2678 quae
954 2645 986 2672 ad
1001 2645 1101 2673 Christi
1113 2647 1287 2681 priesentiam
1299 2651 1449 2676 cessaverit
1463 2657 1469 2674 :
1485 2649 1579 2683 gratiac
1601 2657 1665 2675 vero

881 2691 982 2719 donum
999 2699 1120 2725 manere,
1135 2694 1246 2728 utquod
1263 2694 1342 2722 linem
1358 2703 1412 2723 non
1430 2695 1539 2722 habeat.
1555 2693 1583 2721 Si
1600 2703 1665 2729 ergo

880 2738 957 2770 illud,
975 2738 1072 2772 inquit,
1095 2739 1223 2767 sortitum
1237 2745 1278 2768 est
1295 2741 1420 2776 gloriam,
1435 2739 1610 2767 manifestum
1623 2746 1665 2768 cst

880 2786 952 2820 quod
968 2785 1040 2813 istud
1051 2786 1277 2821 multomajorem
1293 2787 1431 2814 sortictur.
1457 2794 1465 2810 ι
1483 2784 1560 2817 Quod
1580 2786 1664 2821 glori-

880 2833 988 2860 licatum
1006 2838 1058 2861 cst.
1075 2843 1084 2859 ι
1105 2832 1175 2861 Puta
1205 2833 1247 2861 lex
1270 2839 1329 2866 quae
1357 2831 1471 2867 gloriam
1497 2830 1592 2858 habuit
1617 2839 1664 2866 per

879 2879 974 2907 faciem
990 2878 1068 2907 Mosi.
1088 2889 1095 2905 ι
1114 2879 1141 2906 ln
1157 2879 1208 2907 hac
1230 2883 1314 2910 parte.
1337 2888 1345 2905 ι
1374 2878 1401 2905 ln
1431 2880 1508 2909 parte
1519 2885 1663 2911 compara-
