1872 3053
87 123 146 156 9Ἶ3

542 125 738 156 (ΣΟΜΜΕΝΤ.
764 126 803 157 lN
819 128 939 158 EPIST.
960 129 987 158 ll
1010 130 1059 160 AD
1078 131 1260 164 CORINTH.

1669 136 1722 168 954

85 180 122 206 οὐ
137 179 265 206 δύνανται
284 178 349 206 ἰδεῖν
364 179 397 206 τὰ
416 181 445 206 ὲν
465 180 545 216 αὐτῇ,
575 181 635 207 οὐδὲ
654 182 755 216 γνῶναι
783 183 823 209 ὅτι
852 184 881 210 ὲν
895 189 918 215 Α
933 187 1014 221 quide

986 187 1041 214 lem
1057 195 1087 215 ea
1104 196 1164 223 qua:
1191 189 1218 216 in
1243 189 1302 224 lege
1324 195 1389 218 sunt
1421 191 1514 220 videre
1546 199 1660 227 possunt
1690 200 1721 221 ut

86 225 204 260 Χριστῷ
223 226 402 260 καταργεῖται
420 226 468 252 καὶ
482 226 598 253 παύεται
613 229 626 254 6
642 227 731 263 νόμος.
747 228 802 255 Ποῦ
817 229 882 264 γὰρ,

85 273 164 298 εἴποι
200 280 252 304 τις,
280 271 359 298 τοῦτο
374 272 431 307 ἔχει
450 273 464 299 6
478 273 570 307 νόμος,
590 274 630 300 ὄτι
651 275 679 300 ὲν
698 274 809 310 Χριστῷ
838 275 884 301 καί¹

86 318 136 345 διὰ
156 317 244 353 Ἰησοῦ
253 318 494 353 καταργηθήσεται
511 326 518 351 ;
538 319 593 345 Καὶ
613 319 692 351 αὐτὸς
707 320 755 354 μὲν
770 320 784 346 6
803 321 884 355 νόμος

85 365 185 399 φησίν.
199 364 290 390 Εἰπὼν
306 364 360 400 γὰρ
369 364 421 397 ὅτι,
435 373 444 390 ‹
457 365 616 400 Ἀναστήσει
628 365 692 400 ὑμῖν
709 366 880 401 προφήτην..

86 411 245 445 ἐπήγαγεν,
262 421 271 437 ι
287 410 375 438 Λιιτοῦ
389 411 541 438 ἀκούσεσθε
552 410 697 439 πανοτιοῦν
710 412 845 446 λέγοντος,
865 421 875 438 t

88 457 172 492 φησὶ,
191 457 250 484 κᾶν
268 457 428 483 ὑπεναντίον
442 457 506 492 εῐπῃ
523 457 569 484 τοῦ
582 457 742 494 νόμου,περὶ
758 457 884 493 Χριστοῦ

87 503 190 537 λέγων.
208 502 294 534 Δὺτὺς
315 503 344 529 δὲ
358 503 404 529 καὶ
417 504 451 530 τὰ
479 503 605 530 Σάϐὂατα
620 503 709 536 ἔλυσε,
727 503 886 539 θεραπεύων

105 551 135 576 ἐν
150 549 252 582 αὐτοῖς.
271 550 326 576 Καὶ
334 549 537 576 ἐπιδιετάσσετό
547 558 619 583 τινα,
634 550 671 582 ὡς
686 550 726 582 τὸ,
747 560 756 577 ι
785 550 884 577 Ἦκού-

89 603 160 622 σατε
191 596 232 622 ὅτι
261 595 365 631 ἐρρήθη
390 596 448 628 τοῖς
462 595 585 631 ἀρχαίοις
601 595 678 628 τόδε,
697 595 753 630 ἐγὼ
775 596 803 622 δὲ
815 595 886 629 λέγω

89 641 170 676 ὑμῖν.
182 650 192 665 ο
203 641 259 668 Καὶ
273 641 304 668 τὸ
327 642 366 676 μὴ
382 641 512 668 ἀπολύειν
523 642 641 676 γυναῖκα
653 641 697 668 διὰ
709 643 785 676 μῖσος
796 641 884 676 μόνονΙ

89 687 143 713 καὶ
172 686 241 713 ἄλλα
261 686 358 714 πολλά.
377 687 492 713 Ἔπειτα
521 687 550 713 δὲ
565 687 606 714 ὃτι
628 687 817 722 ἐντειλάμενος
838 687 887 713 αὺ-

87 734 150 764 τοῖς
168 734 183 760 6
200 732 267 765 Θεὸς
302 733 332 760 ἐν
353 732 392 767 τῷ
421 734 476 768 ναῷ
490 733 563 769 μόνῳ
595 733 683 765 θύειν,
699 733 747 760 καὶ
762 732 888 768 ἐντούτῳ

90 779 271 815 περικλείσας
295 780 345 811 τὰς
366 779 474 813 θυσίας,
495 778 555 807 εἶτα
569 780 692 808 καθελὼν
719 780 809 813 αὑτὸν,
838 779 888 806 οὐκ

89 825 206 861 εὖδηλον
218 826 259 853 ὃτι
275 826 444 861 καταργήσει
462 825 513 857 τὰς
532 826 626 857 θυσίας
650 825 699 853 καὶ
723 826 813 857 πάσας
838 825 889 857 τὰς

89 873 211 907 νομικὰς
228 873 382 908 ἱερουργίας
397 881 405 904 ;
423 872 549 899 ὥστεκαὶ
566 872 703 907 αἰσθητῶς
717 873 764 899 καὶ
783 871 885 907 νοητῶς
903 865 922 892 Β

88 920 105 945 ὁ
121 920 204 954 νόμος
223 919 273 954 τὴν
297 919 394 946 ἑαυτοῦ
423 920 594 955 κατάργησιν
617 921 759 955 περιέχειν
776 929 784 936 ·
815 929 824 944 ι
840 919 886 954 Μὴ

90 965 365 1000 ἀνακαλυπτόμενον,
382 965 447 997 »εἰς
474 966 506 992 τδ
532 965 634 999 γνῶναι
647 966 756 997 αὐτοὺς,
789 966 830 992 ὅτι
858 966 887 992 ὲν

90 1011 207 1046 Χριστῷ
220 1012 399 1047 καταργεῖται
417 1012 430 1038 6
446 1011 537 1046 νόμος.
549 1027 585 1032 -
599 1011 765 1048 (KTPIAA.]
789 1012 818 1038 '0
833 1011 887 1047 γὰρ

90 1058 215 1093 Χρεστδς
230 1058 362 1092 καταργεῖ
383 1058 413 1083 τὸ
430 1057 572 1093 κάλυμμα.
606 1057 692 1089 Αὐτὸς
723 1058 777 1093 γὰρ
804 1058 842 1085 ὣν
870 1059 887 1094 ἡ

90 1103 222 1139 ἀλήθεια,
242 1103 325 1130 παύει
344 1102 393 1138 τὴν
409 1102 489 1129 σκιὰν
506 1103 553 1129 καὶ
565 1103 614 1139 τὴν
629 1103 741 1138 διπλόην
768 1102 816 1130 τοῦ
843 1103 887 1130 νό-

91 1158 160 1184 μου,
176 1149 296 1181 οὓτωςὲν
305 1148 399 1184 βιϐλίῳ
417 1149 487 1184 ρλα’,
500 1148 550 1183 τῆς
563 1149 710 1184 ἑρμηνείας
723 1149 770 1176 τοῦ
784 1149 886 1176 Λουκᾶ.

90 1211 129 1216 -
145 1194 247 1231 [eam
273 1195 366 1230 Ἐδόθη
386 1195 443 1226 τοῖς
465 1194 494 1222 ιν
517 1194 672 1230 παραδείσῳ
697 1195 800 1230 ἐντολὴ,
830 1184 886 1222 ἀλλ’

91 1243 203 1277 ἤργησε
214 1241 261 1268 καὶ
272 1241 422 1273 πέπαυται,
435 1241 482 1267 καί¹
492 1241 574 1267 οἱονεὶ
594 1241 778 1276 κατήργηται.
795 1240 889 1276 Ἐδόθη

90 1287 152 1317 τοῖς
169 1286 234 1321 περί
247 1285 319 1318 Νῶε,
335 1285 448 1320 κάκείνη
461 1284 721 1322 ὡσαύτωςῆργησεν
735 1285 782 1312 καὶ
810 1285 890 1312 κατέ-

91 1340 211 1358 παυσεν.
232 1331 325 1367 Ἐδόθη
346 1332 401 1363 τοῖς
434 1332 498 1366 περὶ
531 1331 667 1366 Ἀδραὰμ,
697 1331 765 1358 ἀλλὰ
791 1331 838 1358 καὶ⁴
856 1331 890 1358 τὰ

91 1379 212 1405 πλεῖστα
231 1379 334 1414 ταύτης
349 1378 525 1412 κατήργησεν
539 1378 553 1405 6
568 1378 649 1413 νόμος
664 1377 775 1413 μυρίαις
799 1386 890 1413 προσ-

92 1426 195 1458 θήκαις
210 1423 358 1455 ἀλλοιώσας
383 1424 430 1450 καὶ
447 1423 532 1455 τάξας
546 1424 639 1459 ἕτερα.
661 1424 755 1459 Ἐδόθη
773 1423 817 1450 διὰ
826 1424 891 1450 Μω-

93 1471 168 1502 σέως
180 1470 193 1496 6
205 1469 298 1505 νόμος,
311 1469 491 1504 καταργεῖται
506 1469 553 1495 καὶ
583 1468 702 1495 παύεται
731 1469 779 1495 καὶ
801 1464 890 1502 οὗτος,

92 1516 148 1541 οῦκ
161 1511 333 1550 ἑφ¹ᾧιέτερον
347 1513 517 1548 εἰσαχθῆναι,
529 1513 576 1540 καὶ
589 1514 670 1540 πάλιν
683 1513 808 1540 κάκεῖνον
819 1522 891 1540 κατε

92 1559 264 1596 οργηθῆναι,
298 1559 356 1586 ἀλλ’
372 1559 414 1593 ἐφ’
431 1555 454 1592 ᾧ
469 1558 562 1594 ἕτερον
576 1558 734 1594 εἰσαχθῆναι
751 1558 797 1586 τὸν
806 1559 887 1593 εὐαγ-

92 1606 220 1641 γελικὸν,
237 1606 284 1633 καὶ
299 1606 338 1637 εἰς
350 1605 397 1632 τὸν
413 1604 500 1632 αἰῶνα
523 1604 672 1639 διαμένειν.
704 1604 807 1636 Πάντες
840 1603 888 1640 μὲν

92 1649 145 1679 οὖν
158 1652 184 1678 οἱ
200 1647 356 1686 ἔμπροσθεν
375 1651 602 1687 κατηργήθησαν,
617 1650 686 1677 ἀλλὰ
695 1650 771 1680 τέλος
787 1658 890 1685 καταρ-

95 1699 235 1734 γουμένου
251 1699 265 1725 6
278 1698 370 1733 νόμος.
387 1692 481 1733 ἐπειδὴ
492 1698 550 1733 μετ’
567 1697 658 1729 αὑτὸν,
683 1697 733 1724 οὐκ
754 1696 794 1723 ἔτι
828 1697 888 1723 ἕτε-

96 1754 147 1782 ρος
162 1745 352 1780 καταργεῖται.
366 1743 398 1770 El
414 1743 443 1770 δὲ
461 1745 475 1770 ό
497 1745 578 1778 νόμος
602 1743 677 1775 τέλος
702 1742 891 1779 καταργουμέ-

95 1801 159 1826 νου,
177 1791 225 1818 καὶ
243 1790 274 1817 τὸ
291 1790 400 1824 εἰσάγον
424 1790 505 1817 αὐτὸν
518 1790 664 1824 πρόσωπον
675 1789 799 1825 δηλονότι
813 1789 890 1820 τέλος

97 1835 442 1872 καταργουμένου,ὥσπερ
457 1835 505 1861 καὶ
519 1834 534 1860 ὁ
544 1833 592 1860 τοῦ
618 1833 778 1868 εὐαγγελίου
797 1832 889 1868 δοτὴρ,

98 1884 142 1914 εἰς
157 1883 203 1908 τὸν
215 1881 300 1909 αἰῶνα
313 1881 359 1908 τοῦ
390 1881 488 1912 αἰῶνος
518 1879 657 1915 βασιλεύει
685 1880 733 1906 καὶ
759 1879 891 1916 κυριεύει.

103 1939 114 1955 ‹
129 1928 271 1963 Κάλυμμα
291 1927 337 1953 ἐπὶ
371 1927 419 1962 τὴν
435 1927 550 1961 καρδίαν
573 1926 663 1952 αὐτῶν
689 1927 787 1953 κεῖται.
802 1936 811 1952 ι
827 1924 894 1953 Εἶτα

100 1974 198 2009 ἐπειδὴ
211 1971 283 2005 εἷπε,
300 1973 430 2007 κάλυμμα
446 1972 553 1999 κεῖσθαι
564 1973 610 1998 ἐπὶ
628 1973 659 2007 τῇ
678 1972 831 2006 ἀναγνώσει
844 1973 893 2007 τῆς

101 2020 238 2053 Παλαιᾶς,
259 2019 302 2046 ἵνα
315 2020 351 2054 μή
363 2028 405 2051 τις
418 2019 518 2055 νομίσῃ
533 2019 582 2054 τῆς
603 2019 739 2053 ἀσαφείας
772 2019 819 2045 τοῦ
852 2018 896 2045 νό-

104 2076 157 2103 μου
171 2065 284 2093 εἶναιτὸ
305 2065 392 2092 αἴτιον
417 2064 455 2096 ώς
486 2064 523 2100 μὴ
545 2064 702 2099 νοουμένου,
729 2065 896 2100 σαφέστερον

102 2113 172 2140 αὐτὸ
183 2113 268 2146 λέγει,
283 2111 391 2142 δεικνὺς
407 2109 497 2138 αὐτῶν
508 2110 555 2137 καὶ
566 2110 595 2136 οὐ
607 2110 653 2136 τοῦ
666 2110 749 2145 νόμου
764 2110 793 2136 τὺ
806 2110 896 2145 ἀμάρ-
910 2107 914 2111 ’

935 237 1047 266 (ipnrlt‘l.
1068 233 1135 260 Nam
1149 234 1182 261 ad
1198 235 1271 262 hunc
1292 244 1378 271 usque
1402 236 1486 270 diem,
1519 237 1619 273 inquit,
1650 239 1721 266 idem

936 280 1057 307 velamen
1074 281 1156 307 habet
1171 281 1242 316 apud
1256 281 1331 317 ipsus
1348 283 1428 310 lectio
1445 283 1521 317 legis.
1547 283 1630 316 Quasi
1647 286 1720 312 enim

935 325 1022 352 Velata
1036 330 1108 354 esset
1120 326 1211 360 lectio,
1225 335 1279 355 non
1296 331 1411 363 possunt
1439 329 1540 356 intueri
1554 338 1614 365 quae
1628 330 1655 357 in
1673 330 1721 358 illa

936 375 1010 404 sunt,
1026 379 1114 406 neque
1136 379 1302 407 cognoscere
1330 374 1400 408 quod
1431 383 1478 410 per
1495 375 1638 403 Christum
1660 376 1723 403 abo-

937 417 1007 444 letur
1016 422 1041 444 et
1061 422 1151 446 cessat
1171 419 1224 449 lex.
1247 418 1282 446 At
1302 420 1347 446 ubi
1376 421 1403 448 id
1424 421 1504 448 habet
1529 421 1572 448 lex
1587 441 1594 453 ,
1621 421 1724 449 dixerit

936 460 1083 496 quispiam,
1106 461 1178 496 quod
1201 470 1249 497 per
1267 464 1407 492 Christum
1435 469 1461 492 et
1479 473 1526 500 per
1542 465 1635 493 Iesum
1656 467 1722 494 abo-

937 506 1016 533 lenda
1031 507 1122 535 esset?
1136 507 1235 535 Eadem
1258 509 1317 544 ipsa
1330 509 1372 537 lex
1392 510 1468 538 dicit.
1484 510 1552 537 Nam
1564 519 1626 538 cum
1635 511 1722 539 dixis-

940 557 998 580 set:
1017 561 1026 578 ι
1048 552 1213 588 Prophetam
1236 555 1379 583 suscitabit
1396 556 1472 584 vobis
1489 556 1571 589 Deus,
1585 565 1594 582 ι
1609 557 1718 590 subjun-

937 598 977 624 xit
996 604 1014 627 εΔ
1029 607 1038 624 t
1053 599 1145 634 Ipsum
1169 600 1286 628 audietis
1304 601 1435 636 quidquid
1452 602 1551 630 dixerit
1569 602 1603 634 ",
1618 611 1627 628 ›
1640 603 1721 630 etiam

937 643 1063 671 videlicet
1078 644 1100 672 si
1125 645 1197 679 quod
1212 646 1263 681 legi
1287 647 1454 674 contrarium
1486 652 1530 676 est
1555 648 1664 681 dixerit,
1690 649 1724 676 de

937 689 1046 718 Christo
1062 690 1183 726 loquens.
1204 690 1264 727 lpse
1276 700 1340 720 vero
1355 699 1382 720 et
1399 692 1519 720 Sabbata
1535 694 1626 725 solvit,
1641 694 1721 729 621

938 743 1039 763 sanans
1054 736 1082 763 in
1099 736 1167 772 ipsis
1177 737 1199 752 "
1216 746 1224 771 ;
1245 742 1271 764 et
1289 738 1412 773 quaedam
1428 739 1543 771 addidit,
1562 744 1590 767 ut
1604 747 1666 766 cum
1684 739 1724 766 di-

939 785 1036 809 ceret:
1061 790 1070 807 ι
1088 781 1213 810 Audistis
1232 783 1304 818 quod
1328 783 1379 811 hoc
1399 783 1502 811 dictum
1528 784 1564 811 sit
1591 784 1724 819 antiquis.

939 834 990 861 ego
1006 832 1094 854 atttem
1109 827 1170 856 dico
1181 829 1257 856 vobis
1269 829 1302 855 ’⁵.
1322 839 1331 855 ι
1351 829 1383 856 Εῑ
1396 830 1467 863 quod
1492 833 1601 864 propter
1633 831 1724 857 solum

937 874 1029 901 odium
1044 881 1097 901 non
1114 879 1186 902 esset
1201 883 1268 902 uxor
1278 875 1438 903 dimittenda
1447 876 1471 892 "
1486 884 1493 902 :
1511 876 1649 910 multaque
1662 875 1724 902 alia.

940 919 1042 947 Deinde
1058 923 1150 947 autem
1165 920 1230 955 quia
1247 921 1274 947 in
1286 921 1454 956 solotemplo
1463 922 1593 956 prmecpit
1604 922 1644 949 eis
1655 920 1726 948 Deus

938 965 1108 998 sacriﬁcare,
1123 969 1150 992 ct
1175 965 1202 992 in
1229 966 1281 993 hoc
1307 965 1432 993 victimas
1455 967 1600 999 conclusit,
1630 966 1728 993 deinde

938 1011 1004 1038 illud
1029 1011 1139 1039 sustulit
1155 1019 1162 1040 :
1178 1019 1212 1038 an
1224 1019 1278 1038 non
1292 1011 1467 1039 manifestum
1485 1017 1528 1040 est
1555 1011 1628 1046 quod
1646 1011 1726 1039 victi-

938 1064 997 1084 mas
1007 1056 1152 1091 omniaque
1165 1057 1260 1092 legalia
1273 1057 1409 1085 sacriﬁcia
1423 1058 1500 1084 irrita
1518 1056 1614 1084 fecerit
1629 1057 1640 1083 ?
1659 1061 1688 1083 ut
1701 1061 1728 1084 et

941 1101 1065 1129 sensibili
1090 1106 1117 1128 et
1132 1101 1298 1136 intelligibili
1320 1102 1401 1130 modo
1417 1102 1459 1129 lex
1477 1103 1519 1130 sui
1542 1102 1627 1137 ipsius
1641 1102 1729 1129 aboli-

941 1148 1042 1175 tionem
1058 1148 1267 1183 complectatur.
1292 1157 1301 1174 ι
1316 1147 1375 1175 Non
1388 1147 1536 1175 detectum.
1556 1157 1564 1173 ν
1580 1148 1619 1174 Ad
1636 1149 1686 1174 hoc
1699 1151 1728 1174 ut

945 1194 996 1229 ipsi
1013 1198 1181 1229 cognoscant
1194 1193 1266 1229 quod
1278 1201 1326 1228 per
1340 1192 1480 1220 Christum
1506 1193 1550 1220 lex
1575 1193 1726 1220 abolentur.

939 1237 1110 1266 —Christus
1125 1237 1197 1266 enim
1214 1237 1321 1264 irritum
1338 1237 1404 1264 facit
1420 1237 1557 1264 velamen.
1569 1237 1636 1264 Nam
1665 1245 1728 1264 cum

944 1284 1005 1319 ipse
1024 1284 1060 1312 sit
1078 1284 1189 1317 veritas,
1216 1289 1326 1310 cessare
1357 1283 1422 1311 facit
1445 1283 1582 1315 umbram,
1607 1283 1729 1318 legisque

941 1330 1156 1366 ambiguitatem.
1172 1329 1211 1357 Ita
1220 1329 1302 1357 habet
1316 1329 1464 1357 centesimo
1479 1329 1566 1363 primo
1587 1329 1729 1357 tricesimo

942 1375 1178 1410 interpretationis
1192 1375 1220 1402 in
1231 1374 1346 1402 Lucam.
1361 1390 1394 1396 —-
1404 1374 1502 1402 Datum
1517 1379 1560 1403 est
1579 1374 1621 1402 his
1643 1381 1688 1408 qui
1701 1374 1730 1401 in

942 1422 1070 1457 paradiso
1084 1425 1162 1449 erant
1175 1425 1353 1456 praeceptum,
1370 1421 1418 1448 sed
1435 1421 1543 1448 irritum
1564 1419 1665 1447 factum
1677 1423 1731 1452 est,

941 1473 968 1496 et
987 1468 1103 1496 cessavit
1127 1475 1159 1495 ac
1171 1468 1302 1495 abolitum
1318 1472 1370 1495 est.
1387 1467 1485 1495 Datum
1502 1470 1544 1495 est
1567 1470 1594 1494 et
1608 1469 1731 1501 tempore

941 1513 1009 1548 Noe,
1021 1518 1049 1542 et
1061 1514 1128 1541 illud
1140 1514 1268 1542 similiter
1294 1513 1428 1541 abolitum
1468 1518 1510 1541 est
1541 1520 1573 1541 ac
1600 1513 1728 1541 cessavit.

940 1561 1036 1588 Datum
1046 1565 1087 1588 est
1095 1565 1119 1587 et
1132 1564 1256 1595 tempore
1266 1559 1413 1593 Abraham,
1423 1559 1470 1587 sed
1480 1563 1507 1586 et
1521 1559 1639 1594 plurima
1647 1558 1730 1592 hujus

939 1607 1016 1635 irrita
1027 1606 1092 1633 fecit
1111 1606 1153 1633 lex
1175 1606 1326 1633 innumeris
1340 1609 1450 1633 mutans
1460 1605 1646 1632 additionibus
1661 1604 1731 1632 alitt-

939 1660 992 1687 que
1008 1651 1119 1687 jubens.
1154 1650 1221 1678 Data
1246 1655 1287 1678 est
1303 1658 1350 1686 per
1358 1650 1452 1679 Mosen
1467 1651 1490 1666 "
1506 1656 1533 1678 et
1545 1650 1601 1677 hwc
1618 1657 1728 1684 quoque

944 1698 1072 1725 aboletur
1085 1705 1118 1725 ac
1135 1701 1227 1725 cessat
1244 1702 1252 1725 ξ
1270 1705 1323 1724 non
1335 1698 1409 1732 quod
1423 1697 1474 1724 alia
1495 1696 1607 1723 inducta
1620 1696 1655 1723 sit
1671 1703 1732 1730 qua:

940 1744 1022 1771 etiam
1034 1744 1186 1776 abolcatur,
1203 1744 1250 1772 sed
1267 1744 1338 1778 quod
1349 1744 1401 1770 alia
1415 1743 1450 1770 sit
1467 1743 1579 1770 inducta
1595 1743 1636 1769 lex
1647 1749 1732 1768 evan—

941 1793 1027 1827 gelica
1045 1793 1142 1828 quaein
1158 1797 1290 1820 aeternum
1322 1795 1489 1827 permaneat.
1511 1789 1608 1818 Omnia
1636 1790 1731 1822 itaque

943 1840 1033 1873 priora
1053 1839 1153 1866 abolita
1165 1843 1276 1871 sunt,at
1292 1838 1353 1865 linis
1369 1839 1428 1872 ejus
1441 1836 1512 1872 quod
1541 1836 1665 1863 aboletur
1687 1837 1730 1861 est

944 1886 1009 1912 lex:
1036 1885 1164 1920 quoniam
1192 1888 1252 1919 post
1280 1884 1366 1919 ipsam
1398 1883 1471 1910 nulla
1503 1882 1554 1908 alia
1596 1880 1732 1907 aboletur.

945 1931 1021 1964 Quod
1036 1932 1059 1958 si
1079 1931 1121 1958 lex
1139 1931 1199 1957 linis
1217 1935 1259 1957 est
1276 1929 1334 1963 eius
1346 1929 1417 1964 quod
1437 1928 1571 1959 aboletur,
1585 1927 1645 1961 ipsa
1661 1932 1732 1960 quo-

945 1986 996 2013 que
1013 1977 1097 2004 facies
1113 1984 1172 2004 eam
1186 1976 1318 2003 inducens
1335 1979 1410 2002 certe
1424 1974 1486 2002 linis
1500 1978 1543 2001 est
1571 1972 1632 2007 eius
1652 1971 1725 2006 quod

945 2023 1070 2050 aboletur
1087 2031 1093 2049 :
1107 2021 1333 2056 quemadmodum
1349 2019 1431 2046 ctiam
1446 2017 1584 2053 Evangelii
1598 2017 1678 2043 dator
1699 2015 1727 2042 in

946 2069 1076 2097 smculum
1100 2067 1194 2096 saeculi
1218 2071 1314 2102 regnat
1340 2073 1371 2094 ac
1398 2065 1535 2099 regnabit.
1566 2073 1575 2090 ι
1605 2062 1734 2090 Velamen

947 2122 1029 2148 super
1043 2122 1092 2142 cor
1104 2114 1213 2141 illorum
1230 2113 1348 2148 ponitur.
1364 2121 1373 2138 )
1393 2111 1494 2139 Deinde
1507 2110 1636 2145 quoniam
1649 2108 1729 2135 dixe-

102 2167 211 2195 τημα.«
221 2159 360 2194 Κάλυμμα
372 2158 437 2192 γὰρ,
452 2157 545 2192 φησὶν,
559 2157 604 2182 ἐπὶ
618 2156 665 2190 τὴν
682 2156 796 2191 καρδίαν
807 2156 896 2182 αὐτῶν
949 2165 990 2187 [Ἧι
1005 2168 1015 2186 ν

986 2160 1126 2187 Lvelamen
1145 2159 1209 2194 poni
1242 2159 1269 2185 in
1280 2158 1396 2185 lectione
1415 2155 1520 2183 Veteris
1542 2152 1710 2181 Testamenti
1727 2160 1734 2177 :

103 2207 203 2234 κεῖται.
219 2215 228 2231 ι
241 2205 287 2232 Διὸ
299 2205 329 2232 οὗ
350 2205 478 2231 δόνανται
491 2203 593 2237 γνῶιαι
613 2202 661 2237 τὴν
689 2202 811 2229 διάνοιαν
840 2202 889 2228 τοῦ
909 2212 929 2238 ί)
946 2213 1015 2240 neq.

991 2205 1051 2240 quis
1059 2206 1228 2232 existimaret
1243 2204 1309 2238 legis
1319 2202 1516 2230 obscuritatem
1529 2200 1555 2226 in
1567 2206 1650 2226 causa
1665 2203 1729 2224 esse

104 2253 199 2287 νόμου.
211 2252 243 2278 Εἰ
257 2251 312 2287 γὰρ
326 2251 457 2285 ἔγνωσαν,
468 2249 625 2284 ἀπέστησαν
636 2248 668 2275 ἂν
679 2248 727 2275 ἀπ’
740 2248 834 2282 αὑτοῦ,
848 2249 896 2275 καὶ
949 2257 1015 2284 qum

988 2250 1022 2276 od
1035 2257 1089 2277 non
1119 2249 1330 2283 intelligeretur,
1367 2244 1540 2273 manifestius
1567 2242 1634 2270 illud
1658 2240 1735 2287 dicit,

104 2285 146 2334 τῷ
159 2297 271 2332 Χριστῷ
283 2285 456 2323 ἐπίστευσαν.
473 2296 558 2322 Τοῦτο
573 2295 649 2330 γὰρό
658 2295 739 2330 νόμος
757 2294 894 2330 βούλεται.
948 2300 1015 2323 ostel

986 2295 1228 2330 tendensipsorum
1244 2298 1271 2321 et
1289 2300 1342 2321 non
1357 2291 1425 2326 legis
1439 2297 1500 2317 esse
1514 2289 1620 2316 vitium.
1635 2296 1644 2312 ι
1658 2285 1726 2313 Nam

104 2333 240 2377 velamen,
260 2343 357 2380 inquit,
376 2351 458 2378 super
472 2350 520 2370 cor
534 2343 642 2370 illorum
660 2343 796 2378 ponitur,»
817 2343 877 2370 ideo
895 2349 950 2370 non
982 2346 1097 2377 possunt
1112 2343 1178 2377 legis
1194 2349 1304 2369 sensum
1317 2345 1492 2374 cognoscere.
1505 2336 1572 2363 Nam
1602 2335 1626 2362 sl
1657 2333 1736 2360 illum

106 2391 313 2425 cognovissent,
333 2388 429 2422 utique
446 2387 480 2414 ab
498 2388 557 2422 ipsa
570 2388 760 2418 recessissent,
779 2386 926 2414 etChristo
937 2387 1120 2415 credidissent
1141 2395 1149 2415 :
1166 2386 1192 2412 id
1204 2385 1276 2413 enim
1307 2384 1368 2411 vult
1385 2384 1427 2410 lex
1446 2390 1477 2409 ac
1491 2381 1578 2416 jubet.

152 2436 256 2463 Ἡνίκα
285 2435 310 2462 δ’
326 2435 364 2462 ἂν
380 2433 548 2468 ἐπιστρέψῃ
577 2434 652 2468 πρὸς
679 2434 796 2467 Κύριον.
813 2441 889 2467 περις

105 2480 231 2514 mpsim;
250 2479 282 2505 τὸ
302 2478 452 2512 κάλυμμα.
473 2477 504 2503 Ὀ
520 2477 553 2503 δὲ
573 2478 680 2511 Κύριος
713 2477 746 2503 τὸ
771 2476 893 2511 Πνεῦμά

105 2528 205 2554 ἐστιν.
221 2522 262 2553 Οὖ
279 2524 313 2551 δὲ
329 2523 362 2550 τὸ
382 2522 503 2556 Πνεῦμα
516 2522 638 2555 Κυρίου,
651 2522 712 2549 ἐκεῖ
726 2522 891 2556 ἐλευθερία.

112 2572 211 2608 Ἡμεῖς
231 2571 264 2598 δὲ
294 2570 406 2602 πάντες
445 2568 719 2602 ἀνακεκαλυμμένῳ
745 2568 894 2602 προσώπῳ

107 2619 167 2652 τὴν
193 2617 287 2650 δόξαν
310 2615 418 2650 Κυρίου
442 2612 712 2647 κατοπτριζόμενοι,
729 2614 785 2646 τὴν
797 2614 894 2647 αὐτὴν

107 2665 215 2692 εἰκόνα
237 2661 504 2698 μεταμορφούμεθα
521 2660 579 2687 ἀπὸ
609 2659 702 2693 δόξης
726 2661 769 2692 εἷς
792 2659 898 2692 δόξαν,

108 2710 244 2744 καθάπερ
252 2708 311 2736 ἀπὸ
327 2707 437 2741 Κυρίου
449 2706 631 2740 Πνεύματος.

146 2757 203 2785 Καὶ
226 2756 281 2792 γὰρ
307 2754 356 2781 καὶ
380 2754 394 2780 6
423 2753 543 2787 Μωῦσῆς
571 2752 639 2787 πρὸς
668 2752 718 2788 μὲν
754 2751 896 2782 Ἰουδαίους

147 2848 170 2864 ’⁸
188 2846 268 2875 Deut.
283 2854 359 2875 xvm.
375 2847 416 2875 l5.
454 2849 476 2864 “
492 2846 570 2874 Joan.
587 2851 612 2877 ν,
631 2842 647 2870 6
661 2851 738 2878 seqq.

778 2843 800 2859 ²¹⁵
812 2841 908 2870 Matth.
925 2849 951 2874 v,
967 2839 1012 2867 2|.
1051 2840 1074 2856 "
1087 2838 1183 2867 Matth.
1204 2844 1260 2870 ιιν,
1279 2836 1306 2863 5.

982 2433 1026 2465 111,
1044 2433 1137 2460 lli-18.
1156 2432 1189 2459 At
1207 2432 1250 2458 ubi
1266 2437 1404 2458 conversus
1420 2428 1500 2463 fuerit
1527 2426 1561 2452 ad
1579 2425 1736 2455 Dominum,

947 2480 1054 2506 tolletur
1082 2478 1199 2506 velamen
1226 2486 1235 2504 :
1264 2477 1392 2504 Dominus
1422 2479 1511 2501 autent
1537 2471 1652 2506 Spiritus
1677 2474 1737 2501 est;

946 2534 1026 2560 purro
1042 2525 1086 2552 ubi
1104 2524 1223 2553 Spiritus
1248 2523 1365 2554 Domini,
1383 2522 1419 2548 ibi
1432 2521 1551 2547 libertas.
1574 2517 1632 2544 Nos
1648 2520 1737 2560 auletn

945 2558 1034 2599 omnes
1056 2571 1158 2597 detecta
1178 2569 1260 2605 622
1279 2568 1346 2603 {acie
1372 2568 1399 2593 in
1423 2565 1532 2601 speculo
1558 2563 1684 2590 videntes.
1703 2558 1738 2585 ad

943 2616 1062 2643 eamdem
1073 2616 1213 2649 imaginem
1228 2614 1449 2647 transformamur
1461 2619 1476 2637 a
1489 2608 1574 2643 gloria
1588 2607 1613 2634 in
1626 2605 1738 2641 gloriam

951 2666 1078 2696 tanquam
1092 2669 1108 2687 a
1127 2660 1233 2687 Domini
1245 2660 1360 2694 Spiritu.

990 2749 1131 2784 Siquidem
1151 2752 1179 2776 et
1197 2747 1288 2775 Moses
1302 2746 1336 2774 ad
1361 2744 1470 2772 Iudaeos
1488 2742 1602 2777 loquens
1621 2737 1740 2766 habebat

1345 2835 1366 2851 ’⁷
1382 2833 1461 2862 Joan.
1482 2840 1501 2866 ι,
1517 2831 1561 2859 Π.
