1872 3053
189 136 242 168 959

716 141 915 170 (ECUMENII
936 141 1082 171 TRlCCE
1099 141 1268 171 EPISCOPI
1766 141 1810 171 €60

189 193 322 223 Christum
338 195 426 222 Iesum
448 195 600 229 Dominum,
617 203 662 222 nos
688 196 758 230 ipsas
779 203 865 225 autent
890 207 977 226 servos

1057 199 1085 225 πῦ
1111 198 1251 232 Χριστοῦ,
1263 197 1297 230 ὗς
1315 197 1403 224 ἐστιν
1420 197 1508 224 εἰκὼν
1533 197 1585 224 τοῦ
1605 197 1692 224 Θεοῦ.
1710 197 1750 222 0L-
1764 197 1808 230 γάρ

189 246 288 268 vestros
303 247 408 276 propter
423 241 524 270 Iesum.

225 372 361 405 Quoniam
384 375 490 404 dixerat
517 379 590 413 quod
617 380 688 415 apud
706 388 815 408 omnem
838 380 978 407 hominum

191 417 388 445 conscientiam
397 427 427 447 se
440 423 604 450 ostendisset
617 432 664 458 per
680 432 770 451 veram
785 424 980 452 manifestatio—

192 470 264 493 nem,
282 462 333 491 hoc
346 470 408 497 est,
424 467 656 501 praedicationem,
677 470 874 498 adversabatur
888 474 978 498 autem

190 506 242 539 ipsi
258 509 330 542 quod
347 517 401 537 non
417 512 545 540 omnibus
563 517 635 541 esset
654 515 798 542 manifesta
812 515 978 549 praedicatio,

190 553 261 586 quod
279 554 389 588 planum
409 561 451 584 est
474 566 506 585 ex
525 559 569 586 his
590 560 636 595 qui
652 568 704 587 non
718 561 903 594 crediderunt,
922 562 978 589 ait:

189 599 269 634 625
286 599 345 628 Non
361 601 427 630 illud
441 611 490 632 nos
504 610 618 634 accusat
637 610 684 633 aut
703 607 840 642 Evangelii
855 608 981 635 obscuri-

190 649 283 677 tatem,
300 647 348 675 sed
367 648 475 676 illorum
499 651 679 685 perditionem
691 661 724 680 ac
744 653 904 682 caecitatem.
920 663 929 679 ι
951 654 979 682 ln

189 691 290 724 quibus
305 693 379 722 Deus
393 695 475 730 hujus
489 698 593 725 saeculi.
613 707 622 724 I
645 698 745 726 Eorum
761 701 806 735 qui
822 705 900 729 extra
919 710 980 736 gre-

189 743 248 770 gem
266 741 340 767 (sunt
365 739 478 774 Christi,
496 742 540 769 alii
563 743 598 770 ab
623 744 701 772 initio
723 745 852 772 increduli
870 746 981 774 fuerunt

190 784 311 811 sermoni
326 785 537 820 pradicationis,
553 789 598 815 alii
613 789 788 817 crediderunt
802 792 922 826 quidem.
932 793 979 820 sed

190 829 253 862 quia
274 837 329 856 non
345 830 482 859 habebant
500 837 578 860 teme
587 835 769 868 altitudinem,
780 844 888 864 rursum
900 845 915 864 a
928 838 979 865 ﬁde

191 875 358 910 rtesilierunt,
383 885 452 911 quos
477 887 571 908 omnes
599 880 698 909 Paulus
726 883 793 910 dicit
816 890 976 918 pereuntes;
994 866 1015 893 Β

190 928 264 947 nune
281 925 370 949 tamen
386 922 437 958 ipsi
456 932 546 952 sermo
560 929 602 953 est
617 927 651 954 de
667 927 710 955 his
725 929 772 963 qui
787 929 821 957 ab
833 929 910 957 initio
926 931 978 966 ipsi

191 975 244 994 non
263 968 448 998 crediderunt.

227 1013 273 1042 His
286 1015 358 1042 enim
389 1017 500 1045 omnino
525 1018 645 1046 velatum
671 1024 714 1047 est
729 1019 917 1056 Evangelium,
948 1027 977 1050 et

191 1060 229 1087 ait
245 1070 251 1088 :
275 1061 302 1088 In
316 1062 471 1090 hominibus
487 1064 533 1098 qui
552 1069 668 1099 pereunt
682 1073 733 1093 nec
750 1067 863 1094 omnino
888 1069 979 1095 credi-

191 1108 304 1140 derunt,
317 1109 446 1136 excascati
462 1116 529 1137 sunt
541 1118 650 1143 sensus,
668 1119 702 1139 ne
723 1112 785 1140 ﬁdei
802 1113 977 1148 splendorem

191 1154 372 1188 s-tsciperent.
407 1154 489 1183 Deum
507 1160 598 1184 autem
616 1157 699 1192 hujus
726 1159 819 1186 saaculi
835 1159 978 1188 Manichaei

190 1200 300 1234 quidem
333 1206 359 1228 et
376 1201 528 1230 Marciones
557 1204 633 1230 aiunt
650 1204 751 1231 malum
785 1204 838 1232 dici
873 1206 977 1233 deum:

191 1245 324 1279 siquidem
342 1246 397 1274 duo
424 1253 489 1276 sunt
500 1248 572 1283 apud
599 1249 660 1277 illos
673 1250 728 1283 dii;
748 1258 799 1278 nos
825 1259 890 1279 vero
916 1260 978 1279 eum

191 1291 308 1319 dicimus
323 1293 369 1327 qui
381 1293 509 1322 omnibus
524 1294 651 1328 pratsidet
664 1304 670 1322 :
681 1296 730 1323 sed
745 1297 978 1331 quemadmodum

192 1335 263 1362 lleus
286 1337 348 1363 caeli
368 1341 395 1364 et
422 1341 502 1365 terrae
531 1338 623 1366 dictus
656 1345 698 1368 est
714 1340 747 1372 '°,
779 1345 806 1368 et
823 1341 894 1369 Deus
911 1350 980 1377 pra:-

192 1382 278 1409 sentis
289 1382 356 1414 diei,
370 1387 397 1409 et
411 1382 483 1411 Deus
501 1383 638 1412 Abraham
651 1390 679 1413 et
702 1385 779 1414 Isaac
801 1391 829 1415 et
845 1386 929 1415 Iacob
944 1389 978 1422 ",

194 1437 243 1456 nec
259 1429 294 1457 ob
309 1431 334 1457 id
347 1435 508 1458 ereterorum
522 1431 594 1459 Deus
607 1439 661 1459 non
675 1436 717 1459 est
731 1440 738 1459 :
751 1432 787 1460 ita
803 1433 855 1461 hoc
869 1441 981 1469 quoque

193 1475 325 1511 intellige,
341 1475 412 1503 Deus
430 1477 514 1512 hujus
545 1477 715 1505 saeculi.Aut
740 1486 802 1505 cum
830 1479 980 1514 hyperbato

194 1521 246 1548 hoc
259 1522 340 1550 modo
352 1532 359 1550 :
370 1522 575 1551 incredulorum
587 1523 670 1558 hujus
685 1524 861 1552 saeculi.Nam
874 1525 919 1552 hic
937 1526 979 1553 in-
993 1541 1014 1566 ε

193 1568 296 1595 creduli
314 1572 388 1602 sunt,
411 1572 475 1596 tunc
489 1574 579 1597 autem
594 1577 675 1597 omne
691 1578 760 1606 genu
778 1578 808 1598 se
828 1571 935 1604 ﬂectet,
954 1575 980 1599 et

193 1613 284 1641 omnis
315 1614 407 1648 lingua
433 1615 608 1643 conﬁtebitur
637 1615 760 1649 Christo,
791 1624 854 1644 cum
873 1617 981 1644 venerit

196 1659 224 1686 in
243 1658 358 1687 Paterna
375 1661 471 1695 gloria.
487 1662 607 1697 Cyrillus
624 1669 689 1689 vero
707 1663 788 1698 hujus
804 1663 897 1690 saeculi
913 1663 980 1691 dicit

193 1705 271 1732 deum
302 1714 367 1734 eum
394 1706 441 1741 qui
468 1707 619 1735 incredulis
649 1708 824 1736 existimatus
848 1712 891 1736 est
918 1716 980 1736 esse

193 1752 271 1784 deus,
288 1760 385 1786 nempe
403 1753 532 1780 Satanam
550 1753 634 1789 (hunc
643 1755 715 1782 enim
726 1754 875 1789 colebant),
891 1754 980 1789 primo

195 1798 264 1824 [ιιι-ο
293 1799 425 1826 adversus
440 1798 592 1827 lulianum.
609 1815 643 1820 -
655 1800 717 1827 Alio
735 1800 824 1828 modo.
842 1800 900 1827 Hoc
915 1804 977 1828 est:

193 1843 399 1871 lncredulorum
411 1844 493 1880 hujus
504 1845 596 1872 smculi
608 1848 764 1875 excascavit.
785 1846 857 1875 Deus
869 1855 978 1881 sensus,

196 1897 259 1917 nam
275 1889 397 1918 futurum
426 1893 555 1919 szrcnlum
578 1893 796 1921 incredulitatem
815 1901 869 1921 non
886 1894 978 1922 habet.

196 1946 205 1962 ‹
229 1937 381 1964 Excmcavit
412 1946 512 1966 sensus
540 1938 754 1966 incredulorum.
777 1949 786 1966 ι
818 1939 876 1966 Non
903 1939 978 1975 quod

193 1982 252 2017 ipse
268 1983 364 2011 fecerit
381 1993 389 2012 :
416 1984 489 2012 absit
503 1986 509 2011 ι
528 1985 575 2013 sed
587 1985 660 2020 quod
677 1985 735 2013 ﬁeri
747 1985 904 2020 permiserit
915 1993 980 2021 pro-

194 2033 254 2062 pter
294 2029 410 2056 liberutn
443 2030 607 2063 arbitrium;
643 2035 672 2057 ut
699 2031 781 2058 etiam
817 2031 880 2059 alibi
914 2032 978 2059 ait:

196 2083 206 2098 ι
221 2073 345 2100 Tradidit
366 2074 427 2102 illos
447 2075 519 2103 Deus
543 2076 571 2102 in
594 2075 710 2103 allectus
742 2076 900 2110 ignominia:
916 2078 949 2109 '°,
967 2086 976 2102 ι

194 2127 226 2145 ac
249 2120 271 2146 si
289 2119 394 2147 diceret
412 2129 420 2148 :
437 2120 520 2148 Tradi
541 2121 676 2156 permisit.
705 2121 841 2154 Quoniam
863 2123 935 2150 enim
964 2131 979 2150 a

193 2164 303 2192 Christo
321 2169 506 2198 recesserunt,
527 2166 638 2202 reliquit
653 2174 703 2195 eos
719 2176 726 2195 :
746 2175 808 2194 nam
828 2169 978 2196 volentium

1030 244 1157 276 ἑαυτοὺς
1184 243 1390 277 κηρύσσομεν,
1417 242 1497 269 ἀλλὰ
1521 242 1650 276 Χριστὸν
1694 240 1808 273 Ἰησεῦι·

1030 290 1159 323 Κύριον⁵
1193 288 1328 322 ’ἑαυτοὺς
1349 289 1384 315 δὲ
1414 289 1546 320 δούλους
1576 287 1662 322 ὑμῶν
1686 287 1735 314 διὰ
1760 288 1808 320 Ἰη-

1030 335 1117 362 συῦν.

1073 379 1182 415 Ἐπειδὴ
1198 377 1269 413 εἷπε,
1300 380 1369 415 πρὸς
1388 380 1478 406 πᾶσαν
1492 379 1645 413 συνεξδησιν
1664 377 1811 413 ἀνΰρὼπων

1031 423 1206 451 συνίστασθαι
1222 423 1267 450 διὰ
1283 424 1332 460 τῆς
1353 423 1469 460 ἀληθοῦς
1485 423 1679 458 φανερώσεως,
1696 423 1811 449 τουτέστι

1030 469 1064 497 τὰ
1078 469 1126 496 τοῦ
1143 469 1330 505 κηρύγματος,
1354 469 1493 497 ἀντέχει-το
1504 469 1533 496 δὲ
1552 469 1626 504 αὑτῷ
1641 469 1673 495 τὺ
1686 468 1727 504 μὴ
1737 469 1813 494 πᾶσιν

1031 513 1100 542 εἷναι
1129 515 1246 551 φανερὸν
1258 515 1289 542 τδ
1303 515 1446 550 κήρυγμα,
1477 515 1537 549 (καὶ
1557 515 1636 550 δῆλον
1654 515 1684 547 ὲξ
1711 510 1749 541 ὧν
1770 515 1815 540 οὐκ

1031 561 1216 596 subraucum)
1239 561 1319 596 φησίν
1336 570 1344 577 ”
1361 561 1417 596 Οὐχ
1439 560 1518 596 ἡμῶν
1533 561 1562 587 τὸ
1580 560 1722 595 ἔγκλημα,
1737 560 1754 595 ἢ
1770 560 1815 594 τῆς

1030 608 1164 641 ἀσαφείας
1177 608 1223 635 τοῦ
1231 608 1401 642 εὐαγγελίου,
1412 607 1480 634 ἀλλά
1492 607 1543 641 τῆς
1553 607 1664 634 ἐκείνων
1679 606 1816 636 ἀπωλείας

1031 654 1079 681 καὶ
1095 654 1267 691 τυιελώσεως.
1289 665 1298 680 ι
1310 655 1354 681 Ἐν
1362 651 1402 686 οἷς
1417 655 1431 681 ὁ
1442 654 1507 685 Θεὸς
1522 653 1569 680 τοῦ
1581 653 1680 684 αἰῶνος
1691 652 1814 679 τούτου.»

1031 700 1092 726 Τῶν
1103 699 1156 732 ἔξω
1173 700 1224 734 τῆς
1243 700 1343 736 ἀγέλης
1354 700 1400 726 τοῦ
1412 699 1542 735 Χριστοῦ,
1557 699 1582 725 oi
1600 699 1650 733 μὲν
1666 699 1717 733 τὴν
1734 697 1817 732 ἀρχὴν

1031 747 1184 782 ἠπίστησαν
1202 746 1240 782 τῷ
1268 747 1339 781 λόγῳ
1366 746 1413 773 τοῖι
1443 745 1630 781 κηρύγματος,
1659 745 1684 770 οἱ
1704 744 1735 770 δὲ
1761 745 1818 770 ἐπί-

1032 801 1145 819 στευσαν
1175 793 1234 826 μὲν,
1253 792 1297 818 διὰ
1309 792 1338 818 δὲ
1359 792 1390 818 τὸ
1411 791 1448 826 μὴ
1463 791 1534 826 ἔχειν
1560 791 1641 825 βάθος
1654 790 1720 825 γῆς,
1739 790 1818 816 πᾶλιν

1031 838 1217 873 ἀπεφοίτησαν
1250 838 1300 871 τῆς
1324 839 1471 873 πίστεως,
1501 837 1551 869 οὓς
1578 838 1703 868 ἅπαντας
1736 836 1818 863 ἀπολ-

1029 885 1162 919 λυμένους
1192 885 1206 911 ὁ
1235 885 1340 916 Παῦλος
1370 884 1458 911 καλεῖ.
1486 884 1543 910 Νῦν
1571 883 1599 909 δὲ
1618 883 1716 914 τέωςὸ
1743 883 1818 916 λόγος

1030 930 1104 964 αὐτῷ
1120 930 1184 965 περὶ
1198 929 1252 956 τῶν
1273 928 1321 964 τὴν
1338 929 1425 964 ἀρχὴν
1441 928 1528 963 ataui);
1545 927 1768 962 ἀπιστησάντων.

1070 1019 1087 1047 Γ
1089 1020 1177 1050 αὐτοις
1191 1019 1244 1054 γὰρ
1258 1018 1398 1049 παντελῶς
1413 1017 1583 1044 κεκάλυπται
1596 1016 1626 1043 τὸ
1641 1016 1820 1050 Εὑαγγέλιον,

1030 1067 1075 1094 καί
1089 1075 1181 1102 φησιν,
1201 1067 1230 1092 ὲν
1246 1062 1287 1096 οἷς
1301 1063 1497 1098 ἀπολλυμένοις
1509 1061 1666 1097 ἀνθρώποις
1681 1061 1738 1088 τῶν
1754 1070 1822 1087 παν-

1029 1113 1114 1142 τελῶς
1135 1111 1345 1146 ἀπιστησάντων
1362 1109 1504 1145 ἐτυφλώθη
1524 1109 1559 1136 τὰ
1575 1110 1710 1145 νοήματα,
1730 1108 1770 1138 εἰς
1793 1107 1824 1134 τὸ

1032 1159 1099 1194 μηδὲ
1113 1159 1161 1193 τὴν
1176 1157 1262 1193 αὐγὴν
1277 1156 1404 1190 δέξασθαι
1418 1156 1468 1190 τῆς
1487 1156 1614 1186 πίστεως.
1628 1155 1695 1181 Θεὸν
1709 1154 1739 1180 δὲ
1754 1154 1822 1180 alt?)-

1030 1213 1073 1235 νος
1088 1202 1195 1233 τούτου,
1216 1203 1363 1237 Μανιχαῖοι
1382 1202 1431 1236 μὲν
1448 1202 1494 1228 καὶ
1512 1201 1674 1236 Μαρκίωνες
1694 1201 1763 1234 φασὶ
1775 1199 1822 1225 τὸν

1030 1249 1147 1284 πονηρὸν
1174 1249 1264 1282 λέγειν
1294 1249 1366 1275 θεόν.
1392 1247 1444 1274 Δύο
1471 1248 1526 1282 γὰρ
1554 1247 1620 1282 παρ’
1637 1247 1730 1278 αὐτοῖς
1753 1247 1821 1273 Θεοί.

1036 1294 1132 1327 Ἡμεῖς
1152 1293 1180 1320 δὶ
1195 1293 1240 1320 τὸν
1258 1294 1302 1319 ἐπὶ
1316 1293 1425 1319 πάντων
1440 1293 1540 1327 φαμέν.
1558 1292 1630 1318 Ἀλλ’
1645 1292 1742 1327 ὥσπερ
1754 1291 1822 1322 Θεὸς

1031 1341 1138 1375 εἴρηται
1158 1339 1273 1375 οὐρανοῦ
1299 1339 1344 1366 καὶ
1365 1339 1426 1373 γῆς,
1450 1339 1497 1365 καὶ
1513 1338 1580 1370 Θεὸς
1604 1338 1654 1373 τῆς
1676 1336 1823 1373 παροῦσης

1031 1387 1146 1421 ἡμέρας,
1161 1386 1208 1412 καὶ
1220 1385 1287 1417 Θεὸς
1305 1385 1441 1420 Ἀϐραὰμ,
1457 1385 1504 1411 καὶ
1526 1384 1628 1414 Ἰσαὰκ.
1643 1384 1690 1410 καὶ
1710 1383 1823 1414 Ίακὼδ,

1031 1432 1078 1457 καὶ
1094 1431 1123 1457 οὐ
1139 1431 1214 1465 παρὰ
1228 1430 1307 1456 τοῦτο
1321 1430 1376 1457 τῶν
1388 1430 1490 1456 λοιπῶν
1501 1430 1550 1456 οὐκ
1564 1429 1623 1455 ἔστι
1639 1429 1715 1460 Θεὸς,
1731 1428 1823 1459 οὕτως

1034 1486 1079 1512 μοι
1095 1477 1150 1503 νόει
1165 1477 1212 1503 καὶ
1228 1475 1269 1508 τὸ,
1290 1476 1356 1507 Θεὸς
1371 1475 1418 1502 τοῦ
1434 1476 1532 1507 αἰῶνος
1548 1475 1654 1502 τούτου,
1672 1475 1708 1500 ’Ἦ
1722 1475 1822 1505 οὕτως,

1033 1523 1103 1557 μετά
1124 1521 1278 1557 ὑπερὸατοῦ
1292 1529 1298 1536 ·
1313 1522 1366 1548 τῶν
1384 1521 1507 1548 ἀπίστων
1523 1520 1568 1547 τοῦ
1594 1520 1691 1551 αἰῶνος
1713 1521 1823 1547 τούτου.

1032 1565 1095 1604 ᾯδε
1115 1570 1170 1604 γὰρ
1189 1568 1345 1600 ἀπιστοῦσι,
1366 1567 1427 1594 τότε
1449 1567 1477 1594 δὲ
1495 1568 1548 1594 πᾶν
1572 1567 1636 1601 γόνυ
1652 1567 1750 1599 κλινεί,
1776 1567 1825 1593 καὶ

1032 1615 1108 1641 πᾶσα
1121 1614 1229 1648 γλῶσσα
1246 1613 1474 1648 ἐξομολογήσεται
1495 1612 1618 1647 Χριστῷ,
1634 1613 1699 1639 ὃταν
1714 1612 1782 1648 ἔλθῃ
1795 1613 1824 1638 ἐν

1031 1662 1063 1697 τῇ
1084 1659 1203 1696 Πατρῴα
1217 1659 1290 1695 δόξῃ.
1309 1659 1441 1694 Κύριλλος
1465 1659 1492 1685 δὲ
1512 1659 1585 1693 λέγει
1602 1658 1667 1685 Θεὸν
1686 1659 1734 1684 τοῦ
1754 1659 1824 1685 αἰῶ-

1035 1715 1080 1738 νος
1106 1706 1202 1732 τούτου
1236 1706 1281 1731 τὸν
1312 1705 1475 1740 νομισθέντα
1502 1706 1558 1736 τοῖς
1585 1704 1710 1736 ἀπίστοις
1749 1705 1823 1736 Θεὸν,

1031 1753 1115 1787 ἤγουν
1131 1751 1175 1777 τὸν
1201 1751 1321 1777 Σατανᾶν
1348 1749 1446 1785 (τούτῳ
1459 1750 1513 1785 γὰρ
1536 1750 1706 1784 ὲλάτρευον),
1733 1750 1763 1775 ὲν
1783 1749 1824 1784 τῷ

1031 1798 1103 1825 κατὰ
1125 1797 1268 1824 Ἰουλιανοῦ
1292 1796 1391 1832 πρώτῳ
1409 1796 1512 1831 βιῦλίῳ.
1524 1796 1689 1828 -Ἀλλωφ
1703 1794 1824 1831 [ΙΩᾹΝ.]

1031 1846 1160 1873 Τουτέστι
1177 1845 1233 1872 τῶν
1253 1845 1376 1871 ἀπίστων
1396 1844 1443 1870 τοῦ
1460 1844 1558 1876 αἰῶνος
1573 1844 1681 1877 τούτου,
1701 1843 1826 1878 ἐτύφλω-

1033 1892 1181 1923 σενόθεὸς
1202 1891 1236 1919 τὰ
1260 1891 1394 1926 νοήματα.
1419 1890 1448 1916 Ὀ
1470 1890 1524 1924 γὰρ
1546 1889 1652 1924 μέλλων
1674 1889 1741 1916 αἰὼν
1760 1890 1821 1916 ἀπι·

1033 1939 1111 1965 στίαν
1128 1939 1178 1965 οὐκ
1193 1938 1259 1973 ἔχει.
1281 1946 1291 1963 ι
1320 1937 1473 1971 Ἐτύφλωσε
1498 1937 1531 1963 τὰ
1547 1938 1672 1971 νοήματα
1686 1935 1741 1962 τῶν
1759 1936 1825 1963 ἀπί-

1033 1993 1114 2012 στων,
1134 1993 1143 2010 ι
1169 1984 1206 2010 Οὺ
1234 1983 1312 2009 τοῦτο
1328 1983 1410 2014 αὐτὸς
1430 1981 1525 2014 ποιῶν,
1551 1981 1674 2015 ’Δπαγεί
1692 1980 1764 2008 ἀλλά
1779 1989 1825 2015 γε-

1031 2031 1125 2058 νέσθαι
1156 2030 1348 2065 συγχωρήσας,
1376 2028 1421 2055 διὰ.
1448 2028 1480 2055 τὸ
1505 2028 1690 2061 αὐτεξούσιον,
1715 2028 1754 2060 ὡς
1777 2028 1824 2055 καὶ

1031 2076 1148 2111 ἀλλαχοῦ
1170 2084 1250 2111 φησι,
1275 2084 1284 2100 ‹
1311 2074 1472 2109 Παρέδωκεν
1490 2074 1589 2104 αὐτοὺς
1613 2074 1652 2105 εἰς
1670 2074 1746 2107 πάοη
1764 2074 1823 2099 ἀτι-

1034 2122 1108 2157 μίας,
1129 2131 1138 2147 ι
1154 2121 1194 2154 τὸ,
1218 2119 1273 2147 οἷον
1295 2119 1486 2155 Συνεχώρησε,
1512 2119 1609 2154 λέγων.
1642 2119 1753 2155 Ἐπειδὴ
1769 2119 1824 2155 γὰρ

1032 2169 1219 2202 ἁπεφοίτησαν
1232 2165 1278 2192 τοῦ
1298 2165 1429 2201 Χριστοῦ,
1448 2166 1539 2192 εῐασεν
1561 2165 1670 2197 αὐτούς.
1689 2165 1811 2200 Βουλομὲ

193 2215 236 2237 est
252 2211 338 2245 salus,
359 2219 413 2238 non
429 2216 587 2239 coactorum
602 2222 608 2240 :
623 2220 676 2240 non
691 2213 763 2248 quod
791 2213 871 2241 etiam
896 2222 977 2242 nocu-

1057 2221 1086 2239 υν
1101 2212 1156 2248 γὰρ
1179 2212 1228 2238 οὐκ
1245 2211 1474 2246 ἀναγκαζομένων
1489 2212 1506 2246 ὴ
1519 2211 1650 2246 σωτηρία,
1670 2211 1708 2246 μὴ
1724 2212 1766 2238 ὅτι
1778 2212 1824 2238 καὶ

194 2259 316 2282 mentum
329 2256 487 2291 acceperint
504 2257 550 2291 qui
565 2256 712 2284 inﬁdeliter
730 2256 823 2285 allecti
842 2263 921 2286 erant
948 2265 976 2286 et

195 2300 323 2328 illustrati
337 2305 402 2329 sunt
424 2302 483 2329 luce
499 2302 612 2336 Christi,
629 2303 714 2330 veluti
736 2303 834 2331 debilis
852 2310 979 2340 aspectus

195 2348 271 2374 radio
302 2347 397 2374 solari.
414 2357 423 2373 ι
441 2346 480 2375 Ne
505 2347 684 2376 illucesceret
708 2348 772 2376 illis.
794 2358 803 2374 ι
822 2348 889 2377 Vide
905 2351 977 2385 quod

194 2401 247 2420 non
273 2393 397 2420 dixerit:
421 2393 575 2421 Excrecavit
600 2402 648 2422 eos
681 2403 714 2423 ne
742 2396 896 2427 crederent,
916 2396 976 2428 sed,

197 2449 207 2463 ι
230 2437 268 2466 Ne
285 2439 458 2466 illucesceret
486 2439 551 2472 illis,
570 2449 579 2466 ι
598 2441 746 2469 ostendens
761 2441 836 2476 ipsos
863 2442 978 2476 primum

195 2493 248 2512 non
272 2484 422 2514 credidisse
434 2489 461 2512 et
490 2486 527 2512 ita
543 2491 639 2521 postea
661 2487 788 2523 indignos
806 2487 922 2515 effectos
940 2489 980 2515 lu‘

195 2531 277 2558 mine.
296 2531 365 2558 Nam
383 2534 409 2558 et
424 2532 482 2566 ipse
496 2540 606 2567 quoque
621 2533 750 2561 Dominus
765 2535 802 2560 ait
819 2543 828 2559 ι
854 2542 906 2560 non
920 2542 980 2561 esse

195 2577 375 2612 projiciendas
387 2579 550 2614 margaritas
566 2583 629 2607 ante
650 2587 748 2613 porcos
764 2580 798 2606 δι.
819 2589 827 2605 ι
850 2579 883 2606 Ει
912 2579 980 2606 bene

194 2622 316 2656 ponitur,
342 2622 514 2651 lllucescet'e.
530 2623 614 2659 626
637 2623 715 2651 Nunc
737 2624 810 2651 enirn
831 2624 978 2651 obscurum

193 2668 326 2697 habemus
338 2677 409 2697 verte
425 2670 593 2705 cognitionis
611 2669 760 2705 deﬂexum,
777 2673 804 2696 et
820 2674 947 2704 tanquam
964 2677 978 2696 a

193 2715 252 2743 sole
264 2715 434 2743 lucidissime
444 2721 553 2743 tenuem
567 2714 751 2750 splenderent.
767 2715 822 2742 Hoc
834 2715 979 2750 alihizquo-

194 2768 246 2796 quc.
260 2761 395 2797 signiﬁcat
409 2762 519 2790 dicens:
534 2771 544 2787 ι
561 2761 766 2789 Videmusnunc
777 2769 825 2796 per
836 2761 976 2796 speculum

1010 2255 1013 2258 ’
1031 2258 1269 2293 προσεὸλάπτοντο
1287 2257 1410 2288 ἀπίστως
1425 2256 1592 2292 διακείμενοι
1613 2257 1660 2284 καὶ
1680 2266 1822 2290 καταυγα-

1030 2304 1139 2339 ζόμενοι
1163 2303 1201 2338 τῷ
1223 2304 1293 2338 φωτὶ
1310 2303 1441 2337 Χριστοῦ,
1461 2303 1557 2338 ὥσπερ
1580 2303 1627 2329 καὶ
1649 2303 1711 2338 ὄψις
1736 2303 1824 2338 σαί)ρᾶ

1029 2351 1058 2383 ἐξ
1074 2350 1187 2385 ἡλιακῆς
1207 2351 1324 2381 ἀκτῖνος.
1344 2359 1353 2374 ι
1371 2349 1416 2380 Εἰς
1433 2348 1463 2375 τὸ
1486 2348 1523 2384 μὴ
1549 2349 1670 2384 αὐγάσαι
1687 2349 1790 2380 αὐτοῖς.
1811 2359 1820 2374 ι

1030 2396 1113 2430 Ὅρα,
1134 2396 1184 2422 οὐκ
1206 2393 1293 2425 εἶπεν,
1316 2394 1475 2428 ἐτύφλωσεν
1498 2395 1538 2426 είς
1559 2395 1590 2421 τὸ
1608 2395 1645 2430 μὴ
1664 2395 1821 2427 πιστεῦσαι,

1029 2441 1139 2472 ἁλλέίς
1163 2441 1204 2472 τὸ,
1240 2449 1249 2466 ι
1276 2441 1322 2476 Μὴ
1352 2441 1537 2474 χαταυγάσαι,
1557 2450 1566 2466 ι
1593 2441 1702 2472 δεικνὺς
1724 2441 1823 2472 αὐτοὺς

1029 2487 1138 2521 πρῶτον
1150 2487 1368 2522 ἀπιστήσαντας,
1381 2484 1441 2513 εἶτα
1454 2487 1582 2519 ἀναξίους
1597 2487 1762 2521 γενομένους
1776 2487 1821 2513 τοῦ

1029 2531 1182 2566 φωτισμοῦ.
1209 2531 1264 2558 Καὶ
1287 2531 1340 2567 γὰρ
1355 2532 1399 2558 καὶ
1410 2533 1489 2563 αὐτὸς
1509 2533 1523 2558 ὁ
1540 2531 1640 2567 Κύριός
1657 2540 1736 2568 φησι,
1757 2541 1766 2557 ι
1783 2533 1821 2567 μὴ

1030 2578 1136 2613 ῥίπτειν
1162 2577 1315 2612 ἔμπροσθεν
1324 2579 1379 2604 τῶν
1391 2577 1488 2613 χοίρων
1510 2577 1572 2610 τοὺς
1599 2579 1783 2613 μαργαρῖτας.
1806 2587 1817 2603 ι

1033 2624 1131 2656 Καλῶς
1144 2624 1172 2650 δὲ
1187 2624 1227 2657 τὸ,
1241 2625 1378 2658 Δὺγάσαι,
1395 2626 1496 2651 κεῖται.
1515 2624 1653 2660 Ἀμυδρίιν
1666 2625 1721 2659 γὰρ
1737 2624 1821 2660 ἀπόρ-

1034 2671 1109 2704 ῥοιαν
1124 2671 1172 2705 τῆς
1188 2671 1318 2705 ἀληθινῆς
1331 2669 1459 2704 γνώσεως
1472 2670 1571 2705 ἔχομεν
1587 2669 1645 2702 νῦν,
1661 2670 1709 2697 καὶ
1727 2670 1821 2706 ὥσπερ

1032 2715 1086 2742 ἀπὸ
1110 2715 1187 2751 ἡλίου
1208 2714 1369 2750 παμφαοῦς,
1394 2714 1482 2750 αὐγὴν
1505 2715 1640 2750 ἀμυδράν.
1666 2714 1751 2742 Τοῦτο
1772 2715 1821 2741 καὶ

1033 2762 1148 2798 ἀλλαχοῦ
1167 2762 1254 2798 δηλοῖ,
1282 2772 1291 2789 1
1320 2762 1460 2798 Βλέπομεν
1481 2762 1535 2797 γὰρ
1564 2762 1644 2798 ἄρτι,
1662 2762 1758 2797 λέγων,
1783 2761 1820 2788 δι’

231 2849 254 2864 ⁸³
266 2848 368 2877 Judith.
382 2857 408 2883 ν,
423 2849 457 2883 ει,
475 2850 561 2878 Exod.
582 2858 622 2883 ιιι,
638 2849 683 2877 ἳϐ.
722 2851 743 2867 ⁸³
758 2850 872 2886 Philipp.
890 2859 918 2885 ιι,
935 2852 974 2879 l0.

1057 2851 1123 2879 lom.
1139 2860 1157 2885 ι,
1171 2851 1215 2879 24.
1255 2852 1275 2867 ³⁸
1291 2851 1390 2879 Matth.
1404 2858 1452 2885 vn,
1465 2852 1491 2882 6.
