1872 3053
38 175 96 208 961
492 178 686 209 COMMENT.
706 179 745 208 IN
766 178 886 208 EPIST.
908 178 939 208 Il
957 179 1005 209 AD
1022 178 1202 210 CORINTH.
1606 182 1662 214 962

35 233 177 266 ἐσόπτρου
187 231 373 267 ἑναῐνίγματι·
388 241 397 258 ›
409 232 483 265 καὶ,«
500 233 659 269 Ἀρῤαὸῶνα
674 233 825 268 Πνεύματος

926 233 1069 268 aenigmate
1081 234 1113 267 δ’,
1134 244 1143 260 ι
1156 239 1193 266 et,
1215 243 1224 259 ι
1238 234 1352 262 Arrham
1363 235 1495 264 habemus
1510 235 1628 271 Spiritus
1643 239 1667 254 ³³

34 278 88 304 καὶ
101 278 190 313 ὀσμὴν
200 277 337 311 γνώσεως.
357 287 419 303 ι-ι
433 279 486 305 Τοῦ
506 279 673 313 Εὐαγγελίου
693 279 741 314 τῆς
752 279 825 314 δόξης

918 280 1028 307 odorem
1038 280 1213 315 cognitionis.
1236 291 1245 306 ι
1257 296 1291 302 -
1302 291 1311 306 ‹
1327 281 1465 317 Evangelii
1478 283 1571 317 gloria:
1587 284 1667 311 Chri-

34 323 87 350 τοῦ
107 323 239 358 Χριστοῦ.
261 333 270 349 ι
291 323 361 356 Δόξα
380 324 434 359 γὰρ
458 324 576 359 Χριστοῦ
603 325 633 351 τὸ
660 325 825 359 εὐαγγέλιον.

917 343 925 350 .
944 333 954 349 ι
973 323 1067 351 Gloria
1086 325 1158 352 enim
1169 325 1272 352 Christi
1285 330 1326 353 est
1338 325 1524 361 Evangeiium.
1539 328 1666 356 Christus

35 371 175 403 Δοξαστὸς
196 370 246 405 μὲν
261 370 315 404 γὰρ
333 370 348 396 ὁ
364 370 482 405 Χριστὸς
495 371 538 397 διὰ
555 371 650 407 μυρία,
669 371 698 404 ἐξ
712 369 750 398 ὧν
767 371 825 406 ἐδη-

916 368 1011 402 |uidem
1039 369 1233 404 gloriﬁcaudus
1254 375 1294 398 est
1327 371 1361 398 ob
1390 371 1558 400 innumera:
1592 374 1664 408 quod

37 415 221 451 μιούργησεν,
245 415 275 448 ἐξ
297 412 334 442 ῶν
350 416 457 450 συνέχει
481 415 515 442 τὰ
538 416 784 452 δημιουργηθέντα,
800 417 825 449 ἐξ

916 415 1026 447 eaverit,
1039 415 1110 449 quod
1135 420 1226 442 creata
1253 421 1408 449 conservat,
1426 418 1499 452 quod
1513 419 1604 446 omnia
1622 421 1664 455 gi.

37 457 79 486 ὧν
97 460 132 486 τὰ
151 461 240 487 πάντα
261 461 400 494 ζωογονεί,
417 460 534 495 μάλιστα
545 460 572 487 δὲ
588 461 620 488 ἐκ
636 461 682 487 τοῦ
698 462 825 495 σταυροῦ,

920 465 946 488 at
959 469 990 490 ac
1006 463 1137 497 viviﬁcet,
1152 464 1270 490 maxime
1291 469 1382 491 autem
1404 470 1517 500 propter
1542 474 1664 495 crucem.

36 503 70 532 οὗ
84 505 175 540 κῆρυξ
183 505 214 532 τὸ
225 506 394 540 εὐαγγέλιον.
412 515 421 531 ι
439 506 488 537 ’Ὀς
497 506 573 532 ἐστιν
584 506 665 533 εἰκὼν
675 506 721 533 τοῦ
730 506 825 534 Θεοῦ.»

916 507 960 542 jus
977 515 1057 542 preco
1065 512 1107 536 est
1123 509 1310 544 Evangelium.
1328 519 1336 535 ι
1356 510 1407 543 Qui
1419 516 1460 537 est
1476 511 1566 546 imago
1580 511 1638 539 Dei.
1652 521 1661 537 ›

43 552 91 583 Ὠς
110 553 139 578 ὲν
158 551 318 587 παραδρομῇ
333 551 417 585 λέγει,
433 551 460 578 τί
471 551 528 577 ἐστι
544 551 574 577 τὸ
593 551 751 586 εὐαγγελίου
768 560 829 578 σιν-

36 598 222 633 εσκιασμένον
236 599 292 629 τοῖς
305 597 444 628 ἀπίστοις·
478 597 550 629 Ὅτι,
581 599 661 632 φησὶ,
677 598 742 630 Θεός
755 599 828 625 ἐστιν

36 647 50 671 ὁ
69 644 249 679 σττδρωοείς.
275 643 362 670 Εἰκὼν
390 643 444 678 γάρ
456 643 513 670 ἐστι
524 643 571 669 τοῦ
585 643 690 677 Πατρδς
704 644 829 679 ἀπαράλ-

37 690 152 722 λακτος.
172 691 233 717 Ὀτι
248 690 302 726 γὰρ
314 690 406 717 εἰκόνα
418 687 488 716 οἶδεν
504 691 518 716 δ
540 689 699 721 Ἀπόστολος
716 690 747 716 τὸ
759 690 830 717 κατὰ

37 737 96 763 πᾶν
108 737 165 763 [σον
180 737 227 763 καὶ
242 737 343 771 ὅμοιον,
363 736 414 771 ὅρα
433 735 460 762 τί
478 744 559 770 φησιν
578 735 704 770 ἀλλαχοῦ·
719 745 728 762 ι
747 737 830 762 Σκιὰν

37 786 96 818 γὰρ
110 784 182 818 ἔχων
201 784 215 809 ὁ
230 782 312 816 νόμος
337 782 390 808 τῶν
410 781 560 817 μελλόντων
578 781 698 816 ἀγαθῶν,
712 782 762 808 οὐκ
780 781 829 808 σὺν

36 830 89 865 τὴν
115 830 166 864 τὴν
185 829 278 855 εἰκόνα
295 828 348 855 τῶν
372 827 551 863 πραγμάτων.
564 837 574 853 ι
587 827 685 854 Εἰκόνα
700 827 767 854 Θεοῦ
784 827 829 853 τὸν

36 874 173 909 Χριστὸν,
186 874 223 905 ὼς
239 873 305 900 Θεδν
321 873 353 899 ὲκ
368 872 434 899 Θεοῦ
450 873 680 908 προσηγόρευσεν.
698 873 742 898 Ἐν
754 871 828 907 αὺτῷ

36 922 96 957 γὰρ
112 921 233 947 δείκνυσι
250 919 296 946 τὸν
314 919 434 954 Πατέρα.
449 919 494 945 Διό
509 927 602 954 φησιν,
620 928 629 944 ι
657 919 685 945 Ὁ
698 917 829 954 ἑωρακὼς

37 968 102 1002 ἐμὲ,
130 968 238 1003 ἑώρακε
252 967 297 993 τὸν
314 967 435 1002 Πατέρα.
457 975 467 992 ι
493 981 528 986 -
550 975 560 992 (
581 966 618 992 Ob
639 965 693 1001 γὰρ
715 966 830 998 ἑαυτοὺς

37 1013 231 1049 κηρύσσομεν.
251 1022 261 1039 ι
285 1013 358 1039 ’Δνω
377 1011 458 1045 eine,‘
475 1022 485 1038 ι
501 1011 547 1048 Μὴ
570 1011 782 1048 περιπατοῦντες
801 1012 829 1038 ἐν

39 1059 211 1094 πανουργίᾳ,
239 1058 307 1093 μηδὲ
327 1057 468 1090 δολοῦντες
491 1058 537 1084 τὸν
555 1058 634 1092 λόγον
653 1058 700 1084 τοῦ
720 1058 798 1086 Θεοῦ.
817 1067 827 1084 ι

38 1107 103 1138 Πῶς
116 1116 124 1140 ;
147 1115 157 1132 ι
179 1106 253 1133 Ἐπεὶ
273 1106 310 1141 μὴ
324 1106 438 1137 ἑαυτοὺς
451 1105 637 1142 κηρύσσομεν,
653 1106 746 1141 φησὶν,
762 1106 830 1133 ἀλλὰ

36 1153 160 1187 Χριστὸν
176 1152 278 1187 Κύριον
295 1160 302 1169 ’
331 1152 444 1183 ἑαυτοὺς
463 1152 491 1178 δὲ
509 1152 617 1184 δούλους
637 1152 713 1187 ὑμῶν
730 1153 763 1178 δι’
779 1152 827 1179 αὖα

35 1196 94 1222 τόν.
116 1205 126 1221 ›
146 1195 232 1222 Τοῦτο
244 1196 272 1222 δὲ
287 1195 384 1229 λέγων,
402 1196 464 1227 τοὺς
484 1196 658 1228 διδασκάλους
678 1197 768 1224 αὐτῶν
783 1198 827 1223 αἰ-

36 1242 171 1273 νίττεται,
186 1243 249 1277 περὶ
261 1238 298 1268 ὧν
308 1241 411 1277 ἔγραφε
426 1241 515 1276 λέγειν
533 1242 641 1274 αὐτοὺς,
663 1252 672 1268 ι
695 1242 765 1277 Ἐγὼ
777 1243 828 1278 μέν

36 1288 96 1321 εἰμι
112 1287 232 1319 Παύλου,
244 1286 299 1321 ἐγὼ
309 1287 338 1313 δὲ
355 1286 487 1321 Ἀπολλὼ,
502 1286 558 1321 ἐγὼ
568 1287 596 1314 δὲ
606 1288 700 1323 Κηφᾶ,
717 1298 727 1314 ι
743 1288 767 1315 οἳ
782 1289 828 1315 καὶ

36 1332 238 1368 κατεκυρίευον
253 1332 354 1360 αὐτῶν.

72 1445 141 1471 Ὅτι
158 1446 176 1472 ό
191 1444 263 1478 Θεὸς
279 1446 295 1472 ό
308 1446 400 1472 εἰπὼν
422 1445 457 1473 ἐκ
472 1447 602 1480 σκότους
621 1446 684 1482 φῶς
699 1447 825 1483 λάμψαι,

35 1492 70 1524 ὃς
84 1492 226 1525 ἔλαμψεν
240 1491 274 1517 ἐν
295 1491 358 1524 ταῖς
378 1491 512 1525 καρδίαις
535 1491 629 1526 ἡμῶν,
643 1492 718 1526 πρὸς
741 1501 828 1527 φωτι-

33 1537 118 1571 σμὸν
133 1536 188 1571 τῆς
203 1536 339 1570 γνώσεως
351 1536 406 1570 τῆς
418 1537 510 1571 δόξης
523 1537 576 1565 τοῦ
589 1538 673 1566 Θεοῦ.
685 1537 719 1565 ἐν
733 1545 825 1572 προσ-

33 1582 108 1614 ώπῳ
125 1581 221 1615 Ἰησοῦ
236 1581 375 1616 Χριστοῦ.

70 1649 125 1676 Διά
143 1649 170 1676 τι
184 1649 274 1683 λέγεις
291 1649 388 1676 σαυτὸν
404 1649 496 1676 δοῦλον
512 1650 608 1685 tuatim;
631 1650 707 1684 φησί.
732 1650 826 1683 Διατί;

36 1697 101 1724 Ὀτι
117 1695 269 1730 πεφίλησθε
286 1696 362 1731 παρὰ
383 1695 428 1722 τοῦ
443 1695 511 1723 Θεοῦ
527 1705 588 1731 μου.
603 1697 687 1728 Αὐτὸς
697 1695 751 1732 γὰρ
768 1697 782 1722 ὁ
797 1696 827 1722 ἐν

34 1744 111 1778 ἀρχῇ
131 1743 180 1777 τῆς
198 1742 313 1773 κτίσεως
327 1741 422 1774 εἰπὼν,
437 1741 492 1769 ἀπὸ
506 1743 619 1773 σκότους
634 1742 740 1776 λάμψαι
758 1742 826 1776 φῶς,

34 1789 63 1820 ὃς
79 1788 200 1823 ἔλαμψε,
221 1788 369 1821 τουτέστιν,
392 1785 469 1820 οὗτος
491 1788 611 1822 ἔλαμψεν
628 1788 656 1814 ὲν
675 1789 734 1819 ταῖς
758 1796 827 1822 καρ-

35 1835 111 1864 δξαις
127 1833 218 1868 ἡμῶν.
236 1833 359 1868 Ἓλαμψε
387 1833 425 1866 δὲ,
450 1834 527 1868 φησὶ,
553 1834 677 1868 φωτίζων
700 1834 766 1869 ἡμῖν
782 1834 829 1860 xit

35 1879 243 1907 ἀποκαλύπτων
272 1878 321 1914 τὴν
353 1878 422 1906 ἰδίαν
448 1878 548 1913 γνῶσιν
573 1880 619 1906 καὶ
641 1879 730 1912 δόξαν.
749 1889 758 1904 ε
785 1879 830 1906 Ἐν

34 1924 181 1961 προσώπῳ
197 1924 284 1959 Ἰησοῦ
301 1924 429 1959 Χριστοῦ.
447 1933 456 1950 ›
469 1924 609 1956 Τουτέστι,
624 1924 668 1951 διὰ
682 1924 728 1950 τοῦ
744 1933 830 1960 προσ-

33 1971 115 1998 ώπου
134 1969 182 1996 τοῦ
209 1969 338 2006 Χριστοῦ.
359 1970 409 1997 Διὰ
423 1970 477 2005 γὰρ
499 1969 546 1996 τοῦ
562 1969 626 1996 Υῐοῦ
643 1971 707 2005 ἡμῖν
724 1971 740 2005 ὴ
761 1970 828 2005 άλη-

34 2017 86 2052 θὴς
109 2015 210 2050 γνῶσις
221 2015 267 2042 τοῦ
280 2015 394 2050 Πατρὺς,
411 2015 501 2047 καθὼς
516 2015 597 2047 αὐτὸς
608 2015 680 2049 λέγει
697 2017 725 2042 ὲν
738 2016 828 2050 Εὐαγ-

34 2063 142 2096 γελίοις
163 2061 229 2096 πρὸς
256 2061 301 2088 τὸν
333 2061 462 2096 Πατέρα,
485 2071 494 2087 ι
522 2062 699 2096 Ἐφανέρωσά
720 2070 766 2088 σου
797 2062 828 2088 τὸ

34 2109 125 2143 όνομα
140 2108 197 2139 τοῖς
213 2107 377 2142 ἀνθρώποις,
391 2108 439 2134 καὶ
452 2107 564 2140 ἐδόξασα
580 2116 608 2134 σε
619 2108 666 2134 ἐπὶ
680 2109 729 2141 τῆς
739 2109 800 2143 γῆς.
814 2118 823 2134 ι

36 2155 94 2181 Καὶ
110 2153 271 2189 ἐφανερώθη
297 2154 364 2189 ἡμῖν
383 2153 427 2180 διὰ
454 2153 551 2188 Ἰησοῦ.
573 2154 632 2180 Ὁτι
648 2154 706 2180 ἔστι
721 2154 827 2189 Πατὴρ,

34 2201 84 2227 καὶ
108 2201 150 2227 ὅτι
164 2200 194 2227 οὐ
210 2199 255 2227 διὰ
275 2199 388 2235 κνισσης
408 2199 457 2227 καὶ
478 2199 602 2234 αἱμάτων
618 2199 828 2235 προσκυνεῖσθαι

37 2246 177 2281 βούλεται,
195 2246 242 2272 καὶ
251 2246 293 2272 ὅτι
311 2246 340 2272 ὲν
355 2245 450 2279 Τριάδι
463 2245 598 2281 ὁμοουσίῳ
611 2246 659 2272 καὶ
675 2246 827 2281 ἰσοδυνάμῳ

37 2292 224 2328 θρησκεύεται
238 2291 314 2322 Θεός.
331 2291 412 2318 Ὅθεν
426 2292 474 2318 καὶ
498 2291 618 2327 μεγάλης
639 2291 746 2327 εἴρηται
762 2291 825 2327 βου-

35 2339 85 2373 λῆς
101 2338 244 2373 Ἄγγελος.
258 2348 267 2364 ‹
280 2338 351 2374 Πρὸς
365 2337 504 2373 φωτισμὸν
514 2338 563 2373 τῆς
573 2336 710 2372 γνώσεως.
730 2347 739 2364 ι
755 2337 826 2373 Ὅρα

36 2387 85 2420 τῆς
95 2384 177 2419 ἁγίας
189 2384 303 2420 Τριάδος
314 2383 344 2410 τὸ
352 2383 561 2418 ἀπαράλλακτον
572 2383 618 2410 καὶ
626 2383 757 2418 ὁμότιμον
769 2383 827 2415 πῶς

35 2433 48 2457 ὁ
61 2430 171 2462 Παῦλος
183 2430 268 2465 δηλοῖ,
280 2430 341 2462 Φῶς
353 2431 401 2458 καὶ
412 2430 472 2462 Φῶς
491 2432 538 2457 καὶ
562 2430 621 2462 Φῶς
643 2430 761 2462 καλέσας
777 2429 827 2466 τὴν

35 2477 123 2511 ἁγίαν
150 2476 262 2512 Τριάδα.
286 2477 360 2503 Ἀνω
383 2477 447 2511 περὶ
471 2476 628 2512 Πνεῦματος
645 2476 732 2511 λέγων
748 2478 825 2512 φησι,

38 2533 47 2549 ι
67 2522 127 2558 Τὴν
142 2521 231 2555 δόξαν,
248 2519 303 2549 οἷον
324 2522 355 2549 τδ
368 2523 426 2557 φῶς
445 2522 548 2558 Κυρίου
571 2523 824 2559 κατοπτριζόμενοι,

35 2568 85 2603 τὴν
114 2568 200 2603 αὐτὴν
216 2568 310 2595 εἰκόνα
336 2568 597 2604 μεταμορφούμεθα.
624 2577 634 2594 ι
652 2569 736 2596 Πάλιν
762 2571 826 2605 περὶ

35 2615 83 2640 τοῦ
101 2613 179 2646 Υἰοῦ,
199 2623 208 2639 ι
224 2614 271 2644 Εἰς
281 2613 313 2640 τὸ
337 2614 375 2649 μὴ
387 2614 506 2648 αὐγάσαι
520 2614 612 2646 αὐτοῖς
624 2614 669 2641 τὸν
686 2616 826 2650 φωτισμὸν

34 2659 83 2686 τοῦ
96 2659 264 2693 Εὑαγγελίου
283 2661 332 2695 τῆς
345 2659 424 2695 δόξης
439 2659 486 2686 τοῦ
502 2660 632 2695 Χριστοῦ.
657 2670 666 2687 ι
685 2661 742 2688 Νῦν
762 2662 826 2698 περὶ

34 2705 83 2732 τοῦ
113 2706 219 2741 Πατρός
244 2714 321 2742 φησι,
343 2717 352 2733 ι
379 2707 451 2742 Πρὸς
477 2707 616 2743 φωτισμὸν
634 2708 682 2743 τῆς
699 2708 826 2743 γνώσεως

35 2753 85 2786 τῆς
98 2751 179 2787 δόξης
195 2752 241 2778 τοῦ
252 2752 330 2781 θεοῦ.
350 2763 359 2779 ι

883 553 1022 589 Tanquam
1038 555 1065 581 in
1080 559 1242 582 transcursu
1263 555 1341 588 dicit,
1356 556 1424 590 quid
1438 557 1474 584 sit
1487 557 1560 591 quod
1574 557 1666 584 Evan-

882 599 982 633 gelium
997 604 1123 634 contegat
1135 600 1285 628 incredulis
1300 608 1307 627 :
1323 601 1400 634 Quod
1413 603 1482 629 Deus
1494 603 1541 635 sit,
1563 604 1664 638 inquit.

881 644 929 678 qui
939 645 1086 672 cruciﬁxus
1111 650 1163 673 est.
1178 645 1244 673 Nam
1268 647 1357 682 imago
1367 647 1457 674 Patris
1466 653 1559 683 estper
1573 650 1664 676 omnia

879 691 904 718 ei
921 691 1031 719 similis.
1046 691 1116 724 Quia
1137 693 1210 720 enim
1229 693 1305 720 novit
1331 693 1481 728 Apostolus
1499 695 1551 722 dici
1569 696 1666 731 imagi-

880 744 943 763 nem
969 738 1042 772 quod
1070 745 1118 772 per
1136 738 1227 765 omnia
1252 739 1357 773 aequale
1379 745 1422 767 est
1441 748 1473 768 ac
1487 741 1588 774 simile,
1603 742 1664 769 vide

879 782 952 817 quod
966 783 1030 810 alibi
1043 783 1116 810 dicat
1133 793 1140 811 :
1157 793 1167 809 ‹
1188 783 1318 811 Umbram
1339 786 1412 812 enim
1428 785 1533 813 habens
1551 787 1592 814 lex
1616 787 1665 813 lu-

877 830 1154 863 turorumbonorum,
1165 838 1218 858 non
1228 831 1314 866 ipsam
1326 839 1417 859 rerum
1432 831 1578 867 imaginem
1594 833 1626 860 ".
1654 843 1663 858 ι

882 874 1028 910 Imaginem
1060 875 1107 903 Dei
1136 876 1296 911 appellando
1335 877 1487 909 Christum,
1535 881 1665 913 tanqua'n

881 918 966 947 Deum
979 920 1013 947 de
1024 919 1091 953 Deo,
1107 920 1243 955 siquidem
1259 922 1286 948 in
1301 928 1330 949 se
1342 922 1402 956 ipso
1415 922 1535 950 ostendit
1548 923 1666 955 Patrem,

879 965 941 993 ideo
967 966 1006 994 ait
1024 975 1030 994 :
1052 975 1062 992 ε
1091 966 1222 1000 Quividit
1253 975 1307 1000 me,
1331 968 1400 995 vidit
1420 968 1529 995 Patrem
1547 969 1580 996 ³⁵.
1606 978 1615 995 ι
1632 985 1668 989 —

883 1020 893 1038 ‹
912 1011 971 1038 Νοη
986 1012 1059 1039 enim
1076 1013 1206 1048 nosipsos
1229 1013 1420 1048 praedicamus.
1441 1024 1450 1040 ι
1465 1013 1599 1049 Superius
1622 1015 1665 1041 di-

881 1058 944 1085 xit:
966 1067 975 1084 ‹
1002 1058 1062 1086 Non
1086 1063 1228 1087 versantes
1255 1067 1303 1094 per
1331 1059 1470 1092 astutiam,
1489 1068 1577 1095 neque
1604 1063 1667 1088 dolo

882 1107 1033 1132 tractantes
1057 1105 1169 1132 verbum
1197 1105 1256 1133 Dei.
1282 1115 1291 1131 )
1310 1105 1473 1138 Quomodo?
1494 1115 1503 1132 ‹
1526 1106 1595 1138 Quia
1616 1115 1667 1134 nos

877 1149 952 1184 ipsos
981 1157 1033 1177 non
1057 1150 1248 1184 pratdiramus,
1277 1151 1325 1178 sed
1343 1151 1481 1178 Christum
1508 1151 1666 1184 Dominum,

879 1203 930 1223 llOS
963 1196 1037 1230 lpSOS
1061 1201 1150 1224 autem
1174 1204 1268 1225 εει-νος
1281 1202 1387 1225 νοδιποε
1408 1202 1517 1233 propter
1528 1197 1632 1225 JCSlllll.
1655 1209 1662 1223 ι

886 1241 943 1269 Hoc
955 1250 1019 1269 vero
1034 1242 1141 1275 dicens,
1167 1242 1290 1277 ipsorum
1317 1243 1441 1277 designat
1470 1249 1665 1278 praeceptores,

880 1287 914 1314 de
933 1288 1034 1322 quibus
1051 1288 1162 1322 scripsit
1182 1288 1339 1315 Corinthios
1352 1288 1444 1316 dicere
1462 1296 1468 1312 τ
1494 1298 1502 1314 ι
1523 1289 1577 1324 Ego
1601 1290 1664 1323 qui-

881 1332 1020 1360 delusum
1036 1332 1126 1365 Pauli,
1141 1341 1190 1368 ego
1218 1338 1308 1360 autem
1329 1333 1437 1368 Apollo,
1461 1341 1511 1368 ego
1532 1342 1594 1361 vero
1617 1335 1668 1361 Cc-

881 1379 941 1413 phze
952 1378 987 1412 ³⁷,
1012 1388 1021 1404 ι
1039 1379 1085 1414 qui
1097 1379 1179 1406 etiam
1195 1379 1408 1406 dominabantur
1420 1380 1470 1406 eis.

916 1445 961 1478 IV,
976 1445 1002 1473 6.
1022 1445 1038 1473 ὅ
1054 1446 1187 1479 Quoniam
1215 1446 1284 1474 Deus
1300 1446 1436 1481 quijussil
1454 1455 1468 1474 ε
1493 1448 1606 1474 tenebris
1628 1449 1668 1475 Iu-

881 1499 935 1518 cem
962 1492 1125 1524 “lucescere,
1145 1497 1184 1519 ut
1210 1493 1243 1525 is,
1261 1493 1306 1527 qui
1319 1493 1409 1519 illuxit
1434 1493 1461 1519 in
1479 1493 1601 1520 cordibus
1618 1501 1668 1519 na-

879 1539 942 1565 stris
957 1539 992 1564 ad
1009 1537 1231 1566 illuminationem
1257 1539 1415 1574 cognitionis
1443 1539 1536 1573 glorite
1564 1539 1615 1566 Dei
1641 1540 1668 1567 in

836 1590 857 1619 ε
874 1585 944 1621 facie
960 1583 1026 1611 Jesu
1040 1583 1149 1610 Christi.

917 1662 1007 1696 Quare
1021 1663 1139 1698 teipsum
1155 1663 1225 1691 dicis
1244 1671 1352 1692 servum
1379 1666 1526 1692 nostrum?
1556 1665 1668 1700 Quare?

878 1708 946 1742 Quia
956 1710 1036 1736 amati
1045 1710 1124 1742 estis,
1135 1710 1234 1745 inquit,
1246 1719 1260 1738 a
1276 1711 1330 1738 Deo
1342 1719 1413 1738 meo.
1428 1711 1488 1746 ipse
1497 1714 1569 1739 enim
1579 1713 1667 1748 qttiab

878 1755 1082 1790 initiojussitut
1092 1763 1105 1782 τι
1120 1756 1241 1784 tenebris
1259 1757 1304 1783 lttx
1335 1757 1517 1790 illurescerel,
1530 1764 1571 1785 est
1584 1759 1606 1785 is
1620 1759 1666 1793 qui

860 1813 865 1818 -
885 1800 986 1833 illuxit,
1001 1801 1053 1829 hoc
1066 1807 1117 1834 est,
1130 1802 1174 1830 hic
1195 1802 1282 1830 illuxit
1297 1804 1323 1830 in
1337 1804 1466 1831 cordibus
1485 1805 1594 1832 nostris.
1608 1805 1669 1832 Illu-

882 1845 922 1872 xit
939 1848 1030 1872 antem
1045 1846 1206 1875 illuminaus
1221 1855 1282 1880 nos,
1298 1855 1330 1875 ac
1348 1848 1472 1876 revelans
1487 1849 1528 1876 sui
1541 1850 1666 1877 notitiam

881 1896 908 1919 et
923 1892 1049 1926 gloriam.
1070 1901 1080 1918 ο
1100 1892 1128 1919 in
1147 1892 1216 1920 facie
1237 1893 1302 1922 Jesu
1319 1895 1434 1922 Christi.
1454 1895 1535 1923 illoc
1548 1900 1601 1929 est,
1619 1905 1667 1931 per

880 1936 978 1964 faciem
1009 1936 1124 1964 Christi.
1145 1937 1212 1965 Nam
1226 1946 1273 1973 per
1288 1939 1385 1966 Filium
1399 1941 1555 1974 accepimus
1573 1950 1665 1970 veram

878 1981 969 2010 Patris
998 1983 1193 2018 cognitionem,
1224 1985 1454 2019 quemadmodum
1470 1987 1529 2022 ipso
1545 1988 1611 2015 dicit
1638 1989 1666 2016 in

879 2030 1034 2065 Evangeliis
1058 2032 1173 2066 loquens
1195 2032 1227 2058 ad
1242 2031 1350 2060 Patrem
1369 2042 1375 2061 :
1398 2040 1410 2060 τ
1427 2034 1598 2063 Μοηὶΐεειίινὶ
1617 2044 1668 2063 ηο-

879 2084 940 2103 men
973 2081 1048 2103 tuum
1065 2077 1233 2110 hominibus,
1252 2083 1279 2106 et
1300 2079 1451 2114 glorificavi
1469 2085 1494 2108 te
1509 2089 1593 2117 super
1610 2087 1666 2110 ter-

878 2128 936 2148 ram
947 2122 979 2149 ".
998 2131 1006 2147 ι
1022 2123 1102 2157 627
1120 2122 1152 2150 Et
1163 2123 1366 2152 manifestatum
1380 2129 1421 2153 est
1432 2126 1511 2154 nobis
1519 2128 1665 2162 perJesum

878 2167 950 2202 qttod
973 2168 1009 2194 sit
1035 2167 1126 2200 Pater,
1156 2170 1267 2210 et_quod
1283 2178 1337 2198 non
1350 2172 1414 2198 velit
1440 2173 1538 2200 nidore
1555 2181 1587 2201 ac
1599 2182 1663 2202 san-

878 2212 960 2248 guine
974 2213 1083 2240 adorari
1111 2219 1158 2241 aut
1179 2215 1295 2249 placari,
1325 2216 1454 2251 quodque
1479 2218 1507 2245 in
1531 2218 1665 2248 Trinitate

880 2258 1003 2292 ejusdem
1037 2260 1166 2287 essentia:
1192 2260 1373 2297 ejusdemque
1402 2263 1529 2297 potentiae
1565 2265 1664 2293 colitur

843 2301 866 2329 D
881 2302 1051 2331 Deus.Unde
1067 2304 1150 2332 etiam
1167 2305 1259 2334 dictus
1278 2311 1321 2334 est
1338 2308 1430 2343 magni
1446 2309 1554 2337 consilii
1572 2311 1662 2346 Ange-

874 2348 916 2376 lus
935 2348 969 2376 ".
996 2359 1006 2376 σ
1033 2349 1074 2377 Ad
1098 2351 1325 2381 illuminationem
1352 2355 1528 2390 cognitionis.
1555 2366 1565 2383 ι
1597 2356 1665 2386 Vide

876 2394 1013 2428 quomodo
1030 2394 1131 2424 Paulus
1145 2401 1248 2425 sancta:
1265 2397 1409 2427 Trinitatis
1425 2400 1610 2428 omnimodam
1629 2402 1666 2430 si-

877 2440 1059 2469 militudinem
1078 2443 1260 2478 eumdemque
1280 2444 1411 2473 honorem
1433 2447 1601 2480 manifestet,
1617 2456 1666 2476 vo.

876 2493 943 2514 cans
963 2491 1085 2514 sanctam
1105 2487 1268 2517 Trinitatem
1291 2489 1403 2522 Lucem,
1421 2490 1533 2524 Lucem,
1550 2491 1663 2521 Lucem.

881 2533 1012 2568 Superius
1035 2534 1069 2562 de
1093 2535 1195 2569 Spiritu
1220 2536 1336 2570 loquens
1359 2546 1366 2564 :
1392 2546 1401 2563 (
1420 2537 1552 2571 Gloriam,
1577 2539 1665 2574 inquit

880 2578 943 2614 (hoc
965 2583 1018 2611 est,
1042 2580 1131 2608 lucem
1157 2581 1287 2618 Domini).
1315 2583 1343 2610 in
1356 2585 1468 2619 speculo
1483 2585 1608 2613 videntes
1630 2587 1664 2614 ad

879 2625 1001 2653 eamdem
1017 2626 1161 2662 imaginem
1176 2629 1407 2657 transformamur
1418 2630 1451 2658 ".
1470 2640 1479 2656 ι
1499 2630 1616 2657 Rursum
1631 2632 1664 2659 de

880 2668 949 2696 Filio
964 2679 970 2696 :
987 2679 995 2695 ι
1008 2669 1047 2697 Ne
1059 2670 1229 2699 illncesceret
1245 2673 1299 2701 illis
1313 2674 1405 2701 lumen
1421 2673 1558 2709 Evangelii
1572 2674 1664 2708 gloriae

880 2713 991 2743 ChriSIi.
1014 2725 1023 2742 ι
1044 2716 1121 2744 Nunc
1140 2716 1263 2746 dePatre
1280 2720 1336 2747 ait:
1351 2729 1359 2745 ι
1380 2720 1419 2747 Ad
1437 2719 1663 2748 illuminationem

879 2761 1043 2796 cognitionis
1061 2762 1153 2797 glorite
1166 2763 1224 2791 Dei.
1241 2774 1250 2790 ι

71 2856 94 2900 ξ’
109 2855 118 2881 1
131 2856 343 2900 (λοικηιιιιζθίῇίἈ
367 2857 390 2873 ³³
406 2857 425 2884 ll
442 2857 542 2900 Οοιςλι,
559 2858 606 2887 22.
646 2859 669 2876 ³⁵
686 2858 770 2888 Hebr.
785 2868 812 2894 x,

927 2861 1007 2891 Joan.
1026 2873 1081 2898 xiv,
1102 2865 1128 2893 9.
1169 2865 1209 2892 ³⁸1
1223 2865 1286 2893 Cor.
1306 2872 1326 2898 t,
1340 2866 1384 2893 42.
1423 2866 1444 2882 ³⁷
1458 2865 1536 2894 Joan.
1551 2864 1617 2900 xvii,
1635 2868 1662 2896 5.

37 2891 57 2906 ³⁸
71 2891 124 2918 lsa.
140 2898 178 2924 Ix,
193 2891 221 2918 6.
259 2890 281 2908 "
297 2890 308 2918 l
324 2893 388 2920 Cor.
406 2901 467 2926 xttt,
485 2893 526 2921 12.
