1872 3053
80 180 144 212 9ῦὸ

555 182 747 214 COMMENT.
772 183 810 212 ΙΝ
833 182 950 214 EPIST.
972 184 1001 214 ΙΙ
1024 186 1072 215 AD
1087 186 1269 217 CORINTH.

1661 191 1713 221 9C6

78 239 119 265 Ἦ
137 235 240 270 οὕτως’
257 237 305 264 Διὰ
320 238 398 264 τοῦτο
418 237 531 270 ἑαυτοὺς
546 239 586 270 εἰς
600 238 714 264 Θάνατον
729 237 873 272 παραδίδο-
889 241 911 269 Α

949 240 1008 268 lodo
1031 249 1037 267 :
1061 240 1204 276 Propterea
1231 249 1280 267 nos
1304 241 1377 276 ipsos
1396 242 1422 268 in
1442 247 1556 269 mortem
1583 245 1716 273 traditurus

81 292 149 318 μεν,
169 283 213 310 ἵνα
228 284 244 318 ἡ
261 283 318 317 ζωὴ
340 282 386 309 τοῦ
405 282 505 318 Κυρίου
518 283 661 318 φανερωθῇ
678 282 724 309 καὶ
739 283 875 318 ἑνεργήσῃ

949 291 956 312 L
984 286 1037 312 vita
1068 285 1174 313 Domini
1204 286 1394 313 tnanil'estctnr
1417 291 1445 313 et
1474 291 1536 322 agat
1565 287 1591 314 in
1621 289 1712 316 nobis.

79 330 112 354 ὲν
131 329 210 362 ἡμῖν.
238 328 322 360 Πότε;
353 327 474 362 δηλονότι
499 329 528 354 ὲν
549 328 588 362 τῲ
616 327 739 360 μέλλοντι
768 327 872 361 κόσμῳ.

87 372 165 401 Ὧσεὶ
177 374 282 408 ἔλεγεν·
303 374 398 408 Ἡμεῖς
409 374 499 401 τοίνυν
510 373 553 400 διὰ
567 374 612 400 τὸν
627 374 742 408 Χριστὸν
756 373 872 407 παραδί-

80 421 169 455 δομεν
189 419 301 450 ἑαυτοὺς
317 421 355 451 εἰς
379 418 503 451 θάνατον,
518 419 560 446 ἵνα
575 420 589 445 ὁ
604 419 722 454 Χριστὸς
741 419 801 444 τότε
819 418 874 445 ἀπὺ

81 466 131 492 τοῦ
145 465 243 500 νοητοῦ
268 465 383 492 θανάτου
400 465 447 492 τοῦ
470 466 519 500 τῆς
540 464 738 499 κατακρίσεως,
757 464 872 499 ρύσηται

79 512 160 546 ἡμᾶς
176 511 224 537 καὶ
241 511 280 541 είς
295 510 368 545 ζωὴν
385 510 476 545 ἀγάγῃ
487 510 537 545 τὴν
547 511 672 545 νοητήν.‹
692 510 772 536 Ὥστε
789 510 802 536 ὁ
823 509 872 543 μὲν

80 558 212 588 θάνατος.
232 557 296 588 ιὨς
316 557 347 583 ἐκ
365 557 411 582 τοῦ
424 556 581 588 ἀκολούθου,
598 556 674 591 φησὶ,
700 555 779 582 τοῦτο
798 555 871 589 γίνε-

80 603 158 636 σθαι,
176 605 221 629 τὴν
247 603 296 637 μὲν
314 602 427 628 θάνατον
447 602 475 626 ὲν
490 602 557 636 ἡμῖν
582 602 704 636 ἐνεργεῖν
723 601 771 628 καὶ
793 602 870 636 ἐνερ-

78 650 130 683 γὸν
147 650 290 684 ὑπάρχειν,
306 649 355 683 τὴν
370 648 398 674 δὲ
412 648 484 684 ζωὴν
505 648 533 674 ὲν
555 648 628 682 ὑμῖν.
654 648 698 679 Ὠς
719 648 743 673 εἰ
760 648 868 681 ἔλεγεν’

85 695 187 731 Ἡμεῖς
209 695 418 730 ἀποθνήσκομεν
440 695 483 721 διὰ
503 694 534 720 τὺ
560 696 702 730 κήρυγμα,
729 694 771 720 ἵνα
791 694 870 729 ὑμεῖς

82 742 186 776 ζήσητε
212 741 246 767 δι’
262 741 345 767 αὐτοῦ
371 741 420 776 τὴν
442 741 540 776 ἀγήρω
561 741 668 776 ἐκείνην
691 741 737 766 καὶ
761 740 870 766 αἰώνιον

79 787 167 823 ζωὴν,
186 788 358 819 πιστεύοντες
377 788 417 818 εἰς
430 787 557 822 Χριστόν.
577 786 722 822 -ῘΦΩἸᾋ
736 786 776 813 Τὰ
795 786 869 822 πάθη

77 834 128 860 καὶ
142 834 170 860 αῖ
188 833 302 868 θλίψεις,
316 833 364 860 καὶ
378 834 406 860 αἱ
421 832 603 869 Θανατηφόροι
620 832 768 868 συμφοραὶ,
782 833 869 860 ταῦτα

78 880 128 906 νῦν
144 880 293 915 ἐνεργεῖται
316 880 344 906 ὲν
371 879 447 914 ἡμῖν,
468 880 560 914 φησιν,
583 879 599 914 ἡ
623 878 652 905 δὲ
673 879 764 910 πίστις
787 878 834 905 καὶ
850 879 867 914 ἡ

926 330 1064 363 Quando?
1085 338 1180 364 nempe
1197 331 1223 356 in
1240 330 1332 357 futuro
1351 332 1451 358 smculo
1468 340 1474 358 ι
1501 340 1532 358 ac
1548 332 1569 359 si
1587 332 1711 360 diceret:

927 376 1002 403 Nunc
1028 381 1138 411 propter
1161 376 1298 403 Christum
1327 378 1510 411 nosmetipsos
1540 378 1567 404 in
1597 383 1712 405 mortem

924 423 1069 455 tradimus,
1093 427 1122 449 ut
1142 423 1268 449 Christus
1289 426 1353 449 tunc
1374 424 1407 449 ab
1427 423 1604 450 intellecmali
1624 427 1712 451 morte

925 469 1162 496 condemnationis
1182 477 1232 496 nos
1250 469 1357 500 liberet,
1374 474 1401 495 et
1419 470 1451 496 ad
1469 470 1550 496 vitam
1572 470 1654 497 ducat
1674 471 1712 497 in-

926 516 1119 542 tellectualem.
1140 524 1149 541 ‹
1160 515 1254 549 Itaque
1264 523 1337 541 mors
1345 516 1466 549 quidem.
1479 525 1489 540 ι
1501 515 1535 543 Ut
1553 516 1603 542 hoc
1613 524 1711 544 conse-

924 569 1012 596 quens
1034 562 1080 594 sil,
1101 561 1184 597 629
1202 562 1300 596 inquit,
1318 565 1431 588 mortem
1448 562 1556 596 quidem
1576 570 1657 597 agere
1678 570 1711 589 ac

923 607 977 634 vim
995 607 1096 634 habere
1109 612 1135 634 et
1151 609 1337 642 operationem
1354 609 1381 635 in
1397 609 1489 641 nobis,
1503 609 1586 635 vitam
1603 616 1667 635 vero
1684 609 1709 635 in

923 653 1009 680 vobis.
1025 653 1065 680 Ac
1085 653 1108 680 si
1121 653 1222 680 diceret
1240 662 1246 679 :
1267 653 1322 681 Nos
1339 654 1471 681 m0rimur
1486 659 1596 689 propter
1612 654 1711 688 praedi-

923 699 1069 731 cationem,
1086 703 1115 726 ut
1130 707 1179 726 vos
1195 700 1293 727 vivatis
1313 708 1360 735 per
1376 701 1462 735 ipsam
1480 701 1533 727 vita
1555 701 1600 727 illa
1619 700 1711 728 incor-

922 745 1043 780 ruptibili
1057 753 1089 772 ac
1104 752 1215 776 :L-terna.
1231 746 1376 773 credentes
1400 747 1426 773 in
1447 745 1601 773 Christum.
1614 762 1649 766 ——
1661 746 1710 772 Af-

921 790 1057 819 ﬂictiones
1076 796 1101 818 et
1120 792 1284 823 anxietates,
1307 791 1508 827 mortiferaeqne
1526 792 1708 824 calamitates,

922 835 1020 870 inquit.
1040 836 1098 864 htec
1122 844 1193 863 nunc
1216 841 1365 871 operantur
1386 837 1413 863 in
1435 836 1515 863 nobis
1533 845 1540 864 :
1563 836 1630 863 ﬁdes
1647 844 1710 862 vero

923 889 954 909 ac
968 882 1056 917 pietas
1072 884 1143 917 (quae
1160 890 1223 910 vere
1239 883 1292 909 vita
1309 885 1360 916 est)
1379 882 1405 909 in
1424 883 1511 910 vobis.
1529 882 1617 909 Pietas
1634 881 1707 909 enim

79 927 208 954 εὐσέϐεια
230 926 300 962 (ἥτις
328 926 402 952 ἐστὶν
425 926 442 960 ὴ
465 925 579 960 ἀληθινὴ
604 924 697 960 ζωὴ),
724 925 752 950 ἐν
795 925 868 958 ὑμῖν.
887 924 925 955 Βε

949 937 978 956 ve
993 929 1083 956 cultus
1104 929 1150 956 Dci
1170 930 1224 955 vita
1248 933 1301 961 cst,
1321 937 1382 956 cum
1407 928 1652 964 incorruptibilem,
1668 928 1709 954 in-

77 973 142 1009 Ζωὴ
158 973 185 1000 δέ
205 975 278 1000 ἐστιν
292 973 308 1008 ή
324 972 460 1004 εὐσέϐεια,
475 972 516 998 ὅτι
530 971 578 1007 τὴν
595 972 690 1006 ἀγήρω
706 972 752 998 καὶ
766 971 868 998 ἄλυπον

78 1021 128 1047 καὶ
152 1021 237 1047 ἀΐδιον
260 1021 287 1046 ὲν
309 1020 433 1054 οὐρανοῖς
448 1019 584 1054 προξενεῖ.
607 1028 616 1044 t
638 1019 764 1054 Ἔχοντες
787 1018 814 1044 δὲ
837 1018 867 1044 τὺ

77 1068 147 1095 αὐτὸ
166 1067 273 1101 πνεῦμα
296 1067 345 1100 τῆς
369 1066 498 1097 πίστεως.
515 1075 524 1091 ι
548 1065 584 1092 Τὸ
609 1065 674 1091 αὐτὸ
698 1064 806 1099 πνεῦμα
830 1064 868 1100 τῷ

76 1114 171 1147 Δαυὶδ,
187 1114 279 1148 φησιν,
301 1112 418 1147 ἔχοντες,
441 1111 476 1138 τὰ
497 1111 567 1138 αὐτὰ
589 1111 664 1146 αὐτῷ
683 1111 729 1138 καὶ
751 1111 868 1146 φθεγγό-

79 1161 162 1194 μεθα,
186 1159 228 1190 τὸ,
257 1168 266 1184 ι
288 1158 463 1189 Ἐπίστευσα,
476 1157 517 1183 διὸ
542 1157 671 1192 ἐλάλησα.
689 1166 698 1183 ι
724 1157 798 1183 ⁸’Λνω
813 1158 867 1192 γὰρ

76 1206 134 1233 ἀπὸ
157 1205 293 1241 λογισμῶν
310 1204 490 1240 παραστήσας
515 1203 565 1240 τὴν
585 1204 745 1237 ἀνάστασιν,
764 1204 810 1231 νῦν
834 1205 867 1231 ἐκ

78 1253 197 1283 πίστεως
214 1252 299 1286 αὐτὴν
316 1251 449 1285 εἰσφέρει.

111 1295 232 1328 Είόότες
246 1295 289 1322 ὅτι
310 1297 325 1322 ὁ
341 1296 456 1330 ἐγειζρας
471 1295 524 1322 τὸν
538 1296 649 1329 Κύριον
671 1295 799 1329 Ἰησοῦν,
815 1295 864 1322 καὶ

76 1341 157 1376 ἡμᾶς
179 1341 227 1368 διὰ
261 1341 364 1375 Ἰησοῦ
389 1342 492 1376 ἐγερεῖ,
514 1341 562 1369 καί
592 1341 781 1375 παραστήσει
805 1341 866 1368 σὺν

76 1387 159 1422 ὑμῖν.
179 1387 216 1414 Τὰ
235 1387 288 1422 γὰρ
303 1387 400 1414 πάντα
419 1387 457 1414 δι’
472 1386 560 1422 ὑμᾶς,
575 1388 624 1414 ἵνα
640 1388 660 1422 ὴ
675 1388 761 1422 χάρις
775 1390 866 1415 πλεο-

76 1433 211 1465 νάσασα,
228 1433 276 1460 διὰ
293 1432 351 1460 τῶν
370 1434 519 1460 πλειόνων
531 1433 589 1468 τὴν
605 1434 801 1468 εὐχαριστίαν
816 1442 866 1460 πε-

71 1480 227 1514 ρισσεύσῃ
243 1480 286 1512 είς
299 1478 356 1512 τὴν
370 1479 464 1512 δόξαν
479 1479 533 1507 τοῦ
543 1480 628 1507 Θεοῦ.
642 1479 690 1506 Διὸ
707 1481 761 1506 οὐκ
775 1480 865 1506 ἐκκα-

76 1523 200 1558 κοῦμεν,
218 1523 322 1550 ἀλλἐι
339 1524 390 1551 καί
413 1525 430 1550 ὀ
447 1523 505 1556 ἔξω
524 1524 608 1559 ἡμῶν
633 1524 786 1558 ἅνθρωπος
805 1525 866 1552 δια-

76 1568 237 1603 φθείρεται,
249 1568 317 1596 ἀλλ¹
330 1570 346 1596 ό
357 1569 471 1596 ἔσωθεν
481 1569 697 1597 ἀνακαινοῦται
713 1570 806 1605 ἡμέρᾳ
815 1570 866 1597 καὶ

77 1613 184 1647 ἡμέρᾳ.

112 1657 253 1692 Δαλοῦμεν
266 1658 294 1684 δὲ
308 1657 395 1690 τοῦτο,
411 1658 511 1691 εἰδότες
524 1659 565 1686 ὅτι
578 1660 592 1686 ὁ
612 1660 658 1688 τὸν
675 1660 778 1696 Κύριον
793 1662 865 1696 ἐγεί-

77 1712 128 1738 ρας
143 1710 153 1720 ·
166 1703 271 1738 Πατὴρ,
297 1704 345 1730 καὶ
368 1704 442 1740 ἡμᾶς
459 1705 559 1739 ἐγερεῖ.
585 1706 672 1733 Πόθεν
696 1707 813 1741 είδότες;
831 1709 864 1736 ὲκ

75 1749 126 1784 τῆς
142 1750 258 1781 πίστεως
271 1749 403 1784 δηλονότι.
416 1759 424 1775 ι
437 1750 491 1777 Καὶ
499 1752 573 1786 ἡμᾶς
581 1751 625 1778 διὰ
643 1751 729 1786 Ἰησοῦ
745 1754 861 1788 ἐγερεῖ.)

73 1795 161 1828 Αὐτὸς
173 1797 227 1832 γὰρ
238 1796 297 1830 ἣξει
312 1797 340 1823 ὲν
351 1796 531 1833 κελεύσματι,
549 1799 577 1825 ὲν
589 1800 666 1835 φωνῇ
681 1801 862 1834 ἀρχαγγέλου,

75 1844 105 1870 ἐν
123 1843 264 1876 σάλπιγγι,
279 1842 326 1868 καὶ
342 1843 434 1879 ἐγερεῖ
447 1843 510 1876 τοὺς
523 1845 645 1880 νεκροὺς,
665 1846 710 1871 καὶ
723 1847 864 1882 παραστή-

75 1897 116 1914 σει
139 1889 178 1923 τῷ
191 1888 281 1924 οἰκείῳ
303 1888 416 1924 βήματι.
438 1898 448 1915 t
465 1889 506 1917 Τὰ
521 1891 576 1926 γὰρ
593 1891 682 1918 πάντα
699 1891 732 1917 δι’
748 1892 830 1928 ὑμᾶς.
851 1902 860 1919 ι

79 1933 212 1960 Ἐνταῦθα
227 1934 397 1968 παιδαγωγεῖ
410 1935 519 1966 αὐτοὺς,
537 1936 607 1972 ὑπὲρ
623 1937 673 1970 τῆς
688 1937 863 1970 ἀναστάσεως

72 1981 120 2006 καὶ
143 1979 196 2006 τῶν
212 1979 316 2006 λοιπῶν
340 1980 461 2014 ἀγαθῶν,
487 1981 567 2017 χάριν
591 1982 691 2009 εἰδέναι
709 1982 862 2018 ἀνθρώπων

74 2027 124 2060 μὲν
147 2026 251 2061 μηδενὶ,
268 2025 326 2060 Θεῷ
348 2027 375 2052 δὲ
399 2026 481 2061 μόνῳ.
507 2028 537 2054 Οῖ
561 2027 615 2063 γὰρ
637 2028 859 2063 ψευδαπόστολοι,

72 2072 178 2102 ἑαυτοῖς
200 2071 250 2105 τὴν
274 2071 353 2105 χάριν
378 2072 548 2104 ἀνετίθεσαν,
564 2073 601 2105 ὡς
616 2073 660 2100 διὰ
682 2075 735 2101 τῶν
753 2076 861 2102 οἰκείων

72 2116 140 2150 aspir;
161 2114 229 2141 Θεὸν
257 2114 472 2148 παρακλήσεων,
498 2115 670 2151 δωρουμένου
696 2117 783 2145 ταῦτα
812 2118 859 2144 τοῦ

71 2161 150 2188 Θεοῦ.
164 2169 174 2186 t
188 2159 228 2187 Τὰ
243 2160 297 2194 γὰρ
318 2160 417 2191 πάντα,
437 2160 576 2188 τουτέστιν
589 2163 693 2196 ἀγαθὰ,
708 2164 743 2190 δι’
758 2164 856 2197 suam

71 2207 101 2233 οὗ
119 2206 163 2233 διὰ
179 2205 265 2237 τόνδε,
291 2205 337 2231 καὶ
353 2204 439 2237 τόνδε,
467 2205 534 2232 ἀλλὰ
553 2206 597 2232 διὰ
614 2207 645 2233 τὸ
661 2209 737 2243 κοινῇ
755 2209 859 2243 συμφέ-

878 1592 900 1621 C

73 2261 129 2288 ρον.
145 2251 230 2279 Τοῦτο
245 2251 283 2284 δὲ,
306 2251 383 2287 φησὶ,
402 2252 525 2286 γέγονεν,
544 2252 588 2278 ἵνα
604 2253 621 2287 ἠ
637 2253 716 2288 χάρις
729 2253 776 2280 τοῦ
790 2254 857 2280 Θεοῦ
870 2257 898 2286 1)

71 2297 218 2332 πλεονάσῃ,
237 2295 343 2327 πολλοῖς
361 2296 545 2332 παρεχομένη.
563 2296 672 2333 Ταύτης
693 2298 720 2324 δὲ
743 2299 857 2325 πλεονα-

71 2344 182 2378 ζούσης,
199 2342 246 2368 καὶ
259 2343 275 2376 ἡ
292 2342 332 2373 είς
354 2342 435 2368 αὐτὸν
457 2342 620 2378 εὐχαριστία
636 2343 856 2380 συμπλεονασοή-

72 2398 158 2416 σεται.
176 2398 186 2415 ‹
213 2389 259 2415 Διὸ
283 2388 334 2415 οὐκ
359 2388 541 2424 ὲκκακοῦμεν.
564 2399 574 2416 ι
600 2390 676 2417 Ἐπεὶ
704 2390 751 2417 οὖν
777 2391 857 2426 ῐσμεν

71 2436 160 2463 πάντα
176 2435 210 2462 τὰ
224 2436 264 2466 εἰς
279 2435 353 2470 ἡμᾶς
374 2435 514 2470 γινόμενα,
531 2437 571 2468 εἰς
594 2437 770 2473 εὐχαριστίαν
788 2437 856 2464 Θεοῦ

71 2480 210 2515 τελευτᾷν,
224 2480 275 2507 οὐκ
293 2479 410 2507 ὲκκακοῦ
415 2488 466 2515 μεν
480 2480 540 2507 οὐδὲ
560 2482 770 2518 ἁπαγορεύομεν
788 2483 856 2519 πρὸς

71 2527 132 2558 τοὺς
147 2526 327 2561 πειρασμούς.
345 2526 418 2559 Ἔξω
439 2526 467 2553 δὲ
486 2526 639 2562 ἄνθρωπον,
657 2527 687 2554 τὸ
706 2528 784 2564 σῶμα
803 2537 854 2555 κα-

55 2575 118 2605 ,λεῖ,
137 2574 206 2609 ὅπερ
220 2574 372 2608 φθείρεται,
388 2573 596 2608 μαστιζόμενον,
612 2574 787 2608 διωκόμενον.
808 2575 855 2601 καὶ

69 2620 262 2655 δεσμούμενον.
283 2620 358 2646 "Esto
378 2619 407 2645 δὲ
429 2619 572 2653 ἄνθρωπον
591 2619 641 2654 τὴν
655 2619 755 2654 ψυχὴν,
772 2620 789 2655 ἦ
813 2629 855 2653 τις

69 2667 223 2700 ἀναϐάλλει,
239 2667 317 2702 φησὶ,
333 2667 394 2693 καθ’
410 2666 530 2702 ἑκάστην
544 2667 652 2702 ἡμέραν
663 2668 696 2701 τῇ
709 2667 796 2693 ἐλπίδι
808 2669 855 2694 καὶ

69 2715 100 2750 τῇ
115 2714 197 2749 χαρᾷ,
215 2713 263 2741 καὶ
279 2713 318 2749 τῷ
330 2713 429 2741 ειδέναι
443 2713 484 2740 δτι
498 2713 568 2750 ὑπὲρ
583 2713 650 2740 Θεοῦ
670 2714 781 2748 πάσχει.

105 2854 137 2880 Τὸ
154 2853 208 2889 γὰρ
220 2856 388 2889 παραυτίκα
400 2857 534 2892 ἐλαφρὸν
547 2859 602 2893 τῆς
614 2860 745 2894 θλίψεως
756 2861 850 2896 ἡμῶν,

69 2900 131 2927 καθ’
151 2901 324 2936 ὑπερϐολὴν
349 2903 392 2935 εις
414 2904 586 2939 ὑπερϐολὴν
613 2907 732 2934 αίώνιον
754 2907 851 2942 βάρος

919 975 1090 1002 defieicntmtt
1108 983 1139 1002 ac
1156 977 1350 1012 sempiternam
1371 976 1453 1002 vitam
1474 975 1500 1002 in
1519 975 1597 1002 cadis
1617 974 1710 1002 conci-

920 1020 976 1046 lict.
1000 1030 1009 1045 ι
1026 1020 1160 1047 Cancrum
1177 1028 1239 1047 cum
1262 1020 1413 1047 habeamus
1433 1019 1560 1046 eumdem
1582 1019 1708 1053 spiritum

919 1066 992 1093 tidei.
1014 1075 1023 1092 )
1041 1066 1108 1093 Cum
1127 1067 1252 1093 eumdem
1272 1066 1398 1101 spiritum
1421 1073 1483 1092 cum
1506 1065 1589 1092 David
1607 1065 1707 1092 habea-

918 1120 988 1143 mus.
1003 1113 1097 1140 eatlem
1115 1113 1196 1140 etiam
1214 1120 1274 1139 cum
1294 1113 1352 1147 ipso
1371 1113 1518 1148 loquimur,
1532 1117 1597 1147 puta
1615 1121 1624 1138 ε
1640 1113 1706 1139 CrC-

918 1159 985 1191 didi,
1002 1159 1106 1186 idcirco
1119 1159 1227 1187 locutus
1241 1167 1313 1187 sum.
1330 1169 1338 1185 ι
1354 1158 1421 1186 Nam
1438 1167 1500 1186 cum
1518 1160 1543 1186 in
1560 1158 1708 1193 superiori-

917 1206 969 1233 bus
979 1205 1220 1237 resurrectionem,
1231 1205 1499 1233 considerationibus
1510 1213 1541 1232 ac
1554 1204 1706 1232 rationibus

916 1253 1077 1283 astruxerit.
1090 1253 1213 1280 eamdem
1229 1259 1301 1279 nunc
1315 1259 1349 1279 ex
1366 1252 1418 1278 lide
1435 1252 1549 1278 inducit.

952 1298 996 1330 IV.
1012 1298 1105 1326 14-16.
1131 1297 1250 1325 Scieutes
1269 1298 1339 1332 quod
1355 1298 1378 1324 is
1397 1298 1442 1332 qui
1461 1298 1598 1324 “(uitauit
1615 1297 1707 1323 Domi-

916 1351 978 1370 num
994 1342 1099 1375 J'esum,
1117 1351 1163 1369 nos
1176 1350 1276 1377 quoque
1290 1350 1335 1376 per
1348 1341 1439 1369 Iesum
1454 1342 1591 1369 suscitabit
1605 1348 1630 1369 et
1643 1350 1708 1368 con-

916 1389 1007 1415 stituet
1033 1388 1177 1415 vobiscum.
1199 1386 1269 1414 Nam
1286 1388 1375 1414 omnia
1394 1392 1499 1422 propter
1514 1396 1568 1418 vos,
1595 1392 1622 1413 ut
1645 1395 1708 1422 gia-

917 1435 954 1461 tia
971 1442 1029 1469 qua:
1041 1433 1195 1464 exundavit.
1213 1433 1334 1467 pluribus
1347 1434 1449 1469 gratias
1465 1433 1614 1468 agentibus,
1634 1441 1701 1459 exu-

917 1481 985 1507 beret
1001 1482 1027 1507 in
1043 1481 1156 1515 gloriam
1187 1480 1245 1507 Dei.
1270 1480 1414 1514 Propterea
1432 1488 1483 1506 non
1514 1479 1704 1514 defatigamur,

916 1527 960 1553 sed
972 1527 1091 1561 quamvis
1107 1531 1231 1552 externus
1250 1527 1327 1552 homo
1341 1530 1430 1552 uoster
1445 1529 1643 1559 corrumpatur,
1660 1525 1702 1550 in-

917 1576 1006 1599 ternus
1024 1577 1110 1599 tamen
1120 1576 1261 1598 renovatur
1280 1571 1307 1598 in
1322 1571 1378 1598 dies
1394 1570 1523 1606 singulos.

952 1677 1009 1705 Hoc
1025 1682 1116 1705 autem
1137 1677 1277 1713 loquitnur
1300 1677 1421 1706 scientes
1447 1676 1521 1712 quod
1546 1675 1627 1704 Pater
1658 1675 1705 1711 qui

916 1723 1061 1752 Dominum
1079 1724 1234 1757 suscitavit,
1251 1731 1301 1751 nos
1317 1730 1426 1758 quoque
1448 1722 1603 1750 suscitabit.
1629 1721 1706 1749 Unde

915 1769 967 1797 hoc
983 1770 1121 1798 scientes?
1140 1778 1174 1797 ex
1193 1769 1246 1796 tide
1266 1770 1404 1797 videlicet.
1422 1779 1430 1794 ι
1450 1769 1505 1796 Nos
1517 1775 1628 1803 quoque
1657 1775 1705 1802 per

915 1815 1009 1843 Jesum
1036 1816 1194 1843 suscitabit.
1215 1825 1224 1841 ι
1247 1815 1304 1849 Ipse
1323 1815 1396 1843 enim
1423 1815 1514 1842 veniet
1529 1822 1577 1849 per
1602 1821 1705 1847 praece-

915 1867 1001 1896 ptum,
1019 1869 1067 1896 per
1079 1868 1174 1888 vocem
1189 1861 1359 1896 archangeli,
1377 1868 1423 1894 per
1439 1861 1531 1887 tubam
1548 1868 1557 1892 ;
1573 1864 1600 1887 et
1615 1860 1705 1887 susci-

915 1907 983 1935 tabit
996 1911 1132 1939 mortuos,
1149 1913 1256 1941 suoque
1270 1907 1350 1934 sistet
1365 1906 1508 1933 tribunali.
1527 1916 1536 1931 ‹
1556 1905 1624 1933 Nam
1640 1913 1702 1933 0m-

915 1953 959 1979 nia
974 1956 1087 1988 propter
1117 1959 1175 1978 vos.
1192 1961 1202 1977 ι
1228 1951 1285 1978 Hoc
1306 1952 1365 1979 loco
1393 1952 1468 1987 ipsos
1495 1951 1606 1978 instruit
1630 1950 1704 1985 quod

913 1999 947 2026 de
967 1999 1169 2025 resurrectione
1189 1998 1353 2032 cmterisque
1384 1997 1538 2028 beneﬁciis,
1558 1996 1626 2023 nulli
1653 1997 1702 2023 ho—

913 2045 1031 2078 minum,
1062 2044 1110 2072 sed
1125 2043 1176 2071 soli
1198 2044 1251 2070 l‘aeo
1268 2043 1379 2078 agenda!
1404 2044 1460 2071 sint
1472 2043 1576 2079 gratim.
1600 2041 1707 2070 Pseud—

913 2091 1032 2126 apostoli
1046 2090 1118 2118 enim
1135 2091 1187 2118 sibi
1204 2090 1272 2125 ipsis
1292 2090 1406 2125 gratiam
1422 2090 1606 2117 attribuebant
1622 2090 1700 2124 quasi

912 2137 1044 2165 Deusiila
1074 2137 1230 2168 tribuisset,
1253 2136 1491 2163 exhortationibus
1519 2136 1640 2170 ipsorutn
1666 2135 1700 2162 ad

912 2182 997 2209 Deum
1027 2181 1203 2209 ducentibus.
1224 2190 1233 2206 ‹
1249 2179 1316 2207 Nam
1346 2180 1437 2206 omnia
1467 2183 1580 2214 propter
1605 2186 1665 2206 vos.
1686 2188 1696 2204 ι

911 2227 983 2255 Bona
999 2227 1129 2255 videlicet
1141 2235 1189 2255 seu
1206 2226 1350 2258 beneﬁcia,
1367 2233 1421 2253 non
1439 2229 1548 2260 propter
1563 2225 1635 2252 hunc
1651 2229 1699 2252 aut

911 2273 1002 2305 illum,
1019 2273 1067 2300 sed
1086 2277 1198 2308 propter
1216 2279 1389 2300 communem
1408 2271 1565 2298 utilitatem.
1581 2269 1639 2297 Hoc
1654 2277 1700 2297 au-

913 2321 967 2345 tem
986 2318 1086 2346 factum
1100 2323 1153 2350 cst,
1169 2319 1268 2352 inquit,
1286 2323 1315 2345 ut
1343 2318 1432 2353 gratia
1463 2317 1510 2344 Dei
1534 2316 1697 2348 exundaret,

912 2363 975 2390 dum
991 2363 1085 2390 multis
1103 2364 1244 2397 tribuitur,
1261 2364 1312 2391 hac
1327 2371 1391 2391 vero
1415 2363 1583 2395 exundante,
1614 2363 1697 2390 etiam

911 2409 1061 2444 gratiarum
1080 2410 1153 2437 actio
1168 2410 1202 2437 ad
1230 2418 1292 2437 eum
1309 2410 1391 2437 simul
1422 2409 1583 2436 cxundaret.
1602 2418 1611 2434 ε
1631 2408 1698 2435 Pro-

911 2457 1005 2488 pterea
1022 2461 1077 2481 non
1099 2454 1290 2490 defatigamur.
1314 2465 1323 2481 ι
1338 2456 1474 2489 Quoniam
1489 2463 1555 2491 ergo
1571 2455 1697 2482 novimus

911 2499 1002 2527 omnia
1017 2507 1078 2534 quae
1094 2499 1121 2526 in
1141 2507 1191 2528 nos
1212 2499 1283 2527 facta
1299 2506 1362 2528 sunt
1375 2501 1409 2528 ad
1427 2501 1529 2536 gratias
1545 2501 1600 2528 Deo
1615 2507 1698 2535 agen-

911 2546 960 2572 das
980 2545 1137 2577 terminari,
1152 2553 1206 2573 non
1226 2545 1406 2581 defatigamur
1431 2554 1519 2582 neque
1540 2546 1697 2574 succumbi-

909 2599 971 2618 mus
989 2590 1023 2618 ad
1036 2590 1208 2619 atﬂictiones.
1227 2591 1377 2618 Externum
1395 2597 1486 2621 autem
1502 2593 1639 2619 hominem
1651 2599 1697 2619 vo-

910 2642 954 2664 cat
967 2645 1079 2672 corpus,
1089 2638 1170 2674 630
1179 2637 1251 2672 quod
1260 2639 1447 2673 corrumpitur
1455 2639 1520 2666 dum
1535 2637 1697 2674 ﬂagellatur,

909 2683 1008 2719 ligatur
1024 2691 1054 2711 ac
1069 2685 1286 2719 persecutionem
1302 2685 1431 2718 sustinet,
1452 2685 1608 2713 interiorem
1630 2691 1700 2712 vero

908 2729 1059 2761 hominem,
1086 2730 1206 2757 animam
1231 2738 1292 2766 qua:
1310 2738 1432 2763 rursum,
1462 2730 1560 2765 inquit,
1582 2729 1698 2757 virescit

910 2774 1030 2810 singulis
1049 2775 1146 2804 diebus
1162 2785 1211 2813 spe
1227 2783 1253 2804 et
1269 2777 1380 2813 gaudio,
1400 2781 1427 2805 et
1443 2777 1506 2812 quia
1529 2777 1605 2803 novit
1620 2777 1697 2811 quod

908 2818 934 2845 id
953 2826 1002 2853 pro
1024 2819 1078 2847 Deo
1094 2821 1224 2855 patiatur.

944 2863 990 2895 IV,
1011 2865 1054 2897 Π,
1072 2866 1115 2893 18.
1133 2866 1205 2893 Nam
1232 2873 1413 2894 momentanea
1435 2866 1528 2894 levitas
1545 2866 1696 2901 afﬂictioan

905 2915 1013 2944 uostra',
1033 2911 1107 2944 mire,
1122 2921 1201 2946 supra
1217 2913 1322 2940 modum
1338 2917 1464 2940 (sternunt
1482 2913 1575 2947 gloriae
1587 2911 1694 2946 pondus
