1872 3053
85 194 141 227 981

547 194 737 225 COMMENT.
755 195 795 225 ΙΝ
817 194 934 224 EPIST.
950 194 980 224 II
999 195 1048 224 AD
1060 195 1237 225 CORL‘iTll.

1662 199 1714 229 912

89 253 165 285 λετ-ν),
183 252 236 278 κᾶν
250 251 291 279 διὸ
303 252 414 287 ἐποίησε
433 252 490 283 νῦν,
507 256 599 287 φησιν,
620 253 649 279 οὐ
665 253 763 279 δὶκειιοι
776 253 862 279 καταλ

968 261 991 279 ιιι
1009 252 1110 283 diram,
1125 253 1196 287 quod
1213 254 1378 280 contumelia
1394 253 1539 281 aﬂ'eccrilis
1549 255 1630 282 etiam
1646 256 1714 284 bene

87 298 209 333 λαγῆναι
225 298 361 333 ὑπάρχετε
379 307 386 331 ;
400 299 480 325 Ποῖον
496 299 589 331 τοῦτο;
605 299 649 325 τὸν
659 299 712 334 γὰρ
733 299 770 334 μὴ
783 300 880 333 γνόντα

88 345 243 380 ἁμαρτίαν,
258 345 335 380 φησὶ,
351 345 484 377 τουτέστι,
503 345 547 371 τδν
563 344 803 379 αὐτοδικαιοσύνην
815 344 880 371 ὅντα,

91 390 142 415 καὶ
156 389 303 424 ἅγιασμὸν,
321 389 366 416 τὸν
385 389 451 416 Υίδν
472 389 565 422 αὑτοῦ,
590 390 603 416 ὁ
621 389 725 423 Πατὴρ,
744 389 880 424 ἁμαρτίαν

90 435 216 470 ἐποίησε,
234 435 382 466 τουτέστιν,
397 435 434 466 ὡς
451 435 612 470 ἁμαρτωλόν
627 443 687 461 τινα
705 435 750 460 καὶ
770 435 879 461 κατάδι-

90 489 142 507 κον
164 481 240 507 εἴασε
269 481 470 516 σταυρωθῆναι.
491 481 547 507 Οὐκ
571 479 632 507 εἶπε
654 481 682 507 δὲ
707 480 878 516 ἁμαρτωλὸν,

90 527 151 553 ἀλλ’
166 527 315 562 ἁμαρτίαν,
331 528 399 562 ὅπερ
415 526 506 561 μεῖζόν
528 528 602 554 ἐστιν
615 535 620 541 ·
635 526 753 554 ἀπέθανε
770 527 808 559 δὲ,
832 536 881 562 φη-

91 574 148 603 σὶν,
162 574 176 599 ὸ
188 573 304 607 Χριστὸς
319 573 367 599 οὐκ
393 573 467 607 είκῆ,
483 573 538 599 οὐδ’
567 573 642 599 οὖδὲν
667 573 780 607 ὠφελῶν
795 574 878 607 ἡμᾶς.

90 619 151 645 ἀλλ’
163 618 206 645 ἵνα
220 619 340 650 δικαίους
353 619 556 653 ἀπεργάσηται.
571 619 660 646 ’Ἄλλοι
688 619 773 651 οὕτως
789 620 880 655 ἡρμή-

89 664 416 700 νευσαν.-[ΟῙΚΟΥΜ.]
446 665 581 700 Ἀμαρτία
605 665 732 699 λέγεται,
755 666 786 692 τὸ
809 666 879 701 ὑπὲρ

62 710 69 724 ⁵
91 709 237 742 ἁμαρτιῶν
260 708 344 743 θῦμα,
368 708 406 740 ὡς
432 709 478 736 καὶ
493 710 506 735 ὁ
521 710 682 744 προφήτης⁴
703 719 711 735 ‹
730 710 880 745 Ἀμαρτίας

90 754 158 780 λαοῦ
178 763 228 789 μου
254 755 398 788 φάγονται.
412 765 421 780 ι
435 755 577 787 τουτέστι,
604 755 637 782 τὰ
653 756 722 790 ὑπὲρ
738 755 880 790 ἁμαρτιῶν

92 799 214 834 θύματα.
237 800 317 834 Θῦμα
336 798 382 826 οὖν
401 801 471 836 ὑπὲρ
494 801 635 836 ἁμαρτιῶν
651 801 777 835 ἐποίησεν
793 801 806 826 ὁ
822 801 880 827 Πα-

90 843 146 878 τὴρ
168 844 215 870 τὸν
238 844 312 871 Υεόν,
328 853 337 870 t
361 845 509 879 Ἀμαρτίαν
522 845 659 879 ἐποίησε,ι
677 846 824 877 τουτέστιν,
843 845 880 877 ὼς

91 888 256 923 ἁμαρτωλὸν
283 889 494 924 κατακριθῆναι.
525 899 533 914 ι
550 890 608 915 ’Ὶνα
633 890 714 924 ἡμεῖς
735 889 877 923 γενώμεθα

931 298 964 325 de
979 299 1055 325 vobis
1065 299 1201 329 meritum,
1213 300 1285 333 quod
1298 306 1392 334 punias
1409 307 1462 326 non
1477 300 1630 334 exprticrit,
1642 303 1713 335 quod

931 345 1008 379 prior
1024 345 1196 371 reconciliari
1217 345 1335 379 cupierit
1352 353 1358 371 ι
1377 350 1404 372 at
1418 346 1454 372 ob
1473 346 1497 372 id
1516 346 1612 373 saltem
1640 347 1712 381 quod

932 397 1004 416 nunc
1024 389 1097 420 fecit,
1114 397 1206 416 nonne
1223 398 1330 424 mquum
1347 395 1387 417 est
1408 394 1436 416 ut
1450 390 1500 425 ipsi
1515 391 1714 419 reconciliemi—

931 436 978 462 ni?
993 435 1025 461 Et
1040 435 1105 470 quid
1130 435 1195 462 illud
1213 436 1273 462 est?
1288 436 1368 468 Eum,
1380 436 1479 471 inquit,
1496 437 1541 471 qui
1569 443 1712 471 peccatum

931 489 985 508 non
999 485 1123 513 norerat,
1142 481 1192 507 hoc
1202 485 1254 510 est.
1270 480 1368 508 Filium
1386 489 1465 508 suum
1477 483 1523 517 qui
1541 482 1600 517 ipsa
1613 487 1654 509 cst
1668 483 1715 517 ju-

931 525 1006 553 stitia
1036 530 1063 553 et
1097 526 1277 553 sanctiﬁcatio
1301 526 1334 553 “.
1357 526 1437 554 Pater
1467 527 1531 554 fecit
1562 534 1714 562 peccatum.

932 571 982 598 hoc
1007 575 1059 603 est,
1081 575 1211 606 tanquam
1228 577 1401 606 peccatorem
1429 573 1547 608 aliquem
1573 574 1718 608 pomisque

930 617 1089 647 obnoxium.
1113 617 1234 651 cruciﬁgi
1259 617 1391 651 permisit.
1423 618 1483 645 Non
1512 618 1580 645 dixit
1613 623 1714 649 autem.

931 662 1122 695 Peccatorem,
1141 662 1199 694 sed,
1222 663 1294 697 quod
1320 663 1409 697 majus
1425 669 1476 695 cst,
1497 673 1505 689 ι
1531 664 1685 691 Peccatum.
1704 674 1712 689 ι

931 707 1054 734 Mortuus
1083 711 1125 733 cst
1149 711 1239 735 autem
1275 707 1403 735 Christus
1430 716 1484 735 non
1508 709 1558 736 abs
1597 717 1634 740 re,
1668 715 1716 736 aut

932 754 1035 780 nullam
1053 753 1132 780 nobis
1149 753 1265 780 aﬂ'crcns
1280 754 1439 786 utilitatem,
1458 754 1505 781 sed
1521 758 1550 780 nt
1564 762 1614 781 nos
1625 756 1715 789 justos

929 799 1060 826 efﬁceret.
1073 813 1107 818 -—
1119 798 1173 826 Alii
1190 799 1236 826 hac
1251 799 1326 826 modo
1340 800 1556 834 interpretantur.
1572 800 1715 827 PcCt'atum

930 845 1031 872 dicitur
1041 845 1150 871 victima
1166 852 1226 880 qua!
1238 852 1286 879 pro
1299 846 1418 879 peccatis
1430 845 1599 877 immolatur,
1617 853 1716 879 quem-

931 889 1075 916 admodum
1116 889 1153 916 ait
1188 889 1318 923 propheta
1358 888 1502 916 :Pecrata
1537 888 1628 923 populi
1665 888 1717 915 mei

90 933 248 968 δικαιοσύνη
261 934 328 960 Θεοῦ
345 935 372 960 ὲν
382 934 482 969 αὐτῷ,›
497 935 553 961 Οὐκ
561 933 630 965 εἶπε,
640 935 744 961 Δίκαιοι
760 936 865 970 γενώμε

969 933 1079 961 medent
1095 934 1128 966 “,
1150 943 1159 959 ι
1178 934 1203 960 id
1220 937 1272 966 est,
1286 933 1419 960 ’victimas
1435 941 1484 968 pro
1504 933 1636 968 peccatis.
1669 932 1718 959 Vi-

92 979 138 1010 θα,
147 979 231 1011 ἀλλ’,ί
247 980 501 1016 Δύτοδικαιοσῦνη,ι
520 982 586 1016 ὅπερ
599 981 690 1016 μεῖζον
701 979 744 1015 ἧν,
757 982 804 1008 καὶ
814 981 881 1007 θεοῦ

91 1024 262 1057 δικαιοσύνη.
277 1024 343 1051 Θεοῦ
358 1025 384 1051 δὲ
398 1027 606 1061 δικαιοσύνη,τὸ
617 1026 653 1061 μὴ
667 1027 801 1062 ὲξέργων,
815 1026 882 1053 ἀλλὰ

91 1069 136 1095 διὰ
147 1071 347 1105 συγχωρήσεως
363 1072 550 1106 δικαιωθῆναι,
563 1073 598 1099 ἐν
608 1072 697 1105 αὐτῷ.
721 1072 758 1098 δι’
777 1073 880 1100 αὐτοῦ.

937 980 1051 1006 ctimam
1073 979 1156 1015 igitur
1166 987 1225 1014 qum
1239 987 1287 1014 pro
1304 979 1423 1014 peccatis
1435 978 1579 1005 offerretur
1595 977 1658 1005 fecit
1669 979 1719 1005 Pa-

936 1029 977 1052 ter
986 1025 1095 1052 Filium.
1112 1035 1120 1051 ι
1139 1026 1281 1052 Peccatum
1294 1025 1366 1052 fecit.
1385 1033 1394 1050 ›
1411 1024 1466 1051 lloc
1475 1028 1527 1057 est,
1546 1029 1575 1051 ut
1589 1028 1717 1059 tanquam

936 1076 1066 1106 peccator
1095 1072 1339 1099 condemnaretur.
1370 1080 1380 1096 ι
1405 1070 1439 1098 Ut
1472 1078 1521 1098 nos
1546 1071 1719 1098 cfticeremur

90 1116 201 1150 justitia
237 1116 282 1144 Dei
311 1125 358 1151 per
390 1118 476 1145 illum.
497 1128 506 1144 ι
538 1119 620 1154 640
648 1119 705 1146 Non
727 1119 804 1152 dixit,
829 1119 901 1146 Jusli
921 1119 1101 1149 elliccremur,
1129 1118 1186 1150 sed,
1210 1127 1220 1143 ι
1243 1117 1303 1152 lpsa
1330 1117 1453 1152 justitia,
1479 1126 1488 1142 ι
1521 1117 1596 1151 quod
1630 1116 1720 1150 majus

92 1168 164 1195 erat,
196 1163 299 1198 Deique
321 1164 534 1199 ipsiusjustitia.
565 1166 610 1193 Dei
651 1167 874 1201 autcmjustitia.
897 1174 950 1193 non
976 1173 1037 1200 qua:
1067 1169 1139 1191 cssct
1152 1173 1183 1192 ex
1203 1165 1343 1199 operibus,
1365 1164 1410 1191 scd
1444 1168 1473 1190 ut
1500 1171 1532 1190 co
1563 1163 1719 1190 ren-ilttnle

92 1216 124 1235 ac
146 1210 250 1236 veniam
263 1210 343 1238 dante
356 1211 568 1246 justiiicaremur
580 1214 608 1239 ἐν
624 1213 697 1248 ἀυτῷ
712 1214 763 1240 hoc
783 1218 834 1243 cst,
853 1214 866 1239 δ

970 1212 995 1243 ὖ,
1009 1213 1034 1238 id
1052 1217 1104 1243 cst,
1122 1220 1167 1246 per
1180 1213 1276 1245 ipsum.

129 1255 348 1290 Συνεργοῦντες
365 1257 399 1283 δὲ
422 1258 470 1284 καὶ
499 1260 743 1294 παρακαλοῦμεν,
768 1260 811 1294 μὴ
832 1261 876 1292 εἰς

93 1299 186 1325 κενὸν
202 1299 259 1332 τὴν
269 1300 355 1333 χάριν
368 1301 420 1327 τοῦ
443 1302 517 1328 θεοῦ
534 1303 676 1334 δέξασθαι
694 1303 778 1338 ὑμᾶς.
794 1305 877 1338 Λέγει

94 1345 166 1379 γάρ·
184 1345 279 1379 Καιρῷ
292 1345 385 1377 δεκτῷ
400 1346 558 1380 ἐπήκουσά
573 1356 642 1380 σου,
663 1348 713 1374 καὶ
732 1349 767 1375 ἐν
784 1349 878 1384 ἡμέρᾳ

93 1392 242 1425 σωτηρίας
250 1391 400 1425 ἐϐοήθησά
408 1399 467 1419 σοι.
484 1393 561 1420 Ἰδοὺ
569 1394 626 1420 νῦν
635 1395 738 1428 καιρὸς
749 1395 879 1429 εὐπρόσ-

94 1434 210 1468 δεκτος,
223 1435 288 1463 ιδοὺ
303 1436 361 1463 νῦν
374 1438 467 1471 ἡμέρα
492 1438 650 1472 σωτηρίας.
677 1439 832 1473 Μηὸεμίαν
843 1439 879 1465 ἐι·

92 1481 200 1515 μηδενὶ
221 1482 355 1515 διδόντες
373 1483 568 1518 προσκοπὴν,
585 1485 635 1511 ἵνα
649 1485 692 1519 μὴ
705 1484 832 1520 μωμηθῇ
858 1486 876 1520 ἡ

93 1526 241 1554 διακονία.

130 1572 223 1599 Ταῦτα
249 1571 309 1606 μὲν,
341 1573 433 1607 φησὶν,
462 1572 477 1598 ὁ
496 1572 561 1605 Θεὸς
583 1573 627 1600 διὰ
638 1573 685 1600 τοῦ
702 1573 766 1600 Υῐωῦ
793 1574 874 1601 αὑτοῦ

94 1617 242 1651 πεποίηκε,
263 1617 310 1643 καὶ
325 1618 404 1652 ἡμεῖς
424 1618 452 1644 δὲ
470 1619 663 1653 συνεργοῦντες
688 1620 734 1646 καὶ
751 1629 875 1654 παρακα-

94 1662 204 1694 λοῦντες
231 1663 425 1697 διατελοῦμεν,
454 1664 677 1699 παρακαλοῦντες
714 1665 762 1699 μὲν
793 1665 876 1700 ὑμᾶς,
893 1655 913 1684 c

96 1707 292 1742 συνεργοῦντες
320 1708 348 1734 δὲ
366 1709 405 1743 τῷ
429 1709 498 1743 Θεῷ.
519 1709 604 1736 Τοῦτο
624 1711 677 1745 γὰρ
690 1710 763 1745 αὐτῷ
777 1711 878 1745 σπουδὴ

93 1753 124 1779 τὸ
141 1753 261 1787 σωθῆναι
277 1753 384 1787 ὑμᾶ;,ὂ
395 1754 441 1780 καὶ
457 1754 573 1789 ἀλλαχοῦ
588 1763 664 1790 φησι,
679 1765 687 1781 ι
703 1755 770 1782 Θεοῦ
783 1765 878 1792 συνερ-

93 1799 136 1833 γοί
156 1799 249 1833 ἐσμεν,
265 1808 274 1825 ι
290 1798 319 1831 ἐξ
335 1795 372 1826 ὧν
392 1799 576 1834 διατελοῦμεν,
593 1801 670 1836 φησί.
687 1811 696 1827 ι
713 1801 758 1837 Μὴ
774 1803 814 1833 είς
832 1811 877 1829 κε-

94 1844 138 1870 νὸν
155 1844 204 1879 τὴν
223 1844 302 1879 χάριν
314 1844 361 1870 τοῦ
390 1845 457 1871 Θεοῦ
470 1845 599 1877 δέξασθαι
624 1847 705 1881 ὑμᾶς.
723 1857 732 1873 ›
752 1848 878 1883 Παρακαα

93 1890 195 1925 λοῦμεν
206 1891 234 1916 δὲ
258 1892 338 1926 ἡμεῖς
353 1892 378 1917 οξ
401 1892 556 1924 ἀπόστολοι,
580 1893 624 1920 ἵνα
647 1894 697 1930 τὴν
717 1895 877 1929 εὐεργεσίαν

93 1935 140 1962 τοῦ
158 1936 225 1962 Θεοῦ
242 1936 364 1972 δέξησθε,
381 1937 426 1963 καὶ
444 1938 481 1972 μὴ
496 1938 703 1974 ἀποκροὺσησθε
719 1941 815 1974 αὕτὴν,
828 1950 877 1976 μη-

93 1981 122 2007 δὲ
138 1983 179 2012 εἰς
210 1982 287 2008 κενὸν
312 1983 359 2009 καὶ
373 1984 508 2018 ἀνωφελὲς
532 1985 580 2019 τὴν
597 1985 677 2021 χάριν
690 1986 816 2019 γενέσθαι
829 1987 877 2013 καὶ

92 2025 232 2060 δεχθῆναι.
253 2027 290 2053 Τὸ
307 2027 362 2062 γὰρ
383 2028 601 2063 καταλλαγέντας
617 2030 655 2065 τῷ
683 2031 742 2066 Θεῷ
759 2032 802 2058 διὰ
827 2033 877 2068 τῆς

94 2070 224 2103 πίστεως,
243 2072 383 2107 ἐπιμένειν
405 2073 444 2108 τῷ
467 2075 590 2111 προτέρῳ
607 2076 657 2111 βίῳ
684 2077 759 2103 οὐδὲν
783 2077 877 2113 ἔτερόν

92 2117 178 2149 ἐστιν,
196 2117 212 2152 ἤ
231 2118 270 2148 είς
293 2119 369 2145 κενὸν
400 2120 445 2145 καὶ
461 2120 549 2156 μάτην
573 2121 699 2155 γενέσθαι
726 2123 776 2157 τὴν
796 2123 876 2159 χάριν

92 2162 140 2188 τοῦ
159 2163 238 2195 Θεοῦ,
264 2164 311 2190 καὶ
333 2164 408 2191 οὐδὲν
437 2165 608 2201 ὠφεληθῆναι
629 2168 691 2198 τοὺς
713 2167 876 2203 δεξαμένους

93 2209 190 2243 αὑτήν.
212 2209 242 2235 Εἰ
257 2209 311 2244 γάιρ
323 2211 403 2242 αὐτὸς
425 2212 560 2246 ἁμαρτίας
576 2212 780 2248 συνεχώρησεν,
797 2215 878 2248 ἡμεῖς

92 2254 211 2281 δὶπάλιν
220 2255 322 2282 τούτων
334 2256 519 2292 πληρούμεθα,
530 2258 591 2284 τιτὸ
604 2258 699 2293 κέρδος
709 2268 716 2291 ;
728 2269 737 2285 ι
750 2260 805 2287 Νῦν
817 2269 878 2286 και-

96 2300 142 2334 ρὸς
163 2301 372 2335 εὐπρόσδεκτος.
394 2311 402 2327 ι
428 2304 482 2329 Καὶ
506 2304 581 2335 ποῖός
600 2304 674 2330 ἐστιν
699 2305 713 2331 ὸ
730 2305 875 2340 εὐπρόσδε-

94 2353 159 2376 κτος
174 2346 280 2381 καιρὸς,
295 2348 367 2383 καὶὴ
379 2341 469 2383 ὴμέρα
480 2348 529 2383 τῆς
542 2350 694 2384 σωτηρὶας;
716 2350 747 2376 'H
763 2351 812 2385 τῆς
824 2351 876 2377 δω-

94 2392 170 2425 ρεᾶς,
189 2392 206 2426 ἡ
220 2392 269 2426 τῆς
290 2393 410 2428 χάριτος.
432 2394 462 2421 ’0
483 2394 538 2425 νῦνν
558 2396 650 2430 φησὶν,
667 2396 798 2432 ὑπάρχων
814 2406 878 2424 και-

95 2437 150 2471 ρὸς,
167 2438 196 2464 ἐν
215 2434 237 2471 ᾧ
259 2439 465 2474 ἁμαρτημάτων
485 2441 534 2474 μὲν
558 2441 655 2474 apem;
675 2443 828 2476 πρόκειται,
857 2444 874 2478 ἡ

92 2481 121 2506 δὲ
148 2481 304 2518 δικαιοσύνη
331 2483 435 2518 δωρεὰν
458 2484 568 2511 δίδοται.
604 2486 679 2512 Ἐπεὶ
693 2485 740 2513 οὖν
755 2487 876 2523 ὁκαιρὸς

92 2525 214 2559 χάριτος,
231 2527 354 2560 εἰκότως,
369 2529 462 2564 φησὶν,
474 2530 616 2565 ἐπήκουσά
634 2539 679 2557 σου
691 2532 720 2557 ὲν
731 2532 828 2569 τούτῳ,
840 2534 878 2566 ὡς

92 2572 150 2605 εἴγε
169 2572 239 2598 ἔλθοι
255 2573 268 2599 ὁ
284 2573 332 2607 τῆς
343 2575 459 2608 κρίσεως
473 2576 578 2610 καιρὸς,
594 2577 643 2602 οὐκ
659 2577 698 2603 ἔτι
715 2578 808 2610 ἁπλῶς
818 2581 877 2605 εἰσ-

94 2617 252 2646 ακούσεται.
284 2619 313 2645 Ὀ
345 2618 391 2646 οὖν
419 2620 449 2646 ὲν
470 2622 558 2656 καιρῷ
578 2622 689 2657 χάριτος
712 2624 878 2659 ἐπιτηδεύων

95 2663 235 2690 πολιτείαν
261 2665 392 2700 χρηστὴν,
408 2666 529 2700 εὐχερῶς
552 2667 724 2699 ὲπιτεύξεται
743 2669 797 2694 τῶν
811 2669 879 2704 βρα-

95 2708 188 2742 δείων,
205 2709 254 2735 καὶ
266 2710 464 2746 ἀκουσθήσεται
482 2712 534 2738 ὑπὸ
543 2712 621 2738 Θεοῦ.
634 2713 743 2748 Ἐπειδὴ
761 2714 880 2745 καὶτοὺς

95 2755 181 2790 μυρία
211 2755 461 2792 πλημμελήσαντας
484 2757 599 2792 δέχεται,
627 2759 707 2792 ἀφεὶς
736 2759 827 2791 αὐτοῖς
846 2760 879 2787 τὰ

95 2801 284 2836 ἁμαρτήματα
297 2802 394 2830 αὐτῶν.
408 2803 566 2838 «Μηδεμίαν
589 2805 618 2831 ὲν
632 2805 751 2840 μηδενί.»
764 2806 800 2832 Τὺ
817 2806 878 2841 νόη-

134 2891 157 2908 δν
178 2890 268 2918 lCor.
286 2899 304 2924 ι,
321 2893 363 2920 50.
403 2893 425 2909 ⁵³
439 2893 507 2921 Osee
533 2902 551 2927 ι,
573 2895 598 2920 3.
638 2895 657 2910 "‘
675 2894 760 2922 ltior.
781 2895 853 2927 u,9.

968 1259 1011 1290 Vl,
1034 1259 1088 1285 1-5.
1112 1258 1285 1291 Cuoperanles
1312 1262 1399 1284 autem
1424 1257 1503 1284 etiam
1536 1257 1717 1286 exhortamur.

931 1312 962 1330 ne
980 1305 1007 1330 in
1025 1312 1135 1330 vacuum
1163 1303 1279 1338 gratiam
1295 1303 1341 1329 Dei
1358 1302 1557 1337 recipiatis.Ait
1575 1302 1643 1329 enim
1659 1311 1665 1329 ε
1685 1300 1717 1327 In

934 1353 1048 1380 tempore
1077 1354 1182 1380 accepto
1200 1347 1323 1374 exaudiri
1340 1352 1374 1378 te,
1395 1353 1418 1373 et
1438 1348 1463 1373 in
1478 1347 1521 1374 die
1536 1347 1634 1373 salutis
1652 1354 1717 1372 suc.

934 1394 1006 1421 curri
1024 1394 1081 1421 tibi.
1099 1395 1166 1420 Ecce
1184 1401 1252 1419 nunc
1273 1397 1372 1425 terimus
1390 1393 1561 1427 arreptabile,
1577 1400 1634 1418 cccc
1651 1399 1721 1418 nunc

932 1441 987 1467 dies
1004 1440 1111 1467 salutis.
1130 1439 1239 1466 Nullum
1258 1439 1285 1465 in
1302 1447 1328 1465 re
1349 1438 1405 1465 nlla
1422 1439 1513 1465 (lentus
1537 1438 1717 1472 oﬂ‘ensionem.

932 1495 962 1513 ne
975 1486 1181 1521 reprehendatur
1197 1485 1382 1513 ministerium.

966 1576 1028 1604 Haec
1041 1576 1149 1611 quidem
1166 1575 1229 1604 fecit
1239 1575 1321 1606 Deus.
1333 1575 1432 1610 inquit,
1449 1583 1496 1610 per
1509 1574 1607 1601 Filium
1624 1581 1714 1604 suum,

932 1631 981 1650 nos
999 1630 1064 1650 vero
1079 1623 1161 1650 etiam
1186 1627 1369 1657 cooperantes
1398 1625 1424 1648 ct
1438 1621 1616 1648 exhortantes
1629 1619 1716 1654 persi-

931 1669 1042 1701 stimus,
1055 1676 1103 1695 vos
1119 1667 1228 1702 quidem
1246 1667 1435 1698 exhortantes,
1454 1665 1508 1692 Dco
1533 1671 1623 1692 autem
1652 1672 1716 1691 coo-

932 1719 1081 1749 perantes:
1113 1713 1214 1741 etenim
1237 1715 1290 1741 hoc
1318 1713 1370 1748 ipsi
1398 1712 1516 1739 studimn
1547 1717 1587 1738 est
1611 1715 1640 1738 ut
1668 1718 1716 1738 vos

931 1761 998 1788 salvi
1011 1761 1090 1788 sitis?
1105 1759 1184 1793 Quod
1200 1759 1282 1788 etiam
1299 1759 1363 1786 alibi
1381 1759 1448 1786 dicit
1465 1768 1471 1785 :
1491 1767 1500 1783 ι
1521 1757 1566 1784 Dei
1578 1764 1711 1792 coopera-

932 1811 1005 1833 tores
1024 1814 1118 1834 sumus
1132 1806 1165 1838 δ’,
1179 1815 1188 1831 ι
1199 1809 1226 1833 et
1240 1805 1303 1832 hinc
1312 1808 1353 1832 est
1371 1808 1400 1832 ut
1416 1804 1442 1830 in
1462 1803 1514 1830 hoc
1531 1803 1714 1837 persistamus

931 1851 1031 1885 inquit,
1050 1860 1059 1876 ι
1077 1850 1114 1877 Ne
1138 1850 1165 1877 in
1180 1857 1295 1877 vacuum
1329 1849 1442 1884 gratiam
1457 1848 1505 1875 Dei
1530 1847 1680 1882 recipiatis.
1703 1855 1712 1871 ι

931 1895 1115 1923 Exhortamur
1136 1904 1186 1923 nos
1206 1895 1320 1930 apostoli
1341 1899 1370 1921 ut
1392 1895 1437 1921 Dei
1463 1893 1626 1921 beneﬁcium
1649 1891 1715 1918 reci-

932 1942 1012 1977 piatis
1027 1947 1054 1970 et
1069 1950 1122 1969 non
1140 1942 1275 1976 repellatis
1297 1940 1361 1968 illud
1383 1949 1391 1967 :
1413 1944 1439 1967 et
1458 1948 1509 1967 non
1531 1939 1670 1973 contingat
1685 1943 1714 1964 ut

931 1989 958 2015 in
973 1995 1088 2015 vacuum
1103 1987 1214 2014 autsine
1234 1987 1351 2014 utilitate
1369 1986 1456 2021 gratia
1468 1985 1580 2013 accedat
1595 1992 1627 2011 ac
1645 1983 1714 2011 reci-

931 2035 1031 2070 piatur.
1050 2033 1105 2061 Deo
1126 2033 1260 2068 siquidem
1281 2041 1328 2068 per
1358 2033 1435 2060 [idem
1468 2032 1657 2059 reconciliatos
1687 2029 1713 2056 in

930 2080 1016 2115 priori
1033 2079 1087 2106 vita
1102 2086 1276 2115 permanere,
1295 2078 1362 2105 nihil
1376 2077 1449 2105 aliud
1465 2081 1507 2104 cst
1524 2085 1604 2112 quam
1623 2077 1650 2102 in
1667 2082 1714 2101 va-

931 2134 1012 2153 cuum
1029 2133 1059 2152 ac
1080 2125 1180 2152 frustra
1196 2123 1244 2150 Dei
1264 2123 1376 2158 gratiam
1398 2123 1538 2154 accedere,
1559 2126 1586 2148 et
1601 2128 1649 2148 ens
1668 2120 1714 2154 qui

930 2171 1004 2197 illam
1014 2175 1174 2205 acceperant
1187 2169 1212 2195 in
1229 2168 1411 2202 nullojuvar‘l.
1421 2167 1488 2193 Nam
1502 2167 1523 2193 si
1539 2167 1594 2200 ipse
1605 2165 1714 2200 quidem

931 2220 1041 2251 peccata
1057 2213 1260 2244 condonaverit,
1278 2220 1329 2239 nos
1346 2219 1411 2239 vero
1425 2218 1535 2238 rursum
1548 2210 1650 2238 eisdem
1668 2209 1716 2236 im-

930 2262 1046 2296 plemur.
1063 2260 1134 2294 quod
1155 2258 1266 2286 accedet
1291 2258 1353 2285 inde
1375 2257 1504 2285 lucrum?
1526 2267 1535 2282 ι
1555 2255 1626 2282 Ecce
1642 2261 1716 2282 nunc

933 2313 1040 2342 tempus
1055 2306 1229 2340 acceptabile.
1249 2314 1258 2331 ›
1278 2303 1311 2331 Et
1322 2304 1401 2339 quale
1414 2308 1454 2331 est
1473 2309 1577 2337 tempus
1593 2306 1716 2336 accepta-

934 2354 986 2382 bile
1000 2357 1046 2379 aut
1060 2353 1118 2380 dies
1133 2351 1249 2379 salutis?
1262 2351 1320 2378 dies
1334 2350 1398 2377 doni
1415 2357 1446 2377 ac
1463 2349 1566 2385 gratiae.
1582 2348 1716 2380 Praasens,

933 2397 1031 2432 inquit,
1055 2403 1160 2432 tempus
1177 2401 1220 2424 est
1240 2396 1266 2423 in
1289 2403 1344 2431 quo
1364 2399 1535 2430 peccatorum
1556 2393 1715 2420 conceditur

931 2443 1068 2474 remissio,
1083 2447 1110 2470 et
1123 2442 1229 2477 justitia
1244 2441 1329 2476 gratis
1345 2441 1472 2468 donatur.
1485 2439 1619 2473 Quoniam
1635 2439 1717 2473 igitur

930 2493 1036 2523 tempus
1052 2492 1093 2515 est
1114 2487 1217 2522 gratiae,
1239 2487 1339 2514 merito
1353 2486 1379 2512 in
1399 2485 1461 2518 hoc,
1476 2485 1575 2519 inquit,
1588 2483 1714 2511 exaudiri

933 2539 970 2562 te.
989 2536 1027 2561 Ac
1044 2535 1065 2561 si
1083 2534 1187 2561 diceret
1204 2542 1210 2560 :
1229 2533 1277 2561 Ubi
1294 2532 1399 2559 venerit
1418 2532 1514 2566 iudicii
1529 2537 1645 2565 tempus,
1659 2529 1715 2562 jam

935 2589 988 2608 non
1003 2581 1081 2607 facile
1093 2580 1154 2614 quis
1169 2579 1337 2606 cxaudietur.
1351 2577 1402 2610 Qui
1419 2577 1503 2612 igitur
1519 2580 1640 2610 tempore
1654 2580 1717 2608 gra—

935 2626 978 2653 tia:
993 2626 1019 2651 in
1040 2625 1109 2652 bona
1132 2623 1339 2652 conversatione
1356 2622 1479 2650 studiose
1498 2627 1527 2647 se
1542 2619 1622 2653 gerit,
1638 2617 1716 2643 facile

932 2671 1024 2698 bravia
1041 2674 1202 2705 assequetur
1232 2673 1259 2696 et.
1278 2676 1291 2695 a
1306 2668 1361 2695 Deo
1381 2666 1552 2694 exaudiatur.
1577 2663 1629 2690 Eos
1642 2662 1715 2688 enim

931 2718 977 2753 qui
995 2717 1077 2744 etiam
1091 2717 1120 2743 in
1142 2715 1266 2751 plurimis
1280 2714 1452 2749 deliquerunt
1473 2709 1595 2744 suscipit,
1620 2706 1715 2734 remit-

931 2767 992 2790 tcns
1008 2762 1074 2797 ipsis
1093 2766 1204 2797 peccata
1220 2768 1278 2788 sua.
1297 2770 1307 2786 ‹
1326 2759 1431 2786 Nullam
1448 2758 1473 2784 in
1489 2763 1518 2783 re
1532 2755 1596 2783 ulla.
1613 2763 1622 2779 ι
1646 2753 1714 2780 Sen-

933 2808 1017 2836 tentia
1031 2807 1082 2835 hoc
1099 2807 1180 2834 modo
1192 2805 1375 2833 connectitur.
1392 2803 1576 2837 Coopcrantes
1589 2820 1596 2834 ,
1610 2798 1694 2834 inquit
1707 2817 1718 2830 .
