1872 3049
173 167 226 197 987

707 164 907 196 (ECUMENII
926 163 1074 194 TRICCrE
1093 163 1264 194 EPISCOPI

1750 162 1812 191 FS‘S

169 230 256 256 usque
273 221 306 249 ad
324 228 438 250 mortem
454 222 655 257 derelinquens.
675 231 684 247 ι
698 221 781 256 Quasi
796 223 931 250 dolentes.
947 231 956 248 ›

1047 229 1058 246 ν
1074 220 1128 255 γὰρ
1144 220 1193 252 τὰς
1209 220 1337 247 ἁπάντων
1352 220 1527 255 ἀνεῳγμένας
1551 219 1650 250 οἰκίας,
1673 218 1816 248 ποιούσας

169 268 249 302 Apud
269 273 415 296 extraneos
436 269 546 303 quidem
565 274 676 303 propter
697 268 741 295 illa
761 276 820 303 quae
839 269 959 303 patimur

169 315 262 342 dolere
275 315 464 342 existimamur
481 324 487 342 :
510 322 618 350 semper
633 319 724 342 tamen
739 319 766 342 et
781 315 808 342 in
830 314 958 342 omnibus

169 361 298 387 continue
320 361 482 395 gaudemus.
503 359 569 388 Vide
582 364 705 387 sanctam
727 360 803 387 Pauli
823 360 955 387 animam.

167 404 225 432 Non
236 406 325 432 solum
343 406 507 433 tentationes
520 405 635 432 \iriliter
649 405 763 436 ferebat.
776 412 870 432 verum
879 405 960 432 etiam

168 453 196 480 in
214 452 281 486 ipsis
295 452 442 486 gaudebat,
460 452 552 479 sciens
563 452 635 486 quod
647 455 757 486 propter
765 450 904 478 Christum
917 450 962 477 illa

167 501 317 531 pateretur.
337 507 346 523 ι
365 497 447 530 Quasi
460 505 606 532 pauperes.
622 507 631 524 ι
657 497 870 524 Perduravimus
884 495 962 530 quasi

167 543 282 569 mendici
303 552 310 570 :

1012 267 1030 293 ἃ
1043 267 1193 302 βούλονται.
1212 277 1220 292 ‹
1244 267 1287 299 Ὠς
1304 267 1386 302 μηδὲν
1398 267 1514 302 ἔχοντες.
1533 276 1542 292 ι
1560 265 1642 292 Οὐδὲν
1664 266 1722 300 γὰρ
1739 265 1814 299 ἔχων

1012 314 1047 340 τὰ
1065 314 1173 340 πάντων
1196 311 1264 348 εἶχε.
1290 314 1329 349 Τῇ
1345 314 1398 349 γὰρ
1414 313 1566 348 οὑκουμένῃ
1590 313 1755 339 ἐπέταττεν.
1782 311 1816 337 Εἰ

1013 359 1126 386 δυνατὸν
1141 359 1206 394 γὰρ,
1220 359 1298 394 φησι,
1318 360 1382 390 τοὺς
1396 359 1555 393 ὀφθαλμοὺς
1575 357 1762 391 ἐξορύξαντες
1780 355 1816 381 ἂν

1014 404 1133 431 ἐδώκατέ
1161 413 1216 438 μοι.
1235 405 1295 431 Ἔνι
1310 405 1338 431 δὲ
1354 405 1400 430 καὶ
1421 404 1485 438 περὶ
1499 403 1692 438 πνευματικῶν
1716 401 1815 428 ταῦτα

1016 450 1120 484 νοῆσαι.
1145 449 1174 476 ’0
1192 450 1247 484 γὰρ
1268 451 1433 486 ἁπορῤήτων
1451 451 1557 476 ἀκούων
1584 449 1731 485 ῥημάτων,
1750 447 1816 478 πῶς

1016 495 1077 532 οὐχὶ
1090 496 1199 523 πάντων
1216 496 1418 531 πλουσιώτερος
1430 495 1463 532 ἦν
1477 505 1484 530 ;

334 544 382 571 sed
415 543 515 570 multos
536 544 694 576 ditavimns,
716 547 763 570 aut
803 543 994 577 spiritualibns
1012 542 1126 575 divitiis,
1146 544 1288 571 autetiam
1310 544 1438 570 terrenis.
1458 543 1598 577 Siquidem
1612 542 1739 569 omnium
1765 541 1818 567 ha-

166 588 266 616 hebant
294 593 402 624 apertas
419 589 515 617 domos
533 590 590 617 sive
609 589 737 622 familias,
763 597 824 624 quae
847 589 982 616 faciebant
999 589 1132 624 quidquid
1144 590 1269 624 juberent
1285 585 1412 624 apostoli}
1428 599 1437 616 ι
1452 589 1536 622 Quasi
1554 589 1620 616 nihil
1634 588 1789 614 habentes.
1804 595 1814 611 ι

165 637 231 663 Nam
247 636 316 662 nihil
347 636 463 664 habebat
479 645 484 663 :
503 641 635 672 praecepta
653 637 724 664 enim
750 636 808 664 orbi
824 636 916 663 dabat.
933 636 1040 663 Etenim
1055 636 1077 663 si
1092 635 1162 668 fieri,
1178 637 1275 671 inquit,
1294 637 1438 671 potuisset,
1449 637 1546 664 oculos
1563 642 1667 662 vestros
1684 633 1812 662 effossos

165 682 312 709 dedissetis
329 682 405 709 tnihi.
419 682 495 709 Licet
507 687 599 709 autem
615 687 641 710 et
657 683 713 709 hme
727 682 760 709 de
786 681 979 716 spiritualibas
992 681 1125 716 accipere.
1142 680 1194 714 Qui
1210 682 1281 708 enim
1300 689 1403 709 arcana
1418 681 1500 709 verba
1511 681 1636 708 audierat
1651 681 1676 695 "
1687 700 1694 712 ,
1709 687 1815 708 annon

164 729 288 755 omnium
302 728 455 756 ditissimus
471 729 554 755 erat?

201 773 247 806 Vl,
272 774 368 801 M-lb‘.
390 774 424 801 Os
446 780 564 801 nostrum
589 779 707 809 apertum
723 779 761 801 est
786 783 847 809 erga
868 782 923 805 vos,
942 781 957 800 ο

166 819 308 851 Corinthii,
325 827 369 845 cor
391 824 509 846 nostrum
522 820 664 847 dilatatam
679 825 739 847 est:
764 829 814 847 non
832 821 894 847 estis
910 828 958 846 an-

166 866 238 900 gusti
252 865 278 891 in
297 865 382 898 nobis,
399 866 444 892 sed
458 866 564 900 augusti
577 867 640 892 estis
659 866 684 892 in
702 866 841 892 visceribus
853 866 956 892 vestris.
975 881 996 908 Β

167 911 292 938 Ιὶαηιιίοηι
307 916 394 938 autem
409 913 654 944 remunerationem,
667 917 695 938 ut
711 912 776 946 ﬁliis
791 912 848 938 dico
862 920 871 938 :
883 911 959 938 Dila-

166 957 257 983 temiui
272 961 296 983 et
310 966 365 989 vos,
376 965 407 984 ne
421 958 557 985 declinetis
571 958 605 984 ad
625 958 785 985 incredulos.
800 957 876 990 Quod
890 958 958 984 enim

165 1003 325 1029 consortium
336 1003 450 1037 justitiw
467 1012 526 1030 cum
542 1004 756 1039 iniquitate?ant
770 1012 828 1039 quae
843 1011 959 1030 contmn—

166 1049 210 1074 ηῑυ
227 1049 279 1075 luci
295 1049 328 1074 ad
345 1050 465 1076 tenebras
484 1051 496 1076 ζ)
516 1058 561 1076 aut
576 1059 634 1084 qum
651 1049 793 1077 concordia
808 1049 911 1077 Christo
924 1049 958 1076 ad

166 1094 253 1120 Belial
268 1095 280 1121 ?
304 1100 351 1121 aut
366 1103 423 1129 qua:
437 1104 497 1129 pars
518 1096 590 1130 ﬁdeli
612 1104 671 1123 cum
689 1095 791 1129 inﬁdeli
806 1096 818 1122 ?
837 1100 882 1122 aut
895 1095 958 1131 quid

165 1141 282 1167 convenit
300 1142 394 1173 templo
413 1141 460 1168 Dei
473 1150 532 1168 cum
552 1143 630 1169 idolis
647 1144 659 1171 Ρ

197 1228 280 1264 644,
298 1229 348 1256 Ubi
368 1230 476 1264 propria
492 1232 626 1265 percurrit
649 1235 810 1267 certamina,
832 1236 904 1264 venit
923 1237 957 1264 ad

165 1283 318 1301 sermonem
335 1276 368 1302 de
387 1277 604 1308 conversatione,
630 1279 745 1314 viaeque
766 1282 879 1308 ratione.
897 1282 956 1309 Pri-

164 1328 238 1346 mum
261 1325 350 1347 autetn
369 1322 465 1348 nititur
485 1324 650 1356 persuadere
667 1325 740 1359 quod
760 1327 878 1361 amplius
896 1328 956 1356 illos

164 1367 292 1400 diligens,
317 1367 408 1394 minus
437 1367 577 1402 diligatur,
601 1374 627 1396 et
651 1371 709 1397 ait:
743 1371 803 1398 «Os
831 1377 955 1400 nostrum

164 1420 289 1447 apertum
309 1418 360 1440 est.
381 1424 389 1439 ι
411 1414 465 1442 Hoc
484 1422 535 1446 est.
560 1424 613 1443 non
631 1424 775 1451 possumus
794 1419 874 1446 silere
892 1429 954 1455 erga

165 1464 224 1489 vos,
237 1462 346 1492 semper
360 1459 435 1487 vobis
451 1461 523 1495 loqui
539 1462 664 1495 cupimus
681 1471 688 1489 :
713 1463 785 1497 quod
805 1467 954 1494 amantium

166 1504 306 1537 proprium
327 1509 378 1538 est,
399 1511 426 1532 et
452 1506 567 1541 ingentia
586 1507 708 1536 libertate
727 1509 955 1544 loquentium.—

1050 773 1085 800 Τὸ
1101 775 1197 809 στόμα
1211 773 1296 809 ἡμῶν
1309 773 1420 809 ἀνέῳγε
1437 773 1511 808 πρὸς
1527 773 1614 807 ὑμᾶς,
1640 774 1814 807 Κορίνθιοι,

1011 819 1030 853 ἠ
1048 820 1153 854 καρδία
1164 819 1248 854 ἡμῶν
1266 819 1482 847 πεπλάτυνται.
1506 821 1547 846 Οὐ
1566 821 1815 854 στενοχωρεῖσθε

1010 865 1046 892 ἐν
1062 866 1143 900 ἡμῖν,
1163 866 1398 900 στενοχωρεῖσθε
1415 865 1449 892 δὲ
1470 865 1505 892 ἐν
1532 865 1595 898 τοῖς
1613 866 1814 899 σπλάγχνοις

1010 911 1102 946 ὑμῶν.
1120 911 1178 946 Τὴν
1192 911 1226 938 δὲ
1238 913 1336 945 αὐτὴν
1350 912 1546 945 ἀντιμισθίαν
1559 911 1599 944 ὡς
1615 911 1733 943 τέκνοις
1756 911 1812 937 .ζὲ-

1010 966 1059 992 re),
1084 958 1274 991 πλατύνθητε
1289 958 1337 984 καὶ
1353 957 1447 992 ὑμεῖς,
1461 957 1504 992 μὴ
1523 958 1645 992 γίνεσθε
1670 957 1812 990 ἑτεροζυ-

1011 1003 1135 1037 γοῦντες
1149 1003 1301 1036 ἀπίστοις.
1319 1003 1350 1030 Τί
1364 1003 1418 1037 γὰρ
1426 1002 1541 1037 μετοχὴ
1557 1003 1740 1036 δικαιοσύνῃ
1756 1005 1809 1029 καὶ

1009 1049 1117 1083 ἀνομίᾳ
1131 1057 1140 1080 ;
1157 1050 1204 1082 Τίς
1222 1049 1256 1075 δὲ
1270 1049 1409 1076 κοινωνία
1424 1049 1496 1083 φωτὶ
1514 1049 1589 1083 πρὸς
1607 1050 1716 1082 σκότος
1730 1058 1740 1081 ;
1756 1049 1810 1082 Τίς

1008 1095 1043 1121 δὲ
1057 1094 1255 1129 συμφώνησις
1267 1095 1382 1129 Χριστῷ
1394 1095 1470 1129 πρὸς
1492 1095 1600 1129 Βελίαρ
1610 1104 1620 1126 ;
1631 1096 1668 1122 Ἦ
1683 1096 1729 1128 τίς
1753 1104 1810 1129 με-

1005 1140 1056 1175 ρίς
1071 1140 1168 1173 πιστῷ
1191 1141 1266 1176 μετὰ
1285 1142 1416 1168 ἀπίστου
1429 1150 1438 1172 ;
1454 1141 1499 1174 τίς
1514 1141 1548 1168 δὲ
1575 1142 1808 1176 συγκατάθεσις

1008 1186 1070 1219 ναῷ
1084 1187 1158 1214 Θεοῦ
1176 1187 1250 1221 μετὰ
1265 1187 1416 1220 similior,-

1044 1233 1085 1259 Τὰ
1101 1233 1156 1259 τῶν
1169 1233 1242 1260 ἰδίων
1256 1233 1370 1267 ἀγώνων
1386 1233 1508 1266 διελθὼν,
1524 1234 1564 1265 εἰς
1588 1234 1634 1260 τὸν
1647 1235 1711 1268 περὶ
1725 1235 1807 1261 πολι-

1009 1277 1082 1310 τείας
1095 1278 1206 1314 ἔρχεται
1228 1279 1317 1312 λόγον.
1335 1279 1468 1314 Πρότερον
1492 1279 1519 1306 δὲ
1542 1281 1635 1306 πεῖσαι
1653 1279 1726 1306 θέλει
1759 1281 1804 1307 ὅτι

1009 1324 1123 1358 ἀγαπῶν
1143 1326 1251 1356 αὐτοὺς,
1271 1325 1379 1352 ἔλαττον
1392 1326 1544 1357 ἀγαπᾶται,
1561 1326 1608 1353 καί
1624 1335 1692 1361 φησι
1709 1335 1716 1341 ·
1737 1335 1748 1351 ‹
1765 1327 1803 1352 Τὸ

1009 1371 1094 1405 στόμα
1114 1371 1193 1406 ἡμῶν
1225 1371 1354 1405 ἀνέῳγεν,
1369 1381 1377 1397 ι
1403 1368 1469 1403 οἷον,
1492 1372 1529 1398 Οὐ
1557 1372 1698 1406 δυνάμεθα
1718 1374 1802 1407 σιγᾷν

1008 1416 1075 1451 πρὸς
1092 1416 1174 1451 ὑμᾶς,
1188 1417 1231 1442 ἀεὶ
1247 1417 1310 1450 ὑμῖν
1321 1416 1494 1449 διαλέγεσθαι
1508 1416 1632 1451 θέλομεν,
1643 1418 1712 1452 ὅπερ
1726 1418 1801 1450 ἀγα-

1011 1461 1124 1488 πώντων
1139 1462 1203 1488 ἴδιον
1220 1462 1266 1487 καὶ
1281 1462 1345 1488 ἄνευ
1360 1462 1510 1497 ὑποστολῆς
1524 1462 1676 1489 λαλούντων
1689 1464 1801 1490 -Ἀλ-

1006 1509 1067 1539 ,πως
1082 1506 1182 1542 [ΦΩΤ.]
1195 1506 1268 1532 Ἀντὶ
1278 1506 1335 1538 τοῦ,
1354 1507 1491 1542 Εὑπορίαν
1506 1507 1570 1543 ἡμῖν
1590 1509 1799 1543 παρεσχήκατε,

164 1547 224 1574 Alio
239 1551 326 1576 modo.
348 1549 404 1577 Hoc
421 1555 472 1583 est,
498 1552 653 1580 facultatem
674 1559 700 1581 et
715 1556 857 1583 audaciam
875 1558 954 1586 nobis

1047 1553 1054 1578 5
1079 1553 1198 1586 ἀνοίγειν
1216 1553 1283 1588 πρὸς
1305 1554 1376 1588 ὑμᾶς
1393 1553 1422 1580 τὸ
1438 1554 1534 1588 στὸμα.
1554 1554 1639 1580 Ὅταν
1653 1553 1708 1589 γὰρ
1723 1556 1736 1581 δ
1747 1556 1800 1590 μὲν

163 1593 308 1627 tribuistis,
336 1602 365 1623 ut
389 1605 419 1625 os
442 1598 512 1632 apud
537 1606 585 1625 vos
607 1601 788 1634 aperiremus.
817 1602 956 1638 Siquidem

163 1640 274 1672 quando
289 1643 424 1676 quispiam
441 1643 577 1670 ferventer
592 1651 674 1678 amat,
689 1647 733 1673 alii
751 1656 814 1675 vero
829 1658 882 1676 non
898 1651 957 1684 pari

164 1685 244 1712 modo
266 1688 417 1718 redamant,
435 1689 608 1716 occasionem
625 1698 656 1718 ac
675 1691 831 1721 facultatem
852 1695 956 1722 amanti

164 1732 295 1764 prwbent.
312 1738 341 1760 ut
355 1733 479 1767 pluribus
490 1742 567 1762 suam
584 1744 694 1764 causam
708 1747 769 1774 erga
785 1741 860 1774 ipsos
873 1742 956 1774 justi-

161 1774 222 1802 ﬁcet
235 1785 266 1803 ac
280 1778 377 1812 probet
393 1788 398 1804 :
416 1785 539 1813 apertum
555 1787 607 1813 est,
621 1782 720 1817 inquit,
736 1786 910 1814 multitudine
922 1795 954 1814 ae

162 1829 172 1845 \
181 1821 432 1855 ijustificationum.
442 1824 581 1861 Nobisque
590 1832 681 1856 lacere
692 1831 855 1864 volentibus,
866 1834 952 1868 ipsum

160 1870 263 1897 tamen,
278 1867 333 1893 illis
352 1868 426 1895 intus
448 1870 716 1901 subscaturientibus
732 1882 764 1902 ae
784 1867 891 1904 sursum
910 1886 954 1905 sa-

160 1912 298 1943 lientibus,
322 1919 448 1948 apertum
480 1921 521 1944 est
546 1927 552 1944 :
581 1924 607 1945 et
627 1919 697 1946 labia
725 1921 758 1948 ad
787 1922 951 1957 loquendum

158 1957 245 2003 aperit
259 1964 290 1984 ac
308 1959 450 1992 distendit,
462 1963 678 1996 etjnstificantes
694 1967 812 1994 rationes
828 1969 953 2003 aggredi-

159 2007 213 2029 tur.
235 2002 408 2040 Deamanms,
433 2008 533 2043 inquit,
551 2015 577 2037 et
595 2012 686 2039 cordis
704 2014 823 2047 patimur
845 2002 951 2042 inflatu-

158 2048 292 2077 mationes
311 2059 317 2077 :
333 2051 480 2080 dilatamur
495 2055 578 2083 corde
588 2062 614 2083 et
631 2058 792 2092 gaudemus,
811 2061 951 2095 amorique

156 2093 314 2122 subdimur.
332 2096 386 2125 Vos
398 2104 487 2127 autem
502 2101 575 2128 velut
590 2104 697 2138 angusti
715 2105 792 2133 estis.
812 2105 838 2132 Si
853 2093 950 2134 nos-in

156 2140 308 2171 visceribus
322 2146 419 2174 vestris
431 2149 619 2183 susceperitis,
636 2158 689 2177 non
708 2152 882 2179 continebitis
899 2161 949 2181 nos

155 2186 182 2213 in
200 2188 265 2222 ipsis
282 2199 289 2222 ;
314 2192 361 2218 sed
378 2200 466 2228 neque
484 2201 531 2221 vos
551 2195 686 2223 exhibetis
705 2201 834 2232 tanquam
856 2206 948 2226 remu-

155 2236 323 2263 nerationem
338 2238 476 2272 explentes
493 2247 554 2267 cum
575 2241 616 2268 his
635 2241 681 2275 qui
695 2249 823 2276 magnum
843 2245 945 2272 amoris

154 2278 279 2308 affectum
299 2290 362 2317 erga
379 2292 427 2310 vos
439 2285 572 2318 auspicati
587 2291 662 2318 sunt,
682 2288 728 2314 sed
743 2289 814 2321 quod
835 2290 945 2323 gravius

153 2329 205 2355 cst,
222 2327 426 2355 ineredulorum
443 2337 563 2357 antorem
576 2332 734 2366 praeponitis
749 2334 835 2360 atnm'i
851 2339 946 2363 nostro

153 2371 199 2404 qui
209 2379 257 2398 vos
268 2373 384 2406 amplius
398 2374 616 2411 diligimus.Ego
630 2380 805 2406 autemvobis
815 2385 944 2415 tanquam

156 2415 215 2443 [iliis
229 2417 300 2449 dico,
316 2419 411 2446 saltem
427 2421 502 2447 velut
518 2423 765 2453 remunerationem
780 2433 811 2452 ac
830 2426 947 2453 retribu—

154 2461 254 2489 tionem
275 2464 447 2497 exhibentes,
464 2465 616 2496 dilatemini
636 2474 662 2497 et
686 2479 733 2498 vos
759 2479 791 2498 ac
816 2472 946 2505 suscipite

153 2515 214 2539 nos,
227 2509 297 2536 sicut
316 2513 343 2536 et
360 2518 410 2538 nos
426 2513 600 2548 suscepimus
614 2523 662 2543 vos
677 2516 703 2543 in
724 2516 877 2544 visceribus
895 2525 946 2544 n0-

153 2552 237 2580 stris:
254 2560 286 2580 ac
298 2554 402 2590 diligite
412 2557 564 2586 eximeutcs
581 2567 628 2587 vos
643 2561 718 2595 ipsos
734 2565 760 2588 et
777 2565 902 2589 arcentes
914 2563 948 2589 ab

153 2604 247 2626 amore
259 2599 419 2634 infidelium,
432 2604 661 2636 quemadmodum
672 2607 832 2633 naturaliter
844 2607 948 2634 direm-

155 2647 198 2677 pta
214 2651 246 2671 ac
263 2651 389 2680 separata
406 2653 469 2676 sunt
484 2657 499 2676 ο
516 2658 545 2678 se
563 2651 679 2679 invicem
699 2652 767 2679 ﬁdes
783 2652 816 2679 ab
832 2652 947 2681 infideli-

154 2694 220 2722 tate,
234 2690 342 2724 justitia
358 2693 391 2720 ab
407 2694 552 2729 injustitia,
571 2697 615 2723 lux
637 2704 651 2722 a
671 2698 802 2730 tenebris,
819 2698 945 2727 Christus

154 2735 188 2761 ab
203 2735 379 2770 Antichristo,
397 2739 455 2774 ipse
469 2740 556 2769 fidelis
574 2743 607 2769 ab
625 2742 737 2775 infideli,
753 2745 881 2779 templum
896 2745 943 2773 Dei

154 2785 167 2801 ιι
197 2780 297 2814 templo
322 2782 469 2810 idolorum.
498 2785 527 2815 Si
550 2786 617 2813 estis
641 2795 705 2822 ergo
720 2788 845 2822 justitim,
861 2791 943 2825 lueis,

192 2868 214 2881 ⁵’¹
231 2867 249 2893 ΙΙ
267 2869 329 2897 (lor.
346 2879 392 2902 \ll,
411 2872 437 2897 4.

1010 1606 1051 1628 τις
1065 1599 1159 1634 ἀγαπᾷ
1170 1598 1320 1633 δισπύρως,
1332 1599 1357 1624 οἱ
1372 1599 1399 1625 δὲ
1408 1599 1458 1625 οὐκ
1472 1600 1666 1633 ἁνταγαπῶτιν
1683 1600 1799 1635 ὁμοίως,

1011 1643 1116 1669 πολλῶν
1130 1644 1323 1678 δικαιωμάτων
1340 1645 1470 1680 εὐπορίαν
1488 1645 1639 1680 παρέχουσι
1664 1646 1735 1680 προς
1748 1646 1800 1673 αῦ-

1008 1690 1072 1721 τοὺς
1083 1689 1121 1725 τῷ
1138 1691 1289 1724 ἀγαπῶντι.
1307 1700 1316 1716 ι
1327 1691 1455 1726 ’Δνὲι;›γε,
1469 1692 1559 1726 »φησι
1572 1692 1616 1726 Τῷ
1632 1691 1687 1727 γὰρ
1701 1692 1800 1727 πλήθει

1007 1737 1053 1762 καὶ
1064 1737 1097 1770 τῇ
1115 1736 1188 1771 ἰσχύϊ
1200 1737 1254 1763 τῶν
1265 1737 1470 1772 δικαιωμάτων,
1487 1737 1534 1764 καὶ
1548 1737 1627 1773 ἡμῶν
1643 1739 1726 1774 σιγᾷν
1739 1739 1800 1765 ἐθε-

1007 1781 1117 1814 λόντων,
1135 1782 1199 1808 αὐτὸ
1215 1783 1288 1817 ὅμως
1307 1783 1353 1810 ὑπ’
1364 1783 1455 1809 αὐτῶν
1467 1783 1571 1810 ἔνδοθεν
1589 1784 1799 1816 ἀναϐλυζόντων

1006 1828 1053 1854 καὶ
1060 1828 1278 1863 ὑπερπηδώντων
1285 1829 1387 1864 ἀνέῳγε
1393 1849 1399 1861 ,
1409 1830 1455 1856 καλ
1464 1830 1664 1857 ἀναπετάννυσι
1675 1831 1709 1857 τὰ
1720 1841 1749 1866 χε
1755 1832 1797 1866 ίλη

1005 1874 1074 1908 πρὸς
1090 1874 1120 1900 τὸ
1144 1874 1242 1908 λέγειν.
1262 1875 1314 1901 Καὶ
1325 1875 1418 1901 λοιπον
1435 1875 1548 1910 ἄρχεται
1569 1877 1624 1902 τῶν
1642 1876 1798 1911 δικαιωμά-

1004 1925 1067 1943 των.
1087 1917 1337 1952 Ὑπεραγαπῶμεν,
1350 1918 1442 1951 φησὶν,
1458 1918 1504 1944 καὶ
1515 1918 1675 1953 ὲγκαρδίους
1685 1920 1797 1954 ἔχομεν,

1004 1962 1051 1988 καὶ
1069 1962 1272 1997 πλατυνόμεθα,
1289 1963 1336 1989 καὶ
1355 1963 1485 1998 χαίρομεν
1509 1963 1626 1998 ἔχοντες.
1656 1966 1704 1991 καὶ
1721 1966 1797 1991 αὐτοὶ

1005 2007 1055 2041 τῆς
1067 2008 1177 2042 ἀγάπης
1190 2008 1340 2043 ἠρξάμεθα.
1357 2009 1453 2042 Ὑμεῖς
1469 2008 1498 2035 δὲ
1509 2008 1546 2039 ὡς
1570 2009 1795 2044 στενοχωρούμε-

1002 2061 1052 2078 νοι.
1068 2052 1129 2078 ‘an
1141 2052 1251 2087 δέξησθε
1266 2054 1338 2089 ἡμᾶς
1351 2054 1380 2079 ὲν
1394 2054 1450 2085 τοῖς
1462 2054 1626 2088 σπλάγχνοις
1639 2054 1729 2089 ὑμῶν,
1746 2055 1796 2081 οὐκ

1002 2097 1077 2132 ἔχετε
1092 2098 1165 2132 ἡμᾶς
1182 2099 1211 2124 ὲν
1228 2099 1328 2130 αὐτοῖς,
1342 2098 1398 2125 ἀλλ’
1411 2099 1464 2125 οὐδ’
1485 2099 1522 2130 ὡς
1540 2100 1715 2133 ἀντιμισθίαν
1727 2100 1795 2135 πλη-

1003 2141 1110 2176 ροῦντες
1125 2143 1192 2175 πρῖς
1217 2143 1279 2173 τοὺς
1300 2142 1493 2177 κατάρξαντος
1517 2143 1590 2177 ἡμᾶς
1609 2144 1659 2176 τῆς
1683 2145 1795 2179 ἀγάπης

1002 2189 1119 2223 στοργὴν
1135 2188 1334 2218 ἐπιδείκνυσθε,
1356 2188 1424 2215 ἀλλὰ
1435 2188 1480 2214 καὶ
1493 2189 1523 2215 τὸ
1544 2189 1707 2224 βαρύτερον,
1727 2191 1795 2224 μᾶ).-

963 2227 985 2255 D
998 2232 1043 2258 λον
1053 2232 1105 2258 τῶν
1118 2233 1240 2259 ἀπίστων
1253 2232 1268 2267 ἦ
1285 2233 1333 2267 τὴν
1345 2233 1422 2267 ἡμῶν
1438 2233 1549 2267 ἀγάπην
1577 2233 1632 2259 τῶν
1652 2235 1793 2270 ὑπεραγασ

1000 2279 1114 2305 πώνιων
1134 2279 1208 2314 ὑμᾶς
1235 2280 1410 2314 προκρίνετε.
1437 2279 1508 2313 Ἐγὼ
1526 2280 1554 2305 δὲ
1572 2280 1644 2314 λέγω
1664 2281 1732 2316 ὑμῖν
1756 2282 1793 2313 ὡς

998 2325 1117 2357 τέκνοις,
1127 2325 1178 2351 κᾶν
1190 2325 1227 2357 ὡς
1238 2325 1413 2360 ἀντιμισθίαν
1426 2326 1474 2352 καὶ
1486 2326 1651 2361 ἀντάμειψιν
1662 2328 1794 2362 πληροῦν-

998 2379 1055 2402 τες,
1071 2370 1258 2405 πλαντύνοητε
1284 2371 1331 2397 καὶ
1356 2372 1442 2403 αὐτοὶ,
1458 2372 1503 2398 καὶ
1529 2372 1642 2404 δέξασθε.
1662 2374 1738 2408 ἡμᾶς
1756 2374 1793 2406 ὡς

1000 2416 1079 2450 ἡμεῖς
1090 2416 1161 2450 ὑμᾶς
1179 2417 1207 2442 ὲν
1224 2418 1280 2448 τοῖς
1303 2417 1469 2452 σπλάγχνοις
1487 2417 1566 2453 ἡμῶν
1579 2438 1586 2451 ,
1611 2420 1658 2444 καὶ
1683 2420 1793 2455 ἀγαπή-

1000 2471 1063 2488 σατε
1078 2463 1129 2495 τῆς
1143 2462 1197 2488 τῶν
1211 2463 1333 2490 ἀπίστων
1350 2464 1469 2499 στοργῆς
1491 2465 1604 2497 ἑαυτοὺς
1618 2466 1791 2500 ἐξαιροῦντες

1000 2508 1047 2534 καὶ
1061 2507 1281 2543 διατειχίζοντες,
1311 2508 1402 2540 καθὼς
1418 2509 1489 2536 κατὰ
1509 2510 1588 2544 φύσιν
1600 2510 1728 2546 διέστηκε
1746 2511 1790 2537 καὶ

996 2553 1205 2589 διατετείχισται
1227 2554 1350 2589 ἀλλήλων
1372 2555 1388 2588 ἡ
1403 2555 1493 2585 πίστις
1509 2556 1556 2581 καὶ
1571 2555 1699 2584 ἀπιστία,
1720 2556 1736 2591 ὴ
1752 2556 1790 2582 δι-

996 2600 1127 2631 καιοσύνη
1154 2600 1200 2625 καὶ
1227 2600 1330 2631 ἀδικία,
1347 2600 1376 2627 τὸ
1397 2600 1455 2633 φῶς
1482 2600 1595 2626 ἀπὸτοῦ
1627 2601 1754 2632 σκότους,
1776 2602 1789 2626 ὁ

995 2645 1111 2680 Χριστὸς
1123 2645 1176 2672 ἀπὸ
1199 2645 1246 2671 τοῦ
1271 2645 1466 2680 Ἂντιχρίστου,
1484 2645 1566 2676 αὐτὸς
1580 2646 1593 2671 ὁ
1616 2646 1713 2677 πιστὸς
1736 2646 1787 2672 ἀπὸ

994 2691 1042 2717 τοῦ
1056 2692 1182 2724 ἀπίστου,
1202 2692 1216 2718 ὁ
1231 2691 1294 2723 ναὸς
1306 2691 1354 2717 τοῦ
1367 2691 1435 2717 Θεοῦ
1456 2691 1503 2718 καὶ
1528 2692 1542 2717 ὁ
1554 2691 1619 2723 ναὸς
1637 2692 1693 2718 τῶν
1713 2692 1786 2719 εἰδώ-

997 2735 1061 2762 λων.
1078 2736 1109 2762 Εί
1125 2734 1170 2762 οὖν
1194 2736 1244 2770 τῆς
1263 2735 1438 2771 δικαιοσύνης
1451 2735 1524 2768 ἐστὲ,
1540 2736 1587 2762 τοῦ
1604 2737 1706 2771 φωτὸς,
1738 2737 1782 2763 τοῦ

998 2783 1128 2817 Χριστοῦ,
1145 2783 1246 2815 πιστοὶ,
1265 2783 1328 2815 ναὸς
1353 2783 1432 2816 Θεοῦ,
1446 2783 1574 2819 διάστητε
1591 2784 1638 2811 καὶ
1652 2785 1785 2820 χωρὶσῡη-
