1872 3049
84 189 148 220 989

84 291 216 324 χρεστου.
238 289 298 314 Τῶν
309 289 364 323 γὰρ
376 287 498 314 ἀπίστων
512 288 571 313 ἐστὶ
583 287 681 320 ταῦτα,
693 288 740 314 καὶ
754 287 808 313 τῶν
834 296 881 313 κα-

85 335 324 362 τασκευασάντων
336 334 450 365 ἑαυτοὺς
465 334 545 365 ναοὺς
561 334 687 366 εἰδ‹ἶ›λ.ων,
702 330 738 359 ὧν
750 334 790 360 δεῖ
809 333 881 367 ὑμᾶς

87 381 260 417 κεχωρίσθαι
283 382 330 407 καὶ
340 381 548 416 ἀφωρισμένους
560 377 640 406 εἶναι.
655 380 722 406 Τότε
736 381 792 415 γὰρ
806 380 852 405 καὶ
868 380 882 405 ὁ

87 424 197 459 Κύριος
215 424 365 457 είσδὲξεται
382 425 466 459 ὑμᾶς,
487 425 534 451 καὶ
553 425 692 458 ἐνοικήσει
709 425 738 451 ἐν
752 425 815 459 ὑμῖν
836 425 882 450 καὶ

87 470 325 505 ἑμπεριπατήσει,
336 471 425 501 πάσας
436 470 608 497 κατευθύνων
616 470 664 502 τὰς
672 470 780 505 τρίϐους
791 471 838 497 καὶ
848 471 882 497 τὰ

87 514 338 549 διαδήματα.-“Η
351 515 398 541 καὶ
412 515 506 547 οὕτως
522 523 528 530 ·
541 524 550 539 ι
563 514 599 540 Τὸ
612 515 697 549 στόμα
708 515 783 549 ἡμῶν
795 515 881 549 ἀνέῳ-

87 568 170 594 γεν,›
184 560 244 586 ἀντὶ
258 560 306 587 τοῦ
321 560 445 595 ’Ἑτοιμοί
461 561 545 594 ἐσμεν
567 559 612 586 καὶ
635 559 882 594 παρεσκευάσμεθα

88 606 134 636 είς
144 606 175 632 τὸ
199 606 288 633 πάντα
313 605 449 632 διδάσκειν
474 605 545 640 ὑμᾶς
565 605 634 639 μετὰ
658 605 807 639 ἁπλότητος
835 605 882 631 καὶ

89 651 216 683 πλάτους
229 651 351 686 καρδίας.
364 651 410 677 Διδ
427 651 474 678 καὶ
494 651 572 685 ὑμεῖς
592 650 740 685 προθύμως
761 650 882 684 εἰσδέχε-

89 697 154 724 σθε.
176 707 185 723 ι
199 698 230 724 Ἡ
245 697 344 732 καρδία
360 696 440 732 ἡμῶν
455 696 670 723 maritimarum
687 696 818 730 Καθάπερ
831 696 883 731 γὰρ

87 743 122 769 τδ
136 743 238 778 Θερμὸν
254 742 379 778 εὐρύνειν
395 742 500 776 εἴωθεν,
520 742 592 769 οὕτω
606 743 652 769 καὶ
667 744 684 778 ἡ
706 743 812 777 ἀγάπη.

131 832 241 867 Θερμον
257 833 311 867 γάρ
324 841 350 858 τι
374 833 468 868 χρῆμα
484 833 500 866 ἡ
517 831 623 866 ἀγάπη,
635 832 674 863 ὡς
699 831 723 857 εἰ
735 829 811 856 εἶπεν
823 838 829 844 ·
845 831 883 856 Οὐ

92 878 178 912 μονον
195 879 320 913 στόματι,
330 878 398 905 ἀλλὰ
413 879 460 905 καὶ
472 878 571 913 καρδίᾳ.
586 876 665 911 φιλῶ,
683 877 790 908 πάντας
810 875 884 902 ἔνδον

85 924 160 964 ἔχω.
176 923 221 950 Διό
235 932 331 958 φησιν,
348 933 357 950 ι
376 924 413 950 Οὐ
443 923 652 958 στενοχωρεῖσθε
687 923 715 949 ὲν
741 923 815 956 ὑμῖν,
841 921 887 948 τοῦ

91 969 181 996 πόθου
199 969 359 1005 εύρύνοντος
377 969 460 996 αὑτοῦ
476 970 525 1003 τὴν
538 969 637 1004 ψυχήν.
657 978 665 994 ι
686 983 719 989 --
739 969 771 994 Ἤ
788 967 884 1002 καρδία

91 1015 175 1049 ἡμῶν
200 1015 386 1041 πεπλάτυνται
404 1015 446 1046 εἰς
474 1013 505 1040 τὸ
522 1014 611 1040 πάντα
640 1012 743 1044 διδάξαι
773 1012 855 1046 ὑμᾶς.
872 1021 881 1037 ι

97 1060 197 1094 ’Υμεῖς
211 1060 239 1086 δὲ
256 1060 468 1095 στενοχωρεῖσθε
484 1060 513 1086 ἔν
528 1060 584 1090 τοῖς
610 1058 774 1092 σπλάγχνοις
797 1056 883 1091 ὑμῶν,

91 1107 236 1134 τουτέστιν
249 1107 279 1133 ὲν
292 1109 324 1142 τῇ
354 1107 420 1142 πρὸς
446 1106 513 1133 Θεὸν
544 1106 648 1141 ἀγάπῃ,
678 1102 823 1140 ᾖὰγαπᾷν
851 1110 884 1137 με

91 1151 230 1186 ὀφείλετε,
255 1151 348 1183 Οὕτως
370 1153 383 1178 ὁ
404 1151 519 1187 Κλήμης
535 1152 564 1177 ὲν
586 1150 609 1177 δ’
635 1143 882 1177 ’Υποτυπώσὲων.

96 1207 106 1222 ι
127 1197 342 1233 Στενοχωρεῖσθε
355 1197 383 1224 δὲ
397 1198 424 1224 ἐν
439 1199 495 1229 τοῖς
511 1197 674 1231 σπλάγχνοις
687 1195 773 1230 ὑμῶν.
789 1204 798 1220 ι
815 1193 885 1227 Ἐγὼ

95 1243 160 1277 μὲν,
179 1243 272 1278 φησὶν,
292 1244 322 1270 ού
339 1243 559 1278 στενοχωροῦμαι
579 1242 684 1272 πάντας
709 1241 780 1276 ὑμᾶς
812 1239 886 1266 ἔνδον

93 1289 178 1325 ἔχων.
201 1289 299 1324 Ὑμεῖς
312 1289 349 1320 δὲ,
368 1290 461 1322 φησὶν,
488 1289 517 1314 ἐν
533 1288 572 1324 τῷ
599 1287 669 1322 ἔχειν
703 1295 736 1322 με
764 1287 793 1312 ὲν
829 1286 885 1317 τοῖς

95 1335 265 1369 σπλάγχνοις
286 1335 364 1369 ὑμῶν
393 1333 615 1369 στενοχωρεῖσθε.
648 1333 684 1359 UE;
702 1332 756 1368 γὰρ
773 1331 884 1366 ὁμοίως,

95 1381 177 1416 φησὶ,
195 1381 229 1416 μὲ
241 1381 376 1415 ἀγαπᾶτε.
392 1381 487 1415 Ἔχετε
510 1380 569 1414 μὲν,
584 1379 653 1414 πλὴν
664 1376 884 1413 στενοχωρεῖσθε.

95 1427 168 1460 Φησὶ
186 1427 239 1461 γὰρ
264 1426 350 1458 κάτω,
369 1436 378 1452 ι
410 1427 440 1452 Εἰ
466 1426 513 1452 καὶ
548 1426 740 1460 περισσότερον
772 1423 885 1457 ἀγαπῶ,

94 1469 180 1506 ἧττον
193 1472 354 1506 ἀγαπῶμαι.
368 1481 377 1496 ι
391 1471 446 1505 Τὴν
461 1471 488 1497 δὲ
506 1470 589 1506 αύτὴν
603 1469 792 1505 ἀντιμισθίαν,
811 1477 887 1494 τουτ-

98 1518 188 1550 ἐστιν,
217 1518 335 1553 ἀμοιῧὴν
348 1518 393 1544 καὶ
415 1518 524 1551 ἰσότητα
539 1517 588 1552 τῆς
603 1515 886 1550 φιλίας,εἰσενὲγκατε

95 1561 136 1592 ὼς
152 1561 234 1588 τέκνα
253 1562 299 1588 καὶ
313 1561 481 1596 πλατύνθητε
499 1563 545 1588 καὶ
563 1562 640 1596 ὑμεῖς
660 1561 698 1592 ὡς
724 1560 814 1594 κάγώ,
831 1560 887 1586 Καὶ

96 1609 155 1642 γὰρ
176 1607 286 1643 αἰσχρὸν
305 1609 371 1643 ἐμοῦ
389 1609 494 1639 πάντας
527 1608 599 1642 ὑμᾶς
619 1607 695 1634 ἔνδον
728 1607 886 1641 δεξαμένου,
901 1597 922 1626 c

98 1654 174 1687 ὑμᾶς
190 1654 295 1686 πάντας
313 1654 361 1681 ἕνα
381 1654 418 1689 μὴ
433 1654 572 1686 δέξασθαι.
589 1668 623 1674 --
641 1653 757 1684 ΙἌλλως.
788 1651 887 1688 [ΦΩΤ.]

101 1709 110 1725 α
135 1701 193 1735 Τὴν
205 1701 233 1726 δὲ
248 1701 332 1736 αὐτὴν
343 1701 519 1735 ἀντιμισθίαν
530 1701 568 1732 ὡς
576 1700 682 1731 τέκνοις
694 1700 775 1733 λέγω.
794 1709 803 1725 ι
819 1698 888 1725 Κατ’

98 1745 219 1780 ἔλλειψιν
229 1746 345 1782 εἴρηται.
369 1746 465 1772 Λείπει
479 1746 533 1780 γὰρ
547 1745 575 1780 ἢ,
592 1745 762 1778 ἐπιδείξασθε,
789 1744 817 1780 ἦ,
831 1745 890 1770 εἰσ-

99 1794 243 1825 ενέγκατε.
263 1791 380 1818 Δύναται
412 1791 581 1826 ὲκληφθῆναι
611 1792 658 1818 καὶ
690 1790 774 1825 χωρὶς
803 1789 890 1816 ὲλλεί-

98 1837 185 1871 ψεως,
202 1834 273 1873 ἵναῇ
294 1837 428 1871 παρέλκον
447 1837 488 1870 τὸ,
504 1836 547 1864 δέ.
566 1836 653 1870 Πολλὴ
683 1836 711 1862 δέ
732 1837 790 1862 ἑστι
814 1834 890 1870 παρὰ

100 1883 140 1918 τῷ
157 1882 295 1917 θεσπεσίῳ
314 1882 413 1917 Παύλῳ
436 1883 452 1917 ὴ
492 1882 616 1917 παρολκὴ
635 1881 691 1908 τῶν
721 1881 889 1915 συνδέσμων,

101 1928 197 1962 ὥσπερ
214 1928 288 1962 καὶὴ
306 1927 434 1962 ἔλλειψις.
448 1927 496 1963 Εῖη
514 1927 536 1954 δ’
553 1927 585 1953 ἂν
598 1927 670 1953 κατὰ
691 1925 830 1961 παρολκὴν
844 1925 890 1952 τοῦ

103 1975 258 2009 συνδέσμου
270 1975 300 2001 τὸ
314 1974 395 2010 ῥητὸν
409 1973 659 2009 ὲκλαμῦανόμενον,
683 1972 810 2006 τοιαύτην
833 1971 893 1998 διάς

100 2030 177 2047 νοιαν
196 2021 344 2054 παριστῶν,
363 2030 372 2046 ι
387 2019 600 2055 Στενοχωρεῖσθε
614 2020 643 2046 ὲν
658 2020 714 2050 τοῖς
729 2018 893 2053 σπλάγχνοις

105 2067 196 2101 ὑμῶν,
212 2076 221 2092 ›
238 2066 294 2093 Καὶ
308 2067 368 2092 τότε
381 2067 419 2097 είς
435 2066 479 2098 τίς
494 2066 533 2096 εἰς
550 2065 598 2099 τὴν
614 2065 700 2097 αὐτὴν
710 2063 891 2098 ἀντιμισθίαν.

104 2113 216 2139 ’Λδικον
231 2112 259 2138 δὲ
273 2112 301 2138 τὸ
317 2113 356 2142 εἰς
373 2111 422 2146 τὴν
432 2111 518 2146 αὐτὴν
535 2109 706 2145 ἀντιμισθίαν
721 2110 895 2144 στενοχωρεῖ-

104 2160 178 2190 σθαι,
197 2158 238 2184 διὸ
247 2158 285 2189 ὡς
298 2158 403 2189 τέκνοις
420 2157 503 2190 λέγω.
520 2157 580 2183 Ἔτι
604 2156 657 2190 γὰρ
672 2155 709 2186 ὡς
728 2155 830 2181 τέκνων
845 2155 894 2189 τὴν

103 2205 216 2239 ἀγάπην
227 2203 358 2239 ἐπιζητῶ.
369 2203 540 2237 Πλατύνθητε
555 2202 603 2228 καὶ
616 2202 694 2235 ὑμεῖς
703 2202 742 2232 είς
751 2200 799 2235 τὴν
812 2200 895 2234 αὐτὴν

541 186 735 217 COMMENT.
759 187 796 216 [Ν
814 186 975 217 EPIST.II
991 187 1040 217 AD
1060 187 1240 218 CORINTH.

84 253 121 270 τε
132 243 188 271 ἀπὶ)
199 243 246 270 τοῦ
262 243 384 275 σκότους,
397 242 451 269 ἀπὸ
464 241 512 277 τῆς
526 242 642 274 ἀδικίας,
659 242 713 268 ἀπὸ
728 242 775 268 τοῦ
794 243 847 269 Ἀνι

971 241 1049 273 tristi,
1065 242 1131 269 estis
1155 241 1258 274 ﬁdeles,
1271 246 1297 269 et
1313 242 1442 276 templum
1461 241 1519 275 Dei,
1539 243 1722 277 sejungamini

1665 191 1716 222 9‘3")

932 295 964 314 ac
973 288 1138 323 separetnini
1147 295 1161 313 ιι
1170 287 1299 319 tenebris,
1309 287 1496 321 abjnjustitia,
1505 289 1538 314 ab
1544 288 1721 315 Antichristo.

931 333 994 360 [Iure
1016 334 1088 360 enim
1115 333 1266 360 inﬁdel'ntm
1293 337 1355 360 suttt
1378 336 1404 359 et
1423 340 1517 360 eorum
1539 335 1585 368 qui
1612 334 1719 368 seipsos

932 383 1121 414 praeparatum
1149 379 1175 406 in
1204 379 1302 413 templa
1325 379 1484 411 idolorum,
1511 387 1525 406 ιι
1549 379 1649 414 quibus
1676 388 1723 409 vos

932 426 1083 461 diremptos
1108 433 1139 453 ac
1163 429 1307 460 separatos
1330 433 1392 452 esse
1419 429 1536 460 oportet.
1562 425 1629 452 Nam
1658 432 1721 453 tltllt‘

934 472 1065 499 Dominus
1081 479 1189 506 quoque
1205 471 1335 505 suscipiet
1349 479 1397 498 vos
1415 475 1442 498 et
1456 471 1620 497 inhabitabit
1634 471 1660 498 in
1677 479 1724 498 ro—

931 517 973 544 bis
990 525 1019 544 ac
1029 517 1219 549 inamlmlahit,
1233 522 1322 544 rectas
1339 516 1441 545 faciens
1454 524 1549 544 omnes
1562 517 1675 544 semitas
1691 524 1722 544 ac

933 562 1027 589 colles.
1038 577 1074 582 ——-
1088 563 1139 588 Aut
1155 562 1202 588 hoc
1219 562 1298 588 etiam
1313 562 1388 588 modo
1403 570 1412 589 :
1428 571 1436 588 ι
1450 562 1486 590 Os
1502 567 1626 590 nostrum
1643 570 1723 596 aper-

933 612 990 635 tmn
1004 613 1056 635 est.
1076 618 1084 633 ι
1104 608 1184 644 645
1201 607 1256 634 [Ioc
1269 612 1320 640 est,
1338 609 1424 642 parati
1441 617 1535 637 sumus
1548 617 1580 636 ac
1597 610 1721 636 instructi

934 657 963 681 ut
984 661 1032 680 vos
1052 655 1143 680 omnia
1166 653 1314 681 doceamus
1338 661 1400 680 cutn
1424 654 1601 689 sitnplicitate
1623 658 1650 680 et
1668 655 1724 680 lato

933 699 1036 726 enrde:
1062 698 1122 725 ideo
1142 706 1190 725 vos
1212 706 1322 732 quoque
1349 705 1472 733 prompte
1495 707 1544 727 nos
1577 700 1724 728 admittite.

937 753 945 769 ι
975 744 1028 771 Cor
1058 747 1182 771 nostrum
1209 743 1350 770 dilatatum
1377 748 1429 771 est.
1449 753 1458 769 ι
1489 744 1722 776 Quemadmodum

935 790 1006 816 enim
1023 789 1098 816 calor
1111 789 1226 816 dilatare
1242 788 1321 821 solet,
1340 789 1375 815 ita
1391 793 1417 816 et
1435 796 1520 815 amor.

971 834 1109 868 Siquidm"
1141 834 1244 861 fervida
1258 833 1381 868 quredam
1412 841 1456 862 res
1473 841 1550 860 amor
1565 838 1618 866 est,
1636 841 1668 861 ac
1697 832 1719 861 si

936 880 1041 907 diceret
1057 889 1063 906 :
1077 879 1135 907 Non
1151 880 1238 906 solum
1257 887 1314 911 ore,
1330 879 1378 906 sed
1391 884 1416 906 et
1426 879 1508 906 corde
1527 879 1620 914 diligo,
1628 886 1722 907 omne:

903 917 925 946 Β
941 928 1014 954 intus
1035 926 1230 960 complectens,
1256 925 1317 952 ideo
1330 926 1388 952 ait:
1407 934 1415 950 ι
1433 925 1472 952 Nc
1494 924 1556 952 sitis
1573 925 1681 959 angusti
1698 924 1724 951 in

937 973 1025 1006 vobis,
1042 972 1178 999 desiderio
1191 972 1310 998 animum
1329 979 1408 997 suum
1422 971 1564 998 dilatantc.
1589 980 1650 996 i—c
1671 971 1725 998 Cor

938 1022 1063 1045 nostrutn
1080 1017 1222 1044 dilatatum
1237 1021 1288 1043 est.
1307 1025 1315 1041 ι
1334 1015 1367 1042 Ut
1385 1024 1434 1042 vos
1449 1016 1540 1043 otnnia
1550 1016 1725 1044 docerentus:

942 1065 989 1092 sed
1001 1072 1050 1091 vos
1070 1063 1178 1098 angusti
1190 1062 1257 1090 estis
1272 1062 1298 1088 in
1316 1062 1466 1089 visceribus
1482 1063 1593 1093 vestris,
1608 1062 1660 1088 hoc
1672 1065 1726 1095 est,

939 1110 965 1137 in
979 1110 1124 1137 dilectione
1139 1116 1202 1144 erga
1220 1108 1302 1134 Deum
1318 1114 1368 1142 qua
1399 1115 1441 1133 me
1474 1107 1587 1142 diligere
1608 1107 1726 1135 debetis.

940 1156 979 1182 lta
1001 1155 1083 1181 habet
1112 1154 1237 1181 Clemens
1267 1158 1365 1186 quarto
1390 1151 1619 1184 Infarnmrionum
1645 1151 1724 1178 libro.

943 1209 952 1225 (
972 1199 1024 1226 Sed
1044 1199 1152 1234 angusti
1185 1198 1252 1225 estis
1273 1198 1299 1224 in
1318 1197 1471 1224 visceribus
1497 1197 1606 1224 vestris.
1629 1206 1637 1220 ι
1670 1195 1727 1230 Εεο

939 1244 1049 1280 quidem
1064 1247 1198 1278 angustus
1213 1251 1267 1270 non
1287 1251 1357 1274 sum,
1375 1242 1474 1277 inquit,
1495 1250 1556 1269 cum
1569 1249 1616 1269 vos
1628 1249 1725 1268 omnes

940 1290 1015 1317 intus
1042 1289 1155 1316 habeam
1176 1297 1183 1314 :
1200 1296 1250 1316 vos
1266 1292 1354 1314 atttem
1376 1295 1437 1314 cutn
1452 1294 1494 1313 tne
1506 1287 1627 1314 habeatis
1645 1286 1674 1313 in
1686 1286 1726 1312 ri-

940 1336 1064 1364 sceribus
1084 1335 1192 1366 vestris,
1217 1333 1325 1369 angusti
1353 1333 1419 1360 estis
1443 1342 1451 1360 :
1476 1340 1564 1367 neque
1589 1333 1660 1359 enitn
1685 1339 1729 1359 me

940 1385 1067 1413 similiter
1084 1381 1329 1418 diligitileabclis
1345 1379 1454 1415 quidem
1471 1387 1524 1412 me,
1540 1384 1728 1405 verumtamen

940 1430 1047 1465 angusti
1063 1429 1139 1457 estis.
1160 1429 1201 1455 Ait
1214 1428 1285 1455 enim
1305 1428 1330 1453 in
1348 1425 1529 1460 sequentibus
1547 1432 1554 1451 :
1569 1424 1644 1451 Licet
1664 1423 1731 1451 ube-

941 1478 998 1504 rius
1023 1484 1070 1503 vos
1087 1475 1202 1510 diligens
1215 1475 1306 1501 minus
1316 1473 1410 1506 diligat
1435 1472 1469 1499 “.
1491 1471 1619 1498 Eamdem
1637 1474 1728 1497 autem

940 1521 1201 1552 remunerationem,
1212 1520 1264 1546 hoc
1279 1523 1329 1550 est.
1346 1518 1536 1553 repensionem
1548 1522 1575 1544 et
1590 1516 1731 1551 :equalita-

942 1571 995 1596 tem
1013 1566 1114 1594 amoris
1129 1565 1224 1592 aﬁ'crtc
1239 1569 1371 1598 tanquam
1386 1563 1434 1589 lllii
1454 1566 1460 1589 1
1477 1570 1508 1589 ac
1527 1560 1681 1588 dilatetnini
1702 1564 1729 1587 et

939 1621 988 1641 vos
997 1614 1068 1640 sicut
1089 1619 1150 1647 ego.
1164 1610 1255 1645 Turpe
1268 1609 1400 1644 siquidem
1415 1613 1467 1641 est,
1486 1615 1548 1635 cum
1565 1614 1615 1641 ego
1633 1614 1730 1634 omnes

939 1667 989 1687 vos
1002 1659 1077 1685 intus
1090 1657 1255 1691 exceperim,
1271 1662 1366 1682 omnes
1376 1661 1423 1681 vos
1438 1653 1489 1680 mei
1501 1653 1582 1680 unius
1597 1660 1650 1679 non
1663 1658 1726 1679 esse

940 1712 1064 1740 capaces.
1087 1718 1122 1728 —-—
1137 1703 1196 1729 Alio
1216 1702 1303 1728 modo.
1321 1710 1330 1726 ι
1351 1699 1479 1727 Eamdem
1493 1703 1582 1725 autem
1597 1704 1726 1724 remune-

939 1753 1085 1783 rationem,
1103 1753 1131 1776 ut
1146 1749 1210 1776 ﬁliis
1220 1749 1291 1775 dico.
1317 1757 1325 1773 ι
1343 1747 1395 1774 Per
1408 1745 1545 1772 defectum
1562 1744 1665 1770 dictum
1679 1747 1730 1774 est,

940 1798 1018 1825 deest
1032 1797 1117 1828 enim,
1132 1795 1278 1829 Suscipite,
1296 1797 1354 1826 aut,
1387 1791 1498 1819 At‘l‘erte.
1516 1790 1608 1817 Potest
1624 1795 1732 1823 quoque

941 1843 1054 1878 intelligi
1071 1843 1129 1870 sine
1145 1841 1264 1872 deiectu,
1284 1839 1363 1869 ιιιδὲ,
1382 1838 1408 1864 id
1428 1842 1479 1869 est,
1503 1840 1605 1865 autem.
1632 1835 1667 1861 sit
1686 1841 1732 1868 pa-

941 1891 1033 1917 relcon
1049 1893 1074 1915 et
1093 1887 1223 1914 abundet.
1241 1886 1288 1912 Est
1301 1887 1391 1911 autem
1416 1883 1546 1916 frequens
1568 1881 1640 1915 apud
1660 1879 1732 1905 Pan-

943 1936 997 1962 lnm
1016 1940 1238 1968 supervacaneus
1251 1929 1475 1964 eonjunclionum
1498 1931 1585 1954 Usus:
1601 1923 1732 1960 quemad-

943 1979 1052 2006 modum
1080 1977 1162 2004 etiam
1187 1975 1320 2002 delectus.
1346 1972 1424 2005 Quod
1454 1978 1518 2005 ergo
1540 1969 1642 1996 dictum
1667 1972 1732 2000 est,

944 2028 1035 2060 potest
1063 2031 1110 2059 per
1137 2020 1331 2049 abundantiam
1344 2015 1546 2052 coniunctionis
1576 2011 1734 2048 ltnjusmodi

945 2059 1108 2098 sententiam
1126 2067 1256 2095 exhibere
1273 2074 1279 2095 :
1299 2074 1307 2090 ι
1319 2063 1433 2098 Angusti
1448 2062 1514 2090 estis
1542 2061 1568 2087 in
1584 2059 1735 2086 visceribus

945 2116 1055 2146 vestris,
1073 2124 1081 2140 ι
1096 2119 1122 2141 et
1135 2113 1185 2140 hoc
1205 2111 1238 2138 ad
1257 2109 1343 2145 quid?
1374 2108 1407 2135 ad
1424 2108 1509 2142 ipsam
1536 2103 1736 2132 remuneratio-

946 2170 1018 2190 nem.
1033 2161 1158 2194 lniquum
1184 2163 1225 2185 est
1245 2160 1335 2183 autem
1356 2154 1389 2181 ad
1420 2150 1667 2180 remunerationem
1686 2155 1733 2174 an-

947 2208 1056 2239 gustum
1069 2190 1140 2229 esse.
1159 2200 1223 2226 ideo
1245 2203 1373 2232 tanquam
1392 2195 1454 2222 ﬁliis
1479 2194 1560 2225 dico;
1586 2190 1735 2239 quinetiam

104 2233 291 2286 ἀντιμισθίαν,
301 2233 350 2276 καὶ
360 2233 520 2282 ἀγαπήσατε
531 2248 614 2282 ἡμᾶς,
625 2233 713 2277 tit;an
724 2233 804 2280 ἡμεῖς
815 2245 847 2279 ὀμ

971 2251 1069 2277 liorutn
1086 2253 1207 2273 amorem
1231 2243 1354 2278 requiro.
1383 2238 1539 2267 Dilatemini
1576 2239 1602 2263 et
1626 2242 1676 2261 vos
1703 2233 1735 2259 ad

1259 2289 1264 2291 ⁸
1404 2289 1408 2291 λ
1507 2289 1511 2291 -
1550 2289 1594 2291 ημ-
1623 2280 1689 2291 ..ἔκη’
1712 2282 1735 2291 ..ι

107 2306 117 2323 t
142 2298 185 2329 Ὧς
197 2297 302 2328 τέκνοις
314 2296 394 2329 λέγω.
417 2305 426 2320 ι
446 2292 512 2322 Εἶτα
525 2294 644 2320 δείκνυσι
657 2292 704 2319 καὶ
718 2290 896 2325 ὀφειλομένην

105 2345 155 2380 τὴν
179 2342 303 2377 ἀγάπην·
321 2341 424 2376 ὀφείλει
443 2340 496 2374 γὰρ
511 2340 545 2366 τὰ
576 2339 657 2365 τέκνα
683 2339 738 2369 τοῖς
767 2336 899 2371 πατράσι.

110 2398 118 2414 t
135 2389 182 2423 Μὴ
192 2388 299 2422 γίνεσθε
313 2385 548 2421 ἑτεροζυγοῦντες.
557 2394 565 2410 ι
577 2383 643 2411 Εἶτα
660 2384 700 2410 ἵνα
713 2383 750 2418 μὴ
763 2382 896 2417 νομίσωσι

107 2434 203 2461 ἑαυτὸν
214 2433 325 2469 χρῄζειν
334 2433 383 2468 τῆς
394 2432 504 2466 ἀγάπης
519 2431 619 2462 αὐτῶν,
633 2430 753 2456 δείκνυσι
764 2428 808 2455 διὰ
817 2428 847 2454 τὸ
862 2426 896 2453 δι’

107 2481 197 2508 αὐτῶν
214 2480 353 2515 συμφέρον
379 2478 518 2513 ἐπιζητεῖν
548 2476 719 2510 ἀγαπᾶσθαι.
738 2474 807 2509 Φησὶ
830 2473 894 2508 γάρ’

108 2527 194 2554 Τοῦτό
207 2527 266 2553 ἐστι
275 2526 305 2553 τὸ
319 2525 430 2560 ἀγαπᾷν
443 2533 488 2560 με,
503 2523 533 2550 τὺ
549 2523 585 2558 μὴ
598 2522 746 2548 ὲπικλίνειν
755 2521 822 2556 πρὸς
834 2521 898 2551 τοὺς

110 2574 251 2605 ἀπίστους,
261 2573 308 2600 καὶ
328 2569 578 2606 συναναμίγνυσθαι
590 2569 692 2601 αὐτοῖς,
711 2569 758 2594 καὶ
772 2566 896 2601 διαφθεί-

113 2620 208 2656 ρεσθαι
234 2619 278 2646 ὑπ’
299 2619 400 2646 αὐτῶν.
420 2616 487 2644 Ἀπὸ
506 2615 663 2651 μεταφορᾶς
685 2613 714 2640 δὲ
749 2613 802 2639 τῶν
829 2612 898 2638 πλα-

110 2665 229 2699 στίγγων
236 2664 282 2691 τοῦ
295 2663 394 2699 ζυγοῦ,
402 2663 458 2696 τὺ,‹
469 2660 701 2697 ἑτεροζυγοῦντες.
710 2668 770 2684 ι-ι
788 2658 835 2690 Τίς
845 2658 898 2692 γὰρ

112 2712 213 2748 μετοχὴ
223 2711 380 2747 δικαιοσύνῃ
401 2710 448 2736 καὶ
461 2709 577 2744 ἀνομίᾳ;
601 2717 610 2733 ι
635 2706 708 2734 Ἀντὶ
727 2704 782 2731 τῶν
817 2712 901 2739 προσ-

111 2758 205 2791 ώπων,
226 2756 296 2783 αὐτὰ
305 2756 411 2783 τέθεικε
427 2755 462 2782 τὰ
470 2755 631 2790 πράγματα.
643 2754 701 2786 Τίς,
710 2751 786 2786 φησι,
803 2759 899 2776 κοινω-

111 2803 165 2835 νία,
182 2803 247 2838 ὑμῖν
258 2802 306 2830 καὶ
321 2803 378 2833 τοῖς
403 2801 554 2833 ἁπίστοις;
588 2799 683 2835 ὥσπερ
711 2797 772 2825 οὐδὲ
797 2797 901 2824 δικαιο-

149 2891 170 2907 ¹¹
192 2890 275 2923 Inl'ra,
291 2898 341 2923 xtl,
356 2890 382 2917 6.

950 2294 1073 2323 eamdem
1100 2289 1361 2319 remunerationem.
1384 2289 1412 2314 et
1442 2289 1530 2311 amate
1549 2289 1599 2309 nos
1622 2280 1691 2307 sicut
1710 2282 1738 2305 et

950 2346 1001 2366 nos
1015 2343 1140 2365 amamus
1155 2341 1214 2361 vos.
1239 2342 1248 2357 ί
1262 2331 1295 2359 Ut
1323 2330 1386 2358 ﬁliis
1413 2329 1486 2355 dico.
1507 2336 1516 2352 ι
1533 2325 1634 2352 Deinde
1645 2326 1738 2350 osten-

949 2385 989 2411 dit
1009 2387 1119 2417 quoque
1146 2378 1267 2406 debitum
1299 2382 1360 2403 esse
1389 2380 1521 2400 amorem.
1550 2370 1617 2397 Nam
1639 2368 1738 2395 debent

948 2430 975 2458 id
993 2415 1040 2456 ﬁlii
1068 2425 1237 2463 parentibus.
1260 2432 1269 2448 ι
1289 2421 1327 2448 Nc
1356 2418 1509 2447 declinetis.
1530 2426 1538 2443 ι
1565 2415 1676 2442 Demum
1704 2420 1738 2439 ne

952 2460 1101 2511 opinentur
1114 2471 1187 2507 quod
1202 2472 1315 2506 propter
1348 2467 1468 2500 seipsun)
1498 2466 1605 2497 expetat
1625 2460 1736 2511 illorum

953 2506 1085 2552 ainorem,
1115 2506 1234 2546 ostendit
1261 2522 1290 2542 se
1310 2518 1422 2548 propter
1445 2511 1566 2545 ipsorum
1593 2506 1738 2552 utilitatem

950 2567 1020 2595 velle
1046 2548 1140 2599 diligi;
1157 2562 1195 2590 ait
1224 2560 1295 2588 cnim
1322 2558 1407 2585 :lloc
1435 2560 1477 2583 est
1505 2554 1619 2594 diligere
1648 2548 1739 2598 nte-si

954 2620 1008 2639 non
1025 2597 1169 2638 declinetis
1186 2606 1217 2633 ad
1245 2603 1416 2633 incredulos,
1435 2607 1485 2628 nec
1507 2597 1740 2639 commisccamtnt

1029 2637 1094 2686 illis,
1110 2652 1192 2689 646
1211 2655 1259 2678 aut
1279 2650 1314 2677 ab
1343 2649 1398 2676 illis
1410 2637 1741 2689 eorrumpatnini..l)ictio

954 2708 1001 2731 aut
1016 2685 1239 2737 ἑτεροζυγοῦντες
1269 2699 1377 2729 sumpta
1405 2697 1447 2719 est
1472 2699 1485 2717 a
1507 2687 1600 2737 ζυγοῦ,
1624 2685 1653 2736 id
1680 2687 1740 2715 est,

954 2731 1107 2784 teqttilib'rio
1121 2731 1211 2772 lancis
1242 2748 1288 2769 aut
1313 2739 1434 2767 trutinae.
1452 2746 1461 2762 ι
1483 2733 1562 2784 Quod
1588 2731 1659 2758 enint
1676 2735 1743 2756 cun-

955 2780 1069 2824 Snitium
1086 2791 1195 2826 iustitia:
1207 2796 1268 2816 eum
1289 2784 1458 2820 iniquitate?
1478 2791 1487 2807 ›
1522 2780 1594 2807 Loco
1612 2781 1743 2813 persona-
