1872 3049
63 125 121 156 93⁷1

522 121 713 152 COMMENT.
729 121 767 150 IN
789 119 906 150 EPIST.
926 121 952 150 11
974 120 1026 150 ΑΙ)
1044 120 1222 151 CORINTII.

1648 119 1700 153 998

62 182 104 208 Οὐ
116 181 204 214 λέγει,
216 177 286 214 Παρ¹
304 177 390 213 ὑμῶν,
406 176 476 210 ἀλλ’,
494 185 502 202 ι
527 177 584 211 Ἐφ’
606 177 681 211 ὑμῖν.
699 185 708 202 ι
739 175 800 202 Ἐπὶ

958 175 1009 203 ldat
1026 175 1081 202 illis
1095 175 1208 202 Titum?
1233 174 1283 202 Hic
1303 174 1337 202 ad
1351 181 1399 202 cos
1416 174 1517 203 missus
1533 175 1622 204 fuerat
1636 185 1697 206 cum

62 228 80 253 ὕ
86 227 146 262 μῶν
170 226 237 260 γὰρ,
255 225 332 260 φησὶ,
351 223 485 260 μεταϐολῇ
502 223 551 259 τὴν
566 223 740 257 παράκλησιν
770 222 857 258 ἔσχεν.

65 282 75 298 ε
101 271 292 305 ’Λναγγὲλλων
308 271 375 304 ἡμῖν
392 269 441 305 τὴν
454 268 530 304 ὑμῶν
546 269 720 303 ἐπιπόθησιν,
733 266 798 294 Εἶτα
813 268 860 294 καὶ

61 316 150 352 αὐτὴν
173 315 220 350 τὴν
232 314 406 349 παράκλησιν
421 313 506 347 λέγει,
524 322 532 338 ι
542 312 668 348 Εὕφρανε
686 311 751 347 γὰρ,
765 311 858 346 φησὶν,

62 363 154 397 ἡμᾶς,
169 360 349 395 ἀναγγέλλων
364 360 431 395 ἡμῖν
456 358 505 393 ¹τὴν
526 358 602 393 ὑμῶν
619 357 792 392 ἐπιπόθησιν,
807 358 858 388 ὃτι,

63 409 162 444 φησὶν,
180 406 303 433 ἐποθεῐτέ
317 415 351 441 με
365 406 439 432 ἰδεῖν.
458 413 468 430 ι
485 405 537 431 Τὸν
554 404 630 439 ὑμῶν
643 403 772 439 ὀδυρμόν.
785 402 860 430 »Οὐκ

63 453 229 489 ἑδακρύετε,
246 452 340 486 φησὶν,
357 450 560 485 ἀλλ’ὼδύρεσθε
572 449 620 476 ἐπὶ
648 450 681 484 τῇ
703 449 859 484 ἐπιτιμήσει

64 509 119 534 μου
137 501 169 534 τῇ
183 500 211 525 ἐν
224 500 256 533 τῇ
275 497 370 532 πρώτῃ
384 497 527 531 ἐπιστολῇ.
545 505 554 522 ι
573 496 625 522 Τὸν
645 495 724 530 ὑμῶν
738 495 819 530 ζῆλον
847 505 856 521 ι

62 546 123 571 Οὔκ
145 543 221 570 εἶπεν
230 543 327 578 ὀργὴν,
345 542 402 569 ἀλλ’
417 542 430 568 5
445 541 526 568 πλέον
541 538 586 576 ἧν,
604 540 694 575 ζῆλον,
721 539 813 574 φησιν.
829 539 859 566 ὃν

61 589 222 625 ὠργίσθητε
233 588 272 623 τῷ
295 587 509 622 πεπορνευκότι,
534 587 582 613 καὶ
603 586 659 616 τοῖς
685 585 859 620 διασύρουσιν

61 637 140 671 ἡμᾶς
152 634 393 669 ψευδαποστόλοις.
411 642 419 658 ι
436 632 520 658 ’Ὥστε
538 640 571 666 με
584 630 686 666 μᾶλλον
697 628 824 666 χαρῆναι.
846 639 855 656 ι

61 683 123 708 Οὐκ
135 681 304 715 ἐλυπούμην,
322 679 416 714 φησιν,
431 679 475 705 διὰ
489 679 538 709 τὰς
550 678 702 714 εἰρημένας
727 685 779 712 μου
804 676 859 702 θλί-

60 729 138 762 ψεις.
154 742 188 748 -
200 728 329 758 Ἄλλως.
345 725 444 761 [ΦΩΤ.]
456 725 535 756 Τίνος
552 724 652 759 μᾶλλον
669 723 785 759 χαρῆναι
802 731 809 756 ;
824 723 858 748 Ἦ

60 776 114 810 τῆς
131 774 220 808 λύπης
231 774 330 808 μᾶλλον
346 774 474 807 χαρῆναι,
487 772 519 807 ἣν
535 771 655 806 ὑπέστην
673 771 701 796 ἐν
713 771 768 802 τοῖς
784 769 858 805 εἰρη-

63 823 159 857 μένοις
171 821 335 856 πειρασμοῖς
351 819 397 846 καὶ
418 817 622 854 στενοχωρίαις.
644 817 680 844 Ἣ
698 817 748 852 τῆς
769 816 857 850 λύπης

912 221 1003 256 priore
1027 221 1156 256 epistola.
1178 230 1186 246 ι
1209 219 1434 248 Consolationem
1459 227 1542 255 quam
1558 221 1603 248 ille
1619 229 1700 250 acce-

912 268 951 302 pit
976 267 1010 295 de
1025 267 1114 295 vobis.
1134 276 1143 293 ι
1163 267 1222 295 Non
1238 266 1315 299 dicit,
1340 273 1355 293 a
1370 266 1457 298 vobis,
1473 267 1521 294 sed
1539 275 1546 293 :
1568 276 1578 293 ι
1601 267 1639 294 De
1652 275 1700 295 vo-

910 313 974 346 bis;
1000 323 1009 340 ›
1027 313 1060 340 de
1073 317 1175 345 vestra,
1191 313 1291 348 inquit,
1315 313 1508 340 immutatione
1532 314 1700 342 consolatio-

911 366 972 386 nem
1001 359 1107 385 habuit.
1136 359 1228 386 «Cum
1261 359 1437 386 annuntiaret
1470 359 1551 386 nobis
1577 365 1699 387 vestrum

911 404 1091 432 desiderium.
1102 420 1138 425 —
1153 414 1162 430 ι
1182 404 1287 433 Deinde
1315 405 1403 441 ipsam
1425 413 1535 441 quoque
1550 406 1618 434 dicit
1631 414 1700 434 con-

911 451 1086 478 solationem.
1108 459 1118 477 ›
1149 451 1298 478 oblectavit
1318 459 1379 485 nos,
1409 452 1509 487 inquit,
1530 453 1700 480 annuntians

911 497 991 524 nobis
1008 501 1128 524 vestrum
1142 496 1320 530 desiderium,
1335 497 1407 532 quod
1426 505 1468 525 me
1479 498 1572 526 videre
1589 498 1699 526 deside-

911 542 1019 569 raretis.
1033 551 1042 568 ι
1059 541 1184 569 Vestrum
1196 542 1312 569 luctum.
1330 553 1339 568 ι
1356 542 1415 570 Non
1426 543 1585 578 plorabatis,
1595 544 1698 579 inquit,

911 587 958 614 sed
972 595 1065 615 amare
1082 587 1218 622 lugebatis
1235 588 1270 615 ob
1291 595 1380 616 meam
1397 588 1616 624 objurgationem
1632 597 1699 624 qua:

910 633 946 660 fat
957 637 984 660 ta
1010 638 1052 660 est
1074 641 1123 669 per
1148 634 1268 668 priorem
1296 634 1449 669 epistolam.
1471 645 1480 660 ι
1497 634 1625 663 Vestrum
1649 644 1697 670 pro

911 685 954 705 me
973 678 1087 706 zelum.)
1107 678 1166 706 Non
1184 679 1263 712 dixit,
1281 678 1363 714 Iram,
1377 680 1424 707 sed
1439 680 1512 714 quod
1544 681 1604 716 plus
1628 686 1696 714 erat,

911 723 1006 752 Zetum
1036 724 1135 759 inquit,
1161 732 1216 759 quo
1244 725 1283 752 ira
1313 726 1421 754 accensi
1444 726 1538 754 luistis
1568 727 1699 755 adversus

910 774 1090 799 scortatorem
1104 776 1131 798 et
1147 771 1392 807 pseudoapostolos
1404 773 1449 806 qui
1465 773 1545 800 nobis
1567 773 1699 801 detrahe-

910 816 986 844 bant.
1006 825 1016 842 ›
1034 817 1109 844 Adeo
1139 821 1168 844 ut
1189 817 1276 851 magis
1303 818 1415 852 gavisus
1437 818 1546 846 fuerim.
1568 828 1577 844 )
1592 818 1628 846 Ut
1643 827 1698 846 non

61 849 96 901 ἦν
111 849 245 900 ὑπέστην,
260 849 332 891 διότι.
343 864 467 898 ἐλύπησα
495 849 567 898 δμοῖς
597 849 626 888 ἐν
656 863 689 897 τῇ
717 849 800 888 ἐπιστγ

960 870 1042 895 erem,
1059 863 1161 898 inquit,
1187 864 1222 891 ob
1249 864 1339 892 dictas
1358 872 1434 892 meas
1466 865 1638 893 aﬂlictioncs.
1664 880 1699 886 ——

61 910 238 945 Οἰκειότερον
249 910 278 937 δὲ
292 910 323 936 τὸ
337 909 474 943 δεύτερον.
494 908 564 943 Πρὸς
573 908 652 935 τοῦτο
674 907 729 942 γὰρ
757 906 800 941 μᾶέ

959 917 967 935 ›
981 910 1067 936 modo.
1084 909 1169 944 Cujus
1182 910 1386 944 comparatione
1401 910 1466 937 dicit
1481 918 1510 938 se
1523 911 1610 946 magis
1625 911 1698 946 gari-

64 957 114 983 καὶ
126 957 152 982 οἱ
163 956 228 991 ἑξῆς
237 955 404 991 ἀρμόζουσιν
417 955 503 989 λόγοι.
517 954 634 981 Δυνατὺν
648 953 677 980 δὲ
686 953 733 980 καὶ
747 961 801 979 παν

958 962 970 981 El
987 955 1095 982 fuisse?
1110 955 1163 982 Aut
1177 956 1263 990 magis
1281 956 1396 991 gavisus
1410 964 1482 988 sum.
1498 956 1600 989 inquit,
1616 964 1697 991 quam

63 1004 182 1038 ςιότερα.
194 1002 279 1036 Φησὶν
293 999 349 1033 οὗν,
367 1001 408 1028 ὃτι
427 1001 444 1035 ἠ
457 1000 531 1036 χαρὰ
560 1000 640 1026 πλέον
671 998 802 1034 ηὕφρανεη

958 1001 989 1028 rit
1001 1001 1117 1028 tristitia
1134 1008 1216 1036 quam
1231 1002 1350 1030 sustinui
1373 1002 1400 1030 in
1420 1002 1488 1030 meis
1502 1002 1697 1030 alliictionibus

62 1050 165 1084 ἠλύπη
177 1049 300 1084 ἠνίασεν.
310 1046 388 1080 Εἶτα,
399 1048 440 1074 ὅτι
454 1048 486 1074 Et
500 1047 547 1074 καὶ
562 1045 686 1080 ἐλύπησα
699 1046 771 1081 ὑμᾶς
784 1046 801 1072 ἐ·

959 1047 1092 1082 angnstiis
1109 1057 1115 1075 :
1133 1052 1180 1075 aut
1192 1055 1274 1083 quam
1301 1048 1385 1076 fuerit
1399 1049 1477 1076 dolor
1492 1056 1572 1083 quem
1600 1056 1698 1083 passus

65 1096 211 1131 ἐπιστολῇ,
228 1095 320 1130 φησιν.
336 1094 393 1121 ἀλλ’
408 1093 454 1120 οὖν
469 1095 508 1124 εις
522 1093 666 1128 μετάνοιαν
691 1091 804 1127 ἐλυπήθτ

958 1101 972 1120 n
988 1101 1021 1120 eo
1032 1093 1104 1128 quod
1118 1101 1166 1121 vos
1180 1102 1297 1122 mmrorc
1312 1094 1464 1122 aﬂccissem
1474 1102 1522 1130 per
1531 1095 1676 1130 epistolam
1690 1104 1697 1123 :

63 1143 134 1177 ὅπερ
148 1141 207 1168 ἐστὶ
224 1141 294 1168 κατὰ
304 1140 370 1167 Θεὸν
395 1139 563 1175 λυπηθῆναι.
595 1139 651 1166 Καὶ
673 1139 689 1174 ή
716 1138 764 1174 μὲν
796 1147 802 1164 1

957 1139 997 1175 llic
1012 1139 1150 1167 secundus
1165 1147 1264 1167 sensus
1287 1145 1329 1167 est
1357 1140 1444 1174 magis
1468 1141 1595 1174 proprius
1613 1149 1619 1167 :
1636 1147 1696 1167 nam

63 1188 162 1223 εἱρμὸν
177 1187 282 1214 διάνοια
302 1186 431 1221 αὖτη.Ἰ“ὰ
453 1185 482 1212 δὲ
507 1185 620 1221 μεταξὺ,
643 1184 787 1220 περιϐολαὶ
810 1184 858 1210 καὶ

64 1233 242 1267 αἱτιολογὶαι,
257 1233 306 1260 καὶ
320 1232 516 1267 ἐπαναλήψεις.
532 1231 617 1258 Εῐωθε
629 1232 684 1266 γὰρ
701 1232 715 1258 ὁ
729 1231 800 1262 θεῖος
811 1226 856 1257 οὗ·

63 1287 111 1311 τος
122 1279 194 1314 ἀνὴρ
211 1279 370 1314 περιϐολαῖς
387 1278 533 1314 περιϐολὰς
547 1277 689 1313 συνείρειν,
700 1277 746 1304 καὶ
763 1284 858 1312 μεστο-

912 1184 946 1211 ad
975 1184 1026 1212 hoc
1055 1189 1204 1220 sequentes
1228 1186 1315 1221 magis
1345 1186 1510 1220 adaptantur
1545 1194 1696 1213 sermones.

913 1229 1065 1265 Utrumque
1083 1235 1174 1258 tamen
1190 1231 1315 1265 atlaptari
1331 1235 1431 1265 potest.
1461 1232 1506 1258 Ait
1534 1240 1600 1267 ergo
1625 1232 1697 1266 quod

913 1275 1046 1311 gaudium
1072 1276 1160 1310 magis
1189 1276 1278 1310 ipsum
1308 1276 1488 1303 oblectaverit
1510 1284 1591 1311 quam
1621 1277 1699 1304 dolor

65 1326 153 1351 ποιεῖν
167 1324 214 1350 τὸν
231 1324 309 1358 λόγον
319 1344 325 1356 ,
340 1324 380 1350 διὸ
392 1324 439 1350 καὶ
454 1322 650 1358 ὲπαναλὴψεως
665 1322 778 1348 δεῖσθαι.
795 1319 857 1348 Οἷον

66 1371 172 1405 μεταξὺ
196 1370 422 1405 παριμῦέὸληται
453 1369 502 1404 τῆς
527 1369 676 1404 εἰρημένης
700 1367 748 1394 τοῦ
773 1366 857 1403 ῥητοῦ

913 1321 1132 1349 contristaverit.
1167 1321 1272 1350 Deinde
1297 1323 1361 1357 quia
1388 1322 1451 1349 licet
1479 1322 1699 1350 contristarerim

913 1375 962 1394 vos
983 1367 1009 1394 in
1032 1367 1159 1402 epistola,
1180 1367 1281 1400 inquit,
1308 1371 1428 1394 attamen
1456 1367 1490 1394 ad
1512 1368 1698 1398 pmnitentiatn

66 1416 228 1451 συναφείας,
243 1416 283 1446 τὸ,
300 1425 309 1442 ι
330 1416 367 1442 Οὐ
385 1415 582 1451 μεταμέλομαι.
604 1424 613 1440 ι

961 1414 1070 1441 itristati
1089 1413 1179 1441 estis:
1199 1413 1270 1448 quod
1291 1417 1333 1441 est
1348 1413 1499 1442 secundum
1522 1413 1605 1441 Dcttm
1635 1421 1700 1441 con-

65 1456 183 1490 ‘ristari.
201 1461 293 1497 Itaque
305 1462 382 1497 juxta
400 1462 497 1489 litterae
517 1461 616 1489 seriem
639 1461 684 1488 hic
703 1463 744 1488 est
765 1459 920 1486 intellectus
942 1468 949 1486 :
971 1459 1037 1492 Quae
1058 1463 1148 1486 autem
1171 1459 1200 1486 in
1219 1458 1310 1487 medio
1332 1463 1473 1494 ponuntur
1495 1459 1700 1487 circumitiones

65 1513 133 1536 sunt
147 1514 175 1536 et
200 1517 345 1537 causarum
378 1507 545 1536 rcdditiones
578 1515 610 1536 ac
646 1507 836 1542 repetitiones.
875 1506 952 1533 Solet
965 1506 1037 1533 enim
1053 1506 1163 1533 divinus
1177 1505 1222 1533 hic
1237 1505 1279 1532 vir
1297 1506 1476 1533 circuitioncs
1488 1506 1700 1534 circuitionibus

65 1560 244 1588 connectere,
258 1561 284 1583 et
300 1555 337 1582 ita
352 1563 506 1583 sermonem
523 1555 647 1590 implere.
680 1554 744 1581 Ideo
774 1561 884 1588 quoque
903 1552 1065 1587 repetitione
1081 1560 1150 1587 opus
1167 1557 1219 1583 est,
1242 1552 1322 1588 65],
1339 1557 1469 1588 tanquam
1486 1553 1518 1580 ad
1541 1554 1698 1588 praedictam

65 1603 206 1631 sermonis
235 1603 432 1631 connexionem
462 1601 636 1636 interjcetum
659 1601 694 1628 sit
712 1601 786 1636 quod
815 1601 842 1627 in
859 1600 948 1628 medio
963 1603 1016 1632 est,
1036 1608 1044 1624 ι
1063 1598 1123 1626 Non
1138 1606 1182 1627 me
1202 1599 1329 1634 paenitet.
1346 1608 1355 1625 ›

101 1650 171 1678 Εἶτα
183 1659 190 1666 ·
211 1660 220 1677 ι
231 1651 263 1677 Εἰ
281 1650 328 1677 καὶ
343 1650 542 1685 μετεμελόμην.
569 1659 578 1676 ι
599 1650 683 1676 Πάλιν
701 1649 796 1675 τούτου
811 1648 839 1674 αἱ

952 1647 1043 1674 )einde
1057 1646 1133 1674 addit
1153 1656 1159 1673 :
1178 1655 1187 1672 ι
1208 1646 1298 1673 Etiam
1311 1646 1334 1673 si
1356 1646 1524 1681 paenituerit.
1547 1656 1555 1671 ι
1572 1646 1691 1673 Rursum

66 1698 122 1724 τία.
139 1707 149 1724 ι
172 1697 271 1723 Βλέπω
282 1697 337 1732 γὰρ
349 1697 391 1724 ὅτι
410 1698 426 1731 ἡ
444 1697 574 1731 ἐπιστολὴ
588 1696 691 1730 ἐκείνη.
710 1705 718 1721 ι
735 1696 790 1722 Καὶ
799 1694 859 1721 οὐδὲ

67 1743 138 1779 αὑτὴ
151 1744 168 1778 ἡ
181 1743 307 1778 περίοδος
321 1743 405 1777 ἁπλῆ,
434 1742 502 1769 ἀλλὰ
534 1742 768 1778 περιὸεόὶημένη.
791 1741 859 1776 Φησὶ

67 1790 123 1825 γάρ
138 1798 146 1806 ·
173 1798 181 1815 ι
199 1790 230 1816 Et
253 1790 300 1816 καὶ
319 1789 388 1825 πρὸς
411 1789 488 1824 ὥραν
516 1789 653 1823 ἐλύπησεν
668 1787 750 1822 ὑμᾶς.
770 1796 779 1813 ›
805 1788 860 1814 Καὶ

67 1837 120 1863 οὒκ
135 1833 213 1862 εἶπεν
229 1843 236 1851 ³
251 1835 283 1863 Εἰ
296 1835 343 1861 καὶ
363 1835 499 1870 ἐλύπησεν
515 1835 598 1869 ὑμᾶς,
616 1834 672 1860 ἀλλ’
690 1853 696 1866 ,
717 1843 726 1859 ι
747 1833 777 1860 Et
792 1832 860 1867 πρὸς

67 1881 156 1917 ὥραν.
172 1891 181 1907 ›
206 1881 241 1908 Τὸ
253 1881 291 1913 δὲ,
308 1890 318 1906 ι
337 1880 394 1906 Νὖν
409 1880 508 1915 χαίρω,
522 1889 531 1906 ι
547 1879 718 1914 ἐπανάληψῖς
730 1879 788 1905 ἐστι
799 1877 858 1910 τοῦ,

71 1937 82 1954 ι
115 1927 200 1954 Ὥστε
227 1936 261 1960 με
289 1927 388 1962 μᾶλλον
417 1926 571 1961 χαρῆναι.»
606 1924 716 1959 Ἐπειδὴ
744 1924 798 1959 γὰρ
826 1924 859 1958 τῇ

68 1972 223 2007 πυκνότητι
239 1972 293 1998 τῶν
311 1971 465 2007 περιϐολὼν
477 1970 619 2005 ἐμέστωσε
635 1969 681 1996 τὸν
696 1968 785 2002 λόγον,
813 1967 859 1994 καὶ

69 2019 111 2046 εἰς
139 2018 275 2052 ἀσάφειαν
300 2017 511 2051 συγχλειόμενον
543 2015 637 2051 ἐώρα,
662 2015 797 2050 ἐχρήσατο
825 2015 858 2048 τῇ

69 2064 254 2099 ἐπαναλήψει.
281 2062 337 2090 Εἶθ’
356 2063 443 2095 οὕτως
464 2062 590 2090 ἀπέδωκε
617 2061 657 2094 τὸ,
690 2069 699 2087 ι
724 2060 795 2087 Ἀλλ’
817 2061 857 2087 ὅτι

73 2110 233 2146 ἐλυπήθητε
247 2111 286 2141 εἰς
301 2110 455 2144 μετάνοιαν,
476 2118 485 2134 ι
502 2109 582 2143 ὅπερ,
607 2108 644 2138 ὡς
664 2107 711 2133 καὶ
729 2107 859 2142 προείρη-

68 2165 125 2187 ται,
143 2156 299 2191 συνείρεται
309 2156 366 2186 τοῖς
377 2155 481 2186 ἐπάνω,
497 2151 552 2180 οἷον
565 2161 571 2168 ·
593 2163 601 2178 ι
622 2153 702 2178 Ὥστε
715 2160 748 2187 με
761 2151 860 2186 μᾶλλον

69 2203 200 2239 χαρῆναι,
214 2203 254 2228 ὅτι
268 2202 292 2228 εἰ
305 2203 351 2228 καὶ
366 2200 490 2236 ἐλύπησα
506 2200 577 2234 ὑμᾶς
597 2199 625 2224 ἐν
638 2199 671 2233 τῇ
691 2197 819 2231 ἐπιστολῇ
831 2206 856 2228 ,ι

70 2249 139 2277 ἀλλὰ
154 2247 202 2275 οὖν
221 2249 262 2274 ὅτι
279 2249 321 2278 εἰς
336 2247 482 2282 μετάνοιαν
506 2244 673 2279 ἐλυπήθητε.
704 2243 759 2270 Καὶ
781 2242 861 2269 τοῦτο

70 2295 99 2322 δὲ
129 2295 204 2330 ὅμως
222 2294 431 2330 περιῦέὅληται.
452 2293 488 2318 Τδ
513 2291 542 2318 δὲ
571 2289 756 2323 ἁπλούστερον
776 2290 859 2318 ἐστιν,

74 2351 83 2367 ι
99 2342 182 2367 Ὢστε
197 2349 230 2375 με
250 2341 378 2376 χαρῆναι,
397 2340 438 2366 ὅτι
451 2339 489 2370 εἰς
509 2337 654 2373 μετάνοιαν
676 2335 858 2370 ἐλυπήθητε.»

71 2388 166 2414 Ταῦτα
184 2387 212 2413 δέ
239 2395 284 2422 μοι
298 2385 585 2420 διαλελεπτολόγηται,
609 2383 658 2418 οὐχ
686 2382 727 2408 ὃτι
755 2380 859 2412 Παῦλος

71 2434 180 2464 τούτοις
195 2433 421 2468 ἐσεμνολόγηται,
435 2431 489 2458 οὐδ’
506 2431 547 2458 ὅτι
569 2431 648 2465 ἡμεῖς
665 2428 745 2456 αὐτὸν
764 2435 861 2461 σεμνο-

71 2480 162 2512 ).ογείν
176 2480 281 2510 τούτοις
294 2479 428 2513 ἔγνωμεν,
443 2476 694 2510 ἀλλἰαῑσχύνοντες
713 2475 777 2505 τοὺς
797 2472 858 2506 ἔξω,

73 2525 231 2560 ἰδιωτισμδν
259 2526 293 2559 τῇ
323 2524 473 2558 Ἐκκλησία
505 2522 693 2554 ὀνειδίζοντας.
716 2520 858 2546 Δεικνυται

72 2572 128 2606 γὰρ
143 2571 187 2597 διὰ
206 2569 321 2601 τούτων,
334 2569 375 2603 ἐφ’
427 2568 539 2603 μονονοὺ
549 2565 697 2601 τεθηπότες
710 2565 755 2591 τὸν
773 2565 860 2590 Παια-

73 2617 133 2643 νιέα
148 2617 195 2642 καὶ
209 2616 254 2642 τὸν
274 2615 321 2642 τοῦ
345 2615 456 2650 Ὀλόρου
467 2612 660 2649 προσκυνοῦσι,
678 2611 737 2642 ταῖς
750 2609 862 2645 περιδο-

72 2663 133 2694 λαῐς
159 2663 243 2696 λέγω,
265 2661 363 2697 μακρῷ
392 2659 504 2692 τούτους
524 2659 540 2695 ἢ
564 2659 663 2685 ἐκεῖνοι
679 2656 742 2687 τοὺς
767 2655 863 2686 ἄλλους

74 2708 329 2742 ἀποκρυπτόμενος.
347 2706 444 2733 Καίτοι
474 2705 528 2732 τῶν
548 2705 597 2739 μὲν
611 2705 625 2730 ὁ
642 2702 697 2738 βίος
719 2702 747 2728 ἐν
775 2701 862 2736 τούτῳ

74 2755 114 2791 τῷ
129 2755 204 2790 πόνῳ
226 2754 386 2790 κατετρίὸη,
402 2755 416 2780 ὁ
428 2752 456 2780 δέ
471 2752 524 2779 οὐδ’
551 2749 686 2786 ἐμϐλέψαι
699 2747 804 2779 τούτοις
821 2747 863 2773 ὅτι

78 2801 115 2836 μὴ
141 2800 212 2827 κατὰ
242 2800 380 2835 πάρεργον
403 2798 501 2833 χρῆσιν
527 2797 638 2831 ἠξίωσε.
663 2794 718 2821 Καὶ
733 2792 863 2829 μυριάκις

77 2847 150 2875 ἔστιν
161 2845 246 2874 αὑτοῦ
266 2847 294 2874 ἐν
313 2848 369 2877 τοῖς
393 2845 483 2879 λόγοις
506 2843 536 2871 τὺ
562 2841 683 2869 τοιοῦτον
703 2838 863 2872 οεὰσασθσι,

910 1692 992 1727 hujus
1002 1700 1087 1720 causa
1103 1693 1246 1726 sequitur:
1266 1701 1276 1717 ι
1295 1692 1381 1719 \‘idco
1400 1692 1472 1719 enim
1491 1692 1564 1727 quod
1577 1692 1698 1727 cpistola

911 1738 967 1765 illa.
987 1747 996 1763 ι
1015 1737 1048 1764 Et
1062 1745 1096 1764 ne
1107 1737 1164 1764 hate
1182 1737 1291 1772 quidem
1306 1737 1435 1771 periodus
1448 1738 1566 1772 simplex
1579 1741 1633 1769 est,
1649 1738 1698 1765 sed

910 1783 963 1810 alia
988 1790 1098 1818 quoque
1119 1783 1293 1810 assumitur:
1320 1790 1382 1810 nam
1399 1783 1437 1810 ait
1457 1792 1463 1810 :
1487 1792 1497 1808 ι
1517 1782 1638 1811 Tametsi
1666 1784 1700 1811 ad

911 1829 1006 1856 horam
1024 1828 1231 1856 contristaverit
1245 1836 1304 1856 vos.
1323 1838 1331 1854 ι
1349 1828 1404 1856 Nec
1424 1828 1588 1863 simpliciter
1609 1829 1698 1862 dixit;

912 1874 1033 1902 Tametsi
1070 1874 1278 1902 contristaverit
1313 1881 1372 1906 vos,
1401 1874 1448 1901 sed
1478 1873 1595 1905 addidit,
1626 1883 1635 1900 ‹
1658 1875 1698 1901 Ad

913 1920 1018 1946 horam.
1035 1928 1044 1944 ι
1067 1918 1145 1951 Quod
1164 1923 1254 1945 autem
1275 1918 1334 1945 ait:
1362 1927 1371 1943 ι
1391 1917 1470 1944 Nunc
1487 1917 1603 1952 gaudeo,
1621 1927 1631 1944 ι
1658 1926 1701 1945 re-

911 1965 1007 2000 petitio
1028 1968 1070 1992 est
1090 1964 1151 1999 ejus
1175 1964 1247 1999 quod
1263 1964 1382 1995 dixerat,
1412 1972 1421 1988 ‹
1445 1963 1521 1990 Adeo
1549 1968 1579 1990 ut
1612 1963 1700 1999 magis

911 2012 1022 2047 gavisus
1041 2011 1150 2038 fuerim.
1172 2020 1180 2037 ε
1202 2010 1354 2044 Postquam
1371 2009 1444 2036 enim
1462 2009 1616 2043 frequentia
1641 2010 1696 2036 cir-

911 2057 1064 2084 cuitionum
1076 2056 1228 2084 orationem
1252 2055 1423 2089 impleverat,
1434 2059 1461 2081 et
1475 2054 1583 2081 videbat
1607 2055 1634 2081 in
1650 2055 1701 2081 obr

911 2103 1028 2130 curitate
1040 2102 1125 2137 ipsam
1133 2100 1272 2134 concludi,
1285 2100 1447 2135 repetitione
1459 2107 1527 2127 usus
1537 2104 1588 2127 est.
1600 2100 1701 2127 Deinde

912 2149 948 2175 ita
971 2147 1204 2176 reddiditdictum
1229 2146 1308 2174 illud.
1339 2155 1347 2171 ι
1373 2145 1426 2173 Sed
1445 2145 1517 2180 quod
1542 2145 1699 2172 contristati

913 2194 974 2222 silis
998 2194 1033 2220 ad
1050 2193 1251 2228 pwnitentiam,
1285 2191 1383 2226 squod
1414 2195 1443 2217 ut
1472 2190 1631 2224 praedictum
1658 2195 1700 2217 est

912 2241 1086 2268 connectitur
1112 2237 1317 2273 superioribus,
1340 2240 1416 2271 puta,
1440 2245 1449 2261 ι
1470 2236 1545 2262 Adeo
1568 2240 1597 2262 ut
1613 2236 1701 2270 magis

912 2287 1023 2322 gavisus
1051 2285 1160 2318 fuerim,
1182 2283 1246 2319 quia
1265 2284 1328 2310 licet
1353 2283 1574 2310 contristaverim
1603 2290 1651 2309 vos
1671 2283 1699 2310 in

913 2331 1028 2367 cpistola
1040 2340 1048 2364 ;
1061 2342 1072 2361 ι
1089 2334 1209 2358 attamen
1219 2330 1283 2365 quia
1293 2329 1324 2356 ad
1335 2329 1522 2363 pmnitentiam
1544 2328 1701 2356 contristati

915 2378 995 2405 estis.
1009 2375 1109 2404 Verum
1127 2376 1179 2403 hoc
1195 2383 1304 2410 quoque
1319 2379 1493 2410 assumptum
1510 2377 1551 2401 est
1569 2377 1596 2400 ct
1613 2374 1700 2401 inter-

912 2424 1026 2458 jectum.
1046 2422 1204 2457 Simplicius
1225 2426 1268 2449 est
1288 2426 1390 2454 autent,
1409 2430 1418 2446 ι
1437 2420 1514 2448 Adeo
1535 2425 1565 2447 ut
1589 2421 1702 2455 gavisus

915 2469 1014 2497 fuerim
1043 2469 1115 2504 quod
1136 2469 1169 2496 ad
1197 2468 1386 2503 paenitentiam
1411 2466 1567 2494 contristati
1600 2466 1671 2494 sitis.
1689 2476 1698 2492 ι

915 2516 979 2543 Hec
993 2516 1026 2543 de
1037 2516 1118 2543 rebus
1132 2515 1273 2543 minutulis
1291 2514 1420 2542 subtilius
1439 2513 1631 2543 disseruimus,
1647 2520 1700 2539 non

915 2561 987 2596 quod
1002 2561 1104 2589 Paulus
1117 2561 1160 2589 his
1176 2562 1310 2596 gloriatus
1324 2560 1370 2593 sit,
1387 2566 1434 2587 aut
1452 2559 1524 2594 quod
1543 2565 1594 2585 nos
1609 2558 1698 2592 ipsum

917 2612 1028 2642 propter
1053 2607 1110 2634 haec
1136 2612 1310 2634 ostentcmus
1329 2613 1361 2634 ac
1386 2605 1568 2636 celebremus,
1600 2602 1647 2630 sed
1673 2607 1703 2629 ut

917 2658 1047 2680 externos
1077 2657 1103 2680 et
1123 2661 1138 2680 a
1155 2653 1258 2680 nostris
1282 2652 1387 2679 alienos
1406 2650 1622 2679 contundamus,
1655 2647 1701 2681 qui

917 2699 1058 2726 inscitiam
1077 2699 1205 2727 Ecclesia:
1221 2698 1366 2733 objiciunt.
1386 2697 1436 2724 Per
1449 2697 1504 2723 haec
1520 2695 1590 2722 enim
1610 2698 1703 2720 osten-

917 2744 992 2772 ditur
1005 2745 1078 2780 quod
1100 2745 1126 2772 in
1145 2745 1209 2778 hoc,
1226 2753 1258 2772 ex
1275 2751 1329 2780 quo
1345 2743 1382 2770 illi
1396 2741 1549 2770 Pacanicum
1577 2747 1608 2766 ac
1627 2738 1702 2766 Olori

919 2794 1005 2820 filium
1021 2796 1163 2826 stupentes
1180 2790 1377 2826 propemodum
1402 2787 1530 2820 adorant,
1547 2787 1574 2813 in
1601 2785 1703 2812 circui-

925 2838 1055 2871 ti0nibus,
1070 2838 1192 2872 inquam,
1204 2842 1229 2864 et
1244 2834 1358 2870 longiori
1377 2841 1485 2869 quoque
1498 2833 1546 2861 lios
1558 2831 1702 2860 intervallo
