1872 3049
150 179 221 212 1083

700 176 903 208 (ECUMENII
916 175 1064 207 TRICCIB
1080 174 1249 206 EPISCOPI

1718 173 1789 206 1068

148 239 253 264 tentare
267 241 332 262 num
355 233 451 262 ﬁdeles
475 233 546 265 sitis,
572 237 600 260 et
625 231 765 268 ambigere
792 232 876 260 etiam
908 232 938 259 de

1029 230 1105 256 ἀῦετε
1125 230 1173 256 καὶ
1188 230 1276 265 ἔχετε,
1291 230 1316 256 ει
1337 229 1374 265 μὴ
1402 229 1548 265 ἀδοκίμους
1562 230 1678 263 hau-coit;
1700 241 1788 268 παρα-

149 282 230 310 vobis
265 281 347 316 ipsis,
376 280 432 307 imo
459 280 552 315 potius
577 279 704 314 ignorare
729 279 843 306 omnino
869 280 942 314 quod

149 326 278 353 Christus
295 325 323 351 in
334 324 410 351 vobis
425 324 470 351 sit.
487 323 555 350 Nam
572 323 594 350 si
610 327 719 350 nonest
737 323 762 350 in
778 327 944 358 praeceptore

149 371 284 403 Christus,
297 370 382 398 multo
397 369 489 396 minus
509 369 536 396 in
550 369 705 404 discipulis.
723 368 776 396 Sed
793 369 942 403 quomodo,

149 418 249 452 inquit,
265 424 320 444 non
331 415 499 451 cognoscitis
516 415 590 450 quod
606 414 734 443 Christus
760 415 786 442 in
802 415 880 443 vobis
895 416 941 448 sit,

149 466 196 500 qui
209 464 393 498 etiamtvariis
410 463 491 491 donis
504 463 601 491 ditavit
615 470 663 491 νος
675 463 686 490 ?
704 464 744 490 An
762 470 810 498 per
820 463 943 491 actiones

149 516 256 539 vestras
272 510 455 538 constituistis
474 518 524 538 vos
537 510 612 545 ipsos
628 509 760 545 rcprobos
773 513 801 536 et
815 509 856 536 his
870 510 944 536 cxci-

128 591 132 596 ἴ
148 558 229 586 distis
242 558 253 585 ί
268 557 326 585 Hoc
340 561 430 586 autem
453 561 507 589 est,
529 565 560 584 ac
573 557 596 584 si
613 556 687 584 dicat
703 566 710 583 :
728 555 755 583 Si
772 563 819 584 vos
833 556 905 583 dona
916 560 943 583 et

148 608 312 640 potestatem
326 604 458 632 adversus
474 603 588 639 spiritus
612 603 769 631 immundos
796 604 942 639 accepistis

146 654 175 677 et
203 650 321 683 habetis,
345 650 398 678 nisi
415 657 465 678 vos
479 651 553 686 ipsos
581 649 724 677 efﬁciendo
749 650 881 685 reprobos
899 650 941 677 his

147 695 331 730 privaveritis,
357 703 449 723 annon
484 703 536 730 ego
555 696 642 722 multo
669 695 755 730 magis
777 699 941 730 potestatem

148 741 236 768 habeo
252 741 383 768 adversus
399 748 446 768 eos
458 741 504 776 qui
519 741 690 776 impurorum
707 741 862 768 daemonum
891 748 940 768 vo-

149 786 268 814 luntates
279 787 390 821 explere
405 791 552 819 Conantur,
563 787 609 821 qui
622 786 690 814 estis
705 795 753 814 vos
769 788 780 814 τ
792 788 845 814 Aut
857 788 940 814 etiam

147 832 200 859 hoc
215 832 308 859 modo.
321 831 350 859 ln
363 833 630 868 meexperimentum
641 833 764 868 quaeritis
779 834 790 860 ?
804 841 852 861 vos
863 834 940 868 ipsos

147 881 262 910 tentate,
278 870 381 906 acriter
395 885 445 906 vos
461 879 536 913 ipsos
555 879 670 914 probate
684 887 719 906 an
734 880 796 908 sitis
821 880 848 907 in
876 880 939 908 ﬁde.

147 919 216 947 Nam
231 925 261 947 ut
291 924 404 955 apparet
429 921 511 948 etiam
526 921 561 949 ab
589 921 642 948 hac
672 922 940 958 excidistismeque
956 916 976 943 Β

147 965 222 992 enim
237 964 317 992 aliter
345 965 562 1000 experimentum
583 968 751 1002 quereretis.
767 967 869 996 Deinde
880 973 940 996 tan-

147 1017 230 1045 quam
254 1011 383 1045 mitigans
414 1011 615 1038 vehementiam
641 1011 848 1047 iucrepationis,
868 1023 877 1040 ι
896 1014 939 1042 An

147 1063 202 1083 non
215 1057 396 1093 cognoscitis,
413 1057 513 1092 inquit,
529 1058 724 1093 vosmetipsos,
745 1068 755 1084 ›
769 1060 841 1094 quod
857 1059 940 1088 Jesus

147 1102 267 1130 christus
291 1103 319 1129 in
343 1103 421 1130 vobis
445 1103 481 1130 sit
497 1103 560 1130 tAc
587 1103 610 1131 si
637 1104 710 1131 dicat
729 1113 735 1132 :
757 1105 812 1140 Ego
834 1105 871 1133 ita
891 1114 939 1135 vos

94 1155 97 1160 ν
147 1155 286 1183 cognosco
309 1149 382 1184 quod
408 1148 534 1177 Christus
557 1151 583 1177 in
615 1150 692 1178 vobis
723 1151 759 1179 sit
777 1161 785 1180 :
800 1152 823 1180 si
847 1158 939 1180 autem

146 1193 201 1229 ipsi
228 1195 280 1222 hoc
298 1195 441 1230 ignoratis,
467 1202 588 1223 vestrum
614 1203 681 1224 sane
707 1202 851 1232 peccatum
882 1204 937 1226 est.

148 1238 243 1274 Itaque
257 1248 306 1268 vos
323 1241 399 1276 ipsos
416 1241 548 1276 reprobos
565 1241 707 1270 ell‘ecistis.
723 1242 811 1270 Simul
831 1251 940 1278 quoque

148 1286 275 1313 admonet
291 1295 301 1314 :
318 1287 398 1322 quasi
415 1287 509 1315 dicat:
526 1288 554 1315 Si
567 1295 619 1323 ego
644 1288 783 1316 Christum
810 1289 837 1316 in
863 1289 940 1316 vobis

147 1338 210 1359 esse
224 1339 371 1367 cOgnosco,
388 1333 441 1361 nisi
469 1334 577 1368 reprobi
611 1334 676 1362 facti
701 1335 771 1367 sitis,
802 1336 940 1370 quomodo

148 1379 198 1414 ipsi
209 1380 300 1408 adhuc
314 1381 530 1416 experimentum
547 1382 606 1416 ejus
623 1382 650 1409 in
665 1389 708 1409 me
736 1385 865 1417 quaeretis
884 1383 941 1412 ἳΕι

147 1424 324 1452 manifestum
337 1429 378 1452 est
397 1426 541 1460 tripliciter
554 1427 642 1462 accipi
668 1434 750 1461 posse
767 1428 838 1455 hanc
854 1429 940 1463 parti-

147 1471 248 1504 culam,
276 1479 325 1507 per
351 1474 497 1500 consilium
527 1477 555 1501 et
578 1473 796 1501 adhortationem
832 1479 862 1501 ut
879 1475 940 1503 aliis

147 1516 257 1552 placet:
286 1524 334 1553 per
362 1517 562 1546 hasitationetn
589 1522 616 1546 et
646 1519 850 1547 accusationem
869 1528 876 1547 :
892 1527 941 1555 per

148 1563 363 1598 lucrepatiouem
381 1572 412 1592 ac
430 1565 670 1600 reprehensionem
699 1566 771 1593 sicut
801 1573 875 1594 nunc
888 1573 938 1594 ex-

146 1609 286 1644 ponimus.
307 1619 318 1636 (
345 1610 444 1638 Annon
466 1611 633 1646 cognoscitis
662 1619 711 1639 vos
727 1612 810 1647 ipsos.
830 1621 840 1638 ι
863 1611 938 1645 Quo-
951 1605 974 1637 C

147 1655 229 1683 modo
243 1659 334 1684 autem
349 1660 478 1691 poterant
489 1657 682 1692 cognoscere?
702 1665 735 1684 ex
764 1657 851 1692 signis
879 1665 939 1692 qnze

146 1700 274 1733 edebant,
292 1705 382 1729 utrum
398 1709 430 1729 ea
449 1702 539 1730 adhuc
560 1703 682 1730 ederent.
703 1711 712 1728 ι
728 1703 784 1730 Nisi
800 1703 826 1730 io
845 1703 938 1738 aliquo

147 1747 257 1781 reprobi
273 1747 349 1774 estis.
370 1756 380 1773 ›
399 1748 457 1774 Hoc
470 1748 531 1775 loco
561 1748 644 1775 etiam
672 1755 762 1782 pravae
787 1749 848 1776 vitae
868 1749 938 1775 clam

147 1798 195 1819 eos
213 1791 374 1819 insimulat:
389 1791 530 1827 Siquidem
543 1797 570 1820 et
584 1793 636 1820 tide
657 1797 684 1821 et
703 1797 778 1821 recta
796 1794 852 1821 vita
869 1801 939 1829 opus

147 1836 241 1864 estad
259 1837 347 1872 signa.
371 1838 466 1874 Itaque
494 1840 559 1868 licet
574 1840 600 1868 in
617 1840 668 1868 fide
699 1841 771 1873 sitis,
804 1840 886 1876 709
921 1841 973 1868 nisi

996 277 1182 307 σκευάσαντες
1204 275 1308 302 τούτων
1335 275 1501 312 ἐστερήθητε
1516 296 1523 309 ,
1539 278 1601 312 οὐχὶ
1623 277 1680 311 ἐγὼ
1699 279 1788 314 πολλῷ

996 322 1096 357 μᾶλλον
1112 322 1239 355 ἐξουσίαν
1254 322 1311 358 ἔχω
1337 323 1409 349 κατὰ
1428 322 1484 349 τῶν
1509 323 1542 350 si
1566 324 1710 359 Θελήμςιτα.
1733 325 1786 351 τῶν

993 368 1159 403 ἀκαθάρτων
1181 367 1317 402 δαιμόνων
1348 368 1483 395 ἐπιτελεῖν
1511 369 1698 404 αἱρουμένων,
1718 371 1786 396 οἵτι-

993 415 1037 445 νές
1070 416 1131 440 ἐστε
1155 415 1256 449 dixit;
1279 414 1357 450 ἢκαὶ
1381 414 1478 445 οὕτως.
1509 415 1553 440 Ἐν
1580 415 1642 450 ἐμοὶ
1670 415 1787 450 δοκιμὴν

993 460 1126 495 (quire;
1152 461 1266 492 ἑαυτοὺς
1285 461 1444 496 πειράζετε.
1472 461 1696 495 Ἐπιπληκτικῶς
1721 463 1787 488 £1»-

992 509 1056 540 τοὺς
1076 508 1257 543 δοκιμάζετε,
1272 508 1296 534 εί
1315 508 1380 535 ἐστέ
1406 509 1435 534 ἐν
1457 509 1491 544 τῇ
1520 508 1624 535 πίστει.
1661 509 1707 540 Ὠς
1732 510 1789 544 γὰρ

993 555 1076 585 ἔοικε,
1105 555 1152 581 καὶ
1166 553 1269 588 ταῦτης
1288 554 1427 589 ἐξέστητε,
1452 554 1513 580 ἐπεὶ
1538 554 1570 580 οὐ
1587 554 1639 581 κᾶν
1668 554 1786 590 δοκιμὴν

992 600 1163 635 ἐπεζητεῖτε.
1189 598 1256 627 Εἶτα
1280 600 1374 635 ὥσπερ
1395 600 1510 627 λεαίνων
1534 601 1563 626 τὸ
1591 601 1708 635 σφοδρὸν
1737 602 1788 636 τῆς

993 647 1195 682 ἐπιτιμήσεως,
1211 656 1220 672 ‹
1238 646 1273 672 Ἦ
1287 647 1338 673 οὐκ
1362 645 1562 680 ἐπιγινώσκετε
1575 666 1583 678 ,
1612 647 1708 681 φησὶν,
1721 647 1787 674 ἐαυ-

992 693 1066 723 τοῦς,
1081 701 1090 717 ι
1108 692 1149 718 ὅτι
1180 691 1284 726 Ἰησοῦς
1310 691 1429 726 Χριστὸς
1458 693 1486 718 ἐν
1510 681 1575 726 ὑμῖν
1599 692 1694 725 ἐστινς
1726 693 1790 719 ἀντὶ

991 738 1038 764 τοῦ
1054 738 1108 772 ἐγὼ
1122 737 1209 769 οὓτως
1227 738 1300 773 ὑμᾶς
1317 737 1504 771 ἐπιγινώσκω·
1533 737 1596 764 ὃτιό
1617 738 1738 773 Χριστὸς
1757 740 1788 766 ἐν

993 785 1066 819 ὑμῖν.
1087 785 1118 810 El
1134 784 1162 811 δέ
1178 784 1256 811 αὐτοὶ
1272 783 1353 810 τοῦτο
1367 785 1501 817 ἀγνοεῖτε,
1518 783 1595 818 ὑμῶν
1616 784 1672 820 ἄρα
1685 785 1718 811 τὸ
1742 785 1788 819 {T-

992 830 1096 865 κλημα.
1112 829 1220 856 οὐκοῦν
1247 830 1363 861 ἑαυτοὺς
1389 830 1540 864 ἀδοκίμους
1563 830 1787 866 ἀπειργάσασθε.

992 877 1068 909 ’Ἅμα
1081 876 1109 902 δὲ
1126 877 1173 903 καὶ
1189 876 1325 912 ἐντρέπει.
1334 876 1411 907 Ὠςεί
1426 874 1482 910 ἐγὼ
1493 875 1538 902 τὸν
1549 876 1668 911 Χριστὸν
1679 878 1709 903 ἐν
1723 878 1790 912 ὑμῖν

991 920 1062 949 εἶναι
1073 921 1201 956 γινώσκω
1217 921 1242 948 εί
1253 921 1290 957 μὴ
1298 921 1423 956 ἀδόκιμοι
1433 922 1576 956 γεγόνατε.
1588 922 1648 954 πῶς
1657 923 1737 950 αὐτοὶ
1746 924 1785 949 ἑτι

990 969 1105 1002 δοκιμὴν
1121 967 1203 996 αὑτοῦ
1218 968 1247 994 ἐν
1258 968 1320 1002 ἐμοὶ
1333 967 1441 1002 ζητεῖτε
1456 977 1463 1001 ;
1481 969 1527 994 καὶ
1535 968 1615 1003 δῆλον
1627 969 1668 995 ὅτι
1683 970 1786 1004 τριχιὶς

990 1015 1064 1041 εστιν
1091 1014 1219 1041 ἐκλαϐεῖν
1248 1014 1278 1040 τὺ
1302 1013 1421 1050 χωρίον,
1449 1014 1521 1041 κατὰ
1547 1014 1706 1050 συμϐουλὴν
1742 1018 1788 1042 καὶ

991 1061 1164 1096 παραίνεσιν,
1193 1059 1290 1096 ὥσπερ
1318 1060 1422 1096 ἕτεροι,
1449 1060 1524 1087 κατὰ
1546 1060 1791 1096 ὲπαπόρησιψκαὶ

990 1108 1112 1142 ἔλεγχον,
1135 1106 1206 1133 κατὰ
1230 1106 1377 1141 ἐπίπληξιν
1409 1107 1456 1133 καὶ
1478 1107 1653 1141 ἐπιτίμησιν,
1681 1108 1721 1139 ὡς
1741 1108 1790 1134 νῦν

990 1154 1122 1186 ἔκκειται.
1143 1163 1152 1179 ι
1171 1153 1206 1180 Ἣ
1235 1154 1286 1180 οὐκ
1315 1153 1514 1188 ἐπιγινώσκετε
1545 1155 1673 1186 ἑαυτούς.
1690 1164 1700 1180 ι
1725 1155 1788 1186 Πῶς

990 1200 1012 1226 δ’
1037 1199 1071 1226 ἂν
1094 1199 1246 1234 γνοίησαν;
1271 1200 1304 1226 ἐκ
1331 1199 1386 1225 τῶν
1407 1199 1529 1234 σημείων
1549 1195 1588 1226 ὧν
1612 1199 1736 1231 ἐποίουν,
1763 1201 1791 1226 εξ

990 1246 1031 1271 ἔτι
1061 1246 1164 1272 ποιοῖεν
1191 1245 1282 1277 αὐτὰ,
1314 1245 1407 1280 φησίν.
1435 1254 1444 1271 s
1475 1245 1506 1271 El
1545 1245 1582 1280 μή
1611 1254 1638 1271 τι
1660 1246 1790 1280 ἀδόκιμοί

990 1292 1062 1318 ἐστε.
1076 1300 1085 1316 ι
1102 1290 1235 1318 Ἐνταῦοα
1247 1291 1295 1317 καὶ
1308 1292 1347 1322 εἰς
1361 1291 1418 1325 βίον
1427 1291 1544 1326 πονηρὸν
1555 1291 1655 1323 αὐτοὺς
1667 1292 1788 1318 αἰνίττε-

989 1346 1045 1364 ται.
1061 1338 1107 1363 Δεῖ
1119 1336 1174 1373 γὰρ
1185 1338 1230 1363 καὶ
1251 1338 1369 1366 πίστεως
1385 1337 1433 1363 καὶ
1444 1337 1513 1372 βίου,
1528 1337 1598 1373 πρδς
1620 1337 1654 1364 τὰ
1672 1339 1786 1372 «quia.

990 1383 1022 1408 Ei
1034 1380 1080 1409 οὖν
1092 1381 1138 1408 καί
1153 1383 1215 1408 ἐστι
1231 1382 1260 1408 ἐν
1277 1383 1309 1416 τῇ
1326 1381 1428 1412 πίπτει,
1447 1382 1485 1417 μὴ
1502 1383 1549 1408 καὶ
1563 1382 1620 1417 βίον
1631 1383 1661 1410 δὲ
1685 1384 1788 1410 xix-.11).-

991 1427 1071 1462 ληλον
1083 1426 1270 1461 ἐπιτηδεύετε,
1283 1428 1378 1460 φησιν,
1392 1427 1519 1462 ἀδόκιμοί
1527 1428 1555 1454 τέ
1569 1428 1642 1459 ἐστε,
1661 1429 1711 1455 καὶ
1722 1429 1788 1464 Χρι-

992 1473 1053 1504 στδς
1073 1473 1102 1498 ἐν
1128 1473 1194 1507 ὑμῖν
1213 1473 1265 1499 οὐκ
1282 1472 1367 1505 ἔστιν,
1388 1474 1448 1500 οὐδὲ
1461 1474 1505 1501 διὰ
1519 1474 1574 1500 τῶν
1589 1475 1714 1510 σημείων
1727 1475 1788 1502 δεί-

991 1527 1069 1545 κνυσι
1080 1517 1175 1554 παρὼν
1188 1518 1256 1553 πρὸς
1271 1518 1354 1553 ὑμᾶς.
1367 1527 1376 1544 ι
1387 1518 1506 1551 Ἐλπίζω
1519 1519 1547 1546 δὲ
1562 1519 1602 1546 ὅτι
1615 1519 1766 1554 γνώσεσθε.
1776 1530 1785 1546 ι

993 1564 1022 1590 Εἰ
1035 1564 1064 1590 δὲ
1079 1564 1148 1595 ὅλως
1160 1565 1240 1599 ὑμεῖς
1255 1566 1290 1599 μή
1310 1565 1371 1591 ἐστε
1391 1564 1526 1600 ἀδόκιμοι,
1545 1565 1648 1597 ἐλπίζω
1674 1566 1716 1593 δτι
1744 1567 1789 1593 διὰ

990 1610 1040 1645 τῆς
1056 1611 1096 1642 εἰς
1124 1611 1196 1645 ὑμᾶς
1219 1611 1354 1646 τιμωρίας
1378 1610 1517 1645 γνώσεσθε
1531 1631 1538 1642 ,
1561 1612 1603 1638 ὃτι
1630 1612 1713 1646 ἡμεῖς
1737 1612 1789 1639 οὔκ

993 1657 1079 1691 ἐσμεν
1091 1657 1228 1690 ἀδόκιμοι.
1256 1657 1331 1683 Ἔδει
1352 1656 1402 1691 μὲν
1421 1655 1468 1683 οὖν
1486 1657 1560 1692 ἄλλῳ
1573 1657 1668 1692 τρόπῳ
1685 1657 1791 1691 γνῶναι

994 1703 1066 1737 ὑμᾶς
1085 1703 1133 1729 καὶ
1157 1703 1257 1729 εἰδέναι
1277 1703 1318 1729 ὅτι
1347 1702 1454 1737 δόκιμοι
1471 1703 1567 1737 ἐσμεν.
1586 1703 1697 1738 Ἐπειδὴ
1712 1703 1741 1730 δὲ
1757 1704 1787 1729 οὐ

994 1747 1121 1782 βούλεσθε
1136 1768 1143 1781 ,
1161 1748 1205 1774 διὰ
1230 1749 1279 1784 τῆς
1303 1748 1379 1784 ὑμῶν
1405 1749 1542 1784 τιμωρίας
1571 1748 1651 1776 τοῦτο
1679 1749 1788 1783 γνώσε-

995 1793 1056 1821 σοε.

1001 1845 1028 1867 ct
1057 1841 1141 1868 vitam
1170 1840 1352 1868 conformiter
1381 1841 1544 1875 instituatis,
1577 1841 1686 1878 reprobi
1707 1842 1788 1870 estis.

149 1881 247 1917 inquit,
263 1888 291 1911 et
306 1884 433 1913 Christus
448 1887 475 1913 in
494 1886 572 1914 vobis
589 1894 644 1914 non
656 1891 709 1920 est,
741 1894 829 1922 neque
848 1887 936 1922 signis
957 1886 1077 1914 ostendit
1090 1887 1162 1921 quod
1183 1894 1302 1922 praesens
1315 1887 1351 1914 sit
1367 1887 1439 1922 apud
1462 1895 1520 1914 vos.
1540 1897 1550 1914 ι
1569 1888 1603 1914 At
1629 1895 1711 1922 spero
1738 1893 1794 1913 vos

148 1932 316 1966 cognituros.
335 1942 345 1959 ι
362 1932 390 1961 Si
405 1939 496 1962 autem
529 1942 581 1962 non
607 1935 720 1962 omnino
750 1935 859 1970 reprobi
878 1935 957 1966 estis,
979 1942 1061 1969 spero
1084 1942 1132 1962 vos
1147 1934 1306 1968 cognituros
1318 1942 1366 1969 per
1387 1934 1517 1962 uitianem
1549 1943 1610 1970 qua:
1631 1935 1658 1961 in
1677 1942 1727 1962 vos
1743 1934 1793 1961 ﬁn’u

147 1979 218 2013 quod
235 1987 286 2008 nos
303 1987 358 2007 non
375 1981 464 2009 simus
485 1982 605 2016 reprobi.
623 1982 768 2017 Oporteret
780 1982 875 2017 utique
908 1988 958 2008 vos
980 1982 1034 2008 alio
1058 1981 1138 2008 modo
1154 1988 1322 2015 cognoscere
1337 1987 1367 2008 ac
1384 1981 1456 2008 seire
1468 1981 1539 2016 quod
1554 1981 1660 2016 probati
1676 1982 1765 2008 simus
1781 2003 1786 2007 .

148 2027 277 2060 quoniam
290 2030 381 2054 autem
396 2035 449 2054 non
463 2027 556 2060 vultis,
573 2035 621 2062 per
651 2029 816 2063 supplicium
852 2033 973 2054 vestrum

183 2083 252 2116 XIII,
265 2082 326 2110 7-9.
347 2082 413 2116 Opto
433 2088 520 2110 autem
538 2084 609 2117 apud
628 2083 711 2110 Deum
734 2093 765 2111 ne
786 2084 848 2118 quid
874 2085 938 2110 muti

149 2130 268 2164 faciatis.
280 2137 332 2156 non
346 2137 398 2164 quo
412 2137 459 2156 nos
473 2130 577 2164 probati
592 2137 778 2164 appareamus,
794 2130 838 2157 sed
853 2135 880 2156 ut
894 2138 937 2156 ros

149 2176 218 2211 quod
237 2177 375 2203 honestum
396 2181 435 2203 est
457 2176 576 2210 faciatis,
599 2185 646 2203 nos
669 2184 729 2203 vero
745 2177 813 2203 velut
835 2178 938 2210 reprobi

150 2222 233 2249 simus
251 2230 301 2249 non
317 2223 385 2248 enim
398 2230 538 2256 possumus
550 2223 692 2257 quidquam
704 2223 829 2250 adversus
844 2224 940 2250 oe:ita-~
957 2212 977 2238 υ

152 2272 213 2300 tem,
233 2269 276 2295 sed
298 2276 345 2302 pro
363 2269 482 2295 veritate.
501 2268 655 2296 Gaudemus
671 2270 738 2296 enim
755 2278 814 2296 cum
831 2278 878 2296 nos
898 2271 941 2296 iu-

151 2315 222 2347 ]irmi
235 2315 376 2348 fuerimus,
389 2323 432 2342 nos
447 2320 533 2342 autem
548 2315 632 2342 validi
652 2315 766 2349 fueritis.
782 2315 838 2343 lloc
852 2323 940 2343 autem

151 2360 256 2394 insuper
273 2365 394 2394 optamus
413 2366 526 2388 vestram
544 2361 734 2396 integritatem.

187 2473 256 2501 Vide
285 2477 406 2500 mentem
435 2473 654 2508 philosophicam
686 2483 694 2502 :
725 2475 939 2510 despiciebatur,

151 2519 376 2547 subsannabatur
392 2523 521 2554 tanquam
540 2519 607 2547 nihil
629 2525 734 2555 posset,
751 2520 799 2547 sed
819 2520 845 2546 in
867 2521 940 2547 litte-

153 2566 190 2594 ris
203 2565 528 2601 duntaxatgloriaretur:
546 2570 572 2594 et
587 2574 642 2594 non
657 2567 737 2594 modo
753 2566 854 2599 (Ιίπιπι,
866 2567 941 2594 illato

150 2612 184 2639 ad
192 2621 285 2641 versus
304 2612 367 2640 illos
384 2613 529 2647 supplicio,
545 2615 685 2648 propriam
702 2613 877 2640 manifestare
893 2621 941 2648 po-

151 2658 265 2685 tentiam
284 2666 292 2685 :
311 2666 404 2686 verum
422 2658 503 2686 ctiam
522 2663 652 2694 precatur
672 2667 706 2686 ne
721 2659 830 2693 quando
846 2660 872 2687 in
891 2667 939 2686 ne-

151 2706 309 2733 cessitatem
333 2705 438 2733 incidat
465 2705 536 2733 hanc
560 2705 777 2733 demonstrandi.
799 2706 941 2739 Quomodo

152 2759 217 2786 ergo
229 2756 256 2779 et
268 2759 364 2786 speras
376 2751 448 2787 quod
464 2752 596 2786 probatus
611 2751 765 2785 apparebis,
777 2760 941 2786 rursumque

155 2804 172 2830 p
187 2797 277 2824 rearis
295 2805 330 2824 nc
351 2797 417 2824 ﬁat?
444 2796 548 2824 Precor
562 2796 672 2831 quidem
694 2801 724 2824 ut
743 2805 791 2824 vos
813 2798 940 2825 meliores

154 2843 315 2874 rodilamini,
341 2850 392 2870 nec
414 2842 479 2869 mihi
504 2849 573 2876 opus
595 2842 630 2870 sit
652 2841 754 2870 inferre
771 2842 796 2869 in
815 2851 862 2870 vos
876 2850 941 2878 βιῳ-

154 2887 279 2924 Ρέ.εἰμιυ,
303 2892 350 2915 aut
376 2895 418 2915 me
439 2888 583 2923 probatqu
609 2897 641 2916 es
671 2888 720 2916 hoc
746 2889 864 2917 ostendi.
885 2889 939 2916 lloc

994 2027 1179 2062 cognoscetis.

1029 2084 1162 2119 Εὔχομαι
1177 2084 1211 2111 δὲ
1222 2085 1297 2119 πρὸς
1310 2084 1364 2112 τὸν
1381 2084 1456 2111 Θεὸν
1482 2084 1526 2118 μὴ
1553 2083 1681 2118 ποιῆσαι
1710 2086 1790 2120 ὑμᾶς

992 2130 1088 2157 καλὸν
1111 2131 1220 2165 μηδὲν,
1234 2132 1290 2164 οὐχ
1315 2131 1366 2157 ἵνα
1385 2130 1470 2164 ἡμεῖς
1492 2129 1609 2165 δόκιμοι
1632 2131 1789 2166 φανῶμεν,

990 2176 1058 2203 ιὶῌ·
1072 2176 1123 2203 ἵνα
1154 2175 1238 2210 ὑμεῖς
1262 2175 1294 2202 τὸ
1314 2176 1413 2202 καλὸν
1440 2175 1556 2209 ποιῆτε.
1580 2175 1668 2210 ἡμεῖς
1696 2176 1731 2203 δὲ
1749 2177 1790 2209 ὡς

992 2222 1127 2256 ἀδόκιμοι
1150 2219 1238 2256 ὦμεν.
1263 2222 1304 2248 οὐ
1329 2221 1384 2256 γὰρ
1412 2221 1565 2255 δυνάμεθά
1590 2230 1617 2248 τι
1639 2223 1718 2250 κατὰ
1735 2223 1792 2257 τῆς

978 2268 1146 2301 ,ὼίηθέίαα
1177 2267 1246 2294 ἀλλ’
1278 2266 1354 2301 ὑπὲρ
1371 2266 1427 2301 τῆς
1452 2267 1609 2300 ἀληθείας.
1640 2268 1792 2303 Ita/popa-

994 2315 1048 2348 γὰρ
1075 2315 1148 2340 ὅταν
1162 2313 1247 2348 ἡμεῖς
1269 2313 1454 2348 ἀσθενῶμεν,
1484 2313 1569 2348 ὑμεῖς
1599 2314 1634 2340 δὲ
1660 2315 1790 2343 δυνατοὶ

992 2358 1054 2395 ἦτε.
1075 2359 1165 2387 Τοῦτο
1177 2359 1212 2386 δὲ
1231 2359 1280 2386 καὶ
1292 2360 1442 2394 εὐχόμεθα
1455 2359 1512 2394 τὴν
1537 2358 1620 2394 ὑμῶν
1649 2360 1790 2395 κατάρτι-

993 2415 1055 2436 σιν.

1029 2477 1101 2511 Ὅρα
1125 2475 1270 2510 φιλόσοφον
1298 2474 1422 2510 γνώμην,
1457 2475 1660 2510 κατειρρονεῖτο,
1697 2477 1790 2510 ἐκωμ-

992 2523 1087 2558 ῳδεῖτο
1102 2522 1139 2554 ὡς
1153 2521 1230 2548 οὐδὲν
1244 2521 1406 2555 δυνάμενος,
1421 2521 1478 2548 ἀλλ’
1502 2522 1531 2548 ἐν
1546 2521 1694 2556 γράμμασι
1706 2521 1789 2556 μόνον

993 2567 1154 2602 κομπάζων.
1172 2568 1226 2594 Καὶ
1240 2567 1271 2594 οὺ
1289 2568 1371 2602 μόνον
1395 2567 1577 2594 ἀναϐάλλεται
1594 2567 1638 2593 διὰ
1652 2569 1703 2602 τῆς
1724 2568 1789 2594 κατ’

992 2613 1103 2640 ἐκείνων
1131 2613 1266 2648 τιμωρίας
1291 2613 1342 2648 τὴν
1366 2613 1472 2639 οἰκείαν
1509 2612 1587 2647 ἰσχὺν
1613 2613 1786 2648 φανερῶσιε,

992 2659 1060 2687 ἀλλὰ
1073 2659 1120 2686 καὶ
1135 2659 1244 2694 εὔχεται
1259 2658 1296 2694 μὴ
1311 2659 1441 2693 ἐμπεσεῖν
1459 2667 1523 2692 ποτε
1540 2660 1581 2690 είς
1595 2659 1721 2694 ἀνάγκην
1739 2659 1786 2686 τοῦ

992 2706 1093 2741 ταύτην
1105 2706 1248 2738 ἐπιδεῖξαι.
1261 2718 1295 2724 -
1308 2704 1409 2740 [oar]
1439 2705 1500 2736 Πῶς
1519 2704 1567 2731 οὖν
1587 2705 1635 2731 καὶ
1663 2705 1786 2737 ἐλπίζεις

991 2752 1103 2786 δόκιμος
1128 2751 1257 2786 ὀφθῆναι,
1290 2751 1338 2778 aut
1368 2751 1449 2777 πάλιν
1475 2750 1544 2786 εὔχῃ
1570 2751 1608 2786 μὴ
1636 2751 1782 2783 γενέσθαη

992 2797 1108 2833 εὔχομαι
1122 2797 1172 2832 μὲν
1188 2797 1367 2832 βελτιωθῆναι
1382 2798 1464 2832 ὑμᾶς,
1474 2797 1522 2824 καὶ
1541 2796 1579 2832 μὴ
1589 2797 1721 2832 δεηθῆναί
1749 2805 1782 2831 με

992 2843 1042 2877 τῆς
1055 2844 1098 2877 ἐφ’
1111 2843 1182 2878 ὑμᾶς
1199 2843 1342 2877 τιμωρίας,
1362 2843 1428 2877 μηδὲ
1452 2843 1563 2877 δόκιμον
1579 2843 1609 2868 ἐν
1625 2843 1713 2878 ταύτῃ
1726 2843 1781 2868 δισ-

992 2888 1142 2924 δειΑΟή-ιαι.
1173 2889 1256 2915 Τοῦτο
1286 2888 1410 2924 stippa,
1445 2891 1472 2915 ἒν
1495 2888 1692 2924 τοὺττιιχαίρω.
1709 2888 1780 2915 Εὶᾶὲ
