1872 3049
137 154 204 186 1087

684 147 884 180 (ECUMENII
900 147 1046 178 TRICCJE
1064 146 1234 177 EPISCOPI

1699 144 1762 177 1088

135 210 223 238 l‘mctt'
244 217 342 236 omnes.
365 207 460 235 Cralia
479 206 586 234 Domini
601 205 664 233 Iesu
677 205 757 240 711
771 204 879 235 Christi.
897 208 921 230 et

984 201 1073 232 Torta:
1099 200 1176 235 ὖμᾶς
1197 201 1224 227 ol
1239 200 1315 234 ἅγιοι
1343 199 1463 232 πάντες.
1488 199 1519 226 Ἠ
1529 199 1617 234 χάρις
1637 199 1691 226 τοῦ
1708 194 1760 228 Κυ-

135 254 262 282 Charitas
284 253 343 285 Dei,
365 258 389 280 et
415 252 620 280 communicatio
645 250 762 285 Spiritus
783 251 869 278 sancti
888 251 923 277 sit

984 248 1040 274 )lov
1062 247 1165 281 Ἰησοῦ
1185 245 1323 280 Χριστοῦ,
1342 245 1390 272 καὶ
1402 245 1421 277 ὴ
1436 245 1536 280 ἀγάπη
1551 245 1604 272 τοῦ
1621 246 1759 277 escium!

134 309 194 328 cum
210 300 331 327 onmibus
350 299 419 326 vobis
447 300 540 327 Amen.

173 388 320 422 Postquam
336 394 396 421 ego,
412 387 511 421 inquit,
524 385 596 421 quod
611 393 701 412 meum
717 389 759 413 est
778 384 828 412 feci
849 392 855 410 :
872 385 924 411 hoc

136 439 188 465 εει,
200 433 345 460 consilium
361 432 423 459 dedi
439 440 471 459 ac
488 432 608 459 minatus
626 439 684 458 smn
703 441 709 458 :
731 431 866 466 reliquum
884 436 926 457 est

137 484 165 504 Ill
191 483 217 504 οι
241 485 289 504 V05
311 485 372 511 qua:
393 481 484 504 γυςιη
505 482 570 504 511111.
592 476 753 508 conferatis,
778 483 875 510 nempe
896 479 924 502 ut

138 524 288 558 gaudeatis.
309 523 468 550 Gamlcbitis
491 528 582 550 autem
606 523 734 554 correcti,
757 527 783 549 et
806 529 878 548 nunc
899 526 925 547 ιιι

138 569 163 596 iu
184 569 319 596 futurum.
345 578 355 594 ‹
373 568 503 596 Gaudete.
521 578 530 594 ι
555 569 679 596 Scientes
705 568 779 603 quod
806 575 838 594 ea
864 575 925 602 quae

136 615 321 642 comminatus
345 622 417 647 sum,
441 622 531 650 neque
553 615 604 642 hoc
624 615 706 649 cupio
726 623 733 641 ε
750 614 816 648 quin
839 613 925 646 magis

137 659 244 694 reiagio
264 667 298 686 ne
315 659 390 692 ﬁant,
410 660 531 686 minatus
549 665 651 691 autem,
673 664 702 686 ut
718 659 835 686 correcti
858 659 925 685 nihil

137 705 216 732 triste
241 705 394 740 patiamini,
413 705 474 732 ideo
497 705 624 740 gaudete.
648 714 658 731 ι
676 704 778 740 lutegri
798 708 897 732 estote.
914 714 923 730 ι

136 750 194 778 11οο
207 755 261 785 est,
280 751 393 786 perfecti
409 751 481 783 sitis,
493 752 629 786 complete
647 759 678 779 ea
694 759 754 786 qua:
771 751 881 783 desunt.
899 751 925 778 in

136 797 236 825 virtute
261 797 452 832 perﬁciamiui,
472 801 499 824 et
515 803 613 824 castora
636 796 728 824 facite.
745 797 814 824 Nam
835 798 858 825 si
878 805 926 824 vos

137 843 195 870 htec
212 842 381 876 operemini.
401 850 455 869 non
480 842 568 869 solum
587 843 654 869 nihil
670 850 753 878 grave
771 842 924 877 patiemini,

136 888 317 915 verumetiam
349 886 421 915 Deus
447 887 592 915 charitatis
623 895 655 914 ac
692 888 768 922 pacis
799 890 852 916 erit
879 897 925 916 \‘0-

137 932 256 959 hiscum.
291 941 300 957 ι
331 931 553 959 Consolationem
594 933 721 967 accipite.
746 942 755 959 ι
791 932 926 966 Quoniam

138 978 228 1005 inultae
245 983 324 1006 erant
339 977 511 1011 aﬂlictioues,
532 978 569 1005 ait
588 987 595 1006 :
616 978 836 1006 COnsolationem
855 980 928 1006 acci-

138 1024 192 1057 pite
212 1027 240 1051 et
261 1031 275 1050 a
296 1024 375 1051 vobis
400 1024 467 1059 ipsis
484 1028 510 1051 et
532 1024 566 1051 ab
591 1024 652 1052 aliis
677 1031 684 1051 :
710 1030 841 1059 praterca
864 1029 891 1052 et
911 1033 927 1053 a

137 1066 305 1094 conscientia
322 1067 355 1094 ad
376 1068 517 1095 meliorem
539 1069 719 1096 mutationem
741 1070 861 1096 animum
879 1078 927 1097 su-

138 1113 212 1140 mite.
238 1122 247 1139 l
269 1113 366 1141 Pacem
391 1115 499 1143 habeto.
524 1125 533 1142 ι
562 1116 621 1144 Hoc
642 1117 670 1144 in
698 1117 798 1152 prioris
817 1125 927 1153 quoque

137 1158 260 1192 epistolae
275 1160 391 1187 exordio
414 1162 511 1196 petivit
533 1170 540 1190 ε
563 1162 736 1191 dissidebant
758 1163 830 1191 enim
856 1165 928 1191 inter

137 1210 177 1230 se.
195 1203 265 1237 Quid
286 1212 352 1240 ergo
373 1207 470 1240 cupit?
492 1212 520 1234 ut
541 1207 612 1235 idem
638 1209 775 1236 sentirent
788 1215 815 1236 et
832 1217 926 1244 pacem

138 1249 269 1276 haberent
284 1251 366 1286 :quia
383 1252 518 1287 contingit
530 1253 601 1280 idem
619 1255 723 1282 sentire
740 1255 766 1281 in
779 1254 926 1289 dogmatis,

137 1303 192 1322 non
207 1300 296 1324 tamen
313 1305 406 1332 pacem
422 1303 517 1326 mutuo
529 1299 639 1327 habere.
651 1310 660 1325 ι
672 1300 704 1328 Ει
719 1300 791 1328 Deus
804 1301 927 1328 charita-

138 1341 184 1368 tis.
201 1351 210 1368 ι
230 1342 300 1370 Deus
314 1345 469 1378 appellatur
487 1344 558 1373 Deus
571 1345 713 1374 charitatis
729 1347 787 1374 sive
803 1347 928 1374 dilectio-

139 1388 194 1420 nis,
217 1395 250 1415 eo
274 1390 345 1422 quod
371 1397 422 1418 nos
446 1391 573 1418 dilexerit
591 1400 598 1419 ;
619 1392 694 1427 pacis
717 1400 782 1419 vero
804 1400 837 1420 eo
853 1394 926 1427 quod

140 1441 207 1468 pace
224 1435 348 1468 junxerit
363 1437 484 1464 cmlestia
507 1438 634 1465 terrenis.
656 1438 695 1466 Ex
712 1438 859 1466 dilectione
879 1446 929 1466 au-

125 1484 194 1522 rtem
215 1486 257 1508 est
273 1489 335 1517 pax.
352 1481 379 1509 Si
405 1483 472 1516 haec,
496 1483 595 1519 inquit.
620 1484 752 1518 feceritis,
767 1485 820 1513 erit
835 1486 927 1514 vobis-

974 294 993 327 ἡ
1010 293 1148 320 κοινωνία
1171 292 1225 320 τοῦ
1241 293 1327 329 ἁγίου
1341 292 1528 327 Πνεύματος,
1551 293 1627 327 μετὰ
1639 293 1759 320 πάντων

976 339 1070 373 ὑμῶν.
1094 338 1199 373 Ἀμήν.

1011 385 1087 412 Μετὰ
1104 384 1203 420 τδὲμὲ,
1218 384 1295 420 φησὶ,
1307 384 1338 411 τὺ
1352 384 1473 420 ἐμαυτοῦ
1491 385 1615 419 ποιῆσαι.
1629 385 1760 417 τουτέστι,

977 430 1189 466 συμῦουλεῦσαι,
1215 431 1371 466 ἀπειλῆσαι,
1401 431 1549 457 ὑπόλοιπόν
1576 432 1634 457 ἐστι
1663 431 1759 458 τδ.καὶ

976 478 1049 512 ὑμᾶς
1077 478 1111 504 τὰ
1139 476 1186 510 ἀφ’
1203 476 1280 511 ὑμῶν
1303 476 1518 510 συνεισενέγκαι.
1531 475 1567 502 Τδ
1579 476 1607 502 δέ
1620 477 1689 508 ἐστι,
1704 476 1759 510 χαί-

977 529 1048 558 ρετε·
1065 522 1220 558 χαρήσεσθε
1234 522 1262 548 δὲ
1273 521 1473 557 διορθούμενοι,
1491 522 1539 548 νῦν
1550 530 1590 553 τε,
1607 522 1657 548 καὶ
1672 523 1699 547 ἐν
1724 521 1760 555 τῷ

978 566 1112 602 μέλλοντι.
1128 576 1137 593 t
1151 567 1279 602 Χαίρετε.
1295 577 1306 592 ι
1324 567 1465 598 Μαθόντες
1478 567 1518 593 ὄτι
1534 568 1606 602 ἅπερ
1618 567 1761 601 ἠπείλησα,

976 613 1024 648 οὐχ
1040 613 1083 640 ἵνα
1097 613 1203 648 ποιήσω
1217 612 1366 647 ἠπείλησα,
1388 612 1449 638 οὐδὲ
1478 612 1548 638 θέλω
1575 612 1667 643 τοῦτο,
1699 611 1761 638 ἀλλὰ

976 659 1024 685 καὶ
1035 659 1191 694 ἀπεύχομαι
1207 658 1344 692 γενέσθαι.
1365 658 1517 694 Ἥπείλησα
1540 659 1568 685 δὲ
1584 659 1628 685 ῐνα
1653 658 1760 692 διορθωο

977 704 1081 735 θέντες.
1098 705 1180 739 μηδὲν
1191 704 1300 738 ἀνιαρὸν
1320 703 1436 739 πάθητε.
1460 705 1505 731 Διὸ
1519 705 1641 740 χαίρετε,
1659 714 1668 729 ι
1688 705 1760 731 Κατ-

977 749 1131 784 αρτίζεσθε,
1148 758 1156 774 ι
1174 749 1255 775 οἱονεὶ
1270 748 1368 775 τέλειοι
1393 749 1514 783 γίνεσθε,
1532 749 1721 783 ἁναπληροῦτε
1729 750 1761 776 τὰ

976 794 1115 823 λείποντα,
1132 794 1161 819 ὲν
1172 794 1256 828 ἀρετῇ
1271 792 1436 825 τελειοῦσθε,
1460 794 1506 819 καὶ
1519 793 1604 820 τᾶλλα
1619 793 1758 829 πράττετε.

977 840 1071 867 Ταῦτα
1082 840 1136 875 γὰρ
1150 840 1164 866 ὗ
1169 839 1227 874 μῶν
1236 839 1452 875 κατορθούντων,
1463 839 1493 865 οὐ
1506 840 1587 874 μόνον
1596 839 1673 866 οὐδὲν
1681 839 1762 865 δεινὸν

978 883 1117 914 πείσεσθε.
1132 883 1199 910 ἀλλὰ
1214 884 1261 911 καὶ
1273 885 1287 910 ὁ
1298 883 1364 915 Θεὸς
1380 885 1429 918 τῆς
1443 884 1554 919 ἀγάπης
1566 884 1615 910 καὶ
1630 883 1679 918 τῆς
1692 884 1761 918 εἰρή-

977 939 1036 965 νης,
1067 930 1143 957 ἔσται
1172 930 1332 965 μεθ’ὺμῶν.
1351 940 1360 956 ι
1378 930 1598 965 Παρακαλείσθε.
1621 939 1630 956 ι
1658 930 1758 964 Ἐπειδὴ

979 977 1071 1003 πολλοὶ
1082 974 1151 1012 ἦσαν
1167 977 1192 1003 o!
1207 977 1369 1012 πειρασμοὶ,
1389 976 1466 1011 φησὶ,
1485 976 1705 1011 Παρακαλεῖσθε,
1718 976 1760 1002 καὶ

978 1024 1023 1057 ὑφ’
1039 1023 1155 1056 ἑαυτῶν,
1171 1023 1217 1050 καὶ
1233 1023 1284 1049 ὑπὸ
1299 1023 1397 1050 ἄλλων.
1413 1023 1474 1050 Ἔτι
1492 1031 1522 1049 τε
1546 1022 1600 1049 ὑπὸ
1612 1022 1664 1056 τῆς
1679 1031 1761 1049 συνει-

977 1069 1091 1104 δήσεως,
1114 1070 1153 1101 είς
1171 1069 1269 1103 βελτίω
1283 1069 1436 1105 μεταϐολὴν
1458 1068 1679 1105 παραμυθεῖσθε.
1693 1078 1702 1094 ι
1721 1068 1760 1094 Εἰ-

979 1115 1117 1151 ρηνεύετε.
1133 1125 1142 1141 ι
1161 1116 1245 1142 Τοῦτο
1261 1117 1308 1143 καὶ
1331 1117 1360 1143 ἐν
1387 1118 1419 1152 τῇ
1450 1117 1547 1153 πρώτῃ
1580 1115 1707 1150 ἐπιστολῇ
1735 1115 1760 1141 ἐν

979 1162 1132 1196 προοιμίοις
1147 1162 1243 1197 ᾔτησε.
1262 1162 1457 1195 Διεστασίαζον
1475 1163 1530 1197 γὰρ
1545 1163 1615 1198 πρὸς
1642 1161 1759 1191 ἑαυτούς.

978 1208 1011 1234 Τί
1024 1208 1053 1234 δὲ
1079 1208 1221 1243 βούλεται;
1240 1208 1270 1235 τό
1290 1217 1320 1236 τε
1345 1209 1374 1235 τὺ
1388 1209 1455 1235 αὐτὸ
1479 1210 1600 1244 φρονεῖν,
1625 1208 1673 1234 καὶ
1692 1208 1759 1242 εἰρη-

979 1253 1078 1285 νεύειν,
1092 1254 1133 1280 ὅτι
1150 1254 1189 1281 ἔνι
1204 1254 1234 1280 τὸ
1250 1254 1315 1281 αὐτὸ
1340 1254 1390 1288 μὲν
1403 1255 1512 1288 φρονεῖν
1529 1255 1558 1280 ὲν
1572 1255 1630 1286 τοῖς
1640 1254 1757 1288 δόγμασι.

980 1299 1018 1334 μὴ
1034 1299 1187 1335 εἰρηνεύειν
1201 1299 1229 1326 δὲ
1258 1299 1326 1335 πρὸς
1341 1300 1464 1331 ἑαυτούς.
1484 1309 1493 1326 ι
1517 1300 1572 1326 Καὶ
1589 1301 1604 1326 ό
1625 1299 1689 1331 Θεὸς
1715 1298 1760 1332 τῆς

979 1345 1099 1380 ἀγάπης.
1117 1354 1126 1370 ι
1147 1345 1214 1377 Θεὸς
1229 1346 1340 1380 ἀγάπης
1361 1347 1374 1372 ὀ
1388 1346 1455 1377 Θεὸς
1479 1345 1659 1381 χρηματίζει,
1679 1345 1719 1371 διὰ
1733 1345 1761 1371 τὸ

978 1392 1153 1426 ἠγαπηκέναι
1165 1393 1239 1427 ἡμᾶς
1253 1400 1260 1407 '
1277 1393 1389 1428 είρήνης
1405 1393 1445 1425 δὲ,
1463 1392 1507 1420 διὰ
1524 1392 1554 1419 τὸ
1565 1392 1759 1429 είρηνεῦσαιτὰ

979 1438 1008 1463 ὲν
1023 1437 1131 1472 οὐρανῷ
1145 1439 1200 1469 τοῖς
1215 1438 1244 1464 ὲν
1257 1439 1304 1473 γῇ.
1315 1438 1362 1464 Ἐκ
1374 1438 1403 1465 δὲ
1426 1439 1475 1473 τῆς
1493 1439 1616 1474 ἀγάπης,
1632 1439 1648 1474 ἡ
1662 1439 1758 1473 εἰρήνη.

985 1483 1058 1516 Ἐὰν,
1079 1485 1157 1519 φησι,
1170 1484 1258 1510 ταῦτα
1275 1484 1382 1520 ποιῆτε,
1402 1484 1481 1512 ἔσται
1497 1485 1558 1520 μεθ’
1573 1485 1653 1519 ὑμῶν
1667 1485 1757 1516 ὸΘεὺς.

139 1533 202 1553 cum
218 1527 299 1555 Deus.
319 1528 372 1556 Aut
389 1534 450 1557 orat
466 1535 494 1557 ut
512 1530 550 1558 ita
569 1531 625 1558 ﬁat.
651 1541 661 1558 ‹
677 1530 778 1559 Sancto
791 1533 896 1560 osculo.
915 1543 923 1559 ι

984 1529 1166 1564 ῆὲπεύχεται.
1188 1539 1197 1556 ι
1222 1529 1265 1556 Ἐν
1283 1530 1354 1565 ἁγίῳ
1374 1531 1518 1566 φιλήματι.
1535 1540 1544 1557 ι
1570 1532 1618 1568 Μὴ
1650 1530 1757 1564 ὑπούλῳ,

138 1571 199 1599 Non
215 1573 321 1607 doloso,
338 1575 438 1610 inquit,
451 1581 477 1604 et
493 1576 678 1609 fraudulento,
695 1578 925 1613 quemadmodum

138 1617 232 1647 Judas.
256 1621 406 1656 Propterea
428 1628 514 1649 autem
533 1623 735 1656 deosculamur,
757 1628 786 1650 ut
808 1625 926 1652 suscite-

140 1672 201 1692 mus
214 1673 277 1701 erga
296 1675 347 1694 nos
358 1667 433 1701 ipsos
449 1676 582 1696 amorem.
605 1678 614 1695 ι
630 1669 757 1697 Salutant
773 1678 821 1698 vos
838 1671 926 1698 sancti

140 1717 247 1738 omnes.
275 1721 284 1737 ι
314 1711 469 1740 Ριιεεοηιοε
498 1714 608 1748 quidem
639 1715 734 1742 osculo
762 1717 926 1752 coniungit,

141 1755 269 1784 absentes
286 1765 351 1785 vero
367 1759 535 1786 salutatione
556 1764 582 1786 et
605 1761 735 1796 alloquio.
751 1761 816 1788 Nam
833 1762 867 1789 ab
882 1770 928 1790 eo-

140 1801 201 1828 dem
220 1803 329 1830 interim
346 1812 393 1831 ore
409 1806 560 1839 procedunt
581 1807 709 1834 salutatio
723 1813 748 1835 et
764 1808 926 1843 alloquium.

144 1857 154 1873 ι
173 1848 266 1875 Gratia
291 1849 397 1877 Domini
420 1850 484 1879 Jesu
505 1851 618 1880 Christi.
640 1862 649 1879 ι
668 1852 816 1889 Postquam
831 1862 927 1882 omnes

140 1893 294 1928 conjunxit,
310 1903 390 1930 quem
412 1904 492 1923 suum
514 1905 616 1925 morem
635 1898 715 1926 etiam
737 1907 809 1927 nunc
826 1905 926 1933 servat,

140 1944 271 1984 precatur
288 1941 329 1968 eis
345 1943 432 1976 gratia
447 1942 508 1975 ﬁlii,
521 1951 574 1978 qua
587 1945 678 1972 salvos
695 1953 746 1973 nos
764 1945 828 1974 fecit
841 1947 926 1981 gratia

140 1986 251 2014 occisus
274 1995 323 2022 pro
340 1989 431 2021 nobis.
452 1993 479 2016 et
494 1997 549 2017 non
571 1996 684 2025 propter
701 1999 785 2026 opera
807 1997 901 2020 nostra
919 2002 925 2020 :

141 2036 168 2058 et
188 2032 349 2060 charitatem
369 2033 428 2066 Dei,
442 2043 496 2070 qua
513 2043 563 2062 nos
579 2036 685 2069 dilexit,
697 2037 760 2064 dato
781 2045 832 2072 pro
848 2039 927 2067 nobis

142 2077 223 2111 712
236 2076 399 2112 Unigenito:
412 2081 686 2108 communicationem
700 2081 819 2116 Spiritus
829 2084 927 2116 sancti,

142 2122 195 2149 hoc
206 2127 259 2155 est,
276 2124 512 2159 participationem
530 2124 588 2159 ejus
611 2130 639 2153 et
661 2127 859 2162 acceptionem,
881 2136 929 2163 per

141 2176 224 2203 quam
240 2176 336 2197 omnes
356 2171 561 2200 sanctiﬁcamur
576 2172 604 2199 in
620 2173 860 2208 superveulionem
875 2173 927 2201 Pa-

141 2216 236 2242 racleti
255 2215 300 2243 Dei
316 2216 445 2252 Spiritus.

142 2269 228 2304 Finis,
249 2271 336 2299 divino
360 2273 464 2307 fauente
483 2274 594 2306 auxilio,
612 2275 764 2309 posterioris
787 2259 822 2301 (1.41
835 2275 930 2304 Coriu-

428 2309 494 2336 tliios
513 2309 650 2342 Ερίειοίω.

203 2362 286 2391 Missa
301 2368 343 2391 est
359 2371 373 2391 a
393 2364 526 2400 Philippis
541 2373 590 2400 per
606 2366 696 2393 Titum
713 2370 740 2394 et
756 2366 867 2394 Lucam.

980 1574 1057 1608 φησὶ,
1072 1574 1120 1601 καὶ
1136 1574 1249 1610 δολερῷ,
1264 1575 1302 1606 ὡς
1313 1574 1327 1600 ὁ
1339 1575 1452 1607 Ἰούδας.
1468 1575 1518 1602 Διὰ
1528 1575 1610 1602 τοῦτο
1629 1576 1658 1603 δὲ
1674 1575 1758 1610 φιλοῦ-

980 1628 1039 1654 μεν,
1055 1619 1098 1646 ἵνα
1111 1619 1339 1655 ἀναζωπυρῶμεν
1352 1621 1401 1656 τὴν
1425 1621 1492 1656 πρὸς
1508 1621 1624 1653 ἑαυτοὺς
1648 1622 1758 1655 ἀγάπην.

981 1674 990 1690 ι
1018 1666 1199 1697 Ἀσπάζονται
1223 1666 1296 1700 ὑμᾶς
1316 1667 1341 1693 οἱ
1364 1667 1436 1702 ἆγιοι
1461 1668 1573 1699 πάντες.
1594 1678 1605 1694 ι
1624 1668 1692 1699 Τοὺς
1715 1667 1758 1702 μὲν

979 1711 1116 1747 παρόντας
1133 1712 1177 1738 διὰ
1194 1712 1348 1748 φιλήματος
1362 1713 1506 1745 συνάπτει,
1525 1714 1589 1745 τοὺς
1604 1714 1633 1741 δὲ
1649 1714 1758 1744 ἀπόντας

978 1758 1022 1784 διὰ
1042 1758 1231 1793 προσρήσεως.
1257 1759 1322 1786 Ἀπὸ
1337 1760 1391 1795 γὰρ
1404 1760 1450 1787 τοῦ
1474 1761 1557 1787 αὐτοῦ
1580 1762 1686 1797 πρόεισι
1704 1761 1758 1787 στό-

982 1814 1076 1841 ματος.
1095 1806 1109 1832 ὁ
1122 1813 1151 1832 τε
1167 1806 1312 1840 ἀσπασμὺς
1328 1807 1374 1832 καὶ
1390 1807 1406 1841 ὴ
1423 1806 1587 1841 πρόσρησις.
1611 1816 1620 1832 ι
1644 1806 1674 1832 Ἦ
1687 1805 1757 1840 χάρις

979 1852 1026 1878 τοῦ
1054 1851 1156 1887 Κυρίου
1172 1852 1251 1887 ἡμῶν
1274 1851 1361 1887 Ἰησοῦ
1389 1852 1518 1887 Χριστοῦ.
1539 1861 1548 1878 ι
1580 1852 1688 1887 Ἐπειδὴ
1703 1860 1756 1877 συν-

979 1897 1047 1932 ῆψεν
1078 1898 1198 1929 ἅπαντας
1213 1917 1220 1929 ,
1251 1898 1319 1933 ὅπερ
1349 1897 1409 1929 ἔθος
1426 1897 1500 1933 αὐτῷ
1514 1918 1521 1930 ,
1547 1897 1595 1924 καὶ
1608 1898 1656 1925 νῦν
1680 1897 1752 1928 ποιεῖ,

980 1943 1125 1978 ἐπεύχεται
1137 1944 1228 1975 αὐτοῖς
1241 1943 1289 1978 τὴν
1300 1943 1380 1978 χάριν
1398 1943 1445 1970 τοῦ
1461 1943 1540 1975 Υἱοῦ.
1558 1943 1591 1970 δι’
1614 1941 1647 1980 ἧς
1667 1943 1754 1973 ἔσωσε,

979 1989 1070 2024 χάριτι
1087 1989 1134 2015 καὶ
1148 1989 1177 2015 οὑ
1193 1989 1226 2015 δι’
1238 1988 1308 2024 ἔργα.
1326 1989 1404 2024 ἡμῶν
1432 1990 1548 2024 σφαγεὶς
1575 1989 1646 2024 ὑπὲρ
1671 1988 1751 2024 ἡμῶν,

979 2035 1026 2060 καὶ
1040 2035 1089 2069 τὴν
1104 2034 1215 2069 ἀγάπην
1231 2034 1278 2061 τοῦ
1294 2035 1400 2070 Πατρὺς
1411 2035 1445 2070 ἣν
1457 2036 1602 2070 ἠγάπησεν
1619 2036 1698 2071 ἡμᾶς,
1712 2034 1752 2060 τδν
1797 2052 1799 2054 -

981 2081 1113 2116 μονογενῆ
1129 2080 1191 2112 δοὺς
1213 2081 1283 2116 ὑπὲρ
1298 2081 1389 2116 ἡμῶν.
1408 2082 1463 2108 Καὶ
1477 2081 1527 2116 τὴν
1545 2083 1687 2109 κοινωνίαν
1710 2080 1751 2107 τοῦ

980 2126 1057 2159 ἁγίου
1074 2125 1243 2160 Πνεύματος,
1255 2123 1310 2152 οἷον
1335 2126 1385 2161 τὴν
1409 2127 1525 2162 μετοχὴν
1541 2127 1625 2154 αὑτοῦ
1644 2127 1688 2154 καὶ
1713 2134 1753 2161 με·

979 2171 1104 2206 τάληψιν,
1121 2170 1155 2197 δι’
1172 2168 1206 2206 ἧς
1228 2171 1328 2202 πάντες
1348 2171 1529 2206 ἁγιαζόμεοα,
1552 2173 1581 2199 ἐν
1607 2175 1640 2208 τῇ
1655 2174 1752 2206 ἐπιφοι-

947 2214 969 2242 D
982 2217 1058 2252 τήσει
1075 2216 1121 2243 τοῦ
1138 2217 1313 2252 παρακλήτου
1332 2218 1400 2244 θεοῦ
1414 2217 1459 2244 τοῦ
1477 2218 1647 2253 Πνεύματος.

1020 2274 1118 2306 Τέλος,
1138 2273 1198 2300 σὺν
1226 2273 1297 2310 Θεῷ,
1318 2274 1375 2307 τῆς
1402 2275 1477 2308 πρὸς
1491 2277 1666 2310 Κορινθίους
1685 2273 1714 2308 ,ϐ’

1280 2309 1472 2344 Ἐπιστολῆς.

1036 2368 1159 2403 Ἰἰγράφη
1175 2368 1228 2394 ἀπὸ
1237 2368 1387 2401 Φιλίππων,
1401 2369 1444 2396 διὰ
1456 2370 1535 2396 Τίτου
1550 2370 1596 2396 καὶ
1613 2368 1705 2396 Aturi.
