1872 3049
92 175 164 209 1089
604 175 798 206 (ΣΟΜΜΕΝΤ.
810 176 850 206 ΙΝ
863 176 982 207 EPIST.
1005 178 1054 206 AD
1072 177 1092 207 G

978 201 982 206 .
1005 178 1054 206 AD
1072 177 1205 207 GALAT.

724 335 1106 392 ΥΠΟΘΕΣΙΣ

425 448 534 491 ΤΗΣ
575 448 720 491 ΠΡΟΣ
762 448 1015 492 ΓΑΛΑΤΑΣ
1052 447 1388 491 ΕΠΙΣΤΟΛΗΣ.

888 556 927 567 .-

655 630 1152 689 ARGUMENTUM

531 745 848 793 EPISTOLIE
885 748 959 793 AD
1008 749 1294 798 GALATAS..

129 924 240 959 Ταύτην
251 923 403 951 ἐπιστέλλει
414 923 467 950 ἀπὸ
486 923 607 959 Ῥώμης,
621 925 754 960 ἑωρακὼς
783 927 882 959 αὐτοὺς
899 929 919 957 Α
972 927 1051 963 713
1065 926 1092 953 H:

978 927 1051 963 713
1065 926 1139 954 Hanc
1156 927 1265 954 aburlle
1275 927 1359 954 ltoma
1374 928 1479 961 scribit,
1491 929 1726 964 cumjamvidisset

91 972 148 1006 ἤδη
166 972 214 997 καὶ
228 970 346 1003 διδάξας.
363 969 396 996 Ἦ
422 970 449 996 δὲ
473 971 610 1005 πρόφασις
624 971 674 1007 τῆς
710 972 881 1008 Ἐπιστολῆς,

92 1016 167 1050 αῦτη
178 1024 186 1031 ·
202 1015 378 1050 Διδαχθέντες
387 1015 478 1046 καλῶς
488 1017 512 1042 οἱ
524 1015 642 1043 Γαλάται
659 1017 734 1052 παρὰ
748 1018 796 1044 τοῦ
804 1019 830 1045 Ἀ
841 1027 884 1045 ιτο-

94 1063 204 1095 στόλου,
220 1063 267 1088 κα)¹
277 1061 473 1093 πιστεύσαντες
497 1062 618 1096 γνησίως
633 1063 672 1094 είς
683 1063 728 1090 τὸν
756 1065 883 1099 Χριστὺν,

92 1108 322 1144 ἀποδημήσαντος
358 1107 404 1134 τοῦ
442 1108 624 1142 Ἀποστο).ου,
665 1102 884 1144 ὑφηρπάσοησαν

93 1153 176 1189 παρὰ
199 1162 291 1185 τινων,
315 1152 384 1179 ὥστε
419 1153 645 1188 περιτέμνεσθαι.
676 1154 769 1181 Ταῦτα
793 1156 884 1183 τοίνυν

96 1199 196 1234 μαθὼν
212 1199 404 1232 ὁἊπύστολος,
418 1200 520 1235 γράφει
537 1200 604 1235 πρὸς
618 1201 727 1232 αὐτούς.
741 1202 796 1228 Καὶ
807 1202 884 1237 πρῶ-

92 1254 144 1272 τον
175 1246 236 1280 μὲν,
260 1247 395 1281 μαρτυρεῖ
417 1246 509 1277 αὐτοῖς
528 1247 593 1282 περὶ
612 1243 646 1282 ἦς
665 1244 737 1282 εἶχον
753 1248 882 1280 πίστεως,

94 1292 147 1318 καὶ
160 1291 275 1327 γνησίας
286 1292 316 1318 ὲν
331 1291 442 1327 Χριστῷ
460 1291 618 1323 διαθέσεως.
637 1293 784 1327 Μέμφεται
803 1293 829 1319 δὲ
846 1294 885 1326 ὼς

95 1338 221 1372 ἀνοήτως
244 1337 401 1372 πράξαντας
424 1338 471 1364 καὶ
497 1337 747 1373 μετα6α>.λομένους
773 1339 883 1370 αὐτούς.

96 1383 217 1409 ’Ἔπειτα
247 1383 427 1418 διαλαμὸἀνει
443 1383 507 1419 περὶ
519 1383 565 1410 τοῦ
579 1383 673 1418 νόμου,
690 1386 736 1410 καὶ
751 1385 800 1419 τῆς
815 1385 886 1410 κατὰ

95 1429 145 1455 τὸν
166 1428 290 1464 Ἀϐραὰμ
305 1428 432 1460 πίστεως.
458 1429 512 1456 Καὶ
528 1429 719 1456 ἀποδείκνυσιν
742 1429 774 1456 ἐκ
787 1438 816 1456 τε
839 1430 884 1456 τοῦ

96 1475 194 1509 νόμου,
209 1474 256 1501 καὶ
271 1474 325 1501 τῶν
345 1474 482 1509 γυναικῶν
505 1474 551 1500 τοῦ
573 1474 710 1509 ’Δΰραὰμ,
733 1474 886 1510 ἀλληγορὴ-

98 1529 151 1552 σας
170 1521 265 1553 αὐτὰς,
280 1521 360 1556 μέχρι
373 1520 471 1556 καιροῦ
489 1520 609 1547 δίδοσθαι
621 1520 671 1555 τὴν
687 1521 766 1548 σκιὰν
778 1521 824 1547 καὶ
837 1521 886 1555 τὴν

98 1566 262 1601 περιτομὴν,
279 1566 327 1593 καὶ
340 1566 435 1601 ἀργεῖν
447 1565 517 1593 αὐτὰ
534 1565 628 1592 λοιπὸν
641 1567 673 1601 τῇ
693 1567 740 1592 τοῦ
767 1566 885 1601 Χριστοῦ

98 1599 248 1648 παρουσία.
262 1613 316 1639 Καὶ
332 1599 418 1644 οῦτως
434 1611 590 1644 ἀποδείξας,
616 1599 804 1647 παραγγέλλει
832 1613 886 1638 λοι.
902 1599 924 1628 Β

98 1658 152 1685 ττὺν
162 1658 254 1690 αὐτοῖς
269 1659 365 1693 μηκέτι
376 1658 520 1693 προσέχειν
536 1660 592 1689 τοῖς
605 1658 790 1693 ἀπατήσασιν,
818 1658 888 1684 ἀλλὰ

101 1705 205 1739 μᾶλλον
228 1704 338 1739 ἔχεσθαι
353 1704 403 1738 τῆς
414 1705 443 1731 ὲν
470 1703 581 1739 Χριστῷ
601 1704 729 1736 πίστεως,
747 1704 794 1731 καὶ
806 1704 888 1738 γινώ-

99 1759 178 1778 σκειν
202 1751 243 1777 ὅτι
273 1750 289 1786 ἠ
312 1750 341 1777 ὲν
357 1750 468 1785 Χριστῷ
484 1749 575 1785 χάρις,
600 1751 734 1786 καταργεῖ
744 1749 793 1786 τὴν
816 1749 888 1776 κατὰ

100 1796 192 1831 σάρκα
213 1796 375 1832 περιτομήν.
393 1796 448 1823 Καὶ
456 1795 542 1828 οὕτως
555 1795 637 1823 πάλιν
649 1797 689 1827 εις
704 1796 738 1823 τὰ
749 1795 802 1832 ἥϐη
816 1805 889 1831 παρ-

100 1841 212 1874 αινέσας
228 1842 275 1868 καὶ
286 1841 395 1873 διδάξας
415 1840 513 1868 τελειοῖ
523 1841 573 1877 τὴν
586 1841 744 1876 επιστολὴν.

375 1910 613 1938 ΘΕΟΔΩΡΗΤΟΥ.

137 1969 175 1995 Τὸ
194 1969 243 2004 μὲν
257 1968 412 2004 προοίμιον,
428 1968 476 1995 καὶ
496 1968 572 1994 πᾶσα
590 1967 683 2002 σχεδὸν
703 1967 720 2002 ἡ
748 1966 890 2002 ἐπιστολὴ,

101 2014 191 2050 Θνμοῦ
207 2014 299 2049 γέμει.
324 2015 359 2041 Ἦ
370 2014 399 2041 δὲ
410 2013 485 2041 αἰτία
498 2013 580 2047 αὕτη.
596 2013 674 2044 Τινὲς
700 2012 754 2039 τῶν
779 2013 808 2045 ἐξ
827 2013 892 2039 ’1ου-

101 2060 185 2087 δαίων
200 2059 406 2092 πιστεύσαντες,
419 2060 467 2086 καὶ
483 2059 523 2085 ἔτι
538 2059 577 2094 τῷ
593 2058 715 2094 πατρῴῳ
731 2058 807 2094 νόμῳ
821 2067 891 2085 κατ-

101 2107 240 2142 εχόμενοι,
258 2105 371 2133 ἔπεισαν
388 2106 504 2137 πολλοὺς
519 2104 576 2132 τῶν
607 2105 637 2131 ὲν
652 2104 774 2140 Γαλατία
787 2103 891 2130 πιστῶν

103 2153 328 2188 περιτέμνεσθαι,
340 2152 386 2180 καὶ
400 2152 524 2179 σάὸΰατα
539 2152 644 2187 τηρεῖν,
663 2151 711 2178 καὶ
731 2151 891 2185 νουμηνίας.

105 2198 235 2225 Ἔπειθον
250 2197 289 2231 δὲ,
304 2198 431 2232 λέγοντες
449 2197 487 2233 μὴ
504 2197 558 2224 δεῖν
573 2196 612 2231 τῷ
626 2195 726 2231 Παύλῳ
736 2196 891 2228 πείθεσθαι,

103 2245 144 2280 τῷ
153 2245 217 2280 χθὲς
229 2244 276 2271 καὶ
291 2244 413 2280 σήμερον
425 2244 548 2278 φανέντι,
560 2241 629 2269 ἀλλὰ
643 2241 744 2278 μᾶλλον
757 2242 812 2273 τοῖς
821 2241 893 2276 ἀμφὶ

105 2292 209 2328 Πέτρον
234 2291 282 2319 καὶ
322 2291 450 2318 Ἰἀκωόον
481 2290 529 2318 καὶ
555 2289 694 2325 Ἰωάννην.
721 2286 800 2316 Οὗτοι
827 2288 893 2324 γὰρ,

105 2338 183 2373 φησὶ,
202 2337 273 2372 μετὰ
293 2336 412 2373 Χριστοῦ
430 2336 573 2371 γενόμενοι
598 2335 628 2362 οὐ
656 2334 790 2362 κωλύουσι
817 2342 894 2369 περι.

105 2385 203 2420 τομήν.
221 2383 275 2410 Καὶ
294 2382 403 2418 ἀληθῶς
425 2382 475 2417 μὲν
499 2380 572 2408 οὗτοι
598 2380 800 2415 συγκαταδάσει
829 2380 895 2415 πρὶς

115 2430 258 2461 Ἰουδαίους
274 2429 424 2465 χρώμενοι,
443 2428 493 2455 οὐκ
512 2427 631 2456 ἐκώλυον
643 2426 806 2463 περιτομὴν.
821 2427 896 2460 ὅμως

106 2474 181 2504 οῦτοι
195 2475 416 2510 ἀποκρύπτοντες
433 2474 483 2510 τὴν
499 2473 588 2501 αἰτίαν
600 2474 640 2500 ὅτι
662 2473 705 2500 διὰ
722 2471 897 2506 πγκατάὸα-

108 2532 149 2550 σιν
164 2523 194 2550 οὐ
207 2522 369 2555 κωλύουσιν,
385 2522 417 2548 ἐκ
425 2520 472 2548 τοῦ
485 2519 630 2554 γινομένου
647 2519 739 2553 μόνου.
755 2518 895 2550 ὲδελέαζον

107 2571 207 2601 αὐτοὺς
225 2569 264 2600 είς
279 2563 443 2603 περιτομὴν,
465 2567 513 2593 κει).
526 2567 572 2593 τὸν
591 2565 697 2593 Παῦλον
714 2564 895 2600 ἐξηυτέλιζον,

108 2616 260 2651 φάσκοντες
271 2615 301 2642 οὐ
318 2614 367 2641 τοῦ
378 2611 509 2648 Χριστοῦ,
523 2611 591 2638 ἀλλὰ
605 2610 660 2638 τῶν
679 2610 808 2646 μαθητῶν
825 2608 896 2636 εἶναι

109 2661 246 2697 μαθητὴν,
261 2659 323 2692 τοὺς
336 2659 365 2686 δὲ
383 2659 446 2694 περὶ
462 2658 576 2692 Πέτρον,
601 2656 685 2683 αὑτοῦ
703 2655 750 2682 τοῦ
760 2655 894 2692 Χριστοῦ.

110 2709 227 2735 Ἔπειτα
241 2706 346 2741 ἔλεγον,
361 2705 403 2732 ὅτι
420 2704 502 2736 αὐτὸς
516 2704 530 2730 ό
547 2702 652 2734 Παῦλος
668 2702 793 2737 φαίνεται
816 2702 897 2730 ἀλλα-

109 2753 157 2791 χοῦ
173 2751 342 2789 περιτεμὼν.
354 2751 386 2777 Τί
402 2751 503 2786 δήποτε
533 2746 590 2781 οὖν,
607 2748 699 2783 φασὶν,
717 2747 787 2782 ὑμᾶς
803 2748 834 2774 οὑ
849 2755 897 2774 πε-

112 2799 249 2835 ριτέμνει;
264 2796 298 2834 ἦν
315 2798 370 2832 γὰρ
383 2796 422 2831 τῷ
437 2794 536 2831 ἀληθεῖ
550 2794 565 2820 ὁ
590 2793 694 2825 Παῦλος
704 2793 751 2819 τὸν
766 2792 898 2828 Τιμόθεον

110 2843 289 2880 οἷκονομικῶς
313 2839 482 2877 περιτεμὼν.
511 2839 584 2875 Πρὸς
609 2838 696 2866 ταῦτα
711 2838 756 2866 οὖν
786 2838 897 2873 γράφει,

113 2890 159 2916 nl.
174 2889 276 2921 εὐθέως
286 2889 318 2916 ἐκ
331 2886 482 2924 προοιμίων
507 2885 576 2920 πρὸς
602 2886 690 2912 ἐκεῖνο
712 2884 897 2915 ἀποτείνεται,

936 980 984 1000 eos
1001 981 1033 1000 ac
1048 973 1199 1002 docuisset.
1222 972 1339 1001 Occasio
1357 982 1421 1002 vero
1441 975 1561 1009 epistula:
1578 976 1635 1003 iure
1653 977 1701 1004 luit
1717 985 1725 1008 ;

935 1017 1039 1046 Galatae
1056 1023 1131 1046 recte
1157 1019 1191 1046 ab
1215 1019 1348 1054 Apostolo
1369 1019 1469 1052 edocti,
1486 1027 1547 1047 cum
1565 1021 1684 1054 legitime
1699 1023 1727 1049 in

935 1062 1075 1091 Christum
1097 1064 1292 1098 credidissem,
1315 1065 1360 1092 ubi
1382 1065 1553 1093 discessisset
1567 1065 1726 1100 Apostolus,

935 1109 1053 1144 surrepti
1070 1113 1134 1137 sunt
1149 1118 1163 1137 a
1179 1111 1341 1145 quibusdam
1358 1116 1384 1138 et
1401 1112 1517 1144 seducti,
1534 1117 1564 1139 ut
1580 1114 1727 1140 circumci-

935 1155 1055 1183 deretur.
1068 1155 1115 1184 llis
1125 1156 1207 1191 igitur
1223 1157 1350 1192 cognitis,
1361 1159 1457 1185 scribit
1467 1159 1498 1184 ad
1510 1167 1557 1185 cos
1566 1159 1726 1193 Apostolus.

936 1200 969 1228 Et
994 1202 1112 1236 primum
1135 1203 1246 1237 quidem
1271 1207 1415 1231 attestatur
1443 1205 1511 1239 ipsis
1537 1204 1615 1232 tidem
1643 1213 1726 1239 quam

936 1247 1083 1281 habebant,
1106 1252 1133 1276 et
1155 1249 1305 1284 legitimum
1327 1250 1353 1276 in
1374 1249 1456 1277 Deum
1476 1250 1601 1277 aﬂ‘cctnm
1626 1259 1633 1278 :
1654 1251 1727 1277 indh

936 1300 1036 1329 gnatur
1052 1299 1142 1322 autem
1160 1295 1233 1330 quod
1252 1295 1412 1330 insipienter
1425 1297 1530 1330 egerint
1546 1301 1571 1323 et
1589 1300 1725 1323 transmu-

937 1341 985 1368 tati
1007 1341 1071 1368 sint.
1095 1340 1195 1368 Deinde
1216 1341 1249 1368 de
1269 1341 1327 1376 lege
1350 1341 1461 1368 disserit
1484 1349 1514 1368 ac
1537 1342 1588 1368 tldc
1605 1350 1665 1376 qua:
1687 1349 1726 1368 se-

937 1387 1056 1414 cundum
1078 1386 1216 1413 Abraham
1237 1391 1289 1414 est.
1311 1386 1444 1414 Prmterea
1466 1395 1498 1414 ex
1520 1387 1577 1422 lege
1596 1387 1728 1418 ostendit.

936 1436 964 1459 et
979 1440 1012 1459 ex
1030 1432 1160 1459 uxoribus
1184 1432 1319 1459 Abraham
1343 1432 1488 1466 allegorice
1513 1433 1670 1463 intellic'is.
1695 1433 1729 1460 ad

938 1482 1046 1513 tempus
1062 1477 1153 1505 datam
1178 1478 1263 1506 fuisse
1284 1477 1409 1505 umbram
1426 1486 1458 1505 ac
1475 1479 1728 1510 circumcisionem.

937 1531 1024 1558 eaque
1045 1524 1174 1559 deinceps
1201 1532 1250 1559 per
1273 1525 1419 1551 adventum
1445 1524 1547 1552 Christi
1572 1525 1644 1552 facta
1668 1533 1729 1552 esse

940 1567 1038 1595 otiosa.
1057 1567 1089 1594 Et
1105 1568 1148 1595 his
1163 1569 1199 1594 ita
1216 1568 1424 1599 demonstratis,
1441 1573 1644 1603 consequenter
1660 1576 1731 1603 prae-

940 1614 1007 1649 cipit
1031 1614 1108 1649 ipsis,
1135 1621 1170 1642 ne
1196 1614 1313 1649 amplius
1336 1614 1493 1641 adlncreant
1520 1615 1730 1648 imposturibus,

939 1660 986 1687 sed
1012 1660 1104 1695 potius
1128 1659 1231 1687 Christi
1255 1660 1316 1687 ﬁdei
1341 1660 1461 1687 haereant
1483 1667 1490 1686 :
1514 1664 1541 1687 et
1562 1663 1731 1694 cognoscant

939 1707 1011 1741 quod
1036 1715 1085 1743 per
1101 1706 1241 1734 Christum
1261 1708 1349 1743 gratia
1372 1708 1524 1735 aboleverit
1544 1707 1732 1735 circumcisio-

938 1760 1001 1780 nem
1019 1753 1168 1781 secundum
1183 1760 1292 1780 carnem
1309 1761 1316 1782 :
1331 1758 1358 1780 et
1374 1753 1410 1780 ita
1425 1761 1535 1781 rursum
1551 1753 1624 1780 circa
1640 1761 1732 1781 mores

940 1797 1114 1826 admonendo
1130 1805 1162 1825 ac
1175 1797 1301 1825 docendo
1316 1798 1456 1826 concludit
1472 1798 1633 1833 Epistolam.

1224 1911 1458 1939 THEODORETI.

978 1967 1060 2003 714
1078 1966 1245 1994 Prooemium
1265 1974 1297 1994 ac
1317 1971 1373 1994 tota
1397 1967 1482 1994 ferme
1506 1967 1627 2001 Epistola
1653 1967 1733 2002 plena

942 2017 986 2041 est
1007 2013 1245 2041 excandescentia.
1266 2012 1355 2040 Causa
1375 2018 1466 2040 autem
1489 2013 1546 2040 haec
1568 2013 1618 2039 init
1638 2021 1645 2039 :
1664 2013 1734 2046 Qni-

943 2059 1005 2087 dam
1028 2060 1073 2094 qui
1099 2066 1114 2087 e
1137 2058 1239 2086 Juda‘is
1262 2058 1434 2086 crediderant
1457 2063 1484 2085 et
1507 2058 1596 2085 adhuc
1617 2064 1736 2092 paternae

942 2104 995 2140 legi
1013 2104 1202 2137 adhaerebant,
1222 2105 1317 2132 multis
1334 2103 1459 2131 ﬁdelibus
1473 2104 1520 2138 qui
1538 2104 1608 2131 inter
1624 2104 1736 2131 Galatas

943 2155 1033 2184 erant,
1051 2154 1248 2185 persuaserunt
1260 2155 1290 2176 ut
1301 2150 1566 2177 circumciderentur
1577 2154 1603 2175 et
1616 2150 1736 2175 Sabbnta

945 2204 977 2224 ac
994 2196 1156 2223 Neomenias
1177 2199 1329 2222 servarent.
1351 2193 1559 2221 Persuadebant
1577 2199 1679 2224 autem,
1694 2194 1736 2220 di-

947 2246 1041 2270 centes
1057 2249 1108 2268 non
1124 2248 1185 2268 esse
1201 2238 1288 2267 Paulo
1302 2241 1556 2274 obtemperandum,
1571 2240 1617 2274 qni
1634 2247 1736 2273 paucos

947 2290 1011 2313 ante
1025 2285 1085 2313 dies
1099 2286 1283 2320 apparuisset,
1301 2284 1349 2312 sed
1368 2285 1455 2319 magis
1476 2284 1568 2317 Petro,
1584 2284 1686 2312 Jacobo
1703 2293 1736 2312 ac

947 2330 1057 2358 Juanni.
1075 2331 1142 2358 Nam
1160 2331 1198 2363 hi,
1219 2338 1281 2358 cum
1299 2330 1417 2358 fuissent
1438 2338 1499 2358 cum
1522 2330 1643 2362 Christo,
1659 2330 1737 2358 dice-

947 2377 1014 2405 bant
1033 2385 1088 2405 non
1112 2378 1258 2412 prohibere
1280 2377 1531 2404 circumcisionem.
1559 2376 1593 2403 Et
1613 2385 1677 2404 vere
1697 2377 1736 2404 illi

948 2424 1154 2458 dispensatione
1169 2431 1201 2450 ac
1217 2423 1452 2451 condescensione
1471 2422 1590 2458 quadam
1607 2431 1670 2458 erga
1687 2422 1738 2450 Ju-

948 2470 1022 2498 dacos
1038 2474 1146 2497 utentes
1161 2478 1216 2497 non
1232 2469 1414 2504 prohibebant
1427 2469 1675 2497 circumcisionem.
1686 2468 1739 2496 Ve-

949 2525 1009 2544 rum
1021 2517 1048 2543 hi
1057 2517 1192 2544 occultata
1200 2523 1294 2550 causa,
1302 2523 1400 2551 nempe
1409 2516 1483 2551 quod
1494 2514 1738 2544 condescendendo

949 2571 1005 2592 non
1022 2563 1210 2598 prohiberent,
1233 2570 1268 2590 ex
1291 2562 1363 2590 facto
1385 2570 1433 2590 eos
1448 2562 1482 2589 ad
1498 2562 1737 2590 circumcisionem

949 2609 1120 2642 inescabanl,
1131 2613 1158 2636 et
1169 2607 1282 2636 Paulum
1295 2608 1432 2643 abjectum
1446 2607 1607 2640 reddebant,
1615 2607 1739 2635 dicentes

949 2655 1039 2690 ipsum
1059 2661 1114 2681 non
1129 2653 1244 2686 Christi,
1261 2654 1310 2681 sed
1327 2653 1515 2688 apostolorum
1536 2659 1598 2680 esse
1615 2651 1739 2686 discipu—

950 2701 1018 2732 lum,
1032 2699 1142 2727 Petrum
1155 2707 1219 2727 vero
1233 2707 1266 2726 ac
1279 2704 1392 2728 caeteros
1408 2699 1495 2734 ipsius
1506 2698 1620 2726 Christi.
1637 2697 1740 2725 Deinde

951 2745 1077 2773 dicebant
1088 2744 1163 2780 quod
1175 2744 1232 2779 ipse
1242 2744 1343 2772 Paulus
1355 2745 1420 2771 alibi
1432 2744 1639 2771 circumeidisse
1649 2747 1742 2771 osten-

952 2791 1064 2818 dcretur
1077 2796 1084 2817 :
1098 2798 1184 2826 quare
1201 2797 1249 2817 vos
1263 2797 1339 2825 ergo,
1362 2789 1500 2824 inquiunt,
1522 2797 1576 2816 non
1591 2789 1740 2816 circumci-

952 2837 1010 2863 dit?
1024 2836 1092 2864 Vere
1121 2836 1194 2864 enim
1216 2835 1319 2863 Paulus
1343 2835 1514 2862 Timotheum
1536 2834 1740 2870 dispensatione

951 2881 1069 2916 quadam
1085 2880 1305 2909 circumciderat.
1329 2879 1370 2916 Ad
1391 2880 1449 2908 haec
1469 2887 1534 2915 ergo
1554 2879 1661 2912 scribit,
1680 2884 1737 2906 sla-
