1872 3049
86 172 154 203 1097

600 166 786 197 COMMENT
814 167 853 197 ΙΝ
874 168 991 198 ΕΡιδΤ,
1011 168 1058 197 ΑΒ
1079 168 1211 198 GALAT.

1622 169 1691 202 Π)υὸ

75 231 143 258 οὔτε
161 228 334 263 ἐδιδάχθην,
344 226 424 254 ἀλλὰ
434 226 471 252 δι’
483 226 705 260 ἀποκαλύψεως
718 225 858 259 Χριστοῦ.

933 226 1012 253 idici:
1035 227 1079 252 sed
1098 234 1143 260 per
1165 226 1347 252 reuelationem
1369 225 1432 252 Jesu
1455 225 1561 254 Christi.
1583 227 1700 256 Audistis

80 276 246 303 Ἠκούσατε
268 273 322 309 γὰρ
336 272 394 306 τὴν
418 271 496 306 ἐμὴν
524 271 720 306 ἀναστροφήν
736 279 808 297 ποτε
826 271 861 298 ἐν

74 321 112 354 τῷ
134 318 321 354 Ἰουδαϊσμῷ,
342 317 386 345 ὅτι
401 317 470 345 καθ’
483 317 657 352 ὑπερϐολὴν
669 316 795 343 ἐδίωκον
805 316 862 350 τὴν

75 366 261 400 Ἐκκλησίαν
274 365 327 392 τοῦ
347 363 431 391 Θεοῦ.
450 362 501 389 Καὶ
519 363 669 397 ἐπόρθουν
687 362 795 396 αὐτὴν,
812 362 862 389 καὶ

75 413 263 448 προέκοπτον
291 410 382 443 ἐντῷ
421 408 600 441 Ἰουδαϊσμῷ
622 409 700 443 ὑπὲρ
728 409 863 442 πολλοὺς

75 459 295 492 συνηλικιώτας
324 457 358 483 ἐν
386 455 426 488 τῷ
449 456 527 490 γένει
549 463 626 490 μου,
645 455 863 489 περισσοτέρως

74 503 205 538 ζηλωτὴς
230 502 374 537 ὑπάρχων
398 501 458 529 τῶν
470 500 623 535 πατρικῶν
644 510 704 536 μου
733 501 862 535 παραδόσ

73 559 161 578 σεων.

107 596 236 622 Βούλεται
251 593 336 626 δεῖξαι
354 594 457 626 αὐτοῖς,
477 593 519 620 ὅτι
537 593 567 619 οὐ
590 593 665 628 παρὰ
699 592 860 628 ἀνθρώπων,

74 643 137 678 παρ’
160 641 244 668 αὑτοῦ
264 642 292 668 δὲ
303 640 351 667 τοῦ
368 638 490 674 Χριστοῦ
517 638 655 675 παρέλαϐε
674 639 704 666 τὸ
721 639 860 675 κήρυγμα.

77 690 160 716 «Ὀτι
174 689 224 715 οὐκ
249 687 305 714 ἔστι
326 687 396 714 κατὰ
424 686 598 721 hominem)
617 685 696 713 Κατὰ
719 686 784 712 Θεὸν
807 686 861 721 γάρ

74 736 140 767 ἔστι,
155 734 292 766 τουτέστι,
311 732 383 760 κατὰ
399 731 468 758 θεοῦ
485 730 669 765 ἀποκάλυψιν.
694 740 703 756 ‹
718 731 785 757 Οὐδὲ
808 731 861 765 γὰρ

76 781 147 816 παρὰ
169 779 325 815 ἀνθρώπου,
342 778 419 814 φησὶ,
434 777 587 813 παρέλαϐον
599 777 689 804 αὑτό.»
709 776 794 803 Τοῦτο
806 777 860 810 γὰρ

75 825 164 860 ἔλεγον
189 826 213 851 οἱ
235 824 425 855 διαϐάλλοντες
451 822 543 853 αὑτὸν,
559 823 625 849 ὄτιὸ
648 821 755 854 Παῦλος
785 822 861 856 παρὰ

74 871 225 907 ἀνθρώπων
237 869 375 905 παρέλαϐε
386 869 415 896 τὸ
430 869 574 904 κήρυγμα,
584 870 633 903 οὐχ
647 868 742 904 ὥσπερ
752 868 776 894 οἱ
788 868 859 903 ἀμφὶ

76 917 180 951 Πέτρον
199 915 274 950 παρὰ
287 914 332 941 τοῦ
346 913 476 949 Χριστοῦ.
492 914 539 940 Διὸ
552 913 656 947 ἔλεγον.
677 913 714 940 Οὐ
731 913 771 940 δεῖ
786 913 861 948 αὐτῷ

73 961 225 989 πείθεσθαι,
243 969 253 986 ι
274 959 425 986 Ἠκούσατε
448 959 512 994 γάρ.
530 967 540 984 ι
560 957 627 985 Elea.
638 957 733 994 ἐπειδὴ
751 959 800 993 τὴν
812 967 860 992 γε·

72 1008 187 1044 νομένην
200 1007 274 1042 αὐτῷ
292 1006 345 1033 ἀπὸ
369 1005 488 1040 Χριστοῦ
503 1005 678 1040 ἀποκάλυψιν
705 1004 820 1040 ἠγνόουν
835 1005 860 1031 ol

75 1055 214 1086 Γαλάται,
240 1054 364 1089 βούλεται
380 1054 412 1079 ἐκ
432 1052 479 1078 τοῦ
493 1051 578 1085 δεῖξαι
606 1051 702 1078 ἑαυτὸν
731 1051 862 1087 πρότερον

72 1102 199 1136 διώκτην,
217 1101 265 1128 καὶ
280 1100 328 1127 νῦν
339 1099 468 1133 ἐξαίφνης
492 1097 739 1133 μεταῦεὒλημὲνον,
769 1105 856 1124 κατα-

73 1149 216 1180 σκευάσαι,
232 1149 272 1175 ὅτι
293 1148 316 1174 el
331 1146 369 1182 μὴ
383 1146 443 1172 θεία
462 1153 504 1176 τις
514 1144 588 1180 αὐτῷ
607 1143 779 1178 ἀποκάλυψις
797 1144 859 1177 ὲγε-

72 1195 152 1228 γίνει,
170 1194 222 1220 οὐκ
240 1193 274 1221 ἂν
285 1193 371 1224 οὕτως
388 1190 541 1227 μετεϐλήθη
557 1191 674 1226 ταχέως,
691 1189 733 1217 ἵνα
751 1191 783 1216 ὲκ
805 1189 862 1216 τού-

72 1249 114 1266 του
132 1239 292 1270 πεισθέντες
317 1236 436 1273 Χριστοῦ
464 1234 533 1263 εἶναι
559 1236 641 1263 αὑτὸν
661 1234 803 1271 μαθητὴν,
823 1235 861 1270 μὴ

72 1284 281 1320 καταφρονῶσιν
298 1283 390 1310 αὐτοῦ.
406 1291 416 1308 t
431 1282 487 1316 Τὴν
502 1281 572 1316 ἐμὴν
587 1281 790 1316 ἀναστροφήν.»
802 1281 861 1307 Οὐκ

73 1331 103 1358 ἂν
117 1330 146 1357 δὲ
162 1329 219 1356 ἀπὸ
233 1328 414 1364 Παλαιστίνης
430 1328 469 1360 είς
486 1327 620 1355 Γαλατίαν
634 1326 802 1362 ἠκηκόεισαν
812 1346 820 1359 ,
837 1327 861 1352 εί

73 1376 108 1411 μὴ
117 1376 223 1411 σφόδρα
230 1374 262 1411 ἦν
274 1374 399 1408 διώκτης.
414 1383 423 1400 ι
434 1373 479 1400 Ἐν
487 1372 526 1408 τῷ
539 1371 861 1408 Ἰουδαῖσμῷ.ι-[ΣΕΥ-

73 1421 138 1458 llP.]
152 1421 203 1453 Τίς
219 1420 297 1457 χρεία
315 1421 364 1456 τῆς
379 1421 408 1447 ἐν
423 1419 462 1455 τῷ
484 1418 643 1454 Ἰουδαϊσμῷ
665 1417 837 1453 ἀναστροφῆς
854 1426 861 1450 ;

72 1468 131 1494 ἀλλ’
144 1468 190 1495 ἵνα
204 1467 281 1504 δείξῃ
294 1468 335 1494 ὅτι
349 1467 379 1493 οὐ
397 1465 532 1502 προλήψει
547 1465 682 1497 δουλεύει,
707 1465 765 1491 ἀλλ’
793 1465 859 1498 ἀλη-

72 1514 141 1550 θείᾳ.
157 1515 199 1541 Οὐ
215 1514 269 1549 γὰρ
285 1513 405 1548 μισήσας
419 1512 466 1539 τὸν
487 1512 568 1547 νόμον
587 1510 729 1547 ὑπέδραμε
742 1510 791 1546 τὴν
813 1511 862 1545 χά‹

73 1569 113 1596 ριν
135 1560 267 1596 (ὲξεδίκει
295 1560 350 1594 γὰρ
376 1559 492 1593 αὑτὸν),
522 1557 580 1584 ἀλλ’
591 1557 678 1592 εὑρὼν
700 1557 732 1583 τὸ
746 1557 859 1587 τέλειον,

72 1607 178 1642 ἀπέστη
204 1606 253 1633 τοῦ
285 1605 379 1641 νόμου.
406 1614 416 1630 ι
433 1605 488 1631 Καὶ
508 1604 638 1639 ἐπόρθουν
660 1603 753 1639 αὐτὴν.
770 1613 780 1629 ι
805 1604 863 1630 Οὐκ

73 1654 184 1680 ἐδίωκον
211 1652 302 1688 μόνον,
326 1652 420 1686 φησὶν,
436 1650 504 1677 ἀλλὰ
530 1649 577 1676 καὶ
607 1649 796 1684 καταστρέψαι
817 1649 865 1676 καὶ

73 1699 203 1735 ἀφανίσαι
230 1697 315 1732 αὐτὴν
345 1697 531 1732 προῃρούμην.
548 1695 634 1722 Τοῦτο
658 1696 712 1730 γὰρ
727 1695 768 1726 τὸ,
787 1705 795 1721 ι
810 1695 865 1722 Καὶ

73 1744 205 1780 ἐπόρθουν
220 1743 331 1778 αὑτήν.)
341 1757 375 1762 --
386 1752 395 1768 ι
410 1742 465 1769 Καὶ
482 1742 677 1777 προέκοπτον.»
694 1741 864 1776 Προέκοπτον

73 1790 100 1816 ὲν
116 1790 150 1825 τῇ
164 1788 300 1824 πορθήσει
311 1788 365 1815 τῶν
378 1787 542 1822 ἐκκλησιῶν,
555 1787 707 1820 τουτέστιν,
727 1786 864 1813 ἐπεδίδουν

73 1837 114 1862 ἀεὶ
131 1836 202 1870 πρὸς
217 1836 248 1861 τὸ
261 1833 451 1869 χαλεπώτερος
464 1831 546 1860 εἶναι.
570 1833 607 1860 Ἦ
634 1832 804 1866 προέκοπτον
817 1833 864 1858 καὶ

72 1882 181 1916 ἔντιμος
197 1881 270 1915 ήμην
284 1879 330 1906 διὰ
351 1878 431 1905 τοῦτο
443 1878 519 1913 παρὰ
533 1879 589 1909 τοῖς
613 1877 759 1909 Ἰουδαίοις.
771 1877 804 1903 Τί
817 1875 864 1903 οὖν

72 1927 102 1953 τὸ
119 1927 210 1953 αἰτιον
230 1924 276 1952 τοῦ
286 1924 452 1960 αἱρήσασοαί
466 1933 499 1959 με
512 1923 641 1959 ἐξαίφνης
662 1923 781 1958 πόλεμον
795 1922 864 1958 πρὸς

73 1973 183 2004 αὐτοὺς,
196 1971 258 2003 τοὺς
279 1971 417 2006 τιμῶντας
433 1971 480 1997 καὶ
495 1969 679 2005 ἀγαπῶντας;
694 1969 777 1996 Οὐδὲν
788 1968 862 2001 ἄλλο,

73 2018 165 2053 φησὶν,
183 2018 200 2052 ἢ
220 2018 237 2052 ἡ
260 2016 432 2051 ἀποκάλυψις
453 2016 501 2043 τοῦ
523 2015 654 2051 Χριστοῦ.
672 2025 681 2041 ι
699 2015 862 2051 Περισσοτέ-

72 2073 126 2100 pa);
147 2063 272 2099 ζηλωτὴς
297 2063 440 2098 ὑπάρχων.
456 2071 465 2088 i
487 2062 670 2097 Προέκοπτον,
686 2061 781 2097 ἐπειδὴ
803 2061 863 2088 λίαν

71 2111 144 2145 ἥμην
155 2109 279 2145 ζηλωτὴς
289 2108 344 2135 τῶν
358 2108 499 2144 πατρικῶν
513 2116 563 2143 μου
573 2108 757 2144 παραδόσεων.
769 2108 861 2141 Ὥστε,

72 2157 166 2190 φησιν,
187 2154 313 2181 οὐδέποτε
330 2154 402 2182 κατὰ
417 2153 569 2187 κενοδοξίαν
587 2153 696 2180 ἐποίουν
711 2154 728 2180 ᾱ
741 2153 860 2186 ἐποίουν,

71 2201 140 2228 ἀλλὰ
160 2200 232 2227 κατὰ
253 2201 333 2236 ζῆλον
357 2199 437 2233 Θεοῦ,
454 2200 478 2226 εἰ
503 2200 551 2226 καὶ
578 2198 800 2234 πεπλανημένον.
831 2197 861 2225 Ὀ

911 273 978 299 enim
996 280 1080 299 meam
1100 272 1321 298 conversationem
1343 272 1476 306 quondam
1498 273 1525 299 in
1548 273 1700 304 Judaismo,

911 319 980 354 quod
1000 327 1080 354 supra
1103 320 1208 346 modum
1231 319 1402 354 persequebar
1424 319 1571 347 Ecclesium
1595 320 1655 354 Dei,
1671 331 1701 348 ac

911 364 1090 400 expugnabat»
1105 365 1189 398 illam,
1205 370 1229 392 et
1244 365 1410 400 proﬁciebam
1428 367 1455 393 in
1469 365 1610 394 .Iutlaismo
1622 375 1702 401 supra
1728 369 1739 403 γ’

913 412 1008 439 multos
1020 414 1132 447 wquales
1144 413 1169 439 in
1180 420 1270 447 genere
1284 420 1349 444 meo,
1359 421 1416 438 cum
1431 412 1591 440 uehementer
1603 413 1703 441 zelatur

912 465 993 484 essem
1009 458 1164 484 traditarum
1181 466 1196 484 a
1213 458 1356 489 maioribus
1377 458 1440 485 meis
1454 459 1647 486 institutorum.

946 591 1025 627 721
1036 590 1184 619 Ostendere
1200 592 1257 619 vult
1271 593 1343 628 quod
1359 601 1413 621 non
1430 594 1463 622 ab
1479 594 1646 629 hominibus,
1656 599 1702 625 sed

913 637 947 664 ab
959 638 1018 672 ipso
1026 638 1136 665 Christo
1149 638 1369 673 praedicationem
1385 641 1530 676 acceperit.
1548 651 1557 667 ι
1571 641 1629 670 Non
1641 650 1702 671 esse

912 684 1062 712 secundum
1083 684 1231 711 hominem.
1251 694 1260 710 ι
1282 684 1329 713 Est
1347 685 1419 713 enim
1435 686 1585 714 secundum
1605 687 1700 722 Deum,

912 730 963 758 hoc
978 734 1031 762 est,
1049 731 1197 759 secundum
1215 731 1260 758 Dei
1279 732 1478 760 revelatiouem.
1499 743 1508 759 ι
1524 733 1616 769 Neque
1629 735 1701 762 enim

912 776 946 804 ab
962 776 1072 804 homine
1087 776 1179 811 accepi
1194 776 1270 807 illud,
1290 786 1298 802 ι
1319 777 1492 812 inquit.Nam
1508 778 1560 805 hoc
1577 779 1704 807 dicebant

911 821 958 856 qui
974 821 1062 856 ipsum
1081 821 1327 853 calumniabantur.
1339 822 1411 857 quod
1427 822 1527 851 Paulus
1541 824 1575 851 ab
1587 825 1704 852 homini-

911 866 962 894 bus
976 867 1196 902 prmdicationem
1208 868 1367 904 accepisset,
1378 874 1463 897 etnon
1474 870 1702 905 quemadmodum

875 905 899 936 Β
915 912 1011 940 Petrus
1026 920 1040 940 ιι
1055 912 1177 941 Christo.
1201 914 1262 941 ldco
1281 915 1407 942 dicebant
1427 923 1481 943 non
1502 921 1628 951 oportere
1651 916 1702 952 ipsi

913 965 1020 994 parere.
1041 968 1049 984 t
1066 959 1188 986 Audistis
1205 961 1286 986 enim.
1306 969 1314 986 ι
1329 959 1440 993 Deinde,
1458 962 1588 996 quoniam
1604 961 1703 989 factam

912 1004 964 1039 ipsi
976 1012 991 1032 a
1006 1003 1117 1032 Christo
1129 1005 1320 1033 revelationem
1336 1006 1499 1042 ignorabant
1509 1007 1620 1041 Galata-,
1634 1016 1704 1036 con-

913 1050 1023 1079 ﬁrmare
1047 1052 1102 1078 vult
1117 1060 1149 1079 ex
1172 1059 1204 1080 eo
1224 1052 1295 1087 quod
1317 1053 1444 1081 ostendat
1463 1062 1493 1082 se
1517 1055 1594 1090 prius
1619 1053 1704 1083 fuisse

913 1102 1126 1132 persecutorem,
1152 1107 1224 1126 llUllC
1246 1104 1336 1127 autem
1357 1106 1467 1134 repente
1490 1107 1703 1129 lransmutatum

912 1151 983 1176 esse,
999 1143 1072 1179 quod
1084 1144 1137 1171 nisi
1148 1144 1239 1171 divina
1255 1145 1306 1172 sibi
1321 1146 1412 1181 aliqua
1427 1147 1496 1174 visio
1512 1148 1583 1174 facta
1594 1147 1703 1178 fuisset.

912 1196 1083 1225 nequaquam
1100 1195 1211 1226 repente
1228 1191 1295 1218 adeo
1311 1196 1509 1220 transniutattts
1523 1197 1607 1224 esset,
1627 1197 1655 1220 ut
1671 1201 1703 1220 ex

914 1236 964 1263 hoc
977 1236 1096 1270 persuasi
1107 1236 1195 1271 ipsum
1209 1244 1271 1265 esse
1283 1237 1382 1265 Christi
1394 1238 1630 1274 discipulum,nott
1641 1247 1703 1266 eum

912 1281 1094 1316 despicerent.
1110 1292 1119 1308 t
1139 1282 1224 1310 Meam
1239 1283 1486 1311 conversationem.
1501 1294 1510 1310 ι
1527 1283 1703 1320 Nequaquam

912 1332 1003 1356 autem
1024 1337 1057 1357 ex
1074 1330 1218 1358 Palmstina
1232 1331 1259 1358 in
1273 1330 1406 1358 Galatiam
1423 1339 1510 1366 usque
1526 1339 1620 1359 rumor
1642 1340 1706 1368 per-

912 1374 1041 1406 vasisset,
1058 1375 1110 1402 nisi
1124 1376 1272 1404 vehemens
1285 1381 1445 1411 persecutor
1463 1376 1570 1405 fuisset.
1585 1387 1595 1404 ι
1611 1377 1642 1404 1n
1657 1376 1705 1404 Ju-

913 1419 1031 1448 daismo.
1052 1430 1060 1446 I
1080 1420 1146 1454 Quae
1168 1421 1219 1448 fuit
1235 1422 1387 1451 necessitas
1403 1422 1520 1450 faciendi
1540 1423 1705 1450 mentionem

912 1467 1132 1494 conversationis
1154 1467 1182 1494 in
1206 1466 1348 1495 Judaismo
1367 1468 1379 1495 ?
1403 1469 1474 1496 Sane
1497 1474 1526 1496 ut
1552 1469 1707 1496 ostenderet

913 1512 986 1547 quod
1000 1520 1054 1539 non
1070 1513 1192 1548 opinioni
1201 1513 1328 1545 serviret,
1341 1513 1389 1541 sed
1397 1514 1517 1542 veritati.
1528 1514 1622 1549 Neque
1632 1514 1705 1542 enim

914 1557 978 1584 odio
998 1557 1065 1592 legis
1084 1558 1117 1585 ad
1139 1559 1255 1593 gratiam
1279 1559 1457 1594 profugerat:
1479 1559 1567 1594 ipsam
1587 1567 1707 1595 namque

916 1602 1102 1630 ulciscebatur
1117 1602 1214 1639 legem,
1231 1604 1277 1631 sed
1291 1604 1400 1632 invento
1413 1612 1445 1632 eo
1457 1605 1529 1639 quod
1544 1609 1603 1631 erat
1616 1604 1706 1640 perfe-

915 1649 998 1681 ctius,
1015 1649 1144 1677 discessit
1161 1657 1176 1677 a
1192 1650 1261 1686 lege.
1299 1659 1308 1676 t
1325 1651 1364 1679 Ac
1384 1651 1572 1686 expugnabam
1590 1651 1674 1678 illam.
1695 1660 1704 1676 ι

914 1695 974 1723 Non
993 1696 1080 1723 solum
1096 1697 1181 1731 ipsam
1199 1697 1392 1732 persequebar,
1410 1697 1506 1732 inquit,
1521 1697 1567 1724 scd
1584 1702 1611 1724 et
1628 1704 1707 1724 ever-

915 1745 973 1768 tere
999 1748 1031 1768 ac
1051 1741 1200 1769 obscurare
1219 1741 1292 1769 illam
1318 1742 1462 1770 conabar:
1488 1742 1538 1770 hoc
1559 1746 1649 1769 autem
1666 1745 1708 1769 est

918 1796 927 1813 ι
945 1786 1166 1822 Ειιριιεηεὴιιιιι.»
1182 1803 1218 1808 --
1236 1797 1245 1814 ι
1257 1789 1291 1816 Et
1306 1788 1509 1823 proficiebam.)
1528 1788 1706 1816 Proficiebam

915 1833 943 1860 in
967 1833 1143 1868 populatione
1171 1833 1354 1862 Ecclesiarum
1377 1844 1384 1862 :
1412 1835 1465 1862 hoc
1493 1840 1546 1867 est,
1574 1834 1706 1862 addebant

914 1887 1022 1915 semper
1033 1884 1064 1907 ut
1078 1880 1175 1907 saevior
1189 1887 1288 1908 essem.
1302 1881 1357 1908 Aut
1371 1881 1557 1915 proficiebam,
1574 1879 1600 1907 id
1615 1884 1669 1912 est,
1680 1885 1708 1908 et

914 1926 950 1953 ob
972 1926 998 1953 id
1012 1926 1181 1954 honorabilis
1198 1933 1273 1953 eram
1288 1927 1360 1961 apud
1377 1925 1497 1954 Iudaeos.
1514 1925 1585 1959 Quid
1597 1933 1662 1962 ergo
1679 1925 1706 1953 in

914 1978 998 1999 causa
1022 1971 1073 1998 fuit
1089 1975 1119 1999 ut
1133 1975 1247 2006 repente
1261 1971 1363 1999 bellum
1378 1972 1550 2007 susciperem
1575 1971 1708 1999 adversus

914 2025 962 2045 eos
975 2017 1023 2052 qui
1035 2025 1078 2046 me
1092 2018 1118 2045 iu
1132 2017 1237 2045 honore
1249 2017 1386 2045 habebant
1399 2025 1431 2045 ac
1443 2018 1594 2053 diligebant
1606 2017 1618 2044 ?
1633 2017 1708 2045 Nihil

914 2063 997 2095 aliud.
1012 2063 1111 2098 inquit,
1123 2064 1177 2092 nisi
1190 2064 1320 2092 revelatio
1333 2064 1450 2092 Christi.
1462 2072 1471 2090 t
1481 2064 1551 2092 Cum
1566 2063 1710 2092 vehemen-

913 2113 956 2137 ter
971 2110 1074 2138 zelator
1086 2117 1187 2139 essem.
1200 2119 1209 2136 ι
1227 2110 1416 2144 Proﬂciebam,
1425 2111 1553 2146 quoniam
1560 2111 1707 2138 admodum

914 2156 1016 2184 zelator
1036 2164 1112 2185 eram
1132 2157 1296 2185 traditorum
1310 2165 1325 2184 a
1342 2157 1493 2192 majoribus
1512 2156 1581 2184 meis
1598 2156 1709 2184 institu-

914 2207 1014 2230 torum.
1026 2202 1169 2237 Nunquam
1180 2204 1270 2238 itaque
1279 2203 1412 2230 faciebam
1425 2203 1499 2230 inani
1511 2203 1611 2230 ductus
1622 2202 1708 2237 gloria

71 2247 117 2275 οὖν
132 2248 203 2284 μηδὲ
216 2248 278 2274 τότε
289 2247 358 2274 κατὰ
373 2246 525 2278 κενοδοξίαν
540 2255 568 2272 τι
580 2245 675 2277 ποιῶν,
691 2245 749 2276 πῶς
765 2245 797 2272 ἂν
813 2243 861 2271 νῦν

935 2256 974 2276 ua'
983 2247 1127 2280 faciebam,
1135 2249 1182 2276 sed
1190 2249 1224 2276 ob
1234 2248 1279 2275 Dei
1289 2248 1378 2275 zelum
1388 2256 1542 2283 quanquam
1549 2255 1708 2275 erroneum.

73 2295 144 2329 μετά
155 2293 205 2330 τὴν
219 2293 366 2327 ἐπίγνωσιν
386 2292 437 2328 τῆς
457 2291 586 2328 ἀληθείας
602 2292 752 2327 ἐκήρυττον
775 2291 862 2326 ψευδῆ

73 2342 116 2367 ἴια
133 2340 291 2375 ἀνθρώποις
307 2339 399 2375 ἀρέσω
412 2359 420 2373 ,
440 2340 489 2366 καὶ
512 2339 549 2374 μὴ
574 2340 683 2370 ἐκεῖνα,
703 2338 780 2365 ἅτινα
808 2338 863 2364 ἀπὸ

71 2388 192 2424 Χριστοῦ
206 2387 360 2414 παοέλαόον
371 2395 379 2420 ;

107 2478 180 2505 Ὅτε
199 2478 232 2504 δὲ
250 2477 420 2510 εὐδόκησεν
433 2478 450 2504 ό
464 2477 612 2512 ἀφορίσας
626 2485 663 2512 με
688 2484 722 2503 εκ
745 2476 862 2509 κοιλίας

70 2524 185 2558 μητρός
200 2533 259 2558 μου
274 2524 323 2551 καὶ
343 2522 479 2556 καλέσας
494 2522 543 2550 διὰ
559 2522 614 2557 τῆς
632 2522 752 2556 χάριτος
768 2521 862 2549 αὑτοῦ

70 2568 270 2604 ἁποκαλῦψαι
292 2569 346 2596 τὸν
368 2569 437 2597 Υίὸν
447 2570 541 2596 αὐτοῦ
561 2569 596 2596 ἐν
611 2568 686 2602 ἐμοὶ,
704 2569 754 2595 Ζνα
775 2569 862 2603 εὐαγκ-

71 2614 228 2650 τελίζωμαι
239 2615 374 2648 αὺτὸν-ὲν
388 2615 450 2648 τοῖς
460 2615 590 2648 ἔθνεσιν,
600 2614 710 2647 εὐθέως
719 2615 754 2641 οὐ
767 2621 862 2648 προσ-

70 2662 221 2696 ανεθέμην
236 2662 326 2695 σαρκὶ
342 2661 391 2689 καὶ
406 2662 516 2696 αἵματι.

107 2710 140 2736 Et
156 2710 188 2736 ὲκ
200 2709 302 2740 κοιλίας
319 2708 421 2744 μητρὸς
434 2707 517 2734 αὑτοῦ
532 2706 672 2741 ἀφώριστο
689 2705 757 2741 πρὸς
771 2705 802 2732 τδ
813 2707 863 2741 κή-

71 2766 170 2792 ρυγμα
191 2757 237 2783 καὶ
253 2756 423 2789 ἐπελέλεκτο,
442 2755 486 2782 διά
499 2763 561 2782 τινα
575 2755 683 2786 πάντως
703 2753 778 2780 θείαν
789 2754 862 2780 obto-

70 2805 172 2839 νομίαν
190 2802 332 2838 compsam
356 2801 434 2837 είάθη
452 2801 558 2837 χρόνον,
580 2801 622 2828 ἵνα
643 2801 659 2836 ὴ
675 2799 762 2832 οὕτως
779 2799 861 2826 αὐτοῦ

70 2850 158 2886 ἀθρόα
181 2848 327 2884 μεταϐολὴ,
346 2848 460 2879 πολλοὺς
482 2848 662 2882 πιστώσηται.
693 2856 702 2873 ι
718 2847 771 2874 Καὶ
782 2846 862 2874 καλέ-

73 2906 122 2929 σας
144 2896 191 2924 διὰ
206 2896 256 2930 τῆς
277 2896 388 2931 χάριτος
413 2894 507 2922 αὑτοῦ.
524 2904 533 2921 ι
548 2895 633 2927 Αὑτδς
650 2895 699 2930 μὲν
716 2894 754 2926 ὡς
767 2894 863 2926 σκεῦος

197 2944 334 2974 ΡΑτιιοι..
357 2943 417 2972 Gn.
437 2944 489 2974 CX
499 2943 575 2974 \‘lll.

913 2294 965 2327 Qui
982 2301 1046 2329 ergo
1064 2301 1097 2321 ne
1115 2298 1180 2321 tunc
1197 2294 1307 2329 quidem
1324 2294 1398 2322 inani
1415 2300 1505 2322 motus
1525 2293 1612 2329 gloria
1626 2293 1708 2329 quid-

912 2347 994 2374 quam
1024 2339 1182 2371 faciebam.
1213 2340 1349 2374 quomodo
1381 2347 1453 2367 nunc
1486 2344 1548 2374 post
1583 2339 1707 2367 veritatis

913 2384 1079 2419 agnitionem
1109 2385 1178 2412 falsa
1198 2385 1346 2421 praedicare
1374 2393 1482 2420 possem
1498 2389 1529 2412 ut
1551 2385 1708 2412 hotuiuibus

912 2431 1058 2467 placerem,
1075 2435 1102 2459 et
1117 2439 1171 2459 non
1187 2439 1218 2459 ea
1233 2439 1294 2467 quae
1308 2439 1322 2458 a
1337 2431 1446 2459 Christo
1459 2431 1625 2466 accepissem
1639 2431 1651 2457 Ἰ

949 2478 1029 2513 722
1043 2477 1063 2510 Ι,
1077 2478 1121 2510 15,
1133 2478 1177 2506 16.
1193 2477 1279 2505 Atubi
1292 2478 1357 2511 Deo,
1372 2479 1417 2513 qui
1431 2481 1611 2513 segregaverat
1625 2484 1665 2503 me
1676 2478 1709 2502 ab

913 2529 987 2551 utero
999 2524 1093 2551 matris
1111 2532 1185 2556 mete,
1196 2528 1220 2550 et
1235 2524 1335 2550 vocavit
1349 2531 1393 2558 per
1405 2523 1520 2558 gratiam
1534 2530 1622 2554 suain,
1636 2529 1708 2548 reve-

914 2561 995 2597 lnuda
1014 2568 1118 2597 Filium
1133 2577 1210 2596 suum
1227 2569 1254 2596 in
1273 2577 1324 2601 me,
1335 2569 1420 2596 uisum
1435 2574 1472 2596 eu
1489 2574 1516 2595 ut
1531 2568 1707 2602 praedicarem

912 2617 1000 2651 ipsum
1014 2615 1083 2642 inter
1105 2619 1193 2650 gentes
1209 2621 1219 2640 :
1243 2615 1368 2641 continuo
1389 2622 1440 2641 non
1459 2613 1575 2648 acquievi
1591 2612 1665 2639 carni
1684 2617 1709 2638 et

912 2662 1044 2697 sanguini.

949 2709 978 2735 Si
991 2708 1025 2736 ab
1039 2713 1116 2735 utero
1133 2707 1228 2735 matris
1248 2715 1303 2735 suae
1318 2711 1476 2742 segregatus
1499 2706 1588 2734 fuerat
1607 2709 1635 2734 et
1650 2706 1710 2733 elc-

913 2761 985 2786 ctus,
1006 2755 1098 2789 utique
1120 2753 1214 2781 divina
1239 2755 1357 2788 quadam
1388 2752 1594 2788 dispensatione
1619 2752 1710 2778 medio

915 2806 1038 2836 tempore
1055 2803 1168 2828 relictus
1184 2800 1245 2833 luit,
1263 2806 1291 2827 ut
1305 2800 1374 2827 adeo
1392 2799 1533 2833 repentina
1545 2797 1631 2833 ipsius
1647 2805 1710 2825 mu-

913 2847 981 2874 talio
994 2846 1095 2874 multos
1113 2845 1300 2872 confirmaret.
1322 2853 1332 2870 ι
1348 2844 1380 2870 Et
1395 2843 1503 2871 vocavit
1522 2850 1571 2878 per
1591 2841 1710 2876 gratiam

915 2899 1002 2921 suam.
1012 2901 1020 2916 ι
1037 2890 1098 2923 Ipse
1111 2890 1221 2924 quidem
1237 2895 1367 2924 tanquam
1378 2897 1425 2917 vas
1439 2888 1581 2918 electionis
1592 2889 1708 2915 vocatus

1467 2932 1504 2963 35
