1872 3049
185 172 255 203 1103

729 165 927 196 (ECUMENII
942 165 1088 196 ΤΙΜΩοΈ
1106 164 1274 195 EPISCOPI

1738 163 1811 196 ιιοι

187 226 267 255 cendi
296 229 387 252 autem
417 223 495 259 juxta
520 222 724 250 revelationem.
759 230 768 247 ι
787 220 819 247 Ει
841 228 925 256 quare

1082 220 1097 246 ὰ
1112 219 1294 254 ἀποκάλυψιν.
1315 229 1323 246 ι
1343 219 1398 246 Καὶ
1417 219 1488 250 τίνος
1509 219 1602 246 ἕνεκεν
1619 218 1658 255 μὴ
1677 221 1754 255 παρὰ
1769 220 1817 256 τὴν

183 275 263 303 initio
285 281 348 301 cum
363 272 431 308 ipsis
456 279 509 299 non
523 269 652 301 centulit.
666 268 713 297 sed
726 272 790 303 post
803 271 843 295 tot
860 275 947 294 annos
960 267 972 293 ?

184 319 321 353 Quoniam
340 317 418 344 multi
443 315 571 343 videntes
594 314 706 342 Petrum
733 320 764 340 ac
787 317 901 340 caeteros
926 312 972 347 qui

183 373 245 392 eum
279 372 310 391 eo
335 367 414 390 erant
443 361 584 397 apostolos
607 361 798 396 permittentes
827 359 973 386 circumci-

183 411 299 440 sionem,
316 407 430 434 Paulum
462 414 528 434 vero
544 414 599 433 nou
615 405 831 440 permittentem,
849 403 972 431 on‘ende-

183 459 284 484 bantur
302 454 381 490 quasi
397 453 534 481 dissidens
550 457 622 480 esset
639 452 808 487 praedicatio.
827 449 971 477 Revelavit

181 504 265 539 igitur
292 502 414 537 Spiritus
438 504 565 532 sanctus,
593 504 621 526 ut
636 497 798 526 ascenderet
811 496 972 532 Hierosoly-

183 558 267 582 tuam,
289 556 343 584 quo
362 547 597 583 persuaderentur
621 545 639 572 ii
670 544 716 580 qui
749 543 969 574 oﬂ‘eudehantur,

181 596 283 622 nullam
296 593 410 621 omnino
421 599 482 620 esse
504 593 531 619 iu
552 591 746 627 praedicatione
759 590 969 621 dissonantiam,

180 641 228 668 sed
246 640 332 675 magis
348 637 555 673 dispensatione
568 636 685 672 quadam
712 634 831 670 permitti
849 635 970 661 circnm-

181 686 325 714 cisionein.
341 693 350 710 ι
366 684 397 710 Ει
411 683 516 711 contuli
529 690 592 710 eum
607 682 739 717 apostolis
755 680 943 716 Evangelinm.
959 689 968 705 ι

180 731 238 760 lioc
253 734 306 762 est,
321 729 537 761 communicavi,
554 727 658 762 sumpsi
673 734 734 755 eum
748 726 788 754 eis
811 725 969 753 consilium.

184 787 192 803 ι
212 775 432 811 Qnodprazdico,
457 784 466 800 ι
485 774 546 802 sine
560 772 782 800 circumcisione.
799 781 807 797 ι
840 770 894 798 Sed
912 771 970 806 pri-

180 824 276 851 vatim.
295 831 305 848 ι
324 821 460 855 Quoniam
489 820 514 847 hi
537 819 584 854 qui
618 827 649 845 ex
670 817 771 845 ludatis
796 817 970 845 crediderant

182 868 390 904 Hierosolymis.
404 866 613 894 odendebantur
622 865 645 892 si
655 865 717 899 quis
727 863 967 891 circumcisionem

183 915 353 951 prohiberet,
372 913 448 940 Pauli
460 917 552 939 autem
566 910 724 946 praedleatio
739 910 826 945 ipsam
839 909 970 936 tollebat:

183 965 211 988 ut
225 960 300 994 ipsos
315 959 419 993 absque
434 956 600 985 oﬂ'endiculo
610 959 745 987 servaret,
764 954 892 989 privatim
907 961 971 980 cum

181 1006 222 1034 eis
254 1004 372 1032 contulit
391 1002 625 1039 praedicationem.
658 1001 690 1028 Et
718 1001 896 1035 quamobrem
918 999 973 1034 pri-

182 1051 267 1079 vatim
280 1051 291 1078 ?
305 1050 343 1078 Nc
358 1058 407 1085 per
422 1049 474 1076 hoc
487 1048 560 1083 quod
579 1047 655 1083 prius
663 1047 755 1074 omnia
771 1045 972 1073 concessissem

182 1098 349 1126 offenderent
372 1103 420 1124 eos
433 1095 482 1131 qui
498 1102 585 1129 nuper
605 1101 638 1120 ex
657 1091 871 1120 circumcisione
898 1091 931 1118 ad
942 1091 973 1118 ﬁ-

181 1145 242 1173 dem
260 1147 404 1175 venerant,
419 1146 447 1169 et
458 1141 592 1168 edicerent
607 1145 637 1167 ut
652 1146 666 1166 a
683 1138 785 1166 Christi
800 1137 851 1165 ﬁde
860 1137 973 1164 omnino

181 1188 570 1223 dis«:ederent,perderemque
581 1193 693 1213 cursum
712 1192 814 1216 meum;
826 1191 858 1211 ac
872 1190 972 1210 vanum

181 1238 336 1265 cﬂieeretur
348 1240 489 1263 certamen
515 1237 542 1260 et
561 1231 681 1260 studium
699 1237 800 1258 meum.
814 1229 882 1257 Nam
903 1237 973 1264 quo-

182 1284 263 1312 modo
279 1290 332 1310 non
347 1285 420 1309 esset
432 1281 484 1308 hoc
505 1280 532 1307 in
546 1286 644 1306 vanum
661 1285 775 1305 currere
802 1281 850 1304 aut
870 1283 971 1303 cucur-

181 1330 263 1363 risse,
278 1328 302 1357 si
314 1327 453 1356 currendo
466 1330 496 1353 ut
517 1325 611 1353 salvos
624 1324 753 1355 facerem,
768 1330 877 1350 rursum
891 1329 973 1357 quos-

182 1376 246 1404 dam
283 1374 431 1402 temeraria
452 1371 618 1400 certiludine
642 1369 785 1405 perderem
802 1369 812 1395 '3
830 1369 973 1402 Quomodo

182 1423 264 1458 igitur
276 1428 350 1448 nunc
363 1420 446 1447 etiam
475 1418 584 1454 publice
598 1417 689 1452 arguit
704 1416 715 1442 ?
732 1415 868 1449 Quoniam
886 1414 974 1449 magis

180 1471 337 1505 promotum
352 1470 420 1498 erat,
441 1470 470 1493 ct
497 1464 563 1500 quia
591 1462 717 1491 nonnulli
739 1461 973 1496 dispensationem

181 1515 318 1544 audebant
334 1513 423 1541 facere
434 1512 542 1546 dogma.
558 1511 612 1538 Aut
627 1509 700 1544 quod
711 1509 746 1536 ait
765 1508 802 1543 μή
819 1516 878 1539 πως
897 1507 973 1542 (unm

1025 267 1113 302 ἀρχὴν
1139 267 1250 293 ἀνέθετο
1276 267 1380 300 αὐτοῖς,
1411 265 1480 294 ἀλλὰ
1508 266 1578 302 μετὰ
1603 266 1724 294 τοσαῦτα
1748 267 1817 302 ετη;

1031 313 1142 349 Ἐπειδὴ
1160 313 1252 340 πολλοὶ
1278 313 1395 348 ἐρῶντες
1408 314 1472 344 τοὺς
1495 313 1567 349 ἀμφὶ
1584 313 1688 350 Πέτρον
1711 322 1819 349 συγχω-

1027 359 1141 395 ροῦντας
1159 360 1321 394 περιτομὴν,
1339 360 1384 386 τὸν
1395 359 1423 386 δὲ
1435 359 1539 386 Παῦλον
1558 360 1596 394 μὴ
1612 360 1818 396 συγχωροῦντα.

1027 404 1249 436 ἐσκανδαλίζοντο
1269 404 1307 436 ὡς
1332 405 1481 439 διαφωνίας
1501 404 1585 440 οὔσης
1610 406 1639 432 ἐν
1666 405 1706 441 τῷ
1730 406 1819 440 κηρύ-

1024 459 1121 486 γματι.
1136 451 1169 478 τὸ
1185 451 1296 486 Πνεῦμα
1309 452 1340 478 τὺ
1354 451 1431 485 ἅγιον
1443 452 1621 487 ἀπεκάλυψεν
1640 452 1716 487 αὐτῷ
1728 453 1780 487 τὴν
1793 453 1821 478 ἐν

1032 495 1211 531 Ἰερουσαλὴμ
1229 496 1333 528 ἄνοδον,
1359 496 1403 523 ἴνα
1427 496 1576 523 πεισθῶσιν
1590 497 1615 522 oi
1642 497 1822 529 σκανδαλίζο-

1024 542 1157 577 μενοι,ὃτι
1168 542 1300 577 διαφωνία
1311 543 1360 578 μὲν
1372 543 1484 578 οὐδεμία
1504 544 1533 570 ἐν
1542 543 1581 578 τῷ
1595 543 1767 578 κηρύγματι,
1781 544 1820 569 ni-

1023 589 1170 625 κονομίαδὲ
1185 590 1285 624 μᾶλλον
1298 589 1344 616 τοῦ
1355 589 1556 625 συγχωρεῖσθαι
1572 590 1735 625 περιτομήν.
1744 599 1754 615 ι
1766 590 1821 616 Καὶ

1022 637 1156 672 ἀνεθέμην
1168 637 1222 668 τοῖς
1231 636 1391 669 ἀποστόλοις
1403 636 1433 663 τὸ
1442 636 1619 670 Εὐαγγέλιον.
1627 645 1636 662 I
1647 634 1721 668 Οἷον,
1732 637 1821 662 Ἐκοι-

1022 683 1163 718 νωσὰμην,
1181 682 1389 710 συνεὸούλευσα.
1403 691 1412 708 ι
1427 683 1459 709 '0
1473 681 1613 717 κηρύσσω.
1634 691 1645 708 ι
1663 683 1732 717 Δέχα
1744 690 1823 717 περι-

1021 729 1118 764 τομῆς.
1132 738 1141 754 ο
1156 730 1223 755 Κατ’
1240 728 1306 756 ἰδίαν
1314 729 1353 756 δέ.
1367 738 1376 754 ι
1396 728 1505 763 Ἐπειδὴ
1524 728 1548 754 oi
1571 727 1600 760 ἐξ
1623 727 1760 754 Ἰουδαίων
1777 737 1822 754 πι-

1023 777 1184 808 στεύσαντες
1213 777 1242 802 ὲν
1273 776 1453 812 Ἰερουσαλὴμ
1479 776 1714 808 ἐσκανδαλίζοντο,
1738 776 1766 802 εῐ
1782 785 1822 807 τις

1022 822 1172 857 περιτομὴν
1183 821 1292 854 κωλύει,
1306 822 1336 848 τὸ
1349 822 1377 848 δὲ
1393 822 1441 848 τοῦ
1455 821 1561 848 Παύλου
1577 822 1709 857 κήρυγμα
1726 821 1822 857 ἀνῄρει

1021 868 1116 903 αὐτὴν,
1124 869 1198 900 ὅπως
1206 869 1302 900 αὐτοὺς
1312 868 1540 899 ἀσκανδαλξστους
1550 877 1582 902 τη
1588 869 1667 903 ρήσῃ.
1680 868 1742 894 κατ’
1753 868 1822 894 ἰδίαν

1024 913 1116 945 αὐτοῖς
1132 913 1244 940 ἀνέθετο
1260 913 1291 940 τὸ
1313 914 1455 949 κήρυγμα.
1468 927 1504 933 ——
1520 912 1620 949 [41011]
1642 914 1693 940 Διά
1718 913 1745 939 τε
1762 914 1822 939 κατ’

1025 959 1112 994 ἰδίαν;
1130 961 1190 988 Ἵνα
1208 961 1244 996 μὴ
1261 960 1416 995 ἔμπροσθεν
1433 960 1541 987 πάντων
1555 959 1677 991 ἀναθεὶς,
1701 959 1822 985 σκανδα-

1024 1006 1090 1032 λίσω
1104 1008 1247 1041 νεοπαγείς
1275 1007 1356 1039 bina;
1371 1007 1431 1033 τότε
1445 1007 1508 1038 τοὺς
1531 1007 1563 1033 ὲκ
1583 1007 1750 1042 περιτομῆς,
1775 1008 1821 1032 καὶ

1024 1052 1175 1087 ἀποστῆναι
1192 1053 1291 1084 αὐτοὺς
1311 1053 1516 1088 παρασκευάσω
1531 1053 1617 1080 διόλου
1635 1054 1685 1087 τῆς
1700 1054 1821 1085 πέστεως

1024 1098 1071 1125 τοῦ
1085 1098 1216 1133 Χριστοῦ,
1231 1098 1278 1126 καὶ
1289 1099 1416 1126 ἀπολέσω
1429 1099 1475 1126 τὸν
1488 1099 1588 1135 δρόμον
1603 1108 1666 1134 μου,
1678 1101 1725 1126 καὶ
1741 1101 1821 1132 κενὶς

1024 1144 1117 1180 δειχθῇ
1135 1145 1149 1170 ὁ
1165 1144 1240 1179 ἀγών
1262 1153 1312 1180 μου
1331 1145 1379 1172 καὶ
1394 1146 1410 1179 ὴ
1425 1145 1526 1181 σπουδή
1544 1154 1606 1181 μου.
1623 1146 1685 1178 Πῶς
1697 1147 1753 1181 γὰρ
1771 1148 1820 1173 οὐκ

1025 1190 1082 1218 ἔστι
1102 1192 1180 1218 κενὸν
1195 1192 1301 1228 τρέχειν
1325 1193 1372 1219 καὶ
1390 1193 1611 1228 δεδραμηχέναι,
1629 1194 1694 1220 ὅταν
1716 1194 1820 1228 τρέχων

1025 1238 1068 1264 ἵνα
1094 1238 1191 1271 σώσω,
1219 1239 1329 1273 ἐτέρους
1355 1239 1438 1266 πάλιν
1465 1239 1510 1266 διὰ
1538 1240 1586 1275 τῆς
1608 1240 1820 1275 ἁπερισκέπτον

1025 1285 1170 1320 ἀκριϐείας
1199 1286 1347 1319 ἀπολλύω;
1375 1286 1438 1318 Πῶς
1463 1285 1510 1313 οὖν
1537 1286 1603 1318 νῦν,
1629 1287 1676 1312 καὶ
1701 1286 1822 1322 δημοσία

1024 1330 1150 1365 ἐλέγχει;
1174 1331 1214 1358 ὅτι
1234 1332 1360 1367 προκοπὴ
1380 1329 1426 1368 ἦν,
1448 1332 1495 1358 καὶ
1511 1332 1552 1358 ὅτι
1567 1332 1614 1358 καὶ
1631 1331 1722 1366 δόγμα
1747 1332 1821 1362 τινὲς

1024 1376 1073 1411 τὴν
1087 1377 1244 1412 οἰκονομίαν
1265 1378 1387 1413 ἐτόλμων
1404 1378 1503 1405 ποιεῖν.
1520 1378 1555 1404 Ἦ
1569 1377 1610 1411 τὺ,
1624 1377 1668 1412 μή
1685 1385 1760 1411 πως,
1776 1377 1821 1404 δύ-

1025 1431 1103 1449 ναται
1119 1423 1166 1450 καὶ
1176 1424 1236 1450 κατ’
1248 1423 1383 1459 ἐρώτησιν
1395 1424 1533 1459 εἰρῆσθαι,
1544 1423 1582 1456 ὡς
1592 1423 1821 1451 διαϐεϐαιωτικδν

1024 1467 1054 1494 ὃν
1065 1467 1122 1500 τοῦ,
1134 1469 1174 1495 ὅτι
1183 1469 1232 1495 οὐκ
1242 1470 1282 1501 είς
1293 1469 1369 1496 κενὸν
1380 1469 1470 1505 τρέχω
1482 1469 1498 1505 ἢ
1511 1469 1637 1505 ἔδραμον,
1649 1470 1718 1496 ἀλλὰ
1731 1472 1821 1497 πάντα

1026 1513 1075 1540 σὺν
1086 1515 1222 1551 ἀσφαλείᾳ
1234 1515 1369 1550 ἔπραττον
1381 1516 1427 1542 καὶ
1442 1515 1567 1552 προνοίᾳ.
1582 1525 1591 1541 ι
1601 1516 1664 1547 Τοῖς
1678 1516 1819 1543 δοκοῦσι.»

180 1561 340 1598 quomodo),
361 1563 451 1595 potest
461 1566 509 1594 per
522 1556 767 1592 interrogationem
781 1554 884 1582 dictum
901 1561 919 1581 ος

1095 1570 1104 1586 ι
1124 1561 1186 1592 Τοῖς
1199 1561 1335 1595 δοκοῦσιν,
1351 1571 1361 1588 ι
1377 1562 1428 1589 οὐκ
1441 1561 1618 1598 ἀναιροῦντός
1633 1563 1692 1588 ἐστι
1706 1562 1737 1588 τὸ
1751 1561 1820 1589 εἶναι

181 1615 312 1643 tanquam
329 1607 416 1641 magis
428 1604 649 1633 eontirmativum
667 1601 739 1636 quod
757 1608 811 1627 non
824 1599 851 1626 in
871 1606 971 1626 vanum

180 1662 304 1687 curram,
341 1652 443 1687 inquit,
468 1655 514 1677 aut
538 1649 702 1680 currebam,
725 1646 773 1675 sed
797 1646 888 1674 omnia
910 1652 972 1672 cum

181 1701 311 1728 ﬁrmitate
325 1706 358 1726 ac
372 1696 547 1734 providentia
562 1695 708 1729 operabar.
739 1703 747 1718 ι
779 1692 847 1720 Cum
871 1693 903 1720 iis
926 1691 973 1726 qui

181 1749 259 1775 erant
280 1746 308 1772 in
331 1743 428 1779 pretio.
446 1753 456 1768 ι
480 1741 559 1774 Quod
583 1741 644 1772 ait.
675 1749 684 1765 ι
699 1739 751 1772 Qui
775 1743 854 1766 erant
869 1738 896 1765 in
910 1745 973 1772 pre-

182 1794 232 1825 tio,
253 1801 263 1818 ›
278 1799 332 1819 non
348 1796 390 1818 est
419 1790 541 1817 tollentis
556 1793 603 1816 aut
627 1788 753 1823 negantis
770 1787 882 1814 Petrum
894 1793 974 1813 caete-

182 1845 285 1873 rosque
297 1845 358 1864 cum
372 1843 405 1863 eo
419 1834 560 1871 apostolos
583 1841 700 1868 magnos
727 1833 835 1866 fuisse;
857 1832 905 1860 sed
931 1836 975 1860 est

181 1883 265 1913 veluti
279 1883 302 1911 si
315 1883 377 1918 quis
387 1881 543 1914 dicat:Qui
561 1879 663 1915 aliquid
679 1883 769 1912 erant,
787 1885 883 1914 nempe
893 1886 974 1914 cory-

183 1930 264 1965 phaei.
277 1939 286 1956 ‹
298 1929 368 1957 Nunt
378 1927 514 1964 quomodo
528 1927 556 1954 in
577 1934 676 1954 vanum
691 1932 858 1953 currerem.»
872 1924 930 1953 Non
945 1929 976 1951 ut

182 1977 315 2004 discerent
329 1982 393 2002 num
409 1973 546 2009 quomodo
565 1972 591 1999 in
608 1979 707 1999 vanum
718 1978 856 1998 currerent
872 1973 919 1997 aut
927 1978 976 1997 cu-

182 2022 330 2050 currissent
339 2030 347 2048 :
356 2027 486 2048 noveram
495 2019 567 2047 enim
575 2026 606 2045 ex
619 2017 782 2044 revelatioue
788 2012 887 2043 Chris‘ti
895 2015 977 2042 certip

186 2068 305 2095 tudinem
323 2063 639 2100 praedicationisz726
654 2063 702 2090 sed
726 2066 755 2088 ut
771 2062 907 2088 discerent
929 2060 975 2095 qui

185 2114 256 2141 inter
268 2119 311 2140 me
321 2116 347 2138 ct
371 2111 478 2138 Petrum
494 2118 555 2137 eum
575 2110 681 2136 ett-teris
695 2107 905 2142 suspicabantur
914 2114 976 2134 esse

184 2158 348 2192 dissidium,
358 2157 430 2193 quod
441 2164 495 2184 nou
507 2157 534 2183 in
551 2163 650 2182 vanum
664 2161 803 2181 currerent
817 2157 863 2180 aut
876 2155 976 2181 cucur-

184 2207 292 2233 rissent.
322 2214 331 2230 α
348 2204 400 2232 Sed
421 2210 510 2238 neque
523 2200 602 2229 Titus
618 2207 723 2228 mecuai
738 2204 807 2231 erat,
821 2206 884 2226 eum
904 2203 977 2226 esset

1025 1607 1088 1639 τοὺς
1103 1607 1168 1643 περὶ
1194 1607 1298 1644 Πέτρον
1316 1608 1464 1643 μεγάλους,
1478 1608 1537 1634 ἀλλ’
1559 1608 1596 1640 ὡς
1612 1608 1645 1635 ἄν
1670 1617 1714 1640 τις
1736 1609 1821 1640 εἴποι,

1024 1654 1080 1684 τοῖς
1094 1650 1156 1679 οὖσι
1182 1653 1222 1685 τὶ,
1247 1654 1304 1684 τοῖς
1325 1653 1497 1688 κορυφαίοις.
1517 1663 1526 1679 ι
1543 1654 1588 1689 Μή
1605 1663 1663 1687 πως
1686 1655 1728 1687 εἰς
1743 1655 1822 1681 κενὸν

1024 1699 1125 1734 τρέχω.
1143 1708 1152 1724 ›
1170 1699 1208 1726 Οὐ
1223 1698 1278 1735 γὰρ
1294 1699 1337 1726 ἵνα
1358 1698 1414 1733 ἐγὼ
1437 1699 1527 1734 μάθω,
1545 1701 1582 1736 μή
1598 1709 1657 1731 πως
1679 1701 1721 1732 εἰς
1743 1701 1822 1727 κενὸν

1024 1746 1124 1781 τρέχω,
1143 1745 1158 1781 ἥ
1177 1745 1294 1781 ἔδραμον
1319 1745 1406 1781 (ᾔδειν
1429 1746 1483 1781 γὰρ
1504 1747 1535 1772 ἐκ
1553 1747 1601 1782 τῆς
1619 1747 1823 1782 ἀποκαλύψεως

1025 1791 1074 1818 τοῦ
1090 1791 1222 1827 Χριστοῦ,
1238 1791 1287 1827 τὴν
1301 1791 1445 1825 ἀκρίϐειαν
1461 1791 1507 1818 τοῦ
1523 1793 1715 1829 κηρύγματος)
1731 1802 1737 1809 ·

1025 1837 1070 1863 ἴνα
1089 1837 1211 1871 μάθωσιν
1226 1837 1250 1863 oi
1277 1836 1478 1868 διαστασιαζειν
1501 1845 1534 1872 με
1563 1839 1618 1869 τοῖς
1637 1839 1701 1874 περὶ
1718 1839 1820 1873 Πέτρον

1026 1881 1215 1914 ὑπονοοῦντες,
1236 1882 1276 1908 ὅτι
1291 1883 1341 1909 οὐκ
1365 1883 1407 1913 εἰς
1432 1882 1511 1909 κενὸν
1533 1883 1624 1918 τρέχω
1644 1884 1662 1919 ἢ
1689 1884 1817 1920 ἔδραμον.

1030 1937 1038 1953 ι
1058 1927 1127 1954 Ἀλλ’
1144 1928 1205 1954 οὐδὲ
1223 1928 1301 1960 Τίτος
1322 1930 1336 1955 ὸ
1358 1930 1406 1955 σὺν
1429 1930 1489 1964 ἐμοὶ
1500 1930 1600 1965 Ἕλλην
1616 1930 1663 1957 ὧν.
1684 1940 1693 1956 ι
1720 1931 1749 1957 Ὁ
1773 1931 1818 1957 σὺν

1027 1974 1098 2007 ἐμοὶ,
1112 1974 1204 2008 φησιν,
1220 1973 1339 2001 ἀνελθὼν
1361 1975 1400 2006 εἰς
1423 1975 1596 2011 Ἱεροσόλυμα
1617 1977 1731 2011 Ἕλλην,
1745 1985 1818 2003 τοντ-

1027 2018 1115 2051 ἐστιν,
1131 2019 1310 2054 ἁκρόὸυστοτ.
1335 2019 1488 2057 Τοιγαροῦν
1505 2021 1672 2057 άκρόϐυστος
1696 2022 1750 2055 ὣν,
1773 2023 1819 2048 οὒκ

1027 2064 1189 2099 ἠναγκάσθη
1202 2065 1277 2100 παρὰ
1289 2065 1343 2092 τῶν
1356 2066 1513 2093 ἀποστόλων
1524 2067 1740 2102 περιτμηθῆναι,
1755 2069 1820 2103 ὅπερ

1028 2108 1139 2144 ἐλεγχος
1153 2107 1198 2146 ἦν,
1216 2111 1283 2145 μηδὲ
1298 2112 1361 2143 τοὺς
1378 2113 1443 2146 περὶ
1459 2113 1562 2148 Πέτρον
1578 2113 1731 2148 κηρύσσειν
1744 2123 1819 2150 περι-

1028 2155 1125 2190 τομὴν,
1142 2156 1185 2182 διὰ
1199 2156 1228 2182 δὲ
1244 2157 1448 2191 συγκατάδασιν
1463 2158 1516 2184 τῶν
1531 2159 1560 2190 ἐξ
1580 2159 1689 2195 Ἰσραὴλ
1707 2160 1820 2191 πιστῶν,

1031 2202 1183 2237 συγχωρεῖν
1202 2202 1251 2238 τὴν
1265 2204 1428 2239 περιτομήν.
1441 2219 1477 2224 -—
1491 2205 1618 2237 Ἄλλως.
1638 2204 1742 2241 [ΦΩΤ.]
1758 2207 1821 2232 οὐδὲ

183 2251 321 2280 Grmcus.»
341 2249 393 2283 Qui
409 2257 515 2277 mecum
526 2247 686 2276 ascenderat
698 2245 922 2281 Hierosolymam.

1082 2256 1121 2280 οι,
1154 2249 1232 2283 φησι,
1257 2249 1345 2276 καίτοι
1375 2250 1502 2285 ἐπίδηλον
1524 2251 1589 2278 ὅντα
1607 2251 1636 2284 ἐξ
1660 2252 1820 2287 Ἑλληνικῆς

184 2298 255 2332 quit,
265 2296 390 2328 Graecus,
402 2295 429 2322 id
438 2300 488 2327 est,
499 2295 693 2321 circumcisus.
707 2293 791 2328 igitur
802 2300 862 2320 cum
871 2299 978 2327 praepu-

186 2343 271 2370 tiatus
279 2346 363 2373 esset,
373 2348 426 2367 non
436 2346 478 2368 est
488 2339 523 2367 ab
534 2339 666 2374 apostolis
675 2344 786 2366 coactus
796 2338 956 2366 ι-ἱτριιιιιεὶίιί
968 2348 974 2366 :

185 2388 258 2423 quod
271 2391 462 2422 argumentum
475 2390 535 2413 erat
553 2393 642 2421 neque
653 2384 764 2413 Petrum
780 2392 842 2412 cum
871 2385 977 2413 cmteris

183 2433 335 2469 praedicare
343 2431 593 2464 circumcisionem,
609 2431 656 2459 sed
678 2435 790 2466 propter
807 2433 976 2459 condescen-

185 2480 293 2507 sionem
308 2478 498 2506 lsraelitarum
514 2477 636 2505 ﬁdelium
651 2477 802 2505 concedere
829 2476 977 2505 circumci-

185 2527 301 2555 sionem.
319 2524 426 2552 —-Alio
451 2525 539 2552 modo.
557 2524 652 2560 Neque
674 2524 779 2558 Titum,
795 2524 896 2559 inquit,
913 2524 976 2551 licet

184 2571 362 2601 manifestum
386 2575 460 2600 esset
479 2570 575 2599 Graeco
594 2576 686 2598 natum
699 2579 760 2599 esse
790 2571 904 2602 semine,
920 2570 975 2597 ullo

184 2619 264 2647 modo
277 2618 469 2654 compulerunt
484 2617 601 2653 apostoli
620 2617 794 2649 circumcidi,
816 2623 974 2651 quanquam

184 2669 332 2700 praesentes
364 2664 491 2692 viderent
514 2664 599 2692 falsos
632 2664 742 2691 fratres.
772 2662 839 2689 Nam
865 2670 878 2689 a
901 2671 977 2690 com-

183 2712 260 2739 muni
291 2719 374 2739 sensu
404 2718 514 2739 rursum
541 2709 796 2744 :nbiutellignndum
813 2714 876 2737 est:
897 2719 906 2736 ‹
922 2709 975 2738 Sed

184 2766 281 2793 neque,
301 2767 312 2784 θ
329 2762 357 2785 ut
370 2757 406 2784 sit
435 2763 534 2784 sensus
550 2765 558 2784 :
572 2755 624 2783 Sed
649 2763 737 2790 neque
759 2755 838 2783 Titus
858 2757 976 2791 compul-

184 2810 231 2830 sus
269 2803 322 2830 fuit
353 2802 538 2835 circumcidi,
557 2808 647 2836 neque
675 2805 786 2836 propter
811 2801 899 2829 obiter
930 2801 974 2828 in-

183 2857 295 2883 gressos
333 2850 416 2877 falsos
452 2849 562 2876 fratres.
593 2847 665 2881 Quid
689 2855 751 2884 ergo
773 2849 784 2875 ?
810 2848 901 2882 Quare
925 2848 973 2875 Τί-

186 2895 323 2921 n-otlteum
359 2894 553 2928 circumcidit,
581 2895 604 2922 si
638 2899 772 2922 rationem
804 2902 859 2922 non
894 2894 975 2921 habet

1031 2295 1135 2329 σπορᾶς
1147 2295 1343 2330 γεγενημένον,
1360 2297 1420 2323 οὐδὲ
1435 2297 1529 2324 τοῦτον
1543 2297 1703 2332 ἠνάγκασαν
1715 2299 1741 2325 οἱ
1758 2299 1823 2325 ἁπό-

1031 2340 1118 2367 στολοι
1134 2341 1350 2377 περιτμηθῆναι,
1363 2343 1452 2369 καίτοι
1487 2344 1626 2379 παρόντας
1642 2344 1763 2379 ὁρῶντες
1779 2344 1824 2371 καὶ

1028 2388 1091 2419 τοὺς
1104 2387 1315 2423 ψευδαδέλφους,
1333 2389 1369 2416 Τὸ
1384 2391 1448 2425 γὰρ,
1467 2399 1475 2416 ι
1488 2390 1557 2417 Ἀλλ’
1572 2391 1642 2423 οὐδὲ,
1662 2401 1673 2417 ι
1696 2392 1754 2418 ἀπὸ
1769 2400 1824 2418 κοι-

1028 2432 1075 2459 νοῦ
1101 2433 1262 2468 ὲκληπτέον,
1277 2431 1343 2466 οἷον,
1376 2434 1447 2461 ’Λλλ“
1469 2435 1528 2461 οὐδὲ
1546 2435 1627 2466 Τίτος
1647 2435 1824 2470 ἠναγκάσθη.

1028 2479 1106 2513 φησὶ,
1133 2479 1346 2515 περιτμηθῆναι.
1375 2481 1442 2507 Οὐδὲ
1463 2480 1506 2508 διὰ
1525 2482 1588 2512 τοὺς
1616 2483 1824 2516 παρεισάκτους

1027 2524 1237 2560 ψευδαδέλφους.
1256 2525 1289 2552 Τί
1308 2527 1370 2560 οὖν,
1384 2529 1433 2555 Διὰ
1448 2528 1474 2554 τί
1487 2527 1532 2555 τὸν
1550 2528 1684 2562 Τιμόθεον
1700 2530 1824 2564 περιέτε-

1029 2579 1089 2605 μεν,
1109 2573 1133 2598 εί
1161 2573 1240 2606 λόγον
1261 2574 1291 2600 οὐ
1313 2575 1429 2602 ποιεῖται
1453 2574 1508 2601 τῶν
1529 2574 1745 2608 ψευδαδέλφωνς
1764 2574 1823 2602 Οὐδ’

1027 2618 1130 2646 ἐκεῖνον
1141 2619 1184 2646 διὰ
1198 2619 1309 2652 τούτους
1326 2621 1484 2655 περιέτεμε,
1497 2621 1532 2655 μὴ
1549 2618 1670 2655 γένοιτοι
1696 2621 1771 2648 Ἀλλ’
1782 2622 1824 2648 ἵνα

1027 2664 1148 2700 κερδήσῃ
1171 2666 1235 2697 τοὺς
1258 2666 1291 2693 δι’
1310 2666 1460 2700 ,ἀσθένειαν
1488 2667 1627 2701 λογισμῶν
1646 2667 1823 2698 σχανδαλιζο-

1029 2710 1135 2745 μένους.
1151 2712 1281 2748 Τοῖςμὲν
1295 2713 1349 2748 γὰρ
1364 2713 1518 2745 ἀσθενοῦσι,
1538 2714 1578 2740 δεῖ
1594 2715 1822 2747 συγκαταϐαίνειν

1027 2757 1074 2783 ἐπὶ
1090 2757 1223 2794 θεραπείᾳ
1244 2760 1346 2795 πραείᾳ
1365 2761 1412 2787 τοῦ
1428 2761 1658 2796 ἀῤῥωστήματος,
1678 2763 1736 2793 τοῖς
1755 2762 1778 2787 δ’
1791 2762 1821 2788 ὲκ

1027 2805 1196 2840 κακουργίας
1220 2807 1269 2832 καὶ
1286 2807 1407 2843 πονηρᾶς
1425 2807 1539 2843 γνώμης
1557 2807 1746 2843 ὁρμωμένοις,
1762 2807 1820 2834 οὐδὲ

1027 2849 1056 2874 τὺ
1070 2850 1209 2884 ἐλάχιστον
1224 2852 1358 2880 ὑπείκειν.
1375 2851 1455 2881 Οὗτοι
1473 2854 1538 2889 γὰρ,
1551 2854 1582 2881 οὐ
1604 2855 1688 2888 μόνον
1702 2855 1734 2882 οὐ
1749 2855 1819 2881 δέον-

1027 2903 1073 2921 ται
1099 2895 1256 2931 θεραπείας,
1278 2899 1433 2934 κρείττονος
1453 2900 1563 2936 ἁπάσης
1595 2901 1747 2935 θεραπείας
1772 2899 1816 2927 τοῦ
