1872 3049
65 184 142 217 1105
566 188 760 220 COMMENT.
784 190 823 220 IN
839 191 861 220 E

955 217 961 223 .
984 195 1032 224 AD
1046 195 1180 226 GALAT.
1638 197 1708 230 1106

62 241 171 271 πάθους
181 240 272 272 αὐτοῖς
283 240 515 276 ἒνςτηριχθέντος,
525 241 593 268 ἀλλὰ
607 243 653 269 καὶ
673 244 735 276 τοὺς
755 244 861 279 πλησίοτ

951 247 1052 275 lsormn
1068 249 1182 277 fratrum
1195 251 1206 276 1'
1234 250 1328 287 Neque
1344 252 1420 280 illum
1434 256 1545 288 propter
1567 252 1641 286 ipsos
1653 253 1708 281 cir-

62 285 178 320 ζητοῦσι
189 287 238 321 τῆς
252 287 355 319 οἰκείας
364 287 442 314 νόσου
455 287 619 323 ἀναπλῆσαι.
629 289 683 323 Διὸ,
700 290 783 317 σΟὐδὲ
799 291 861 326 πρὸς

949 295 1063 322 nncidit.
1090 295 1210 324 Minime.
1237 285 1291 326 Sed
1322 303 1352 326 ut
1381 285 1442 327 illos
1471 285 1643 328 lucrifaceret
1662 300 1708 335 qui

61 334 141 369 ὥραν
152 335 244 366 αὐτοῖς
258 334 379 370 εἴξαμεν,
389 334 435 361 καὶ
443 335 457 361 ὁ
468 334 540 367 θεῖος
557 336 736 370 ἀποφαίνεται
745 337 860 370 Παῦλος.

949 339 1076 369 “raritate
1100 342 1319 372 oﬂcndebantur.
1338 345 1457 374 infirmis
1483 347 1619 382 siquidem
1643 334 1709 374 con-

63 383 233 411 descendere
246 388 354 418 oportet
369 383 396 410 in
421 383 479 410 miti
500 383 606 412 medela
631 385 800 420 aegritudinis
817 395 823 413 :
845 386 888 414 his
908 395 971 416 vero
987 389 1033 424 qui
1053 398 1085 417 ex
1102 391 1173 419 malo
1187 398 1286 421 conatu
1300 401 1438 429 pravoque
1452 400 1544 423 mente
1557 403 1614 422 rem
1631 395 1710 422 insti-

64 436 161 464 tuunt,
179 440 213 459 ne
235 432 263 459 in
290 431 405 458 minimo
426 431 537 467 quidem
551 433 658 460 cedere.
677 433 745 461 Nam
761 434 788 460 hi
805 442 859 462 non
887 436 974 463 solum
1005 437 1138 466 medelam
1169 448 1223 468 non
1239 446 1370 476 expetunt
1387 450 1449 470 cum
1469 443 1557 479 magis
1579 443 1606 471 in
1636 443 1709 471 malo

65 481 193 506 ﬁrmatus
209 480 244 507 sit
257 479 325 515 ipsis
351 479 466 508 aﬂ‘ectus
486 487 568 516 quam
595 485 624 508 ut.
643 481 724 508 ullam
741 482 869 510 adtuittat
899 492 993 512 curam
1009 505 1016 518 ,
1034 494 1127 514 verum
1154 489 1234 516 etiam
1255 491 1396 525 proximos
1411 491 1523 526 cupiunt
1534 492 1645 527 proprio
1668 499 1710 519 re-

63 525 139 560 plere
159 525 266 553 morbo.
285 525 360 558 ldeo,
381 525 435 554 «Ne
450 526 484 554 ad
507 526 600 554 horam
614 527 724 561 quidem
737 529 873 556 cessimus
893 530 977 565 ipsis;
990 541 999 557 ι
1017 536 1044 560 et
1057 535 1222 562 sententiam
1239 535 1309 563 hanc
1335 525 1456 572 loquitur
1484 525 1564 566 divus
1586 525 1707 565 _P:tulus-

98 570 153 597 Διὰ
183 571 217 598 δὲ
242 571 315 605 τοὺς
331 571 554 606 παρεισάκτους
574 573 808 609 ψευδαδέλφους
823 576 861 602 οἵ·

957 578 990 611 ll,
1006 579 1034 612 4,
1059 580 1083 607 5.
1101 579 1153 608 Sed
1167 588 1274 616 propter
1289 570 1516 620 obiter‘ingressos
1542 585 1624 620 falsos
1650 586 1708 620 fra-

65 625 147 649 τινες
168 617 377 651 παρεισῆλθον
400 618 634 653 κατασκοπῆσαι
662 619 720 652 τὴν
745 621 864 648 ἐλευθε-

62 663 134 696 ρίην
156 663 252 698 ἡμῶν,
283 664 323 698 ῆν
344 664 454 699 ἔχομεν
473 664 509 691 ὲν
539 664 654 699 Χριστῷ
679 666 790 699 Ἰησοῦ,
814 667 864 694 ἵνα

64 708 143 743 ἡμᾶς
176 709 484 743 καταδουλώσωνται,
504 708 548 744 οἷς
579 711 651 738 οὐδὲ
676 713 752 746 πρὸς
783 712 859 747 ὥραν

64 754 192 789 εῐξημεν
205 755 242 790 τῇ
254 756 403 791 ὑποταγῇ,
420 757 471 784 ἵνα
488 759 506 793 ἡ
522 758 648 792 ἀλήθεια
663 758 717 786 τοῦ
729 760 860 794 Είιαγγε-

65 802 134 828 ,ιόυ
147 801 289 836 διαμείνῃ
305 802 379 836 πρὸς
393 803 481 838 ὑμᾶς.

99 847 171 874 Οὐδὲ
193 848 285 883 ἐπειδὴ
303 849 327 874 ol
338 849 515 884 ψευδάδελφοι
532 850 671 886 παρῆσαν,
685 851 776 887 φησὶν,
794 853 861 887 ἠνά-

65 902 174 927 γκασαν
198 894 222 921 οἱ
244 894 386 921 ἀπόστολοι
401 896 482 923 Τίτον
499 897 714 933 περιτμηθῆναι,
735 898 804 934 ὅπερ
824 897 857 934 ἦν

66 939 177 974 δεῖγμα,
198 938 245 966 τοῦ
263 939 301 975 μὴ
326 940 482 975 νομοθετεῖν
506 930 669 977 τοὺς
695 930 798 977 Πέτρον
812 930 861 978 τήν
880 930 900 957 Β

67 986 234 1021 περιτομήν.
263 985 447 1021 Ψευδάδελφοι
462 987 490 1014 δὲ
506 984 576 1023 ἦσάν
598 997 671 1019 τινες
688 988 718 1015 ὲν
742 990 861 1024 σχήματι

67 1031 194 1066 ἀδελφῶν
214 1032 396 1066 Χριστιανῶν,
417 1034 570 1070 περιτομὴν
592 1034 788 1070 κηρύσσοντες,
813 1036 862 1071 οὐχ

67 1077 104 1108 ὡς
117 1078 142 1104 οι
165 1078 231 1112 περὶ
256 1078 369 1113 Πέτρον,
385 1079 429 1106 διὰ
459 1080 665 1113 ωγκατάὸασιν
689 1081 737 1108 καὶ
759 1082 863 1108 οῑκονο-

68 1123 143 1158 μίαν,
168 1123 225 1150 ἀλλ’
239 1123 276 1155 ὠς
295 1123 377 1159 νόμον
391 1124 563 1158 ἐκδικοῦντες
578 1127 608 1152 τὸ
626 1129 753 1162 πρᾶγμα.
766 1128 821 1154 Καὶ
837 1129 862 1155 οἱ

69 1169 117 1203 μὲν
133 1168 291 1200 ἀπόστολοι,
307 1170 372 1205 παρ’
392 1170 530 1201 Ἰουδαίοις
541 1171 620 1198 τοῦτο
640 1172 720 1207 μόνον
743 1173 862 1208 συνεχώ-

70 1224 143 1250 ρουν,
162 1216 263 1241 ἐκεῖνοι
277 1215 306 1242 δὲ
320 1216 366 1243 καὶ
378 1216 407 1242 ἐν
421 1218 477 1248 τοῖς
492 1217 580 1244 ἔθνεσι
595 1219 748 1254 περιτομὴν
766 1219 862 1252 ἐνομο-

69 1262 175 1288 θέτουν.
197 1258 276 1288 Οὗτοι
295 1261 348 1298 γὰρ
362 1259 433 1298 ἦσαν
449 1263 474 1288 οἱ
490 1263 612 1295 Γαλάτας
627 1263 860 1298 διαθορυϐοῦντες.

66 1306 133 1333 Οὐδὲ
146 1307 239 1334 αὐτῶν
251 1307 307 1338 οὖν,
325 1309 404 1342 φησι,
435 1308 588 1344 παρόντων,
615 1306 656 1341 οἷς
681 1309 761 1345 ἔργον
786 1318 863 1345 περι-

67 1353 153 1388 τομὴν
181 1353 339 1388 κηρύσσειν,
355 1354 516 1389 ἠναγκάσθη
547 1355 626 1387 Τίτος
649 1357 861 1392 περιτμηθῆναι.

70 1409 78 1425 ι
92 1399 199 1432 Οἴτινες
229 1400 420 1436 παρεισῆλθον.
439 1411 448 1427 ι
465 1401 498 1428 Οἱ
512 1401 701 1438 ψευδάδελφοι,
720 1404 797 1438 φησὶ,
815 1403 863 1430 λα-

69 1445 172 1481 θραίως
189 1447 401 1482 παρεισέδυσαν,
420 1449 632 1484 κατασκοπῆσαι
653 1449 732 1484 ἡμῶν
751 1449 864 1485 ζητοῦν-

67 1500 112 1523 τες
126 1492 179 1528 τὴν
203 1493 231 1520 ἐν
252 1492 362 1528 Χριστῷ
379 1493 548 1530 ἐλευθερίαν,
566 1494 610 1521 ἵνα
626 1496 700 1530 ἡμᾶς
720 1497 804 1523 πάλιν
824 1497 863 1532 τῷ

69 1537 142 1573 ζυγῷ
169 1539 216 1564 τοῦ
239 1538 323 1572 νόμου
344 1538 513 1570 ὑποϐάλωσι,
538 1540 585 1567 καὶ
609 1542 671 1574 ταῖς
701 1542 863 1575 ’ἰουδαῖκαῑς

916 629 979 656 lrrs,
998 626 1044 660 qui
1067 627 1277 656 subintroierant
1295 630 1329 657 ad
1341 631 1537 665 explorandam
1557 632 1708 660 libertatem

914 676 1045 703 nostram,
1068 681 1148 707 quam
1167 675 1294 704 habemus
1310 678 1336 704 iu
1363 677 1468 706 Christo
1494 678 1569 710 Iesu.
1588 688 1640 714 quo
1660 689 1706 706 nos

915 716 942 742 in
963 718 1115 745 servitutcm
1131 721 1277 755 adigerent.
1298 723 1418 755 Quorum
1435 732 1466 750 ne
1480 724 1515 750 ad
1531 725 1624 751 horam
1652 726 1708 760 qui-

916 761 974 788 dem
988 764 1114 791 cessimus
1133 766 1340 800 atrbjecliaui,ut
1368 769 1464 796 ret-itas
1491 769 1628 805 Evangelii
1649 778 1707 804 per-

915 814 1030 836 maneret
1050 811 1119 843 apud
1134 820 1188 838 vos.

946 853 1040 889 Neque
1064 864 1096 884 eo
1129 858 1201 892 quod
1229 859 1357 887 adt-ssent
1389 860 1449 889 falsi
1470 861 1579 893 fratres,
1608 862 1633 889 id
1653 866 1707 895 est,

915 899 970 927 [icti
993 901 1153 935 Christiani,
1181 906 1375 939 compulerunt
1404 907 1520 942 apostoli
1539 907 1630 935 Titum
1656 908 1708 935 cir-

914 948 1042 981 cumcidi,
1064 950 1137 983 quod
1160 951 1268 985 signum
1284 956 1343 979 erat
1355 952 1464 980 Petrum
1489 961 1550 981 cum
1567 954 1625 982 suis
1654 962 1706 982 non

913 995 1022 1021 sancire
1037 995 1292 1024 circumcisionem.
1308 997 1382 1026 Falsi
1399 1003 1490 1027 autem
1517 1000 1618 1028 fratres
1627 1005 1707 1028 erant

913 1039 1024 1073 quidam
1052 1041 1079 1068 in
1096 1042 1190 1070 habitu
1213 1043 1329 1071 fratrum
1346 1046 1404 1072 sive
1417 1045 1639 1074 Christianorum
1653 1046 1708 1074 cir-

914 1086 1111 1114 cumcisionem
1122 1088 1305 1122 prmdicautes
1322 1099 1330 1118 :
1345 1099 1400 1118 non
1428 1092 1500 1120 sicut
1528 1092 1626 1120 Petrus
1642 1101 1705 1120 cum

914 1132 1020 1160 exteris
1045 1139 1155 1168 propter
1193 1135 1456 1165 condescensioncm
1497 1143 1524 1166 et
1558 1140 1705 1174 quamdam

914 1178 1162 1213 dispensationem,
1194 1181 1240 1208 sed
1270 1189 1326 1210 rem
1357 1187 1486 1219 tanquam
1501 1185 1587 1219 legem
1605 1185 1703 1213 defen—

914 1223 1019 1251 dentes.
1037 1225 1119 1260 727
1145 1225 1175 1252 Et
1191 1228 1307 1262 apostoli
1321 1228 1429 1263 quidem
1442 1230 1513 1264 apud
1528 1229 1637 1258 Iuda-os
1653 1231 1706 1259 hoc

914 1269 1003 1297 solum
1022 1272 1227 1306 permittebant,
1256 1274 1292 1302 illi
1312 1282 1376 1302 vero
1392 1275 1464 1303 inter
1482 1282 1576 1311 gentes
1597 1285 1707 1313 quoque

913 1316 1154 1345 circumcisionem
1169 1319 1227 1354 lege
1241 1321 1400 1349 statuebant
1416 1331 1423 1355 ;
1439 1322 1465 1349 hi
1483 1323 1556 1350 enim
1568 1329 1647 1351 erant
1658 1325 1706 1358 qui

914 1361 1024 1390 Galatas
1051 1364 1207 1392 turbabant.
1226 1365 1319 1401 Neque
1331 1367 1374 1394 his
1401 1368 1485 1402 igitur
1511 1370 1707 1404 praesentibus,

915 1408 1015 1443 inquit,
1033 1417 1149 1444 quorum
1168 1411 1286 1439 oﬂicium
1305 1418 1365 1440 erat
1384 1414 1622 1442 circumcisionem
1641 1423 1710 1450 pra:-

914 1453 1018 1487 dicare,
1034 1456 1196 1490 compulsus
1210 1456 1261 1484 fuit
1273 1456 1351 1485 Titus
1362 1459 1535 1487 circumcidi.
1549 1469 1558 1485 ι
1574 1460 1624 1493 Qui
1639 1461 1706 1488 sub-

916 1499 1091 1528 introierant.
1113 1511 1122 1527 »
1153 1501 1238 1535 Falsi,
1255 1503 1354 1538 inquit.
1374 1504 1484 1538 fratres,
1498 1506 1569 1533 clam
1587 1507 1706 1542 irrepse—

914 1550 977 1573 rant
994 1547 1139 1582 explorare
1148 1553 1303 1583 quaerentes
1319 1555 1442 1578 nostram
1454 1551 1482 1578 in
1496 1551 1606 1579 Christo
1623 1553 1705 1580 liber-

68 1584 291 1620 παρατηρήσεσι.
307 1584 344 1611 Τὸ
357 1586 411 1620 γὰρ
430 1586 465 1621 μὴ
478 1586 585 1618 τούτοις
603 1587 775 1622 ὑποκεῖσθαι,
787 1589 861 1616 ὲλευ-

949 1597 1010 1625 tem,
1045 1599 1074 1621 ut
1099 1603 1149 1623 nos
1187 1603 1296 1623 rursum
1320 1597 1386 1632 jtlgu
1408 1597 1475 1632 legis
1501 1598 1650 1626 subderent
1672 1607 1704 1626 ac

69 1630 163 1665 θερίαν
178 1630 262 1664 λέγει.
277 1631 347 1666 Ὅρα
359 1631 388 1657 δὲ
402 1631 459 1662 πῶς
475 1631 574 1665 ἔδειξεν
588 1632 686 1664 αὐτοὺς
702 1633 860 1669 πολεμίους,

69 1677 112 1702 καὶ
136 1676 185 1702 ἐπὶ
203 1676 278 1713 λύμῃ
294 1677 344 1711 τῆς
369 1677 489 1709 πίστεως
515 1677 733 1712 εἰσεληλυθότας,
754 1679 863 1714 πρῶτον

68 1722 104 1757 τῷ
122 1723 223 1754 εἰπεῖν,
243 1732 252 1748 ι
265 1723 478 1758 παρεισῆλθον,ι
497 1723 546 1758 τὴν
565 1723 695 1759 λαθραίαν
712 1725 800 1752 αὐτῶν
816 1727 863 1753 καὶ

69 1768 213 1796 ἐπίϐουλον
232 1769 335 1796 εἴσοδον
363 1769 462 1805 δηλῶν,
487 1770 535 1796 καὶ
558 1770 597 1805 τῷ
621 1771 720 1804 εἰπεῖν,
745 1780 754 1798 ι
771 1772 864 1799 Κατα-

70 1817 216 1850 σκοπῆσαι.
233 1826 242 1842 ι
254 1816 284 1842 Ὀ
296 1816 351 1852 γὰρ
368 1817 563 1849 κατασκοπῶν,
578 1816 625 1844 ἐπὶ
643 1817 730 1854 βλάϐῃ
742 1820 788 1845 καὶ
805 1819 862 1846 ἐπι-

68 1861 148 1898 ϐουλῇ
175 1863 354 1890 κατασκοπεῑ.
382 1863 455 1895 Καὶ,
483 1872 492 1888 ι
523 1863 582 1890 Ἷνα
617 1864 690 1898 ἡμᾶς
727 1864 860 1891 καταδου-

68 1908 218 1942 λώσωνται,
235 1919 245 1935 ι
262 1909 354 1943 φησίν.
377 1909 407 1936 οι
433 1909 483 1943 μὲν
506 1909 559 1944 γὰρ
575 1909 648 1944 ἀμφὶ
672 1910 774 1945 Πέτρον
800 1919 862 1937 συν-

71 1955 190 1990 εχώρουν
201 1956 250 1991 τὴν
268 1956 430 1990 περιτομὴν,
440 1955 483 1983 ἵνα
495 1956 566 1983 κατὰ
579 1957 675 1992 μικρὸν
689 1957 862 1989 ὐποκλέψωσι

72 2001 119 2035 τῆς
135 2000 258 2033 δουλείας
270 2000 317 2027 τοῦ
332 2001 414 2036 νόμου
425 2009 433 2016 ·
451 1998 523 2028 οὗτοι
536 2002 574 2028 δὲ.
589 2002 633 2029 ἴνα
651 2002 863 2030 καταδουλώσω-

72 2053 121 2073 σιν.
137 2056 146 2072 ι
162 2043 209 2078 Οἷς
223 2046 283 2073 οὐδὲ
305 2046 373 2082 πρὸς
388 2046 463 2082 ὥραν
477 2047 598 2083 εἴξαμεν.
615 2057 624 2074 ι
642 2047 691 2075 Διὰ
706 2048 794 2081 τοῦτο,
810 2057 861 2084 φη-

73 2094 124 2125 σὶν,
139 2094 191 2121 οὐκ
207 2095 318 2130 εἴξαμεν
336 2095 426 2122 αὐτῶν
444 2097 476 2131 τῇ
502 2096 637 2132 ὑποταγῇ,
655 2096 698 2123 ἵνα
713 2097 730 2131 ἠ
746 2096 861 2132 ἀλήθεια

70 2140 115 2166 τοῦ
131 2140 315 2177 κηρυχθέντος
332 2141 397 2177 παρ’
411 2141 479 2176 ἐμοῦ
502 2141 570 2177 πρὸς
588 2142 661 2176 ὑμᾶς
680 2142 860 2176 Εὑαγγελεου,

73 2185 151 2222 μείνῃ
162 2186 310 2218 ἀσάλευτος
327 2187 373 2214 καὶ
386 2186 492 2222 βεϐαία.
503 2187 552 2219 Τίς
562 2187 591 2214 δὲ
604 2188 620 2221 ἡ
635 2187 748 2222 ἀλήθεια
758 2187 858 2220 alt-:05;

74 2241 82 2257 ι
101 2232 140 2259 Τὰ
154 2233 255 2268 ἀρχαῖα
277 2233 412 2268 παρῆλθε,
429 2233 476 2260 καὶ
496 2233 577 2265 εἴτις
601 2233 630 2260 ὲν
651 2233 762 2268 Χριστῷ
777 2233 859 2269 καινὴ

913 1637 1035 1667 Judaicis
1049 1640 1298 1669 observationibus.
1313 1642 1362 1670 llis
1381 1643 1453 1670 cnim
1483 1651 1536 1671 non
1554 1644 1645 1676 subdi,
1677 1643 1707 1670 Ii-

915 1683 1047 1712 bertatetu
1060 1686 1139 1713 dicit.
1158 1686 1225 1714 Vide
1244 1692 1336 1715 autem
1356 1689 1493 1723 quomodo
1518 1689 1593 1723 ipsos
1609 1694 1705 1716 osten-

913 1729 984 1757 derit
1013 1739 1075 1758 esse
1092 1732 1186 1761 hostes
1197 1738 1223 1760 et
1248 1733 1281 1761 ad
1297 1735 1500 1769 corruptionem
1516 1734 1579 1762 ﬁdei
1607 1735 1704 1763 subin-

914 1783 1033 1811 gressos.
1043 1777 1165 1805 Primum
1176 1786 1222 1813 per
1231 1781 1283 1806 hoc
1293 1780 1364 1814 quod
1374 1781 1422 1812 ait,
1434 1789 1443 1806 ι
1451 1781 1700 1813 διιιιὶιιιι-οἰονοιιι,ι

915 1822 1043 1850 latentem
1059 1832 1090 1851 ac
1106 1825 1271 1852 insidiosum
1299 1826 1454 1860 ingressum
1477 1827 1636 1862 signiﬁcans
1653 1835 1660 1854 :
1677 1831 1705 1855 et

915 1875 964 1902 per
981 1868 1032 1895 hoc
1047 1871 1119 1904 quod
1135 1870 1216 1904 dixit,
1233 1880 1242 1896 ι
1263 1872 1302 1898 A'd
1320 1871 1530 1906 explorandum.
1550 1882 1559 1898 ι
1571 1873 1704 1907 Explora-

914 1916 958 1940 tor
990 1914 1062 1941 enim
1094 1915 1128 1942 ad
1161 1915 1356 1943 documentum
1377 1922 1404 1944 et
1437 1917 1554 1945 insidias
1568 1918 1702 1953 explorat.

912 1957 1056 1991 Prmterea,
1071 1964 1100 1986 ut
1115 1968 1175 1993 nos.
1194 1961 1293 1995 inquit,
1320 1961 1347 1988 in
1364 1962 1524 1990 servitutem
1534 1962 1702 1997 adigerent.»

915 2003 1054 2039 Siquidem
1075 2005 1171 2033 Petrus
1180 2014 1212 2033 ac
1226 2007 1318 2034 caeteri
1331 2007 1449 2041 apostoli
1462 2008 1704 2037 circumcisioncm

912 2051 1099 2078 concedebant
1133 2057 1163 2079 ut
1188 2053 1319 2086 paulatim
1340 2053 1407 2089 legis
1436 2056 1596 2082 servitutem
1626 2055 1704 2083 falle-

911 2101 983 2129 rent,
997 2097 1023 2124 hi
1035 2105 1098 2125 vero
1115 2099 1180 2125 utin
1197 2099 1359 2127 servitutem
1376 2101 1527 2137 alligarent.
1542 2101 1704 2134 (Quibusne

911 2142 943 2170 ad
957 2143 1051 2170 horam
1068 2144 1178 2178 quidetn
1192 2146 1354 2172 cessionis.)
1369 2147 1525 2180 Propterea,
1539 2147 1636 2181 inquit,
1649 2155 1703 2174 non

911 2189 1045 2217 cessimus
1059 2189 1180 2224 ipsorum
1208 2191 1385 2225 subjectioui,
1413 2193 1550 2218 utveritas
1564 2192 1704 2226 przcdicati

913 2241 961 2268 per
981 2242 1024 2261 me
1036 2235 1106 2269 apud
1124 2244 1172 2262 vos
1182 2236 1321 2271 Evangelii
1337 2241 1460 2264 maneret
1491 2237 1658 2265 inconcussa
1671 2246 1704 2265 ac

72 2278 167 2309 κτίσις.
186 2288 196 2304 ι
227 2279 282 2305 Καὶ
302 2280 343 2306 ὅτι.
359 2279 422 2310 τοὺς
446 2279 710 2315 περιτεμνομένους,
739 2280 855 2314 Χριστὸς

949 2281 1072 2314 ma.Quae
1087 2286 1129 2309 est
1139 2286 1229 2309 autent
1239 2283 1341 2310 veritas
1356 2283 1465 2318 ipsius?
1478 2293 1487 2310 ‹
1504 2282 1600 2311 Vetera
1610 2289 1702 2312 trans-

71 2324 144 2350 οὐδὲν
165 2325 313 2361 ὠφελήσει.
333 2334 343 2351 t
359 2326 398 2361 Τῇ
415 2326 566 2361 ὑποταγῇ.»
583 2326 639 2352 Οὐκ
663 2323 739 2358 εἷπε,
755 2326 795 2360 Τῇ
815 2325 855 2352 δι-

72 2371 148 2406 δαχῇ,
173 2371 251 2404 ἀλλὰ,
273 2381 282 2397 ι
300 2371 339 2406 Τῇ
360 2372 496 2407 ὑποταγῇ,
517 2380 526 2397 ι
544 2371 631 2406 δηλῶν
653 2371 752 2402 αὐτοὺς
777 2379 859 2397 σπου-

72 2416 161 2450 δάζειν
181 2418 315 2451 ὑποτάξαι
332 2418 380 2445 καὶ
397 2417 602 2445 καταδουλῶσαι
620 2418 701 2446 πάλιν
715 2417 753 2452 τῷ
769 2418 855 2453 νόμῳ.

73 2463 130 2496 sed,
147 2473 156 2490 ι
179 2465 369 2500 Subieclioni;
386 2474 396 2492 ι
413 2465 574 2501 signiﬁcans
590 2465 665 2501 ipsos
683 2465 715 2492 ad
736 2466 788 2493 hoc
809 2466 857 2492 uiti

73 2509 122 2537 sub
140 2510 207 2544 lege.

112 2557 184 2584 Ἀπὸ
207 2557 241 2583 δὲ
258 2556 318 2584 τῶν
338 2556 511 2584 δοκούντων
523 2555 602 2583 εἶναι
617 2565 654 2589 τι,
677 2556 775 2584 ὁποῖοι
789 2564 861 2584 ποτε

74 2601 161 2636 ἦσαν,
182 2603 274 2630 οὐδέν
289 2612 341 2637 μοι
363 2602 506 2637 διαφέρει.
530 2602 695 2636 Πρόσωπον
710 2602 783 2635 Θεὸς
809 2603 861 2630 ἁν-

75 2650 189 2683 θρώπου
215 2650 252 2676 οὐ
278 2649 433 2683 λαμϐάνει.
462 2649 538 2683 Ἐμοὲ
558 2648 614 2683 γὰρ
638 2649 665 2675 οι
688 2648 859 2682 δοκοῦντες,

75 2696 162 2722 οὐδὲν
176 2696 409 2730 προσανέθεντο,
430 2695 512 2723 ἀλλὰ
535 2695 729 2727 τούναντίον,
749 2695 861 2728 ειδότες

75 2741 117 2768 ὅτι
130 2743 327 2777 πεπίστευμαι
342 2743 374 2768 τὸ
383 2741 567 2776 Εὐαγγέυῑιον
580 2741 635 2775 τῆς
649 2741 859 2775 ἀκροϐυστίας,

75 2787 169 2820 καθὼς
188 2788 300 2822 Πέτρος
315 2788 369 2822 τῆς
384 2786 556 2822 περιτομῆς.
578 2786 609 2813 '0
624 2786 678 2821 γὰρ
694 2786 861 2822 ἐνεργήσας

75 2833 172 2867 Πέτρῳ
187 2835 230 2867 εἰς
241 2833 422 2868 ἀποστολὴν
441 2833 494 2869 τῆς
517 2833 686 2869 περιτομῆς,
712 2833 861 2869 ἐνήργησε

76 2880 120 2905 καὶ
137 2881 198 2910 ἐμοὶ
214 2882 256 2913 τις
273 2881 307 2907 τὰ
322 2881 405 2913 ἔθνη.

110 2937 120 2953 ⁵
139 2937 158 2964 ll
174 2939 235 2964 Cur.
251 2946 276 2970 ν,
299 2938 336 2963 17.

912 2326 1061 2360 ierunt;si
1092 2327 1154 2362 quis
1183 2321 1302 2355 vivit-in
1328 2328 1450 2362 Christo,
1474 2338 1542 2357 nova
1576 2335 1702 2358 creatura

912 2373 987 2403 est‘,
1007 2382 1016 2399 ι
1045 2373 1154 2407 etquod
1180 2373 1221 2400 cis
1243 2374 1290 2409 qui
1309 2374 1557 2406 circumciduntur,
1574 2375 1702 2403 Christus

916 2418 984 2445 nihil
996 2419 1116 2453 prodcsL
1137 2428 1146 2445 ‹
1167 2419 1348 2454 Subjcctioni.
1368 2429 1377 2446 ι
1389 2419 1447 2448 Non
1458 2420 1536 2453 dixit,
1553 2421 1706 2454 Bactrinae,

879 2469 908 2492 ut
926 2474 1036 2494 rursum
1052 2467 1223 2502 subjicercnt
1245 2475 1276 2495 ac
1313 2468 1339 2495 in
1368 2469 1528 2497 servitutem
1562 2470 1704 2506 adigerent

952 2557 986 2590 ll,
999 2557 1059 2585 6-8.
1076 2557 1114 2584 Ab
1126 2558 1159 2584 iis
1176 2562 1263 2584 autent
1279 2557 1327 2592 qui
1338 2557 1495 2584 videbantur
1520 2557 1623 2592 aliquid
1648 2565 1704 2584 esse

914 2605 1005 2640 quales
1018 2605 1162 2640 aliquando
1175 2604 1272 2639 fuerint
1287 2604 1352 2631 nihil
1371 2612 1427 2631 mea
1443 2603 1532 2637 refert.
1557 2603 1702 2630 Personam

915 2651 1028 2679 horninis
1045 2651 1113 2678 Deus
1129 2660 1180 2678 non
1199 2651 1304 2686 accipit.
1322 2649 1394 2677 Nunt
1408 2650 1473 2677 mihi
1487 2649 1531 2685 qui
1549 2649 1702 2676 videbantur

914 2707 970 2725 esse
992 2698 1019 2724 in
1031 2698 1126 2730 pretio,
1139 2696 1206 2723 nihil
1228 2696 1405 2724 contulerunt.
1432 2695 1487 2722 Imo
1509 2700 1613 2728 contra,
1642 2702 1701 2721 cum

915 2744 1040 2771 uidissent
1057 2743 1121 2770 mihi
1137 2743 1315 2770 concreditum
1349 2742 1429 2776 {uisse
1444 2740 1616 2776 Evangelium
1633 2749 1701 2776 pra?-

915 2791 994 2822 putii,
1021 2789 1243 2824 quemadmodum
1281 2789 1357 2816 Petro
1387 2787 1605 2814 circumcisirmis.
1627 2786 1700 2815 Nam

915 2836 960 2869 qui
971 2835 1062 2870 eﬁicax
1080 2835 1130 2870 fuit
1146 2835 1226 2862 Petro
1243 2834 1277 2861 ad
1287 2834 1465 2868 apostolatum
1478 2833 1698 2865 circumitionis,

915 2882 1005 2915 c/ﬁcax
1017 2881 1067 2915 [nil
1077 2885 1101 2907 et
1112 2881 1137 2907 in
1152 2889 1191 2907 me
1198 2888 1259 2914 ergo
1271 2883 1367 2914 gentes.
