1872 3049
160 219 163 221 λ
183 187 251 221 11οἾ

731 186 929 216 (ECUMENII
947 185 1092 217 TRICCxE
1109 183 1279 215 EPISCOPI

1740 182 1811 215 1108

217 245 246 272 Si
273 243 361 279 palam
391 241 505 270 dixisset.
540 241 640 269 Paulus
668 242 741 276 quod
767 242 956 277 dispensatori

1070 243 1089 269 Εἰ
1107 238 1329 276 φανερῶς-εἷπεν
1343 240 1357 266 ό
1379 239 1484 270 Παῦλος
1505 239 1547 266 ὅτι
1561 239 1743 275 οἰκονομικῶς
1760 241 1809 274 τὴν

182 289 421 318 circumcisionem
435 289 625 318 concederent.
641 287 835 315 discessissent
850 288 883 316 ab
902 288 970 323 ipsis

183 335 276 363 tidcles
290 342 322 361 ex
338 333 440 360 ludatis
456 333 502 368 qui
515 333 727 360 circumcisione
745 334 910 368 gaudebant,
937 341 970 361 eo

179 380 252 416 quod
264 387 316 406 non
330 379 356 406 in
369 379 483 406 veritate
507 379 590 414 728
622 379 795 414 susciperent
826 379 970 406 circumci-

179 427 296 457 sionem,
303 426 559 459 seddispcnsatione
567 424 683 458 quadam
692 429 718 452 et
727 424 968 452 condescensione.

181 471 283 499 Idcirco
296 480 350 499 non
367 471 470 505 detegit
495 478 567 497 nunc
593 470 692 497 Paulus
721 470 968 505 dispensationem,

179 518 226 545 sed
236 518 290 545 alio
301 518 380 544 modo
392 521 490 544 tractat
503 521 591 543 astute.
601 524 765 549 sermonem,
775 521 904 551 tanquam
915 516 971 543 bel-

180 564 236 591 lum
251 572 312 591 cum
326 564 405 591 Petro
422 572 452 591 ac
467 563 574 591 caeteris
587 563 756 596 susciperet;
775 563 838 598 quia
856 563 919 594 Deo,
930 563 971 589 in-

178 610 248 645 quit,
258 610 473 645 pra-dicationtis
485 618 540 637 suae
547 610 681 636 rationem
689 609 792 636 dabunt
815 609 870 636 [loc
880 612 969 636 autem

180 661 293 691 praeter
326 657 435 684 illorum
461 655 684 683 imbecillitatem.
712 665 721 680 ι
739 655 804 682 Esse
820 655 933 690 aliquid.
958 664 967 681 ι

177 702 220 728 Al)
237 701 280 729 his
294 702 339 736 qui
357 702 447 737 magni
461 709 522 728 esse
538 701 714 732 videbantur,
731 708 828 735 ncmpe
844 700 924 727 Petro
937 707 969 727 ac

178 746 286 773 ueteris
305 747 418 781 “quales
445 746 593 780 aliquando
616 745 728 777 fuerint,
753 745 810 773 sive
834 745 889 772 Deo
912 745 969 780 pla-

179 794 259 817 ceant
279 791 336 818 sive
351 799 416 822 non,
433 798 466 817 eo
488 790 560 824 qttod
593 790 839 816 circumcisioncm
863 790 971 824 permit-

179 839 251 866 tant,
266 835 346 867 nihil,
361 835 460 870 inquit,
476 843 534 862 mea
553 834 647 864 refert.
659 834 715 861 scio
724 835 794 862 cnim
807 835 878 869 (ιι-οᾱ
893 835 969 869 quis-

178 888 231 915 que
249 879 304 907 Deo
322 881 455 907 rationem
473 880 576 911 reddet.
593 885 619 907 et
641 880 712 908 Deus
730 888 903 915 nequaquam
921 887 969 908 eos

179 926 624 962 verebiturquanquamcorypltzei
638 928 711 959 lsint;
728 935 789 954 nam
805 928 968 955 «Personam

178 973 300 1000 hominis
313 972 383 1000 Deus
393 973 562 1008 nonaccipit.
571 982 579 998 ι
595 973 650 1000 Hoc
661 979 750 1000 autent
762 978 790 1001 ut
800 974 903 1001 dictum
916 978 968 1007 est,

181 1019 309 1053 superius
322 1018 528 1047 manifestatum
541 1023 593 1046 est.
611 1028 620 1044 ι
638 1019 740 1052 Quales
753 1020 900 1054 aliquando
912 1019 970 1047 iue-

181 1066 245 1092 rint.
260 1076 268 1092 l
285 1066 411 1094 Ostendit
424 1066 498 1101 ipsos
514 1073 622 1102 quoque
638 1066 693 1101 jam
711 1073 834 1094 cessasse
848 1074 882 1094 ne
908 1066 968 1094 dis-

181 1111 320 1144 pensative
329 1110 568 1138 circumcisionem
581 1111 700 1145 amplius
708 1111 902 1138 concederent.
913 1110 968 1137 Ne-

179 1163 234 1191 que
244 1156 315 1183 enim
332 1156 412 1189 dixit,
423 1155 522 1189 Quales
539 1157 605 1188 sint,
616 1157 674 1190 sed,
689 1167 697 1181 ι
709 1157 808 1190 Quales
822 1157 968 1192 aliquando

181 1201 433 1230 luerinta—c‘Nam
450 1203 515 1230 mihi
532 1203 578 1237 qui
591 1203 757 1230 videbantur
767 1211 828 1230 esse
843 1203 869 1230 in
882 1203 968 1238 pretio

181 1248 248 1275 nihil
262 1240 448 1276 contulerunt.
470 1257 480 1275 ›
497 1248 577 1276 Juxta
605 1249 657 1276 hoc
679 1253 769 1276 autent
796 1249 834 1276 ait
859 1258 865 1276 :
895 1249 968 1276 Nihil

180 1293 266 1322 refert
276 1294 310 1322 de
325 1294 367 1321 his
388 1302 450 1330 quas
467 1296 542 1322 circa
559 1302 607 1322 eos
621 1299 685 1322 sunt
702 1303 709 1323 '.
732 1295 860 1330 quoniam
875 1295 968 1322 audita

181 1340 290 1368 interim
307 1348 366 1369 mea
382 1341 587 1375 prmdicatione,
603 1340 668 1368 nihil
690 1344 736 1367 aut
749 1340 967 1368 addideruntaut

181 1386 369 1414 detraxerunt.
389 1385 441 1414 Eos
453 1393 542 1414 autem
560 1387 606 1421 qui
619 1387 716 1414 essein
733 1387 820 1421 pretio
838 1387 968 1414 videban-

181 1436 239 1464 tur,
254 1431 280 1458 id
295 1435 338 1459 est
347 1439 410 1459 vere
426 1440 540 1467 magnos
557 1432 633 1464 dicit,
648 1440 744 1467 nempe
756 1431 864 1459 Petrum
880 1435 906 1459 et
919 1433 965 1467 qui

181 1485 242 1505 cum
257 1485 290 1506 eo
303 1482 391 1505 erant.
421 1487 429 1504 ι
448 1478 504 1506 Ιιιιο
517 1482 623 1505 c0ntra.
644 1487 653 1503 ι
678 1477 736 1504 Non
751 1477 850 1510 solum,
867 1477 966 1512 inquit,

182 1524 251 1552 nihil
267 1529 449 1552 correxerunt
466 1524 492 1551 in
505 1531 564 1551 mea
579 1524 784 1558 praedicatione,
801 1525 847 1551 sed
872 1529 966 1552 contra

1023 286 1173 322 περιτομὴν
1195 286 1390 322 συγχωροῦσιν.
1406 285 1594 321 ἁπεφοίτησαν
1615 285 1649 312 ἂν
1674 286 1766 312 αὐτῶν
1786 288 1810 313 οἰ

1022 335 1054 368 τῇ
1069 334 1203 368 περιτομῇ
1219 332 1357 368 χαίροντες
1378 331 1408 364 ἐξ
1423 331 1559 358 Ἰουδαίων
1587 333 1690 364 πιστοὶ,
1712 333 1755 358 ὃτι
1773 333 1810 367 μὴ

1021 381 1054 414 τῇ
1070 379 1184 414 ἀληθείᾳ
1201 379 1324 413 ἐδέχοντο
1343 378 1392 414 τὴν
1415 378 1575 413 περιτομὴν,
1594 377 1652 404 ἀλλ’
1667 378 1811 413 οἰκονομίᾳ

1022 425 1069 451 καὶ
1085 424 1301 458 συγκαταδάσει.
1317 423 1398 450 Ὅθεν
1414 423 1464 450 οὐκ
1485 423 1672 450 ἁνακαλύπτει
1691 423 1740 450 νῦν
1761 425 1812 458 τὴν

1021 471 1178 505 οἰκονομίαν
1191 471 1205 497 ὁ
1223 470 1340 501 Παῦλος.
1350 469 1454 500 Ι’Δλλως
1463 469 1491 496 δὲ
1506 469 1645 505 μεθοδεύει
1659 471 1705 496 τὸν
1718 471 1811 504 λόγον,

1021 516 1059 547 ὡς
1076 516 1109 543 ἂν
1132 515 1339 550 ἀπομαχόμενος
1355 516 1411 546 τοῖς
1425 515 1489 550 περὶ
1508 515 1621 550 Πέτρον,
1639 515 1717 547 Ὅτι,
1730 517 1811 550 φησὶ,

1022 562 1099 595 λόγον
1115 561 1246 588 δώσουσιν
1263 558 1300 589 ὧν
1317 562 1487 596 κηρύσσουσι
1512 561 1584 596 Θεῷ·
1609 561 1687 588 τοῦτο
1713 562 1742 588 δὲ
1769 561 1812 588 διὰ

1022 607 1070 642 τὴν
1093 607 1205 633 ἐκείνων
1221 606 1373 633 ἀσθένειαν.
1396 616 1405 632 ι
1420 605 1495 633 Εἶναι
1510 606 1544 633 τι.
1563 616 1572 633 ι
1601 607 1666 634 ’Δπδ
1689 608 1745 634 τῶν
1770 608 1813 633 δο-

1022 653 1143 680 κούντων
1169 651 1237 680 εἶναι
1268 652 1403 688 μεγάλων,
1425 652 1480 679 τῶν
1501 652 1572 687 ἀμφὶ
1590 652 1706 687 Πέτρον,
1722 652 1813 678 ὁποῖοί

1022 707 1086 725 ποτε
1106 697 1186 734 ἦσαν,
1204 698 1258 724 εἴτε
1272 697 1481 732 εὐαρεστοῦντες
1497 697 1568 732 Θεῷ,
1589 698 1642 724 εἴτε
1658 697 1700 729 οὒ,
1725 697 1773 723 διὰ
1785 698 1813 723 τὸ

1024 745 1176 780 συγχωρεῖν
1201 742 1366 778 περιτομὴν,
1392 742 1458 776 ἐγὼ,
1473 743 1566 777 φησὶν,
1584 743 1613 769 οὺ
1632 742 1813 778 διαφέρομαι.

1022 787 1087 816 Οἶδα
1102 788 1155 825 γὰρ
1173 789 1213 815 δτι
1228 788 1307 823 λόγον
1323 789 1438 820 ἕκαστος
1456 788 1537 815 δώσει
1552 788 1620 823 Θεῷ,
1644 787 1693 814 καὶ
1713 789 1744 814 οὗ
1762 788 1814 814 κᾶν

1023 835 1122 866 αὐτοὺς
1136 835 1150 861 ὸ
1165 834 1231 866 Θεὸς
1245 833 1403 870 ὲρυθριάσοι
1419 833 1464 860 διὰ
1485 834 1512 860 τὸ
1534 831 1602 860 εἶναι
1624 833 1795 868 κορυφαίους
1805 841 1812 846 ’

1025 881 1188 916 «Πρόσωπον
1203 883 1257 916 γὰρ
1266 879 1332 912 Θεὸς
1341 878 1486 914 ἀνθρώπου
1501 879 1532 906 οὐ
1547 879 1688 914 λαμϐάνει,
1699 888 1708 904 ι
1727 879 1814 904 Τοῦτο

1021 927 1049 953 δὲ
1074 927 1147 958 ὅπως
1174 926 1282 961 εῐρηται
1299 945 1307 958 ,
1335 925 1390 952 ἄνω
1417 925 1648 960 περιγέγραπται.
1673 934 1682 950 ι
1711 924 1815 951 Ὀποῖοὶ

1021 982 1086 1000 ποτε
1100 971 1182 1008 ἦσαν.
1199 982 1208 998 ι
1229 972 1355 998 Δείκνυσι
1371 971 1420 998 καὶ
1433 972 1541 1003 αὐτοὺς,
1553 971 1602 1006 ἤδη
1616 971 1814 1006 ¹ιτιετταυμὲνοιις

1022 1019 1068 1046 τοῦ
1086 1019 1266 1054 οἰκονομικῶς
1285 1018 1436 1053 συγχωρεῖν
1459 1018 1622 1052 περιτομήν.
1640 1017 1678 1042 Οὺ
1698 1017 1756 1051 γὰρ
1776 1014 1813 1041 εἷ-

1021 1073 1080 1096 πεν,
1093 1061 1151 1092 Oiei
1162 1064 1231 1095 τινές
1243 1065 1321 1095 εἰσιν,
1333 1063 1401 1096 ἀλλ’,
1418 1073 1427 1088 ι
1439 1062 1542 1090 Ὀποίοί
1555 1070 1618 1088 ποτε
1627 1060 1725 1097 ἦσαν.ι
1739 1062 1814 1096 Ἐμοὶ

1020 1110 1074 1144 γὰρ
1087 1109 1112 1136 οἱ
1133 1108 1284 1140 δοκοῦντες,
1299 1108 1375 1135 οὐδὲν
1390 1108 1598 1142 προσανέθεντο.
1609 1117 1619 1133 ι
1638 1107 1719 1134 Κατὰ
1735 1106 1813 1132 τοῦτο

1020 1154 1058 1184 δὲ,
1073 1156 1167 1189 φησῖν,
1185 1154 1215 1180 οὺ
1234 1153 1358 1188 διαφέρει
1371 1153 1406 1180 τὰ
1420 1153 1485 1188 παρ’
1503 1153 1604 1185 αὐτῶν,
1619 1153 1661 1179 ὃτι
1680 1153 1752 1183 τέως
1768 1153 1812 1178 τοῦ

1020 1200 1088 1234 ἐμοῦ
1104 1199 1283 1234 κηρύγματος
1299 1198 1478 1230 ἀκούσαντες,
1491 1199 1568 1225 οὐδὲν
1588 1198 1604 1233 ἢ
1623 1198 1811 1233 προσέθηκαν,

1020 1245 1036 1280 ἢ
1062 1245 1189 1279 ἀφεῖλον·
1215 1245 1361 1277 δοκοῦντας
1376 1245 1415 1279 δὲ,
1432 1242 1487 1272 οἷον
1505 1244 1641 1280 μεγάλους
1668 1244 1716 1270 καὶ
1734 1245 1812 1275 Evn;

1019 1291 1083 1322 τοὺς
1110 1291 1174 1326 περὶ
1200 1290 1305 1326 Πέτρον
1320 1291 1415 1326 φησίν.
1434 1300 1445 1317 ι
1461 1291 1542 1318 Ἀλλὰ
1555 1291 1724 1318 τούναντίον.
1745 1300 1754 1316 ι
1775 1291 1810 1316 Uir

1022 1338 1111 1373 μόνον,
1143 1338 1234 1372 φησιν,
1251 1337 1326 1364 οὐδὲν
1357 1337 1516 1373 διώρθωσαν
1544 1337 1592 1364 τοῦ
1627 1337 1695 1372 ἐμοῦ
1730 1337 1812 1372 κηρύ-

1020 1393 1134 1418 γματος,
1151 1384 1218 1411 ἀλλὰ
1237 1384 1407 1417 τούναντίον,
1421 1384 1468 1411 καὶ
1485 1384 1632 1420 ἐπῄνεσαν.
1655 1384 1686 1410 ’Π
1702 1384 1734 1410 δὲ
1752 1384 1812 1410 σύν-

1019 1430 1096 1462 ταξις
1106 1430 1186 1465 αῦτη·
1200 1439 1209 1456 ι
1221 1430 1302 1457 Ἀλλὰ
1315 1430 1480 1462 τούναντίον,
1497 1431 1597 1462 ἰδόντες
1611 1431 1652 1457 ὅτι
1665 1432 1814 1456 πεπίστευ-

1022 1485 1072 1511 μαι
1091 1477 1121 1502 τὸ
1138 1476 1304 1510 Εὑαγγέλιον
1332 1477 1380 1511 τῆς
1403 1475 1603 1511 ἀκροϐυστίας,
1622 1485 1631 1502 ι
1648 1477 1665 1511 ή
1683 1476 1813 1507 ἀπόδοσις

1023 1521 1090 1556 μετὰ
1102 1520 1197 1553 πολλὰ,
1212 1521 1331 1553 (Δεξιὰς,
1346 1521 1438 1556 φησὶν,
1450 1521 1619 1556 ἐδωκανὲμοί
1626 1522 1672 1548 καὶ
1683 1521 1814 1556 Βαρνάϐᾳ

181 1571 264 1598 etiam
282 1570 474 1598 laudaverunt.
490 1570 534 1597 Est
551 1575 640 1597 autem
657 1570 753 1597 litterae
775 1570 920 1598 ordinatio:

1073 1568 1193 1599 νωνίας.»
1205 1567 1290 1594 Τοῦτο
1306 1567 1418 1601 οῦνξὲστι
1430 1567 1476 1594 τοῦ
1493 1567 1674 1603 διορθωοῆναι
1686 1567 1721 1593 τὺ
1737 1568 1812 1593 ἐναν-

179 1614 299 1650 jusmodi
319 1624 326 1642 :
345 1614 417 1643 timo
429 1619 525 1642 contra
539 1623 545 1641 :
560 1623 622 1641 cum
639 1614 968 1642 vidissentconcreditum

182 1660 268 1694 luisse
283 1660 349 1687 mihi
368 1660 545 1694 Evangelium
565 1659 700 1694 pra~putii,
715 1668 723 1684 ι
739 1664 797 1693 post
815 1659 898 1685 multa
918 1665 970 1686 suo

183 1706 271 1733 tenori
291 1706 415 1733 redditur
431 1706 530 1736 oratio,
555 1714 564 1730 ι
581 1704 694 1731 Dextras
713 1705 847 1731 dederunt
860 1705 925 1731 mihi
943 1707 970 1731 et

182 1751 315 1778 Barnabas
330 1751 482 1779 societatis.
498 1760 506 1776 )
525 1750 580 1776 lloc
595 1750 678 1785 igitur
694 1755 798 1776 tantum
822 1750 918 1781 ahl'uit,
941 1755 970 1777 ut

183 1798 370 1832 corrigeretur
380 1798 432 1824 mei
450 1796 619 1831 praedicatio,
637 1800 667 1822 ttt
689 1795 771 1823 etiam
786 1796 897 1823 dextras
923 1803 970 1823 so-

182 1845 290 1871 cietatis
304 1844 469 1878 acciperent,
489 1842 560 1876 quod
578 1841 709 1868 indicium
738 1845 779 1869 est
806 1849 848 1868 me
875 1849 969 1869 eorum

182 1889 403 1925 praedicationem
419 1887 568 1922 suscipere.
597 1898 605 1911 ι
627 1886 802 1922 Evangelium
818 1887 969 1922 praeputii"

183 1935 211 1962 id
229 1939 282 1968 est,
306 1933 427 1970 gentium
457 1933 684 1969 prmputiatarum
711 1933 769 1960 sive
796 1933 971 1960 incircumci-

183 1989 287 2008 sarum.
302 1979 452 2007 Considera
476 1984 565 2007 autem
582 1979 719 2014 quomodo
743 1980 862 2014 seipsum
891 1979 973 2007 Petro

184 2026 316 2060 aqualem
329 2025 411 2052 faciat
426 2034 432 2052 :
449 2033 511 2053 nam
526 2026 576 2052 hoc
593 2032 666 2052 nunc
687 2033 758 2060 opus
772 2031 831 2052 erat
852 2033 907 2060 quo
920 2025 973 2052 Ga-

183 2072 248 2099 latis
265 2071 317 2098 [ide
330 2071 441 2106 .dignus
462 2078 523 2098 esse
534 2071 684 2098 videretur.
705 2080 714 2096 ι
737 2070 971 2104 Quemadmodum

182 2118 274 2146 Petro.
288 2127 297 2143 ι
313 2117 341 2145 Si
358 2117 475 2145 dixisset
487 2117 592 2144 Paulus
604 2117 714 2144 Petrum
734 2121 762 2144 et
789 2121 901 2144 caeteros
917 2117 973 2145 dis-

183 2164 338 2200 pensatorie
364 2163 602 2191 circumcisionem
626 2170 748 2195 servare,
777 2162 853 2189 visus
876 2162 970 2190 fuisse!

183 2213 242 2246 ipse
254 2218 364 2246 quoque
374 2217 434 2237 eam
449 2209 600 2238 concedere
616 2218 624 2235 :
642 2213 669 2236 et
682 2209 720 2236 ita
733 2211 861 2236 ostensus
872 2207 971 2235 fuisset

183 2257 217 2284 ad
233 2264 280 2285 eos
295 2263 441 2284 accurrere
452 2263 513 2283 cum
534 2254 634 2290 quibus
646 2261 716 2289 opus
733 2256 792 2281 erat
820 2253 969 2284 decertare.
988 2248 1009 2275 D

182 2303 250 2330 Nam
271 2303 294 2330 si
311 2303 407 2330 Petrus
423 2305 498 2328 recte
514 2301 569 2335 agit
591 2299 775 2331 concedendo,
796 2306 846 2326 cur
862 2307 914 2326 non
932 2299 970 2326 si-

184 2348 285 2375 militer
301 2352 327 2375 et
347 2352 375 2374 tu
389 2347 447 2382 agis
458 2347 469 2373 2
480 2353 565 2381 quare
581 2352 647 2373 vero
679 2345 778 2372 acerbe
802 2345 883 2372 etiam
900 2345 972 2372 indi-

184 2392 278 2428 gnaris
300 2392 334 2419 ob
345 2392 371 2419 id
388 2391 461 2427 quod
474 2398 554 2418 voces
576 2390 804 2425 dispensationem
819 2391 831 2418 ἰ
850 2391 909 2418 sine
923 2399 971 2419 eos

185 2446 276 2474 agere.
295 2445 345 2465 nec
359 2437 544 2472 reprehendas
559 2445 566 2470 ;
580 2437 692 2471 etquasi
709 2437 759 2464 tibi
769 2441 875 2471 gratum
887 2441 970 2470 esset,

186 2490 233 2511 aut
253 2483 610 2518 dispensationemnomina
628 2487 675 2510 aut
693 2483 791 2518 dogma
809 2483 866 2510 sive
877 2488 972 2510 caute-

185 2530 251 2558 lam.
266 2529 328 2557 llacc
340 2537 407 2557 sane
432 2534 459 2556 et
474 2529 642 2565 cogitassent
656 2533 682 2556 et
690 2529 824 2556 dixissent
839 2529 972 2555 adversus

186 2576 311 2608 Paulum,
328 2575 351 2603 si
370 2574 480 2602 Petrum
490 2583 550 2602 cum
563 2575 623 2602 suis
639 2574 756 2602 dixisset
769 2574 972 2608 dispensatorle

185 2621 426 2649 circumcisionem
460 2621 611 2655 suscipere.
643 2619 725 2655 729
755 2619 870 2647 Animus
899 2619 971 2646 enim

184 2668 280 2704 quavis
306 2669 333 2694 in
356 2675 387 2695 re
418 2671 611 2696 consternatus
650 2674 682 2694 ac
711 2666 835 2698 territus,
865 2665 974 2694 modica

185 2713 340 2745 occasione,
358 2720 529 2748 quaecunque
542 2712 587 2739 illa
600 2711 634 2739 sit
649 2719 708 2746 quas
724 2719 753 2739 se
768 2711 862 2739 offerat
872 2731 879 2742 .
896 2719 974 2739 acce-

186 2763 241 2795 pta,
258 2766 317 2787 eam
338 2759 425 2793 magis
443 2751 493 2786 sibi
512 2757 633 2785 vindicat
659 2762 685 2784 et
708 2757 893 2792 amplectitur.
910 2757 973 2786 ideo

185 2806 286 2832 Paulus
309 2805 455 2832 admodum
473 2803 611 2839 sapienter
636 2811 788 2831 sermonem
805 2804 913 2838 quidem
939 2805 972 2832 de

185 2850 387 2884 dispensatione
400 2850 511 2877 omnino
528 2849 634 2881 reticet,
652 2849 707 2876 imo
739 2849 844 2877 l'actttm
875 2858 972 2885 aspere

191 2895 393 2930 reprehendit;
421 2900 448 2922 et
479 2899 610 2930 tanquam
643 2899 862 2931 transgressores
899 2901 972 2923 certe

1022 1614 1088 1645 τίον,
1105 1614 1136 1640 τὸ
1149 1614 1195 1641 καί
1216 1614 1307 1647 δεξιὰς
1322 1613 1425 1646 λαὸεῖν,
1439 1614 1453 1640 ὃ
1468 1612 1501 1649 ἦν
1525 1614 1623 1649 δεῖγμα
1642 1614 1690 1640 τοῦ
1715 1614 1812 1641 ἀποδέ-

1022 1661 1118 1696 χεσθαι
1143 1661 1233 1687 αὐτῶν
1261 1660 1291 1687 τὸ
1314 1661 1457 1696 κήρυγμα.
1478 1670 1487 1686 ‹
1510 1660 1546 1687 Τὸ
1573 1660 1743 1694 Εὐαγγὲλιον
1765 1660 1812 1694 τῆς

1022 1706 1216 1741 ἀκροϐυστίας.
1236 1716 1245 1732 ι
1262 1703 1325 1733 Οἷον
1348 1705 1402 1733 τῶν
1427 1706 1605 1741 ἀκροὸύστων
1629 1706 1731 1734 ἐθνῶν.
1745 1707 1813 1741 Ὅρα

1021 1751 1049 1778 δὲ
1067 1752 1125 1783 πῶς
1150 1751 1247 1778 ἑαυτὸν
1274 1751 1358 1784 ἐξισοῖ
1371 1751 1410 1786 τῷ
1436 1752 1542 1787 Πέτρῳ.
1563 1752 1665 1779 Τούτου
1683 1753 1743 1788 γὰρ
1769 1751 1814 1779 νῦν

1021 1798 1102 1832 χρεῐα
1114 1795 1157 1832 ἦν,
1181 1797 1226 1824 ἰνα
1241 1797 1334 1832 δειχθῇ
1356 1797 1490 1830 Γαλάταις
1505 1798 1675 1830 ἀξιόπιστος.
1690 1807 1700 1824 ι
1715 1797 1812 1829 Καθὼς

1023 1844 1136 1880 Πέτρος.
1156 1853 1203 1870 ι·-
1214 1843 1313 1880 [ΦΩΤ.]
1329 1844 1361 1870 Εἰ
1369 1841 1466 1871 εἰπενὸ
1477 1844 1581 1876 Παῦλος
1590 1843 1813 1878 κατόἰκονομίαν

1022 1890 1153 1926 πράττειν
1167 1890 1217 1925 τὴν
1235 1890 1388 1925 περιτομὴν
1409 1891 1472 1922 τοὺς
1494 1890 1559 1925 περί
1583 1889 1698 1925 Πέτρον,
1725 1889 1812 1921 ἔδοξεν

1022 1935 1055 1962 ἂν
1077 1935 1124 1961 καὶ
1139 1934 1218 1966 αὐτὸς
1231 1934 1335 1970 ταύτην
1351 1935 1514 1969 συγχωρεῖν,
1540 1934 1587 1960 καὶ
1602 1933 1690 1965 οὕτως
1713 1934 1811 1969 μᾶλλον

1024 1981 1178 2015 συντρέχων
1193 1980 1330 2007 ἐδείκνυτο
1345 1979 1388 2012 ἂν,
1403 1978 1443 2011 οἷς
1459 1980 1539 2015 ἔργον
1554 1978 1610 2015 εἶχε
1625 1979 1770 2014 πολεμεῖν.
1783 1979 1811 2005 Εἰ

1023 2028 1077 2064 γὰρ
1089 2028 1193 2063 Πέτρος
1215 2027 1306 2059 καλῶς
1326 2027 1400 2052 ποιεῖ
1420 2025 1579 2060 συγχωρῶν,
1598 2025 1624 2051 τι
1645 2025 1683 2060 μὴ
1700 2026 1750 2052 καὶ
1764 2025 1809 2057 σῦς

1024 2073 1100 2108 φησι.
1116 2073 1148 2099 Τί
1170 2073 1198 2099 δὲ
1222 2073 1270 2099 καὶ
1287 2072 1384 2108 μέμφῃ
1399 2072 1517 2107 πικρῶς,
1540 2071 1573 2106 ἢν
1585 2071 1745 2105 οἰκονομίαν
1763 2079 1810 2097 κα-

1023 2119 1094 2152 λεῐ;;
1112 2118 1165 2145 Ἔα
1179 2119 1312 2153 πράττειν
1327 2118 1375 2144 καὶ
1397 2117 1435 2152 μὴ
1451 2116 1575 2152 ὲπιτίμα,
1590 2117 1636 2143 καὶ
1649 2117 1687 2148 ὡς
1717 2118 1750 2144 ἂν
1773 2126 1810 2143 σοι

1024 2166 1100 2200 φίλον
1133 2164 1249 2200 ὀνόμαζε
1263 2185 1269 2196 ,
1299 2164 1354 2190 εἴτε
1379 2163 1537 2198 οἰκονομίαν
1551 2183 1558 2194 ,
1578 2163 1632 2189 εἴτε
1655 2163 1747 2198 δόγμα
1767 2164 1809 2189 καὶ

1023 2211 1175 2246 ἀκρίϐειαν.
1193 2209 1287 2237 Ταῦτα
1300 2209 1332 2236 ἂν
1347 2210 1393 2236 καὶ
1410 2209 1562 2243 ἐλογίζοντο
1576 2210 1622 2235 καὶ
1634 2209 1658 2235 ἑ)
1665 2218 1730 2243 εγον
1746 2210 1809 2243 πρὸς

1022 2257 1067 2283 τὸν
1081 2256 1195 2286 Παῦλον,
1215 2256 1239 2282 εἰ
1255 2256 1325 2282 κατὰ
1342 2255 1498 2290 οἰκονομίαν
1510 2252 1572 2281 εἷπε
1597 2256 1660 2285 τοὺς
1682 2256 1748 2290 περὶ
1764 2255 1810 2281 Πέ-

1022 2311 1086 2337 τρον
1101 2302 1149 2337 τὴν
1163 2302 1316 2337 περιτομὴν
1328 2300 1536 2335 καταδέχεσθαι.
1553 2300 1630 2336 Ψυχὴ
1645 2301 1701 2336 γὰρ
1713 2303 1808 2334 ἐπτοη-

1024 2348 1092 2383 μένη
1111 2348 1176 2382 περί
1191 2356 1229 2379 τι,
1249 2347 1349 2382 μικρᾶς
1374 2347 1421 2372 καὶ
1447 2346 1498 2381 τῆς
1522 2346 1656 2381 τυχούσης
1683 2347 1810 2382 ἀφορμῆς

1022 2394 1171 2429 λαῆομένη,
1188 2394 1269 2421 πλέον
1290 2393 1363 2427 αὐτῷ
1379 2393 1525 2419 οἰκειοῦται
1543 2394 1590 2419 καὶ
1606 2394 1809 2428 περιπλέκεται.

1024 2440 1069 2466 Διὸ
1097 2439 1185 2474 σοφῶς
1202 2439 1271 2473 ἄγαν
1287 2440 1301 2465 ό
1321 2438 1425 2469 Παῦλος
1436 2457 1443 2468 ι
1468 2438 1498 2464 τὸ
1515 2438 1563 2473 μὲν
1586 2439 1637 2473 τῆς
1655 2439 1808 2473 οἰκονομίας

1023 2485 1090 2516 ὅλως
1106 2485 1263 2519 ἀποσιωπᾷ,
1289 2483 1410 2518 δριμέως
1426 2484 1454 2510 δὲ
1482 2483 1652 2510 καθάπτεται
1675 2485 1725 2517 τῆς
1744 2484 1810 2518 πρᾶ-

1024 2530 1102 2563 ξεως,
1129 2531 1176 2557 καί¹
1201 2529 1238 2560 ὡς
1267 2529 1492 2564 παρανομοῦντας
1513 2529 1594 2563 δῆθεν
1618 2529 1725 2563 eum.
1751 2530 1808 2554 τοῦ

1024 2577 1265 2611 συγχωρήσαντας,
1285 2575 1328 2601 ἵνα
1347 2574 1386 2610 τῷ
1412 2574 1520 2609 σφοδρῷ
1537 2575 1586 2608 τῆς
1608 2575 1674 2610 περὶ
1692 2575 1808 2603 ἐκείνους

1024 2623 1218 2657 ἐπιτιμήσεως,
1243 2622 1306 2652 τοὺς
1324 2620 1432 2656 ἀληθῶς
1457 2620 1684 2656 παρανομοῦντας
1707 2622 1806 2654 ποήη

1024 2668 1072 2696 καὶ
1093 2667 1287 2703 διορθώσηται.
1310 2667 1355 2693 Διὸ
1381 2666 1428 2693 καὶ
1458 2666 1603 2697 δοκοῦντας
1628 2667 1738 2697 αὐτοὺς,
1766 2667 1808 2691 xal

1024 2713 1277 2748 κατεγνωσμένους,
1293 2713 1341 2738 καὶ
1355 2711 1598 2748 ὑποκρινομένους,
1616 2712 1662 2738 καὶ
1681 2711 1719 2746 μὴ
1735 2710 1808 2744 ὀρθο-

1024 2759 1183 2792 ποδοῦντας,
1196 2759 1226 2785 οῦ
1247 2759 1421 2793 παραιτεῖται
1441 2757 1543 2789 καλεῖν,
1561 2758 1604 2784 ἶνα
1620 2758 1701 2792 μόνον
1720 2757 1750 2783 τὸ
1764 2755 1805 2782 τοῦ

1024 2805 1142 2841 Χριστοῦ
1160 2805 1292 2839 κήρυγμα
1316 2803 1464 2840 βεϐαιώσῃ.
1486 2804 1581 2836 Οῦτως
1598 2803 1724 2839 ἀλλήλοις
1741 2802 1805 2836 ὑπὲρ

1029 2851 1071 2877 τοῦ
1087 2850 1265 2885 κηρύγματος
1284 2850 1428 2886 ἐθάρρουν,
1451 2850 1498 2876 καὶ
1520 2850 1672 2884 τηλικούτῳ
1693 2849 1804 2875 ἐδέδεντο

1026 2895 1176 2929 συνδέσμῳ,
1192 2894 1229 2925 ὡς
1249 2895 1357 2929 δεῆσαν.
1376 2894 1409 2921 ἃν
1424 2894 1494 2921 οὓτω
1511 2895 1589 2929 τύχῃ,
1607 2895 1650 2922 διὰ
1665 2895 1711 2928 τῆ;
1731 2893 1804 2925 silit
