1872 3049
138 163 203 196 1111

678 164 874 194 (ECUMENll
888 163 998 194 THICC
1010 163 1033 192 Ε
1048 164 1218 195 EPISCOPI

1694 163 1769 197 1112

137 218 282 247 fcctionem
298 218 435 247 deducere
454 229 461 253 ;
479 228 539 247 cum
559 220 677 247 venisset
703 219 799 246 Petrus
826 219 922 245 Antio-

1010 218 1079 253 Ξτρος
1093 219 1132 250 εἰς
1151 218 1328 254 ’Δντιόχειαν,
1351 219 1415 255 ἄχρι
1431 219 1480 254 μὲν
1503 218 1590 250 οὐδεὶς
1606 217 1641 255 ἦν
1665 220 1722 246 τῶν
1738 215 1768 247 ἐξ

137 266 238 296 chiam.
255 266 365 292 interim
381 266 445 294 dum
462 265 550 293 fidelis
579 265 671 293 nullus
698 273 730 292 ex
756 264 859 292 Iudaeis
885 264 921 292 ibi

137 314 208 343 erat,
224 312 284 338 sine
312 310 367 338 ullo
383 311 541 339 discriminc
574 318 627 338 una
649 318 711 337 cum
727 310 854 345 gentibus
875 310 922 344 qui

137 357 310 384 crediderant
327 357 417 384 cibum
443 357 584 384 sumebat:
598 364 660 384 cum
684 361 774 384 autem
796 356 924 383 advenis—

137 407 197 430 sent
209 422 217 435 ,
235 410 269 430 ne
284 410 330 430 eos
345 402 493 430 offenderet
514 409 574 429 cum
590 402 679 430 adhuc
701 402 852 430 imbecilles
876 409 922 429 es-

137 453 208 480 sent,
225 449 370 476 verebatur
381 456 510 476 unalcum
531 449 584 476 illis
609 449 701 478 edere.
718 448 804 486 Httjus
832 453 922 476 autem

137 498 269 527 eausa,ut
286 495 387 522 dictum
403 499 455 527 est,
468 499 525 523 erat
537 503 631 523 eorum
649 495 922 528 imbecillitas.Quod

138 546 227 567 autem
244 540 345 568 Paulus
356 541 393 568 illi
413 542 501 576 palam
518 546 544 569 et
556 550 609 569 non
626 543 752 577 privatim
780 542 922 574 restiterit,

138 586 354 620 dispensationis
365 592 435 619 erat,
451 592 480 614 ut
495 588 620 616 videntes
629 589 674 623 qui
685 597 718 615 ex
731 587 831 617 ludatis
862 596 921 616 cre-

137 631 273 664 diderant,
286 631 371 666 ipsum
390 639 585 668 praeceptorem
601 641 681 662 suum
707 633 817 662 Petrum
834 634 921 669 palam

137 677 214 711 argui
236 678 308 712 quod
323 686 385 706 eum
415 681 582 715 prmputiatis
598 689 652 708 non
677 685 921 712 conrersarentur,

137 730 187 750 nec
213 724 458 759 contradicentem,
479 726 557 761 731
575 731 755 761 agnoscerent
778 726 852 761 quod
867 734 920 754 non

137 771 210 794 esset
242 767 373 803 deinceps
403 772 560 797 necessaria
591 770 657 805 legis
681 771 837 798 observatio
861 775 922 805 post

138 812 227 845 ﬁderit,
239 814 287 841 sed
302 814 387 849 magis
407 815 580 843 occasionem
597 816 674 844 daret
689 822 716 844 ut
741 817 922 853 reprehende-

140 863 215 886 retur
232 858 341 887 Petrus.
358 860 428 893 Quia
455 869 522 889 vero
549 862 601 890 hoc
622 862 824 898 dispensatorie
859 871 922 898 age—

137 903 228 935 batur,
258 904 403 932 manifeste
417 906 490 933 venit
515 905 616 934 Paulus
648 907 681 934 ad
705 907 754 935 ltos
782 915 922 935 sermones

138 956 200 974 runt
207 947 299 981 Petro,
309 954 339 976 ut
354 949 496 979 audientes
512 951 604 980 ﬁdeles
612 952 657 986 qui
669 960 701 979 ex
712 953 923 981 circumcisione

138 998 226 1026 erant,
241 1001 380 1024 mutarent
396 997 463 1032 legis
481 998 708 1028 observationem.
727 999 803 1032 Quod
822 1001 843 1028 si
858 1008 921 1027 vera

139 1039 233 1068 fuisset
244 1041 296 1074 ira,
307 1042 474 1077 oportuisset
484 1045 609 1079 privatim
620 1045 694 1080 ipsos
708 1047 778 1081 apud
787 1054 817 1074 se
826 1052 922 1075 mutuo

136 1084 282 1113 disserere.

171 1131 232 1158 Alio
250 1133 336 1159 modo.
368 1133 503 1163 Eusebius
531 1134 665 1171 Pampltili
683 1137 709 1163 in
729 1127 922 1165 Ecclesiastiea

137 1176 248 1204 historia
266 1179 386 1207 ostendit
408 1181 481 1208 hunc
499 1181 609 1210 Petrum
633 1190 688 1210 non
711 1191 774 1211 esse
787 1183 920 1219 Cepham,

136 1223 184 1250 sed
201 1224 324 1258 ejusdem
340 1233 401 1253 cum
430 1227 490 1262 ipso
505 1228 624 1256 nominis
645 1237 728 1256 untun
745 1237 778 1257 ex
812 1235 921 1265 septua-

135 1269 221 1304 ginta.
255 1269 287 1297 Et
314 1273 504 1306 apparet-tiam
536 1273 620 1301 habet
639 1274 683 1301 hic
709 1282 810 1303 sermo.
828 1275 922 1311 Neque

136 1317 208 1342 enim
226 1315 306 1344 Petro
321 1325 430 1345 rursutn
457 1326 526 1354 optts
539 1324 597 1347 erat
610 1324 742 1354 metuere,
754 1321 800 1356 qui
815 1322 871 1356 jam
887 1323 920 1350 de

136 1365 187 1389 hoc
203 1364 381 1398 responderat
398 1364 606 1400 Hierosolymis,
618 1367 799 1402 omnibusque
807 1377 921 1403 persua-

136 1412 219 1440 serat,
232 1409 342 1443 quando
359 1411 484 1444 uua'cum
495 1410 623 1439 Cornelio
632 1417 740 1448 sumpto
751 1414 822 1445 cibo,
835 1422 920 1449 quos—

135 1455 196 1480 dam
224 1462 255 1481 ex
287 1456 500 1485 circumcisione
524 1457 817 1494 oilenderatuluando
837 1461 918 1489 etiam

134 1499 204 1526 dixit
226 1508 233 1525 :
254 1508 263 1525 ι
281 1499 350 1528 Vere
362 1503 510 1536 comperio,
526 1502 637 1536 fratres,
651 1505 722 1538 quod
741 1513 794 1533 non
808 1507 844 1533 sit
857 1514 919 1542 per-

936 891 959 921 B

982 263 1115 290 Ἰουδαίων
1130 265 1226 297 πιστὸς
1241 265 1309 298 ἐκεῖ,
1319 265 1474 301 ἀδιαφόρως
1488 265 1558 301 μετὰ
1568 265 1622 292 τῶν
1635 265 1664 299 ἐξ
1679 266 1768 293 ἐθνῶν

975 311 1179 338 πιστευσάντων
1193 311 1347 347 συνήσθιεν,
1360 312 1404 338 ὅτε
1418 312 1446 338 δὲ
1459 312 1652 347 παρεγένοντο,
1667 312 1712 338 ἵνα
1727 312 1766 346 μὴ

975 357 1075 388 αὐτοὺς
1099 357 1264 393 σκανδαλίσῃ
1278 357 1319 384 ἔτι
1334 357 1458 389 ἀσθενεῖς
1477 357 1568 389 δντας,
1584 357 1767 384 ὑπεστέλλετο

977 403 1128 430 συνεσθίειν
1154 403 1280 435 ἐκείνοις.
1304 404 1407 430 Τούτου
1424 403 1452 430 δὲ
1467 403 1564 436 αἴτιον,
1585 403 1623 435 ὡς
1643 403 1764 438 εἴρηται,

975 449 992 484 ἡ
1009 449 1122 476 ἐκείνων
1136 449 1272 477 ἀσθένεια.
1287 449 1343 476 Καὶ
1355 449 1385 476 τὸ
1401 449 1445 475 τὸν
1461 449 1568 476 Παῦλον
1579 450 1608 476 δὲ
1626 449 1765 484 φανερῶς,

975 495 1044 522 ἀλλὰ
1058 496 1095 531 μὴ
1112 496 1172 523 κατ’
1189 495 1258 523 ἰδίαν
1271 495 1430 529 ἀντιστῆναι
1442 494 1480 529 τῷ
1491 495 1597 529 Πέτρῳ.
1608 495 1766 528 οίκονομίας

974 538 1018 576 ἦν,
1029 541 1073 568 ῐνα
1084 542 1201 577 ὁρῶντες
1212 542 1238 568 οι
1261 542 1292 574 ἐξ
1314 540 1449 568 Ἰουδαίων
1465 541 1556 567 πιστοὶ
1573 540 1620 567 τὸν
1635 540 1766 567 διδάσκα-

974 585 1020 611 λον
1035 586 1116 612 αὑτὸν
1132 585 1236 621 Πέτρον
1251 585 1452 620 ἐγκαλούμενον
1465 585 1600 620 φανερῶς,
1620 585 1647 611 τί
1663 586 1766 620 δήποτε

976 631 1014 666 μὴ
1030 632 1138 658 σύνεστι
1163 633 1218 664 τοῖς
1244 632 1422 666 ἀκροϐύστοις
1442 633 1489 658 καὶ
1513 632 1550 668 μὴ
1576 632 1765 665 ἀντιλέγοντα,

974 677 1076 710 γνῶσιν
1091 677 1129 709 ὡς
1155 678 1186 705 οὐ
1204 678 1336 714 χρειώδης
1363 678 1457 705 λοιπὸν
1479 679 1494 713 ἡ
1510 678 1701 713 παρατήρησις
1716 678 1766 704 τοῦ

974 723 1058 757 νόμου
1076 724 1146 758 μετὰ
1161 723 1210 758 τὴν
1221 724 1322 757 πίστιν,
1337 723 1405 751 ἀλλὰ
1418 724 1554 760 πρόφασιν
1571 725 1766 759 παρασχοῦσα.

974 768 1020 795 τοῦ
1036 769 1204 805 ὲγκληθῆναι
1233 770 1346 806 Πέτρον.
1361 771 1422 797 ὀτι
1439 770 1467 796 δὲ
1487 769 1566 796 τοῦτο
1588 769 1763 806 ᾠκονόμητο,

975 813 1098 850 φανερῶς
1119 815 1159 846 είς
1176 815 1271 849 λόγους
1283 813 1365 850 ἦλθεν
1383 816 1398 841 ὁ
1415 814 1521 846 Παῦλος
1537 814 1576 849 τῷ
1591 814 1700 849 Πέτρῳ,
1717 814 1764 840 ἳνα

975 860 1000 886 οἱ
1015 861 1048 887 ὲκ
1064 861 1218 896 περιτομῆς
1233 861 1325 888 πιστοὶ
1345 861 1506 893 ἀκούοντες,
1526 860 1698 896 μεταθῶνται
1713 862 1767 895 τῆς

973 906 1020 932 τοῦ
1038 907 1120 941 νόμου
1135 908 1353 943 παρατηρήσεως
1365 915 1373 922 ·
1398 907 1436 939 ὡς
1459 907 1486 934 εἰ
1507 915 1539 941 γε
1559 907 1590 933 τὸ
1613 906 1714 941 ἀληθὲς
1729 904 1767 941 ἦν

972 953 1053 988 ὀργὴ,
1070 952 1124 979 ἔδει
1141 953 1200 980 κατ’
1218 953 1286 980 ἰδίαν
1303 954 1403 986 αὐτοὺς
1419 953 1595 988 διαλεχθῆναι
1611 953 1679 988 πρὸς
1698 953 1764 979 ἐαυ-

973 1007 1045 1030 τους.

1010 1133 1131 1165 Ἄλλως.
1148 1132 1276 1164 Εὐσέϐιος
1289 1133 1303 1159 ὁ
1320 1133 1460 1168 Παμφίλου
1478 1134 1506 1159 ὲν
1524 1134 1557 1168 τῇ
1578 1133 1765 1166 Ἐκκλησια-

972 1179 1063 1214 στικῇ
1074 1179 1190 1213 ἱστορίᾳ
1204 1178 1378 1206 ἀποδείκνυσι
1392 1179 1429 1215 μὴ
1445 1177 1514 1205 εἶναι
1528 1179 1574 1206 τὸν
1587 1179 1687 1214 Κηφᾶν
1701 1179 1766 1206 τοῦ-

972 1235 1029 1258 τον,
1037 1225 1083 1252 τὸν
1089 1225 1203 1261 Πέτρον.
1212 1225 1268 1252 ἀλλ’
1276 1225 1421 1262 ὁμώνυμον
1429 1225 1566 1260 αὺτῷ,ἒνα
1577 1225 1631 1252 τῶν
1643 1225 1765 1260 ἑϐδομὴ-

971 1280 1064 1298 κοντα.
1078 1271 1133 1298 Καὶ
1142 1271 1253 1302 πιθανὸς
1267 1271 1280 1296 ό
1293 1270 1382 1305 λόγος.
1398 1271 1435 1298 Οὐ
1445 1271 1499 1306 γὰρ
1509 1271 1541 1298 ἂν
1550 1271 1673 1306 δΠέτρος
1686 1271 1765 1306 ἐδεή-

971 1317 1004 1353 θη
1017 1317 1096 1345 πάλιν
1108 1317 1268 1352 ὑποστολῆς,
1285 1317 1358 1349 ὅστις
1373 1317 1425 1352 ἤδη
1439 1317 1502 1353 περὶ
1514 1317 1609 1344 τούτου
1620 1318 1762 1352 ἀπολογη-

972 1365 1088 1398 σάμενος
1110 1361 1145 1398 ἦν
1156 1363 1184 1390 ὲν
1199 1362 1377 1398 Ἰερουσαλὴμ
1390 1363 1438 1389 καὶ
1450 1363 1547 1394 πείσας
1561 1363 1698 1395 ἅπαντας,
1712 1364 1759 1390 ὅτε

971 1409 1009 1444 τῷ
1033 1408 1177 1445 Κορνηλίῳ
1188 1408 1348 1444 συμφαγὼν,
1374 1409 1450 1440 τινὰς
1479 1409 1534 1434 τῶν
1550 1410 1582 1435 ὲκ
1607 1409 1763 1444 περιτομῆς

971 1455 1173 1486 ὲσκανδάλισεν,
1201 1454 1245 1481 ὅτε
1260 1453 1307 1480 καὶ
1325 1451 1414 1485 εἶπεν,
1432 1463 1441 1480 ι
1460 1454 1519 1480 Ἐπ’
1531 1454 1673 1490 ἀληθείας,
1684 1455 1764 1481 ἀδελ-

971 1503 1027 1537 φοὶ,
1045 1501 1303 1537 καταλαμῦὰνομαι,
1321 1501 1362 1527 ὅτι
1376 1500 1427 1527 οὐκ
1439 1500 1497 1527 ἐστι
1520 1500 1764 1536 προσωπολήπτης

135 1553 264 1572 souarum
280 1551 422 1581 respectus
435 1555 529 1576 coram
553 1548 617 1582 Deo,
630 1549 678 1577 sed
700 1551 726 1577 in
743 1552 841 1585 quavis
853 1561 919 1587 gen-

1010 1548 1070 1581 tebc,
1095 1548 1153 1575 ἀλλ’
1176 1549 1205 1574 ἐν
1231 1548 1311 1574 παντὶ
1340 1548 1440 1575 ἔθνειό
1467 1547 1636 1582 φοὸούμενος
1666 1547 1763 1580 αὐτὸν,

134 1596 161 1618 te
177 1591 222 1625 qui
238 1592 310 1619 timet
329 1592 428 1628 ipsum,
447 1592 471 1621 is
485 1599 614 1629 acceptus
629 1599 671 1622 cst
683 1595 720 1622 illi
734 1596 772 1622 ¹.›
783 1595 841 1622 Non
860 1601 919 1623 erat

135 1638 187 1664 iste
202 1637 249 1673 Qui
275 1637 333 1666 haec
349 1639 466 1667 dixerat.
483 1639 550 1667 Nam
567 1640 589 1668 si
604 1641 657 1668 hoc
677 1642 711 1668 al)
727 1642 805 1669 initio
823 1643 920 1676 [ιταλιιί-

134 1683 252 1712 cationis
272 1683 356 1715 facto.
377 1687 514 1720 persuasit
536 1687 666 1715 omnibus
683 1687 754 1722 quod
777 1695 830 1715 non
849 1689 920 1716 male

133 1731 243 1765 egisset,
260 1731 363 1765 Spiritu
380 1731 468 1766 ipsum
483 1732 517 1760 ad
533 1733 760 1760 hocindueente:
779 1734 919 1768 quomodo

133 1784 206 1803 nunc
219 1781 283 1811 post
298 1780 406 1804 tantum
426 1781 546 1813 tempus,
563 1783 709 1814 postquam
730 1779 844 1808 dederat
865 1780 918 1808 Pe-

134 1826 195 1849 trus
228 1823 449 1857 experimentum
476 1825 519 1852 sui
536 1825 604 1852 recti
623 1825 725 1860 operis,
752 1834 861 1853 rursum
880 1828 917 1854 illi

133 1875 203 1903 opus
224 1873 283 1896 erat
299 1863 457 1904 huiusmodi
483 1871 709 1906 dispensatione?
737 1872 794 1900 Hoc
816 1877 918 1908 tamen,

133 1915 205 1949 quod
227 1915 410 1950 reprehensus
436 1920 520 1950 esset,
545 1921 636 1953 potest
655 1918 708 1946 hoc
729 1919 812 1946 etiam
837 1920 919 1948 tnodo

131 1960 246 1997 intelligi
263 1970 271 1988 :
289 1960 368 1988 Nulla
384 1962 436 1989 alia
453 1962 505 1990 fuit
527 1963 605 1996 mihi,
625 1964 663 1991 ait
678 1964 791 1998 Paulus,
807 1966 918 1994 occasio

132 2007 222 2041 palam
237 2007 262 2034 ei
279 2007 427 2035 resistendi
452 2012 479 2035 et
495 2016 558 2036 eum
582 2010 761 2045 corripiendi.
777 2011 830 2038 nisi
844 2012 918 2051 quod

131 2051 166 2077 de
182 2051 316 2078 sumendo
331 2052 424 2078 cibum
442 2059 495 2079 una
508 2060 570 2080 cum
589 2053 763 2083 circumcisis
783 2060 863 2084 antea
874 2065 918 2085 re-

132 2096 284 2131 prehensus
310 2096 409 2124 fuisset
423 2105 436 2124 a
450 2097 551 2126 Judaais
578 2101 689 2134 quando
702 2109 764 2128 cum
790 2102 918 2131 Cornelio

131 2143 226 2170 ederat
244 2151 251 2169 :
277 2143 331 2170 nisi
344 2143 416 2171 enim
432 2144 532 2172 fuisset
545 2150 624 2173 antea
636 2147 819 2182 reprehensus
832 2150 866 2176 ab
875 2149 918 2178 his

131 2197 199 2223 quos
217 2189 252 2216 ibi
269 2189 433 2222 offenderat,
453 2198 627 2226 nequaquam
645 2200 718 2220 nunc
749 2195 893 2223 metuisset
908 2205 914 2224 :

130 2235 203 2268 quod
227 2236 250 2264 si
274 2244 327 2263 non
346 2236 500 2270 metuisset,
520 2238 595 2265 nulla
609 2237 706 2266 fuisset
719 2246 789 2274 opus
804 2247 916 2276 correp-

131 2280 205 2308 tione
221 2286 267 2307 aul
280 2281 391 2315 publica
407 2282 576 2310 resistentia.
599 2282 700 2311 Verum
715 2285 780 2319 qttid
802 2287 916 2314 omnino

130 2325 244 2359 prodest
258 2327 367 2361 publice
383 2328 533 2356 resistere?
546 2343 581 2348 —
592 2329 662 2362 Quia
679 2335 834 2366 opportune
859 2334 916 2369 egit

131 2376 160 2399 ut
172 2379 264 2400 coram
279 2372 382 2401 Iudaeis
396 2374 498 2402 dictum
519 2379 593 2403 esset
609 2383 616 2403 :
631 2375 686 2404 Nos
703 2382 801 2405 natura
827 2378 914 2407 Judaei

130 2422 157 2444 et
174 2425 227 2444 non
247 2425 279 2445 ex
300 2419 427 2453 gentibus
450 2425 618 2455 peccatores,
644 2429 762 2458 cumque
779 2425 916 2453 sciremus

131 2463 204 2496 quod
222 2471 278 2490 non
291 2464 459 2498 justificctur
477 2466 558 2494 homo
575 2475 608 2495 ex
623 2469 754 2503 operibus
768 2470 848 2504 legis.
861 2471 914 2498 nisi

132 2516 180 2542 per
197 2509 276 2536 fidem
301 2509 366 2537 Jesu
387 2511 499 2545 Christi,
516 2517 541 2540 et
557 2521 607 2541 nos
624 2515 649 2541 in
666 2515 807 2542 Christum
822 2515 914 2543 Jesum

131 2555 300 2584 credidimus
319 2560 348 2583 ut
363 2557 580 2591 justificaremur
595 2559 621 2586 iu
636 2560 687 2587 fide
703 2560 805 2587 Christi
822 2565 848 2587 et
863 2569 915 2588 non

129 2608 162 2626 ex
175 2601 305 2635 operibus
323 2602 390 2637 legis
405 2611 411 2629 :
432 2604 496 2638 quia
513 2604 570 2631 haec
591 2612 684 2632 coram
697 2605 826 2632 omnibus
844 2605 916 2632 dicta

129 2650 205 2680 sunt,
227 2647 278 2674 fuit
308 2649 416 2682 publica
440 2650 607 2678 resistentia.
639 2651 746 2677 Etenim
776 2651 798 2678 si
814 2651 915 2685 aliquis

128 2699 207 2719 error
224 2692 333 2726 fuisset,
354 2696 524 2729 oportuisset
539 2697 666 2730 privatim
682 2704 797 2731 arguere
814 2701 841 2723 et
853 2705 913 2724 cor-

128 2738 228 2772 rigere,
241 2740 348 2768 dicente
361 2741 475 2768 Domino
487 2742 587 2776 732:
607 2751 616 2766 ι
638 2742 666 2768 Si
688 2744 842 2776 peccaverit
859 2743 914 2770 fra—

129 2787 169 2810 ter
182 2789 246 2811 tuus
274 2786 382 2820 corripe
397 2795 458 2814 eum
483 2786 611 2821 privatim
629 2795 637 2814 :
658 2788 730 2822 quod
751 2789 772 2815 si
788 2796 840 2816 non
862 2790 912 2816 ob-

164 2871 173 2883 '
188 2870 248 2897 Act.
263 2880 289 2903 ι,
303 2873 348 2898 35.

932 2228 954 2255 D

972 1594 1064 1626 δεκτὸς
1092 1594 1168 1630 αὒτῷ
1189 1595 1273 1621 ἐστιν.
1289 1603 1299 1620 )
1319 1594 1357 1621 Οὐ
1374 1593 1429 1628 γὰρ
1444 1591 1477 1629 ἦν
1489 1593 1503 1620 δ
1517 1593 1603 1620 εἰπὼν
1611 1593 1712 1620 ταῦτα.
1729 1594 1764 1620 Εἰ

971 1641 998 1668 δὲ
1012 1641 1091 1668 τοῦτο
1108 1641 1182 1676 παρὰ
1197 1641 1246 1675 τὴν
1273 1640 1360 1676 ἀρχὴν
1378 1640 1425 1666 τοῦ
1437 1639 1617 1674 κηρύγματος
1631 1641 1762 1674 ποιήσας,

971 1686 1078 1713 ἔπεισεν
1093 1687 1214 1718 ἃπαντας
1231 1686 1269 1718 ὡς
1279 1687 1309 1713 οὺ
1325 1685 1418 1717 κακῶς
1433 1686 1558 1721 ἐποίησε,
1571 1685 1619 1712 τοῦ
1632 1685 1764 1720 Πνεῦμα-

970 1742 1016 1765 τος
1047 1733 1127 1760 αὑτὸν
1162 1733 1202 1764 είς
1229 1733 1309 1759 τοῦτο
1334 1732 1488 1766 ἐνάγοντος,
1501 1732 1561 1764 πῶς
1575 1731 1607 1758 ἃν
1628 1731 1676 1758 νῦν
1690 1733 1763 1767 μετὰ

970 1778 1096 1805 τοσοῦτον
1111 1778 1216 1813 χρόνον,
1234 1779 1303 1813 μετὰ
1320 1778 1351 1804 τὸ
1362 1779 1460 1814 πεῖραν
1470 1778 1565 1804 δοῦναι
1588 1779 1635 1804 τὸν
1655 1779 1763 1814 Πέτρον

970 1825 1019 1859 τῆς
1032 1825 1134 1855 οἰκείας
1149 1825 1259 1860 ἀρετῆς,
1275 1824 1371 1860 ἐδεήθη
1384 1824 1466 1851 πάλιν
1479 1823 1530 1858 τῆς
1542 1825 1673 1860 τοιαύτης
1685 1825 1762 1851 οἰκο-

971 1870 1085 1906 νομίας;
1105 1871 1141 1897 Τὸ
1153 1871 1181 1897 δὲ
1192 1871 1232 1897 ὅτι
1261 1870 1485 1905 κατεγνωσμένος
1511 1867 1556 1905 ἦν,
1584 1870 1699 1897 δύνασαι
1714 1871 1764 1898 καὶ

971 1916 1056 1949 οὕτως
1069 1918 1175 1953 νοῆσαι·
1191 1917 1287 1951 Γέγονέ
1310 1925 1366 1952 μοι,
1379 1917 1456 1951 φησὶ,
1468 1917 1604 1952 πρόφασις
1619 1917 1664 1944 τοῦ
1689 1917 1763 1944 κατὰ

971 1963 1116 1998 πρόσωπον
1128 1963 1201 1998 αὐτῷ
1211 1963 1371 1992 ἀντιστῆναι
1384 1963 1433 1990 καὶ
1445 1962 1579 1997 διελέγξαι
1591 1963 1684 1996 αὑτὸν,
1696 1963 1763 1990 ἄλλο

972 2010 1022 2044 μὲν
1037 2009 1122 2039 οὐδὲν,
1139 2009 1154 2044 ἢ
1183 2010 1223 2036 ὅτι
1237 2010 1302 2044 περὶ
1325 2009 1372 2036 τοῦ
1398 2009 1548 2036 συνεσθίειν
1560 2010 1616 2041 τοῖς
1632 2010 1661 2035 ὲν
1677 2010 1762 2044 ἀκρο-

971 2055 1068 2091 6υστίᾳ
1096 2057 1373 2090 προκατεγνωσμένος
1396 2053 1429 2090 ἦν
1450 2056 1503 2082 ἀπὸ
1528 2055 1582 2082 τῶν
1624 2055 1762 2082 Ἰουδαίων

969 2101 1013 2128 ὅτε
1024 2102 1062 2136 τῷ
1077 2102 1219 2137 Κορνηλίῳ
1243 2102 1404 2137 συνέφαγεν.
1441 2102 1472 2129 El
1498 2102 1535 2137 μὴ
1557 2101 1610 2137 γὰρ
1636 2111 1762 2136 προκατ-

969 2147 1093 2183 εγνῶσθη
1120 2149 1182 2184 παρ’
1199 2149 1288 2174 αὐτῶν
1315 2148 1561 2175 σκανδαλισθέντων
1579 2149 1646 2180 ἐκεῖ,
1663 2148 1714 2175 οὐκ
1728 2148 1763 2175 ἂν

969 2193 1016 2220 νῦν
1045 2194 1194 2228 ὑπεστάλη.
1219 2194 1264 2229 Μὴ
1292 2193 1492 2225 ὑποσταλέντος
1503 2193 1541 2224 δὲ,
1559 2194 1610 2220 οὐκ
1631 2191 1666 2228 ἦν
1680 2194 1762 2229 χρεία

969 2239 1015 2266 τοῦ
1031 2248 1060 2265 τε
1076 2240 1198 2275 ἐλέγχου,
1210 2240 1260 2274 τῆς
1273 2248 1303 2266 τε
1315 2240 1386 2266 κατὰ
1402 2239 1549 2274 πρόσωπον
1563 2239 1760 2271 ἀντιστάσεως.

971 2285 1003 2311 Τί
1016 2285 1043 2311 δὲ
1062 2286 1129 2316 ὅλως
1152 2285 1252 2319 ὠφελεῖ
1275 2285 1291 2319 ἡ
1312 2284 1382 2311 κατὰ
1410 2284 1555 2319 πρόσωπον
1581 2284 1760 2316 ἁντίστασιςς

969 2347 1004 2352 —
1018 2331 1100 2367 [ΤΟΥ
1113 2330 1254 2366 ΑΥΤΟΥ.]
1270 2331 1330 2357 Ὅτι
1347 2330 1482 2365 εὐκαίρως
1499 2330 1612 2365 ἐποίησε
1628 2330 1761 2364 λεχθῆναι

969 2377 1123 2412 ἔμπροσθεν
1134 2377 1189 2404 τῶν
1208 2377 1350 2408 Ἰουδαίων,
1359 2377 1400 2408 τὸ,
1417 2377 1512 2412 Ἡμεῖς
1523 2377 1604 2411 φύσει
1625 2376 1760 2407 Ἰουδαῖοι,

969 2424 1017 2450 καὶ
1033 2423 1082 2450 οὑκ
1099 2423 1130 2455 ἐξ
1147 2424 1232 2450 ἐθνῶν
1245 2424 1414 2459 ἁμαρτωλοὶ,
1429 2424 1531 2454 εἰδότες
1539 2424 1580 2449 ὄτι
1592 2423 1624 2450 οὐ
1637 2423 1762 2450 δικαιοῦ-

968 2478 1014 2496 ται
1044 2469 1185 2504 ἄνθρωπος
1199 2470 1229 2502 ἐξ
1243 2470 1332 2504 ἔργων
1346 2470 1441 2504 νόμου,
1467 2470 1515 2496 ἐὰν
1532 2470 1569 2504 μὴ
1580 2469 1624 2495 διὰ
1639 2469 1761 2501 πίστεως

975 2515 1065 2550 Ἰησοῦ
1092 2516 1221 2551 Χριστοῦ,
1250 2517 1297 2543 καὶ
1325 2517 1406 2552 ἡμεῖς
1432 2517 1472 2548 εἰς
1499 2516 1618 2550 Xylin-iv
1654 2516 1761 2550 Ἰησοῦν

969 2562 1170 2596 ἐπιστεύσαμεν
1186 2562 1230 2589 ἶνα
1240 2562 1431 2597 δικαιωθῶμεν
1444 2562 1476 2587 ὲκ
1494 2562 1613 2591 πίστεως
1625 2561 1759 2596 Χριστοῦ.

969 2606 1015 2632 καὶ
1037 2606 1088 2632 οὐκ
1106 2605 1135 2639 ἐξ
1155 2606 1244 2641 ἔργων
1266 2607 1348 2641 νόμου
1363 2614 1370 2622 ·
1404 2606 1491 2633 διὰτὸ
1519 2605 1650 2640 λεχθῆναι
1671 2604 1760 2631 ταῦτα

967 2651 1122 2687 ἔμπροσθεν
1133 2652 1252 2684 πάντων,
1267 2652 1381 2686 γέγονεν
1404 2653 1420 2686 ὴ
1435 2651 1506 2678 κατὰ
1525 2652 1674 2686 πρόσωπον
1709 2652 1759 2676 ἁν-

966 2698 1099 2730 τίστασις.
1125 2699 1200 2724 Ἐπεὶ
1217 2699 1299 2734 ὲχρῆν
1335 2698 1414 2734 εἴπερ
1438 2699 1493 2734 ἄρα
1516 2707 1543 2724 τι
1575 2698 1687 2732 acii/pi:
1713 2695 1762 2732 ἦν,

969 2745 1029 2771 κατ’
1048 2745 1115 2771 ίδίαν
1128 2745 1275 2778 ἐγκαλέσαι
1293 2745 1338 2771 καὶ
1354 2745 1563 2780 διορθώσασθαι,
1577 2744 1625 2771 τοῦ
1653 2743 1760 2779 Κυρίου

967 2790 1102 2822 λέγοντος’
1127 2799 1136 2816 t
1155 2789 1217 2816 Ἐὰν
1244 2790 1352 2825 ἁμάρτῃ
1379 2791 1392 2816 ὁ
1420 2790 1534 2823 ἀδελφός
1563 2797 1620 2820 σου,
1648 2788 1762 2822 ἔλεγξον
