1872 3049
79 162 161 194 1117

605 165 797 195 COMMENT.
816 165 854 194 ΙΝ
875 166 989 195 El’lS'l‘.
1004 167 1052 195 Al)
1072 167 1204 198 GALKT.

1647 169 1716 202 1118

77 230 137 254 τας
154 220 236 249 εἶναι.
250 222 560 258 (Παραὸάτηνὲμαυτὸν
578 225 750 260 manemus.»
761 225 809 252 Ἐκ
824 225 865 259 τὰ)

978 231 1110 252 imrerettt.
1125 236 1133 251 ι
1146 226 1386 262 Transgressoreut
1401 227 1535 262 meipsum
1549 229 1714 257 constituo.»

78 268 134 294 τοῦ
150 268 234 294 πάλιν
250 267 438 303 πείθεσθαι.τῷ
451 268 536 304 νόμῳ,
559 269 675 296 δεικνύω
685 270 725 296 ὃτι
739 270 776 301 ὡς
789 278 881 305 παρα-

79 312 190 347 ϐάτης,
200 313 318 339 αὖτδντδ
326 313 435 348 πρῶτον
446 315 536 345 εἴασα,
546 316 593 341 καὶ
603 315 712 350 Χριστῷ
721 315 879 342 ἐπίστευσα.

85 368 95 385 ι
108 359 189 393 Ἐγὼ
201 359 264 394 γάρ.
280 368 289 385 ι
308 359 389 394 Ἐγὼ,
408 361 590 396 φησὶν,;αὺτῷ
602 361 642 396 τῷ
656 362 730 396 νόμῳ
748 362 880 394 πεισθεὶς,

81 405 191 441 νεκρὸν
215 405 334 440 ἐμαυτὸν
353 405 392 441 τῷ
403 406 479 441 νόμῳ
493 407 659 442 κατέστησα.
680 407 710 434 '0
726 408 807 442 νόμος
827 408 881 442 γάρ

85 460 138 485 μοι
154 451 203 478 τδν
229 451 346 486 Χριστὸν
361 452 547 487 προεμήνυσε,
569 453 616 479 καὶ
644 453 742 488 ἐκείνῳ
757 453 806 488 μέν
823 453 882 488 ειμι

81 497 190 532 νεκρὸς
224 497 285 530 (οὐχ
314 496 353 523 ἔτι
380 498 435 531 γὰρ
449 498 522 523 -κατ“
547 498 652 524 ἐκεῖνον
679 498 880 535 πολιτεύομαι),

82 543 145 573 τοῖς
158 542 188 568 δὲ
201 542 296 568 τούτου
321 542 453 576 δόγμασιν
476 542 588 577 ἕπομαι.
613 553 621 569 ι
635 543 685 570 Διὰ
701 544 785 579 νόμου
807 545 881 580 νόμῳ

83 588 242 614 ἀπέθανον.
261 598 270 613 ι
299 588 334 614 Ἦ
355 587 398 614 διὰ
427 588 475 614 τοῦ
501 589 583 623 νόμου
614 589 661 615 τοῦ
689 590 880 624 εὐαγγελικοῦ,

83 634 230 660 ἀπέθανον
248 633 287 668 τῷ
297 635 419 664 Μωσέως
445 635 532 670 νόμῳ.
551 635 612 666 Πῶς
630 635 676 663 οὖν
695 637 708 662 ὁ
732 637 881 672 νεκρωθεὶς

84 680 137 706 καὶ
163 680 355 715 ἁνενεργήτως
379 679 451 715 ἔχων
466 680 533 715 πρὸς
544 681 637 712 αὑτὸν,
654 681 765 715 φυλάξω
781 683 879 716 αὺτ6ν;

85 726 123 752 Ἱι
139 726 188 752 διὰ
201 726 247 752 τοῦ
265 727 348 761 νόμου
365 726 460 758 αὑτοῦ,
475 727 522 753 καὶ
537 727 592 753 τῶν
605 729 634 754 ὲν
654 727 728 763 αὑτῴ
742 729 882 764 δυσχερῶν

86 772 324 807 παρατηρήσεων,
355 772 451 807 νεκρὸς
482 772 583 806 γέγονα
596 775 629 809 τῇ
645 774 768 810 ἁμαρτίᾳ
786 774 819 800 δι’
833 775 881 801 αὑ-

85 818 148 845 τοῦ.
164 816 241 853 Ἀρα
258 817 304 845 οὖν
329 818 375 845 τὸν
400 819 604 846 ἀποκτείναντα
627 820 773 854 φυλάττειν
785 820 880 853 ἄξιονς

89 875 99 890 ι
117 864 183 890 Ἵνα
209 863 268 898 Θεῷ
295 864 378 899 ζήσω.
395 874 404 890 ι
434 864 577 896 Τουτέστι,
597 865 647 900 τὴν
672 865 807 892 ἀθάνατον
833 866 882 892 καὶ

87 909 283 944 ἁγήρωζωήν.
307 919 316 935 ‹
329 909 374 945 Τῷ
389 909 500 945 Χριστῷ
521 919 529 936 ι
548 910 591 936 διὰ
609 911 656 936 τοῦ
692 910 882 946 βαπτίσματος

90 963 101 980 ι
118 954 386 990 συνεσταύρωμαι.»
414 955 443 982 ’0
465 955 555 982 τοίνυν
569 957 651 991 νόμος
677 957 707 983 τὸ
736 957 781 984 ἐπ’
808 957 883 992 αὑτῷ

87 1001 271 1033 ἀπέκτεινεν,
301 1002 315 1028 ὁ
342 1001 371 1028 δὲ
395 1001 512 1036 Χριστὸς
540 1002 722 1039 ὲξωοποίησε.
750 1003 812 1035 Πῶς
836 1002 882 1031 οὖν

88 1047 224 1081 φυλάττω
250 1047 294 1074 τὸν
323 1048 426 1082 νόμον;
444 1057 453 1073 ι
467 1047 510 1074 Ζῶ
519 1048 549 1075 δὲ
567 1049 618 1075 οὐκ
644 1049 684 1076 ἔτι
714 1049 780 1084 ἐγώ.
795 1059 804 1075 ι
832 1051 882 1078 Διὰ

88 1095 140 1128 τῆς
160 1093 232 1128 μετὰ
258 1093 345 1120 ταῦτα
371 1093 510 1126 πολιτείας
523 1115 530 1127 ,
544 1095 578 1121 δι’
593 1093 627 1131 ἧς
641 1095 781 1130 ἐνεκρώθη
798 1096 882 1123 αὑτοῦ

88 1141 124 1166 τὰ
141 1140 223 1175 μέλη.
242 1150 251 1166 ι
265 1140 430 1176 Νεκρώσατε
444 1140 510 1176 γὰρ,
523 1141 598 1176 φησὶ,
617 1142 650 1168 τὰ
668 1141 736 1176 μέλη
753 1142 830 1177 ὑμῶν
849 1142 883 1169 τὰ

89 1187 137 1213 ἐπὶ
154 1187 218 1221 γῆς.
234 1196 244 1212 ι
260 1202 295 1207 -
315 1196 324 1212 ι
343 1187 372 1214 '0
383 1187 411 1214 δὲ
423 1188 542 1223 Χριστὸς
571 1186 605 1223 ζῇ
621 1189 650 1214 ὲν
668 1188 739 1223 ὲμοι.
757 1198 766 1213 ι
792 1189 884 1224 Ἐγερ-

92 1233 163 1266 ξῶν,
188 1233 264 1267 φησὶ,
292 1233 441 1265 δεσπόζων,
458 1234 545 1260 πάντα
563 1242 608 1269 μοι
625 1234 705 1266 αὐτὸς
720 1235 878 1269 γενόμενος·

90 1279 119 1304 ὲν
134 1277 227 1312 τούτῳ
241 1277 269 1303 δὲ
284 1277 316 1312 ζῇ
331 1278 363 1304 ὲν
381 1277 454 1312 ἐμοὶ,
489 1278 528 1313 τῷ
556 1278 640 1314 μηδὲν
662 1278 784 1312 γίνεσθαι
816 1279 882 1314 παρ’

90 1325 161 1359 ἐμοῦ
205 1325 259 1351 τῶν
285 1325 322 1360 μὴ
340 1325 491 1352 δοκούντων
515 1325 600 1360 αὐτῷ.
623 1335 632 1351 ι
645 1326 677 1352 '0
690 1326 718 1352 δὲ
732 1325 780 1352 νῦν
803 1326 841 1358 ζῶ
853 1327 882 1353 ὲν

91 1370 188 1404 σαρκί.
204 1379 212 1395 ι
231 1370 287 1397 Καὶ
305 1369 336 1396 οὐ
351 1370 443 1405 μόνον,
469 1371 546 1406 φησὶ,
571 1370 620 1406 τὴν
636 1371 734 1406 νοητὴν
749 1371 824 1404 ζωὴν
837 1372 882 1399 διὰ

91 1415 136 1442 τὸν
162 1415 281 1451 Χριστὸν
308 1415 357 1449 ζῶ,
388 1416 456 1442 ἀλλὰ
486 1417 532 1443 καὶ
555 1416 606 1452 τὴν
629 1417 773 1453 αἰσθητήν.
799 1419 880 1452 Πῶς;

97 1462 170 1488 Ὑπὸ
202 1462 355 1496 ἀπόφανσιν
379 1461 454 1493 ὄντες
467 1461 511 1488 διὰ
525 1461 571 1488 τὸν
600 1462 691 1497 νόμον,
720 1463 881 1499 ἐμέλλομεν,

92 1509 173 1543 φησὶ,
192 1508 237 1534 καὶ
262 1508 402 1544 σαρκικῶς
416 1508 600 1544 ἀποθνήσκειν
617 1509 655 1542 ὼς
672 1510 720 1537 ἐπὶ
734 1510 782 1537 τοῦ
797 1520 883 1538 κατα-

92 1555 228 1589 κλυσμοῦ.
253 1555 282 1580 '0
293 1555 322 1582 δὲ
347 1555 465 1591 Χριστὸς
494 1555 544 1591 ζῇν
573 1557 648 1591 ἡμᾶς
681 1557 804 1592 ἰποίησε,
828 1558 878 1591 τῆς
893 1569 916 1601 C

93 1602 167 1636 ἀρᾶς
195 1601 242 1628 τοῦ
275 1602 359 1637 νόμου
389 1602 609 1637 λυτρωσάμενος.
628 1603 710 1629 Ὥστε
721 1603 752 1630 οὗ
773 1602 880 1639 μόνονῆ

92 1646 178 1682 νοητὴ
193 1646 259 1682 ζωὴ,
278 1647 346 1674 ἀλλὰ
358 1647 406 1674 καὶ
420 1647 437 1682 ὴ
449 1646 577 1682 αἰσθητὴ,
591 1647 634 1673 διὰ
647 1647 695 1682 τὴν
707 1648 747 1678 είς
761 1648 881 1683 Χριστὸν

94 1692 190 1720 πίστιν
206 1693 331 1729 ἐδωρήθη
342 1694 419 1728 ἡμῖν.
436 1692 498 1725 Πῶς
513 1690 560 1719 οὖν
577 1693 658 1720 πάλιν
675 1693 882 1728 ὺποστρέφομεν

93 1739 164 1774 πρὸς
194 1739 238 1765 τὸν
258 1739 358 1774 νόμον;
391 1739 470 1765 «Καὶ
499 1739 668 1775 παραδόντος
691 1739 787 1766 ἑαυτὸν
812 1739 882 1775 ὑπὲρ

94 1785 174 1820 ἐμοῦ.
191 1795 201 1811 ι
218 1786 255 1812 Τὸ
269 1785 358 1812 κοινὸν
387 1786 452 1812 ἴδιον
470 1787 600 1817 ποιεῖται.
616 1785 724 1817 δεικνὺς
747 1785 882 1820 τοσαύτην

94 1831 212 1858 ἕκαστον
228 1831 282 1858 δεῖν
308 1831 452 1866 ὁμολογεῖν
475 1831 555 1866 χάριν
566 1830 608 1866 τῷ
625 1831 748 1866 Χριστῷ,
758 1830 797 1863 ὡς
812 1831 836 1857 εί
848 1830 882 1856 δι’

95 1877 178 1903 αὑτὸν
207 1877 285 1912 μόνον
299 1877 519 1913 ὲνηνθρώπησεν.
546 1878 627 1905 (Οὐκ
638 1877 727 1904 ἀθετῶ
751 1878 800 1912 τὴν
832 1877 883 1912 χᾶ-

97 1931 173 1958 ριν.)
194 1922 236 1955 Ὠς
258 1921 286 1949 οἳ
300 1931 333 1957 γε
363 1922 403 1949 ἔτι
429 1923 476 1949 καὶ
500 1922 548 1950 νῦν
573 1921 621 1949 τοῦ
645 1922 727 1958 νόμον
757 1922 883 1957 ἐχόμενοι

96 1968 223 1996 ἁθετοῦσι
242 1969 291 2004 τὴν
313 1969 358 1996 διὰ
382 1968 502 2005 Χριστοῦ
525 1969 617 2005 χάριν.
649 1969 771 1996 Ἀθετεῖν
781 1969 810 1996 δέ
822 1970 881 1996 ἔστι

94 2014 124 2040 τὸ
147 2015 283 2047 ἀπιστεῖν,
298 2015 329 2042 τὸ
348 2014 541 2048 ὲξευτελίζειν,
556 2015 587 2042 τὺ
613 2015 780 2048 διαπαίζειν.
800 2015 883 2051 Ὁρᾷς

96 2058 152 2085 ποῦ
177 2059 297 2094 ἀνήγαγε
314 2059 359 2086 τὸν
374 2059 474 2094 λόγον;
491 2069 500 2086 ι
514 2060 544 2086 El
557 2059 612 2095 γὰρ
625 2059 668 2086 διὰ
683 2059 766 2096 νόμου
780 2060 883 2087 δικαιο-

98 2104 178 2140 σύνη.
194 2114 203 2130 ι
222 2105 253 2132 El
268 2105 322 2141 γὰρ
336 2106 351 2132 ὁ
376 2105 468 2141 νόμος,
485 2106 563 2141 φησι,
586 2106 683 2138 σώζειν
697 2107 746 2133 καὶ
759 2106 883 2134 δικαιοῦν

98 2150 185 2186 ίσχύει
207 2170 215 2183 ,
245 2151 259 2178 ὁ
289 2151 406 2187 Χριστὸς
433 2152 522 2187 μάτην
552 2152 684 2179 ἀπέθανε.
724 2152 774 2179 Διὰ
803 2153 883 2180 τοῦτο

97 2194 151 2231 γὰρ
163 2195 320 2230 παρέδωκεν
340 2196 446 2229 ἑαυτὸν,
462 2197 500 2228 ὼς
513 2196 559 2223 τοῦ
577 2197 660 2232 νόμου
678 2197 714 2232 μὴ
730 2197 880 2238 ἰσχύοντος,

933 270 997 306 Legi
1013 272 1108 298 iterum
1125 272 1350 307 obtemperando,
1364 273 1480 300 ostendo
1497 273 1569 308 quod
1587 278 1715 308 tanquam

933 322 1122 352 lransgressor
1147 319 1234 353 ipsam
1273 319 1391 354 primum
1419 319 1528 346 deserui
1548 320 1587 352 {ac
1610 319 1717 347 Christo

931 363 1046 390 credidi.
1070 372 1079 388 ι
1110 362 1166 397 Ego
1176 363 1261 390 enim.
1281 373 1290 389 ι
1309 363 1375 398 Ego,
1393 363 1492 398 inquit,
1509 364 1560 398 legi
1577 364 1718 398 obtempe-

931 408 1029 442 rando,
1044 410 1175 436 constitui
1193 410 1326 444 meipsnm
1342 410 1392 445 logi
1409 415 1557 437 mortuum.
1575 410 1716 444 Siquidem

933 453 975 480 lex
995 454 1061 481 mihi
1088 454 1230 482 Christum
1256 455 1431 490 praesignavit
1461 462 1468 480 ε
1494 459 1521 482 et
1542 455 1580 481 illi
1608 455 1716 490 quidem

932 505 1057 527 mortuus
1070 507 1140 529 sum.
1151 500 1214 535 quia
1229 500 1304 535 juxta
1321 501 1395 527 illam
1406 500 1462 535 jam
1484 508 1537 526 non
1554 508 1717 531 eonversor,

932 545 1014 580 hujus
1032 554 1096 572 vero
1108 546 1233 580 dogmata
1249 554 1358 581 sequor.
1379 545 1445 573 «Per
1466 546 1552 580 legem
1571 546 1622 580 legi
1643 553 1718 572 mor-

933 594 997 618 tuus
1012 599 1082 618 sum.
1105 601 1114 616 ι
1135 592 1189 618 Ant
1208 599 1255 626 per
1270 593 1355 626 legem
1379 592 1562 626 evangelicam
1593 595 1718 618 mortuus

933 644 993 664 sum
1017 637 1066 671 legi
1098 636 1177 664 Mosi.
1206 638 1351 670 Quomodo
1374 638 1456 672 igitur
1474 638 1666 670 Inortilieatus,
1684 645 1717 664 ac

933 681 1045 716 perinde
1061 689 1104 708 me
1136 683 1168 708 ad
1189 682 1262 708 illam
1289 683 1390 709 habens
1407 683 1485 717 quasi
1504 683 1563 717 ejus
1581 683 1654 709 nulla
1682 683 1717 710 sit

933 727 1050 760 utilitas,
1066 728 1183 754 servabo
1209 727 1319 762 ipsam?
1336 729 1388 755 Aut
1411 736 1458 762 per
1473 728 1559 763 ipsam
1578 728 1664 763 legem
1685 735 1717 754 ac

932 780 1029 807 graves
1045 772 1255 800 observationes
1270 780 1364 799 eorum
1383 781 1443 808 quae
1459 774 1485 800 in
1505 774 1564 808 ipsa
1591 775 1718 801 contine-

933 819 1044 851 bantur,
1067 819 1148 854 735
1176 823 1301 846 mortuus
1335 827 1395 846 sum
1426 824 1538 854 peccato
1553 828 1600 853 per
1619 820 1716 852 ipsam.

934 865 1002 892 Num
1016 866 1100 897 igitur
1113 873 1222 898 aequum
1238 869 1280 893 est
1297 873 1405 892 servare
1425 872 1483 892 eam
1499 873 1559 900 qua:
1573 864 1720 892 interimit?

937 921 946 938 ι
966 911 1000 938 Ut
1015 911 1068 938 l).-o
1094 913 1224 943 viverem,
1244 921 1254 937 ι
1285 918 1381 946 nempe
1396 910 1556 942 immortali,
1572 916 1599 938 et
1614 916 1718 938 aeterna

934 958 997 984 vita.
1014 967 1022 982 ι
1040 955 1098 983 Una
1113 964 1174 983 cum
1190 956 1304 983 Christo
1320 955 1469 984 cruciﬁxus
1487 963 1559 989 sum,
1580 966 1588 981 ι
1608 964 1656 991 per
1672 957 1720 982 ba-

935 1005 1075 1040 ptismum.
1086 1003 1139 1030 Lex
1159 1003 1252 1038 igitur,
1265 1003 1337 1038 quod
1347 1004 1373 1030 in
1390 1011 1419 1030 se
1428 1008 1498 1035 erat.
1513 1003 1626 1036 occidit,
1639 1004 1720 1031 Chri-

933 1055 992 1078 stns
1007 1054 1098 1076 autem
1114 1049 1262 1076 viviﬁcavit
1280 1058 1288 1077 :
1305 1050 1442 1084 quomodo
1460 1058 1527 1085 ergo
1548 1051 1664 1077 servabo
1680 1051 1719 1077 le-

934 1096 1014 1131 gem?
1033 1105 1042 1121 ι
1061 1095 1115 1122 Sed
1128 1095 1189 1122 vivo
1203 1095 1258 1130 jam
1272 1103 1325 1123 non
1342 1103 1402 1132 ego.
1424 1106 1433 1122 ι
1459 1095 1513 1123 Per
1527 1097 1719 1123 conversatio-

933 1150 994 1170 nem
1010 1150 1070 1177 quae
1092 1142 1141 1169 iste
1167 1143 1359 1177 consequitur,
1377 1150 1432 1177 qua
1450 1147 1557 1170 mortua
1573 1147 1637 1169 sunt
1669 1150 1719 1169 sua

933 1188 1065 1215 membra.
1095 1187 1140 1215 Ait
1155 1187 1249 1216 enim:
1269 1197 1278 1213 (
1304 1187 1466 1215 Mortiﬁcate
1477 1187 1599 1214 membra
1629 1191 1719 1214 rostra

933 1234 1073 1261 terrestria
1082 1233 1103 1260 ⁸.
1125 1242 1134 1259 ι
1154 1248 1187 1253 —-
1200 1243 1209 1258 ‹
1224 1232 1298 1261 Vivit
1315 1238 1404 1262 autem
1436 1235 1464 1262 in
1489 1241 1532 1261 me
1551 1234 1689 1262 Christus.
1707 1243 1718 1259 ι

933 1279 1077 1314 Operator,
1096 1279 1265 1311 dominator,
1282 1280 1375 1307 omnia
1393 1281 1501 1307 tandem
1521 1280 1548 1307 in
1563 1287 1605 1307 me
1618 1280 1719 1306 factus.

933 1325 986 1352 Per
998 1325 1050 1352 hoc
1068 1329 1158 1352 autem
1176 1325 1244 1352 vivit
1272 1326 1298 1352 in
1313 1333 1365 1357 me,
1382 1326 1454 1358 quod
1470 1325 1538 1352 nihil
1561 1326 1587 1352 in
1606 1333 1648 1352 me
1675 1324 1721 1351 ﬁat

933 1379 1042 1404 eorum,
1065 1379 1126 1406 qua:
1139 1371 1174 1397 ab
1186 1378 1218 1398 eo
1235 1379 1290 1398 non
1307 1371 1507 1405 approbantur.
1535 1379 1545 1396 ι
1565 1371 1654 1397 Vitam
1669 1378 1720 1397 au-

934 1424 988 1446 tem
1003 1425 1085 1453 quam
1101 1425 1175 1445 nunc
1203 1418 1265 1445 viro
1278 1418 1304 1445 in
1326 1425 1421 1445 carne.
1451 1427 1460 1443 ι
1478 1417 1535 1445 Nec
1559 1417 1660 1448 solum,
1679 1418 1721 1444 in-

934 1464 1005 1498 quit,
1023 1463 1200 1490 intellcetnali
1217 1463 1271 1489 vita
1287 1466 1400 1497 propter
1415 1461 1558 1490 Christum
1581 1463 1655 1493 vivo,
1674 1469 1722 1488 ve-

934 1517 995 1536 rum
1011 1508 1092 1536 etiam
1108 1508 1248 1535 sensitiva.
1265 1507 1390 1540 Quonam
1406 1507 1507 1534 modo?
1521 1506 1590 1534 Cum
1609 1511 1723 1542 propter

934 1555 1033 1589 legem,
1049 1554 1150 1588 inquit,
1167 1554 1307 1581 sententia:
1319 1560 1443 1580 essemus
1456 1552 1580 1584 obnoxii,
1597 1552 1720 1579 futurum

932 1604 990 1628 erat
1010 1604 1040 1627 ut
1071 1599 1152 1626 etiam
1177 1599 1323 1626 carnaliter
1346 1605 1518 1626 moreretnur
1545 1601 1676 1632 tanquam
1695 1597 1722 1624 in

933 1646 1051 1682 quodam
1070 1645 1183 1673 diluvio.
1203 1644 1332 1672 Christus
1357 1649 1448 1671 autem
1466 1644 1558 1670 vivere
1582 1650 1632 1670 nos
1657 1642 1722 1670 fecit

933 1700 948 1720 a
962 1693 1028 1727 legis
1043 1691 1235 1718 maletliclione
1251 1690 1393 1718 liberatos.
1416 1689 1501 1725 Igitur
1521 1697 1576 1716 non
1600 1688 1724 1716 intellec-

934 1738 1016 1766 tualis
1037 1737 1118 1765 modo
1133 1737 1199 1768 vita,
1214 1736 1260 1764 sed
1272 1740 1299 1764 et
1316 1736 1447 1764 sensitiva
1460 1736 1539 1763 nobis
1556 1735 1657 1762 donata
1681 1740 1724 1762 est

932 1792 982 1820 per
1002 1784 1081 1812 (idem
1101 1791 1162 1819 qua:
1178 1783 1205 1810 in
1227 1782 1368 1810 Christum
1383 1787 1435 1810 est.
1465 1781 1609 1815 Quomodo
1642 1781 1724 1817 igitur

933 1839 1043 1859 rursum
1060 1830 1229 1866 pastliminio
1249 1834 1418 1858 revertemur
1431 1829 1464 1856 ad
1482 1829 1586 1865 legem?
1602 1838 1610 1854 ι
1623 1829 1656 1856 Et
1670 1832 1725 1855 tra-

933 1877 1002 1906 didit
1025 1877 1203 1912 semelipsum
1232 1883 1283 1911 pro
1299 1883 1353 1903 me.
1371 1885 1381 1902 ι
1404 1875 1483 1908 Quod
1510 1882 1654 1902 commune
1670 1878 1724 1907 est,

933 1923 1076 1958 proprium
1102 1922 1179 1952 facit.
1210 1922 1361 1949 ostendens
1389 1925 1494 1948 tantum
1512 1920 1661 1956 gratiarum
1679 1926 1725 1947 ac-

934 1968 1019 1996 tionis
1032 1975 1169 2003 quemque
1194 1967 1296 1995 debere
1314 1967 1436 2001 Christo,
1452 1974 1483 1994 ac
1501 1966 1524 1994 si
1553 1969 1667 2001 propter
1682 1965 1724 2000 ip-

934 2021 996 2042 sum
1021 2013 1111 2040 solum
1129 2013 1213 2040 homo
1233 2012 1324 2040 factus
1351 2011 1459 2040 fuisset.
1481 2020 1490 2037 ι
1508 2009 1568 2038 Non
1591 2016 1725 2044 aspernor

935 2060 1064 2095 gratiam.
1083 2068 1093 2085 ι
1115 2058 1258 2093 Tanquam
1277 2058 1304 2085 hi
1325 2058 1371 2093 qui
1400 2057 1490 2084 adhuc
1504 2056 1556 2091 legi
1573 2055 1724 2087 adhaerent,

934 2105 1039 2133 Christi
1065 2105 1181 2141 gratiam
1208 2107 1402 2139 aspernentur.
1424 2101 1574 2137 Aspernari
1592 2108 1657 2129 vero
1682 2103 1726 2128 est

935 2160 990 2179 non
1008 2151 1131 2184 credere,
1146 2155 1301 2182 attenuare,
1321 2149 1449 2176 irridere.
1471 2148 1554 2175 Vides
1584 2155 1639 2181 quo
1664 2154 1725 2174 ser-

935 2203 1043 2223 monem
1057 2195 1211 2223 deduxerit.
1230 2193 1312 2221 «Nam
1329 2194 1351 2221 si
1371 2201 1418 2228 per
1431 2193 1517 2228 legem
1538 2192 1671 2227 justitia.»
1694 2190 1724 2218 Si

98 2240 140 2267 ἴνα
161 2241 242 2273 αὐτὸς
269 2241 343 2278 σώσῃ
368 2242 412 2269 διὰ
435 2242 482 2269 τοῦ
496 2242 613 2269 Θανάτου
641 2236 797 2274 adrui-'0;
812 2242 865 2276 si'7

975 2249 1005 2269 im
1020 2241 1062 2269 lex
1073 2240 1226 2276 justilicare
1241 2244 1344 2275 posset,
1357 2239 1484 2267 Christus
1502 2238 1604 2266 frustra
1617 2241 1643 2265 et
1663 2236 1726 2265 sine

99 2286 200 2319 σώζειό
210 2287 304 2323 νόμος,
321 2288 447 2323 περιττὸς
458 2289 471 2315 ό
483 2288 598 2320 θάνατος
611 2288 661 2315 τοῦ
677 2288 792 2323 Κυρίου.

936 2295 1019 2315 causa
1045 2292 1172 2314 mortuus
1189 2291 1273 2314 esset.
1289 2285 1329 2313 0b
1350 2286 1376 2313 id
1394 2293 1512 2320 namque
1534 2285 1654 2319 seipsum
1670 2287 1720 2310 tra-

99 2334 178 2367 didit,
198 2339 238 2367 ut,
258 2335 331 2371 quod
346 2336 389 2363 lex
408 2343 463 2364 non
486 2340 601 2371 poterat,
621 2337 681 2372 ipse
701 2344 752 2364 nos
772 2344 821 2365 sua
837 2339 926 2364 morte
946 2335 1036 2363 salvos
1054 2334 1155 2363 faceret
1176 2343 1184 2362 :
1203 2334 1275 2370 quod
1292 2334 1314 2362 si
1332 2334 1373 2361 lex
1390 2333 1480 2362 salvos
1497 2333 1608 2365 faceret,
1626 2338 1723 2366 super-

99 2389 183 2408 vacua
195 2382 292 2410 luisset
308 2389 382 2410 mors
395 2382 513 2411 Domini.

397 2427 523 2456 ΚΕΦΑΛ.
544 2429 582 2455 Δ’.

134 2475 199 2500 ὀτι
212 2473 262 2500 διὰ
275 2473 404 2506 πίστεως
414 2474 431 2500 ό
449 2473 606 2508 ἁγιασμὸς,
623 2475 659 2502 οὐ
672 2474 722 2502 διὰ
741 2475 846 2510 νόμου.

131 2516 169 2545 Ὠ
185 2518 305 2552 ἀνόητοι
320 2517 466 2552 Γαλάται,
483 2518 528 2551 τίς
552 2518 631 2552 ὑμᾶς
659 2519 829 2547 ἐϐάσκανεν
847 2518 885 2553 τῇ

99 2563 224 2597 ἀληθείᾳ
249 2563 292 2597 μὴ
324 2565 498 2598 πείθεσθαι,
530 2562 576 2598 οἷς
608 2564 672 2591 κατ’
709 2565 885 2600 ὀφθαλμοὺς

107 2609 224 2643 Ἰησοῦς
248 2610 378 2643 Χριστὸς
402 2609 573 2645 προεγράφη
596 2610 632 2637 ἐν
650 2610 721 2644 ὑμῖν
737 2611 886 2644 ἐσταυρω-

99 2656 205 2690 μένος;
235 2655 326 2683 Τοῦτο
353 2657 450 2690 μόνον
471 2657 548 2683 θέλω
580 2656 687 2691 μαθεῖν
715 2656 766 2691 ἀφ’
791 2657 884 2690 ὑμῶν,

101 2701 134 2734 ἐξ
149 2702 244 2736 ἔργων’
267 2702 361 2736 νόμον
376 2702 497 2729 ἐλάϐετε
517 2702 549 2729 τὸ
563 2702 690 2736 πνεῦμα,
706 2701 725 2736 ἢ
745 2701 778 2734 ἐξ
791 2701 886 2735 ἀκοῆς

102 2748 240 2781 πίστεως.
255 2749 350 2782 οὕτως
359 2749 483 2783 ἀνόητοί
492 2749 574 2780 ἐστε,
588 2747 786 2782 ἐναρξάμενοι
799 2748 886 2774 πνεύ-

102 2802 178 2827 ματι,
191 2793 250 2820 νῦν
275 2794 366 2829 σαρκί
393 2794 588 2822 ἐπιτελεῖσθε.
607 2793 744 2821 Τοσαῦτα
760 2792 886 2820 ἐπάθετε

155 2860 165 2877 ⁸
182 2859 291 2889 Coloss.
311 2869 352 2893 Ill,
366 2861 392 2889 5.

1237 2425 1350 2453 CAPUT
1368 2425 1412 2453 IV.

935 2475 1012 2509 Quod
1022 2482 1066 2510 per
1078 2473 1155 2509 ﬁdem
1170 2473 1248 2504 fuerit
1263 2472 1451 2506 sant-tifiratio.
1465 2476 1489 2498 et
1506 2479 1556 2498 non
1571 2479 1616 2505 per
1632 2479 1724 2506 regem.
1777 2476 1786 2483 '

975 2519 1019 2552 lll,
1039 2520 1099 2546 1-6.
1128 2518 1210 2546 Stulti
1224 2517 1338 2550 Galatae,
1362 2518 1419 2552 quis
1431 2516 1524 2543 invidit
1546 2516 1618 2544 vobis
1635 2524 1666 2542 ne
1681 2516 1724 2543 ob-

934 2565 1114 2599 temperantis
1127 2584 1134 2596 ,
1150 2569 1174 2591 et
1191 2564 1329 2590 crederetis
1345 2563 1449 2589 veritati
1460 2583 1467 2594 ,
1488 2562 1580 2597 quibus
1589 2570 1644 2596 prta
1660 2570 1725 2589 ocu-

936 2610 970 2638 lis
981 2610 1060 2638 Jews
1079 2610 1199 2637 Christus
1218 2609 1269 2643 fuit
1289 2609 1419 2643 depictus,
1437 2607 1518 2643 736
1530 2608 1597 2634 inter
1612 2616 1655 2634 vos
1664 2615 1725 2633 cru-

935 2657 1049 2690 ciﬁxus?
1080 2656 1136 2682 Hoc
1167 2655 1253 2682 solum
1285 2655 1363 2688 cupio
1397 2655 1498 2681 discere
1524 2662 1541 2680 a
1573 2654 1644 2680 t-obis
1666 2660 1674 2679 :
1693 2660 1725 2679 ex

937 2702 1058 2736 operibus
1078 2701 1142 2736 legis
1155 2699 1286 2735 Spiritum
1300 2701 1448 2735 accepistis.
1462 2707 1496 2725 tm
1510 2707 1542 2725 ex
1555 2698 1724 2732 prmdicatid.

937 2756 967 2775 ne
985 2748 1071 2781 ﬁdei?
1092 2747 1161 2774 Adeo
1184 2747 1259 2773 stulti
1285 2747 1360 2778 estis,
1378 2753 1437 2772 tum
1458 2744 1559 2778 Spiritu
1579 2745 1723 2779 caeperitis.

938 2801 1007 2822 Hunc
1024 2801 1102 2821 ται-ηε
1119 2791 1362 2819 consummauiini?
1379 2789 1444 2818 Tam
1466 2790 1550 2817 multa
1577 2791 1649 2825 passi
1662 2793 1725 2818 satis
