1872 3049
152 148 220 178 1110

150 204 208 236 frus
223 211 265 234 ru,
280 203 302 229 si
314 208 402 230 tamen
419 207 442 230 et
454 203 566 238 (rustra.
586 204 637 234 Qui
652 203 732 238 igitur
746 203 933 230 subministrat

1014 202 1064 236 κῆ,
1084 202 1147 236 εἴγε
1171 202 1221 228 καὶ

696 149 894 180 (ECUMENII
914 150 963 180 TR
969 149 1059 179 [CGrE
1078 148 1249 178 EPISCOPI

1716 145 1781 178 1120

1217 195 1323 235 θείθιῆ.
1346 201 1376 227 '0
1404 200 1461 227 οὖν
1487 199 1681 235 ἐπιχορηγῶν
1708 201 1779 234 ὑμῖν

149 249 221 276 vobis
235 249 377 282 Spiritum,
390 254 514 284 operatur
528 249 636 276 virtutes
650 251 677 275 in
693 250 775 282 vobis,
792 254 883 276 utrum
908 257 933 276 ea

1014 249 1026 275 ὑ
1042 249 1168 283 πνεῦμα,
1187 248 1235 275 καὶ
1255 247 1385 282 ἐνεργῶν
1410 246 1552 281 δυνάμεις
1572 247 1608 273 ἐν
1637 247 1725 281 ὑμῖν,
1750 247 1782 279 ἐξ

150 294 273 327 operibus
303 295 378 330 legis,
399 303 433 321 an
453 302 485 321 ex
511 293 701 329 pra’dicutione
723 296 786 330 fidei
812 295 840 322 id
855 291 933 329 facit‘

1014 304 1087 329 ογων
1123 296 1218 330 νόμου
1232 314 1238 325 ,
1261 294 1280 328 ἢ
1306 295 1339 326 ἐξ
1366 294 1462 328 ἀκοῆς
1487 294 1642 327 adoream;
1678 293 1781 326 Καθὼς

152 341 380 373 Quemadmodum
390 341 523 368 Abraham
534 341 646 368 credidit
661 342 727 374 Deo,
746 349 770 370 et
781 342 941 377 imputatum

149 393 189 416 est
205 388 247 415 illi
263 387 452 422 adjustitiam.

187 433 236 460 Ubi
253 432 451 460 demonstravit
463 433 586 467 seipsum
602 440 655 459 non
669 433 703 459 ab
713 433 881 465 hominibus,
892 433 938 460 sed

149 486 164 505 ο
183 478 298 506 Domino
309 478 394 506 fuisse
409 478 547 511 edoctum,
571 479 668 513 majori
683 486 758 506 nunc
775 479 939 506 auctoritate

150 524 243 555 docet,
263 525 497 558 comparationem
517 524 585 559 legis
602 532 634 551 ac
648 525 709 552 fidei
726 524 839 552 faciens.
861 525 936 552 Stul‘

148 574 192 598 tos
216 574 307 597 autem
337 576 416 598 vocat
436 572 519 606 ipsos.
542 571 614 599 Vere
636 572 709 599 enim
731 572 844 599 stultum
865 577 906 600 est
921 581 937 600 a

147 617 258 643 Christo
272 617 424 649 discedere,
442 617 551 653 legique
581 618 732 646 adhaerere.
748 629 757 644 ι
774 618 842 652 Quis
857 619 935 646 vobis

148 661 264 689 invidit?
277 672 286 688 ι
309 663 407 697 inquit.
423 662 482 690 Non
505 663 584 695 dixit,
599 664 667 696 Quis
683 664 759 691 vobis
785 665 938 700 imposuit?

147 714 182 734 no
199 708 377 742 opprobrium
396 709 525 736 misceret
548 710 710 743 opprobrio;
727 710 786 742 sed,
810 710 878 743 Quis
898 711 937 738 in-

148 753 276 788 dignatus
289 760 340 787 est,
358 755 416 783 sive
432 756 529 783 invidit
541 756 553 782 ?
567 756 718 784 ostendens
735 764 832 792 magna
849 757 936 785 fuisse

148 807 179 827 ea
197 809 257 835 quaa
278 801 357 836 prius
388 802 583 836 operabantur.
600 811 610 828 ε
634 803 740 836 Quibus
764 811 820 838 prae
846 803 944 832 oculis

148 846 227 874 Jesus
244 847 397 875 Christus.»
408 849 489 883 Atqui
502 848 698 882 Hierosolymis
712 849 861 877 cruciﬁxus
872 855 932 878 est:

148 893 286 928 quomodo
305 902 371 929 ergo
391 895 428 922 ait
459 904 466 922 :
491 895 592 927 Quibus
618 904 674 929 pro:
702 896 785 923 oculis
807 900 834 924 et
866 897 935 924 inter

148 940 214 967 vos?
230 940 358 968 Ostendit
371 942 424 968 vim
445 941 517 973 fidei,
533 949 593 977 quas
609 942 691 969 etiam
712 944 810 978 procul
827 944 935 971 distan-

148 987 186 1012 tia
204 986 346 1021 prospicit.
363 987 490 1015 Attamen
503 989 566 1023 quia
583 989 712 1024 Depictus
723 994 765 1017 est
777 989 860 1022 dixit.
877 991 935 1018 sive

149 1031 315 1066 descriptus.
336 1041 433 1067 nempe
459 1041 506 1068 per
528 1034 731 1068 prredicationis
757 1037 934 1071 scripturam,

149 1078 321 1105 tantumdem
341 1082 384 1106 est
413 1086 444 1107 ac
474 1079 497 1107 si
524 1081 626 1108 diceret
650 1091 658 1109 :
681 1082 843 1110 Praedicatio
871 1084 934 1118 qui-

148 1123 209 1150 dem
241 1124 364 1158 depinxit
399 1126 476 1154 vobis
500 1132 615 1155 crucem'
644 1135 676 1156 ac
708 1133 822 1156 mortem
855 1129 936 1157 Chri-

147 1169 194 1201 sti.
219 1178 267 1198 vos
290 1175 380 1198 autem
406 1173 494 1200 oculis
524 1173 586 1200 fidei
613 1177 742 1209 tanquam
770 1180 933 1210 prmscntcm

147 1216 237 1250 ipsum
252 1217 360 1245 vidistis
383 1227 388 1245 :
408 1219 445 1246 ita
461 1220 533 1247 cnim
551 1221 718 1254 credidistis,
736 1229 768 1249 ac
793 1222 816 1250 si
847 1223 932 1258 ipsam

147 1261 251 1290 Christi
276 1268 392 1292 mortem
425 1265 516 1294 intuiti
548 1267 657 1294 essetis.
681 1283 715 1289 —
735 1277 744 1294 ι
766 1267 822 1296 Hoc
845 1270 933 1296 solum

148 1309 229 1343 cupio
240 1310 349 1338 discere
369 1318 383 1338 a
404 1312 491 1340 vobis.
513 1322 523 1338 ι
538 1313 686 1346 Quoniam,
710 1314 810 1349 inquit,
829 1319 934 1342 tantam

148 1355 381 1389 dispensationem
408 1365 461 1384 non
485 1358 715 1392 animadvertitis,
743 1361 824 1388 breve
848 1361 934 1396 quod-

149 1401 212 1428 dam
225 1403 336 1430 verbum
352 1403 449 1439 loquor
465 1405 499 1432 ad
515 1413 564 1432 vos
581 1414 588 1432 :
610 1414 675 1433 num
696 1415 744 1442 per
760 1408 827 1442 legis
851 1416 933 1443 Opera

147 1447 280 1482 Spiritum
293 1449 430 1478 isanetum
459 1453 614 1486 accepistis,
646 1457 792 1488 tantasque
815 1455 932 1484 virtutes

147 1501 180 1521 ac
194 1495 271 1529 signa
282 1497 387 1530 operati
401 1497 479 1530 estis,
490 1505 522 1524 an
533 1505 580 1532 per
597 1498 697 1526 fidem?
710 1501 930 1536 quandoquidem

998 340 1120 376 Ἀϐραὰμ.
1131 341 1296 368 ἐπίστευσε
1309 340 1348 373 τῷ
1366 339 1437 373 Θεῷ,
1465 340 1512 367 καὶ
1533 340 1681 374 ἐλογίσθη
1702 337 1780 370 αὺτῷ

990 388 1033 419 εἰς
1045 387 1252 420 δικαιοσύνην.
1757 411 1760 413 λ

1032 432 1188 465 ’Υποδείξας
1200 432 1297 459 ἑαυτὸν
1329 431 1367 468 μὴ
1383 432 1459 468 παρὰ
1473 431 1638 467 ἀνθρώπων,
1653 432 1715 459 ἀλλ’
1729 432 1781 459 ὑπὸ

989 478 1036 504 τοῦ
1055 479 1158 514 Κυρίου
1175 478 1376 513 δεδιδαγμένον,
1390 478 1438 505 νῦν
1464 479 1535 513 μετὰ
1547 479 1674 510 πλείονος
1685 479 1781 506 αὐθεν-

988 525 1048 555 τίας
1070 524 1202 557 διδάσκει,
1216 523 1360 559 σύγκρισιν
1373 524 1421 551 τοῦ
1436 525 1520 559 νόμου
1531 525 1578 551 καὶ
1595 525 1646 560 τῆς
1661 525 1781 556 πίστεως

990 573 1162 608 ποιούμενος.
1185 573 1329 608 Ἀνοήτους
1343 573 1371 599 δὲ
1399 574 1501 604 αὐτοὺς
1525 573 1613 600 καλεῖ.
1643 573 1700 599 Καὶ
1726 573 1781 607 γὰρ

987 618 1072 650 ὅντως
1096 618 1209 654 ἀνόητον
1222 619 1384 653 τὺ,ἀφεῖναι
1411 619 1530 654 Χριστὸν
1546 638 1554 650 ,
1590 618 1638 646 καὶ
1667 618 1782 653 ἔχεσθαι

986 665 1034 693 τοῦ
1057 665 1151 700 νόμου.
1171 675 1180 692 ‹
1194 665 1243 697 Τίς
1279 666 1361 701 ὑμᾶς,
1392 666 1486 701 φησὶν,
1505 666 1676 698 ὲϐάσκανενς
1693 675 1703 691 ι
1721 665 1782 691 Οὐκ

986 711 1058 744 εἶπε,
1078 713 1126 744 Τίς
1153 712 1225 747 ὑμᾶς
1249 712 1408 747 ὴπάτησεν¹;
1428 713 1472 739 ἴνα
1496 713 1533 747 μὴ
1559 712 1696 747 λοιδορίαν
1731 712 1782 738 ἐπὶ

986 758 1104 794 λοιδορίᾳ
1123 757 1205 795 μίξῃ⁶
1224 758 1302 791 ἀλλὰ,
1328 758 1377 790 Τίς
1392 759 1528 785 ὲϐάσκανε
1550 758 1598 785 καὶ
1627 758 1780 793 ὲφθόνησε;

985 804 1092 836 δεικνὺς
1113 804 1176 836 ἄξια
1203 804 1301 838 φθόνου
1320 804 1373 839 πρὸ
1383 803 1480 831 τούτου
1499 804 1680 839 πράττοντας.
1702 812 1711 828 ι
1730 799 1783 833 οἷς

987 850 1047 876 κατ’
1077 849 1234 884 ὀφθαλμοὺς
1262 849 1367 883 Ἰησοῦς
1400 849 1552 884 Χριστός.)
1583 848 1639 875 Καὶ
1668 847 1723 882 μὴν
1749 849 1783 874 ὲν

993 895 1172 930 Ἰερουσαλὴμ
1185 894 1355 929 ἐσταυρώθη.
1377 894 1439 926 Πῶς
1456 892 1503 921 οὖν
1520 903 1614 929 φησιν,
1641 891 1690 926 Οἷς
1710 893 1782 919 κατ’

987 942 1171 977 ὀφθαλμοὺς,
1183 941 1241 975 καὶ,
1263 940 1314 967 Ἐν
1328 940 1398 975 ὑμῖν
1411 949 1420 973 ;
1433 940 1558 967 Δείκνυσι
1579 941 1628 975 τῆς
1658 940 1783 969 πίστεως

985 989 1035 1025 τὴν
1053 989 1140 1023 ίσχὺν,
1172 987 1266 1014 καὶτὰ
1283 987 1378 1023 πόρρω
1404 986 1522 1021 ὁρώσης.
1540 986 1613 1021 Πλὴν
1639 987 1679 1013 ὅτι
1707 994 1784 1020 -ιτρο⁸

987 1035 1098 1071 εγράφη
1121 1033 1194 1067 εἷπε,
1225 1034 1360 1065 τουτέστι,
1375 1033 1420 1060 διὰ
1447 1033 1496 1068 τῆς
1524 1033 1571 1060 τοῦ
1596 1033 1783 1068 κηρύγματος

985 1082 1105 1118 γραφῆς.
1123 1081 1190 1108 ὡσεὶ
1204 1081 1280 1114 ἔλεγε
1296 1088 1303 1096 '
1318 1081 1354 1106 Τδ
1369 1080 1418 1114 μὲν
1436 1081 1566 1115 κήρυγμα
1576 1079 1782 1115 ὲζωγρᾶφησεν

987 1128 1051 1163 ὑμῖν
1065 1128 1113 1154 τὸν
1127 1127 1253 1162 σταυρὸν,
1270 1127 1349 1162 ὑμεῖς
1359 1126 1387 1152 δὲ
1403 1127 1460 1158 τοῖς
1469 1126 1518 1160 τῆς
1534 1125 1650 1157 πίστεως
1666 1125 1763 1160 ὀφθαλ
1773 1140 1780 1144 -

989 1175 1049 1210 μοῖς
1068 1175 1105 1206 ὡς
1123 1174 1245 1209 παρόντα
1271 1173 1353 1200 αὑτὸν
1370 1173 1466 1200 εἴδετε.
1485 1172 1562 1199 Οὕτω
1575 1173 1628 1207 γὰρ
1644 1171 1783 1198 ὲπιστεὺ-

988 1229 1065 1252 σατε,
1084 1221 1122 1251 ὡς
1135 1220 1217 1247 αὐτὸν
1230 1219 1277 1246 τοῦ
1302 1218 1423 1255 Χριστοῦ
1437 1218 1484 1245 τδν
1498 1218 1612 1252 σταυρὸν
1634 1217 1783 1250 θεασάμε-

986 1276 1035 1294 νοι.
1051 1282 1084 1286 —
1116 1265 1224 1293 «Τοῦτο
1251 1265 1333 1300 μόνον
1364 1265 1433 1292 Θέλω
1456 1265 1552 1299 μαθεῖν
1577 1264 1623 1297 ἀφ’
1652 1263 1746 1297 ὑμῶν.
1769 1272 1780 1287 ι

987 1312 1155 1350 [ΘΕΟΔΩΡ.]
1172 1312 1294 1346 Ἐπειδὴ,
1328 1312 1407 1347 φησι,
1422 1312 1456 1346 τῇ
1485 1310 1605 1345 τοσαύτῃ
1629 1308 1783 1343 οἰκονομίᾳ

986 1361 1017 1388 οὐ
1030 1360 1191 1395 προσέχετε,
1208 1358 1341 1393 σύντομόν
1353 1367 1380 1384 τι
1397 1357 1453 1393 ἐρῶ
1474 1357 1542 1391 πρὸς
1560 1356 1638 1391 ὑμᾶς.
1651 1355 1699 1381 Διὰ
1718 1354 1784 1381 τῶν

985 1407 1014 1433 ἑν
1027 1406 1102 1442 νόμῳ
1120 1406 1209 1441 ἔργων
1229 1404 1341 1438 Πνεῦμα.
1358 1404 1437 1437 ἇγιον
1457 1403 1579 1434 ἐλάϐετε,
1605 1402 1649 1428 καὶ
1672 1400 1783 1427 τοσαύ-

984 1461 1034 1484 τας
1066 1453 1196 1487 δυνάμεις
1222 1451 1270 1478 καὶ
1301 1451 1401 1486 σημεῖα
1428 1449 1588 1483 ἐποιήσατε,
1610 1447 1625 1482 ἣ
1651 1446 1694 1473 διὰ
1723 1447 1783 1481 τῆς

985 1499 1102 1530 πίστεως
1114 1508 1120 1532 ;
1141 1498 1217 1525 Ἐπεὶ
1232 1497 1269 1532 μὴ
1279 1497 1325 1524 ὅτε
1332 1496 1379 1523 τοῦ
1389 1496 1472 1530 νόμου
1485 1494 1602 1530 εἴχεσθε,
1613 1492 1782 1527 Πνεῦματος

147 1539 212 1566 dum
239 1541 291 1575 legi
317 1541 511 1575 adhaerebatis,
537 1550 591 1570 non
623 1544 755 1578 Spiritum
790 1548 930 1582 suscepis-

1014 1553 1032 1570 τε
1051 1543 1197 1578 ἠξιωμένοι
1209 1551 1217 1558 ο
1242 1542 1300 1574 πῶς
1319 1541 1364 1568 οὖν
1391 1541 1506 1575 ἀφέντες
1528 1541 1577 1573 τὴν
1594 1539 1693 1570 πίστιν,
1709 1538 1784 1572 ἕλε’-

146 1586 183 1613 tis
202 1595 209 1614 :
228 1590 364 1621 quomodo
377 1596 443 1624 ergo
460 1597 570 1617 rursum
596 1591 692 1618 relicta
709 1591 760 1619 fide
770 1593 820 1628 legi
838 1594 931 1621 adlue-

146 1633 230 1660 relis?
245 1643 254 1660 ‹
288 1634 360 1662 Adeo
390 1635 465 1662 stulti
486 1636 563 1664 estis.
583 1645 592 1662 ι
623 1637 710 1670 Adeo,
735 1639 835 1673 inquit,
853 1640 930 1667 stulti

147 1680 225 1713 estis,
253 1685 283 1706 ut
297 1680 429 1715 temporis
441 1688 590 1715 progressu
624 1687 775 1710 retrorsum
800 1686 930 1712 curratis.

145 1724 212 1753 Nam
225 1733 287 1752 cum
298 1725 401 1760 Spiritu
416 1728 554 1762 cmperitis
568 1731 755 1756 consummari
772 1739 779 1756 :
795 1730 845 1758 hoc
859 1732 930 1759 enim

146 1779 161 1798 ﬂ
175 1772 315 1798 COIIIlllUﬂi
334 1780 414 1800 sensu
431 1775 594 1802 sumendum
610 1779 669 1803 €811
685 1783 757 1803 nunc
769 1784 852 1804 carne
867 1786 932 1805 61111-

146 1818 331 1845 summamini.
344 1818 446 1854 Spiritu
459 1820 530 1847 enim
540 1823 813 1856 consummabautur,
822 1832 883 1852 cum
894 1826 932 1853 si-

145 1871 196 1898 gna
220 1864 436 1894 ederentmunc
456 1873 522 1894 vero
542 1874 625 1894 carne
650 1868 940 1898 circunmidcbautur.‘

144 1909 336 1938 Animadverte
346 1915 436 1939 autem
448 1912 520 1948 quod
536 1920 588 1940 non
600 1913 930 1951 dixerit,Consummatis,

145 1956 191 1983 sed
204 1966 213 1982 ι
227 1957 491 1991 Consummamini,»
506 1961 655 1988 ostendens
664 1962 737 1996 quod
754 1970 828 1990 more
838 1964 929 1991 ovium

144 2007 284 2030 sumentes
309 2003 383 2038 ipsos
400 2005 646 2038 circumcidebant,
667 2015 700 2034 ne
727 2009 845 2036 scientes
867 2010 931 2044 qui—

143 2047 204 2074 dem
211 2048 275 2082 quid
288 2053 473 2083 paterenturu
484 2050 564 2077 Nunc
577 2058 660 2079 carne
671 2053 927 2080 consummaniinia

180 2093 261 2128 737
283 2093 414 2129 Spiritum
431 2095 541 2130 quidem
568 2096 637 2123 dixit
662 2098 789 2131 gratiam,
818 2105 928 2126 carnem

144 2147 210 2167 vero
222 2140 457 2168 conversationem
469 2142 619 2169 secundum
634 2143 730 2178 legem.
743 2152 752 2169 ‹
769 2143 835 2170 Tam
847 2145 930 2172 multa

144 2184 219 2218 passi
235 2184 302 2212 estis
322 2184 436 2212 frustra.
457 2194 466 2210 ι
486 2185 578 2213 Multis
592 2186 627 2213 ob
642 2186 782 2214 Christum
799 2187 927 2216 afﬂictio-

987 1592 1032 1618 σοε
1059 1591 1140 1617 πάλιν
1170 1589 1217 1617 τοῦ
1243 1589 1344 1623 νόμους
1375 1597 1384 1614 i
1402 1587 1506 1619 Οὕτως,
1531 1586 1632 1621 φησὶν.
1659 1584 1784 1618 ἀνόητοί

987 1638 1084 1669 tota,»
1116 1637 1156 1664 ὅτι
1192 1635 1240 1662 τοῦ
1263 1634 1360 1669 χρόνου
1386 1633 1559 1668 προϐάντος,
1587 1632 1627 1662 εἰς
1649 1630 1785 1656 τούπίσω

985 1685 1105 1720 τρέχετε.
1133 1682 1329 1717 Ἐναρξάμενοι
1346 1681 1400 1714 γὰρ
1427 1679 1564 1714 πνεύματι
1591 1676 1784 1703 ἑπιτελεῑσίὲαι

987 1730 1076 1766 (τοῦτο
1094 1729 1148 1764 γὰρ
1179 1728 1232 1755 ἀπὸ
1257 1726 1373 1760 κοινοῦ),
1402 1725 1451 1752 νῦν
1477 1724 1560 1760 σαρκὶ
1591 1722 1783 1750 ἐπιτελεῖσθε.

986 1776 1127 1811 Πνεύματι
1164 1774 1218 1809 γὰρ
1249 1772 1448 1803 ἐπετελοῦντο,
1480 1771 1581 1806 σημεῖα
1607 1768 1754 1800 ποιοῦντες
1773 1789 1783 1801 ,

987 1822 1068 1857 σαρκὶ
1097 1822 1126 1848 δὲ
1157 1819 1394 1855 περιτεμνόμενοι.
1428 1817 1500 1852 Ὅρα
1530 1817 1570 1848 δὲ,
1602 1816 1652 1842 οὐκ
1677 1811 1779 1846 εἶπεν,

991 1868 1173 1900 Ἐπιτελεῖτε,
1200 1866 1271 1898 ἀλλ’,
1298 1875 1307 1891 ι
1332 1863 1524 1891 Ἐπιτελεῖσθε
1539 1883 1547 1895 ,
1563 1871 1572 1888 )
1598 1861 1706 1892 δεικνὺς
1730 1861 1782 1887 ὅτι

985 1916 1063 1949 δίκην
1109 1913 1253 1949 προϐάτων
1292 1911 1478 1946 λαμϐάνοντες
1511 1909 1608 1940 αὐτοὺς
1646 1907 1781 1942 περιέτε-

988 1969 1063 1995 μνον,
1079 1961 1147 1995 μήτε
1165 1958 1269 1989 εἰδότας
1284 1957 1302 1984 ἃ
1315 1957 1462 1991 πάσχουσι.
1485 1965 1494 1980 i
1505 1954 1561 1982 Νῦν
1577 1953 1660 1989 σαρκὶ
1677 1953 1782 1979 ἔπιτε-

985 2007 1086 2033 λείοθε.
1101 2015 1111 2032 ι

1021 2097 1132 2133 Πνεῦμα
1159 2097 1208 2132 μὲν
1239 2096 1289 2130 τὴν
1306 2094 1387 2130 χάριν
1409 2094 1535 2125 ἐκάλεσε,
1558 2093 1647 2127 σάρκα
1661 2092 1700 2122 δὲ,
1723 2091 1780 2126 τὴν

985 2144 1055 2172 κατᾶ
1080 2143 1161 2178 νόμον
1185 2141 1332 2169 πολιτείαν.
1360 2149 1369 2165 i
1399 2138 1526 2165 Τοσαῦτα
1542 2138 1656 2164 ἐπάθετε
1668 2136 1741 2170 εἰκῆ.
1765 2146 1776 2162 ι

985 2190 1096 2220 Πολλοῖς
1105 2186 1175 2223 ἦσαν
1188 2186 1351 2221 πειρασμοῖς
1366 2185 1409 2211 διὰ
1421 2184 1467 2210 τὸν
1485 2183 1602 2218 Χριστὸν
1620 2181 1780 2208 παλαίσαν-

143 2230 225 2258 nibus
243 2239 274 2259 ac
288 2231 418 2267 periculis
435 2233 578 2260 exercitati
595 2233 712 2260 fuerant.
729 2233 816 2261 Tanta
831 2235 924 2270 igitur,

1014 2245 1037 2268 ς.
1052 2234 1178 2262 Τοσαῦτα
1194 2233 1250 2262 οὖν,
1268 2232 1346 2267 φησὶ,
1370 2230 1459 2265 μάτην
1477 2229 1640 2256 πεπόνθατε.
1657 2228 1688 2254 Εἰ
1719 2228 1779 2263 γὰρ

144 2277 244 2312 inquit.
260 2278 336 2305 nullo
355 2277 446 2305 fructu
472 2279 547 2312 passi
564 2279 642 2306 estis.
660 2279 726 2306 Nam
741 2280 763 2307 si
778 2280 928 2308 circumci-

145 2323 250 2354 dimini,
267 2324 372 2350 nullum
398 2324 443 2350 illa
459 2323 576 2350 fructum
594 2324 704 2357 habent,
721 2325 773 2353 hoc
797 2331 850 2358 est.
870 2327 929 2362 ipsa

145 2369 314 2404 perdidistis.
328 2369 430 2396 Deinde
453 2377 487 2397 ne
504 2371 578 2404 ipsos
592 2371 618 2398 in
634 2371 851 2407 desperationem
865 2381 930 2401 con-

144 2415 230 2449 jiciat.
242 2415 297 2441 ait:
310 2415 354 2441 «Si
367 2419 456 2442 tamen
469 2420 496 2443 et
511 2415 640 2443 frustra.)
655 2417 723 2444 Nam
732 2418 756 2445 si
771 2419 932 2454 resipiscere

118 2453 120 2458 ’
145 2461 298 2493 volueritis,
314 2468 368 2488 non
390 2465 469 2488 erunt
483 2461 596 2489 frustra.
625 2472 634 2489 ε
654 2463 683 2490 Si
697 2467 787 2491 tamen
807 2469 834 2492 et
859 2464 932 2492 frus-

145 2512 198 2535 tra.
219 2517 227 2534 ›
247 2509 278 2534 Et
294 2516 346 2535 non
363 2509 445 2536 etiam
462 2516 523 2536 cum
546 2510 656 2536 damno.
684 2509 798 2537 Frustra
815 2517 933 2545 namque

148 2554 216 2587 ﬁeri,
227 2559 274 2582 aut
286 2563 347 2583 esse
360 2555 472 2587 dicitur,
485 2557 556 2590 quod
569 2564 655 2591 neque
669 2556 773 2584 confert
784 2555 933 2591 quidquam

146 2609 235 2637 neque
247 2601 337 2629 aufert
349 2611 355 2629 :
366 2606 393 2629 at
405 2603 451 2637 qui
468 2603 566 2637 spiritu
578 2603 671 2637 erepit,
687 2606 714 2630 et
727 2602 763 2629 ob
778 2602 803 2629 id
823 2601 849 2628 in
864 2602 933 2629 mul-

146 2653 189 2676 tas
201 2648 297 2676 incidit
307 2649 481 2683 aiﬂictiones,
495 2650 594 2677 deinde
611 2652 810 2676 transmutatur
820 2668 828 2681 ,
842 2649 865 2676 is
878 2656 932 2676 non

148 2695 236 2721 solum
266 2694 367 2722 frustra
396 2702 494 2730 passus
519 2698 562 2722 est
584 2702 616 2721 ea
630 2702 691 2729 quae
705 2701 802 2728 passus
818 2698 870 2726 est,
887 2702 933 2722 ve-

150 2747 209 2766 rum
225 2741 307 2768 etiam
325 2748 387 2768 cum
413 2742 526 2773 damno,
551 2740 689 2775 perdendi)
705 2748 765 2774 qute
781 2740 833 2767 sibi
855 2748 935 2774 repo-

152 2790 244 2812 suerat
259 2787 370 2821 prtemia
386 2787 421 2814 ob
445 2794 592 2821 perpessas
615 2794 664 2820 pro
683 2785 793 2814 Christo
807 2786 935 2814 afflictio-

152 2839 212 2858 ncs.
232 2841 241 2857 ‹
266 2833 316 2864 Qui
337 2833 420 2866 igitur
451 2833 642 2860 subministrat
664 2833 752 2860 vobis.
773 2843 782 2859 ι
801 2833 872 2861 Deus
887 2833 936 2868 igi-

151 2880 195 2903 tur
209 2878 254 2910 qui
270 2877 346 2904 vobis
367 2877 498 2912 Spiritum
518 2878 708 2906 sabministrat
732 2884 755 2905 cl
779 2878 825 2914 qui
840 2886 935 2914 opera-

982 2279 1190 2316 περιτέμνεσθε,
1213 2277 1301 2312 μάτην
1314 2277 1416 2307 ἐκεῖνα,
1441 2273 1592 2305 τουτέστιν,
1609 2272 1776 2299 ἀπωλέσατε

982 2328 1052 2355 αὐτά
1068 2336 1075 2342 -
1094 2325 1154 2353 εἶτα
1168 2325 1211 2352 ἵνα
1226 2324 1264 2360 μὴ
1284 2324 1325 2354 εἱς
1340 2323 1495 2356 ἀπόγνωσιν
1522 2320 1621 2351 αὐτοὺς
1650 2319 1777 2354 ἐμϐάλῃ,

983 2374 1076 2408 φησιν,
1096 2372 1181 2406 «Εἴγε
1198 2371 1245 2398 καὶ
1255 2370 1344 2404 εἰκῆ.»
1364 2369 1395 2396 Εί
1406 2369 1461 2403 γὰρ
1479 2366 1658 2402 βουληθείητε
1670 2365 1779 2399 ἀνανῆ-

983 2420 1044 2455 ψαι,
1063 2419 1114 2445 οὐκ
1141 2417 1212 2452 εἰκῆ.
1240 2426 1249 2442 ι
1283 2416 1358 2450 Εἷγε
1377 2415 1425 2442 καὶ
1447 2414 1520 2449 εικῆ,
1551 2423 1560 2439 ι
1585 2411 1653 2438 ἀλλὰ
1671 2413 1709 2447 μὴ
1726 2412 1778 2438 καὶ

983 2464 1148 2500 ἐπιζημίως.
1163 2463 1231 2498 Εἰκῆ
1253 2463 1302 2497 μὲν
1315 2463 1368 2497 γάρ
1384 2462 1442 2487 ἐστι
1453 2460 1484 2486 τὸ
1500 2459 1584 2494 μηδὲν
1601 2459 1672 2494 μήτε
1687 2467 1777 2494 προσ-

984 2512 1087 2543 λαϐεῖν,
1106 2510 1175 2545 μήτε
1196 2507 1356 2536 ἀποθέσθαι.
1379 2507 1408 2534 Ὁ
1429 2506 1458 2533 δὲ
1484 2504 1669 2540 ἐναρξάμενος
1691 2504 1776 2531 πνεύ-

987 2566 1062 2593 ματι,
1074 2557 1123 2584 καὶ
1141 2557 1185 2583 διὰ
1197 2556 1274 2583 τοῦτο
1291 2554 1399 2585 πολλοῖς
1413 2552 1570 2588 περιπεσὼν
1593 2553 1776 2586 πειρασμοῖς,

985 2600 1044 2628 εἶτα
1074 2601 1318 2637 μεταϐαλλόμενος,
1338 2599 1368 2625 οὺ
1394 2599 1473 2634 μόνον
1499 2599 1561 2633 είκῆ
1585 2597 1689 2625 ἔπαθεν
1700 2597 1775 2632 ἅπερ

985 2648 1096 2678 ἔπαθεν,
1119 2647 1187 2674 ἀλλὰ
1202 2647 1249 2673 καὶ
1260 2645 1429 2680 ἐπιζημίως,
1448 2645 1585 2676 ἀπολέσας
1598 2644 1617 2671 ἃ
1642 2643 1779 2671 ἀπέκειτο

986 2694 1071 2727 αὐτῷ,
1086 2693 1130 2720 διὰ
1144 2692 1193 2724 τὰς
1215 2691 1285 2726 ὑπὲρ
1296 2689 1414 2724 Χριστοῦ
1440 2690 1544 2724 θλίψεις
1555 2690 1601 2716 καὶ
1626 2690 1692 2719 τοὺς
1714 2697 1778 2715 πει-

989 2740 1110 2776 ρασμοὺς
1134 2737 1250 2765 Ιπαθλα.
1279 2747 1288 2763 ι
1311 2737 1341 2764 '0
1355 2735 1401 2763 οὖν
1417 2736 1591 2771 ἐπιχορηγῶν
1612 2736 1689 2771 ὑμῖν.
1709 2745 1719 2761 ι
1747 2735 1778 2762 '0

988 2786 1172 2822 ἐπιχορηγῶν,
1185 2786 1278 2820 φησὶν,
1296 2786 1361 2820 ὑμῖν
1373 2785 1404 2811 τὸ
1421 2786 1530 2818 πνεῦμα
1552 2785 1619 2816 Θεὸς
1631 2784 1680 2810 καὶ
1697 2785 1777 2816 ἐνερ-

988 2832 1054 2866 γῶν,
1069 2830 1203 2861 τουτέστι,
1217 2829 1346 2864 δυνάμεις
1367 2830 1489 2865 σημείων
1515 2830 1544 2855 ὲν
1575 2829 1640 2864 ὑμῖν
1657 2827 1777 2861 9911;6-

991 2887 1079 2913 μενος,
1097 2875 1183 2903 ﬁniti
1201 2876 1232 2902 ἐκ
1248 2875 1329 2911 νόμον
1357 2875 1426 2911 ἔργα
1452 2875 1539 2902 ταῦτα
1561 2875 1650 2910 ποιεῖξς
1681 2873 1775 2909 φησίν.
