1872 3049
167 132 235 165 1123

164 188 241 216 serit.
260 198 269 214 ι
289 187 437 222 Propterea
453 194 518 222 ergo
532 186 716 215 exsecrabiles
739 191 803 214 sunt
826 187 871 222 qui
897 186 949 222 legi
963 188 988 218 Α

163 234 314 266 adhaerent,
344 234 416 269 quod
449 241 502 260 non
528 233 636 268 possint
672 232 809 267 complere
848 234 946 268 legem.

166 289 176 305 ι
192 279 362 307 Justificetur
381 279 450 314 aput
477 278 573 306 Deum.
594 287 603 304 ι
622 277 762 306 Fortassis
788 279 861 305 enim
876 279 948 313 apud

163 325 290 352 homines
300 325 394 359 justus
409 324 510 359 aliquis
531 324 679 352 videbitur.
705 333 714 349 ι
732 324 874 359 Siquidem
887 324 934 359 jus

163 375 208 397 tus
236 378 267 396 ex
304 370 354 397 title
383 370 465 397 vivet.
496 379 506 395 ι
545 370 627 405 739
656 369 723 397 Nam
741 370 822 397 unica
840 370 950 403 est,iu-

163 417 233 451 quit,
251 415 312 442 fidei
329 415 370 442 via
386 423 446 448 quae
461 415 603 450 justificat.
626 424 635 441 ›
656 415 710 443 Lex
726 421 817 443 autem
831 424 885 442 non
906 421 949 443 est

163 469 196 488 cx
216 461 277 492 fide,
298 470 307 486 ›
328 461 374 488 sed
390 469 422 488 ex
443 462 674 496 operibus:quod
692 462 754 489 inde
770 461 948 490 manifestum

163 510 214 533 est.
235 515 244 530 ι
261 505 329 532 Nam
354 505 401 540 qui
419 505 517 533 fecerit
542 514 584 538 ea,
600 507 682 534 homo
705 507 775 533 vivet
792 506 819 534 in
840 507 916 541 ipsis.
937 517 946 532 ι

162 550 255 585 Itaque
269 559 317 586 per
335 558 417 586 opera
435 551 542 579 videtur
555 559 616 580 esse
634 553 660 579 in
677 554 735 588 lege
751 553 837 584 salus,
849 558 876 580 et
896 561 948 579 non

162 604 211 630 per
228 597 316 624 tidem.

199 640 242 673 Ill,
261 641 305 672 15,
322 641 365 668 Ill.
380 641 501 668 Christus
518 650 565 669 nos
588 644 698 670 redemit
721 645 753 671 ab
772 647 950 672 exsecratione

162 686 238 721 legis,
255 687 316 714 dum
331 696 378 722 pro
396 688 470 714 nobis
485 689 572 720 factus
585 695 624 716 est
641 692 799 718 exsecratio.
814 692 948 726 Scriptum

162 737 201 760 est
214 734 306 760 enim:
332 733 512 761 Exsecrabitis
530 736 616 762 omnis
641 737 685 770 qui
707 738 799 770 pendet
825 740 852 765 in
868 740 948 774 ligna,

163 784 192 805 ut
208 779 234 805 in
249 783 336 814 gentes
355 779 500 806 benedictio
518 780 631 807 Abrahae
647 783 744 809 veniret
760 791 805 817 per
815 784 949 811 Christum

161 825 266 858 Jesum,
292 831 320 852 ut
343 826 545 860 promissionem
565 826 682 862 Spiritus
701 829 877 863 acciperemus
904 838 950 864 per

162 871 254 905 ﬁdem.

198 916 291 944 Tacite
304 922 492 946 occurrentem
501 920 582 947 solvit
595 920 784 954 objectiouem.
797 923 946 957 Abraham,

162 961 235 990 dicet
260 963 369 998 aliquis,
400 969 543 999 propterea
570 973 603 992 ex
632 966 683 993 fide
699 967 866 1001 justificutus
895 973 949 1001 est,

162 1009 247 1044 quod,
263 1017 324 1035 cum
348 1014 412 1037 ante
429 1010 513 1045 legem
529 1017 611 1043 esset,
627 1019 679 1038 nou
693 1017 751 1039 erat
767 1014 819 1040 sub
833 1014 899 1049 jugo
913 1015 950 1042 le-

162 1054 204 1089 gis
220 1063 226 1081 :
243 1055 382 1082 credimus
402 1056 493 1090 itaque
509 1056 587 1084 fidem
601 1057 764 1092 justiﬁcarc,
779 1064 806 1085 at
822 1068 870 1087 eos
889 1064 951 1088 tan-

164 1105 222 1127 tum
241 1101 286 1134 qui
308 1109 362 1128 non
382 1101 622 1137 fueruuttelnpore
631 1103 707 1138 legis,
722 1105 949 1138 quemadmodum

164 1150 189 1172 et
202 1144 353 1177 Abraham;
369 1153 420 1172 nos
436 1153 502 1172 vero
515 1146 560 1180 qui
573 1147 628 1180 jam
641 1148 691 1173 sub
706 1147 792 1182 legem
804 1148 914 1181 fuimus,
927 1149 950 1176 si

164 1190 251 1225 ipsam
268 1191 444 1223 solverimus,
461 1191 575 1226 solaque
596 1192 648 1219 fide
660 1195 781 1220 contenti
802 1193 949 1227 fuerimus,

163 1236 226 1270 quis
244 1236 359 1263 redimet
377 1237 411 1263 ab
427 1238 614 1264 exsecratione
640 1238 718 1272 legis,
736 1246 799 1265 cum
816 1240 949 1274 scriptum

164 1281 218 1308 sit:
238 1290 247 1307 ι
270 1280 463 1309 Exsecrabiles
491 1286 566 1315 sunt,
592 1283 639 1317 qui
667 1291 720 1310 non
748 1286 898 1312 manserint
923 1285 950 1312 in

165 1327 242 1361 lege?
254 1336 263 1353 ι
285 1327 342 1354 Hoc
359 1328 441 1363 igitur
462 1329 553 1361 solvit,
574 1329 721 1357 ostendens
736 1330 808 1365 quod
823 1330 950 1358 Christus

164 1372 206 1398 sui
220 1372 420 1404 exsecratione,
437 1380 511 1400 nosa
528 1374 598 1409 legis
617 1376 809 1402 exsecratione
828 1376 951 1404 redeme-

163 1418 210 1444 rit.
224 1417 294 1444 Bene
306 1421 395 1444 autem
411 1418 511 1445 dicitur
524 1418 683 1446 redemisse.
697 1418 764 1446 Dato
780 1420 852 1447 enim
864 1421 951 1455 pretio

163 1462 203 1488 sic
230 1465 259 1488 ut
275 1461 334 1496 ipse
356 1462 432 1489 fieret
447 1463 613 1496 exsecratio,
633 1463 747 1491 redemit
775 1472 826 1492 nos
843 1473 857 1492 a
884 1465 951 1500 legis

163 1507 363 1534 exsecratione.
392 1507 586 1535 Animadverte
610 1513 710 1536 autem.
736 1509 852 1537 Eramus
874 1518 952 1538 exse-

157 1554 281 1581 ,crationi
292 1553 415 1586 obnoxii,
431 1561 464 1580 eo
476 1554 548 1588 quod
561 1561 614 1581 non
626 1557 827 1590 compleremus
843 1558 927 1592 legem
940 1566 947 1585 :

163 1601 290 1628 Christus
316 1600 341 1627 ei
369 1600 504 1627 obnoxius
534 1608 589 1628 non
606 1605 675 1634 erat,
704 1610 737 1628 eo
753 1603 825 1638 quod
861 1604 948 1638 ipsam

163 1647 376 1682 complevisset:
403 1649 430 1672 et
451 1649 543 1673 tamen
569 1648 787 1676 exsecrationem
816 1651 949 1684 suscepit,

163 1693 207 1720 cui
225 1700 278 1719 non
301 1696 361 1719 erat
389 1691 536 1723 obnoxius,
555 1699 616 1719 cum
633 1700 786 1727 suspensus
804 1694 854 1722 fuit
869 1695 896 1722 in
916 1696 950 1722 li-

163 1746 227 1773 gno,
242 1742 272 1764 ut
286 1737 503 1764 exsecrationem
517 1738 646 1771 solveret,
660 1747 720 1774 qua:
732 1740 877 1768 adversum
899 1750 950 1769 nos

162 1789 231 1812 erat.
253 1783 488 1816 Quemadmodum
507 1784 529 1811 si
551 1784 614 1819 quis
629 1786 711 1812 morti
735 1785 859 1814 addictos
876 1788 949 1815 redi-

163 1834 258 1860 meret,
279 1829 338 1863 ipse
357 1829 450 1856 ferens
476 1834 590 1857 mortem
611 1838 672 1864 quae
701 1831 755 1858 illis
781 1832 948 1861 immineret.

164 1883 174 1900 ι
194 1874 230 1902 Ut
247 1875 275 1902 in
290 1880 395 1910 gentes.
416 1884 425 1900 ι
452 1874 592 1909 Christus,
614 1877 713 1911 inquit,
741 1882 841 1912 sponte
859 1878 949 1907 factus

161 1924 204 1948 est
219 1921 409 1953 exsecrabilis,
423 1924 453 1948 ut
477 1921 502 1948 in
518 1922 655 1957 gentibus,
673 1923 699 1950 id
718 1927 772 1956 est,
795 1923 822 1951 in
838 1925 879 1952 his
902 1926 948 1960 qui

161 1967 213 1994 sub
243 1967 301 2002 lege
329 1975 383 1993 non
413 1967 636 2000 continebantur,
665 1969 859 2003 contingerent
888 1978 950 2004 quae

162 2012 277 2039 Abrahze
301 2012 511 2046 promissionem
537 2018 728 2040 coneernunt:
757 2015 950 2051 contingerent

162 2061 252 2084 autem
273 2064 322 2092 per
337 2057 427 2091 ipsum
441 2056 595 2084 Christum.
620 2056 764 2090 Quomodo
779 2066 828 2094 per
840 2060 949 2094 ipsum?

163 2103 298 2136 Quoniam
327 2102 426 2130 semini
457 2102 575 2130 Abrahae
600 2103 702 2131 dantur
731 2105 946 2139 promissiones:

162 2158 257 2177 semen
286 2153 377 2176 autem
399 2149 459 2184 ejus
474 2153 523 2183 est
542 2148 680 2177 Christus.
703 2149 830 2179 Christus
855 2152 949 2188 itaque

161 2199 297 2228 quatenus
329 2191 384 2225 est,
414 2196 441 2221 et
463 2193 625 2229 intelligitur
653 2193 746 2228 homo,
775 2194 986 2226 bareditarioD

158 2237 219 2275 jure
233 2240 373 2276 accipiens
380 2239 590 2276 promissiones,
604 2241 710 2276 reliquo
720 2242 842 2272 humano
853 2246 947 2280 generi

164 2287 240 2319 ipsas
254 2285 379 2318 donavit,
401 2287 474 2321 quod
491 2286 521 2313 in
539 2293 569 2313 se
585 2287 724 2315 crederet:
743 2297 753 2314 ι
771 2288 806 2316 Ut
827 2292 946 2325 promis-

160 2331 264 2358 sioaem
280 2331 401 2366 Spiritus
424 2331 626 2361 acciperemus.
643 2341 652 2358 ι
681 2332 716 2360 Ut
733 2334 785 2362 hoc
797 2336 887 2370 modo,
906 2338 948 2365 in-

159 2377 230 2411 quit,
257 2376 389 2411 Spiritum
417 2376 617 2412 acciperemus.
636 2377 716 2414 740
736 2379 844 2408 Etenim
868 2390 947 2411 exse-

160 2422 247 2450 cratio
261 2421 372 2456 quidem
389 2429 472 2449 cruce
487 2423 577 2450 soluta
596 2428 659 2451 est:
689 2432 738 2459 per
760 2425 838 2453 ﬁdem
855 2433 945 2456 autem

159 2475 219 2502 quae
234 2468 262 2494 in
288 2466 429 2494 Christum
446 2471 487 2495 est
508 2469 624 2504 contigit
641 2469 770 2504 justitia:
792 2479 825 2499 ex
839 2472 946 2506 iustitia

159 2519 224 2539 vero
240 2510 346 2538 accitus
368 2515 411 2538 est
438 2511 557 2546 Spiritus
574 2513 740 2547 paracletus.
763 2514 831 2541 Nam
845 2520 873 2542 et
885 2516 945 2551 Spi-

159 2559 229 2586 ritus
256 2557 283 2585 in
307 2558 492 2593 promissione
520 2563 590 2587 erat.
611 2559 731 2588 Dicendo
751 2560 844 2588 enim:
862 2571 871 2588 (
892 2563 945 2592 Per

158 2608 184 2631 te
202 2604 399 2633 benedicentur
422 2597 529 2633 omnes.
544 2612 648 2641 gentes,
671 2616 680 2632 ι
701 2615 748 2642 per
763 2607 883 2640 Spiritus
899 2618 944 2638 su-

158 2652 363 2684 perventionem
383 2650 510 2685 promisit
529 2651 754 2681 benedictionem.

435 2707 437 2709 ·
457 2696 570 2723 CAPUT
590 2696 646 2724 νη.

159 2741 236 2774 Quod
257 2750 308 2768 non
322 2749 354 2769 ex
372 2742 425 2777 lege
452 2742 505 2769 sint
524 2742 602 2774 bona,
631 2743 675 2769 sed
690 2752 721 2770 ex
745 2745 922 2778 promissione
935 2754 944 2772 :

212 2777 253 2803 [ex
269 2785 328 2803 vero
349 2778 527 2811 prteparatiea
549 2778 583 2804 sit
599 2786 644 2812 per
663 2777 888 2814 redargutionem.

140 2815 143 2818 ’
193 2820 240 2852 ΙΙΙ,
263 2822 356 2849 15-18.
391 2822 513 2854 Fratres.
542 2824 684 2851 secundum
716 2825 846 2853 hominem
870 2828 940 2856 dico.

160 2864 283 2895 Hominis
301 2867 363 2895 ticct
381 2872 576 2904 testamentum,
593 2871 616 2898 si
632 2876 718 2900 tamen
742 2873 775 2900 sit
794 2874 940 2908 confirma-

967 861 987 889 B

964 1529 986 1557 (Ι

710 131 907 161 CECUMENII
926 130 1071 161 ΤΗΙΕΕιΕ
1089 131 1258 161 EPISCOPI

1724 131 1799 163 1124

1003 188 1105 223 Ισχύειν
1121 188 1263 222 πληρῶσαι
1276 187 1321 214 τὸν
1333 188 1423 223 νόμον.
1443 197 1452 214 ι
1468 189 1626 215 Δικαιοῦται
1648 190 1726 225 παρὰ
1750 190 1797 225 τῷ

1001 233 1070 268 Θεῷ.
1094 243 1103 258 ι
1120 234 1200 264 Ἴσως
1216 233 1271 268 γὰρ
1284 233 1359 268 παρὰ
1370 232 1524 268 ἀνθρώποις
1540 234 1645 267 δίκαιός
1656 244 1700 267 τις
1708 235 1796 268 δόξει.

1003 279 1082 305 «Ὅτι
1093 280 1106 306 ὑ
1118 279 1220 311 δίκαιος
1237 280 1268 306 ὲκ
1282 279 1399 311 πίστεως
1419 280 1556 315 ζήσεται.»
1575 281 1634 308 Μία
1650 281 1706 316 γάρ
1718 283 1796 308 ἐστιν

1000 325 1058 356 ὁδὸς
1086 325 1240 357 δικαιοῦσα,
1254 326 1346 361 φησὶν,
1357 326 1374 361 ἡ
1388 326 1431 352 διὰ
1444 327 1572 358 πίστεως.
1594 337 1603 352 ι
1625 327 1655 353 '0
1665 327 1694 353 δὲ
1711 328 1798 361 νόμος

1000 372 1049 398 οὒκ
1060 371 1132 397 ἔστιν
1144 372 1175 398 ὲκ
1187 371 1316 404 πίστεως,
1335 381 1343 397 ι
1373 372 1430 398 ἀλλ’
1460 373 1489 405 ἐξ
1510 373 1611 407 ἔργων,
1628 373 1686 399 Καὶ
1713 373 1797 407 δῆλον

1001 417 1085 448 ἐνθεν,
1101 417 1142 444 ὅτι
1176 426 1186 443 ι
1211 417 1241 444 '0
1254 418 1368 454 ποιήσας
1380 418 1449 445 αὐτὰ
1463 418 1617 454 ἄνθρωπος,
1639 419 1798 453 ζήσετιιὲν

1001 464 1103 494 αὐτοῖς.
1119 473 1128 490 ι
1149 464 1233 490 Ὥστε
1249 464 1282 490 δι’
1303 464 1391 499 ἔργων
1405 465 1479 492 ἐστὶν
1495 465 1553 501 ἡέν
1565 465 1643 500 νόμῳ
1655 464 1797 499 σωτηρξα,

1001 509 1047 536 καὶ
1065 509 1093 535 οὺ
1119 508 1162 536 διὰ
1175 509 1303 540 πίστεως.

1037 640 1164 674 Χριστὸς
1176 639 1255 673 ἡμᾶς
1274 638 1460 673 ἐξηγόρασεν
1469 638 1504 665 ἐκ
1520 639 1575 672 τῆς
1588 637 1721 672 κατάρας
1738 637 1799 664 τοῦ

1001 686 1106 720 νόμου,
1116 685 1276 720 γενόμενος
1296 683 1373 717 ὑπὲρ
1384 683 1469 718 ἡμῶν
1484 683 1606 717 κατάρα.
1619 682 1800 716 Γέγραπται

1002 732 1066 766 γὰρ,
1078 731 1313 764 Ἐπικατάρατος
1324 729 1382 762 πᾶς
1394 731 1410 756 ὁ
1421 729 1606 764 κρεμάμενος
1614 729 1663 755 ἐπὶ
1680 728 1798 760 ξύλου.

1003 778 1069 805 Ἵνα
1082 779 1126 810 εις
1138 778 1173 804 τὰ
1188 777 1260 810 ἔθνη
1273 776 1291 809 ἡ
1306 776 1430 810 εὐλογία
1440 775 1493 801 τοῦ
1515 776 1643 809 Ἀὕραὰμ
1655 775 1798 808 γένηται,

1003 824 1037 850 ἐν
1051 822 1165 857 Χριστῷ
1183 822 1294 856 Ἰησοῦ,
1306 822 1356 848 ἵνα
1369 821 1426 855 τὴν
1437 820 1677 855 ἐπαγγελίαντοῦ
1691 820 1799 846 Πνεύ-

999 878 1093 905 ματος
1105 870 1244 904 λάϐωμεν
1254 868 1302 895 διὰ
1318 867 1373 901 τῆς
1384 868 1524 899 πίστεως.

1051 915 1199 942 Ἀντίοεσιν
1226 913 1388 940 ὑπαντῶσαν
1403 913 1475 940 λύει.
1491 913 1520 939 '0
1549 912 1683 948 Ἀδραὰμ,
1709 912 1799 948 φησὶ,

1000 963 1044 989 διὰ
1059 962 1136 988 τοῦτο
1150 960 1297 995 ἐδικαιώθη
1309 961 1341 987 ἐκ
1352 960 1479 992 πίστεως,
1500 960 1543 986 ὅτι
1558 959 1612 993 πρὸ
1636 958 1682 985 τοῦ
1703 959 1800 992 νόμου

1000 1008 1047 1041 ὢν,
1064 1009 1112 1034 οὑκ
1121 1005 1154 1042 ἦν
1164 1007 1216 1034 ὑπὸ
1231 1007 1277 1033 τὸν
1291 1007 1372 1040 ζυγὸν
1388 1006 1434 1032 τοῦ
1454 1006 1550 1039 νόμου.
1566 1006 1627 1031 Ὅτι
1653 1005 1701 1040 μὲν
1721 1005 1799 1039 γὰρ,

1001 1055 1092 1088 φησιν,
1108 1054 1123 1088 ὴ
1142 1054 1233 1084 πίστις
1249 1053 1358 1084 δικαιοῖ,
1389 1051 1551 1085 πειθόμεθα,
1578 1051 1645 1078 ἀλλὰ
1666 1051 1732 1082 τοὺς
1756 1051 1801 1085 μὴ

1000 1100 1163 1133 γενομένους
1177 1099 1229 1124 ὑπὸ
1243 1099 1287 1125 τὸν
1300 1099 1390 1133 νόμον.
1415 1097 1510 1132 ὥσπερ
1530 1097 1577 1124 καὶ¹
1591 1097 1636 1123 τὸν
1647 1097 1798 1132 Ἀὖραάμ.

1005 1145 1095 1180 Ἡμεῖς
1106 1145 1134 1170 δέ
1149 1145 1199 1179 ἥδη
1214 1144 1266 1170 ὑπὸ
1280 1145 1325 1170 τδν
1338 1143 1420 1178 νόμον
1446 1143 1621 1178 γενομένους,
1641 1143 1723 1178 εἰπερ
1742 1143 1802 1168 αὑ-

1001 1190 1046 1216 τὸν
1075 1189 1254 1224 ἀπολίπωμεν
1276 1189 1323 1214 καὶ
1337 1190 1370 1224 τῇ
1385 1188 1476 1214 πίστει
1509 1188 1577 1223 μόνῃ
1597 1187 1800 1223 ἀρκεσθῶμεν,

1000 1235 1043 1267 τίς
1057 1235 1228 1269 λυτρώσεται
1247 1236 1280 1261 ὲκ
1293 1235 1343 1269 τῆς
1358 1234 1482 1270 κατάρας
1496 1234 1543 1260 τοῦ
1568 1234 1664 1268 νόμον,
1689 1233 1737 1260 διὰ
1765 1234 1801 1259 τὸ

1001 1280 1167 1316 γεγράφθαι,
1182 1280 1274 1316 φησὶν,
1289 1289 1299 1306 ‹
1326 1280 1538 1315 Ἐπιχατάρατοι
1563 1281 1587 1306 οἱ
1606 1281 1642 1314 μὴ
1657 1279 1801 1314 ἐμμένον-

1000 1336 1046 1359 τες
1062 1327 1102 1362 τῷ
1119 1327 1194 1362 νόμῳ
1206 1335 1213 1360 ;
1226 1336 1235 1352 ι
1251 1326 1336 1353 Τοῦτο
1349 1326 1394 1353 οὖν
1413 1327 1528 1357 ἐπιλύει,
1547 1326 1654 1357 δεικνὺς
1667 1326 1801 1361 τὸνΧρι-

1002 1373 1063 1400 στὸν
1077 1374 1150 1407 ἡμᾶς
1167 1372 1356 1408 λελυτρῶσθαι
1368 1373 1401 1399 ὲκ
1410 1373 1460 1407 τῆς
1476 1373 1598 1407 κατάρας
1625 1372 1671 1398 τοῦ
1700 1372 1799 1407 νόμου

1000 1420 1032 1454 τῇ
1046 1419 1098 1453 ἰδίᾳ
1105 1418 1222 1453 κατάρᾳ.
1231 1417 1328 1449 Καλῶς
1335 1418 1363 1444 δὲ
1373 1418 1415 1449 τὸ,
1422 1427 1431 1444 ‹
1443 1418 1633 1453 Ἐξηγόρασεν.
1641 1427 1649 1442 ι
1657 1418 1724 1449 Aab;
1738 1417 1800 1452 γὰρ

1001 1463 1095 1498 τιμὴν,
1115 1462 1196 1494 αὐτὸς
1211 1463 1338 1497 γενέσθαι
1362 1463 1479 1498 κατάρα,
1493 1463 1628 1498 ἠγόρασεν
1642 1463 1715 1498 ἡμᾶς
1742 1464 1801 1497 τῆς

1003 1509 1125 1543 κατάρας
1141 1507 1188 1534 τοῦ
1201 1508 1294 1542 νόμου.
1312 1509 1382 1544 Ὅρα
1395 1508 1460 1544 γάρ.
1484 1506 1575 1542 Ἦμεν
1591 1508 1642 1534 ὑπὸ
1653 1508 1800 1543 κατάραν,

1003 1553 1085 1580 διὰτὸ
1102 1554 1140 1589 μὴ
1154 1554 1296 1589 πληρῶσαι
1320 1554 1366 1580 τὸν
1384 1555 1475 1589 νόμον.
1498 1554 1527 1580 '0
1545 1554 1660 1589 Χριστὸς
1678 1554 1731 1580 οὐκ
1763 1552 1801 1589 ἦν

1004 1600 1055 1626 ὑπὸ
1069 1600 1182 1635 ταύτην·
1201 1599 1377 1636 πεπληρώκει
1388 1601 1442 1635 γὰρ
1457 1600 1549 1627 αὑτὸν·
1562 1601 1608 1626 καὶ
1629 1600 1703 1634 ὅμως
1720 1608 1802 1626 κατ-

1002 1646 1110 1678 εδέξατο
1136 1647 1260 1681 κατάραν
1272 1666 1280 1677 ,
1295 1647 1329 1682 ἢν
1341 1647 1391 1673 οὐκ
1408 1646 1519 1681 ὤφειλε,
1539 1648 1589 1681 τὴν
1614 1646 1660 1672 τοῦ
1685 1655 1804 1681 κρεμα-

1002 1691 1097 1726 σθῆναι
1114 1691 1160 1717 ἐπὶ
1174 1691 1265 1724 ξύλου,
1284 1691 1328 1718 ἶνα
1359 1691 1407 1727 τὴν
1430 1691 1491 1718 καθ’
1524 1691 1602 1726 ἡμῶν
1629 1691 1697 1727 λύσῃ
1717 1699 1801 1717 κατ-

1002 1738 1081 1772 άραν.
1098 1738 1201 1772 ’Ὠσπερ
1213 1737 1240 1763 εῐ
1250 1746 1292 1769 τις
1303 1737 1366 1769 τοὺς
1380 1737 1573 1770 κελευσθέντας
1583 1737 1728 1764 ἀποθανεῖν
1747 1737 1803 1764 λυ-

1001 1784 1136 1819 τρώσεται
1148 1785 1242 1816 αὐτὸς,
1264 1785 1426 1819 αἱρούμενος
1443 1784 1487 1811 τὸν
1507 1784 1578 1820 ὑπὲρ
1601 1784 1691 1810 αὐτῶν
1709 1784 1802 1811 θάνα-

1001 1839 1055 1857 τον.
1073 1839 1081 1856 ι
1109 1831 1167 1857 Ἵνα
1179 1831 1218 1862 εῑς
1234 1829 1269 1857 τὰ
1285 1829 1361 1866 ἔθνη.
1385 1840 1395 1856 ι
1411 1830 1509 1864 Γέγονε
1524 1829 1563 1863 δὲ,
1578 1830 1671 1864 φησὶν,
1687 1830 1798 1856 ἐπικα-

1001 1875 1118 1910 τάρατος
1135 1874 1275 1910 βουληθεὶς
1289 1876 1303 1901 ὁ
1319 1874 1447 1910 Χριστὸς,
1462 1875 1506 1901 ἵνα
1515 1876 1555 1906 εἰς
1564 1875 1599 1902 τὰ
1614 1874 1690 1909 ἔθνη,
1705 1883 1797 1901 τουτ-

1000 1920 1085 1952 έστιν,
1108 1921 1147 1952 εἰς
1170 1921 1232 1952 τοὺς
1258 1920 1295 1955 μὴ
1325 1920 1470 1955 ἐχομένους
1506 1920 1552 1947 τοῦ
1573 1920 1669 1954 νόμον,
1686 1921 1720 1946 τὰ
1735 1921 1793 1955 τῆς

1002 1966 1169 2000 ἐπαγγελίας
1189 1966 1236 1993 τοῦ
1252 1966 1376 2001 Ἀϐραὰμ
1388 1966 1510 2001 γένηται.
1525 1967 1640 2002 Γένηται
1655 1966 1682 1993 δὲ
1696 1966 1729 1993 δι’
1737 1967 1795 1993 αὺ-

1000 2011 1046 2038 τοῦ
1059 2011 1106 2038 τοῦ
1121 2012 1250 2045 Χριστοῦ.
1272 2012 1333 2044 Πῶς
1346 2012 1380 2039 δι’
1391 2012 1474 2039 αὑτοῦ
1490 2020 1498 2045 ;
1522 2012 1630 2047 Ἐπειδὴ
1647 2011 1685 2047 τῷ
1705 2012 1796 2047 σπέρ-

1002 2066 1066 2093 ματι
1085 2057 1132 2084 τοῦ
1143 2058 1270 2093 Ἀϐραὰμ
1286 2058 1406 2084 δέδονται
1431 2058 1461 2084 αἱ
1489 2058 1661 2092 ἐπαγγελίαι,
1677 2057 1794 2092 σπέρμα

999 2103 1027 2130 δέ
1039 2102 1121 2130 αὑτοῦ
1137 2104 1150 2129 ὀ
1174 2102 1299 2138 Χριστός.
1326 2103 1356 2129 'O
1369 2103 1486 2138 Χριστὸς
1498 2101 1544 2130 οὖν
1573 2103 1639 2130 καθά
1656 2104 1716 2130 ἐστι
1735 2103 1789 2130 καὶ

1001 2150 1103 2176 νοεῖται
1128 2149 1280 2184 ἄνθρωπος,
1306 2149 1515 2185 κληρονομήσας
1544 2149 1594 2181 τὰς
1608 2148 1791 2183 ἐπαγγελίας,

1000 2196 1039 2232 τῷ
1050 2196 1136 2232 λοιπῷ
1158 2196 1212 2223 τῶν
1235 2196 1385 2232 ἀνθρώπων
1406 2197 1480 2230 γένει
1505 2195 1606 2227 ταύτας
1631 2196 1792 2231 ἐδωρήσατο

1002 2241 1158 2269 πιστεύοντι
1187 2243 1228 2273 εἰς
1246 2241 1342 2270 αὐτόν.
1369 2251 1378 2267 ι
1399 2241 1458 2268 Ἰνα
1481 2241 1530 2276 τὴν
1559 2240 1726 2275 ἐπαγγελίαν
1740 2241 1789 2268 τοῦ

1001 2288 1071 2315 Πνεύ
1076 2297 1159 2323 ματος
1170 2287 1308 2323 λάϐωμεν.
1337 2297 1346 2314 ι
1361 2288 1419 2314 Ἵνα
1431 2287 1470 2323 τῷ
1481 2287 1574 2323 τρόπῳ
1584 2286 1682 2322 τούτῳ,
1710 2288 1790 2322 φησὶ,

1000 2334 1030 2360 τὺ
1044 2333 1157 2370 Πνεῦμα
1175 2333 1312 2368 λάϐωμεν.
1329 2333 1382 2360 Καὶ
1399 2333 1453 2369 γὰρ
1473 2334 1490 2367 ἡ
1516 2333 1566 2368 μὲν
1581 2333 1691 2368 κατάρα
1705 2332 1788 2367 ἐλύθη

1001 2379 1038 2414 τῷ
1050 2379 1169 2416 σταυρῷ,
1183 2379 1226 2406 διὰ
1243 2380 1271 2406 δὲ
1282 2380 1330 2415 τῆς
1347 2380 1387 2411 εἰς
1404 2379 1521 2416 Χριστὸν
1545 2378 1665 2410 πίστεως
1685 2378 1790 2405 δικαιο-

1001 2425 1067 2460 σύνη
1085 2425 1231 2460 γεγένηται
1241 2434 1248 2441 ·
1269 2426 1303 2452 ἐκ
1323 2425 1352 2452 δὲ
1366 2425 1540 2461 δικαιοσύνης
1554 2424 1731 2460 ἐπισπσσμὺς
1742 2424 1788 2451 τοῦ

999 2473 1176 2508 παρακλήτου
1204 2473 1371 2508 Πνεύματος.
1397 2473 1452 2500 Καὶ
1479 2473 1534 2507 γὰρ
1560 2472 1656 2498 καὶτὸ
1672 2471 1788 2505 Πνεῦμα

997 2519 1028 2546 ἐν
1044 2519 1195 2555 ἐπαγγελίᾳ
1205 2517 1250 2555 ἦν.
1276 2519 1304 2546 '0
1316 2519 1370 2555 γὰρ
1392 2518 1488 2550 εἰπὼν,
1499 2519 1540 2546 ὅτι
1571 2527 1581 2544 ι
1601 2518 1646 2544 Ἐν
1664 2518 1707 2544 σοὶ
1715 2519 1789 2544 ἐνευ-

997 2565 1194 2600 λογηθήσονται
1205 2567 1240 2593 τὰ
1257 2566 1332 2601 ἔθνη,
1350 2575 1360 2591 ι
1378 2567 1411 2600 τῇ
1431 2566 1479 2592 τοῦ
1501 2565 1662 2600 Πνεύματος
1678 2565 1789 2599 ἐπιφοι-

998 2613 1074 2647 τήσει
1092 2613 1140 2648 τὴν
1155 2612 1280 2647 εὐλογίαν
1293 2612 1489 2647 ἐπηγγείλατο.

1302 2702 1426 2728 ΚΕΦΑΛ.
1447 2702 1464 2728 Ζ
1477 2721 1484 2728 .

1001 2748 1063 2774 Ὅτι
1072 2749 1127 2775 οὐκ
1137 2748 1171 2775 ἐκ
1185 2749 1291 2782 νόμον,
1301 2748 1370 2775 ἀλλ’
1385 2748 1419 2779 ἐξ
1429 2747 1611 2782 ἐπαγγελίας
1626 2747 1662 2774 τὰ
1678 2748 1786 2782 ἀγαθά.

1060 2783 1091 2809 '0
1102 2783 1140 2816 es
1153 2784 1244 2817 νόμος
1259 2784 1515 2817 παρασκευαστὴς
1527 2783 1565 2809 δι’
1577 2783 1720 2817 ἐλέγχου.

1040 2829 1187 2863 Ἀδελψοὶ,
1205 2830 1281 2857 κατὰ
1295 2830 1453 2863 ἄνθρωπον
1465 2830 1552 2863 λέγω.
1568 2829 1662 2862 Ὅμως
1672 2829 1787 2863 ἀνθρώ-

996 2882 1055 2901 που
1067 2874 1277 2909 κεκυρωμένην
1285 2874 1434 2910 διαθήκην
1447 2875 1545 2910 οὐδεὶς
1565 2874 1674 2909 ἀθετεῖ,
1692 2875 1709 2910 ἢ
1721 2876 1786 2902 ἐπι-
