1872 3049
83 144 163 178 1125

604 145 797 176 COMMENT.
818 144 859 176 IN
873 145 1051 177 EPIST.AD
1067 145 1200 179 GALAT.

1654 151 1722 184 1126

80 200 297 228 διατάσσεται.
316 199 358 232 Τῷ
372 199 407 226 δὲ
426 199 550 235 Ἀϐραὰμ
563 199 737 235 ἐρρήθησαν
745 202 775 227 αι
790 200 881 235 ἐπαγ·-

946 208 1000 233 um,
1017 209 1093 228 nemo
1104 201 1202 236 reficit,
1220 205 1267 228 aut
1285 203 1362 229 addit
1376 203 1488 239 aliquid.
1503 204 1587 232 Porro
1608 206 1722 236 Abrahae

80 247 198 280 τελίαι,
210 245 261 272 καὶ
269 245 308 278 τῷ
320 245 468 280 σπέρματι
476 246 581 273 αὐτοῦ.
594 248 635 273 οὐ
643 246 735 281 λέγει,
752 246 806 274 Καὶ
819 246 882 280 τοῖς

79 290 322 325 σπέρμασιν-,ὠς
333 290 382 317 ἐπὶ
399 290 535 323 πολλῶν,
548 291 617 318 ἀλλ’
627 291 667 324 ὡς
677 291 722 325 ἐφ’
735 291 814 324 ἑνὸς,
831 290 880 318 καὶ

79 335 130 369 τῷ
145 336 296 370 σπέρματί
307 343 366 362 σου
370 355 377 368 ,
387 336 421 368 ὃς
431 336 497 362 ἐστι
506 336 644 370 Χριστός.
656 336 745 363 Toﬁto
751 335 785 362 δὲ
792 335 881 371 λέγω,

80 381 239 416 διαθήκην
277 382 548 417 προκεκυρωμένην
576 382 634 410 ὑπὸ
662 381 715 409 τοῦ
744 381 818 409 Θεοῦ
839 383 882 416 είς

80 428 232 463 Χριστὸν,
250 429 266 455 ὀ
278 427 354 462 μετὰ
371 428 423 461 ἐτη
447 429 627 462 ’τετρακόσια
642 428 693 455 καὶ
723 428 883 462 τριάκοντα

80 473 222 508 raros-(bc
251 475 354 508 νόμος,
385 475 440 500 οὐκ
455 473 565 508 ἀκυροῖ
577 474 622 506 είς
639 474 672 500 τὸ
694 473 882 508 καταργῆσαι

80 519 150 553 τὴν
167 519 362 554 ἐπαγγελίαν.
376 520 410 546 El
421 519 477 553 γὰρ
494 519 529 546 ἐκ
537 519 632 553 νόμου
649 520 668 553 si
684 521 880 553 κληρονομία,

80 566 146 591 οὐκ
165 563 253 596 saec
266 564 458 598 ἐπαγγελίας.
478 563 520 597 Τῷ
547 564 581 591 δὲ
607 564 734 599 ’Δϐραὰμ
745 564 782 591 δι’
794 564 881 600 ἐπαγ--

80 612 193 646 γελίας
208 612 382 647 κεχάρισται
399 613 416 639 δ
428 613 512 645 Θεός.

130 658 242 693 Ἐπειδὴ
252 658 284 685 ἔκ
296 667 326 685 τε
343 658 397 685 τῶν
412 659 476 693 παρ’
493 658 585 690 αὐτοῖς
613 658 745 694 σημείων,
774 658 823 686 καὶ
848 661 881 686 ὲκ

80 704 138 739 τῆς
155 704 202 731 τοῦ
218 705 296 739 ἁγίου
312 704 473 739 Πνεῦματος
490 705 704 740 ὲπιφοιτήσεως,
720 706 767 732 καὶ
783 707 816 732 ὲκ
833 707 881 733 τοῦ

83 750 210 785 σταυροῦ
223 750 270 777 τοῦ
286 750 420 785 Χριστοῦ,
435 751 482 777 καὶ
503 750 532 783 ἐξ
547 747 585 777 ὧν
603 750 692 786 ἐσώθη
708 752 721 777 ὁ
741 751 879 787 Ἀϐραὰμ,

82 797 176 829 ἔδειξε
207 796 256 831 τὴν
279 796 372 823 πίστιν
393 795 502 829 σώζειν,
528 797 574 822 καὶ
591 796 621 823 οὑ
644 797 689 823 τὸν
711 797 794 831 νόμον
810 805 816 812 ·
833 797 881 824 νῦν

81 841 143 868 ἀπὸ
158 840 332 877 ἀνθρωπίνου
361 840 584 876 παραδείγματος
607 840 706 871 αὐτοὺς
722 841 815 866 πεῖσαι
833 839 881 874 ζη-

80 888 139 914 τεῖ.
167 875 284 922 Τδνγὰρ,
301 895 310 912 t
329 886 407 913 Κατὰ
432 886 594 922 ἄνθρωπον,
614 895 624 912 ›
651 886 711 912 ἀντὶ
728 886 788 919 τοῦ,
809 886 880 913 κατὰ
895 875 917 903 Β

82 929 261 965 ἀνθρώπινον
277 931 355 965 λόγον
374 931 422 957 καὶ
436 930 622 966 παράδειγμα.
643 930 740 962 Καλῶς
757 930 787 957 δὲ
803 930 880 957 ἀδελ-

83 976 157 1010 φοὺς
186 977 275 1008 καλεῖ,
304 978 434 1011 ἀνοήτους
461 976 589 1008 καλέσας.
615 977 661 1003 Δεῖ
672 977 738 1012 γὰρ,
750 977 817 1004 ποτὲ
831 977 880 1012 μὲν

83 1021 261 1056 ἑπιστύφειν,
287 1022 351 1048 ποτὲ
379 1022 408 1048 δὲ
427 1022 595 1056 γλυκαίνειν.
619 1031 628 1048 i
656 1022 814 1058 Ἀνθρώπου
833 1032 879 1050 κε-

82 1068 256 1103 κυρωμένην
272 1068 416 1104 διαθήκην.
435 1077 445 1094 ι
463 1069 534 1104 Ὅρα
562 1069 588 1095 τί
605 1069 678 1096 θέλει
707 1069 879 1096 κατασκευά-

84 1121 137 1140 σαι
167 1113 212 1140 διὰ
227 1113 274 1141 τοῦ
290 1114 489 1150 ὑποδείγματος
505 1115 554 1150 τῆς
565 1115 709 1151 διαθήκης.
729 1116 879 1151 Ἐπηγγεί-

83 1159 165 1192 λατο,
183 1160 281 1194 φησὶν,
293 1161 308 1186 ὁ
320 1160 386 1192 Θεὸς
400 1161 440 1196 τῷ
448 1160 584 1196 Ἀϐραὰμ,
599 1161 643 1188 διὰ
660 1161 707 1189 τοῦ
722 1162 880 1197 σπέρματος

83 1205 174 1232 αὑτοῦ
189 1205 358 1240 εὐλογεῖσθαι
373 1207 407 1234 τὰ
415 1207 490 1243 ἔθνη.
504 1208 618 1243 Σπέρμα
633 1208 662 1234 δὲ
679 1208 724 1234 τοῦ
743 1209 879 1244 Ἀϐραὰμ,

83 1251 119 1277 τὸ
135 1251 209 1278 κατὰ
225 1253 314 1288 σάρκα
330 1253 482 1289 όΧριστύς.
505 1253 533 1281 'U
545 1255 626 1289 νόμος
645 1254 724 1290 ἐδόθη
741 1255 810 1290 μετὰ
831 1255 879 1291 ἐτη

84 1298 255 1333 τετρακόσια
286 1299 442 1334 τριάκοντα.
457 1300 488 1326 El
504 1300 605 1333 τοίνυν,
636 1301 730 1336 φησὶν,
759 1303 773 1328 ὁ
796 1302 879 1338 νόμος

85 1343 232 1378 χαρίζεται
248 1345 296 1376 τὰς
311 1345 437 1379 εὐλογίας
450 1346 496 1372 καὶ
507 1346 556 1381 τὴν
567 1346 780 1383 δικαιοσύνην,ή
793 1349 880 1383 ὲπαγη

84 1389 171 1423 γελία
202 1390 250 1416 καὶ
275 1391 291 1425 ή
325 1390 440 1426 διαθήκη
466 1390 512 1417 τοῦ
527 1391 595 1418 Θεοῦ
619 1393 719 1427 ήπρδς
741 1394 879 1430 ’Δὸραὰμ,

86 1435 194 1471 ἄκυρος
205 1435 319 1470 γίνεται.
352 1436 419 1464 Εῐτα
448 1437 594 1472 ἀνθρώπου
618 1439 668 1474 μὲν
687 1439 820 1476 διαθήκην
835 1441 881 1467 οὐ-

85 1481 146 1514 δεὶς
159 1482 260 1515 ἀθετεῖ,
272 1483 319 1509 τοῦ
337 1482 404 1510 Θεοῦ
416 1484 443 1510 δὲ
469 1483 620 1520 ἀκυροῦται
637 1485 654 1519 ἡ
678 1486 795 1521 διαθήκη
806 1505 814 1519 ,
831 1488 878 1513 καὶ

934 248 1010 274 diem:
1025 252 1087 275 sunt
1106 249 1305 282 promissiones,
1318 254 1342 276 et
1359 251 1453 277 semini
1473 252 1541 286 ejus.
1558 251 1619 279 Non
1639 255 1721 288 dicit,

933 292 967 319 Et
991 293 1146 327 seminibus,
1166 298 1293 329 tanquam
1306 295 1338 322 de
1353 296 1452 327 multis,
1478 298 1523 324 sed
1550 303 1675 334 tanquam
1691 301 1722 328 de

934 347 1004 367 uno:
1024 339 1059 366 Et
1079 341 1174 367 senatui
1201 346 1257 374 tuo,
1277 342 1321 376 qui
1345 347 1381 368 est
1404 342 1536 372 Christus.
1555 347 1612 372 Hoc
1634 351 1723 374 autent

933 385 991 411 dico
1006 393 1016 412 :
1040 390 1226 413 testamentum
1246 392 1308 414 ante
1329 390 1530 422 comprobatum
1555 399 1570 417 a
1590 391 1645 418 Deo
1660 401 1724 428 ergo

934 429 1081 463 Christum,
1098 431 1141 458 (ea:
1153 440 1211 467 qua:
1225 436 1285 466 post
1301 441 1384 460 annos
1399 435 1617 471 quadringentos,
1631 442 1655 464 et
1672 439 1723 465 tri-

932 477 1006 511 ginta
1021 478 1108 511 cwpit,
1124 486 1175 505 non
1192 478 1257 512 facit
1273 479 1389 512 irritum,
1410 485 1438 507 ut
1450 482 1723 517 abrogetpromissio—

933 531 1002 550 nem.
1020 523 1092 550 Nam
1111 525 1136 551 si
1153 532 1186 552 ea:
1203 525 1257 560 lege
1280 530 1349 553 esset
1369 527 1520 561 hereditas,
1545 537 1597 556 non
1610 530 1668 564 jam
1690 540 1723 560 ea:

932 569 1116 601 promissione.
1136 570 1218 605 Atqui
1230 571 1345 599 Abrahae
1359 580 1406 607 per
1421 575 1622 607 promissionem
1637 576 1722 605 dona-

932 615 966 641 rit
986 615 1065 642 Deus.

944 668 947 670 ·
967 661 1103 693 Quoniam
1120 665 1147 689 et
1161 670 1192 690 ex
1204 663 1291 698 signis
1304 671 1363 699 qua
1373 664 1443 700 apud
1460 665 1535 700 ipsos
1552 666 1621 695 facta
1631 673 1720 702 erant,

932 710 959 734 et
980 714 1012 735 ex
1038 708 1160 742 Spiritus
1195 710 1284 737 sancti
1309 711 1501 746 descensione,
1525 718 1553 741 et
1578 723 1610 742 ex
1634 720 1722 743 morte

932 753 1046 787 Christi,
1062 758 1089 782 et
1104 761 1136 782 ex
1150 762 1182 782 eo
1198 756 1270 790 quod
1285 757 1424 785 Abraham
1437 759 1529 788 salvus
1546 760 1635 788 factus
1654 761 1724 789 fuis-

932 805 984 832 set,
1001 801 1201 829 demonstravit
1221 803 1294 838 quod
1317 803 1384 831 ﬁdes
1413 806 1510 838 salvet,
1535 811 1630 834 etnon
1657 809 1720 836 lex:

933 854 1007 874 nunc
1028 847 1063 874 ab
1085 847 1206 889 humano
1223 849 1351 884 exemplo
1367 856 1485 878 conatur
1502 852 1554 879 hoc
1573 853 1641 887 ipsis
1659 862 1722 889 per-

933 893 1062 921 suadere.
1075 893 1143 921 Nam
1161 895 1234 930 quod
1257 896 1306 929 ait,
1331 906 1340 923 ι
1361 898 1517 925 Secundum
1540 899 1689 933 hotniuem,
1710 911 1719 927 ι

933 939 1004 966 idetn
1020 943 1061 967 est
1075 941 1148 974 quod
1166 940 1288 968 humano
1302 949 1431 970 sermone
1445 948 1470 970 et
1485 945 1621 980 exemplo.
1648 945 1722 974 Bene

932 991 1023 1014 autem
1038 991 1117 1014 vocat
1130 986 1242 1019 fratres,
1259 994 1330 1022 quos
1348 988 1425 1023 prius
1442 990 1544 1017 stultos
1562 991 1720 1025 appellavit.

932 1032 1045 1068 Oportet
1071 1033 1145 1060 enim
1175 1041 1249 1060 nunc
1265 1034 1377 1068 quidem
1404 1042 1500 1071 aspere
1523 1038 1720 1074 perstringere,

933 1087 1003 1107 nunc
1024 1087 1089 1108 vero
1120 1081 1227 1108 dulcem
1256 1089 1327 1109 esse.
1353 1091 1361 1107 ι
1378 1081 1502 1111 Hominis
1527 1084 1720 1113 conl‘u-matum

932 1130 1138 1154 testamentum.
1154 1137 1163 1154 ι
1192 1128 1387 1157 Animadverte
1410 1130 1475 1164 quid
1498 1139 1546 1166 per
1564 1134 1720 1160 testamenti

931 1172 1085 1207 exemplum
1102 1172 1166 1199 velit
1190 1177 1327 1200 astruere.
1355 1173 1498 1207 Promisit,
1522 1176 1622 1210 inquit.
1647 1176 1720 1206 Deus

931 1218 1061 1251 Abralue,
1084 1218 1156 1253 quod
1173 1226 1221 1254 per
1237 1219 1324 1254 ipsius
1343 1227 1437 1247 semen
1463 1221 1637 1250 benediceret
1652 1232 1721 1258 gen-

931 1268 987 1296 tes;
1005 1270 1097 1290 semen
1112 1267 1202 1290 autem
1213 1263 1341 1296 Abrahae,
1352 1265 1431 1300 juxta
1442 1273 1553 1293 carnem
1566 1273 1608 1294 est
1623 1268 1721 1296 Chris-

932 1312 986 1335 tus.
1001 1308 1079 1343 74],
1104 1308 1158 1336 Lex
1171 1308 1234 1335 data
1261 1313 1304 1336 est
1320 1312 1383 1344 post
1402 1317 1490 1337 annos
1502 1310 1720 1345 quadringentos

932 1354 1055 1389 triginta.
1084 1354 1111 1382 Si
1133 1355 1218 1390 igitur
1234 1355 1290 1388 lex,
1307 1355 1407 1390 inquit,
1422 1356 1536 1384 denaret
1551 1357 1722 1384 benedictio-

931 1408 980 1428 nes
1003 1406 1030 1428 et
1045 1401 1196 1436 justitiam,
1217 1402 1376 1436 promissio,
1394 1409 1425 1428 ac
1449 1407 1647 1431 testamentum
1674 1404 1722 1431 Dei

932 1446 1034 1474 factum
1045 1447 1078 1474 ad
1090 1447 1227 1474 Abraham
1242 1447 1319 1474 irrita
1338 1448 1444 1475 tierent.
1460 1448 1573 1480 Deinde,
1603 1449 1722 1476 hominis

931 1494 1039 1529 quidem
1057 1497 1250 1520 testamentum
1265 1501 1344 1521 nemo
1357 1494 1446 1528 rejicit
1470 1499 1517 1521 aut
1539 1495 1653 1529 spernit,
1676 1495 1723 1522 Dei

85 1527 178 1554 ταῦτα
199 1529 283 1555 πολὺν
298 1530 395 1564 χρόνον
410 1530 584 1565 κρατήσασα,
615 1532 684 1565 μετὰ
714 1533 880 1566 τετρακόσια

944 1527 1025 1567 intem
1051 1544 1246 1567 testamentum
1269 1539 1313 1567 ﬁet
1330 1527 1455 1571 irritum,
1482 1527 1563 1576 idque
1577 1546 1723 1577 postquam

88 1573 241 1608 τριάκοντα
256 1574 317 1609 ἐτη,
341 1575 372 1601 El
386 1575 440 1610 γὰρ
456 1576 639 1611 ἐπηγγείλατο
652 1577 702 1612 μὲν
716 1578 808 1614 ἐκείνη
836 1579 880 1604 εὑ-

87 1620 181 1655 λογεῖν
195 1621 239 1647 διὰ
250 1621 296 1648 τοῦ
315 1622 445 1657 Χριστοῦ,
459 1623 474 1649 ὁ
489 1623 517 1649 δὲ
527 1623 609 1658 νόμος
623 1624 684 1650 ἀντὶ
699 1624 745 1651 τοῦ
760 1625 878 1659 Χριστοῦ

85 1667 210 1701 εὐλογεῖ,
225 1668 279 1702 ἄρα
300 1668 449 1704 ἀκυροῦται
465 1670 482 1704 ἡ
499 1669 616 1705 διαθήκη
630 1670 678 1696 τοῦ
695 1670 764 1696 Θεοῦ
779 1672 795 1706 ἠ
809 1672 878 1706 πρὸς

93 1713 235 1749 ’Δεραάμη
262 1724 271 1739 ε
295 1715 392 1746 Καλῶς
413 1715 442 1741 δὲ
474 1716 671 1751 κεκυρωμένην
696 1716 790 1752 φησίν.
812 1725 821 1741 ι
847 1730 880 1736 —-

88 1757 195 1796 [ΦΩΤ.]
224 1760 318 1796 Ὄρκῳ
347 1761 400 1796 γὰρ
439 1761 606 1797 ἐκεκύρωτο.
629 1761 764 1798 Ἀκριὸῶς
793 1762 821 1789 δὲ
837 1762 878 1796 τὸ,

89 1816 103 1832 ι
124 1807 340 1842 Κεκυρωμένην,
353 1816 362 1832 ι
381 1807 473 1842 φησίν.
492 1807 523 1833 'H
540 1807 594 1842 γὰρ
611 1807 722 1843 ἄκυρος,
739 1809 786 1835 καὶ
798 1817 882 1843 μετα-

86 1853 208 1886 τίθεται,
235 1853 331 1889 ὣσπερ
355 1855 369 1881 ὁ
394 1855 475 1890 νόμος
491 1854 583 1888 αὐτὸς,
607 1856 646 1883 εἰς
659 1855 689 1881 τὸ
705 1855 880 1889 Εὑαγγέλιον.

95 1900 374 1934 Ἐπιδιατάσσεται,
386 1901 522 1933 τουτέστι,
544 1900 738 1936 Προστίθησιν.
759 1911 767 1926 t
782 1901 882 1937 Ἐρρῆ-

88 1948 191 1984 θησαν.
213 1957 222 1973 ι
246 1945 308 1974 Οἷον
328 1948 547 1983 ἐπηγγέλθησαν.
569 1948 667 1974 ιΤοῦτο
682 1948 710 1974 δὲ
727 1948 881 1983 λέγω,δια-

89 1994 191 2029 Θήκην.
211 2003 220 2019 ι
238 1994 391 2028 Σαφηνείας
407 1993 487 2028 χάριν
504 1993 691 2028 ἀναλαμϐάνει
716 1993 762 2019 τὸν
792 1994 880 2027 λόγον.

93 2049 105 2065 ε
131 2039 200 2065 Ἀπὸ
217 2039 264 2066 τοῦ
294 2039 362 2066 Θεοῦ
378 2041 418 2070 είς
444 2039 573 2075 Χριστόν.
590 2049 598 2064 ι
620 2040 665 2071 Εἰς
684 2039 800 2075 Χριστὸν
827 2044 882 2075 γὰρ

90 2083 127 2122 ἦν
144 2086 162 2120 ἡ
178 2085 339 2120 ἐπαγγελία.
357 2083 425 2112 Εἱπε
443 2086 508 2120 γὰρ,
523 2085 567 2111 διὰ
590 2085 637 2111 τοῦ
655 2087 812 2121 σπέρματος
830 2087 881 2113 αὺ-

90 2133 140 2160 τοῦ
159 2132 327 2167 εὐλογεῖσθαι
343 2132 376 2158 τὰ
405 2131 481 2167 ἔθνη.
499 2131 586 2158 Τοῦτο
607 2132 661 2166 γάρ
677 2133 746 2164 ἐστι,
762 2133 796 2158 ἐν
819 2133 880 2159 σοί.

92 2179 210 2214 Σπέρμα
223 2179 251 2205 δὲ
263 2179 309 2205 τοῦ
330 2178 467 2213 Ἀϐραὰμ,
482 2178 512 2205 τὸ
528 2178 599 2205 κατὰ
617 2179 704 2213 σάρκα
719 2179 732 2203 ὁ
753 2179 880 2213 Χριστός.

93 2234 104 2252 l
131 2225 162 2251 '0
178 2225 307 2260 tte-4511‘,
322 2226 487 2260 τετρακόσια
510 2224 557 2250 καὶ
585 2224 742 2260 τριάκοντα.
765 2234 774 2251 ι
796 2225 826 2250 Ol
838 2233 882 2250 τε·
899 2222 921 2249 D

90 2272 234 2307 τριακόσιοι
251 2272 399 2307 τριάκοντα
413 2270 504 2306 χρόνοι
520 2270 682 2304 συνάγονται
699 2269 785 2301 οὕτως
797 2279 804 2286 ο
828 2270 883 2297 ἀπὸ

91 2318 129 2345 σε’
148 2318 229 2350 ἔτους
254 2318 380 2353 ’Λόραὰμ
394 2318 445 2349 ἕως
461 2317 482 2352 ρ’
492 2317 640 2351 ψηφίζεται
657 2316 704 2351 ἕτη
721 2315 770 2342 x5"
787 2316 884 2343 Ἰσαὰκ

92 2366 142 2400 ἐτη
157 2365 189 2398 ξ’·
209 2363 318 2397 Ἰακὼϐ,
333 2364 381 2399 ἔτη
400 2365 450 2398 ιμ’·
468 2363 579 2398 Ἰωσὴφ,
593 2362 640 2397 ἐτη
653 2366 697 2398 ρι’·
714 2363 742 2389 ἐν
755 2362 886 2398 Αἰγύπτῳ

91 2413 140 2448 ἔτη
171 2411 230 2447 ρμδ’
246 2419 253 2426 ·
279 2410 356 2446 ὁμοῦ,
387 2411 434 2445 ἔτη
454 2410 519 2436 υλό’.
547 2419 556 2435 ι
576 2410 608 2436 Εἰ
624 2410 678 2445 γὰρ
705 2411 736 2435 ἐκ
765 2409 881 2445 νόμουή

91 2457 272 2494 κληρονομία.
292 2466 301 2482 ι
326 2457 411 2488 Αὐτὸς
436 2456 503 2483 αὐτὸ
521 2456 706 2492 ήρμήνευσεν.
725 2455 822 2490 Είγὰρ
838 2455 883 2483 διὰ

89 2505 138 2532 τοῦ
150 2507 233 2540 νόμου
245 2505 389 2541 γεγένηται
405 2506 418 2540 ἡ
435 2504 556 2538 εὐλογία,
570 2503 618 2529 καὶ
641 2503 678 2538 μὴ
693 2503 737 2530 διὰ
750 2503 882 2538 Χριστοῦ,

92 2553 236 2588 ὴκύρωται
254 2552 302 2578 καὶ
313 2551 470 2585 ἐσϐεσταιή
487 2548 640 2583 ἐπαγγελία
663 2549 711 2574 καὶ
725 2549 741 2583 ἡ
765 2549 882 2585 διαθήκη

93 2600 141 2626 τοῦ
163 2599 243 2626 Θεοῦ.
265 2607 274 2623 ι
295 2598 334 2624 Δι’
349 2596 518 2631 ἐπαγγελίας
548 2595 720 2631 κεχάρισται.
736 2604 745 2620 ι
766 2595 821 2630 Τὴν
838 2596 884 2621 εὑ-

94 2645 198 2680 λογίαν,
214 2645 292 2680 φησὶ,
307 2643 342 2670 δι’
354 2642 521 2677 ἐπαγγελίας
544 2642 704 2676 κεχάρισται
717 2641 731 2668 ὁ
745 2640 822 2673 Θεὸς,
838 2641 885 2668 καὶ

93 2692 124 2719 οῦ
138 2692 181 2719 διὰ
198 2692 291 2726 νόμον.

94 2741 268 2777 septuaginta
289 2739 482 2774 interpretum,
495 2741 525 2764 ut
541 2739 616 2771 patet
628 2735 714 2763 Exodi
729 2735 892 2764 duodecrmo
911 2745 917 2763 :

933 1587 1020 1614 nmlto
1042 1591 1164 1621 tempore
1191 1586 1276 1614 robur
1300 1587 1408 1619 habuit,
1434 1595 1531 1622 nempe
1549 1593 1611 1623 post
1635 1596 1723 1615 annos

935 1634 1152 1670 quadringentos
1165 1634 1278 1670 triginta
1293 1634 1304 1660 ?
1323 1633 1351 1661 Si
1368 1642 1487 1668 nantqtte
1503 1635 1629 1670 promisit
1640 1642 1724 1662 testa-

934 1687 1055 1708 mentum
1084 1681 1246 1708 henedicere
1268 1688 1317 1716 per
1341 1680 1494 1712 Christum,
1520 1682 1560 1708 lex
1585 1690 1649 1709 vero
1673 1689 1724 1716 pio

934 1728 1044 1754 Christo
1056 1727 1203 1760 benedicit,
1220 1732 1295 1755 certe
1310 1727 1417 1755 irritum
1435 1727 1560 1756 redditur
1574 1732 1724 1756 testamen-

935 1776 992 1799 tum
1015 1772 1072 1806 Dei,
1094 1772 1194 1800 factum
1218 1773 1249 1800 ad
1278 1773 1428 1800 Abraham.
1447 1789 1480 1794 —
1497 1783 1507 1800 ι
1522 1773 1555 1800 Et
1575 1778 1647 1801 recte
1672 1774 1722 1807 ait,

939 1818 1143 1846 «conﬁrmatum
1159 1828 1165 1846 :
1188 1829 1197 1845 ι
1216 1819 1350 1854 siquidem
1363 1820 1519 1854 juratnento
1533 1819 1725 1847 conﬁrmatum

935 1870 1002 1892 erat.
1014 1864 1097 1892 Recte
1107 1870 1196 1892 autent
1210 1866 1248 1892 ait
1264 1875 1272 1891 i
1289 1865 1480 1892 conﬁrmatum
1493 1874 1500 1898 ;
1514 1875 1523 1891 ›
1540 1873 1603 1892 nam
1613 1866 1638 1893 id
1651 1867 1726 1902 quod

935 1916 1023 1939 ratum
1042 1919 1096 1939 non
1110 1916 1152 1939 est
1171 1911 1260 1939 adhuc
1282 1915 1422 1939 mutatur:
1439 1911 1670 1946 quemadmodum
1697 1916 1725 1938 et

935 1956 994 1992 ipsa
1005 1957 1045 1984 lex
1067 1957 1094 1984 in
1110 1955 1298 1991 Evangelium.
1310 1956 1560 1989 Ἑπιδιατὰσσεται,
1572 1955 1597 1983 id
1607 1963 1659 1988 cst,
1676 1964 1725 1983 su-

936 2003 1071 2039 peraddit.
1093 2012 1102 2028 ι
1121 2002 1204 2030 Dicta:
1226 2007 1300 2034 suttt,
1318 2011 1328 2027 ι
1344 2002 1370 2029 id
1389 2006 1442 2035 est,
1461 2003 1616 2038 promis-sm.
1638 2012 1646 2028 ι
1667 2002 1726 2030 lloc

936 2054 1026 2077 autem
1043 2050 1104 2077 dico
1124 2057 1131 2076 :
1153 2053 1378 2076 testamentum.)
1407 2048 1608 2076 Declaratiunis
1636 2049 1725 2084 gratia

936 2097 1035 2131 repetit
1055 2103 1221 2124 sermonem.
1244 2104 1253 2120 ι
1280 2095 1297 2121 Α
1323 2094 1378 2122 Deo
1398 2102 1461 2131 erga
1478 2094 1631 2123 Christum.
1650 2104 1659 2121 ι
1684 2095 1725 2122 Ad

935 2141 1076 2169 Christum
1098 2142 1171 2168 enim
1187 2140 1315 2175 vergebat
1331 2141 1491 2175 promissio.
1508 2140 1582 2167 Dixit
1606 2148 1725 2174 namque

937 2195 987 2221 per
1000 2194 1093 2213 semen
1107 2186 1194 2220 ipsius
1209 2185 1410 2212 benedicendas
1425 2192 1486 2212 esse
1508 2189 1612 2218 gentes.
1631 2183 1725 2218 Siqui-

936 2232 998 2260 dem
1016 2232 1067 2258 hoc
1083 2231 1205 2266 designat
1223 2230 1252 2257 ὲν
1269 2230 1325 2262 σοί,
1342 2230 1369 2256 id
1395 2234 1448 2261 est,
1474 2231 1499 2256 in
1518 2234 1542 2256 te
1557 2230 1596 2256 vel
1612 2237 1658 2264 per
1688 2236 1723 2257 te.

938 2277 1036 2305 Semen
1053 2282 1143 2304 autem
1156 2275 1273 2303 Abralue
1286 2276 1363 2310 juxta
1384 2283 1495 2302 carnem
1509 2280 1567 2302 erat
1585 2275 1723 2303 Christus.

940 2333 950 2349 ί
968 2323 1033 2356 Qiue
1064 2327 1126 2357 post
1152 2329 1239 2349 annos
1264 2322 1480 2356 quadringentos
1510 2325 1538 2347 et
1567 2321 1693 2355 triginta.
1712 2330 1722 2346 ›

936 2369 1135 2403 Quadringenti
1151 2373 1177 2395 et
1190 2367 1302 2403 triginta
1319 2367 1384 2394 attni
1410 2366 1462 2394 hoc
1483 2366 1564 2393 tnodo
1588 2366 1726 2401 colligun-

936 2420 997 2443 tur:
1017 2423 1030 2442 a
1048 2415 1248 2450 septuagesimo
1261 2413 1357 2448 quinto
1374 2420 1446 2440 anno
1462 2413 1579 2440 Abrahae
1593 2420 1680 2446 usque
1691 2413 1726 2438 ad

937 2461 1119 2489 centesimum
1133 2462 1198 2496 (quo
1215 2463 1296 2487 natus
1310 2463 1352 2487 est
1364 2459 1452 2494 Isaac)
1467 2464 1647 2486 numerantur
1660 2457 1725 2484 anni

940 2508 1037 2542 viginti
1057 2508 1199 2542 quinque;
1215 2506 1292 2533 Isaac
1312 2505 1377 2532 anni
1393 2505 1534 2540 sexaginta
1545 2505 1618 2540 (cum
1635 2503 1659 2530 ei
1676 2510 1726 2530 na-

938 2559 982 2581 tus
998 2552 1143 2587 estJacolu)
1154 2573 1161 2585 ,
1176 2551 1240 2578 anni
1255 2551 1342 2578 Jacoh
1360 2551 1506 2585 nonaginta
1521 2550 1640 2584 quinque
1652 2548 1726 2584 (cum

938 2601 1032 2635 genuit
1046 2598 1175 2633 Josupli);
1196 2599 1260 2624 anni
1273 2597 1387 2632 .losepli,
1399 2601 1509 2624 centum
1534 2596 1645 2627 decem;
1659 2594 1726 2621 anni

941 2647 968 2672 in
987 2645 1105 2680 (Egypto
1130 2644 1261 2672 transacti
1281 2648 1391 2672 centum
1405 2642 1586 2678 quadraginta
1609 2646 1727 2676 quatuor

945 2690 970 2726 (a
995 2695 1084 2717 ntorte
1109 2690 1222 2725 Joseph,
1240 2689 1323 2724 idque
1344 2689 1494 2717 secundutn
1518 2686 1726 2715 translationem

940 2737 1022 2764 simul
1038 2738 1102 2764 anni
1119 2737 1313 2772 quadringenti
1330 2741 1357 2763 et
1371 2735 1481 2770 triginta
1496 2739 1604 2769 quater.
1626 2741 1636 2758 ι
1657 2731 1727 2760 Nam

94 2791 118 2819 si
127 2774 171 2818 ἐι
185 2774 243 2824 lege
258 2792 300 2815 est
314 2785 471 2813 hatredltas.
491 2794 500 2810 ι
517 2783 578 2818 Ipse
594 2783 620 2809 id
636 2783 833 2816 interpretatus
847 2788 898 2810 est.
918 2784 946 2811 Si
962 2785 1034 2811 enim
1055 2792 1102 2819 per
1117 2785 1201 2819 legem
1219 2783 1291 2811 venit
1305 2782 1459 2809 benedictio
1474 2784 1502 2807 et
1519 2774 1573 2806 non
1589 2787 1636 2814 per
1648 2778 1729 2805 Chri-

94 2843 179 2870 stum,
193 2836 324 2870 abrogata
338 2838 364 2861 et
382 2832 516 2859 exstincta
536 2834 578 2857 est
599 2830 746 2864 promissio
765 2833 792 2856 et
815 2833 1010 2858 testamentum
1031 2831 1089 2859 Dei.
1108 2841 1117 2857 ε
1137 2832 1187 2859 Per
1205 2830 1416 2866 promissionem
1436 2827 1556 2857 donarit.
1579 2836 1588 2854 ι
1611 2827 1728 2855 Benedi-

95 2886 228 2917 clionem,
242 2882 341 2919 inquit,
356 2887 404 2916 per
417 2879 627 2915 promissionem
643 2878 754 2906 donavit
775 2877 845 2905 Dens
860 2881 885 2905 et
898 2886 952 2907 non
968 2887 1016 2915 per
1032 2878 1130 2913 legem.
