1872 3049
175 123 243 156 1127

210 181 254 214 Ill,
271 179 361 207 19-20.
382 178 452 211 Quid
469 178 550 212 igitur
575 176 617 202 (ea:
638 175 650 202 ?
674 175 785 209 Propter
809 181 941 209 transgres
971 179 992 204 Α

172 228 256 254 siones
266 225 358 251 addita
370 224 429 256 fuit,
440 222 521 249 donec
534 222 629 248 ueniret
643 228 728 247 semen
739 220 781 246 cui
796 220 957 254 promissum

174 274 270 308 fuerat,
296 271 417 297 ordinata
443 276 490 303 per
505 267 611 302 angelos
632 267 659 294 in
682 275 764 294 manu
781 267 956 294 mediatoris:

173 318 300 345 mediator
314 321 401 343 autent
416 315 493 341 unius
509 322 561 340 non
579 319 629 345 est,
645 318 672 340 at
687 312 757 340 Deut
773 320 840 340 unus
854 317 903 340 est.

207 403 275 436 Quid
299 400 469 437 igitur’lcx?
495 399 637 435 Tanquam
661 407 692 426 ex
722 399 880 433 objectione
904 399 955 426 sibi

172 450 274 476 dictttm
290 451 384 475 esset:
405 446 461 473 Cur
474 453 539 480 ergo
558 445 620 471 data
638 444 679 471 lex
697 450 748 475 est,
772 444 795 472 si
819 444 853 471 ad
873 445 958 471 haere-

171 495 283 521 ditatem
308 492 482 520 introducere
510 499 564 517 non
595 490 704 526 potest?
727 490 843 525 Propter
867 494 957 517 trans-

173 542 337 575 gressiones.
359 540 417 568 Non
434 540 550 570 frustra,
579 538 678 573 inquit.
694 537 758 565 data
783 542 835 569 est,
861 536 907 564 sed
924 544 957 563 tte

173 586 354 621 transgressio
382 586 459 612 ﬁeret
484 583 649 618 beneplaciti
679 581 739 614 Dei,
757 586 786 608 ut
802 582 845 609 vel
871 588 955 616 pauca

171 633 260 667 aliqua
281 632 381 659 delicta
409 630 577 665 prohiberet.
598 627 677 664 742
699 637 708 654 ι
733 628 832 655 Addita
862 627 924 655 fuit.
945 637 953 652 ι

170 677 254 705 Recte
271 677 328 704 ait:
350 687 359 701 σ
381 676 479 704 Addita
495 675 559 707 fuit,
574 684 583 701 ι
606 679 637 702 ut
657 674 784 702 ostendat
800 674 885 708 legem
901 680 956 700 non

171 731 231 750 esse
252 723 369 757 primum
388 721 538 756 exemplar,
558 720 788 758 quemadmodum
810 723 876 746 sunt
892 727 956 754 pro-

171 767 327 799 missiones,
340 767 386 793 sed
400 767 490 792 datam
507 773 537 792 ev
557 765 650 799 aliquo
670 769 731 799 post
753 764 825 799 qttod
844 771 957 792 succes-

171 812 216 839 sit.
234 821 243 837 ε
259 812 353 838 Donec
374 812 490 838 veniret.
511 819 519 836 ι
549 810 601 837 Sed
619 817 673 836 non
697 810 724 836 in
748 810 955 844 sempiternum,

716 117 914 149 (ECUMENH
926 116 1070 144 TRICCE
1093 114 1262 144 EPISCOPI

1048 173 1077 199 Τί
1111 170 1168 199 οὖν
1198 173 1215 198 ὁ
1243 170 1353 205 νόμος;
1391 171 1453 198 Τῶν
1481 169 1684 204 παραϐάσεων
1714 168 1795 202 χάριν·

1008 217 1186 251 προσετέθη,
1206 215 1293 250 ἄχρις
1311 213 1347 243 οὗ
1364 217 1440 249 ἔλθῃ
1454 215 1488 242 τὸ
1513 215 1635 249 σπέρμα
1660 214 1685 246 ᾦ
1709 213 1795 247 ἐπήτ-

1008 265 1123 297 τελται,
1141 261 1292 296 διαταγεὶς
1321 260 1359 287 δι’
1376 260 1506 295 ἀγγέλου
1521 261 1557 287 ἑν
1569 260 1645 293 χειρὶ
1659 260 1794 293 μεσίτου.

1014 310 1040 335 '0
1060 308 1094 335 δὲ
1111 308 1240 344 μεσίτης
1265 307 1335 340 ἑνὸς
1362 308 1419 334 οὐκ
1445 307 1542 339 ἐστιν,
1563 308 1579 333 ὁ
1604 306 1640 333 δὲ
1665 306 1740 338 Θεὸς
1756 303 1795 337 εἶς

1007 355 1102 382 ἐστιν.

1046 411 1055 427 ι
1068 401 1100 428 Τί
1113 401 1158 427 οὖν
1168 401 1181 426 6
1191 401 1288 435 νόμος;
1310 400 1353 431 Ὦς
1364 399 1393 432 ἐξ
1407 399 1570 430 ἀντιθέσεως
1588 399 1699 433 εἴρηται
1715 397 1795 432 αὐτῷ.

1008 448 1041 474 Τί
1050 447 1095 474 οὖν
1105 448 1118 473 6
1125 447 1205 481 νόμος
1213 446 1301 480 ἐδόθη,
1312 447 1405 480 φησὶν,
1415 446 1438 472 εἰ
1447 445 1533 471 σῶσαι
1544 445 1595 471 οὐκ
1605 444 1694 479 ἰσχύει
1705 452 1712 475 ;
1724 443 1797 469 «Τῶν

1009 493 1190 528 παραϐάσεων
1211 492 1302 527 χάριν.
1319 502 1328 518 ι
1351 491 1408 518 Οὐκ
1430 491 1492 524 εξκῆ
1510 490 1598 524 ἐδόθη,
1627 489 1723 524 φησὶν,
1741 488 1797 514 ἀλλ’

1008 539 1053 565 ἵνα
1080 539 1117 574 μὴ
1145 538 1348 574 παραϐαίνηται
1372 537 1402 563 τὸ
1428 537 1523 564 δοκοῦν
1532 535 1570 572 τῷ
1588 535 1660 570 Θεῷ,
1677 535 1723 561 ἵνα
1748 533 1797 561 κᾶν

1008 586 1100 619 ὀλίγας
1113 584 1302 619 πλημμελείας
1315 583 1418 618 κωλύῃ.

1046 642 1054 656 ι
1076 630 1238 666 Προσετέθη.
1251 640 1260 655 ›
1280 629 1376 661 Καλῶς
1391 629 1432 661 τὺ,
1449 639 1457 654 ι
1469 628 1633 662 Προσετέθνη,
1647 637 1657 653 ι
1671 627 1717 654 ἵνα
1725 627 1799 661 65551;,

1008 677 1053 704 τὸν
1071 677 1151 710 νόμον
1170 677 1206 711 μὴ
1218 677 1282 703 ὄντα
1300 676 1477 710 πρωτότυπον
1491 696 1498 706 ,
1524 675 1619 708 ὥσπερ
1630 675 1659 701 αἱ
1675 675 1799 706 ἐπαγγε-

1008 724 1063 750 λίαι
1091 724 1179 755 είσὶν,
1213 723 1271 749 ἀλλ’
1293 723 1324 755 ἐξ
1349 723 1545 758 ἐπιγενομένου
1572 721 1644 752 nvi;
1672 720 1796 747 διθέντα.

1011 778 1020 793 ι
1042 769 1138 802 Ἀχρις
1152 765 1182 794 οὗ
1199 769 1274 803 ἔλθῃ.
1295 777 1304 794 ›
1324 768 1396 794 Ἀλλ’
1411 769 1460 794 οὐκ
1473 768 1512 798 είς
1527 765 1798 800 ἀπέριντον,φησὶν,

1008 815 1022 841 6
1050 815 1131 849 νόμος
1157 814 1246 849 ἐδόθη,
1269 814 1327 840 ἀλλ’
1350 814 1431 849 ἄχρις
1447 810 1478 840 οὗ
1505 813 1570 847 ἔλθῃ
1593 813 1608 838 ὁ
1627 812 1760 846 Χριστος,
1776 807 1799 843 ᾧ

171 857 268 891 inquit,
285 857 348 883 data
358 860 400 883 est
412 856 466 886 lex,
479 856 526 882 sed
543 855 652 882 interim
665 855 730 882 dum
745 856 851 882 veniret
863 855 938 885 Chris

1046 861 1177 895 ήγγελται
1194 860 1224 886 τὸ
1239 860 1390 894 ὲνευλογεϊν
1407 859 1495 885 πάντα
1511 858 1543 884 τὰ
1561 857 1634 892 ἔθνη.
1657 866 1667 882 ι
1698 857 1800 882 Διατε-

172 907 228 934 tus,
245 902 290 928 cui
314 901 478 935 promissum
499 900 550 927 fuit
572 900 644 934 quod
666 900 838 927 bettediceret
858 908 954 928 omnes

170 951 274 981 gentes.
297 956 306 972 t
331 947 462 974 Ordinata
487 955 535 981 per
562 947 683 981 angelos.
706 956 714 971 ι
752 946 818 972 Data
844 951 886 973 est
914 946 955 972 lex

170 993 309 1020 ordinata.
327 993 379 1019 hoc
397 997 449 1024 est,
469 992 658 1020 administrata
674 998 701 1019 ct
716 995 819 1019 statuta
836 999 884 1026 per
901 999 956 1017 tue-

170 1039 230 1066 dios
246 1039 367 1074 angelos.
387 1039 412 1065 id
436 1043 488 1069 est,
505 1045 553 1073 per
572 1038 743 1069 sacerdotes,
764 1043 810 1064 aut
828 1045 889 1064 tere
909 1045 957 1072 per

170 1085 291 1119 angelos.
310 1084 337 1111 1n
355 1092 449 1116 manu,
470 1084 568 1118 inquit,
584 1083 745 1111 mediatoris
757 1084 819 1110 data
833 1088 885 1116 est,
904 1083 956 1110 hoc

169 1133 224 1160 est,
247 1128 359 1156 Christi.
391 1128 451 1156 Vult
475 1129 547 1155 cnim
571 1129 715 1156 ostendere
739 1133 766 1156 et
792 1129 877 1164 legem
905 1128 956 1156 sub

169 1174 278 1202 Christo
305 1174 408 1207 datam,
435 1178 464 1200 ut
493 1175 552 1209 ipse
576 1182 685 1209 quoque
716 1180 812 1209 potens
832 1180 903 1202 esset
923 1174 955 1201 ad

170 1220 320 1247 tollendum
335 1230 341 1246 :
361 1228 422 1247 nam
439 1221 462 1248 is
476 1221 522 1255 qui
540 1220 627 1253 dedit,
650 1221 732 1247 etiam
750 1220 890 1247 auferendi
906 1228 956 1255 po-

171 1270 296 1293 testatem
310 1266 401 1292 habet.
419 1265 594 1292 Mediatorem
607 1270 699 1292 attletu
713 1269 791 1292 vocat
804 1265 955 1297 Christum,

175 1320 207 1339 eo
230 1312 303 1346 quod
332 1312 519 1339 intercesserit
551 1312 622 1339 inter
647 1313 755 1338 Patrem
777 1315 804 1338 et
820 1311 955 1338 hominem

171 1361 300 1393 tanquam
317 1358 351 1385 ad
380 1358 540 1390 amicitiam,
557 1362 584 1385 et
601 1357 792 1384 conciliaverit
809 1364 859 1384 nos
886 1356 956 1391 apud

171 1404 266 1436 Deum,
282 1405 327 1439 qui
348 1404 411 1431 facti
428 1412 540 1432 eramus
554 1403 667 1431 inimici.
686 1413 695 1428 (
715 1402 744 1430 in
763 1411 843 1430 manu
858 1403 958 1430 media-

171 1449 251 1476 toris.
271 1458 280 1475 ι
298 1449 475 1477 Mediatorcm
496 1449 540 1476 hic
554 1449 620 1476 dicit
636 1448 789 1481 Christum,
807 1449 957 1476 ostendens

170 1495 242 1530 quod
266 1495 324 1530 ipse
347 1503 455 1530 quoque
476 1495 562 1530 legem
590 1495 666 1530 prius
691 1495 803 1523 dederit.
827 1494 959 1522 liediator

172 1545 262 1568 autem
279 1541 358 1568 uuius
373 1550 427 1568 nou
441 1545 491 1573 est,
507 1546 535 1568 at
549 1541 619 1569 Deus
637 1549 708 1569 unus
723 1545 792 1569 est.»
811 1541 955 1573 Mediator,
973 1527 993 1556 θ

171 1587 271 1621 inquit,
283 1587 397 1614 duorum
415 1587 572 1622 aliquorum
591 1587 621 1614 iit
636 1588 778 1614 mediator.
794 1587 879 1621 Cujus
891 1594 957 1621 ergo

172 1633 306 1659 mediator
321 1637 364 1660 est
388 1632 537 1659 Christus?
550 1632 632 1659 Certe
651 1637 678 1659 et
694 1632 836 1659 hominum
849 1637 876 1658 et
898 1631 955 1658 Dei.

170 1677 251 1706 Vides
277 1679 414 1714 quoutodo
435 1679 494 1712 ipse
511 1679 644 1705 ostendat
671 1678 743 1712 quod
774 1678 832 1712 ipse
848 1685 956 1712 quoque

169 1725 254 1760 legem
269 1724 386 1757 dederit,
397 1729 424 1751 et
440 1729 536 1758 potens
553 1724 589 1751 sit
605 1731 717 1751 rursum
733 1723 814 1751 etiatu
831 1722 957 1750 Solvere?

208 1779 218 1796 ι
237 1770 370 1798 Mediator
394 1774 485 1796 autem
513 1769 596 1796 unius
622 1777 675 1796 non
699 1773 752 1797 est.
774 1779 783 1796 ι
803 1769 871 1797 Dicit
893 1777 957 1804 ergo

171 1816 244 1850 quod
271 1815 358 1842 Moses
381 1814 490 1849 quidem
525 1815 662 1841 mediator
699 1815 780 1842 fuerit
811 1815 844 1842 ad
872 1814 958 1841 datio—

170 1869 232 1888 nem
260 1861 349 1895 legis,
384 1861 431 1887 sed
457 1861 503 1887 tttti
537 1860 589 1888 soli
620 1860 693 1895 genti
722 1860 854 1887 mediator
880 1860 956 1887 fuit:

169 1910 277 1941 oportet
294 1910 384 1933 autem
403 1914 465 1934 eum
493 1906 539 1941 qui
554 1913 619 1933 vere
636 1905 769 1933 mediator
791 1906 900 1932 futurus
916 1909 957 1933 est

169 1960 232 1986 erga
247 1960 332 1979 unum
354 1952 438 1979 Deum
453 1952 574 1979 omnium
592 1953 725 1987 gentium,
741 1952 830 1979 creari
845 1959 896 1978 non
909 1959 957 1978 stt--

169 2005 218 2033 per
241 1998 435 2026 mediatiouem
463 1998 546 2025 unius
565 1999 662 2033 gentis,
681 1997 730 2025 sed
750 1997 871 2024 omuiutn
892 2004 958 2031 gen-
978 2023 982 2027 ,

170 2043 253 2069 tium:
272 2043 497 2078 quandoquidem
512 2043 594 2070 etiam
608 2043 729 2070 omnium
746 2043 867 2077 gentium
886 2050 957 2069 unus

168 2092 213 2114 est
230 2087 311 2114 Deus.
338 2086 410 2114 hunc
427 2091 519 2114 autem
545 2095 608 2114 esse
641 2091 751 2122 oportet
778 2095 833 2114 non
854 2087 956 2114 nudum

171 2131 322 2165 hominem,
338 2132 429 2167 qualis
445 2137 504 2160 erat
518 2131 621 2164 Moses,
637 2132 684 2160 sed
701 2132 842 2160 Christum
856 2131 956 2159 Filium

1008 907 1067 939 γεὶς
1092 906 1126 931 δι’
1140 905 1266 938 ἀγγέλου.
1289 914 1297 930 ι
1319 903 1412 938 Ἐδόθη
1442 903 1469 929 δὲ
1488 903 1502 929 6
1527 903 1618 937 νόμος,
1643 899 1798 933 διαταγεξ,

1006 950 1139 977 τουτέστι.
1155 949 1330 984 διακονηοεὶς
1341 950 1388 975 καὶ
1402 949 1543 982 Enn-arsi;
1558 947 1602 973 διὰ
1632 946 1725 981 μέσων
1746 946 1799 978 ἀτη

1007 995 1110 1028 γέλων,
1127 994 1143 1029 ἢ
1170 994 1222 1020 τῶν
1244 993 1350 1028 ἱερέων,
1374 993 1390 1027 ἢ
1412 993 1496 1023 ὅντως
1510 991 1643 1025 ἀγγέλων.
1664 991 1709 1016 Ἐν
1724 989 1801 1024 xui"

1009 1041 1121 1075 μεσίτου
1143 1040 1232 1074 ἐδόθη,
1259 1039 1335 1074 φησὶ,
1360 1039 1494 1068 τουτέστι,
1510 1038 1556 1064 τοῦ
1571 1035 1700 1070 Χριστοῦ,
1717 1035 1800 1061 ϐέλει

1007 1086 1061 1120 γὰρ
1078 1086 1160 1117 δετξσιι
1193 1085 1299 1111 καὶτὸν
1323 1085 1403 1118 νόμον
1424 1083 1476 1110 ὑπὸ
1494 1082 1613 1118 Χριστοῦ
1640 1081 1798 1114 δεδομένον,

1008 1131 1050 1157 ἵνα
1070 1132 1116 1157 καὶ
1143 1131 1189 1156 τοῦ
1217 1131 1321 1157 ἀνελεῖν
1335 1131 1417 1156 αὑτὸν
1436 1129 1530 1164 κύριος
1553 1129 1676 1162 γένηται.
1693 1128 1725 1154 Ὀ
1739 1126 1800 1160 γὰρ

1006 1177 1142 1208 δεδωκὼς,
1157 1176 1204 1202 καὶ
1218 1177 1322 1202 ἀνελεῖν
1345 1176 1472 1208 ἐξουσίαν
1485 1175 1553 1210 ἔχει.
1571 1174 1692 1208 Μεσίτην
1707 1173 1735 1199 δὲ
1749 1173 1800 1198 τὸν

1007 1223 1124 1257 Χριστὸν
1138 1222 1226 1254 καλεῖ,
1246 1222 1290 1249 διὰ
1304 1223 1334 1248 τὸ
1346 1221 1506 1257 μεσιτεῦσαι
1517 1221 1555 1255 τῷ
1582 1221 1670 1256 [lupi
1681 1220 1801 1249 καὶτοῖς

1007 1268 1172 1302 ἀνθρώποις,
1191 1265 1247 1294 οἷον
1263 1267 1331 1303 πρὸς
1365 1267 1468 1302 φιλίαν,
1489 1267 1536 1293 καὶ
1571 1264 1801 1294 ἀποκαταλλάξαι

1007 1314 1080 1348 ἡμᾶς
1095 1314 1162 1348 πρὸς
1176 1313 1220 1339 τὸν
1239 1314 1316 1344 Θεὸν,
1334 1312 1637 1348 ὲκπεπολεμωμένους.‹
1658 1310 1700 1336 Ἐν
1719 1307 1801 1344 χειρὶ

1009 1360 1128 1394 μεσίτου.
1165 1368 1174 1385 ι
1200 1359 1314 1395 [ΙΩΑΝ.]
1344 1359 1466 1393 Μεσίτην
1493 1357 1608 1384 amas:
1638 1356 1682 1382 τὸν
1725 1355 1802 1388 Χρι-

1010 1404 1070 1431 στόν
1090 1413 1166 1439 φησι,
1180 1405 1289 1436 δεικνὺς
1298 1405 1338 1431 ὅτι
1354 1405 1402 1430 καὶ
1415 1404 1547 1440 πρότερον
1561 1402 1605 1428 τὸν
1614 1402 1692 1436 νόμον
1710 1400 1800 1430 also;

1009 1450 1118 1476 ἔδωκεν.
1139 1460 1149 1475 t
1177 1450 1205 1477 '0
1218 1450 1246 1476 δὲ
1264 1451 1388 1485 μεσίτης,
1407 1450 1501 1485 φησὶν,
1519 1449 1579 1480 ἑνὸς
1602 1449 1652 1474 οὐκ
1675 1446 1768 1479 ἐστιν,
1787 1447 1801 1472 6

1009 1496 1036 1522 δὲ
1056 1496 1121 1526 Θεὸς
1133 1493 1172 1527 εἷς
1188 1497 1272 1523 ἐστιν.
1293 1505 1303 1522 ι
1328 1496 1357 1522 ’0
1385 1495 1509 1530 μεσίτης,
1539 1494 1616 1528 φησὶ,
1639 1492 1685 1519 δύο
1711 1492 1801 1518 τινῶν

1010 1541 1113 1575 γίνεται
1131 1541 1254 1575 μεσίτης.
1268 1541 1348 1572 Τίνος
1364 1540 1411 1567 οὖν
1431 1540 1544 1575 μεσίτης
1561 1543 1574 1566 ὸ
1592 1539 1728 1574 Χριστός;
1745 1540 1801 1572 Δη-

1008 1587 1094 1613 λονότι
1110 1587 1260 1622 ἀνθρώπων
1272 1595 1300 1613 τε
1316 1580 1363 1613 δία).
1378 1586 1457 1613 Θεοῦ.
1479 1586 1562 1621 Ὁρᾷς
1586 1585 1644 1617 πῶς
1657 1585 1801 1611 δείκνυσιν

1008 1634 1049 1659 ὅτι
1077 1634 1123 1659 καὶ
1158 1634 1204 1659 τὸν
1221 1633 1303 1667 νόμον
1320 1633 1404 1664 αὐτὸς
1417 1633 1513 1664 ἔδωκε,
1531 1634 1577 1658 καὶ
1592 1631 1682 1666 κύριος
1699 1631 1736 1657 ἂν
1755 1632 1800 1665 εἴη

1010 1679 1056 1704 καὶ
1069 1678 1159 1704 λύσειν
1172 1678 1253 1704 πάλιν
1265 1686 1273 1711 ;

1047 1775 1056 1791 ‹
1083 1767 1111 1793 Ὀ
1134 1766 1162 1793 δὲ
1192 1766 1305 1800 μεσίτης
1329 1767 1388 1797 ἑνὸς
1412 1766 1462 1793 οὐκ
1492 1766 1575 1793 ἔστιν.
1591 1776 1600 1791 ι
1632 1765 1710 1798 Λέγει
1738 1765 1800 1792 τοία

1010 1822 1068 1844 νυν,
1100 1813 1141 1839 ὅτι
1159 1813 1259 1846 Μωσῆς
1284 1813 1333 1847 μὲν
1356 1812 1515 1847 ἐμεσίτευσε
1547 1812 1615 1847 προς
1643 1811 1690 1845 τὴν
1717 1811 1799 1838 δόσιν

1008 1858 1054 1884 τοῦ
1080 1857 1176 1892 νόμου,
1204 1857 1262 1883 ἀλλ’
1281 1857 1414 1892 ἑνὶμόνον
1436 1857 1613 1892 ἐμεσίτευσεν
1637 1856 1716 1882 ἔθνει.
1750 1857 1799 1882 Δεῖ

1008 1905 1037 1930 δὲ
1057 1904 1104 1930 τὸν
1130 1903 1168 1934 ὡς
1190 1903 1297 1939 ἀληθῶς
1324 1903 1455 1937 μέλλοντα
1480 1903 1632 1938 μεσιτεύειν
1657 1903 1726 1938 πρὸς
1751 1903 1798 1929 τὸν

1008 1949 1063 1976 τῶν
1095 1942 1221 1976 ἁπάντων
1253 1949 1339 1975 ἐθνῶν
1373 1949 1420 1975 ἕνα
1450 1949 1535 1978 Θεὸν.
1562 1949 1611 1984 οὐχ
1638 1948 1706 1983 ὑπὲρ
1734 1949 1799 1980 ἑνὸς

1009 1995 1121 2027 ἔθνους,
1149 1995 1206 2021 ἀλλ’
1234 1995 1304 2030 ὑπὲρ
1327 1994 1436 2021 πάντων
1467 1996 1543 2030 κοινῇ
1573 1994 1624 2030 τὴν
1652 1995 1798 2029 μεσιτείαν

1008 2041 1186 2076 ποιήσασθαι,
1197 2041 1290 2075 ἐπειδὴ
1306 2041 1352 2067 καὶ
1368 2041 1477 2067 πάντων
1494 2040 1577 2066 ἐθνῶν
1593 2037 1632 2071 εἷς
1645 2041 1702 2065 ἐστι
1712 2039 1797 2070 Θεός.

1009 2087 1058 2122 Είη
1079 2087 1102 2113 δ’
1120 2086 1152 2113 ἂν
1179 2083 1268 2119 οὗτος,
1296 2086 1326 2112 οὑ
1352 2086 1428 2121 ψιλὸς
1453 2086 1595 2120 ἄνθρωπος
1609 2083 1662 2117 οἷος
1677 2086 1796 2120 Μωσῆς,

1009 2133 1076 2160 ἀλλὰ
1103 2132 1221 2167 Χριστὸς
1234 2132 1248 2158 ὁ
1259 2132 1324 2162 Υἱὸς
1340 2131 1388 2158 τοῦ
1412 2131 1492 2165 Θεοῦ,
1507 2132 1572 2163 Θεὸς
1586 2140 1616 2158 τε
1634 2131 1671 2158 ὢν
1684 2131 1797 2165 ἀληθῶς

168 2177 226 2210 Dei,
247 2179 293 2213 qui
308 2178 378 2205 idem
396 2178 479 2206 simul
494 2186 559 2206 vere
577 2177 649 2205 Deus
664 2183 705 2206 est
736 2183 763 2205 et
776 2186 839 2206 vere
852 2178 934 2205 homo

1046 2179 1112 2210 ιὺτὺς
1130 2178 1200 2213 ἅμα,
1214 2178 1262 2204 καὶ
1275 2178 1419 2213 ἄνθρωπος
1436 2178 1553 2213 ἀληθῶς,
1572 2179 1618 2205 καὶ
1646 2180 1677 2213 τῇ
1693 2187 1797 2213 συγγε·

168 2230 194 2251 et
205 2225 370 2258 cognatione
384 2232 466 2259 quam
479 2225 513 2252 ad
530 2229 681 2260 utrumque
694 2225 786 2258 habet,
807 2229 955 2259 utrumque

169 2270 194 2297 in
203 2270 294 2304 seipso
304 2269 456 2306 conjungit.
473 2270 563 2304 «ipse»
576 2270 711 2304 siquidem
725 2275 839 2306 (estpax
850 2275 954 2303 nostta,

168 2316 215 2350 qui
237 2316 301 2343 facit
315 2323 349 2343 ex
363 2316 487 2350 utrisque
502 2324 613 2343 unum.»
633 2330 665 2335 —-
679 2325 688 2341 ε
702 2315 790 2344 Unius
803 2324 856 2343 non
873 2322 924 2344 est.
943 2326 953 2342 ι

168 2361 227 2388 Non
238 2361 309 2387 enim
324 2361 376 2388 fuit
389 2361 471 2388 unius
489 2361 692 2394 tttediator,’sed
704 2361 751 2389 Dei
760 2366 787 2390 et
802 2363 954 2390 hominum.

170 2406 199 2433 Si
217 2411 307 2434 autetn
323 2407 382 2441 ipse
401 2406 536 2434 mediator
553 2406 615 2440 fuit,
630 2407 690 2441 ipse
703 2415 813 2443 quoque
828 2408 953 2436 salvabit.

172 2461 182 2478 ι
200 2452 233 2478 At
248 2451 320 2479 Deus
338 2459 410 2478 unus
427 2455 480 2479 est.
500 2460 509 2477 ι
529 2451 606 2484 Quod
623 2452 646 2479 si
662 2453 774 2480 omnino
790 2460 904 2480 necesse
914 2457 956 2480 est

170 2497 348 2524 mediatorem
371 2497 443 2525 inter
456 2497 524 2525 duos
542 2498 650 2533 aliquos
666 2503 713 2526 aut
725 2499 818 2533 plures
838 2499 911 2526 inter
926 2507 956 2527 se

171 2543 336 2571 dissidentes
350 2551 413 2571 esse
429 2543 616 2578 mediatorem,
633 2545 704 2573 Deus
717 2551 809 2573 autent
823 2553 892 2572 unus
903 2550 954 2578 est,

171 2588 281 2622 planum
296 2592 338 2615 est
351 2588 423 2623 quod
436 2589 508 2616 inter
523 2588 608 2616 Deum
624 2594 650 2617 et
664 2589 790 2617 homines
803 2589 884 2617 fuerit
899 2597 955 2617 me-

172 2634 271 2667 diator,
293 2638 320 2661 et
337 2642 387 2661 nos
410 2634 448 2662 illi
465 2635 666 2663 conciliaverit.
681 2635 710 2662 Si
729 2635 811 2670 igitur
829 2635 955 2663 Christus

170 2684 196 2706 et
214 2687 265 2706 non
296 2680 339 2708 lex
355 2680 513 2707 conciliavit
536 2688 599 2712 nos.
617 2681 792 2707 manifestum
818 2684 860 2708 est
883 2680 955 2715 quod

170 2723 346 2757 Christusvet
367 2725 434 2752 ﬁdes
460 2725 488 2752 in
512 2725 652 2753 Christum
669 2726 769 2758 salvat,
787 2730 815 2753 et
828 2732 884 2753 non
900 2726 954 2754 lex.

170 2782 203 2787 —
221 2769 311 2796 Aliud.
339 2769 411 2797 Deus
437 2774 528 2796 autem
542 2775 584 2797 est
612 2769 658 2804 qui
678 2770 706 2797 e't
726 2769 814 2805 legem
836 2770 910 2798 dedit
929 2775 956 2798 et

171 2812 357 2848 Evangelium,
373 2817 400 2841 et
420 2814 554 2842 mediator
576 2814 629 2842 fuit
645 2822 678 2843 ac
696 2815 886 2845 reconciliavit
899 2817 955 2844 Pa-

1008 2224 1066 2259 νείᾳ
1081 2225 1113 2259 τῇ
1132 2224 1199 2259 πρὸς
1213 2224 1352 2259 ἑκάτερον,
1367 2225 1406 2255 είς
1424 2224 1452 2251 ἓν
1468 2225 1590 2257 συνάγων
1606 2226 1634 2250 ὲν
1656 2224 1748 2259 ἐαυτῷ
1765 2225 1797 2251 τὰ

1007 2270 1135 2305 ἑκάτερα.
1149 2279 1158 2295 ι
1173 2269 1259 2301 Αὐτὸς
1289 2270 1343 2305 γάρ
1360 2270 1434 2297 ἐστιν
1452 2272 1468 2305 ἡ
1482 2271 1577 2306 εἰρήνη
1594 2270 1681 2306 ἡμῶν,
1691 2271 1797 2306 vito-J1-

1007 2325 1056 2348 σας
1069 2317 1102 2343 τὰ
1114 2316 1256 2351 ἀμφότερα
1270 2316 1310 2343 ἕν.
1323 2326 1333 2342 ι
1346 2331 1379 2338 --
1392 2327 1401 2343 ι
1418 2318 1493 2349 Ἐνδς
1505 2319 1554 2344 οὐχ
1570 2318 1653 2345 ἔστιν.
1672 2327 1681 2343 ι
1693 2318 1728 2344 Οὐ
1740 2319 1796 2352 γὰρ

1007 2362 1066 2394 ἐνὸς
1084 2362 1179 2396 γέγονε
1208 2362 1331 2398 μεσίτης,
1359 2363 1426 2390 ἀλλὰ
1439 2363 1506 2390 Θεοῦ
1516 2364 1561 2390 καὶ
1574 2363 1734 2399 ἀνθρώπων.
1765 2364 1795 2390 El

1007 2407 1034 2433 δὲ
1049 2407 1131 2438 αὐτὸς
1149 2405 1321 2441 ἐμεσίτευσε,
1343 2409 1436 2444 φησὶν,
1453 2409 1532 2441 αὐτὸς
1549 2410 1596 2437 καὶ
1619 2409 1710 2436 σώσει.
1727 2419 1737 2434 ‹
1766 2411 1796 2437 '0

1006 2454 1034 2480 δὲ
1046 2453 1111 2484 Θεὸς
1119 2450 1160 2485 εἷς
1176 2455 1260 2482 ἐστιν.
1276 2464 1285 2480 ι
1301 2455 1331 2482 Εἰ
1347 2453 1393 2482 οὖν
1407 2455 1453 2482 τὸν
1469 2457 1582 2491 μεσίτην
1599 2458 1705 2491 ἀνάγκη
1717 2459 1795 2484 πᾶσι

1006 2499 1053 2526 δύο
1067 2499 1146 2526 τινῶν
1157 2500 1174 2535 ἢ
1183 2501 1227 2527 καὶ
1240 2501 1369 2528 πλειόνων
1383 2501 1451 2538 πρὸς
1464 2502 1577 2534 ἑαυτοὺς
1591 2502 1794 2537 διαφερομένων

1007 2542 1077 2571 εἶναι
1105 2546 1229 2580 μεσίτην,
1246 2546 1260 2572 6
1284 2546 1311 2572 δὲ
1325 2546 1391 2578 Θεὺς
1412 2544 1451 2578 εἷς
1469 2547 1552 2578 ἐστιν,
1567 2546 1676 2582 εΰδηλον
1698 2548 1738 2573 ὅτι
1757 2547 1794 2581 τῷ

1006 2591 1065 2626 Θεῷ
1078 2591 1126 2618 καὶ
1140 2593 1195 2623 τοῖς
1209 2591 1362 2627 ἀνθρώποις
1373 2593 1542 2628 ἐμεσίτευσε,
1569 2593 1616 2619 καὶ
1636 2594 1794 2628 ἀποκατήλ-

1006 2636 1086 2669 λαξεν
1100 2637 1174 2672 ἡμᾶς
1189 2637 1257 2672 πρὸς
1271 2637 1363 2666 αὐτόν.
1383 2637 1414 2665 Et
1430 2638 1476 2665 οὖν
1497 2640 1511 2665 6
1524 2639 1640 2674 Χριστὸς
1655 2640 1730 2674 ἡμᾶς
1749 2644 1793 2666 aut

1006 2682 1055 2716 οὐχ
1070 2682 1083 2707 6
1096 2682 1179 2717 νόμος
1190 2682 1421 2718 ἀποκατήλλαξεν,
1439 2684 1551 2720 εὗδηλον
1573 2685 1611 2716 ὡς
1633 2686 1647 2711 6
1676 2685 1792 2720 Χριστὸς

1006 2726 1053 2752 καὶ
1079 2727 1095 2762 ἡ
1121 2728 1161 2758 είς
1174 2727 1256 2754 αὐτὶν
1277 2729 1368 2760 πίστις
1398 2730 1488 2762 σώζει,
1513 2730 1559 2757 καὶ
1588 2731 1637 2765 οὐχ
1659 2731 1673 2757 ὁ
1701 2731 1790 2766 νόμος.

1005 2787 1040 2792 -
1054 2767 1161 2800 Ἀλλά.
1181 2772 1284 2809 [tanta]
1304 2774 1333 2801 '0
1349 2775 1377 2802 δὲ
1390 2775 1457 2808 Θεός
1471 2777 1569 2804 ἐστινό
1584 2777 1631 2804 χαὶ
1653 2777 1699 2804 τδν
1713 2777 1790 2811 νόμον

1006 2819 1054 2846 καὶ
1073 2819 1104 2846 τὸ
1117 2819 1284 2853 Ευαγγέλιον
1305 2820 1378 2855 δοὺς,
1407 2822 1454 2850 καὶ
1472 2822 1635 2857 μεσιτεύσας
1652 2822 1700 2850 καὶ
1726 2822 1791 2852 ἀπο-
