1864 3048
88 222 157 253 1197

550 222 742 252 COMMENT.
759 222 798 252 IN
818 222 935 252 EPIST.
958 223 1005 252 AD
1029 223 1158 254 EPilES.

1643 227 1712 261 1193

87 279 260 312 εὒχαρ.στείν
271 275 425 312 ὀφείλομεν,
442 269 552 312 ὅσῳ-καὶ
568 277 685 312 μάλιστα
702 278 773 310 ξένοι
792 286 823 312 με

976 278 1033 305 .tias
1048 286 1129 313 agere
1142 279 1286 309 debemus.
1302 283 1405 313 quanto
1419 280 1505 314 magis
1519 283 1640 310 extranei
1653 291 1712 310 era-

90 323 157 350 1Kail
172 323 204 350 τὸ
227 323 383 358 μεσότοιχον
397 323 446 349 τοῦ
459 323 615 358 οραγμοῦ.»
627 323 791 358 Μεσότοιχον
804 331 873 358 φρα-

87 368 169 404 γμοῦ,
186 369 265 403 φησὶ,
294 368 343 404 τὴν
362 368 463 404 ἔχθραν
481 369 531 404 τὴν
559 369 628 404 πρὸς
653 368 730 401 Θεὸν,
751 369 829 403 ἡμῶν
843 378 872 395 τε

87 415 133 441 καὶ
152 413 299 446 Ἰουδαίων,
314 414 374 449 ἥτις
388 415 420 440 ὲκ
438 414 492 440 τῶν
511 414 652 450 ἡμετέρων
665 414 768 448 ἐγίνετο
783 423 873 450 παρα-

90 460 256 494 πτωμάτων,
285 460 322 492 ὡς
343 460 388 487 καὶ
404 460 484 492 αὐτός
502 469 568 495 φησι
581 461 625 487 διὰ
647 461 693 487 τοῦ
711 461 850 496 προφήτου
865 469 871 476 ·

94 516 103 531 1
114 506 183 540 Οὐχὶ
201 507 231 532 αἱ
245 507 380 541 ἁμαρτίαι
392 507 469 541 ὑμῶν
495 506 633 533 διιστῶσιν
644 507 780 542 ἀνάμεσον
797 506 874 542 ὑμῶν

87 551 134 578 καὶ
150 552 221 586 ἐμοῦ
232 561 256 585 ;ι
275 553 355 579 Ποῖον
371 552 399 578 δὲ
417 553 574 586 μεσότοιχον
586 561 593 586 ;
607 552 663 587 Τὴν
683 552 783 587 ἔχθραν
795 552 872 587 φησι,

87 598 135 632 τὴν
151 598 222 633 πρὸς
244 598 319 625 Θεόν.
350 606 359 624 1
370 598 414 624 Ἐν
429 600 462 633 τῇ
479 598 570 634 σαρκί·
583 608 592 624 ι
609 598 744 630 τουτέστι,
765 598 809 625 διὰ
825 598 873 633 τῆς

89 643 189 678 σαρκὸς
209 643 302 670 αὑτοῦ.
320 644 351 670 Εἰ
364 644 417 679 γὰρ
438 644 475 679 μὴ
487 644 621 670 ἀπέθανεν
635 644 704 679 ὑπὲρ
719 645 808 678 ἡμῶν,
822 645 873 671 οὐκ

89 686 121 713 ἂν
137 685 219 720 ὲλύθη
235 688 251 721 ἡ
269 687 391 722 ἁμαρτία
418 688 434 722 ἠ
448 688 601 722 χωρίζουσα
628 689 700 723 ἡμᾶς
728 689 781 715 ἀπὸ
794 689 873 716 Θεοῦ.

89 731 227 767 -[ΦΩΤ.]
242 733 328 768 Διπλῆ
356 731 390 767 ἦν
406 734 421 767 ὴ
438 733 534 768 ἔχθρα,
550 735 596 760 καὶ
620 734 730 761 διπλοῦν
743 734 773 761 τὸ
792 735 874 769 μεσό-

89 787 187 813 τοιχον,
215 779 316 813 μᾶλλον
326 779 353 805 δὲ
364 779 411 805 καὶ
427 779 536 814 τριπλῆ.
559 780 640 806 Ἀλλὰ
652 781 700 806 καὶ
715 780 782 815 πρὸς
793 778 875 814 ἀγγέ-

89 823 149 856 λους
169 824 360 858 ὲξεπολὲμωτο
373 824 403 850 τὸ
418 824 597 860 ἀνθρώπινονζ
614 825 671 852 Νῦν
686 825 714 852 δὲ
728 826 795 857 τέως
810 826 876 861 περὶ

89 869 142 896 τῶν
157 869 205 896 δύο
219 869 408 905 διαλαμϐάνει,
418 871 451 905 ἢν
467 868 539 905 εἶχον
550 871 575 897 οἱ
589 871 617 903 ἐξ
633 871 717 898 ἐθνῶν
728 871 796 906 πρὸς
814 872 877 903 τοὺς

89 915 118 948 ἐξ
135 915 281 948 Ἰουδαίων,
295 916 342 942 καὶ
357 916 390 951 ἥν
403 917 486 951 ἄμφω
500 916 566 951 πρὸς
582 917 627 942 τὸν
637 916 704 942 Θεὸν
726 918 781 943 τῶν
797 917 876 949 ὅλων,

90 959 145 987 ἀλλ’
162 961 300 996 ἑκατέραν
314 961 414 996 ἔχθραν
427 962 473 988 καὶ
489 962 620 998 ἑκάτερον
635 962 802 998 μεσὸτοιχον,
818 963 876 989 ἑλυ-
894 952 913 979 Β

92 1014 120 1031 σε
136 1006 256 1041 Χριστὸς
265 1007 279 1033 ὁ
290 1006 355 1038 Θεὸς
370 1007 458 1042 ἡμῶν.
481 1017 490 1033 ‹
503 1008 553 1034 Τὸν
564 1008 645 1042 νόμον
658 1008 712 1034 τῶν
726 1008 851 1035 ἐντολῶν.
864 1018 872 1034 ι

97 1051 204 1088 Ἐπειδὴ
215 1052 301 1079 ἔδωκε
309 1053 356 1079 τὸν
366 1054 458 1088 νόμον,
469 1053 686 1088 ἁσφαλιζὸμενον
697 1055 782 1089 ἡμᾶς,
795 1055 875 1090 ἡμεῖς

90 1097 116 1124 δὲ
134 1098 297 1134 παρέσημεν
313 1099 395 1125 αὑτὸν
415 1100 438 1126 οἱ
463 1099 613 1135 ἄνθρωποι,
626 1099 703 1126 ἔλυσε
717 1100 766 1127 καὶ
792 1100 875 1127 αὑτὸν

91 1145 134 1171 τὸν
149 1146 244 1179 νόμον.
264 1145 369 1181 Ὠσπερ
387 1146 418 1172 ἂν
434 1146 461 1172 εί
471 1154 514 1177 τις
533 1146 708 1181 παιδαγωγὸν
722 1146 784 1178 δοὺς
810 1155 876 1174 παι-

90 1193 146 1228 δίῳ,
163 1193 229 1220 ἐπεὶ
241 1193 278 1228 μὴ
287 1194 369 1225 ἤκουε
381 1193 428 1218 τοῦ
441 1192 628 1227 παιδαγωγοῦ,
643 1193 786 1229 ἐλεύθερον
799 1193 874 1220 εῐασε

92 1239 138 1264 καὶ
151 1238 199 1266 τοῦ
219 1237 406 1273 παιδαγωγοῦ,
420 1237 479 1265 δέον
495 1238 618 1266 κολάσαι.
628 1238 814 1274 Καταργήσας
830 1238 869 1272 δὲ,

93 1285 166 1319 φησὶ,
179 1285 228 1311 τὸν
244 1285 325 1320 νόμον
335 1285 364 1310 ὲν
377 1284 520 1319 δόγμασιν,
532 1284 549 1320 ἢ
563 1286 596 1320 τῇ
614 1284 713 1316 πίστει,
733 1284 749 1319 ἢ
767 1282 807 1316 οἷς
824 1284 874 1311 αὖ·

91 1330 134 1362 τὸς
158 1331 254 1357 εἶπεν·
283 1339 293 1356 1
310 1330 381 1364 Ἐγὼ
395 1330 433 1362 δὲ,
453 1331 529 1365 φησὶ,
557 1330 628 1364 λέγω
643 1329 779 1365 ’ὐμῖν.»-
791 1339 800 1355 1
815 1330 875 1357 ’Ἰνα

92 1377 152 1407 τοὺς
167 1377 216 1404 δύο
234 1376 324 1412 κτίσῃ.
345 1386 353 1402 ι
376 1377 457 1412 Ὁρᾷς
481 1377 523 1403 ὃτι
538 1377 587 1412 οὺχ
608 1377 622 1403 ὁ
638 1376 738 1411 Ἕλλην
764 1376 874 1410 γέγονεν

98 1421 234 1454 Ἰουδαῖος,
250 1422 316 1448 ἀλλὰ
330 1423 376 1449 καὶ
390 1418 467 1454 οὗτος
476 1422 602 1454 κάκεῖνος
616 1422 656 1452 είς
671 1422 775 1456 ἀμείνω
791 1422 875 1448 κατά-

95 1475 184 1494 σταπιν
196 1466 296 1503 ἧ).θον;
316 1468 394 1503 κτίσῃ
409 1487 415 1499 ,
437 1468 514 1502 φησι,
530 1467 636 1499 δεικνὺς
653 1468 703 1499 τὴν
720 1467 869 1502 ἀναγέννη-

95 1520 145 1541 σιν,
160 1513 207 1545 Et;
225 1513 271 1540 Eva.
291 1514 345 1548 γὰρ
361 1513 460 1545 πάντες
476 1513 546 1540 εἰσὶν
559 1513 715 1548 ὲκτισμένοι
739 1513 798 1540 νέον
814 1513 875 1540 τινὰ

94 1560 138 1585 καὶ
151 1559 248 1586 πιστὴν
265 1559 417 1594 ἄνθρωπον,
429 1559 476 1586 καὶ
492 1558 537 1586 τοῦ
551 1560 644 1594 γήρως
658 1559 712 1585 τῶν
727 1559 872 1595 ἁμαρτιῶν

95 1603 241 1639 ἀλλότριον.
260 1613 268 1629 1
290 1604 335 1630 Ἐν
351 1603 466 1638 ἑαυτῷ.»
479 1601 542 1630 Οἷον
558 1603 592 1630 δι’
605 1604 714 1636 ἑαυτοῦ,
726 1603 756 1630 οὐ
775 1603 809 1630 δι’
822 1605 874 1638 ἀγ-

95 1648 187 1682 γέλων,
198 1649 216 1685 ἦ
234 1649 321 1676 ἄλλων
335 1649 415 1676 τινῶν
425 1649 575 1683 δυνάμεων,
588 1649 656 1675 ἀλλὰ
672 1649 704 1675 δι’
717 1650 825 1676 ἑαυτοῦ.
840 1650 875 1676 ’Ἡ

95 1693 142 1725 δτι,
154 1694 234 1729 φησὶ.
259 1694 338 1721 τοῦτο
355 1694 462 1729 πρῶτον
488 1694 645 1728 γενόμενος,
659 1694 706 1720 καὶ
726 1693 810 1720 τύπον
829 1695 876 1720 καὶ

96 1740 248 1776 ὑπόδειγμα
263 1740 423 1776 παρασχών.
445 1749 454 1766 1
467 1740 522 1767 Καὶ
538 1739 759 1775 ἀποκαταλλάξῃ.
777 1749 785 1766 ι
804 1739 876 1774 Πρὸς

96 1786 138 1813 τὸν
149 1786 215 1813 Θεὸν
230 1787 292 1818 τοὺς
304 1786 474 1822 ἀνθρώπους,
489 1786 526 1813 οὐ
543 1786 597 1821 γὰρ
611 1785 645 1812 ἄν
660 1793 725 1812 ποτε
743 1785 876 1820 κατηλλά-

96 1839 180 1866 γησαν
193 1831 232 1867 τῷ
241 1832 311 1866 Θεῷ,
326 1831 452 1866 μένοντες
469 1831 589 1858 Ἰουδαῖοι
600 1831 646 1857 καὶ
657 1830 797 1865 Ἕλληνες.
815 1830 876 1856 ’Ότι

97 1878 149 1913 γὰρ
165 1878 218 1914 πρὸ
232 1877 332 1905 τούτου
343 1877 445 1913 σφόδρα
456 1875 525 1913 ἦσαν
534 1876 734 1904 ἀκατάλλακτοι
751 1876 819 1912 πρὸς
831 1877 876 1903 τὸν

97 1924 169 1957 Θεὸν,
182 1925 317 1951 δείκνυσιν
328 1924 470 1958 ήέμφασις
481 1923 540 1956 τοῦ,
548 1923 796 1958 ἀποκαταλλάξῃ.
812 1933 821 1949 1
833 1923 876 1950 Ἐν

98 1969 136 1995 lvi.
151 1970 258 2005 σώματι
274 1970 314 2005 τῷ
327 1969 398 2005 Θιῷ.
409 1978 419 1996 ι
438 1967 500 1996 Οἷον
516 1969 677 2004 γινομένους
694 1969 723 1996 ἓν
743 1969 832 2004 σῶμα,
845 1966 876 1996 οὗ

98 2015 173 2047 αὑτός
196 2016 254 2042 ἐστι
281 2013 536 2051 κεφαλή.-[ΦΩΤ.]
546 2015 595 2041 Διὰ
613 2014 663 2050 μὲν
684 2015 743 2047 τοῦ,
768 2015 812 2042 Ἐν
836 2015 878 2041 ἑνὶ

99 2060 212 2096 σώματι,
229 2061 278 2098 τὴν
298 2061 367 2096 πρὸς
392 2061 523 2096 ἀλλήλους
535 2061 663 2096 ἐμφαίνει
691 2060 875 2097 καταλλαγήν.

99 2107 144 2134 Διὰ
167 2108 195 2135 δὲ
210 2108 267 2141 τοῦ,
289 2107 328 2141 τῷ
352 2107 422 2142 Θεῷ,
450 2107 500 2142 τὴν
526 2107 594 2142 πρὸς
618 2106 685 2133 Θεὸν
703 2107 875 2142 ἀμφοτέρων.

102 2152 161 2179 (Διὰ
176 2153 224 2180 τοῦ
242 2152 358 2188 σταυροῦ
385 2150 558 2182 ἀποκτείνας.
573 2160 582 2177 ι
602 2151 665 2184 Πῶς
680 2152 708 2178 δὲ
722 2152 878 2186 ἀποκατήλ-

98 2197 158 2231 λαξε
178 2199 218 2235 τῷ
235 2199 294 2235 Θεῷ
314 2197 508 2231 ςαποκτείνας,
534 2197 611 2232 φησὶ,
642 2199 691 2232 τὴν
717 2197 817 2233 ἔχθραν
844 2196 877 2223 δι’

100 2244 188 2273 αὐτοῦ.
217 2245 268 2271 Διὰ
300 2244 347 2270 τοῦ
375 2243 491 2278 σταυροῦ
522 2242 576 2278 γὰρ
604 2242 687 2274 λύσας
710 2242 750 2277 τῷ
772 2241 878 2277 θανάτῳ

924 330 996 350 mus.
1013 332 1022 348 1
1041 324 1074 350 Et
1092 320 1270 351 interstitium
1293 325 1426 351 maceriae.
1441 334 1450 351 ι
1465 324 1643 354 luterstitium
1658 336 1714 355 ma-

924 369 1005 396 ceria!
1013 369 1328 404 dicitsinndtatemerga
1344 369 1427 397 Deum
1443 375 1469 398 et
1486 379 1537 398 nos
1547 379 1577 399 ac
1592 373 1713 407 .ludaeos,

923 423 984 450 quae
996 423 1030 443 ex
1042 417 1145 444 nostris
1156 416 1331 451 proveniebat
1341 416 1458 448 delictis,
1474 418 1546 446 sicut
1560 419 1642 446 etiam
1657 420 1715 455 ipse

923 461 989 488 dicit
999 469 1046 496 per
1058 463 1233 497 prophetam:
1244 472 1253 489 1
1270 462 1530 498 Nonneiniquitates
1540 470 1636 493 vestrae
1644 467 1715 493 divi-

925 508 1031 535 sionem
1048 510 1171 536 l'ecerunt
1189 509 1260 536 inter
1279 517 1327 538 vos
1342 515 1368 537 ct
1382 519 1423 538 me
1437 512 1478 538 "‘1
1495 521 1504 536 ι
1522 511 1607 544 Quale
1623 517 1713 540 autem

925 551 1124 581 interstilium?
1138 554 1303 582 Simultatem
1328 555 1418 589 inquit
1433 563 1498 590 erga
1514 556 1610 584 Deum.
1632 567 1640 583 1
1659 557 1709 584 Per

924 607 1036 627 carnem
1053 607 1142 627 suam.
1161 609 1172 626 ι
1191 600 1258 627 Nam
1276 602 1305 628 ἑν
1317 609 1365 636 pro
1378 602 1423 628 διά.
1436 603 1552 637 capitur,
1569 603 1594 630 id
1619 608 1672 636 est,
1687 604 1715 631 in

924 651 974 679 pro
999 652 1054 679 per.
1077 645 1134 672 Nisi
1156 646 1228 673 enim
1253 652 1377 676 mortuus
1399 654 1470 676 esset
1487 657 1536 684 pro
1559 649 1650 680 nobis.
1665 657 1714 677 ne-

924 696 1061 724 quaquam
1075 690 1194 718 solutum
1215 696 1287 718 esset
1304 697 1446 727 peccatum
1463 693 1534 727 quod
1555 702 1606 722 nos
1626 701 1640 720 a
1657 693 1712 722 Deo

925 734 1080 768 scparabat.
1092 749 1128 754 —
1149 735 1250 770 Duplex
1274 744 1392 772 namque
1407 738 1533 766 simultas
1544 744 1604 766 erat
1620 744 1646 766 et
1660 739 1713 767 du-

929 779 990 813 plex
1010 779 1202 813 interstitium,
1213 781 1267 808 imo
1281 782 1371 815 potius
1382 782 1461 808 etiam
1475 783 1574 817 triplex
1586 793 1592 810 :
1605 784 1714 818 quando

927 823 1036 858 quidem
1061 824 1144 851 etiam
1175 825 1307 853 adversus
1334 827 1444 861 angelos
1470 828 1568 855 bellum
1596 830 1714 857 humana

929 874 1028 896 natura
1048 871 1160 904 gerebat
1186 879 1193 897 :
1218 879 1291 899 nunc
1319 877 1408 899 tamen
1425 873 1458 900 de
1474 873 1582 902 duabus
1606 875 1714 902 interim

928 914 1050 948 disserit,
1067 921 1131 950 puta
1146 923 1228 951 quam
1253 917 1389 944 habebant
1411 919 1480 945 inter
1502 926 1532 946 se
1559 921 1714 955 mutuo‘qu-i

928 968 960 988 ex
973 960 1075 988 ludatis
1091 966 1172 989 erant
1193 967 1219 989 et
1235 963 1280 997 qui
1296 971 1328 990 ex
1343 964 1481 998 gentibus,
1499 969 1525 991 et
1546 974 1628 1000 quam
1645 968 1714 993 utri-

927 1013 981 1040 que
1005 1007 1142 1034 habebant
1161 1008 1294 1036 adversus
1321 1010 1404 1037 Deum
1430 1011 1620 1039 universorum
1639 1023 1646 1039 :
1666 1014 1713 1040 sed

928 1057 1074 1087 utramque
1106 1053 1272 1081 simultatem
1306 1061 1332 1082 et
1359 1059 1507 1092 utrumque
1536 1057 1713 1086 interstitium

927 1097 1010 1125 solvit
1035 1098 1162 1127 Christus
1191 1099 1262 1127 Deus
1281 1105 1385 1129 noster.
1415 1111 1424 1127 1
1441 1101 1540 1136 Legem
1572 1104 1716 1131 mandato»

928 1150 999 1170 rum.
1021 1153 1030 1169 ι
1049 1143 1276 1179 Quandoquidem
1293 1146 1376 1180 legem
1388 1147 1499 1174 dederat
1514 1154 1573 1181 qua!
1589 1155 1639 1175 uos
1653 1156 1714 1175 mu-

926 1189 1009 1222 niret,
1026 1197 1077 1218 nos
1093 1195 1183 1217 autem
1201 1191 1327 1218 homines
1345 1191 1418 1218 illam
1431 1194 1594 1228 transgressi
1605 1202 1712 1226 sumus,

925 1235 1044 1262 aolvitet
1056 1237 1142 1270 ipsam
1166 1237 1262 1272 legem.
1281 1237 1515 1269 Quemadmodum
1531 1239 1554 1265 si
1573 1240 1635 1274 quis
1648 1247 1712 1266 cum

927 1287 1012 1315 puero
1029 1281 1135 1308 dederit
1161 1282 1348 1317 pmdagogum,
1365 1284 1428 1317 quia
1448 1291 1501 1310 non
1524 1285 1601 1311 audit
1624 1285 1713 1320 paula-

925 1334 1035 1361 gogum,
1052 1327 1166 1356 liberum
1180 1336 1241 1356 esse
1257 1329 1395 1363 permittat
1412 1331 1494 1356 etiam
1520 1338 1534 1357 a
1553 1332 1712 1367 paelagogo,

925 1379 988 1399 cum
1007 1373 1104 1406 punire
1119 1378 1268 1407 oporteret.
1283 1374 1426 1409 Abrogans
1443 1379 1545 1406 autem,
1561 1377 1610 1406 ait.
1627 1377 1712 1412 legem

926 1416 953 1444 in
964 1418 1081 1446 decretis
1094 1419 1174 1445 sitam
1192 1428 1198 1445 :
1215 1423 1262 1446 aut
1278 1425 1387 1454 propter
1401 1421 1491 1454 fidem,
1505 1426 1551 1448 aut
1562 1427 1672 1457 propter
1681 1431 1713 1450 ea

926 1471 986 1498 qua:
1009 1465 1066 1499 ipse
1083 1465 1228 1492 tradebat:
1250 1475 1258 1490 1
1279 1465 1334 1500 Ego
1357 1470 1458 1499 autem,
1473 1467 1570 1501 inquit,
1588 1468 1649 1496 dico
1666 1477 1715 1496 vo-

925 1508 1011 1537 bis”.
1032 1519 1041 1535 ι
1061 1525 1095 1530 -
1116 1519 1125 1535 1
1143 1510 1178 1538 Ut
1195 1510 1263 1538 duos
1281 1511 1420 1539 conderet.
1438 1521 1448 1538 ›
1465 1511 1547 1540 Vides
1557 1514 1628 1547 quod
1640 1513 1715 1542 Gne-

927 1560 976 1582 cus
1000 1561 1055 1582 non
1076 1555 1113 1582 sit
1136 1555 1225 1584 factus
1240 1555 1361 1589 .Iudaeus,
1385 1557 1432 1584 sed
1450 1562 1477 1584 et
1495 1558 1540 1585 hic
1564 1562 1592 1586 et
1617 1559 1662 1587 ille
1679 1560 1712 1588 ad

927 1599 1069 1628 meliorem
1084 1605 1184 1628 statum
1198 1602 1340 1629 venerint?
1354 1602 1489 1630 Conderet
1504 1604 1552 1633 ait.
1566 1605 1712 1632 ostendens

927 1646 1169 1682 regenerationem.
1185 1647 1285 1674 Omnes
1298 1648 1370 1675 enim
1386 1648 1413 1674 in
1430 1656 1514 1675 unum
1526 1650 1630 1676 conditi
1646 1656 1712 1678 sunt

926 1699 1027 1720 novum
1044 1692 1189 1727 quemdam
1207 1698 1232 1719 et
1254 1692 1359 1720 ﬁdelem
1379 1693 1527 1727 hominem,
1547 1702 1578 1721 ac
1594 1695 1711 1723 alienum

927 1746 943 1766 τι
957 1742 1093 1766 vetustate
1108 1742 1294 1773 peccatorum.
1309 1748 1318 1765 ι
1330 1738 1358 1766 ln
1375 1740 1533 1775 semetipso.
1558 1750 1566 1766 I
1587 1740 1644 1769 Hoc
1657 1746 1711 1774 est,

928 1793 977 1820 per
990 1785 1166 1819 semetipsum
1186 1793 1240 1812 non
1257 1793 1306 1820 per
1319 1785 1430 1820 angelos
1445 1790 1492 1812 aut
1509 1787 1578 1814 alias
1601 1789 1713 1822 quasvis

928 1828 1089 1867 potestates.
1114 1831 1160 1859 sed
1179 1839 1228 1866 per
1256 1831 1389 1866 seipsum.
1409 1831 1462 1858 Aut
1485 1832 1551 1860 dicit
1565 1833 1639 1867 quod
1660 1833 1713 1862 hoc

929 1878 1046 1913 primum
1065 1878 1170 1910 fecerit,
1186 1882 1280 1913 typum
1300 1885 1332 1904 ac
1348 1878 1485 1912 specimen
1501 1879 1634 1913 praebens.
1655 1889 1664 1906 1
1679 1880 1713 1908 Et

927 1922 1130 1950 reconciliaret.
1149 1931 1160 1949 ι
1177 1921 1307 1949 Homines
1324 1929 1389 1956 erga
1416 1921 1510 1950 Deum.
1529 1923 1621 1958 Neque
1637 1925 1710 1952 enim

927 1967 1100 1995 reconciliari
1114 1975 1235 2001 unquam
1252 1967 1307 1994 Deo
1330 1971 1456 2002 poterant
1469 1973 1611 1996 manentes
1624 1969 1710 1998 Judaei

928 2016 976 2040 aut
989 2012 1088 2040 Graeci.
1108 2012 1185 2045 Quod
1199 2013 1271 2039 enim
1287 2017 1349 2040 ante
1371 2013 1423 2040 hoc
1444 2013 1617 2042 vehementer
1627 2016 1711 2044 dissi-

928 2056 1024 2087 darent
1049 2067 1064 2086 a
1090 2060 1156 2092 Deo,
1185 2060 1236 2094 21
1265 2060 1385 2088 Ostendit
1414 2062 1552 2096 emphasis
1582 2063 1712 2093 dictionis

927 2105 1139 2142 ἀποκαταλλάξῃ
1151 2105 1347 2133 reconciliaret.
1365 2115 1374 2132 1
1389 2106 1418 2134 ln
1429 2115 1483 2135 uno
1493 2116 1608 2144 corpore
1620 2111 1684 2139 Deo.
1699 2121 1710 2137 ι

929 2150 987 2178 lloc
1010 2156 1051 2178 est
1066 2150 1154 2178 factos
1170 2159 1254 2179 unum
1272 2159 1373 2186 corpus
1388 2152 1466 2187 cujus
1482 2154 1540 2188 ipse
1560 2159 1599 2183 est
1620 2161 1712 2190 caput.

928 2209 962 2215 —
976 2196 1029 2224 Per
1047 2196 1099 2224 hoc
1111 2196 1185 2230 quod
1205 2196 1270 2223 dicit
1284 2204 1293 2222 :
1306 2195 1335 2223 ln
1361 2205 1416 2224 uno
1443 2205 1568 2233 corpore,
1594 2203 1713 2229 ostendit

929 2241 1149 2269 conciliationem
1172 2248 1233 2275 quae
1248 2241 1318 2268 facta
1335 2245 1377 2268 est
1398 2243 1470 2270 inter
1488 2251 1518 2271 se
1538 2249 1642 2273 mutuo.
1663 2246 1714 2274 Per

100 2290 176 2318 αὑτοῦ
199 2290 248 2326 τὴν
264 2289 411 2325 ἁμαρτίαν,
436 2289 483 2316 καὶ
510 2288 558 2323 τὴν
583 2287 682 2323 ἔχθραν
704 2287 808 2314 ἔλυσεν.
823 2289 836 2313 f

974 2290 1084 2314 :autem
1100 2286 1172 2321 quod
1195 2287 1242 2318 ait,
1258 2287 1324 2318 Deo,
1344 2288 1486 2316 amborum
1507 2291 1710 2320 reconciliatio-

99 2333 139 2361 δὲν
156 2335 184 2362 δὲ
211 2334 449 2370 ἐμφαντικώτερον
475 2333 532 2365 τοῦ,
549 2333 741 2365 ἀποκτείνας.
763 2332 799 2358 Τὸ
821 2333 875 2367 γὰρ

102 2382 245 2410 ἀσάλευτον
269 2383 319 2417 τῆς
340 2382 445 2414 λύσεως
470 2382 555 2416 δηλοῖ.
581 2381 642 2413 Πῶς
673 2379 719 2408 οὖν
731 2380 789 2413 νῦν,
809 2380 875 2415 φαίη

101 2429 239 2461 τις,πάλιν
264 2429 467 2465 ἁμαρτάνομεν,
490 2430 584 2464 ἑτέρας
599 2427 736 2464 ἁμαρτίας
759 2427 877 2461 γεννῶν-

102 2481 160 2507 τες;
186 2474 220 2501 Αἱ
241 2474 296 2509 γὰρ
312 2475 441 2509 πρότεραι
453 2473 675 2508 ἀπεκτάνθησαν.
693 2482 702 2498 1
721 2473 775 2499 Καὶ
793 2471 878 2498 ἐλθὼν

102 2519 301 2555 εὐηγγελίσατο.
314 2529 323 2546 ι
341 2520 451 2556 Μηδένα
468 2519 588 2554 πέμψας,
620 2519 677 2546 ἀλλ’
688 2518 768 2550 αὐτὸς
790 2516 878 2552 ἑαυτῴ

103 2563 334 2602 διακονησάμενος.
353 2565 469 2601 Μακρὰν
483 2565 524 2597 δὲ,
539 2565 574 2591 τὰ
586 2564 650 2599 ἔθνη
664 2564 752 2596 καλεῖ,
770 2565 818 2591 καὶ
831 2565 878 2598 ὲγ-

103 2611 149 2642 γὺς
164 2611 226 2644 τοὺς
252 2611 405 2643 Ἰουδαίους,
426 2611 566 2646 (Ἔχομεν
586 2610 636 2644 τὴν
654 2611 847 2645 προσαγωγὴν.
866 2619 874 2636 i

104 2655 155 2691 Τὴν
175 2657 359 2693 καταλλαγὴν,
376 2657 423 2684 καὶ
453 2656 502 2691 τὴν
524 2657 636 2690 εἰρήνην
662 2655 712 2689 τὴν
739 2655 808 2690 πρὸς
831 2656 876 2682 τὸν

104 2701 174 2731 Θεόν.
190 2704 228 2732 οὐ
244 2704 299 2739 γὰρ
313 2704 359 2738 ἀφ’
380 2703 483 2731 ἑαυτῶν
497 2701 666 2737 ἀπήλθομεν,
675 2700 732 2727 ἀλλ’
751 2700 879 2735 ὑπὸΧρι-

105 2749 162 2776 ατοῦ
179 2750 383 2786 προσήχθημεν.
403 2758 414 2775 «
437 2749 481 2775 Ὲν
498 2748 538 2775 ἐνὶ
553 2748 700 2782 πνεύματι.
712 2756 720 2772 ι
736 2746 793 2773 Οὐκ
806 2746 880 2773 ἐκεῖ·

104 2801 140 2820 νοι
164 2795 213 2829 μὲν
249 2795 297 2822 ἅτε
320 2794 403 2828 ἐγγὺς
431 2793 517 2825 ὅντες,
546 2794 574 2819 ὲν
603 2791 723 2826 μείζονι,
746 2791 826 2826 ἡμεῖς
854 2791 881 2817 δὲ

104 2839 138 2871 ὡς
160 2840 277 2877 μακρὰν,
302 2841 330 2867 ὲν
351 2839 484 2866 ἐλάσσονι,
505 2840 555 2865 Διὰ
583 2841 637 2873 γὰρ
652 2838 698 2865 τοῦ
724 2837 878 2872 πνεύματος

136 2929 255 2960 ls.i.Lix,
276 2931 304 2958 2.
345 2931 473 2957 "Matth.
507 2940 532 2961 \',
563 2931 597 2957 ξξὲ
628 2938 702 2965 seqq.

928 2339 989 2359 nem
1010 2338 1074 2367 erga
1093 2332 1187 2359 Deum.
1205 2340 1214 2357 1
1236 2331 1288 2360 Per
1309 2340 1417 2360 crucem
1435 2341 1497 2361 cum
1513 2337 1682 2369 peremisset.
1699 2348 1708 2365 ι

929 2378 1070 2411 Quomodo
1083 2382 1174 2405 autem
1196 2379 1382 2406 reconciliavit
1405 2380 1479 2408 Deo?
1492 2380 1559 2408 Cum
1581 2385 1715 2417 peremis-

929 2426 980 2454 set,
993 2422 1092 2457 inquit,
1114 2422 1284 2450 inimicitiam
1305 2431 1352 2458 per
1369 2431 1439 2452 eam.
1455 2424 1506 2452 Per
1518 2433 1626 2454 crucem
1641 2428 1713 2455 enim

929 2466 1018 2495 soluto
1031 2471 1119 2495 morte
1133 2474 1182 2495 sua
1199 2472 1319 2502 peccato,
1336 2469 1416 2496 etiam
1433 2469 1512 2497 solvit
1528 2471 1712 2501 inimicitiam.

929 2513 1001 2542 Nihil
1014 2517 1104 2542 autem
1121 2514 1251 2549 majorem
1280 2515 1362 2542 habet
1383 2516 1537 2550 emphasim
1551 2525 1632 2552 quam
1647 2520 1715 2546 ἀπο-

931 2561 1049 2590 κτείνας.
1060 2560 1089 2587 ld
1107 2564 1160 2592 est,
1178 2567 1240 2587 cum
1257 2561 1430 2595 peremisset,
1445 2562 1557 2590 denotat
1579 2564 1649 2590 enim
1668 2566 1716 2591 lir-

930 2608 1054 2634 mitatem
1081 2607 1235 2634 solutionis.
1259 2606 1402 2639 Quomodo
1429 2615 1494 2642 ergo
1519 2615 1591 2636 nunc
1622 2608 1713 2636 adhuc

928 2652 1094 2686 peccamus?
1107 2652 1181 2680 dicet
1194 2652 1307 2686 aliquis,
1322 2652 1373 2679 alia
1390 2652 1571 2687 producentes
1584 2659 1712 2688 peccata:

930 2705 991 2724 nam
1008 2697 1098 2732 priora
1110 2702 1248 2732 perempta
1268 2702 1342 2726 sunt.
1361 2707 1370 2723 ι
1389 2698 1422 2725 Et
1436 2699 1548 2727 veniens
1567 2702 1714 2727 annuntia-

930 2744 978 2772 vit.
995 2753 1003 2769 |
1028 2743 1107 2770 Nullo
1123 2744 1217 2776 misso,
1246 2744 1293 2771 sed
1319 2743 1370 2770 sibi
1387 2744 1438 2778 ipsi
1463 2744 1553 2772 factus
1579 2745 1713 2774 minister.

931 2789 1030 2816 Procul
1042 2794 1131 2816 autem
1149 2789 1233 2816 fuisse
1247 2789 1314 2816 dicit
1328 2792 1433 2823 gentes.
1450 2794 1478 2816 et
1491 2797 1574 2826 prope
1594 2790 1712 2820 Judazos.

937 2846 945 2862 1
965 2835 1102 2862 llahemus
1123 2834 1236 2862 aditum.
1256 2843 1265 2860 ι
1288 2833 1548 2862 Reconciliationem
1572 2839 1598 2863 et
1621 2844 1714 2870 pacem
