1864 3048
122 180 195 214 1201

662 186 853 218 (ῙΟΜΜΕΝΤ.
870 188 910 218 IN
928 188 1045 219 EPIST.
1059 189 1109 218 AD
1122 189 1254 219 EPHES.

1670 188 1740 221 1202

121 236 184 271 τὴν
197 236 328 264 σύνεσίν
342 246 402 272 μου
411 237 447 265 ἐν
455 237 494 271 τῷ
502 239 658 274 μυστηρίῳ
666 241 718 268 τοῦ
740 241 881 274 Χριστοῦ,
898 241 913 267 δ

1003 241 1017 276 ι
1039 243 1163 277 mysterio
1193 241 1302 276 Christi,
1329 242 1398 278 quod
1418 243 1445 270 in
1466 243 1528 270 aliis
1553 243 1674 272 wtatibus
1698 253 1750 272 non

121 283 242 317 ἑτέραις
250 283 366 317 γενεαῖς
375 286 430 311 οὐκ
449 284 616 319 ἐγνωρίσθη
631 285 694 317 τοῖς
711 287 786 318 υζοῖς
795 287 853 313 τῶν
860 287 913 314 ἀν-

123 328 260 362 θρώπων,
271 328 312 361 ὡς
327 329 385 356 νῦν
393 330 592 364 ἀπεκαλύφθη
602 330 664 363 τοῖς
673 331 771 365 ἁγίοις
782 332 914 358 ἀποστό-

122 375 195 406 λοις
205 373 299 400 αὑτοῦ
311 374 358 400 καὶ
366 373 533 408 προφήταις
541 375 576 400 ἐν
595 375 761 410 πνεύματι,
782 374 858 403 εἶναι
879 377 915 404 τὰ

123 418 199 451 ἔθνη
222 419 456 453 συγκληρονόμα
472 419 522 446 καὶ
537 419 686 455 σύσσωμιι
697 421 747 448 καὶ
766 422 915 456 συμμέτο-

123 471 166 497 κα
184 462 237 497 τῆς
250 464 430 499 ἐπαγγελίας
448 464 541 492 αὑτοῦ
563 465 598 492 ἐν
614 465 654 499 τῷ
671 467 786 502 Χριστῷ
800 467 844 494 διὰ
863 467 915 495 τοῦ

123 510 322 543 Εὺαττελίου.

166 564 176 580 ι
195 555 298 583 Τούτου
327 556 407 592 χάριν
431 558 488 591 ἐγὼ
517 558 625 590 Παῦλος
643 560 657 586 ὁ
673 559 742 594 ὑπὲρ
758 560 834 595 ὑμῶν
859 561 914 586 τῶν

124 599 214 627 ἐθνῶν
228 601 338 636 δέσμιος
351 602 397 628 τοῦ
413 603 530 639 Χριστοῦ
543 604 641 639 Ἰησοῦ.
658 614 667 631 ι
684 606 761 632 Ἐστι
776 606 829 641 γὰρ
845 604 915 633 εἶναι

127 644 180 678 μὲν
200 645 310 681 δέσμιον
337 647 384 673 τοῦ
405 648 534 682 Χριστοῦ,
577 651 701 677 τουτέστι
728 651 772 677 διὰ
797 651 846 687 τὴν
870 653 912 683 είς

124 690 209 716 αὐτὸν
221 691 426 727 ἀμετάτρεπτον
441 694 531 721 πίστιν
545 695 667 722 δεδέσθαι
680 696 728 724 καὶ
737 697 911 731 κολάζεσθαι,

123 735 186 762 ἀλλ’
202 735 262 770 οὐχὶ
289 737 336 764 καὶ
351 737 422 773 ὑπὲρ
440 739 494 765 τῶν
524 740 618 773 ἐθνῶν,
637 742 771 773 τουτέστι,
798 742 842 769 διὰ
864 743 913 778 τὴν

122 780 302 808 διδασκαλίαν
316 783 403 810 καὶτὸ
415 785 556 820 κήρυγμα,
576 786 590 812 δ
607 787 739 822 κηρύσσει
751 797 792 820 τις
812 789 841 815 ἐν
855 791 912 821 τοῖς

124 825 243 859 ἔθνεσιν,
259 827 353 864 ὥσπερ
368 829 460 857 πολλοὶ
473 831 528 858 τῶν
553 833 712 869 μαρτύρων,
728 835 784 870 Οὺχ
798 836 839 861 δτι
858 836 912 871 γὰρ

123 871 266 899 ἐδίδασκον
277 874 311 900 τὰ
325 874 400 910 ἔθνη,
417 876 474 902 ἀλλ’
496 877 598 905 ὅτιούκ
621 878 792 914 ἐξηρνοῦντο,
816 882 911 908 ἐκολά-

123 916 214 950 ζοντο.
237 917 266 945 '0
291 919 319 946 δὲ
337 920 452 954 Παῦλος,
481 922 515 949 δι’
533 924 676 959 ἀμφότερα
702 926 750 952 καὶ
774 926 844 960 ὑπὲρ
863 927 911 954 τοῦ
927 915 949 943 Β

124 964 256 1000 Χριστοῦ,
271 968 318 993 καὶ
333 967 403 1003 ὑπὲρ
413 969 468 995 τῶν
481 969 575 997 ἐθνῶν.
596 980 604 997 ι
616 971 646 998 ⁸0
658 972 768 1007 δέσμιος
776 975 823 1000 τοῦ
839 975 908 1009 Χρι-

124 1009 192 1036 στοῦ
216 1010 312 1046 Ἰησοῦ.
326 1021 336 1038 ι
362 1013 481 1050 Ἐπειδὴ,
498 1017 592 1052 φησιν,
605 1018 618 1043 ὁ
635 1018 772 1054 Δεσπότης
789 1028 840 1054 μου
856 1028 912 1046 τοι-

123 1055 197 1082 αῦτα
214 1057 369 1090 ἐπεδείξατο
377 1060 417 1091 είς
435 1060 516 1095 ὑμᾶς,
526 1062 632 1098 ἀνάγκη
641 1063 714 1098 κάμὲ
730 1064 762 1090 τὰ
777 1065 846 1091 κατὰ
859 1065 907 1092 δύ-

123 1109 208 1148 ναμιν
234 1103 409 1139 εἰσενεγκεῖν.
428 1115 438 1132 ι
459 1107 488 1134 ’0
506 1107 626 1143 δέσμιος.
642 1119 651 1135 ι
666 1110 711 1135 Ἐν
725 1110 833 1145 δεσμοῖς
856 1111 911 1148 γὰρ

123 1146 164 1174 ὢν
179 1147 312 1184 ἔγραφεν.
339 1151 415 1186 ’Δμα
427 1152 455 1178 δὲ
483 1154 529 1179 καὶ
542 1153 622 1181 τοῦτο
636 1155 720 1190 δηλοῖ,
746 1157 759 1182 ὀ
775 1146 912 1192 Δεσπότης

126 1202 182 1228 μου
200 1195 370 1232 ἐσταυρώθη,
388 1198 442 1232 ἐγὼ
466 1199 494 1225 δέ
514 1200 582 1231 τέως
598 1200 708 1236 δέδεμαι
736 1202 805 1236 ὑπὲρ
835 1202 918 1237 ὑμῶν.

123 1239 181 1266 τῶν
195 1241 289 1269 ἐθνῶν.
310 1251 319 1268 ι
341 1243 375 1270 Et
384 1252 416 1278 γε
437 1244 582 1279 ἠκούσατε.
600 1256 609 1272 ι
627 1247 682 1282 Τὴν
698 1248 850 1284 πρόρρησιν
867 1249 910 1275 λέ-

123 1293 182 1319 γει,
198 1286 247 1321 τὴν
270 1288 338 1323 πρὸς
359 1292 406 1315 τὸν
427 1290 551 1317 Ἀνανίαν
577 1292 730 1326 λεχθεῖσαν,
747 1294 788 1320 ὅτι
813 1295 910 1326 σκεῦος

124 1329 243 1365 ἐκλογῆς
259 1332 304 1366 μοί
319 1333 392 1360 ἐστιν
408 1331 550 1366 οὖτος-,τοῦ
564 1335 696 1370 βαστάσαι
713 1337 742 1362 τὸ
759 1337 844 1372 ὄνομά
859 1347 910 1372 μου

124 1377 242 1404 ἐνώπιον
251 1379 306 1405 τῶν
315 1379 409 1407 ἐθνῶν.
425 1389 435 1406 ι
451 1381 507 1416 Τὴν
517 1382 672 1418 οἰκονομίαν
681 1384 731 1417 τῆς
740 1385 851 1420 χάριτος
862 1386 909 1412 τοῦ

123 1422 222 1450 Θεοῦ.»
235 1425 395 1460 Οἰκονομίαν
414 1426 533 1462 χάριτος.
557 1428 607 1462 τὴν
619 1429 792 1464 ἀποκάλυψιν
812 1439 906 1465 φησιν,

125 1467 169 1495 ὃτι
181 1467 211 1495 οὐ
229 1469 304 1504 παρὰ
317 1469 460 1505 ἀνθρώπου
478 1471 590 1506 ἔμαθεν,
599 1473 657 1500 ἀλλ’
667 1473 752 1505 οὕτως
765 1474 910 1510 ᾠκονόμη-

127 1521 175 1540 σεν
190 1514 297 1550 ήχάρις
312 1515 358 1542 τοῦ
369 1515 447 1548 Θεοῦ,
463 1515 534 1543 ὥστε
552 1526 597 1552 μοι
616 1518 646 1550 ἐξ
662 1518 778 1554 οὐρανοῦ
804 1521 912 1547 ἀποκα-

125 1559 272 1608 λυφθῆναμ
286 1560 405 1608 Χάριτος
419 1562 473 1608 γὰρ
484 1562 514 1589 τό
528 1570 557 1588 τε
585 1562 708 1596 καλέσαι,
731 1565 777 1591 καὶ
794 1565 823 1591 τὸ
844 1566 912 1601 πλη-
925 1577 949 1608 C

127 1606 215 1640 ρῶσαι
237 1605 275 1641 τῷ
299 1607 378 1640 φωτὶ,
397 1607 431 1634 ἵν’
460 1607 664 1644 εὑπειθέστερος
689 1610 810 1644 γένηται.
834 1621 843 1637 ι
858 1612 914 1646 Τῆς

125 1651 252 1686 δοθείσης
265 1661 310 1687 μοι
325 1654 365 1684 εις
379 1654 478 1688 ὑμᾶς.)
490 1654 576 1695 ᾼὺτὸς
592 1655 647 1690 γάρ
661 1664 707 1689 μοι
723 1655 793 1688 εἶπε,
822 1658 914 1692 φησὶν,

125 1697 169 1723 ὃτι
181 1696 223 1729 εις
234 1696 298 1733 ἔθνη
310 1698 418 1733 μακρὰν
436 1699 581 1726 ἀποστελῶ
594 1708 635 1727 σε.
651 1709 661 1726 l
683 1701 744 1728 Ὀτι
759 1702 829 1729 κατὰ
847 1704 916 1730 ἁπο-

126 1740 246 1776 κὰλυψιν
277 1742 410 1778 ἐγνώρισε
432 1752 477 1779 μοι
507 1745 537 1771 τδ
552 1746 733 1781 μυστήριον.»
761 1748 916 1784 Μυστήριον

126 1787 185 1823 γὰρ
201 1787 309 1823 ἀληθῶς
316 1788 347 1816 τὺ
357 1789 420 1821 τοὺς
438 1790 571 1825 ’Έλληνας
585 1791 668 1824 λίθοις
686 1793 916 1827 προσκυνοῦντας,

127 1833 169 1863 εις
177 1832 311 1868 τοσαύτην
321 1833 471 1869 ἐπαρθῆναι
479 1834 556 1867 δόξαν
566 1836 612 1862 καὶ
620 1836 769 1870 εὐγένειαν,
776 1838 790 1864 ὃ
798 1838 844 1864 καὶ
851 1839 917 1865 αὐτο

127 1878 337 1906 ἁπεκεκάλυπτο
352 1879 435 1915 αὐτῷ.
449 1890 457 1906 ι
470 1881 568 1913 Καθὼς
578 1882 739 1917 προέγραψα
758 1884 786 1909 ἐν
798 1884 889 1920 ὀλίγῳ.
905 1894 914 1911 ι

128 1924 187 1956 Τὰς
206 1925 398 1961 προλεχθείσας
416 1927 471 1954 ἄνω
487 1927 560 1961 λέγει
576 1928 740 1963 οἰκονομίας,
756 1930 797 1956 ὅτι
816 1930 917 1966 ἐκλήθη

129 1971 167 1998 τὰ.
175 1971 238 2006 ἔθνη
252 1971 316 1997 ὂντα
333 1972 442 2006 μακρὰν
456 1973 504 1999 καὶ
519 1974 729 2009 ἐπῳκοδομήθη,
741 1975 790 2002 καὶ
798 1976 848 2002 ὅσα
861 1985 920 2003 τοι-

129 2015 212 2044 αῦτα.
223 2017 267 2043 Ἑν
277 2017 370 2053 ὀλίγῳ.
383 2018 418 2044 ’Ἡ
427 2017 480 2053 πρὸ
492 2018 595 2053 ὀλίγου,
605 2019 621 2054 ἤ
630 2020 673 2046 διὰ
685 2020 817 2056 βραχέων.
833 2023 918 2058 «Πρὸς

129 2061 268 2089 δδύνασϐε
277 2063 509 2098 ἀναγινώσκοντες
527 2065 650 2099 νοῆσαι.»
670 2066 765 2099 Βαὸαὶ,
778 2066 849 2094 ὥστε
868 2068 918 2095 οὐκ

129 2107 251 2144 ἔγραψεν
264 2109 315 2136 ὅσα
332 2109 425 2145 ἐχρῆν,
441 2109 501 2136 ἀλλ’
513 2110 563 2136 ὅσα
575 2110 695 2146 ἐχώρουν
708 2113 788 2140 νοεῖν,
807 2113 918 2140 Σύνεσιν

130 2152 160 2178 δέ
173 2161 265 2188 φησιν,
279 2154 354 2185 ὅπως
369 2154 400 2180 τὺ
431 2154 581 2190 μυστήριον
611 2156 738 2190 συνῆκεν,
754 2157 827 2188 ὅπως
851 2157 918 2184 αὐτὸ

131 2201 289 2234 κατενόησε.
307 2199 419 2232 Σύνεσις
444 2199 498 2235 γάρ
523 2200 597 2227 ἐστιν
614 2201 743 2236 ἡετδησις
763 2202 778 2237 ἢ
805 2203 916 2237 γνῶσις,

965 287 1079 314 inuoluit
1095 287 1157 322 filiis
1174 288 1320 319 hominum.
1335 289 1554 324 quemadmodum
1570 298 1638 317 nunc
1653 292 1751 318 revela-

965 334 1020 357 tum
1039 336 1077 358 est
1103 333 1202 359 sanctis
1222 333 1348 366 apostolis
1362 334 1419 368 ejus
1440 338 1463 361 et
1481 335 1613 369 prophetis
1627 342 1672 369 per
1690 335 1751 369 Spi-

964 378 1046 404 ritum
1061 385 1070 404 :
1083 382 1111 404 ut
1127 379 1179 405 sint
1193 384 1280 414 gentes
1293 379 1440 406 coheredes
1454 385 1477 407 et
1488 380 1606 415 ejusdem
1621 382 1750 414 corporis,

965 428 1149 457 consertaeque
1164 424 1348 458 promissionis
1366 425 1423 459 ejus
1437 425 1464 452 in
1477 425 1584 452 Christo
1598 434 1646 461 per
1664 425 1751 454 Evan—

964 467 1073 503 gelium.

1003 567 1012 583 ι
1037 557 1122 593 liujus
1132 558 1171 586 rei
1183 559 1269 594 gratia
1280 567 1329 594 ego
1340 559 1440 587 Paulus
1452 560 1561 587 vinctus
1573 568 1633 588 sum
1645 559 1748 588 Christi

963 603 1028 631 Jesu
1052 612 1100 638 pro
1125 604 1201 632 vobis
1226 606 1363 640 gentibus.
1393 615 1402 631 ι
1426 605 1566 642 Conlingit
1591 606 1664 633 enim
1689 614 1750 633 esse

964 649 1085 676 vinctum
1108 649 1222 681 Christi,
1239 651 1290 678 ltoc
1305 655 1357 684 est,
1383 655 1492 686 propter
1506 652 1703 680 immutabilem
1722 651 1749 679 in

964 696 1054 730 ipsum
1073 695 1152 723 ﬁdem
1176 697 1273 724 vinciri
1299 705 1330 724 ac
1349 697 1449 732 puniri,
1475 702 1502 724 et
1522 705 1575 725 non
1602 697 1683 725 etiam
1700 706 1755 733 pro

963 740 1100 775 gentibus.
1125 740 1176 767 hoc
1198 745 1249 773 est,
1273 747 1383 776 propter
1398 742 1550 769 doctrinam
1569 746 1598 770 ct-
1616 742 1749 778 prtedica-

963 786 1064 813 tionem
1077 794 1157 821 quam
1170 787 1298 821 praedicat
1314 787 1447 822 quispiam
1463 788 1533 814 inter
1547 792 1749 823 gentes.qucm-

962 831 1106 858 admodum
1132 832 1209 858 multi
1232 837 1393 868 martyrum.
1407 831 1501 867 Neque
1516 833 1587 859 enim
1613 833 1749 868 supplicio

963 876 1154 904 adiciebantur
1165 878 1237 912 quod
1254 878 1384 905 docerent
1399 882 1503 913 gentes,
1518 879 1565 906 sed
1581 878 1653 913 quod
1668 878 1750 906 Chri-

961 926 1036 954 stum
1051 931 1104 950 non
1120 928 1251 958 negarent
1265 932 1272 951 :
1286 923 1386 951 Paulus
1400 932 1464 951 vero
1477 928 1749 959 prepterutrumque,

962 975 1061 1002 nempe
1086 973 1114 996 ct
1137 974 1248 1004 propter
1279 969 1419 996 Christum
1450 973 1476 996 et
1508 973 1617 1004 propter
1644 973 1749 1004 gentes.

965 1022 974 1040 ι
1004 1013 1118 1041 Vinctus
1144 1022 1203 1042 sum
1233 1014 1335 1041 Christi
1363 1013 1439 1042 Jesu.
1471 1023 1480 1041 ι
1511 1014 1749 1050 Quandoquidem,

962 1059 1061 1094 inquit,
1081 1059 1152 1087 Deus
1173 1059 1331 1087 meus-talia
1357 1059 1385 1087 in
1409 1068 1460 1086 nos
1479 1060 1611 1092 exhibuit,
1638 1067 1751 1088 necesse

962 1109 1003 1132 est
1026 1109 1054 1131 et
1072 1112 1113 1132 me
1127 1104 1204 1139 juxta
1219 1105 1293 1132 vires
1316 1104 1418 1138 aliquid
1438 1105 1464 1132 in
1481 1105 1600 1132 medium
1614 1104 1750 1132 conferre.

965 1159 974 1175 ι
991 1149 1115 1176 Vinctus.
1139 1159 1148 1174 ι
1167 1148 1285 1185 Scripsit
1305 1150 1376 1177 enim
1397 1158 1458 1177 cum
1485 1154 1559 1177 esset
1578 1149 1604 1176 in
1621 1150 1747 1177 vinculis.

963 1195 1051 1222 Simul
1075 1200 1167 1223 autem
1196 1201 1223 1223 et
1250 1197 1301 1223 hoc
1329 1196 1468 1231 signiﬁcat
1493 1196 1648 1224 :Dominus
1672 1203 1750 1223 meus

962 1240 1108 1268 crucifixus
1122 1246 1175 1272 est,
1190 1249 1240 1276 ego
1256 1249 1324 1268 vero
1354 1241 1460 1268 interim
1487 1241 1594 1268 vinctus
1615 1248 1676 1268 sum
1699 1248 1750 1276 pro

964 1286 1041 1314 vobis
1060 1287 1200 1322 gentibus.
1219 1297 1229 1313 ι
1251 1286 1394 1323 Siquidem
1408 1287 1534 1314 audistis.
1554 1297 1563 1313 ι
1585 1286 1749 1314 Vatieiuiunr

962 1332 1001 1358 ait
1013 1332 1085 1367 quod
1101 1332 1134 1360 ad
1145 1333 1276 1360 Ananiam
1297 1333 1401 1360 dicttun
1418 1333 1516 1363 fuerat,
1529 1340 1627 1367 nempe
1642 1341 1649 1359 :
1667 1342 1676 1358 ι
1695 1331 1751 1360 Vas

962 1377 1078 1405 electum
1094 1385 1135 1407 est
1150 1379 1215 1406 mihi
1230 1380 1280 1406 iste
1294 1383 1324 1406 ut
1338 1384 1427 1414 portet
1443 1386 1542 1406 nomen
1557 1386 1646 1406 meum
1658 1385 1749 1405 coram

962 1424 1088 1459 gentibus
1103 1424 1134 1451 “.
1154 1433 1164 1451 ι
1192 1439 1227 1445 -—
1246 1433 1255 1450 ι
1275 1424 1510 1460 Dispensationem
1540 1425 1636 1458 gratize
1659 1423 1719 1451 Dei.
1738 1433 1747 1449 ι

963 1469 1197 1504 Dispensatlouem
1213 1470 1308 1505 gratia:
1321 1470 1389 1497 dicit
1404 1470 1596 1497 revelationem
1609 1470 1681 1504 quod
1696 1477 1750 1498 nou

963 1514 998 1541 ab
1013 1515 1123 1542 homine
1140 1515 1294 1547 didicisset,
1314 1516 1360 1542 sed
1385 1515 1421 1542 ita
1439 1515 1608 1549 dispensavit
1631 1519 1659 1543 et
1676 1515 1751 1542 ordi~

964 1563 1039 1588 navit
1053 1560 1100 1588 Dei
1111 1561 1198 1596 gratia
1212 1565 1241 1587 ut
1253 1561 1318 1588 mihi
1337 1561 1370 1588 de
1381 1561 1450 1588 crelo
1462 1561 1639 1588 revelaretur.
1651 1561 1752 1588 Gratia:

967 1607 1038 1635 enim
1061 1607 1111 1634 fuit
1133 1607 1205 1642 quod
1223 1612 1367 1634 vocaretur
1391 1614 1422 1634 ac
1446 1607 1505 1634 luce
1530 1606 1751 1641 perfunderetur.

966 1660 1020 1687 quo
1037 1652 1143 1678 lucilius
1164 1653 1374 1687 persuaderetur
1389 1657 1414 1679 et
1430 1652 1562 1680 crederet.
1582 1662 1592 1678 ι
1610 1652 1675 1685 Qute
1689 1652 1752 1679 data

966 1702 1008 1725 est
1031 1698 1097 1724 mihi
1126 1698 1154 1725 in
1176 1706 1234 1726 vos.
1255 1707 1264 1724 ι
1287 1697 1355 1724 Nam
1376 1698 1434 1733 ipse
1456 1699 1521 1725 mihi
1546 1698 1615 1725 dixit
1640 1705 1648 1725 :
1678 1707 1687 1724 ι
1710 1697 1752 1724 Ad

967 1747 1061 1778 gentes
1075 1743 1170 1778 procul
1189 1744 1292 1770 mittant
1314 1749 1340 1771 te
1355 1743 1386 1770 ³⁸.
1405 1753 1415 1770 ι
1431 1757 1465 1763 -η
1482 1752 1491 1769 ι
1507 1743 1584 1776 Quod
1601 1743 1753 1772 secundum

967 1789 1158 1816 revelationem
1173 1794 1268 1816 notum
1283 1789 1347 1817 fecit
1361 1790 1427 1816 mihi
1444 1791 1614 1824 mysterium.
1635 1789 1753 1824 [εἰσιιί-

968 1834 1029 1862 dem
1044 1843 1107 1862 vere
1124 1836 1284 1872 mysterium
1297 1840 1354 1863 erat
1369 1835 1480 1864 Graecos
1496 1837 1542 1871 qui
1564 1836 1667 1870 lapides
1681 1836 1755 1863 cole-

967 1881 1044 1914 bant,
1060 1881 1093 1908 ad
1113 1886 1216 1909 tantam
1237 1883 1378 1910 sublimari
1401 1883 1515 1917 gloriam
1531 1890 1562 1910 ac
1583 1881 1753 1916 generosita-

969 1930 1033 1958 tem,
1050 1927 1121 1961 qnod
1136 1927 1226 1962 ipsum
1241 1927 1323 1954 etiam
1340 1927 1364 1954 ei
1380 1927 1528 1955 revelatum
1542 1932 1610 1955 erat.
1628 1936 1637 1953 ι
1654 1927 1754 1960 Quem-

969 1972 1117 2000 admodum
1149 1977 1213 2000 ante
1235 1973 1334 2008 scripsi
1363 1973 1470 2008 paucis.
1495 1982 1505 1998 ι
1532 1973 1754 2008 Dispensationes

968 2018 1036 2046 dicit
1053 2026 1114 2054 quae
1131 2023 1209 2046 antea
1222 2019 1356 2054 przedictae
1369 2023 1443 2050 sunt,
1459 2026 1556 2054 nempe
1567 2019 1640 2054 quod
1653 2024 1755 2046 vocale

969 2064 1026 2092 sint
1047 2068 1143 2100 gentes
1167 2072 1228 2092 cum
1253 2065 1349 2100 procul
1376 2071 1480 2097 essent,
1501 2072 1534 2092 ac
1561 2070 1755 2100 superstructis

969 2109 1035 2140 sint,
1053 2114 1079 2136 et
1093 2116 1264 2144 qumcunque
1280 2114 1345 2137 sunt
1361 2110 1528 2144 ltujusmodi.
1542 2109 1652 2141 Pauois.
1670 2113 1698 2136 ut
1713 2111 1753 2142 ἐν,

971 2155 996 2182 id
1009 2155 1107 2188 est,in,
1124 2155 1232 2190 capitur
1247 2163 1298 2189 pro
1312 2155 1367 2186 διά,
1379 2155 1405 2182 id
1421 2159 1472 2186 est,
1489 2163 1544 2187 per,
1560 2159 1607 2181 aut
1623 2155 1651 2181 ἐν
1661 2155 1753 2188 ὀλίγῳ,

973 2201 999 2228 id
1018 2205 1069 2234 est,
1087 2200 1168 2235 paulo
1187 2205 1258 2227 ante.
1274 2209 1283 2226 ι
1304 2200 1341 2227 Ex
1356 2209 1411 2236 quo
1438 2200 1552 2235 potestis
1577 2201 1695 2235 legentes
1711 2199 1755 2226 in-

132 2244 150 2279 ή
165 2245 211 2271 ἐπὶ
224 2244 264 2280 τῷ
285 2245 426 2281 μυστηρίῳ
447 2245 494 2272 τοῦ
510 2245 640 2281 Χριστοῦ.
667 2256 677 2272 ι
695 2248 726 2273 Ὂ
744 2248 852 2283 ἑτέραις
874 2257 914 2283 γε·

1003 2246 1104 2281 lligere.
1123 2255 1132 2272 ι
1149 2245 1248 2281 Papae:
1262 2253 1316 2273 non
1337 2253 1402 2281 ergo
1418 2246 1529 2280 scripsit
1543 2253 1602 2280 quae
1622 2246 1753 2280 oportuit,

132 2289 208 2319 νεαῖς
227 2289 276 2315 οὐκ
302 2290 488 2325 ἐγνωρίσθη.»
517 2291 606 2326 Ὅπερ
635 2292 793 2327 μυστήριον,
824 2295 917 2328 φησιν,

133 2334 240 2369 ἑτέραις
254 2336 359 2368 γενεατς
371 2336 421 2362 οὐκ
435 2336 599 2372 ἐγνωρίσθη.
616 2337 707 2364 Πάντα
718 2338 746 2364 δὲ
769 2338 857 2365 ταῦτα
879 2339 918 2370 εἰς

135 2379 284 2413 μυστήριον
296 2379 343 2405 τοῦ
356 2380 474 2415 Χριστοῦ
488 2381 617 2414 συντελεῖ,
633 2382 649 2417 ἡ
660 2380 877 2417 ὲνανϐρώπησις,
905 2384 919 2410 ὁ

135 2425 261 2459 σταυρὸς,
277 2425 293 2459 ἡ
307 2425 465 2457 ἀνάστασις,
482 2427 498 2461 ἠ
513 2427 545 2452 ὲκ
558 2427 653 2459 δεξιῶν
668 2427 714 2453 τοῦ
730 2428 836 2463 Πατρὸς
852 2430 919 2455 καϐ-

135 2470 212 2505 έδρα,
238 2471 254 2506 ἠ
271 2471 367 2505 κλῆσις
378 2470 434 2498 τῶν
450 2471 545 2503 ἐθνων,
562 2473 578 2506 ἡ
595 2472 639 2499 διὰ
653 2473 702 2507 τῆς
725 2473 842 2505 πίστεως
867 2483 920 2501 σω-

135 2515 227 2551 τηρία,
244 2517 260 2551 ἠ
274 2516 372 2552 ἐκϐολὴ
388 2516 435 2543 τοῦ
449 2517 520 2543 κατὰ
532 2517 622 2551 σάρκα
657 2518 799 2551 Ἰουδαίου,
814 2520 831 2554 ἡ
858 2527 921 2546 συνρ

135 2560 219 2594 άφεια
231 2560 285 2587 τῶν
301 2562 348 2588 δύο
359 2562 432 2588 λαῶν
446 2562 486 2593 εἰς
504 2561 532 2587 ἓν
548 2562 627 2597 σῶμα
639 2563 757 2597 Χριστοῦ
782 2565 920 2600 χρηματί-

137 2606 232 2639 ζουσα,
252 2607 350 2642 μᾶλλον
362 2607 390 2634 δὲ
402 2607 482 2641 οὖσα,
497 2609 514 2642 ὴ
531 2607 643 2642 δευτέρα
658 2609 807 2643 παρουσία,
833 2611 880 2638 καὶ
903 2612 920 2646 ἡ

136 2653 263 2684 ἀπόδοσις
278 2653 323 2680 τοῦ
341 2654 400 2680 κατ’
414 2653 501 2686 ἀξίαν,
519 2653 565 2679 καὶ
581 2654 631 2680 ὅσα
648 2654 771 2682 τοιαῦτα.
787 2665 795 2681 ι
815 2655 859 2689 Ὠς
873 2656 921 2683 νῦν

137 2698 316 2733 ἀπεκαλύψθη
330 2707 338 2732 ;
355 2708 363 2723 ι
386 2699 417 2724 Τί
436 2697 483 2725 οὗν
495 2699 525 2726 οἱ
537 2698 619 2725 πάλαι
635 2701 774 2734 προφῆται
788 2700 838 2727 οὑκ
850 2701 923 2736 ᾔδει-

139 2753 189 2771 σαν
203 2753 211 2778 ;
227 2744 288 2775 Πῶς
300 2742 347 2770 οὖν
362 2745 376 2770 ὀ
386 2744 503 2778 Χριστός
518 2752 595 2778 φησι,
614 2753 623 2769 ι
636 2745 740 2779 Μωσῆς
756 2746 803 2771 καὶ
817 2745 841 2771 οἱ
853 2754 921 2781 προ-

139 2790 223 2824 φῆται
237 2790 301 2824 περὶ
316 2789 382 2824 ἐμοῦ
402 2789 488 2816 ταῦτα
500 2789 632 2824 ἔγραψαν.
648 2799 657 2816 ι
672 2789 729 2816 Καὶ
748 2789 829 2817 πάλιν
855 2791 922 2826 φησὶ

140 2837 205 2872 περὶ
219 2836 274 2862 τῶν
287 2835 413 2870 Γραφῶν,
431 2845 440 2862 ι
454 2836 494 2862 ὃτι
509 2835 612 2862 ἐκεῖναί
627 2836 697 2862 εἰσιν
714 2836 741 2863 αἱ
769 2837 924 2872 μαρτυροῦ-

175 2892 198 2908 ¹³
213 2891 275 2919 Act.
297 2900 334 2919 ιιι.
351 2892 394 2925 l5,
452 2894 472 2909 ”
488 2893 549 2921 Act.
567 2901 634 2925 χιιι,
649 2893 695 2920 21.

972 2292 1019 2319 sed
1036 2300 1095 2326 quae
1111 2292 1209 2319 licebat
1225 2292 1385 2326 intelligere.
1398 2291 1453 2327 24
1463 2291 1649 2326 Coguitiouem
1665 2296 1756 2318 autem

973 2335 1038 2362 dicit
1049 2335 1185 2370 quomodo
1199 2337 1355 2370 mysterium
1367 2336 1532 2371 cognoverit,
1542 2335 1680 2369 quomodo
1690 2335 1756 2362 illud

974 2379 1148 2408 intellexerit.
1162 2380 1228 2407 Nam
1239 2381 1356 2416 cognitio
1366 2385 1406 2408 est
1418 2381 1513 2415 peritia
1525 2381 1564 2407 vel
1573 2380 1698 2412 scientia,
1707 2387 1755 2408 seu

974 2425 1121 2453 intellectio
1131 2435 1191 2460 qum
1203 2431 1245 2454 est
1255 2427 1289 2454 de
1305 2427 1433 2462 mysterio
1449 2426 1562 2454 Christi.
1575 2436 1584 2452 ι
1602 2426 1680 2460 Quod
1695 2426 1757 2453 aliis

972 2470 1098 2498 tetatibus
1112 2478 1165 2498 non
1178 2471 1305 2498 innotuit.
1317 2481 1326 2497 ι
1337 2471 1414 2504 Quod
1424 2471 1582 2506 mysterium
1598 2470 1685 2504 inquit
1695 2470 1757 2497 aliis

971 2517 1097 2544 aetatibus
1107 2524 1161 2544 non
1171 2517 1365 2544 innotuitleec
1376 2522 1464 2545 alitem
1476 2518 1566 2544 omnia
1574 2516 1674 2544 Christi
1685 2523 1758 2550 mys-

972 2562 1070 2590 terium
1080 2562 1234 2597 perﬁciunt.
1245 2562 1691 2598 incarnatio,pnssio,resurrectio.
1699 2568 1758 2588 ses-

973 2609 1015 2636 sio
1026 2616 1041 2635 a
1056 2609 1161 2635 dextris
1175 2608 1274 2640 Patris,
1288 2609 1393 2636 vocatio
1405 2609 1537 2643 gentium,
1551 2607 1626 2635 salus
1642 2614 1702 2641 quae
1716 2610 1758 2633 est

973 2662 1022 2689 per
1033 2654 1122 2687 (idem,
1138 2655 1236 2688 ejectio
1250 2654 1334 2682 Judaei
1351 2654 1500 2682 secundum
1512 2660 1632 2685 carnem,
1642 2652 1758 2687 conjun-

974 2700 1029 2727 ctio
1042 2700 1159 2727 duorum
1175 2700 1337 2734 populorum
1352 2699 1379 2726 in
1394 2707 1476 2726 unum
1488 2698 1587 2726 Christi
1598 2705 1708 2732 corpus.
1719 2697 1759 2724 sic

975 2745 1060 2778 dicta,
1078 2746 1132 2772 imo
1146 2753 1206 2780 quae
1219 2753 1247 2772 re
1263 2745 1321 2780 ipsa
1342 2745 1405 2773 talis
1428 2748 1481 2777 est,
1498 2744 1635 2772 secundus
1658 2743 1758 2770 adven.

977 2794 1031 2821 tus,
1056 2797 1087 2817 ac
1104 2789 1331 2824 retributiojuxta
1343 2789 1476 2824 cujusque
1492 2789 1628 2820 meritum,
1643 2792 1669 2815 et
1685 2795 1758 2822 qua:-

977 2843 1085 2871 cunque
1111 2841 1176 2864 sunt
1207 2835 1374 2870 hnjnsmodi.
1400 2843 1410 2860 ι
1429 2833 1664 2866 Quemadmodum
1688 2841 1759 2865 nunc
