1864 3048
126 163 196 195 1203

652 167 847 197 (ECUMENIl
866 162 1009 200 TRICC£
1029 170 1198 201 EPISCOPI

1677 173 1745 205 1204

125 220 274 248 revelatum
298 221 364 249 est?
391 231 400 247 ι
426 221 496 254 Quid
519 222 605 258 ergo?
621 229 654 249 an
680 224 745 249 olim
772 225 908 259 prophetas:

1004 235 1063 261 μοι;
1079 236 1088 252 ι
1107 227 1160 253 Καί
1174 235 1280 262 φαμεν·
1297 228 1332 253 Ἦ
1344 227 1424 254 τοῦτο
1434 225 1520 259 εἷπεν,
1533 227 1573 254 ’ὁτι
1590 228 1682 255 πᾶσιν
1696 230 1746 255 ἀν-

126 274 180 294 non
197 267 358 295 noverunt?
389 267 531 300 Quomodo
559 272 622 302 ergo
655 267 723 294 dicit
756 269 908 298 Christus:

128 321 138 337 ο
159 312 265 348 Moyses
280 317 306 340 et
322 313 459 348 prophetm
477 312 534 339 haec
549 312 582 340 de
600 320 643 339 me
660 313 829 348 scripserunt
840 316 881 342 ”?
898 325 907 342 ι

126 357 301 392 Rursumque
329 358 366 384 ait
393 357 427 385 de
446 357 595 392 Scripturis
617 367 648 385 ει
676 358 730 386 like
760 365 824 387 sunt
851 368 910 395 qua:

126 405 313 431 testimonium
339 404 483 438 perhibent
506 404 539 432 de
565 405 662 432 me"?
682 415 691 431 ι
712 405 744 432 Et
768 406 908 434 dicimus:

126 449 174 477 νει
196 450 246 477 hoc
260 449 328 476 dixit
348 450 419 485 quod
434 458 489 477 non
504 450 631 478 omnibus
655 450 812 478 hominibus
831 451 910 479 iuno-

127 495 188 521 tuit.
205 495 249 521 Ait
263 495 333 522 enim
351 503 357 521 :
372 495 469 522 Coram
482 496 546 523 ﬁliis
557 496 696 524 hominum
712 504 718 522 :
732 505 806 524 nunc
821 498 908 530 siqui-

126 539 185 566 dem
199 544 259 573 post
276 539 491 567 incarnationem
510 548 605 568 omnes
622 541 746 569 homines
762 542 850 576 ipsum
867 542 909 569 in-

127 585 188 611 tuiti
218 589 293 612 sunt.
324 585 377 612 Aut
402 586 474 621 quod
504 594 592 621 neque
614 587 753 622 prophetze
776 593 909 615 noverunt

126 631 198 658 sicut
214 639 288 658 nunc
320 632 406 659 visum
433 637 486 666 est,
511 633 562 660 hoc
581 638 632 665 est.
647 634 838 669 corporaliter.
855 635 909 662 Aut

126 676 198 711 quod
231 678 359 712 gentibus
387 679 456 705 nulli
485 678 521 706 ita
548 680 684 712 innotuit;
714 687 812 714 nempe
833 680 906 714 quod

126 722 167 749 hae
195 722 352 751 coharredes
378 727 482 756 essent,
513 729 540 751 et
566 725 688 756 eiusdem
720 725 843 760 corporis
876 733 908 753 ac

127 768 273 802 participes
289 769 489 804 promissionis.
513 779 521 795 ι
542 770 574 796 Ει
590 770 731 805 prophetis
755 777 802 805 per
821 771 902 805 spiri-

127 817 195 840 tum.
215 822 225 839 ι
243 809 353 840 Νοηιόι
370 821 442 841 nunc
460 822 507 848 per
522 815 649 849 spiritum
667 819 710 842 est
725 815 787 842 talis
804 816 908 843 revela-

125 857 175 883 tio.
191 855 272 884 Certe
287 858 333 892 qui
352 857 448 892 spiritu
461 859 603 892 privantur
624 859 706 885 etiam
719 867 791 886 nunc
803 863 906 887 errant.

963 272 1080 307 θρώποις
1095 274 1144 299 οὐκ
1158 273 1320 308 ἐγνωρίσθη.
1334 272 1401 300 Eine
1417 273 1482 308 γὰρ,
1498 273 1676 308 Ἔμπροσθεν
1688 275 1747 305 τοῖς

962 319 1029 349 υἱοῖς
1041 319 1094 345 τῶν
1109 319 1269 354 ἀνθρώπων.
1287 319 1345 345 Νῦν
1358 319 1411 354 γὰρ
1428 319 1497 353 μετὰ
1507 320 1556 353 τὴν
1566 319 1746 354 ὲνανθρώπη-

962 371 1014 395 σιν,
1027 363 1127 395 πάντες
1137 364 1217 390 αὑτὸν
1232 364 1388 391 ἐθεάσαντο.
1404 365 1439 391 Ἢ
1453 365 1495 391 ὅτι
1511 364 1571 391 οὐδὲ
1587 365 1612 391 οι
1633 365 1745 399 προφῆ-

960 416 1002 435 ται
1019 406 1088 436 εἶδον
1099 409 1137 441 ὡς
1162 409 1209 436 νῦν
1229 410 1334 445 ὠράΘη,
1348 410 1490 439 τουτέστι.
1513 409 1689 445 σωματικῶς.
1710 410 1746 436 Ἥ

960 454 1002 480 ὅτι
1017 455 1081 490 περὶ
1108 454 1162 482 τῶν
1191 455 1275 482 ἐθνῶν
1304 455 1392 482 οὐδενὶ
1406 454 1492 485 οὕτως
1517 455 1642 490 ἐγνώσθη
1671 453 1744 481 εἶναι

959 499 1045 527 ταῦτα
1067 500 1273 536 συγκληρονόμα
1292 502 1338 528 καὶ
1356 501 1488 535 σύσσωμα
1512 500 1560 527 καὶ
1583 501 1744 535 συμμέτοχα

960 547 1009 581 τῆς
1022 547 1196 581 ἐπαγγελίας.
1228 557 1237 573 ι
1253 548 1309 575 Καὶ
1334 548 1488 583 προφήταις
1512 548 1541 574 ὲν
1566 547 1715 582 πνεύματι.
1730 556 1740 573 ι

959 593 1008 619 Διὰ
1019 593 1173 628 πνεύματος
1185 594 1240 630 γὰρ
1253 595 1300 621 καὶ
1309 595 1356 621 νῦν
1368 596 1385 629 ἡ
1399 594 1568 629 ἀποκάλυψις
1585 594 1640 620 τῶν
1655 594 1745 621 τοιού-

958 647 1012 665 των
1022 659 1028 666 .
1038 639 1176 673 ’Δμέλειοι
1189 640 1366 675 ἐστερημένοι
1379 641 1426 667 τοῦ
1440 640 1604 675 πνεύματος,
1630 640 1678 666 καὶ
1695 639 1743 666 νῦν

959 685 1122 711 πλανῶνται.
1133 685 1193 711 Ὀτι
1206 686 1255 720 μὲν
1268 686 1321 720 γὰρ
1338 685 1502 720 κληθήσεται
1510 686 1543 711 τὰ
1554 686 1629 720 ἔθνη,
1639 685 1687 720 ᾖδε
1693 692 1743 711 σαν

959 732 984 758 οἱ
999 732 1146 767 προφῆται.
1172 732 1232 758 Ὀτι
1250 732 1278 759 δὲ
1297 732 1505 767 συγκληρονὸμα
1520 732 1567 757 καὶ
1579 731 1744 766 συμμέτοχα

959 778 1045 809 ἔσται,
1059 778 1109 804 οὐκ
1135 777 1243 813 ᾔδεσαν.
1269 787 1278 803 ι
1292 778 1345 804 Καὶ
1359 777 1502 812 σύσσωμα.
1523 786 1532 802 ι
1549 777 1586 803 Τὸ
1614 776 1644 803 ἓν
1668 776 1745 810 ἔχειν

958 824 1067 859 Χριστῷ
1081 823 1170 858 σῶμα,
1187 824 1231 850 διὰ
1249 824 1279 850 τὸ
1293 822 1362 850 εἶναι
1374 823 1456 854 αὐτοῦ
1474 823 1553 857 μέλη.
1572 823 1644 857 «Τῆς
1658 823 1747 855 ἑπαγ-

959 869 1052 903 γελὶας
1067 869 1150 895 αὑτοῦ
1175 870 1203 895 ὲν
1225 869 1264 904 τῷ
1293 869 1413 904 Χριστῷ.
1436 879 1445 894 ι
1466 868 1593 895 Βασιλεία
1611 868 1662 902 μὲν
1688 868 1746 902 γὰρ

125 901 229 930 Etenim
260 903 332 937 quod
362 904 492 930 vocandae
518 908 610 931 essent
644 909 749 939 gentes,
776 908 908 932 noverant

999 894 1129 949 ήῇῐεᾶέάέ
1141 894 1217 949 itm
1232 894 1428 950 ';..-.";i.’..;s;.
1448 894 1498 941 Διά
1509 894 1628 950 χριστοὲ
1654 913 1683 940 δὲ
1695 894 1746 940 ’τὲι

125 949 273 984 propheta},
289 950 360 984 quod
385 955 476 978 autem
498 951 654 979 colueredes
676 951 765 978 forent
787 956 814 979 et
834 959 908 980 com-

999 968 1024 994 ιη
1041 960 1088 986 καὶ
1101 960 1151 994 τῆς
1163 960 1202 991 εἰς
1213 960 1294 986 αὑτὸν
1311 960 1440 992 πίστεως,
1455 961 1503 993 τῆς
1522 959 1649 992 τοιαύτης
1668 959 1746 985 ἐστὶν

126 994 284 1029 participes,
304 1002 358 1023 non
375 1001 517 1024 noverant.
534 1005 544 1022 ι
562 996 593 1023 Et
605 996 728 1032 ejusdem
744 997 878 1031 corporis.
896 1006 906 1023 ι

999 1006 1129 1040 αγγελίας
1140 1006 1309 1041 συμμέτοχα.
1326 1016 1336 1032 ‹
1352 1007 1401 1033 Διὰ
1413 1006 1460 1033 τοῦ
1474 1005 1652 1039 Εὑαγγελιου.
1668 1014 1678 1030 ι
1688 1004 1747 1038 Τῆς

127 1038 161 1066 Ut
178 1047 260 1067 unum
288 1041 420 1069 haberent
444 1049 505 1069 cum
528 1042 636 1070 Christo
658 1050 757 1077 corpus
780 1050 813 1070 eo
836 1043 908 1078 quod

999 1038 1077 1084 sese);
1091 1038 1183 1083 αὑτοίξ
1196 1038 1315 1086 έρησιμτὸ
1324 1052 1487 1086 Εὑαγγέλιον
1504 1038 1601 1087 ὁδηχὸν
1611 1051 1660 1078 καὶ
1679 1049 1748 1086 πρό-

124 1089 218 1113 esscnt
234 1086 355 1114 membra
371 1087 440 1122 cjus.
463 1097 473 1114 ι
495 1088 687 1116 Promissionis
705 1089 766 1123 ejus
788 1088 814 1116 in
828 1088 908 1116 Chri-
961 1098 1045 1130 ξενον,

125 1147 178 1169 sto.
195 1152 204 1168 ι
215 1142 336 1178 Regnum
347 1145 446 1171 etenim
465 1145 628 1180 promissum
645 1149 686 1173 est
701 1152 715 1172 α
727 1145 806 1173 Patre
819 1154 826 1172 :
837 1153 884 1180 per
900 1145 1037 1172 Christum
1056 1148 1145 1171 autem
1159 1148 1186 1170 et
1197 1143 1276 1171 iidem
1294 1151 1354 1178 quae
1366 1143 1392 1170 in
1405 1150 1493 1178 .psum
1509 1147 1561 1173 est,
1577 1146 1672 1177 gentes
1681 1144 1747 1168 sunt

125 1189 280 1224 huiusmodi
293 1190 484 1225 promissionis
492 1192 650 1227 participes.
663 1201 671 1218 ι
682 1192 732 1220 Per
740 1192 924 1227 Evangelinm.
939 1190 1140 1223 rEvangelium.
1153 1190 1250 1224 inquit,
1264 1189 1390 1216 conciliat
1402 1193 1427 1216 et
1436 1189 1544 1216 deducit
1552 1196 1598 1216 eos
1608 1188 1641 1215 ad
1652 1187 1745 1214 ﬁdem.

161 1234 204 1268 Ill,
219 1235 297 1263 7-H.
320 1236 404 1271 Cujus
428 1237 514 1272 factus
539 1246 598 1264 sum
619 1238 739 1265 minister
766 1239 907 1265 secundum

125 1279 224 1307 donum
240 1282 335 1316 graliaz
351 1281 410 1314 Dei,
424 1281 494 1317 quod
509 1281 602 1309 datum
618 1287 658 1309 est
681 1282 746 1309 mihi
766 1281 910 1309 secundum

124 1327 267 1361 efﬁcaciam
281 1329 404 1362 potentia:
427 1328 511 1355 illius.
528 1327 595 1355 Mihi
613 1328 730 1355 omnium
757 1333 910 1355 sanctarum

128 1373 236 1399 minimo
251 1373 316 1400 data
329 1378 367 1401 est
379 1374 465 1408 gratia
481 1374 543 1406 haec,
563 1379 591 1400 ut
609 1375 676 1401 inler
699 1378 786 1409 gentes
806 1381 910 1400 annun-

130 1419 191 1446 tiem
212 1419 458 1454 impervestigabiles
480 1419 586 1446 divitias
606 1419 716 1452 Christi,
741 1423 765 1446 et
780 1419 807 1446 in
827 1419 910 1446 lucem

127 1464 261 1498 proferant
283 1464 403 1491 omnibus
417 1472 474 1499 qua:
488 1465 522 1491 sit
543 1463 596 1498 25
615 1463 779 1498 dispensatio
793 1464 909 1499 mysterii

126 1509 195 1542 quod
219 1513 274 1535 erat
297 1509 478 1536 absconditum
503 1518 519 1536 α
540 1509 644 1536 swculis
665 1510 691 1536 in
707 1509 772 1542 Deo,
788 1509 831 1544 qui
848 1509 909 1535 uni-

127 1561 201 1580 versa
218 1555 334 1581 condidit
349 1563 395 1589 per
410 1555 543 1582 Christum
559 1555 662 1582 Iesum.

163 1642 263 1671 Factus
279 1651 351 1676 sum,
366 1644 466 1678 inquit,
481 1643 620 1678 Evangelii
636 1645 772 1678 minister,
798 1651 909 1680 accepto

128 1691 180 1718 hoc
207 1691 234 1717 in
251 1690 353 1717 donum
370 1692 484 1725 gratiae:
510 1692 613 1719 nullum
637 1693 709 1720 enim
725 1700 794 1728 opus
819 1701 908 1721 meum

127 1736 231 1764 contuli
248 1736 281 1763 ad
296 1736 367 1764 hanc
379 1737 505 1771 gratiam.
527 1738 722 1766 Animadverte
737 1739 808 1774 quod
838 1739 908 1766 Pau-

127 1782 171 1808 lus
187 1781 244 1808 haec
257 1780 328 1807 dicat
349 1781 398 1816 qui
428 1782 551 1816 quotidie
575 1783 754 1811 moriebatur.
782 1792 791 1810 ι
807 1784 910 1811 Secun-

127 1825 192 1853 dum
211 1825 358 1854 eﬁicaciam
376 1828 516 1861 potentiae.
535 1837 545 1853 ι
563 1827 619 1855 Nec
633 1828 721 1856 solum
733 1828 794 1856 data
808 1833 850 1856 est
862 1828 911 1856 tri-

127 1872 167 1901 hi.
182 1873 280 1908 inquit,
294 1873 351 1900 haee
366 1873 465 1909 gratia,
495 1873 542 1902 sed
569 1878 668 1909 praeter
694 1874 797 1902 donum
827 1875 909 1902 etiam

127 1919 270 1947 eﬂicaciter
288 1920 344 1954 agit
358 1920 386 1947 in
401 1927 443 1947 me
461 1920 622 1955 potentiam,
641 1924 670 1947 ut
684 1925 781 1956 potens
808 1921 858 1949 sim
875 1921 908 1948 ad

126 1965 308 1992 ministerium
327 1965 478 2000 Evangelii.
495 1975 504 1992 ‹
523 1965 588 1993 Mihi
603 1966 729 1994 minimo.
748 1976 757 1993 ι
777 1966 910 1996 Conside-

126 2017 159 2039 ra
171 2011 346 2039 excellentem
358 2011 443 2038 animi
463 2011 634 2040 modestiam.
646 2012 715 2041 Alibi
728 2013 837 2048 quidem
849 2021 910 2042 sese

128 2065 183 2084 non
198 2064 260 2085 esse
285 2057 414 2084 idoneum
431 2058 541 2085 diccbat
564 2059 599 2086 ad
615 2059 806 2092 apostolatum,
836 2067 910 2086 nunc

126 2109 192 2130 vero
208 2102 291 2130 etiam
307 2102 428 2129 omnium
444 2106 605 2130 sanctorum
622 2103 765 2130 minimum
793 2103 860 2130 dicit
876 2104 909 2130 ¹³.

125 2147 192 2176 Mihi
204 2156 278 2183 ergo,
296 2148 396 2183 inquit,
409 2148 471 2176 data
486 2153 529 2177 est
555 2149 645 2185 gratia
666 2149 734 2176 haec.
749 2149 784 2176 Et
811 2149 909 2177 merito

998 1234 1038 1264 Οὗ
1054 1236 1201 1270 ἐγενόμην
1212 1235 1363 1267 διάκονος,
1377 1235 1451 1262 κατὰ
1468 1234 1524 1268 τὴν
1550 1234 1664 1267 δωρεὰν
1690 1233 1746 1267 τῆς

961 1281 1081 1316 χάριτος
1096 1281 1148 1308 τοῦ
1166 1281 1251 1313 Θεοῦ,
1279 1280 1338 1314 τὴν
1360 1279 1503 1307 δοθεῖσάν
1510 1287 1571 1313 μοι,
1586 1279 1662 1306 κατὰ
1687 1279 1746 1311 τὴν

960 1328 1112 1361 ἐνέργειαν
1126 1326 1178 1360 τῆς
1205 1326 1358 1361 δυνάμεως
1373 1325 1476 1357 αὑτοῦ,
1505 1324 1569 1360 ἐμοὶ
1585 1325 1626 1357 τῷ
1644 1325 1745 1359 ἐλαχι-

961 1373 1090 1406 στοτέρῳ
1110 1374 1230 1399 πάντων
1250 1372 1342 1406 ἁγίων
1364 1372 1451 1405 ἐδόθη
1462 1371 1483 1408 ¹ἡ
1504 1371 1590 1405 χάρις
1617 1371 1694 1404 αὕτη
1711 1371 1747 1397 ἐν

959 1419 1021 1451 τοῖς
1036 1418 1155 1445 ἔθνεσιν
1168 1418 1421 1452 εὐαγγελίσασθαι
1441 1416 1496 1444 τὸν
1511 1417 1748 1450 ἀνεξιχνίαστον

960 1464 1095 1491 πλοῦτον
1127 1464 1181 1490 τοῦ
1210 1463 1360 1497 Χριστοῦ,
1386 1463 1435 1490 καὶ
1463 1463 1591 1497 φωτίσαι
1630 1462 1748 1494 πάντας

960 1510 1006 1541 τίς
1020 1510 1038 1543 ’ἡ
1052 1510 1206 1542 οἰκονομία
1225 1509 1278 1536 τοῦ
1296 1510 1466 1543 μυστηρίου
1487 1508 1540 1535 τοῦ
1557 1508 1747 1542 ἀποκεκρυμ-

959 1555 1051 1590 μένου
1067 1555 1125 1582 ὰπὸ
1139 1554 1198 1581 τῶν
1220 1554 1335 1581 αἰώνων
1352 1554 1386 1581 ἐν
1402 1554 1442 1586 τῷ
1461 1554 1531 1586 Θεῷ,
1546 1553 1586 1586 τῷ
1599 1553 1634 1580 τὰ
1646 1553 1747 1580 πάντα

959 1599 1096 1626 κτίσαντι
1110 1599 1158 1625 διὰ
1177 1599 1277 1632 Ἰησοῦ
1290 1599 1430 1632 Χριστοῦ.

1001 1645 1159 1679 Ἑγενήθην,
1183 1645 1267 1678 φησὶ,
1290 1644 1336 1671 τοῦ
1363 1644 1528 1678 Εὐαγγελίου
1551 1644 1693 1675 διάκονος,
1717 1645 1746 1670 ὲν

959 1691 1049 1726 δωρεᾷ
1070 1691 1180 1725 χάριτος
1203 1689 1282 1716 τοῦτο
1302 1689 1402 1717 λαὸὡν.
1424 1689 1505 1716 Οὐδὲν
1521 1689 1576 1724 γὰρ
1591 1689 1648 1723 ἐγὼ
1664 1689 1747 1723 ἔργον

959 1736 1026 1770 ἐμὸν
1046 1736 1241 1771 συνεισήνεγχα
1265 1736 1298 1770 τῇ
1313 1735 1407 1770 χάριτι
1431 1734 1527 1771 ταύτῃ.
1545 1735 1617 1770 Ὅρα
1639 1734 1745 1761 Παῦλον

959 1783 1045 1810 ταῦτα
1068 1782 1192 1816 λέγοντα,
1218 1781 1263 1808 τὸν
1290 1782 1353 1808 καθ’
1382 1781 1489 1817 ἡμέραν
1521 1781 1744 1816 ἀποθνήσκοντα.

962 1838 972 1855 ι
988 1828 1067 1856 Κατὰ
1075 1829 1124 1864 τὴν
1139 1829 1278 1863 ἐνέργειαν
1290 1830 1340 1864 τῆς
1355 1829 1506 1865 δυνάμεως.
1519 1838 1529 1855 ι
1543 1830 1596 1855 Καὶ
1606 1829 1636 1855 οὐ
1651 1829 1745 1864 μόνον,

959 1875 1052 1910 φησὶν,
1082 1874 1203 1910 ἐδωρήθη
1224 1884 1270 1909 μοι
1286 1876 1303 1910 ή
1321 1875 1401 1912 χάρις
1430 1875 1510 1911 αὕτη,
1533 1874 1600 1903 ἀλλὰ
1624 1875 1694 1910 πρὸς
1710 1875 1745 1911 τῇ

959 1921 1048 1957 δωρεᾷ
1065 1920 1113 1949 καὶ
1125 1921 1233 1957 ἐνεργεῖ
1253 1931 1297 1956 μοι
1313 1922 1428 1956 δύναμιν
1444 1923 1484 1953 εἰς
1503 1922 1534 1948 τὸ
1556 1920 1659 1956 ἰσχύειν
1675 1921 1745 1956 πρὸς

959 1967 1009 2002 τὴν
1024 1968 1162 1995 διακονίαν
1178 1967 1225 1994 τοῦ
1241 1967 1420 2002 Εὑαγγελίου.
1440 1976 1450 1993 ι
1462 1967 1538 2002 Ἐμοὶ
1551 1967 1589 2002 τῷ
1602 1966 1747 2001 ἐλαχιστο-

960 2014 1044 2048 τέρῳ.
1059 2022 1070 2039 s
1088 2013 1160 2048 Ὅρα
1176 2013 1328 2048 ὑπερϐολὴν
1343 2012 1603 2048 ταπεινοφροσύνης.
1613 2011 1745 2046 Ἀλλαχοῦ

963 2059 1023 2094 μὲν,
1037 2059 1074 2094 μὴ
1091 2057 1161 2085 εἶναι
1184 2058 1277 2085 ἰκανὸν
1303 2059 1343 2090 si;
1359 2058 1511 2093 ἀποστολὴν
1527 2058 1619 2091 ἔλεγεν
1635 2058 1746 2090 ἑαυτὸν,

960 2104 1008 2131 νῦν
1022 2104 1061 2137 δὲ,
1076 2103 1124 2130 καὶ
1136 2104 1246 2131 πάντων
1260 2103 1315 2131 τῶν
1336 2103 1421 2138 ἁγίων
1437 2104 1643 2138 ὲλαχιστότερον
1657 2103 1744 2138 λέγει.

966 2149 1042 2183 Ἐμοὶ
1057 2147 1113 2181 οὖν,
1129 2148 1210 2184 φησίν
1220 2156 1226 2164 ·
1242 2148 1320 2183 ἐδόθη
1335 2149 1352 2183 ή
1366 2148 1445 2184 χάρις
1461 2148 1541 2182 αὕτη.
1560 2148 1614 2174 Καὶ
1628 2148 1747 2179 εἰκότως

125 2195 224 2230 gratia,
237 2195 261 2222 si
279 2194 392 2222 minimo
401 2199 430 2222 ut
439 2195 640 2224 aitsanctorum
649 2195 772 2224 omnium
779 2196 908 2223 commis-

999 2203 1050 2229 ρις,
1064 2194 1091 2220 εἶ
1103 2203 1136 2229 γε
1150 2193 1189 2229 τῷ
1203 2193 1324 2226 πάντων,
1333 2193 1371 2225 ὥς
1385 2202 1478 2229 φησιν,
1487 2193 1699 2228 ἐλαχιστοτέρῳ,
1714 2193 1747 2220 τὸ

125 2244 156 2265 sa
170 2241 213 2265 est
227 2237 385 2272 praedicatio
401 2239 534 2273 gentium.
558 2248 567 2265 ι
589 2239 655 2267 Mihi
686 2240 809 2267 omnium
825 2240 908 2267 inini-

125 2289 180 2310 mo.
201 2292 211 2309 ι
226 2283 309 2311 Deest
338 2284 405 2318 γάρ.
424 2285 451 2312 id
483 2289 526 2312 est
540 2285 632 2312 enim:
652 2289 680 2312 ut.
708 2286 825 2317 dicatur,
844 2285 909 2312 Mihi

127 2329 212 2356 enim.
241 2329 296 2356 Aul
312 2330 408 2363 potius
435 2331 504 2358 nihil
523 2330 627 2362 deﬁcit,
651 2331 697 2358 sed
727 2336 757 2358 ut
782 2332 806 2359 ei
835 2332 908 2366 quod

126 2374 268 2408 praecessit
283 2375 441 2409 respondet,
452 2383 551 2410 nempe
564 2376 646 2411 hujus
663 2377 766 2411 gratia:
783 2382 814 2405 ut
831 2378 908 2406 dica-

124 2423 182 2451 tur,
199 2418 282 2453 hujus
296 2419 381 2453 gratia
398 2420 464 2447 mihi
492 2421 614 2447 omnium
635 2427 793 2449 sanctorum
824 2423 907 2450 mini-

124 2470 181 2495 mo,
211 2466 265 2490 etc.
296 2463 447 2491 Considera
474 2471 538 2491 vero
565 2465 636 2500 quod
665 2474 727 2493 cum
763 2467 905 2501 periodum

122 2509 202 2543 juxta
219 2513 323 2536 rectum
334 2509 445 2536 schema
459 2510 626 2544 inchoasset,
638 2512 672 2539 ad
687 2512 738 2539 hoc
747 2513 906 2546 declinavit,

126 2558 156 2582 ut
172 2556 196 2583 ei
214 2555 286 2590 quod
307 2556 448 2590 prmcessit
472 2557 651 2591 responderet
668 2565 769 2590 sermo,
791 2558 906 2593 ﬁgurata

125 2604 207 2628 utens
230 2600 368 2629 sermonis
395 2601 574 2636 responsione
586 2602 619 2629 ad
650 2607 740 2637 typum
765 2601 906 2629 circuitio-

123 2652 199 2673 num.
215 2644 254 2672 Ita
269 2650 297 2673 et
315 2645 489 2681 Thucydides
503 2650 530 2674 et
548 2646 746 2674 Demosthenes
770 2646 863 2674 multis
877 2647 905 2674 in

122 2689 203 2718 locis.
220 2689 308 2725 Hujus
333 2695 423 2718 autem
450 2691 549 2726 gratia,
579 2691 677 2725 inquit,
696 2698 793 2726 nempe
812 2696 840 2718 ut
857 2699 905 2719 vos

123 2735 329 2763 comdiﬁcemini
345 2736 373 2763 in
399 2735 586 2763 habitaculum
610 2735 655 2763 Dei
679 2735 743 2762 data
766 2740 810 2763 est
838 2737 904 2764 mihi

123 2785 210 2814 gratia
232 2780 303 2808 haec.
331 2781 462 2814 Quaenam
490 2781 601 2816 gratia?
619 2781 783 2815 praedicandi
811 2782 849 2809 ait
878 2782 904 2809 in

158 2865 178 2880 “
195 2865 260 2892 Luc.
276 2874 348 2899 sxw,
366 2868 410 2894 Η.
452 2867 559 2895 ".loan.
573 2876 599 2901 ν,
613 2868 658 2895 29.

961 2240 1093 2274 κήρυγμα
1101 2239 1155 2265 τῶν
1164 2238 1249 2265 ἐθνῶν
1262 2239 1417 2274 ἐπετράπη.
1430 2248 1439 2264 ι
1451 2238 1529 2273 Ἐμοὶ
1545 2238 1584 2272 τῷ
1599 2238 1745 2272 ἐλαχιστο-

960 2285 1034 2320 τέρῳ
1049 2285 1169 2312 πάντων.
1184 2293 1194 2310 ι
1223 2284 1318 2311 Λείπει
1341 2284 1371 2311 τδ
1386 2284 1450 2320 γάρ.
1473 2281 1546 2317 Οῖον,
1561 2284 1624 2318 ἐμοὶ
1644 2285 1713 2318 γὰρ,
1727 2284 1745 2319 ἦ

961 2331 1061 2366 μᾶλλον
1077 2331 1151 2357 οὐδὲν
1165 2330 1294 2363 ἐλλείπει,
1307 2330 1374 2357 ἀλλὰ
1385 2330 1563 2361 ἁνταπόδοσίς
1573 2331 1632 2356 ἐστι
1644 2331 1746 2356 τοὺτου

960 2377 1050 2412 χάριν.
1077 2373 1140 2402 Οἷον
1164 2376 1259 2402 τούτου
1283 2375 1364 2411 χάριν
1389 2376 1451 2411 ἐμοὶ
1478 2376 1517 2411 τῷ
1544 2375 1744 2411 ἐλαχιστοτέρῳ

960 2422 1070 2449 πάντων
1085 2421 1171 2454 ἁγίων
1184 2420 1263 2455 ἐδόθη
1275 2440 1283 2453 ,
1301 2421 1347 2447 καὶ
1361 2420 1433 2456 ἑξῆς.
1446 2421 1546 2447 Σκόπει
1560 2421 1588 2447 δὲ
1604 2422 1646 2447 ὅτι
1659 2421 1744 2456 ἀρξά-

962 2476 1041 2502 μενος
1056 2468 1106 2502 τῆς
1123 2467 1249 2502 περιόδου
1275 2467 1346 2495 κατὰ
1363 2467 1394 2493 τὸ
1410 2466 1490 2502 ὀρθὸν
1519 2466 1621 2502 σχῆμα,
1653 2469 1682 2493 ὲν
1711 2469 1745 2502 τῇ

959 2512 1135 2539 ἀνταποδόσει
1154 2512 1320 2546 ἐπλαγιωσε,
1344 2512 1516 2548 σχηματίσας
1531 2512 1578 2547 τὴν
1592 2512 1746 2538 ἀνταπόδο-

960 2565 1014 2589 σιν,
1038 2557 1107 2592 πρὸς
1136 2558 1183 2584 τὸν
1211 2558 1266 2584 τῶν
1292 2558 1442 2593 περιδολῶν
1467 2558 1563 2584 τύπον.
1588 2558 1683 2589 Οὕτως
1699 2561 1744 2585 καὶ

960 2603 1123 2638 Θουκυδίδης
1140 2604 1186 2629 καὶ
1199 2603 1374 2639 Δημοσθένης
1394 2603 1541 2638 πολλαχοῦ.
1555 2603 1592 2629 Th
1604 2603 1632 2630 δὲ
1646 2605 1744 2630 τούτου

959 2647 1039 2683 χάριν
1055 2649 1148 2684 φησιν,
1166 2646 1221 2675 οἷον
1235 2649 1317 2684 χάριν
1334 2649 1382 2675 τοῦ
1397 2649 1659 2684 συνοικοδομηθῆναι
1671 2650 1745 2684 ὑμᾶς

960 2694 1001 2723 είς
1013 2694 1224 2728 κατοικητήριον
1239 2693 1319 2720 Θεοῦ.
1339 2694 1433 2730 Ἐδόθη
1451 2695 1467 2729 ἡ
1481 2695 1560 2730 χάρις
1575 2694 1655 2730 αὕτη.
1678 2696 1746 2722 Ποία

959 2739 1058 2773 χάρις;
1077 2739 1114 2765 Τὸ
1136 2740 1166 2766 ὲν
1187 2740 1242 2770 τοῖς
1260 2739 1360 2773 ἔθνεσι,
1384 2741 1477 2776 φησὶν,
1507 2741 1744 2775 εὐαγγελίζεσθαι.

963 2793 972 2810 ι
990 2784 1041 2810 Τὸν
1056 2785 1258 2819 ἀνεξιχνίαστον
1273 2786 1399 2814 πλοῦτον.
1419 2796 1429 2813 ι
1451 2787 1484 2814 Ei.
1496 2787 1511 2814 ὁ
1528 2787 1643 2818 πλοῦτος
1659 2788 1743 2816 αὐτοῦ

717 2869 737 2885 ’⁸
754 2869 839 2897 lCor.
869 2879 913 2904 xv,
937 2872 962 2905 8,
978 2873 1004 2900 9.
