1864 3048
122 116 208 150 1209

653 122 847 153 COMMENT.
868 125 908 154 IN
928 125 1043 156 EPIST.
1061 127 1110 156 AD
1130 127 1260 158 EPHES.

1685 128 1753 158 1210

116 176 258 209 οικῆσαι.
277 183 285 200 t
302 175 349 205 Εἰς
363 174 393 201 τδ
408 175 581 210 κατοικῆσαι,
598 178 676 210 φησὶ,
688 177 733 203 τὸν
748 177 866 212 Χριστὸν
880 178 911 209 εἰς

1001 181 1101 208 iversus
1115 181 1273 209 amictiones
1287 182 1416 217 intelligo.
1436 181 1490 209 «Ad
1513 181 1649 209 internum
1667 182 1752 209 homi-

116 221 180 248 τὸν
191 221 247 247 ἔσω
261 220 413 254 ἄνθρωπον,
426 220 469 246 ἵνα
479 220 534 256 δῴη
550 221 614 255 ὑμῖν
629 222 668 253 είς
683 222 728 248 τὸν
744 223 798 249 ἔσω
814 223 920 258 ἄνθρωο

116 273 183 292 πον
195 265 357 299 κατοικῆσαι
375 264 420 291 τὸν
443 265 569 299 Χριστόν.
586 265 655 297 Ἰνα,
671 267 749 301 φησὶ,
773 267 835 298 vah;
852 268 918 294 Θεοῦ

116 311 262 345 γένησθε,
278 312 325 336 καὶ
346 310 394 345 οὐχ
421 310 513 341 ἁπλῶς
531 311 713 346 κατοικῆσαι,
740 312 807 339 ἀλλὰ
827 313 874 339 καὶ
890 314 918 339 ὲν

117 359 193 389 ταῖς
213 357 339 392 καρδίαις
366 356 452 390 ὑμῶν.
470 356 571 391 Μηδὲν,
587 358 681 391 φησὶν,
698 358 867 385 ἐπιπόλαιον.
891 358 919 385 '0

118 402 188 438 γὰρ
206 402 261 428 ἔσω
278 401 427 436 ἄνϐρωπως
453 402 499 428 καὶ
521 403 549 428 αἱ
568 403 687 437 καρδίαι,
712 404 762 438 τὴν
779 403 849 430 κατὰ
868 404 917 439 βά-

119 448 196 479 θους
211 448 347 481 ἐνοίκησιν
366 448 412 473 καὶ
433 448 481 482 τὴν
496 445 552 474 οἷον
567 449 679 483 συμφυῆ
697 450 742 475 καὶ
760 450 916 484 ἐρριζωμέ-

121 503 182 529 νην
195 493 280 528 δηλοῖ.
299 502 308 518 ι
322 493 371 519 Διὰ
383 493 431 527 τῆς
447 493 573 524 πίστεως.
591 503 600 519 ι
617 494 678 525 Πῶς
692 495 720 520 δὲ
731 494 916 528 ἔσταιτοῦτο;

122 541 181 566 Διά
198 540 248 574 τῆς
266 539 402 570 πίστεως,
427 540 504 573 φησὶ,
534 540 581 565 καὶ
607 539 654 565 τοῦ
677 541 706 566 ὲν
721 540 815 575 ἀγάπῃ
845 538 917 566 εῖναι

121 585 204 618 ὑμᾶς
226 584 425 620 ὲρῤιζωμένους
446 585 493 609 καὶ
514 584 778 619 τεθεμελιωμένους,
795 584 846 610 ὑπὸ
866 592 919 620 μη-

121 630 207 661 δενὸς
231 629 416 663 κινουμένους.
446 638 455 654 t
481 630 526 656 Ἐν
554 630 648 665 ἀγάπῃ
662 630 853 665 ἐρριζωμένοι.
870 639 917 655 »-

124 675 250 712 [ΦΩΊ“.]
275 677 322 708 Τὸ,
344 676 539 712 Ἐῥριζωμένοι
565 678 613 703 καὶ
634 677 876 712 τεθεμελιωμένοι,
899 676 916 712 ἢ

125 723 245 756 σεράλμα
258 723 315 749 ἐστὶ
329 723 473 757 γραφικόν,
496 723 556 749 δέον
571 723 631 749 κατ’
646 723 800 758 αἰτιατικὴν
811 723 916 759 γράψαι

123 766 343 801 ἐρῤιζωμένους
382 767 429 793 καὶ
465 767 743 801 τεθεμελιωμένους.
765 768 800 794 ’Ἡ
828 769 852 795 εί
879 767 916 803 μὴ

124 813 222 845 τοῦτο,
248 813 308 839 κατ’
333 812 393 844 ἔθος
415 813 552 848 ἀρχαϊκῆς
578 814 730 847 (mndata):
747 814 883 849 ἐχρήσατο
902 816 916 841 ὁ

973 233 1032 252 nem
1059 226 1277 253 inhabitandam.
1306 236 1316 252 ›
1341 227 1382 254 Ad
1407 227 1629 260 inhabitandam,
1653 228 1750 262 inquit,

969 269 1108 297 Christum
1137 271 1164 298 iu
1189 273 1327 298 internum
1354 272 1511 300 hominem:
1539 277 1567 299 ut
1593 273 1638 300 det
1674 273 1751 299 vobis

970 323 1024 350 quo
1058 317 1187 343 inhabitet
1224 317 1351 344 Christus
1379 318 1517 344 internum
1545 318 1695 349 hominem,
1724 322 1752 344 ut

969 362 1100 397 templum
1117 362 1162 389 Dei
1177 362 1350 391 elliciamini:
1366 371 1415 390 nec
1427 367 1566 398 utcunque
1583 364 1751 394 elﬁciamini,

970 407 1148 434 verumetiam
1166 408 1192 434 in
1206 408 1336 435 cordibus
1352 409 1462 436 vestris.
1485 409 1558 435 Nihil
1574 409 1612 436 ait
1631 410 1747 443 superﬁ-

968 451 1047 478 ciale.
1072 450 1140 478 Nam
1165 452 1280 480 interior
1308 455 1389 481 homo
1408 458 1435 481 et
1464 454 1560 486 corda,
1588 454 1751 488 profundam

969 495 1197 524 iuhabitationem
1219 502 1244 525 et
1262 503 1391 533 tanquam
1408 500 1629 532 counaturalem,
1649 505 1675 527 et
1691 508 1751 534 qua:

970 541 1038 569 lixas
1064 542 1161 569 habeat
1192 544 1299 571 radices
1328 545 1485 579 designant.
1507 556 1515 571 ι
1534 547 1586 574 Per
1618 546 1707 573 (idem.
1735 555 1744 570 ι

970 586 1114 619 Quomodo
1129 593 1218 615 autem
1234 591 1283 616 crit
1301 590 1371 617 hoc?
1385 590 1437 618 Per
1453 591 1544 623 ﬁdem,
1570 592 1668 626 inquit,
1683 595 1708 618 et
1728 591 1750 617 si

968 631 1029 659 lixis
1043 633 1069 658 in
1083 633 1218 660 charitate
1235 635 1373 662 radicibus
1393 635 1520 670 jactoque
1534 636 1719 667 fundamento,
1736 643 1750 661 a

969 677 1045 704 nullo
1062 685 1232 706 moveamur.
1254 689 1262 705 ι
1280 679 1355 707 Fixis
1374 681 1400 707 in
1415 681 1548 708 charitate
1567 682 1715 710 radicibus.
1738 691 1747 708 ι

968 721 1047 755 Quod
1079 725 1133 751 ait:
1149 723 1226 751 Fixis
1252 725 1392 752 radicxbus
1407 727 1537 761 jactoque
1563 727 1749 759 fundamento,

967 772 1015 795 aut
1041 769 1182 803 scriptoris
1213 770 1306 804 lapsus
1336 774 1378 798 est
1397 771 1469 805 quod
1488 779 1534 806 per
1560 772 1752 806 29uomiua-

968 815 1053 841 tivum
1070 815 1176 849 legatur
1186 815 1365 850 ἐρριζωμένοι
1375 817 1422 843 καὶ
1430 816 1666 852 τεθεμελιωμένοι,
1675 831 1677 834 -
1689 826 1749 845 cum

126 858 206 889 θεῖος
221 858 335 889 Παῦλος,
349 859 408 884 ἀντῖ
420 859 574 889 uitiari-4i;
589 861 717 894 μετοχικῇ
732 859 832 895 εὐθείᾳ..
844 860 911 886 Πολὺ

1001 867 1019 886 :r
1040 861 1226 888 accusativum
1257 862 1351 889 dicere
1374 863 1562 897 oportuisset:
1579 869 1627 891 aut
1645 865 1667 891 si
1696 872 1749 892 nou

125 903 158 929 δὲ
174 904 222 930 καὶ
238 903 314 938 παρὰ
328 905 383 933 τοῖς
398 903 450 935 ἔξω
469 904 498 929 τὸ
512 903 632 930 τοιοῦτον
649 904 751 939 σχῆμα,
769 905 817 930 καὶ
834 904 914 939 μάλι-

127 958 182 976 στα
198 950 271 985 παρὰ
283 949 442 984 Θουκυδίδῃ.
455 950 485 975 Εἰ
502 950 530 976 δὲ
543 949 584 975 δεῖ
598 950 645 976 καὶ
660 949 708 985 τὴν
724 950 833 976 εὐθεῖαν
847 950 916 985 πρὸς

126 995 250 1027 εὐθεῖαν,
273 995 340 1021 ἀλλὰ
366 995 403 1030 μὴ
426 995 496 1021 κατὰ
519 994 684 1021 ὰντίπτωσιν
710 995 846 1028 ἐκλαϐεῖν,
868 997 915 1022 καὶ

126 1041 217 1073 οὕτως
233 1041 263 1067 τὸ
278 1040 423 1067 ἀκόλουθον
436 1040 649 1075 φυλαχθήσεται,
674 1041 736 1067 καθ’
759 1041 914 1076 ὑπερϐατὸν

126 1088 180 1122 τὴν
197 1087 321 1119 σύνταξιν
338 1087 517 1122 ποιουμένων,
538 1083 560 1120 ᾧ
586 1086 633 1114 καὶ
657 1087 774 1121 μάλιστα
795 1088 914 1122 σχήματι

127 1134 254 1168 φαίνεται
279 1133 447 1169 κεχρημένος
471 1133 485 1159 ὁ
510 1132 585 1164 θεῖος
610 1132 736 1165 Παῦλος,
759 1130 815 1159 οἷον
833 1131 912 1169 ἴναῇ

130 1179 348 1214 συντεταγμένον
363 1179 392 1206 τδ
405 1179 484 1214 ῥητὸν
495 1178 592 1210 οὕτως.
609 1179 667 1205 Ἵνα
685 1180 714 1205 ἐν
728 1179 822 1214 ἀγάπῃ
837 1179 912 1215 ἐρρι-

128 1225 249 1260 ζωμένοι
274 1226 321 1252 καὶ
349 1225 587 1260 τεθεμελιωμένοι,
608 1224 770 1260 ἐξισχύσητε
794 1225 913 1251 καταλα-

128 1272 227 1298 ϐέσθαι
240 1272 288 1298 σὺν
305 1272 370 1298 πᾶσι
380 1273 434 1302 τοῖς
449 1270 583 1304 ἁγίοις,τι
595 1270 626 1298 τὸ
635 1270 734 1302 πλάτος
749 1271 795 1297 καὶ
811 1271 910 1305 μῆκος,

126 1319 176 1345 καὶ
191 1318 265 1352 ἑξῆς.

969 906 1021 932 hoc
1043 906 1202 940 recipiatur,
1224 914 1301 934 more
1317 909 1418 935 veteris
1446 909 1628 937 ordinationis
1644 910 1751 940 litterae.

966 959 1032 978 usus
1046 956 1088 978 est
1103 951 1184 979 divus
1197 952 1300 980 Paulus
1323 954 1487 988 participiali
1519 955 1687 982 nominativo
1704 963 1752 990 pro

971 999 1139 1025 accusativo.
1153 998 1294 1033 Frequens
1310 1003 1351 1026 est
1365 1004 1456 1027 autem
1485 1006 1511 1027 et
1525 1001 1596 1035 apud
1622 1005 1752 1029 externos

969 1043 1117 1078 scriptores
1133 1044 1291 1078 hujusmodi
1307 1045 1431 1076 schema,
1458 1050 1485 1072 et
1509 1047 1661 1080 praesertim
1679 1047 1751 1082 apud

969 1088 1166 1124 Thucydidem.
1180 1089 1258 1122 Quod
1274 1089 1297 1117 si
1312 1091 1393 1117 etiam
1408 1095 1533 1125 oporteat
1547 1092 1748 1120 nominativum

967 1134 1000 1160 ad
1017 1133 1216 1161 nominativum
1239 1135 1364 1170 accipere
1381 1140 1406 1162 et
1430 1143 1485 1163 non
1514 1144 1562 1171 per
1580 1137 1751 1170 antiptosim,

967 1179 1018 1206 ltoc
1030 1187 1138 1213 quoque
1147 1179 1392 1207 modoconsecutio
1401 1181 1566 1214 servabitur,
1574 1182 1594 1208 si
1605 1182 1751 1210 reddamus

965 1225 1062 1252 litterae
1072 1226 1196 1252 ordinem
1221 1233 1269 1260 per
1295 1226 1463 1262 hyperbaton
1479 1235 1486 1254 :
1500 1235 1554 1262 quo
1573 1230 1657 1255 etaim
1672 1229 1752 1256 sche-

968 1276 1041 1299 mate
1056 1271 1175 1299 maxime
1194 1279 1260 1299 usus
1273 1272 1357 1300 fuisse
1369 1273 1581 1308 deprehenditur
1592 1274 1671 1302 divus
1683 1275 1753 1302 Pau-

964 1315 1026 1343 lus:
1043 1320 1105 1350 pula
1120 1319 1150 1342 ut
1165 1316 1216 1342 hoc
1227 1316 1307 1343 ntodo
1319 1317 1476 1344 ordinatum
1491 1318 1657 1346 sitdictum:
1676 1318 1710 1346 Ut
1723 1320 1751 1346 iu

125 1364 263 1391 charitate
281 1365 348 1391 lixas
386 1363 518 1391 habentes
538 1364 644 1392 radices
667 1364 828 1399 jaclumque
856 1363 1074 1395 fundamentum,
1097 1362 1210 1390 valeatis
1229 1363 1338 1398 assequi
1351 1371 1413 1390 cum
1431 1364 1558 1391 omnibus
1577 1365 1678 1392 sanctis
1693 1373 1752 1400 qua:

125 1411 163 1436 sit
179 1410 304 1442 latitudo,
319 1415 372 1437 etc.

164 1459 229 1484 Ἵνα
241 1457 424 1492 ἐξισχύσητε
438 1459 658 1486 καταλαϐέσθαι
682 1459 744 1486 σὺν
755 1459 831 1486 πᾶσι
848 1458 910 1491 τοῖς

1001 1456 1046 1490 lli,
1066 1456 1156 1483 iS-‘ll.
1177 1456 1211 1483 υι
1224 1457 1334 1484 valeatis
1351 1458 1456 1492 assequi
1468 1467 1526 1484 cum
1536 1459 1656 1487 omnibus
1688 1467 1752 1486 aan-

127 1504 236 1537 ἁγίοις,
258 1504 306 1530 καὶ
322 1505 350 1530 τί
364 1505 396 1530 τὸ
413 1504 538 1537 πλάτος,
554 1504 721 1540 καὶμῆκος,
742 1505 791 1532 καὶ
806 1505 911 1537 βᾶθί-ς,

1001 1503 1016 1528 “ε
1031 1509 1088 1536 quae
1102 1502 1136 1528 sit
1154 1502 1279 1534 latitudo,
1297 1508 1321 1529 et
1339 1503 1488 1538 longitudo;
1503 1509 1527 1531 et
1540 1505 1711 1538 profunditas
1725 1509 1751 1531 et

126 1550 179 1576 καί
199 1550 286 1583 ὕψος,
313 1551 425 1583 γνῶναί
444 1559 476 1576 τε
500 1551 558 1584 τὴν
581 1551 837 1584 ὑπερϐάλλουσαν
860 1551 915 1584 τῆς

125 1595 265 1631 γνώσεωῤ
289 1595 410 1628 ἀγάπην
432 1597 486 1623 τοῦ
512 1597 652 1629 Χριστοῦ,
674 1597 723 1623 ἵνα
738 1596 915 1631 πληρωθῆτε

125 1643 173 1674 εἰς
183 1641 244 1668 πᾶν
258 1641 290 1667 τὸ
306 1641 452 1676 πλήρωμα
472 1641 524 1668 τοῦ
541 1642 626 1669 Θεοῦ.
649 1641 690 1674 Τῷ
707 1642 741 1668 δὲ
757 1642 915 1676 δυναμένῳ

124 1686 204 1721 ὑπὲρ
218 1686 316 1712 πάντα
332 1686 457 1719 ποιῆσαι
478 1687 737 1720 ὑπερεκπερισσοῦ
753 1684 797 1714 ὧν
813 1687 914 1718 altati-

124 1735 202 1768 μεθα
216 1732 235 1767 ἢ
247 1732 386 1766 νοοῦμεν,
402 1732 478 1758 κατὰ
489 1733 546 1765 τὴν
557 1732 686 1768 δύναμιν
700 1733 758 1765 τὴν
771 1733 912 1768 ἐνεργου‹

123 1779 222 1814 μένην
241 1779 274 1805 ἐν
289 1779 370 1813 ἡμῖν,
382 1777 461 1811 αὐτῷ
473 1779 492 1812 ἠ
506 1779 580 1811 δόξα
597 1779 632 1806 ἐν
647 1779 685 1813 τῇ
701 1780 865 1812 Ἐκκλησία
876 1779 912 1805 ἐν

125 1824 243 1858 Χριστῷ
263 1825 370 1857 Ἰησοῦ,
384 1826 427 1857 εἰς
439 1825 539 1857 πάσας
550 1825 603 1857 τὰς
614 1825 719 1860 γενεὰς
735 1825 788 1851 τοῦ
808 1824 914 1858 αἰῶνος

123 1869 187 1896 τῶν
199 1869 326 1896 αἰώνων.
343 1869 447 1903 Ἀμήν.

162 1915 256 1941 Ταῦτα
273 1915 301 1940 δὲ
319 1915 383 1949 ὑμῖν
398 1915 561 1950 ἐπεύχομαι,
579 1915 672 1950 φησιν,
690 1915 734 1941 ἴνα
751 1915 913 1951 ἐξισχύσητε

124 1959 341 1987 καταλαϐέσθαι.
361 1959 448 1986 Πολὺν
460 1960 487 1986 δὲ
511 1960 596 1992 ἔδειξε
612 1960 658 1986 τὸν
681 1961 815 1995 κάματον,
833 1962 870 1995 τῷ
884 1970 914 1987 τε

125 2004 278 2039 ἐξισχῦσαι,
310 2004 357 2031 καὶ
378 2003 418 2039 τῷ
448 2004 650 2032 καταλαϐέσθαι
674 2006 773 2032 εἰπεῖν.
805 2016 814 2031 t
832 2006 864 2032 Τί
884 2006 914 2032 τὸ

124 2050 228 2080 πλάτος
252 2048 300 2075 καὶ
324 2049 420 2084 μῆκος.
435 2058 444 2075 ι
472 2049 644 2084 Σωματικοῖς
671 2049 825 2084 ὑπογράφει
850 2051 914 2086 σχή-

126 2103 195 2129 μασι
207 2094 237 2120 τὸ
248 2092 296 2119 τοῦ
309 2094 460 2129 μυστηρίου
477 2094 593 2128 μέγεθος
609 2094 656 2120 τοῦ
673 2095 744 2129 ὑπὲρ
760 2095 814 2121 τῶν
825 2095 911 2121 ἐθνῶν

123 2138 361 2173 οίκονομηθέντος.
374 2153 408 2158 -
420 2138 520 2174 [ΦΩΤ.]
535 2139 615 2170 Τίνος
634 2139 733 2171 πλάτος
758 2140 804 2166 καὶ
820 2140 910 2174 μῆκος

968 1548 1137 1574 sublimitas:
1164 1552 1188 1574 et
1218 1555 1371 1582 cognoscere
1397 1550 1563 1576 excellentem
1593 1551 1751 1585 Lognitionis

970 1592 1126 1619 charitatem
1143 1592 1253 1626 Christi,
1269 1598 1297 1619 ut
1311 1594 1474 1627 impleamini
1505 1596 1532 1621 in
1551 1603 1652 1622 omnem
1663 1595 1750 1629 pleni-

968 1640 1084 1666 tudinem
1101 1639 1159 1666 Dei.
1176 1639 1209 1665 Εἰ
1223 1647 1282 1666 vero
1297 1640 1342 1674 qui
1359 1644 1441 1673 potest
1457 1641 1589 1667 cumulate
1604 1641 1690 1675 facere
1704 1649 1751 1667 su-

969 1694 1015 1720 per
1037 1686 1126 1712 omnia
1154 1693 1212 1719 qua:
1227 1686 1338 1720 petimus
1355 1691 1401 1712 aut
1431 1687 1586 1721 cogitamus.
1602 1687 1682 1721 juxta
1699 1687 1749 1713 vim

965 1737 1083 1766 agentem
1098 1732 1124 1758 in
1154 1731 1239 1764 nobis,
1261 1732 1313 1766 ipsi
1341 1733 1375 1758 sit
1402 1733 1487 1766 gloria
1511 1733 1539 1758 in
1566 1732 1691 1759 Ecclesia
1722 1732 1749 1759 in

966 1777 1073 1804 Chrile
1095 1777 1160 1804 Jesu
1180 1777 1207 1804 in
1236 1785 1324 1804 omnes
1348 1782 1440 1805 wtatcs
1464 1778 1557 1805 saeculi
1579 1780 1748 1806 secutorum.

966 1824 986 1850 Α
992 1833 1058 1851 tuen.

1001 1912 1063 1941 Haec
1086 1918 1177 1940 autem
1208 1913 1299 1945 vobis,
1328 1913 1429 1947 inquit,
1458 1920 1556 1948 precor
1584 1917 1612 1939 ut
1637 1911 1751 1939 valeatis

968 1959 1090 1993 assequi.
1106 1958 1219 1985 Multum
1235 1961 1325 1986 autem
1343 1958 1462 1986 laborem
1478 1958 1598 1985 ostendit
1626 1965 1674 1992 per
1699 1957 1750 1984 hoc

964 2005 1036 2039 quod
1049 2005 1098 2038 ait,
1123 2004 1159 2032 Ut
1174 2005 1288 2032 valeatis
1304 2008 1332 2031 et
1348 2004 1476 2039 Assequi.
1494 2013 1505 2030 ι
1523 2004 1589 2037 Quae
1605 2004 1640 2030 sit
1655 2003 1749 2030 latitu-

971 2052 1005 2077 do
1033 2054 1061 2078 ct
1089 2050 1241 2085 longitudo.
1262 2060 1272 2076 ι
1289 2050 1484 2085 Corporalibus
1511 2050 1626 2077 deliniat
1655 2049 1751 2084 ﬁguris

969 2096 1093 2131 mysterii
1110 2096 1322 2130 magnitudinem
1336 2096 1408 2130 quod
1425 2103 1474 2130 pro
1494 2096 1621 2130 gentibus
1637 2095 1749 2130 dispen-

963 2143 1069 2168 satione
1096 2142 1213 2175 qtlatlam
1242 2141 1343 2168 factum
1367 2144 1419 2168 est.
1435 2140 1630 2174 —Cujusnam
1643 2144 1684 2166 est
1700 2139 1747 2165 illa

123 2185 174 2211 καὶ
196 2184 276 2219 βάθος
301 2185 347 2212 καὶ
362 2184 445 2219 ὕψος;
468 2185 484 2220 ἢ
508 2185 554 2212 τοῦ
572 2185 733 2221 μυστηρίου,
760 2186 803 2213 ἴνα
849 2186 911 2213 κατ’

1001 2187 1084 2213 .itudo
1107 2190 1134 2212 et
1147 2186 1304 2220 longitudo,
1323 2189 1350 2213 et
1370 2185 1543 2220 profunditas
1560 2192 1592 2212 ac
1623 2184 1749 2211 sublimi-

124 2230 242 2265 ἔλλειψιν
264 2231 417 2266 εἰρημένον.
434 2232 470 2257 Ἢ
492 2232 538 2257 καὶ
562 2232 646 2267 χωρὶς
669 2232 824 2266 ἐλλείψεως,
850 2233 911 2259 καθ’

124 2277 279 2312 ὑπερϐατὸν
292 2278 332 2310 δὲ,
347 2278 391 2305 ἴνα
412 2279 583 2314 ἐξισχύσητε,
604 2279 682 2314 φησὶ,
699 2280 911 2313 καταλαϐέσθαι,

123 2323 150 2349 τί
165 2322 196 2349 τὸ
210 2323 310 2354 πλάτος
334 2324 381 2350 καὶ
412 2323 500 2358 μῆκος
531 2325 578 2351 καὶ
602 2324 684 2360 βάθος
708 2326 753 2351 καὶ
781 2324 847 2358 ὕψος
863 2325 912 2359 τῆς

122 2368 252 2403 γνώσεως
265 2368 312 2395 τοῦ
325 2369 456 2404 Χριστοῦ,
469 2369 570 2403 γνῶναί
579 2379 609 2396 τε
626 2370 676 2405 τὴν
687 2370 909 2405 ὑπερϐάλλουσαι

123 2414 165 2446 είς
181 2414 257 2448 ἡμᾶς
270 2414 382 2449 ἀγάπην
398 2415 492 2442 αὐτοῦ.
508 2416 586 2442 Ἐστι
607 2415 635 2442 δὲ
658 2416 759 2449 γνῶσις
781 2415 830 2450 μὲν
841 2416 909 2451 Χρι-

123 2460 200 2492 στοῦ,
212 2460 229 2495 ἡ
245 2461 294 2495 τῆς
309 2461 372 2494 περὶ
389 2461 462 2495 ἡμᾶς
477 2460 559 2487 αὑτοῦ
572 2461 728 2495 οἰκονομίας
744 2461 908 2495 φανέρωσις.

123 2506 228 2537 Γνῶσις
243 2506 271 2531 δέ
284 2507 342 2532 ἐστι
355 2505 485 2540 Χριστοῦ,
498 2506 539 2532 ετι
552 2514 582 2532 τε
595 2506 644 2540 τὴν
656 2506 755 2541 πρᾶξιν
765 2507 850 2540 αὐτὴν
860 2506 910 2541 τὴν

125 2550 366 2584 ὑπερθαύμαστον,
393 2550 473 2581 αὐτὸς
498 2550 546 2576 καὶ
567 2550 618 2576 οὐκ
642 2550 721 2581 ἄλλος
744 2551 814 2585 ὑπὲρ
832 2550 910 2585 ἡμῶν

124 2595 284 2629 εἰργάσατο,
298 2595 345 2621 καὶ
358 2596 399 2621 ὅτι
412 2594 494 2625 αὑτός
509 2595 584 2620 ἐστιν
597 2596 664 2629 ἡμῖν
678 2596 795 2630 χορηγὸς
807 2596 910 2630 ταύτης

123 2641 174 2673 τῆς
191 2639 331 2673 γνώσεως,
351 2639 398 2666 καὶ
413 2640 454 2665 ὅτι
468 2639 502 2664 δι’
521 2638 605 2672 αὐτῆς
622 2638 737 2673 μάλιστα
751 2639 910 2672 ἐπέγνωμεν

125 2685 172 2711 τὸν
190 2684 321 2718 Χριστόν.
341 2684 423 2711 Ἀλλὰ
437 2684 535 2718 γνῶσις
554 2683 603 2718 μὲν
620 2684 739 2718 Χριστοῦ
753 2683 833 2717 αῦτη.
848 2684 910 2718 Μῆ-

126 2738 174 2762 κος
190 2730 218 2756 δέ
231 2731 305 2756 ἐστιν
320 2729 416 2765 αὐτῆς,
432 2731 462 2756 τὸ
480 2730 534 2756 ἀπὸ
553 2729 607 2755 τῶν
620 2728 726 2755 αἰώνων
743 2728 828 2764 αὐτὴν
842 2737 910 2763 προ-

125 2775 252 2809 ωρίσθαι.
269 2775 373 2806 Πλότος
387 2776 426 2808 δὲ,
440 2776 481 2802 ὅτι
493 2775 534 2807 εἰς
548 2775 652 2806 πάντας
668 2775 754 2809 αὐτῆς
767 2776 784 2809 ὴ
799 2775 910 2810 εὐεργε-

127 2821 175 2847 σὶα.
189 2820 365 2855 ἐξαπλοῦται,
388 2822 428 2853 εἰς
458 2821 519 2854 τοὺς
543 2822 597 2857 πρὸ
613 2822 708 2857 νόμου,
726 2822 765 2853 εἰς
790 2821 853 2853 τοὺς
880 2822 909 2847 ἐν

965 2231 1032 2258 tas?
1057 2235 1104 2257 aut
1130 2231 1264 2266 mysterii,
1291 2235 1321 2258 ut
1343 2231 1446 2258 dictum
1469 2231 1505 2258 sit
1522 2238 1570 2265 per
1586 2230 1723 2257 defectum
1737 2239 1746 2257 :

963 2281 1011 2303 aut
1025 2277 1108 2303 etiam
1126 2277 1187 2304 sine
1219 2276 1337 2309 defectu,
1354 2276 1401 2303 sed
1415 2283 1462 2311 per
1490 2276 1661 2311 hyperbaton
1685 2284 1692 2302 :
1710 2275 1746 2303 Ut

963 2321 1089 2353 valeatis.
1108 2321 1207 2356 inquit,
1226 2321 1337 2355 assequi
1352 2328 1412 2356 quae
1427 2322 1462 2348 sit
1477 2321 1592 2348 latitudo
1609 2328 1641 2348 ac
1655 2321 1744 2356 19ηεί-

966 2366 1045 2398 tudo,
1061 2369 1088 2393 et
1117 2366 1271 2393 sublimitas
1306 2373 1337 2393 ac
1379 2366 1551 2401 profunditas
1579 2366 1744 2401 cognitionis

963 2411 1078 2445 Christi,
1089 2417 1116 2439 et
1130 2419 1294 2447 cognoscere
1310 2412 1488 2440 excellentem
1500 2420 1565 2447 erga
1580 2420 1635 2440 nos
1651 2413 1746 2439 chari-

965 2459 1156 2493 tatemipsius.
1175 2458 1223 2485 Est
1246 2463 1335 2486 autem
1353 2458 1456 2486 Christi
1476 2459 1595 2494 cognitio
1627 2458 1743 2486 manife-

964 2503 1046 2531 statio
1057 2503 1269 2538 dispensationis
1282 2504 1367 2538 ipsius
1380 2503 1452 2531 circa
1467 2511 1535 2531 nos:
1549 2504 1666 2530 charitas
1679 2510 1744 2529 vero

967 2549 1070 2576 Christi
1088 2549 1163 2584 quod
1177 2549 1243 2576 illud
1258 2549 1348 2584 ipsum
1363 2549 1556 2577 admirandum
1585 2556 1666 2583 opus,
1688 2548 1746 2581 ipse

965 2599 993 2622 et
1009 2602 1065 2622 non
1096 2595 1167 2622 alius
1200 2601 1249 2629 pro
1266 2594 1345 2622 nobis
1372 2597 1503 2629 operatus
1520 2594 1570 2621 sit:
1604 2593 1744 2627 quodque,

965 2639 1024 2674 ipse
1038 2640 1092 2666 dux
1106 2639 1142 2666 sit
1163 2638 1197 2666 ad
1226 2639 1296 2666 hanc
1325 2639 1519 2674 cognitionem,
1547 2641 1573 2664 et
1601 2637 1673 2671 quod
1697 2644 1745 2671 per

965 2686 1052 2720 ipsam
1081 2685 1254 2720 potissimum
1281 2685 1489 2719 cognoverimus
1519 2683 1668 2711 Christum.
1691 2682 1744 2709 Sed

964 2731 1022 2758 haec
1033 2731 1142 2765 quidem
1158 2731 1277 2766 cognitio
1290 2730 1391 2757 Christi
1423 2733 1475 2761 est,
1493 2729 1546 2764 30
1575 2728 1635 2763 ejus
1655 2731 1745 2754 autem

967 2776 1111 2811 longitudo
1124 2779 1166 2803 est
1182 2776 1271 2811 ipsam
1286 2779 1350 2802 ante
1366 2775 1466 2802 saecula
1480 2774 1617 2801 definitam
1637 2773 1721 2800 fuisse
1739 2781 1745 2800 τ

966 2821 1082 2849 latitudo
1097 2829 1172 2855 vero,
1191 2821 1263 2856 quod
1287 2821 1320 2847 ad
1334 2820 1476 2847 universos
1494 2819 1553 2855 cjus
1567 2818 1744 2847 beneﬁcentia
