  <div class='ocr_page' id='page_1' title='image "/cluster/home/n/w/nwhite01/storage/ocr_20150623/118/njp.32101077772992/825.png"; bbox 0 0 1864 3048; ppageno 0'>
   <div class='ocr_carea' id='block_1_1' title="bbox 154 122 219 155">
    <p class='ocr_par' dir='ltr' id='par_1_1' title="bbox 154 122 219 155">
     <span class='ocr_line' id='line_1_1' title="bbox 154 122 219 155; baseline -0.015 0"><span class='ocrx_word' id='word_1_1' title='bbox 154 122 219 155; x_wconf 72' lang='lat'><strong>1211</strong></span> 
     </span>
    </p>
   </div>
   <div class='ocr_carea' id='block_1_2' title="bbox 679 123 1218 154">
    <p class='ocr_par' dir='ltr' id='par_1_2' title="bbox 679 123 1218 154">
     <span class='ocr_line' id='line_1_2' title="bbox 679 123 1218 154; baseline -0.004 0"><span class='ocrx_word' id='word_1_2' title='bbox 679 124 877 154; x_wconf 73' lang='lat' dir='ltr'><strong>(ECUMENII</strong></span> <span class='ocrx_word' id='word_1_3' title='bbox 891 124 1035 153; x_wconf 70' lang='lat' dir='ltr'><strong>TRICtLE</strong></span> <span class='ocrx_word' id='word_1_4' title='bbox 1050 123 1218 152; x_wconf 78' lang='lat' dir='ltr'><strong>EPISCOPI</strong></span> 
     </span>
    </p>
   </div>
   <div class='ocr_carea' id='block_1_3' title="bbox 1707 121 1779 155">
    <p class='ocr_par' dir='ltr' id='par_1_3' title="bbox 1707 121 1779 155">
     <span class='ocr_line' id='line_1_3' title="bbox 1707 121 1779 155; baseline 0.028 -2"><span class='ocrx_word' id='word_1_5' title='bbox 1707 121 1779 155; x_wconf 70' lang='lat'><strong>1312</strong></span> 
     </span>
    </p>
   </div>
   <div class='ocr_carea' id='block_1_4' title="bbox 149 178 885 215">
    <p class='ocr_par' dir='ltr' id='par_1_4' title="bbox 149 178 878 215">
     <span class='ocr_line' id='line_1_4' title="bbox 149 178 878 215; baseline -0.001 -8"><span class='ocrx_word' id='word_1_6' title='bbox 149 179 336 207; x_wconf 75' lang='lat' dir='ltr'><strong>extendazttr:</strong></span> <span class='ocrx_word' id='word_1_7' title='bbox 356 178 389 206; x_wconf 87' lang='lat' dir='ltr'><strong>ad</strong></span> <span class='ocrx_word' id='word_1_8' title='bbox 418 187 464 206; x_wconf 86' lang='lat' dir='ltr'><strong>eos</strong></span> <span class='ocrx_word' id='word_1_9' title='bbox 481 179 527 214; x_wconf 92' lang='lat' dir='ltr'><strong>qui</strong></span> <span class='ocrx_word' id='word_1_10' title='bbox 546 178 655 206; x_wconf 80' lang='lat' dir='ltr'><strong>fuerunt</strong></span> <span class='ocrx_word' id='word_1_11' title='bbox 687 185 750 206; x_wconf 86' lang='lat' dir='ltr'><strong>ante</strong></span> <span class='ocrx_word' id='word_1_12' title='bbox 779 180 878 215; x_wconf 75' lang='lat' dir='ltr'><strong>legem,</strong></span> 
     </span>
    </p>
   </div>
   <div class='ocr_carea' id='block_1_5' title="bbox 1043 178 1779 215">
    <p class='ocr_par' dir='ltr' id='par_1_5' title="bbox 1043 179 1779 215">
     <span class='ocr_line' id='line_1_5' title="bbox 1043 179 1779 215; baseline 0.003 -9"><span class='ocrx_word' id='word_1_13' title='bbox 1043 189 1059 213; x_wconf 75' lang='grc' dir='ltr'><strong>μ</strong></span> <span class='ocrx_word' id='word_1_14' title='bbox 1071 180 1119 206; x_wconf 63' lang='grc' dir='ltr'>καὶ</span> <span class='ocrx_word' id='word_1_15' title='bbox 1134 181 1202 215; x_wconf 72' lang='grc' dir='ltr'>μετὰ</span> <span class='ocrx_word' id='word_1_16' title='bbox 1218 180 1262 206; x_wconf 72' lang='grc' dir='ltr'><strong>τὸν</strong></span> <span class='ocrx_word' id='word_1_17' title='bbox 1275 179 1366 214; x_wconf 70' lang='grc' dir='ltr'>νόμον,</span> <span class='ocrx_word' id='word_1_18' title='bbox 1383 180 1422 211; x_wconf 80' lang='grc' dir='ltr'>εἰς</span> <span class='ocrx_word' id='word_1_19' title='bbox 1439 181 1503 212; x_wconf 83' lang='grc' dir='ltr'>τοὺς</span> <span class='ocrx_word' id='word_1_20' title='bbox 1519 179 1638 213; x_wconf 75' lang='grc' dir='ltr'>ζῶντας,</span> <span class='ocrx_word' id='word_1_21' title='bbox 1657 181 1698 212; x_wconf 87' lang='grc' dir='ltr'>εἰς</span> <span class='ocrx_word' id='word_1_22' title='bbox 1711 183 1779 213; x_wconf 66' lang='grc' dir='ltr'>τοὺς</span> 
     </span>
    </p>
   </div>
   <div class='ocr_carea' id='block_1_6' title="bbox 151 222 937 259">
    <p class='ocr_par' dir='ltr' id='par_1_6' title="bbox 151 222 937 259">
     <span class='ocr_line' id='line_1_6' title="bbox 151 222 937 259; baseline -0.001 -8"><span class='ocrx_word' id='word_1_23' title='bbox 151 224 211 259; x_wconf 76' lang='lat' dir='ltr'><strong>lege</strong></span> <span class='ocrx_word' id='word_1_24' title='bbox 225 228 252 251; x_wconf 91' lang='lat' dir='ltr'><strong>et</strong></span> <span class='ocrx_word' id='word_1_25' title='bbox 269 227 331 259; x_wconf 87' lang='lat' dir='ltr'><strong>post</strong></span> <span class='ocrx_word' id='word_1_26' title='bbox 347 225 443 259; x_wconf 80' lang='lat' dir='ltr'><strong>legem,</strong></span> <span class='ocrx_word' id='word_1_27' title='bbox 467 225 499 251; x_wconf 89' lang='lat' dir='ltr'><strong>ad</strong></span> <span class='ocrx_word' id='word_1_28' title='bbox 527 224 603 251; x_wconf 78' lang='lat' dir='ltr'><strong>vivos</strong></span> <span class='ocrx_word' id='word_1_29' title='bbox 618 228 644 250; x_wconf 93' lang='lat' dir='ltr'><strong>et</strong></span> <span class='ocrx_word' id='word_1_30' title='bbox 670 228 804 255; x_wconf 86' lang='lat' dir='ltr'><strong>mortuos,</strong></span> <span class='ocrx_word' id='word_1_31' title='bbox 834 223 866 250; x_wconf 89' lang='lat' dir='ltr'><strong>ad</strong></span> <span class='ocrx_word' id='word_1_32' title='bbox 888 222 937 250; x_wconf 51' lang='lat' dir='ltr'><strong>Ju-</strong></span> 
     </span>
    </p>
   </div>
   <div class='ocr_carea' id='block_1_7' title="bbox 152 270 938 304">
    <p class='ocr_par' dir='ltr' id='par_1_7' title="bbox 152 270 938 304">
     <span class='ocr_line' id='line_1_7' title="bbox 152 270 938 304; baseline 0 -7"><span class='ocrx_word' id='word_1_33' title='bbox 152 270 237 303; x_wconf 59' lang='lat' dir='ltr'><strong>denos,</strong></span> <span class='ocrx_word' id='word_1_34' title='bbox 252 270 360 298; x_wconf 63' lang='lat' dir='ltr'><strong>Gnaeos</strong></span> <span class='ocrx_word' id='word_1_35' title='bbox 371 275 394 298; x_wconf 91' lang='lat' dir='ltr'><strong>et</strong></span> <span class='ocrx_word' id='word_1_36' title='bbox 405 270 550 302; x_wconf 78' lang='lat' dir='ltr'><strong>Barbaros,</strong></span> <span class='ocrx_word' id='word_1_37' title='bbox 566 270 598 296; x_wconf 86' lang='lat' dir='ltr'><strong>ad</strong></span> <span class='ocrx_word' id='word_1_38' title='bbox 611 277 705 296; x_wconf 88' lang='lat' dir='ltr'><strong>omnes</strong></span> <span class='ocrx_word' id='word_1_39' title='bbox 715 274 820 304; x_wconf 78' lang='lat' dir='ltr'><strong>gentes,</strong></span> <span class='ocrx_word' id='word_1_40' title='bbox 834 271 866 297; x_wconf 88' lang='lat' dir='ltr'><strong>ad</strong></span> <span class='ocrx_word' id='word_1_41' title='bbox 882 277 938 297; x_wconf 76' lang='lat' dir='ltr'><strong>cm-</strong></span> 
     </span>
    </p>
   </div>
   <div class='ocr_carea' id='block_1_8' title="bbox 154 316 937 351">
    <p class='ocr_par' dir='ltr' id='par_1_8' title="bbox 154 316 937 351">
     <span class='ocr_line' id='line_1_8' title="bbox 154 316 937 351; baseline -0.001 -8"><span class='ocrx_word' id='word_1_42' title='bbox 154 316 232 344; x_wconf 86' lang='lat' dir='ltr'><strong>lestia</strong></span> <span class='ocrx_word' id='word_1_43' title='bbox 250 324 281 344; x_wconf 90' lang='lat' dir='ltr'><strong>ae</strong></span> <span class='ocrx_word' id='word_1_44' title='bbox 296 321 404 343; x_wconf 82' lang='lat' dir='ltr'><strong>terrena</strong></span> <span class='ocrx_word' id='word_1_45' title='bbox 420 323 533 351; x_wconf 82' lang='lat' dir='ltr'><strong>;paeem</strong></span> <span class='ocrx_word' id='word_1_46' title='bbox 550 324 667 350; x_wconf 87' lang='lat' dir='ltr'><strong>namque</strong></span> <span class='ocrx_word' id='word_1_47' title='bbox 694 316 765 343; x_wconf 87' lang='lat' dir='ltr'><strong>inter</strong></span> <span class='ocrx_word' id='word_1_48' title='bbox 782 316 856 349; x_wconf 78' lang='lat' dir='ltr'><strong>ipsos</strong></span> <span class='ocrx_word' id='word_1_49' title='bbox 873 323 937 350; x_wconf 89' lang='lat' dir='ltr'><strong>ope-</strong></span> 
     </span>
    </p>
   </div>
   <div class='ocr_carea' id='block_1_9' title="bbox 153 362 938 397">
    <p class='ocr_par' dir='ltr' id='par_1_9' title="bbox 153 362 938 397">
     <span class='ocr_line' id='line_1_9' title="bbox 153 362 938 397; baseline -0.001 -8"><span class='ocrx_word' id='word_1_50' title='bbox 153 368 229 391; x_wconf 98' lang='lat' dir='ltr'><strong>ratus</strong></span> <span class='ocrx_word' id='word_1_51' title='bbox 247 368 287 389; x_wconf 83' lang='lat' dir='ltr'><strong>est</strong></span> <span class='ocrx_word' id='word_1_52' title='bbox 299 362 434 394; x_wconf 83' lang='lat' dir='ltr'><strong>Christus,</strong></span> <span class='ocrx_word' id='word_1_53' title='bbox 446 370 506 388; x_wconf 84' lang='lat' dir='ltr'><strong>cum</strong></span> <span class='ocrx_word' id='word_1_54' title='bbox 538 362 655 397; x_wconf 88' lang='lat' dir='ltr'><strong>primum</strong></span> <span class='ocrx_word' id='word_1_55' title='bbox 685 362 852 389; x_wconf 74' lang='lat' dir='ltr'><strong>dissidet-ent</strong></span> <span class='ocrx_word' id='word_1_56' title='bbox 869 362 938 389; x_wconf 86' lang='lat' dir='ltr'><strong>inter</strong></span> 
     </span>
    </p>
   </div>
   <div class='ocr_carea' id='block_1_10' title="bbox 157 408 938 443">
    <p class='ocr_par' dir='ltr' id='par_1_10' title="bbox 157 408 938 443">
     <span class='ocr_line' id='line_1_10' title="bbox 157 408 938 443; baseline -0.003 -7"><span class='ocrx_word' id='word_1_57' title='bbox 157 417 186 436; x_wconf 87' lang='lat' dir='ltr'><strong>se</strong></span> <span class='ocrx_word' id='word_1_58' title='bbox 202 413 296 436; x_wconf 91' lang='lat' dir='ltr'><strong>mutuo</strong></span> <span class='ocrx_word' id='word_1_59' title='bbox 313 409 400 443; x_wconf 77' lang='lat' dir='ltr'><strong>angeli</strong></span> <span class='ocrx_word' id='word_1_60' title='bbox 413 413 438 435; x_wconf 77' lang='lat' dir='ltr'><strong>et</strong></span> <span class='ocrx_word' id='word_1_61' title='bbox 455 409 588 435; x_wconf 85' lang='lat' dir='ltr'><strong>h--tnines.</strong></span> <span class='ocrx_word' id='word_1_62' title='bbox 604 408 735 435; x_wconf 68' lang='lat' dir='ltr'><strong>Prtcatur</strong></span> <span class='ocrx_word' id='word_1_63' title='bbox 749 416 814 443; x_wconf 76' lang='lat' dir='ltr'><strong>ergo</strong></span> <span class='ocrx_word' id='word_1_64' title='bbox 829 408 896 443; x_wconf 85' lang='lat' dir='ltr'><strong>ipsis</strong></span> <span class='ocrx_word' id='word_1_65' title='bbox 910 412 938 434; x_wconf 91' lang='lat' dir='ltr'><strong>ut</strong></span> 
     </span>
    </p>
   </div>
   <div class='ocr_carea' id='block_1_11' title="bbox 156 454 938 489">
    <p class='ocr_par' dir='ltr' id='par_1_11' title="bbox 156 454 938 489">
     <span class='ocr_line' id='line_1_11' title="bbox 156 454 938 489; baseline -0.001 -8"><span class='ocrx_word' id='word_1_66' title='bbox 156 455 213 481; x_wconf 55' lang='lat' dir='ltr'><strong>hac</strong></span> <span class='ocrx_word' id='word_1_67' title='bbox 228 459 412 489; x_wconf 84' lang='lat' dir='ltr'><strong>assequanlur</strong></span> <span class='ocrx_word' id='word_1_68' title='bbox 427 464 433 481; x_wconf 91' lang='lat'><strong>:</strong></span> <span class='ocrx_word' id='word_1_69' title='bbox 447 460 473 482; x_wconf 87' lang='lat' dir='ltr'><strong>et</strong></span> <span class='ocrx_word' id='word_1_70' title='bbox 493 462 546 481; x_wconf 87' lang='lat' dir='ltr'><strong>non</strong></span> <span class='ocrx_word' id='word_1_71' title='bbox 562 455 619 481; x_wconf 70' lang='lat' dir='ltr'><strong>hare</strong></span> <span class='ocrx_word' id='word_1_72' title='bbox 637 459 752 486; x_wconf 88' lang='lat' dir='ltr'><strong>tantum,</strong></span> <span class='ocrx_word' id='word_1_73' title='bbox 770 454 817 482; x_wconf 75' lang='lat' dir='ltr'><strong>sed</strong></span> <span class='ocrx_word' id='word_1_74' title='bbox 834 459 861 481; x_wconf 88' lang='lat' dir='ltr'><strong>et</strong></span> <span class='ocrx_word' id='word_1_75' title='bbox 875 462 938 488; x_wconf 90' lang='lat' dir='ltr'><strong>pro-</strong></span> 
     </span>
    </p>
   </div>
   <div class='ocr_carea' id='block_1_12' title="bbox 153 500 938 535">
    <p class='ocr_par' dir='ltr' id='par_1_12' title="bbox 153 500 938 535">
     <span class='ocr_line' id='line_1_12' title="bbox 153 500 938 535; baseline 0.001 -9"><span class='ocrx_word' id='word_1_76' title='bbox 153 500 317 527; x_wconf 75' lang='lat' dir='ltr'><strong>funditatem</strong></span> <span class='ocrx_word' id='word_1_77' title='bbox 335 500 395 534; x_wconf 82' lang='lat' dir='ltr'><strong>ejus</strong></span> <span class='ocrx_word' id='word_1_78' title='bbox 415 508 447 526; x_wconf 89' lang='lat' dir='ltr'><strong>ae</strong></span> <span class='ocrx_word' id='word_1_79' title='bbox 466 501 663 528; x_wconf 73' lang='lat' dir='ltr'><strong>sublimitatem</strong></span> <span class='ocrx_word' id='word_1_80' title='bbox 679 510 685 527; x_wconf 89' lang='lat'>:</span> <span class='ocrx_word' id='word_1_81' title='bbox 700 500 831 535; x_wconf 89' lang='lat' dir='ltr'><strong>quoniam</strong></span> <span class='ocrx_word' id='word_1_82' title='bbox 851 508 938 534; x_wconf 88' lang='lat' dir='ltr'><strong>usque</strong></span> 
     </span>
    </p>
   </div>
   <div class='ocr_carea' id='block_1_13' title="bbox 155 547 932 581">
    <p class='ocr_par' dir='ltr' id='par_1_13' title="bbox 155 547 932 581">
     <span class='ocr_line' id='line_1_13' title="bbox 155 547 932 581; baseline -0.001 -8"><span class='ocrx_word' id='word_1_83' title='bbox 155 547 187 573; x_wconf 89' lang='lat' dir='ltr'><strong>ad</strong></span> <span class='ocrx_word' id='word_1_84' title='bbox 204 547 303 573; x_wconf 77' lang='lat' dir='ltr'><strong>inferni</strong></span> <span class='ocrx_word' id='word_1_85' title='bbox 325 547 474 581; x_wconf 78' lang='lat' dir='ltr'><strong>penetralia</strong></span> <span class='ocrx_word' id='word_1_86' title='bbox 489 547 654 574; x_wconf 57' lang='lat' dir='ltr'><strong>inell‘ahilem</strong></span> <span class='ocrx_word' id='word_1_87' title='bbox 670 555 746 574; x_wconf 81' lang='lat' dir='ltr'><strong>suam</strong></span> <span class='ocrx_word' id='word_1_88' title='bbox 781 547 932 581; x_wconf 83' lang='lat' dir='ltr'><strong>potentiam</strong></span> 
     </span>
    </p>
   </div>
   <div class='ocr_carea' id='block_1_14' title="bbox 155 591 936 625">
    <p class='ocr_par' dir='ltr' id='par_1_14' title="bbox 155 591 936 625">
     <span class='ocr_line' id='line_1_14' title="bbox 155 591 936 625; baseline -0.004 -6"><span class='ocrx_word' id='word_1_89' title='bbox 155 595 181 618; x_wconf 82' lang='lat' dir='ltr'><strong>et</strong></span> <span class='ocrx_word' id='word_1_90' title='bbox 202 592 409 619; x_wconf 72' lang='lat' dir='ltr'><strong>beneﬁcentiam</strong></span> <span class='ocrx_word' id='word_1_91' title='bbox 424 592 559 623; x_wconf 76' lang='lat' dir='ltr'><strong>exhibuit,</strong></span> <span class='ocrx_word' id='word_1_92' title='bbox 580 592 626 618; x_wconf 89' lang='lat' dir='ltr'><strong>illo</strong></span> <span class='ocrx_word' id='word_1_93' title='bbox 639 591 749 625; x_wconf 71' lang='lat' dir='ltr'><strong>quidem</strong></span> <span class='ocrx_word' id='word_1_94' title='bbox 775 596 889 617; x_wconf 84' lang='lat' dir='ltr'><strong>evocato</strong></span> <span class='ocrx_word' id='word_1_95' title='bbox 909 594 936 617; x_wconf 87' lang='lat' dir='ltr'><strong>et</strong></span> 
     </span>
    </p>
   </div>
   <div class='ocr_carea' id='block_1_15' title="bbox 156 637 939 672">
    <p class='ocr_par' dir='ltr' id='par_1_15' title="bbox 156 637 939 672">
     <span class='ocr_line' id='line_1_15' title="bbox 156 637 939 672; baseline 0.003 -10"><span class='ocrx_word' id='word_1_96' title='bbox 156 638 307 670; x_wconf 72' lang='lat' dir='ltr'><strong>eaptivitali</strong></span> <span class='ocrx_word' id='word_1_97' title='bbox 327 638 483 672; x_wconf 78' lang='lat' dir='ltr'><strong>snhjttgato,</strong></span> <span class='ocrx_word' id='word_1_98' title='bbox 504 637 621 672; x_wconf 73' lang='lat' dir='ltr'><strong>(aptivis</strong></span> <span class='ocrx_word' id='word_1_99' title='bbox 640 642 728 664; x_wconf 84' lang='lat' dir='ltr'><strong>autem</strong></span> <span class='ocrx_word' id='word_1_100' title='bbox 745 637 892 671; x_wconf 73' lang='lat' dir='ltr'><strong>redemptis</strong></span> <span class='ocrx_word' id='word_1_101' title='bbox 908 645 939 664; x_wconf 80' lang='lat' dir='ltr'><strong>ac</strong></span> 
     </span>
    </p>
   </div>
   <div class='ocr_carea' id='block_1_16' title="bbox 156 683 937 715">
    <p class='ocr_par' dir='ltr' id='par_1_16' title="bbox 156 683 937 715">
     <span class='ocr_line' id='line_1_16' title="bbox 156 683 937 715; baseline 0.003 -8"><span class='ocrx_word' id='word_1_102' title='bbox 156 683 275 709; x_wconf 69' lang='lat' dir='ltr'><strong>lilict&#39;lttll</strong></span> <span class='ocrx_word' id='word_1_103' title='bbox 308 683 451 710; x_wconf 74' lang='lat' dir='ltr'><strong>restitutis.</strong></span> <span class='ocrx_word' id='word_1_104' title='bbox 485 683 586 710; x_wconf 77' lang='lat' dir='ltr'><strong>Deinde</strong></span> <span class='ocrx_word' id='word_1_105' title='bbox 615 683 696 710; x_wconf 81' lang='lat' dir='ltr'><strong>etiam</strong></span> <span class='ocrx_word' id='word_1_106' title='bbox 725 683 937 715; x_wconf 84' lang='lat' dir='ltr'><strong>sublimitatem,</strong></span> 
     </span>
    </p>
   </div>
   <div class='ocr_carea' id='block_1_17' title="bbox 156 728 937 764">
    <p class='ocr_par' dir='ltr' id='par_1_17' title="bbox 156 728 937 764">
     <span class='ocr_line' id='line_1_17' title="bbox 156 728 937 764; baseline 0.001 -9"><span class='ocrx_word' id='word_1_107' title='bbox 156 730 286 763; x_wconf 88' lang='lat' dir='ltr'><strong>quoniam</strong></span> <span class='ocrx_word' id='word_1_108' title='bbox 302 729 324 756; x_wconf 88' lang='lat' dir='ltr'><strong>is</strong></span> <span class='ocrx_word' id='word_1_109' title='bbox 339 729 384 763; x_wconf 87' lang='lat' dir='ltr'><strong>qui</strong></span> <span class='ocrx_word' id='word_1_110' title='bbox 401 728 544 756; x_wconf 71' lang='lat' dir='ltr'><strong>descendit</strong></span> <span class='ocrx_word' id='word_1_111' title='bbox 563 730 622 764; x_wconf 83' lang='lat' dir='ltr'><strong>ipse</strong></span> <span class='ocrx_word' id='word_1_112' title='bbox 637 734 717 756; x_wconf 79' lang='lat' dir='ltr'><strong>estet</strong></span> <span class='ocrx_word' id='word_1_113' title='bbox 734 729 780 763; x_wconf 88' lang='lat' dir='ltr'><strong>qui</strong></span> <span class='ocrx_word' id='word_1_114' title='bbox 794 729 937 757; x_wconf 84' lang='lat' dir='ltr'><strong>ascendit:</strong></span> 
     </span>
    </p>
   </div>
   <div class='ocr_carea' id='block_1_18' title="bbox 155 774 975 813">
    <p class='ocr_par' dir='ltr' id='par_1_18' title="bbox 155 774 975 813">
     <span class='ocr_line' id='line_1_18' title="bbox 155 774 975 813; baseline 0.001 -12"><span class='ocrx_word' id='word_1_115' title='bbox 155 776 285 809; x_wconf 70' lang='lat' dir='ltr'><strong>quoniam</strong></span> <span class='ocrx_word' id='word_1_116' title='bbox 301 783 384 809; x_wconf 80' lang='lat' dir='ltr'><strong>super</strong></span> <span class='ocrx_word' id='word_1_117' title='bbox 407 775 491 802; x_wconf 69' lang='lat' dir='ltr'><strong>malos</strong></span> <span class='ocrx_word' id='word_1_118' title='bbox 509 775 638 801; x_wconf 84' lang='lat' dir='ltr'><strong>subduxit</strong></span> <span class='ocrx_word' id='word_1_119' title='bbox 665 774 799 809; x_wconf 81' lang='lat' dir='ltr'><strong>primitias</strong></span> <span class='ocrx_word' id='word_1_120' title='bbox 818 778 937 808; x_wconf 85' lang='lat' dir='ltr'><strong>nostras,</strong></span> <span class='ocrx_word' id='word_1_121' title='bbox 968 809 975 813; x_wconf 18' lang='grc' dir='ltr'>ν</span> 
     </span>
    </p>
   </div>
   <div class='ocr_carea' id='block_1_19' title="bbox 155 820 927 855">
    <p class='ocr_par' dir='ltr' id='par_1_19' title="bbox 155 820 927 855">
     <span class='ocr_line' id='line_1_19' title="bbox 155 820 927 855; baseline 0.003 -9"><span class='ocrx_word' id='word_1_122' title='bbox 155 821 285 854; x_wconf 83' lang='lat' dir='ltr'><strong>quoniam</strong></span> <span class='ocrx_word' id='word_1_123' title='bbox 304 829 385 855; x_wconf 87' lang='lat' dir='ltr'><strong>super</strong></span> <span class='ocrx_word' id='word_1_124' title='bbox 402 828 510 847; x_wconf 87' lang='lat' dir='ltr'><strong>omnem</strong></span> <span class='ocrx_word' id='word_1_125' title='bbox 526 820 705 854; x_wconf 79' lang='lat' dir='ltr'><strong>principatum</strong></span> <span class='ocrx_word' id='word_1_126' title='bbox 718 828 749 847; x_wconf 85' lang='lat' dir='ltr'><strong>ac</strong></span> <span class='ocrx_word' id='word_1_127' title='bbox 767 825 927 855; x_wconf 86' lang='lat' dir='ltr'><strong>potestatem</strong></span> 
     </span>
    </p>
   </div>
   <div class='ocr_carea' id='block_1_20' title="bbox 156 865 937 894">
    <p class='ocr_par' dir='ltr' id='par_1_20' title="bbox 156 865 937 894">
     <span class='ocr_line' id='line_1_20' title="bbox 156 865 937 894; baseline 0.001 -1"><span class='ocrx_word' id='word_1_128' title='bbox 156 872 183 893; x_wconf 89' lang='lat' dir='ltr'><strong>et</strong></span> <span class='ocrx_word' id='word_1_129' title='bbox 217 867 343 893; x_wconf 85' lang='lat' dir='ltr'><strong>virtutem</strong></span> <span class='ocrx_word' id='word_1_130' title='bbox 373 873 405 892; x_wconf 87' lang='lat' dir='ltr'><strong>ac</strong></span> <span class='ocrx_word' id='word_1_131' title='bbox 429 865 656 893; x_wconf 81' lang='lat' dir='ltr'><strong>dominationem.</strong></span> <span class='ocrx_word' id='word_1_132' title='bbox 675 866 757 894; x_wconf 85' lang='lat' dir='ltr'><strong>Vides</strong></span> <span class='ocrx_word' id='word_1_133' title='bbox 773 867 937 894; x_wconf 79' lang='lat' dir='ltr'><strong>ineﬂ‘abiletn</strong></span> 
     </span>
    </p>
   </div>
   <div class='ocr_carea' id='block_1_21' title="bbox 157 911 938 947">
    <p class='ocr_par' dir='ltr' id='par_1_21' title="bbox 157 911 938 947">
     <span class='ocr_line' id='line_1_21' title="bbox 157 911 938 947; baseline 0.003 -9"><span class='ocrx_word' id='word_1_134' title='bbox 157 912 354 938; x_wconf 69' lang='lat' dir='ltr'><strong>sublimitatem</strong></span> <span class='ocrx_word' id='word_1_135' title='bbox 367 911 583 946; x_wconf 81' lang='lat' dir='ltr'><strong>dispensationis</strong></span> <span class='ocrx_word' id='word_1_136' title='bbox 593 911 695 938; x_wconf 89' lang='lat' dir='ltr'><strong>Christi</strong></span> <span class='ocrx_word' id='word_1_137' title='bbox 717 916 745 938; x_wconf 88' lang='lat' dir='ltr'><strong>et</strong></span> <span class='ocrx_word' id='word_1_138' title='bbox 773 913 938 947; x_wconf 81' lang='lat' dir='ltr'><strong>cognitionis</strong></span> 
     </span>
    </p>
   </div>
   <div class='ocr_carea' id='block_1_22' title="bbox 158 956 938 994">
    <p class='ocr_par' dir='ltr' id='par_1_22' title="bbox 158 956 938 994">
     <span class='ocr_line' id='line_1_22' title="bbox 158 956 938 994; baseline 0.005 -12"><span class='ocrx_word' id='word_1_139' title='bbox 158 957 254 990; x_wconf 75' lang='lat' dir='ltr'><strong>ipsius.</strong></span> <span class='ocrx_word' id='word_1_140' title='bbox 269 956 330 983; x_wconf 74' lang='lat' dir='ltr'><strong>llaec</strong></span> <span class='ocrx_word' id='word_1_141' title='bbox 344 961 473 991; x_wconf 78' lang='lat' dir='ltr'><strong>precatur</strong></span> <span class='ocrx_word' id='word_1_142' title='bbox 486 957 527 984; x_wconf 87' lang='lat' dir='ltr'><strong>eis</strong></span> <span class='ocrx_word' id='word_1_143' title='bbox 539 956 641 984; x_wconf 89' lang='lat' dir='ltr'><strong>Paulus</strong></span> <span class='ocrx_word' id='word_1_144' title='bbox 660 962 688 984; x_wconf 90' lang='lat' dir='ltr'><strong>ut</strong></span> <span class='ocrx_word' id='word_1_145' title='bbox 702 958 855 994; x_wconf 78' lang='lat' dir='ltr'><strong>intelligant</strong></span> <span class='ocrx_word' id='word_1_146' title='bbox 869 959 938 994; x_wconf 53' lang='lat' dir='ltr'><strong>hac,</strong></span> 
     </span>
    </p>
   </div>
   <div class='ocr_carea' id='block_1_23' title="bbox 156 1002 939 1040">
    <p class='ocr_par' dir='ltr' id='par_1_23' title="bbox 156 1002 939 1040">
     <span class='ocr_line' id='line_1_23' title="bbox 156 1002 939 1040; baseline 0.005 -12"><span class='ocrx_word' id='word_1_147' title='bbox 156 1006 183 1028; x_wconf 78' lang='lat' dir='ltr'><strong>et</strong></span> <span class='ocrx_word' id='word_1_148' title='bbox 199 1007 390 1037; x_wconf 82' lang='lat' dir='ltr'><strong>assequamur.</strong></span> <span class='ocrx_word' id='word_1_149' title='bbox 403 1002 480 1035; x_wconf 83' lang='lat' dir='ltr'><strong>Quod</strong></span> <span class='ocrx_word' id='word_1_150' title='bbox 498 1003 520 1030; x_wconf 89' lang='lat' dir='ltr'><strong>si</strong></span> <span class='ocrx_word' id='word_1_151' title='bbox 538 1004 594 1030; x_wconf 67' lang='lat' dir='ltr'><strong>hate</strong></span> <span class='ocrx_word' id='word_1_152' title='bbox 611 1005 730 1031; x_wconf 87' lang='lat' dir='ltr'><strong>assecuti</strong></span> <span class='ocrx_word' id='word_1_153' title='bbox 740 1004 939 1040; x_wconf 75' lang='lat' dir='ltr'><strong>l‘uerint.quid-</strong></span> 
     </span>
    </p>
   </div>
   <div class='ocr_carea' id='block_1_24' title="bbox 155 1048 938 1087">
    <p class='ocr_par' dir='ltr' id='par_1_24' title="bbox 155 1048 938 1087">
     <span class='ocr_line' id='line_1_24' title="bbox 155 1048 938 1087; baseline 0.005 -13"><span class='ocrx_word' id='word_1_154' title='bbox 155 1056 217 1075; x_wconf 89' lang='lat' dir='ltr'><strong>nam</strong></span> <span class='ocrx_word' id='word_1_155' title='bbox 233 1049 285 1075; x_wconf 82' lang='lat' dir='ltr'><strong>erit</strong></span> <span class='ocrx_word' id='word_1_156' title='bbox 297 1049 309 1075; x_wconf 90' lang='lat'><strong>?</strong></span> <span class='ocrx_word' id='word_1_157' title='bbox 323 1048 402 1076; x_wconf 89' lang='lat' dir='ltr'><strong>Tune</strong></span> <span class='ocrx_word' id='word_1_158' title='bbox 418 1053 585 1083; x_wconf 80' lang='lat' dir='ltr'><strong>cognoscent</strong></span> <span class='ocrx_word' id='word_1_159' title='bbox 601 1051 779 1078; x_wconf 73' lang='lat' dir='ltr'><strong>excellentiam</strong></span> <span class='ocrx_word' id='word_1_160' title='bbox 800 1050 859 1085; x_wconf 74' lang='lat' dir='ltr'><strong>ejus</strong></span> <span class='ocrx_word' id='word_1_161' title='bbox 874 1059 938 1087; x_wconf 74' lang='lat' dir='ltr'><strong>erga</strong></span> 
     </span>
    </p>
   </div>
   <div class='ocr_carea' id='block_1_25' title="bbox 156 1094 937 1130">
    <p class='ocr_par' dir='ltr' id='par_1_25' title="bbox 156 1094 937 1130">
     <span class='ocr_line' id='line_1_25' title="bbox 156 1094 937 1130; baseline 0.005 -10"><span class='ocrx_word' id='word_1_162' title='bbox 156 1101 206 1121; x_wconf 88' lang='lat' dir='ltr'><strong>nos</strong></span> <span class='ocrx_word' id='word_1_163' title='bbox 223 1094 398 1122; x_wconf 78' lang='lat' dir='ltr'><strong>charitatem.</strong></span> <span class='ocrx_word' id='word_1_164' title='bbox 414 1095 446 1122; x_wconf 86' lang='lat' dir='ltr'><strong>Et</strong></span> <span class='ocrx_word' id='word_1_165' title='bbox 460 1095 525 1130; x_wconf 84' lang='lat' dir='ltr'><strong>quid</strong></span> <span class='ocrx_word' id='word_1_166' title='bbox 540 1095 564 1122; x_wconf 88' lang='lat' dir='ltr'><strong>si</strong></span> <span class='ocrx_word' id='word_1_167' title='bbox 592 1096 662 1123; x_wconf 89' lang='lat' dir='ltr'><strong>hanc</strong></span> <span class='ocrx_word' id='word_1_168' title='bbox 677 1097 854 1124; x_wconf 78' lang='lat' dir='ltr'><strong>noverimus?</strong></span> <span class='ocrx_word' id='word_1_169' title='bbox 869 1097 937 1130; x_wconf 87' lang='lat' dir='ltr'><strong>Quis</strong></span> 
     </span>
    </p>
   </div>
   <div class='ocr_carea' id='block_1_26' title="bbox 155 1141 939 1177">
    <p class='ocr_par' dir='ltr' id='par_1_26' title="bbox 155 1141 939 1177">
     <span class='ocr_line' id='line_1_26' title="bbox 155 1141 939 1177; baseline 0.003 -9"><span class='ocrx_word' id='word_1_170' title='bbox 155 1141 321 1168; x_wconf 68' lang='lat' dir='ltr'><strong>contradicet</strong></span> <span class='ocrx_word' id='word_1_171' title='bbox 338 1141 403 1176; x_wconf 88' lang='lat' dir='ltr'><strong>quin</strong></span> <span class='ocrx_word' id='word_1_172' title='bbox 417 1141 566 1169; x_wconf 74' lang='lat' dir='ltr'><strong>debeamus</strong></span> <span class='ocrx_word' id='word_1_173' title='bbox 587 1141 694 1176; x_wconf 84' lang='lat' dir='ltr'><strong>impleri</strong></span> <span class='ocrx_word' id='word_1_174' title='bbox 711 1142 738 1169; x_wconf 90' lang='lat' dir='ltr'><strong>in</strong></span> <span class='ocrx_word' id='word_1_175' title='bbox 756 1143 830 1169; x_wconf 91' lang='lat' dir='ltr'><strong>omni</strong></span> <span class='ocrx_word' id='word_1_176' title='bbox 850 1143 939 1177; x_wconf 79' lang='lat' dir='ltr'><strong>pleni-</strong></span> 
     </span>
    </p>
   </div>
   <div class='ocr_carea' id='block_1_27' title="bbox 156 1186 940 1223">
    <p class='ocr_par' dir='ltr' id='par_1_27' title="bbox 156 1186 940 1223">
     <span class='ocr_line' id='line_1_27' title="bbox 156 1186 940 1223; baseline 0.004 -10"><span class='ocrx_word' id='word_1_177' title='bbox 156 1186 249 1214; x_wconf 85' lang='lat' dir='ltr'><strong>tudine</strong></span> <span class='ocrx_word' id='word_1_178' title='bbox 260 1187 328 1214; x_wconf 85' lang='lat' dir='ltr'><strong>Dei?</strong></span> <span class='ocrx_word' id='word_1_179' title='bbox 342 1195 438 1221; x_wconf 85' lang='lat' dir='ltr'><strong>nempe</strong></span> <span class='ocrx_word' id='word_1_180' title='bbox 454 1191 578 1215; x_wconf 91' lang='lat' dir='ltr'><strong>uttotum</strong></span> <span class='ocrx_word' id='word_1_181' title='bbox 595 1188 684 1222; x_wconf 81' lang='lat' dir='ltr'><strong>ipsum</strong></span> <span class='ocrx_word' id='word_1_182' title='bbox 699 1189 829 1223; x_wconf 85' lang='lat' dir='ltr'><strong>operibus</strong></span> <span class='ocrx_word' id='word_1_183' title='bbox 852 1189 940 1216; x_wconf 89' lang='lat' dir='ltr'><strong>susei-</strong></span> 
     </span>
    </p>
   </div>
   <div class='ocr_carea' id='block_1_28' title="bbox 155 1231 938 1266">
    <p class='ocr_par' dir='ltr' id='par_1_28' title="bbox 155 1231 938 1266">
     <span class='ocr_line' id='line_1_28' title="bbox 155 1231 938 1266; baseline 0.006 -10"><span class='ocrx_word' id='word_1_184' title='bbox 155 1231 263 1266; x_wconf 81' lang='lat' dir='ltr'><strong>piamtts</strong></span> <span class='ocrx_word' id='word_1_185' title='bbox 278 1231 323 1266; x_wconf 87' lang='lat' dir='ltr'><strong>qui</strong></span> <span class='ocrx_word' id='word_1_186' title='bbox 338 1232 432 1258; x_wconf 77' lang='lat' dir='ltr'><strong>nosita</strong></span> <span class='ocrx_word' id='word_1_187' title='bbox 451 1232 555 1259; x_wconf 80' lang='lat' dir='ltr'><strong>dilexit.</strong></span> <span class='ocrx_word' id='word_1_188' title='bbox 575 1231 626 1259; x_wconf 82' lang='lat' dir='ltr'><strong>Per</strong></span> <span class='ocrx_word' id='word_1_189' title='bbox 643 1233 817 1260; x_wconf 85' lang='lat' dir='ltr'><strong>latitudinem</strong></span> <span class='ocrx_word' id='word_1_190' title='bbox 836 1239 938 1266; x_wconf 84' lang='lat' dir='ltr'><strong>autem,</strong></span> 
     </span>
    </p>
   </div>
   <div class='ocr_carea' id='block_1_29' title="bbox 153 1277 938 1315">
    <p class='ocr_par' dir='ltr' id='par_1_29' title="bbox 153 1277 938 1315">
     <span class='ocr_line' id='line_1_29' title="bbox 153 1277 938 1315; baseline 0.005 -11"><span class='ocrx_word' id='word_1_191' title='bbox 153 1277 235 1305; x_wconf 66' lang='lat' dir='ltr'><strong>factae</strong></span> <span class='ocrx_word' id='word_1_192' title='bbox 261 1277 478 1312; x_wconf 82' lang='lat' dir='ltr'><strong>dispensationis</strong></span> <span class='ocrx_word' id='word_1_193' title='bbox 519 1280 735 1314; x_wconf 79' lang='lat' dir='ltr'><strong>magnitudinem</strong></span> <span class='ocrx_word' id='word_1_194' title='bbox 766 1281 938 1315; x_wconf 77' lang='lat' dir='ltr'><strong>signiﬁcavit,</strong></span> 
     </span>
    </p>
   </div>
   <div class='ocr_carea' id='block_1_30' title="bbox 154 1323 939 1359">
    <p class='ocr_par' dir='ltr' id='par_1_30' title="bbox 154 1323 939 1359">
     <span class='ocr_line' id='line_1_30' title="bbox 154 1323 939 1359; baseline 0.008 -12"><span class='ocrx_word' id='word_1_195' title='bbox 154 1323 283 1356; x_wconf 80' lang='lat' dir='ltr'><strong>quoniam</strong></span> <span class='ocrx_word' id='word_1_196' title='bbox 299 1323 356 1349; x_wconf 68' lang='lat' dir='ltr'><strong>haec</strong></span> <span class='ocrx_word' id='word_1_197' title='bbox 371 1327 435 1350; x_wconf 85' lang='lat' dir='ltr'><strong>sunt</strong></span> <span class='ocrx_word' id='word_1_198' title='bbox 450 1324 647 1358; x_wconf 76' lang='lat' dir='ltr'><strong>magnitudinis</strong></span> <span class='ocrx_word' id='word_1_199' title='bbox 663 1324 854 1359; x_wconf 81' lang='lat' dir='ltr'><strong>signiﬁcativa.</strong></span> <span class='ocrx_word' id='word_1_200' title='bbox 877 1335 886 1352; x_wconf 74' lang='grc' dir='ltr'><strong>ι</strong></span> <span class='ocrx_word' id='word_1_201' title='bbox 906 1325 939 1353; x_wconf 87' lang='lat' dir='ltr'><strong>Et</strong></span> 
     </span>
    </p>
   </div>
   <div class='ocr_carea' id='block_1_31' title="bbox 157 1367 937 1404">
    <p class='ocr_par' dir='ltr' id='par_1_31' title="bbox 157 1367 937 1404">
     <span class='ocr_line' id='line_1_31' title="bbox 157 1367 937 1404; baseline 0.005 -11"><span class='ocrx_word' id='word_1_202' title='bbox 157 1367 322 1399; x_wconf 86' lang='lat' dir='ltr'><strong>sublimitas,</strong></span> <span class='ocrx_word' id='word_1_203' title='bbox 344 1377 353 1394; x_wconf 72' lang='grc' dir='ltr'><strong>ι</strong></span> <span class='ocrx_word' id='word_1_204' title='bbox 373 1373 437 1402; x_wconf 83' lang='lat' dir='ltr'><strong>puta</strong></span> <span class='ocrx_word' id='word_1_205' title='bbox 454 1370 586 1404; x_wconf 75' lang='lat' dir='ltr'><strong>mysterii.</strong></span> <span class='ocrx_word' id='word_1_206' title='bbox 606 1378 614 1394; x_wconf 77' lang='grc' dir='ltr'><strong>ι</strong></span> <span class='ocrx_word' id='word_1_207' title='bbox 642 1369 675 1395; x_wconf 84' lang='lat' dir='ltr'><strong>Et</strong></span> <span class='ocrx_word' id='word_1_208' title='bbox 695 1377 870 1404; x_wconf 79' lang='lat' dir='ltr'><strong>cognoscere.</strong></span> <span class='ocrx_word' id='word_1_209' title='bbox 892 1380 901 1396; x_wconf 71' lang='grc' dir='ltr'><strong>ι</strong></span> <span class='ocrx_word' id='word_1_210' title='bbox 916 1371 937 1397; x_wconf 80' lang='grc' dir='ltr'>Α</span> 
     </span>
    </p>
   </div>
   <div class='ocr_carea' id='block_1_32' title="bbox 156 1414 937 1449">
    <p class='ocr_par' dir='ltr' id='par_1_32' title="bbox 156 1414 937 1449">
     <span class='ocr_line' id='line_1_32' title="bbox 156 1414 937 1449; baseline 0.008 -11"><span class='ocrx_word' id='word_1_211' title='bbox 156 1414 293 1439; x_wconf 88' lang='lat' dir='ltr'><strong>communi</strong></span> <span class='ocrx_word' id='word_1_212' title='bbox 306 1421 387 1440; x_wconf 88' lang='lat' dir='ltr'><strong>sensu</strong></span> <span class='ocrx_word' id='word_1_213' title='bbox 400 1414 558 1447; x_wconf 88' lang='lat' dir='ltr'><strong>subaudito,</strong></span> <span class='ocrx_word' id='word_1_214' title='bbox 571 1414 605 1442; x_wconf 85' lang='lat' dir='ltr'><strong>Ut</strong></span> <span class='ocrx_word' id='word_1_215' title='bbox 620 1416 747 1449; x_wconf 81' lang='lat' dir='ltr'><strong>valeatis;</strong></span> <span class='ocrx_word' id='word_1_216' title='bbox 762 1424 793 1443; x_wconf 84' lang='lat' dir='ltr'><strong>ac</strong></span> <span class='ocrx_word' id='word_1_217' title='bbox 807 1417 829 1444; x_wconf 87' lang='lat' dir='ltr'><strong>si</strong></span> <span class='ocrx_word' id='word_1_218' title='bbox 842 1418 937 1444; x_wconf 79' lang='lat' dir='ltr'><strong>dicat:</strong></span> 
     </span>
    </p>
   </div>
   <div class='ocr_carea' id='block_1_33' title="bbox 154 1458 939 1494">
    <p class='ocr_par' dir='ltr' id='par_1_33' title="bbox 154 1458 939 1494">
     <span class='ocr_line' id='line_1_33' title="bbox 154 1458 939 1494; baseline 0.006 -9"><span class='ocrx_word' id='word_1_219' title='bbox 154 1458 191 1486; x_wconf 85' lang='lat' dir='ltr'><strong>Ut</strong></span> <span class='ocrx_word' id='word_1_220' title='bbox 207 1459 438 1494; x_wconf 82' lang='lat' dir='ltr'><strong>valeatisadipisci</strong></span> <span class='ocrx_word' id='word_1_221' title='bbox 452 1465 479 1487; x_wconf 85' lang='lat' dir='ltr'><strong>et</strong></span> <span class='ocrx_word' id='word_1_222' title='bbox 494 1462 873 1494; x_wconf 58' lang='lat' dir='ltr'><strong>cognosceretExcellentetu</strong></span> <span class='ocrx_word' id='word_1_223' title='bbox 890 1470 939 1490; x_wconf 90' lang='lat' dir='ltr'><strong>eo-</strong></span> 
     </span>
    </p>
   </div>
   <div class='ocr_carea' id='block_1_34' title="bbox 152 1506 938 1540">
    <p class='ocr_par' dir='ltr' id='par_1_34' title="bbox 152 1506 938 1540">
     <span class='ocr_line' id='line_1_34' title="bbox 152 1506 938 1540; baseline 0.006 -8"><span class='ocrx_word' id='word_1_224' title='bbox 152 1506 283 1540; x_wconf 77' lang='lat' dir='ltr'><strong>gnitionis</strong></span> <span class='ocrx_word' id='word_1_225' title='bbox 291 1507 461 1540; x_wconf 82' lang='lat' dir='ltr'><strong>charitatem;</strong></span> <span class='ocrx_word' id='word_1_226' title='bbox 469 1509 696 1536; x_wconf 65' lang='lat' dir='ltr'><strong>tautcharitatem</strong></span> <span class='ocrx_word' id='word_1_227' title='bbox 706 1509 881 1537; x_wconf 85' lang='lat' dir='ltr'><strong>excedentem</strong></span> <span class='ocrx_word' id='word_1_228' title='bbox 890 1517 938 1537; x_wconf 85' lang='lat' dir='ltr'><strong>eo-</strong></span> 
     </span>
    </p>
   </div>
   <div class='ocr_carea' id='block_1_35' title="bbox 153 1552 935 1590">
    <p class='ocr_par' dir='ltr' id='par_1_35' title="bbox 153 1552 935 1590">
     <span class='ocr_line' id='line_1_35' title="bbox 153 1552 935 1590; baseline 0.006 -12"><span class='ocrx_word' id='word_1_229' title='bbox 153 1552 314 1586; x_wconf 74' lang='lat' dir='ltr'><strong>gnitionem,</strong></span> <span class='ocrx_word' id='word_1_230' title='bbox 338 1553 387 1588; x_wconf 81' lang='grc' dir='ltr'>τὴν</span> <span class='ocrx_word' id='word_1_231' title='bbox 397 1553 446 1580; x_wconf 59' lang='lat' dir='ltr'><strong>{me</strong></span> <span class='ocrx_word' id='word_1_232' title='bbox 452 1553 618 1589; x_wconf 77' lang='grc' dir='ltr'>ρδάλλουσαν</span> <span class='ocrx_word' id='word_1_233' title='bbox 625 1555 673 1590; x_wconf 81' lang='grc' dir='ltr'>τῆς</span> <span class='ocrx_word' id='word_1_234' title='bbox 681 1554 806 1588; x_wconf 78' lang='grc' dir='ltr'>γνώσεως</span> <span class='ocrx_word' id='word_1_235' title='bbox 816 1555 935 1590; x_wconf 78' lang='grc' dir='ltr'>ἀγάπην.</span> 
     </span>
    </p>
   </div>
   <div class='ocr_carea' id='block_1_36' title="bbox 153 1595 935 1634">
    <p class='ocr_par' dir='ltr' id='par_1_36' title="bbox 153 1595 935 1634">
     <span class='ocr_line' id='line_1_36' title="bbox 153 1595 935 1634; baseline 0.008 -11"><span class='ocrx_word' id='word_1_236' title='bbox 153 1595 186 1624; x_wconf 80' lang='lat' dir='ltr'><strong>Et</strong></span> <span class='ocrx_word' id='word_1_237' title='bbox 198 1601 228 1624; x_wconf 91' lang='lat' dir='ltr'><strong>ut</strong></span> <span class='ocrx_word' id='word_1_238' title='bbox 243 1599 427 1632; x_wconf 78' lang='lat' dir='ltr'><strong>cognoscatis.</strong></span> <span class='ocrx_word' id='word_1_239' title='bbox 442 1599 542 1634; x_wconf 82' lang='lat' dir='ltr'><strong>inquit,</strong></span> <span class='ocrx_word' id='word_1_240' title='bbox 559 1600 719 1627; x_wconf 87' lang='lat' dir='ltr'><strong>eharitatem</strong></span> <span class='ocrx_word' id='word_1_241' title='bbox 735 1600 837 1629; x_wconf 70' lang='lat' dir='ltr'><strong>Christi</strong></span> <span class='ocrx_word' id='word_1_242' title='bbox 854 1609 935 1629; x_wconf 78' lang='lat' dir='ltr'><strong>exce-</strong></span> 
     </span>
    </p>
   </div>
   <div class='ocr_carea' id='block_1_37' title="bbox 151 1643 937 1681">
    <p class='ocr_par' dir='ltr' id='par_1_37' title="bbox 151 1643 937 1681">
     <span class='ocr_line' id='line_1_37' title="bbox 151 1643 937 1681; baseline 0.008 -12"><span class='ocrx_word' id='word_1_243' title='bbox 151 1643 260 1670; x_wconf 85' lang='lat' dir='ltr'><strong>dentem</strong></span> <span class='ocrx_word' id='word_1_244' title='bbox 272 1651 380 1671; x_wconf 87' lang='lat' dir='ltr'><strong>omnem</strong></span> <span class='ocrx_word' id='word_1_245' title='bbox 394 1644 539 1671; x_wconf 85' lang='lat' dir='ltr'><strong>humanam</strong></span> <span class='ocrx_word' id='word_1_246' title='bbox 565 1646 761 1680; x_wconf 81' lang='lat' dir='ltr'><strong>cognitionem,</strong></span> <span class='ocrx_word' id='word_1_247' title='bbox 776 1652 802 1674; x_wconf 90' lang='lat' dir='ltr'><strong>et</strong></span> <span class='ocrx_word' id='word_1_248' title='bbox 822 1655 881 1681; x_wconf 60' lang='lat' dir='ltr'><strong>quae</strong></span> <span class='ocrx_word' id='word_1_249' title='bbox 895 1652 937 1675; x_wconf 86' lang='lat' dir='ltr'><strong>est</strong></span> 
     </span>
    </p>
   </div>
   <div class='ocr_carea' id='block_1_38' title="bbox 153 1689 937 1728">
    <p class='ocr_par' dir='ltr' id='par_1_38' title="bbox 153 1689 937 1728">
     <span class='ocr_line' id='line_1_38' title="bbox 153 1689 937 1728; baseline 0.008 -14"><span class='ocrx_word' id='word_1_250' title='bbox 153 1689 236 1716; x_wconf 75' lang='lat' dir='ltr'><strong>\‘eluti</strong></span> <span class='ocrx_word' id='word_1_251' title='bbox 256 1697 338 1724; x_wconf 72' lang='lat' dir='ltr'><strong>super</strong></span> <span class='ocrx_word' id='word_1_252' title='bbox 354 1690 547 1724; x_wconf 81' lang='lat' dir='ltr'><strong>cognitionem.</strong></span> <span class='ocrx_word' id='word_1_253' title='bbox 578 1691 719 1725; x_wconf 88' lang='lat' dir='ltr'><strong>Siquidem</strong></span> <span class='ocrx_word' id='word_1_254' title='bbox 745 1700 828 1727; x_wconf 88' lang='lat' dir='ltr'><strong>super</strong></span> <span class='ocrx_word' id='word_1_255' title='bbox 843 1694 937 1728; x_wconf 75' lang='lat' dir='ltr'><strong>cogni-</strong></span> 
     </span>
    </p>
   </div>
   <div class='ocr_carea' id='block_1_39' title="bbox 152 1734 938 1772">
    <p class='ocr_par' dir='ltr' id='par_1_39' title="bbox 152 1734 938 1772">
     <span class='ocr_line' id='line_1_39' title="bbox 152 1734 938 1772; baseline 0.005 -11"><span class='ocrx_word' id='word_1_256' title='bbox 152 1734 254 1762; x_wconf 88' lang='lat' dir='ltr'><strong>tionem</strong></span> <span class='ocrx_word' id='word_1_257' title='bbox 270 1739 312 1762; x_wconf 76' lang='grc' dir='ltr'><strong>εει</strong></span> <span class='ocrx_word' id='word_1_258' title='bbox 327 1735 384 1762; x_wconf 87' lang='lat' dir='ltr'><strong>ait:</strong></span> <span class='ocrx_word' id='word_1_259' title='bbox 404 1740 523 1763; x_wconf 81' lang='lat' dir='ltr'><strong>attamen</strong></span> <span class='ocrx_word' id='word_1_260' title='bbox 540 1744 588 1763; x_wconf 86' lang='lat' dir='ltr'><strong>vos</strong></span> <span class='ocrx_word' id='word_1_261' title='bbox 605 1738 780 1772; x_wconf 74' lang='lat' dir='ltr'><strong>cognoscetis</strong></span> <span class='ocrx_word' id='word_1_262' title='bbox 811 1738 835 1765; x_wconf 87' lang='lat' dir='ltr'><strong>si</strong></span> <span class='ocrx_word' id='word_1_263' title='bbox 859 1738 938 1765; x_wconf 80' lang='lat' dir='ltr'><strong>Chri-</strong></span> 
     </span>
    </p>
   </div>
   <div class='ocr_carea' id='block_1_40' title="bbox 152 1781 936 1817">
    <p class='ocr_par' dir='ltr' id='par_1_40' title="bbox 152 1781 936 1817">
     <span class='ocr_line' id='line_1_40' title="bbox 152 1781 936 1817; baseline 0.004 -9"><span class='ocrx_word' id='word_1_264' title='bbox 152 1785 227 1808; x_wconf 83' lang='lat' dir='ltr'><strong>stum</strong></span> <span class='ocrx_word' id='word_1_265' title='bbox 244 1781 441 1808; x_wconf 80' lang='lat' dir='ltr'><strong>inhabitanteni</strong></span> <span class='ocrx_word' id='word_1_266' title='bbox 459 1782 593 1813; x_wconf 86' lang='lat' dir='ltr'><strong>habeatis,</strong></span> <span class='ocrx_word' id='word_1_267' title='bbox 610 1786 639 1808; x_wconf 91' lang='lat' dir='ltr'><strong>ut</strong></span> <span class='ocrx_word' id='word_1_268' title='bbox 658 1791 690 1809; x_wconf 89' lang='lat' dir='ltr'><strong>ex</strong></span> <span class='ocrx_word' id='word_1_269' title='bbox 701 1783 751 1810; x_wconf 93' lang='lat' dir='ltr'><strong>hoe</strong></span> <span class='ocrx_word' id='word_1_270' title='bbox 769 1783 936 1817; x_wconf 82' lang='lat' dir='ltr'><strong>impleamini</strong></span> 
     </span>
    </p>
   </div>
   <div class='ocr_carea' id='block_1_41' title="bbox 152 1826 936 1861">
    <p class='ocr_par' dir='ltr' id='par_1_41' title="bbox 152 1826 936 1861">
     <span class='ocr_line' id='line_1_41' title="bbox 152 1826 936 1861; baseline 0.004 -8"><span class='ocrx_word' id='word_1_271' title='bbox 152 1826 304 1855; x_wconf 76' lang='lat' dir='ltr'><strong>inmunem</strong></span> <span class='ocrx_word' id='word_1_272' title='bbox 321 1827 517 1861; x_wconf 80' lang='lat' dir='ltr'><strong>plenitudinem</strong></span> <span class='ocrx_word' id='word_1_273' title='bbox 547 1828 604 1854; x_wconf 85' lang='lat' dir='ltr'><strong>Dei.</strong></span> <span class='ocrx_word' id='word_1_274' title='bbox 630 1827 775 1855; x_wconf 80' lang='lat' dir='ltr'><strong>Plenitudo</strong></span> <span class='ocrx_word' id='word_1_275' title='bbox 804 1837 871 1858; x_wconf 73' lang='lat' dir='ltr'><strong>vera</strong></span> <span class='ocrx_word' id='word_1_276' title='bbox 888 1830 936 1858; x_wconf 86' lang='lat' dir='ltr'><strong>Dei</strong></span> 
     </span>
    </p>
   </div>
   <div class='ocr_carea' id='block_1_42' title="bbox 152 1871 934 1909">
    <p class='ocr_par' dir='ltr' id='par_1_42' title="bbox 152 1871 934 1909">
     <span class='ocr_line' id='line_1_42' title="bbox 152 1871 934 1909; baseline 0.004 -10"><span class='ocrx_word' id='word_1_277' title='bbox 152 1876 194 1899; x_wconf 88' lang='lat' dir='ltr'><strong>est</strong></span> <span class='ocrx_word' id='word_1_278' title='bbox 211 1876 259 1899; x_wconf 75' lang='lat' dir='ltr'><strong>aut</strong></span> <span class='ocrx_word' id='word_1_279' title='bbox 275 1878 358 1899; x_wconf 85' lang='lat' dir='ltr'><strong>nosse</strong></span> <span class='ocrx_word' id='word_1_280' title='bbox 373 1871 446 1907; x_wconf 88' lang='lat' dir='ltr'><strong>quod</strong></span> <span class='ocrx_word' id='word_1_281' title='bbox 463 1873 490 1899; x_wconf 82' lang='lat' dir='ltr'><strong>in</strong></span> <span class='ocrx_word' id='word_1_282' title='bbox 507 1871 588 1899; x_wconf 83' lang='lat' dir='ltr'><strong>Patre</strong></span> <span class='ocrx_word' id='word_1_283' title='bbox 614 1877 639 1898; x_wconf 88' lang='lat' dir='ltr'><strong>et</strong></span> <span class='ocrx_word' id='word_1_284' title='bbox 661 1872 738 1906; x_wconf 86' lang='lat' dir='ltr'><strong>Filio,</strong></span> <span class='ocrx_word' id='word_1_285' title='bbox 770 1881 801 1901; x_wconf 88' lang='lat' dir='ltr'><strong>ae</strong></span> <span class='ocrx_word' id='word_1_286' title='bbox 831 1874 934 1909; x_wconf 88' lang='lat' dir='ltr'><strong>Spiritu</strong></span> 
     </span>
    </p>
   </div>
   <div class='ocr_carea' id='block_1_43' title="bbox 152 1918 935 1954">
    <p class='ocr_par' dir='ltr' id='par_1_43' title="bbox 152 1918 935 1954">
     <span class='ocr_line' id='line_1_43' title="bbox 152 1918 935 1954; baseline 0.005 -10"><span class='ocrx_word' id='word_1_287' title='bbox 152 1923 257 1950; x_wconf 78' lang='lat' dir='ltr'><strong>sancto,</strong></span> <span class='ocrx_word' id='word_1_288' title='bbox 276 1918 407 1945; x_wconf 83' lang='lat' dir='ltr'><strong>adoretur</strong></span> <span class='ocrx_word' id='word_1_289' title='bbox 420 1926 434 1944; x_wconf 89' lang='lat' dir='ltr'><strong>a</strong></span> <span class='ocrx_word' id='word_1_290' title='bbox 450 1919 530 1946; x_wconf 89' lang='lat' dir='ltr'><strong>nobis</strong></span> <span class='ocrx_word' id='word_1_291' title='bbox 547 1927 618 1946; x_wconf 80' lang='lat' dir='ltr'><strong>unus</strong></span> <span class='ocrx_word' id='word_1_292' title='bbox 650 1919 740 1947; x_wconf 82' lang='lat' dir='ltr'><strong>Deus:</strong></span> <span class='ocrx_word' id='word_1_293' title='bbox 757 1924 804 1947; x_wconf 92' lang='lat' dir='ltr'><strong>aut</strong></span> <span class='ocrx_word' id='word_1_294' title='bbox 822 1925 850 1947; x_wconf 90' lang='lat' dir='ltr'><strong>ut</strong></span> <span class='ocrx_word' id='word_1_295' title='bbox 863 1921 935 1954; x_wconf 83' lang='lat' dir='ltr'><strong>sitis,</strong></span> 
     </span>
    </p>
   </div>
   <div class='ocr_carea' id='block_1_44' title="bbox 151 1963 934 2000">
    <p class='ocr_par' dir='ltr' id='par_1_44' title="bbox 151 1963 934 2000">
     <span class='ocr_line' id='line_1_44' title="bbox 151 1963 934 2000; baseline 0.004 -10"><span class='ocrx_word' id='word_1_296' title='bbox 151 1963 251 1998; x_wconf 86' lang='lat' dir='ltr'><strong>inquit,</strong></span> <span class='ocrx_word' id='word_1_297' title='bbox 266 1964 361 1998; x_wconf 87' lang='lat' dir='ltr'><strong>repleti</strong></span> <span class='ocrx_word' id='word_1_298' title='bbox 377 1965 450 1991; x_wconf 91' lang='lat' dir='ltr'><strong>omni</strong></span> <span class='ocrx_word' id='word_1_299' title='bbox 466 1965 578 1997; x_wconf 89' lang='lat' dir='ltr'><strong>virtute,</strong></span> <span class='ocrx_word' id='word_1_300' title='bbox 595 1972 648 1999; x_wconf 87' lang='lat' dir='ltr'><strong>qua</strong></span> <span class='ocrx_word' id='word_1_301' title='bbox 664 1965 762 2000; x_wconf 85' lang='lat' dir='ltr'><strong>plenus</strong></span> <span class='ocrx_word' id='word_1_302' title='bbox 792 1971 832 1993; x_wconf 77' lang='lat' dir='ltr'><strong>est</strong></span> <span class='ocrx_word' id='word_1_303' title='bbox 851 1966 934 1994; x_wconf 87' lang='lat' dir='ltr'><strong>Deus.</strong></span> 
     </span>
    </p>
   </div>
   <div class='ocr_carea' id='block_1_45' title="bbox 156 2008 936 2045">
    <p class='ocr_par' dir='ltr' id='par_1_45' title="bbox 156 2008 936 2045">
     <span class='ocr_line' id='line_1_45' title="bbox 156 2008 936 2045; baseline 0.004 -11"><span class='ocrx_word' id='word_1_304' title='bbox 156 2017 166 2034; x_wconf 75' lang='grc' dir='ltr'><strong>ι</strong></span> <span class='ocrx_word' id='word_1_305' title='bbox 184 2008 235 2041; x_wconf 85' lang='lat' dir='ltr'><strong>Qui</strong></span> <span class='ocrx_word' id='word_1_306' title='bbox 250 2013 352 2043; x_wconf 87' lang='lat' dir='ltr'><strong>potest.</strong></span> <span class='ocrx_word' id='word_1_307' title='bbox 374 2018 384 2035; x_wconf 74' lang='grc' dir='ltr'><strong>ι</strong></span> <span class='ocrx_word' id='word_1_308' title='bbox 402 2008 457 2036; x_wconf 92' lang='lat' dir='ltr'><strong>Deo</strong></span> <span class='ocrx_word' id='word_1_309' title='bbox 470 2010 516 2043; x_wconf 89' lang='lat' dir='ltr'><strong>qui</strong></span> <span class='ocrx_word' id='word_1_310' title='bbox 535 2014 625 2044; x_wconf 83' lang='lat' dir='ltr'><strong>potest</strong></span> <span class='ocrx_word' id='word_1_311' title='bbox 641 2017 696 2037; x_wconf 93' lang='lat' dir='ltr'><strong>non</strong></span> <span class='ocrx_word' id='word_1_312' title='bbox 715 2011 804 2037; x_wconf 87' lang='lat' dir='ltr'><strong>solum</strong></span> <span class='ocrx_word' id='word_1_313' title='bbox 817 2011 894 2045; x_wconf 76' lang='lat' dir='ltr'><strong>juxta</strong></span> <span class='ocrx_word' id='word_1_314' title='bbox 910 2011 936 2038; x_wconf 91' lang='lat' dir='ltr'><strong>id</strong></span> 
     </span>
    </p>
   </div>
   <div class='ocr_carea' id='block_1_46' title="bbox 152 2054 935 2089">
    <p class='ocr_par' dir='ltr' id='par_1_46' title="bbox 152 2054 935 2089">
     <span class='ocr_line' id='line_1_46' title="bbox 152 2054 935 2089; baseline 0.004 -9"><span class='ocrx_word' id='word_1_315' title='bbox 152 2054 223 2089; x_wconf 88' lang='lat' dir='ltr'><strong>quod</strong></span> <span class='ocrx_word' id='word_1_316' title='bbox 254 2055 380 2086; x_wconf 85' lang='lat' dir='ltr'><strong>dicimus.</strong></span> <span class='ocrx_word' id='word_1_317' title='bbox 413 2056 591 2082; x_wconf 88' lang='lat' dir='ltr'><strong>verumetiam</strong></span> <span class='ocrx_word' id='word_1_318' title='bbox 627 2056 810 2083; x_wconf 83' lang='lat' dir='ltr'><strong>exuberattter</strong></span> <span class='ocrx_word' id='word_1_319' title='bbox 845 2057 935 2084; x_wconf 75' lang='lat' dir='ltr'><strong>facere</strong></span> 
     </span>
    </p>
   </div>
   <div class='ocr_carea' id='block_1_47' title="bbox 152 2099 934 2136">
    <p class='ocr_par' dir='ltr' id='par_1_47' title="bbox 152 2099 934 2136">
     <span class='ocr_line' id='line_1_47' title="bbox 152 2099 934 2136; baseline 0.004 -10"><span class='ocrx_word' id='word_1_320' title='bbox 152 2099 260 2126; x_wconf 84' lang='lat' dir='ltr'><strong>Omnia:</strong></span> <span class='ocrx_word' id='word_1_321' title='bbox 274 2107 323 2126; x_wconf 89' lang='lat' dir='ltr'><strong>nec</strong></span> <span class='ocrx_word' id='word_1_322' title='bbox 332 2099 419 2127; x_wconf 88' lang='lat' dir='ltr'><strong>solum</strong></span> <span class='ocrx_word' id='word_1_323' title='bbox 432 2100 533 2132; x_wconf 87' lang='lat' dir='ltr'><strong>omnia,</strong></span> <span class='ocrx_word' id='word_1_324' title='bbox 550 2100 601 2136; x_wconf 81' lang='lat'><strong>31</strong></span> <span class='ocrx_word' id='word_1_325' title='bbox 617 2101 664 2128; x_wconf 89' lang='lat' dir='ltr'><strong>sed</strong></span> <span class='ocrx_word' id='word_1_326' title='bbox 691 2105 717 2128; x_wconf 91' lang='lat' dir='ltr'><strong>et</strong></span> <span class='ocrx_word' id='word_1_327' title='bbox 732 2109 814 2136; x_wconf 87' lang='lat' dir='ltr'><strong>super</strong></span> <span class='ocrx_word' id='word_1_328' title='bbox 826 2102 934 2129; x_wconf 85' lang='lat' dir='ltr'><strong>omnia:</strong></span> 
     </span>
    </p>
   </div>
   <div class='ocr_carea' id='block_1_48' title="bbox 154 2145 934 2180">
    <p class='ocr_par' dir='ltr' id='par_1_48' title="bbox 154 2145 934 2180">
     <span class='ocr_line' id='line_1_48' title="bbox 154 2145 934 2180; baseline 0.003 -8"><span class='ocrx_word' id='word_1_329' title='bbox 154 2145 220 2179; x_wconf 87' lang='lat' dir='ltr'><strong>lpsi,</strong></span> <span class='ocrx_word' id='word_1_330' title='bbox 252 2145 352 2180; x_wconf 83' lang='lat' dir='ltr'><strong>inquit,</strong></span> <span class='ocrx_word' id='word_1_331' title='bbox 384 2146 482 2180; x_wconf 80' lang='lat' dir='ltr'><strong>gloria,</strong></span> <span class='ocrx_word' id='word_1_332' title='bbox 502 2146 600 2173; x_wconf 82' lang='lat' dir='ltr'><strong>Amen.</strong></span> <span class='ocrx_word' id='word_1_333' title='bbox 627 2146 821 2174; x_wconf 82' lang='lat' dir='ltr'><strong>Animadverte</strong></span> <span class='ocrx_word' id='word_1_334' title='bbox 846 2152 934 2174; x_wconf 86' lang='lat' dir='ltr'><strong>autem</strong></span> 
     </span>
    </p>
   </div>
   <div class='ocr_carea' id='block_1_49' title="bbox 988 225 1780 262">
    <p class='ocr_par' dir='ltr' id='par_1_49' title="bbox 988 225 1780 262">
     <span class='ocr_line' id='line_1_49' title="bbox 988 225 1780 262; baseline 0.001 -10"><span class='ocrx_word' id='word_1_335' title='bbox 988 225 1224 260; x_wconf 77' lang='grc' dir='ltr'><strong>τετελευτηκότας,</strong></span> <span class='ocrx_word' id='word_1_336' title='bbox 1240 226 1279 257; x_wconf 86' lang='grc' dir='ltr'>εἰς</span> <span class='ocrx_word' id='word_1_337' title='bbox 1295 226 1357 256; x_wconf 77' lang='grc' dir='ltr'>τοὺς</span> <span class='ocrx_word' id='word_1_338' title='bbox 1378 225 1532 258; x_wconf 84' lang='grc' dir='ltr'>Ἰουδαίους,</span> <span class='ocrx_word' id='word_1_339' title='bbox 1551 227 1592 257; x_wconf 85' lang='grc' dir='ltr'><strong>είς</strong></span> <span class='ocrx_word' id='word_1_340' title='bbox 1605 226 1780 262; x_wconf 75' lang='grc' dir='ltr'>τοὺςἝλλη-</span> 
     </span>
    </p>
   </div>
   <div class='ocr_carea' id='block_1_50' title="bbox 989 271 1780 308">
    <p class='ocr_par' dir='ltr' id='par_1_50' title="bbox 989 271 1780 308">
     <span class='ocr_line' id='line_1_50' title="bbox 989 271 1780 308; baseline 0.003 -11"><span class='ocrx_word' id='word_1_341' title='bbox 989 279 1048 303; x_wconf 84' lang='grc' dir='ltr'>νας,</span> <span class='ocrx_word' id='word_1_342' title='bbox 1067 272 1107 302; x_wconf 79' lang='grc' dir='ltr'>εἰς</span> <span class='ocrx_word' id='word_1_343' title='bbox 1123 272 1185 302; x_wconf 77' lang='grc' dir='ltr'>τοὺς</span> <span class='ocrx_word' id='word_1_344' title='bbox 1201 271 1376 306; x_wconf 79' lang='grc' dir='ltr'>Βαρδάρους,</span> <span class='ocrx_word' id='word_1_345' title='bbox 1390 273 1430 303; x_wconf 87' lang='grc' dir='ltr'><strong>είς</strong></span> <span class='ocrx_word' id='word_1_346' title='bbox 1443 272 1532 298; x_wconf 82' lang='grc' dir='ltr'>πάντα</span> <span class='ocrx_word' id='word_1_347' title='bbox 1547 272 1582 298; x_wconf 81' lang='grc' dir='ltr'><strong>τὰ</strong></span> <span class='ocrx_word' id='word_1_348' title='bbox 1594 272 1672 308; x_wconf 72' lang='grc' dir='ltr'>ἔθνη,</span> <span class='ocrx_word' id='word_1_349' title='bbox 1690 274 1733 304; x_wconf 83' lang='grc' dir='ltr'>εἰς</span> <span class='ocrx_word' id='word_1_350' title='bbox 1748 274 1780 299; x_wconf 69' lang='lat' dir='ltr'><strong>si</strong></span> 
     </span>
    </p>
   </div>
   <div class='ocr_carea' id='block_1_51' title="bbox 989 317 1780 352">
    <p class='ocr_par' dir='ltr' id='par_1_51' title="bbox 989 317 1780 352">
     <span class='ocr_line' id='line_1_51' title="bbox 989 317 1780 352; baseline 0.003 -10"><span class='ocrx_word' id='word_1_351' title='bbox 989 317 1112 351; x_wconf 78' lang='grc' dir='ltr'>οὐράνια,</span> <span class='ocrx_word' id='word_1_352' title='bbox 1127 317 1167 347; x_wconf 86' lang='grc' dir='ltr'><strong>είς</strong></span> <span class='ocrx_word' id='word_1_353' title='bbox 1187 317 1221 343; x_wconf 83' lang='grc' dir='ltr'>τὰ</span> <span class='ocrx_word' id='word_1_354' title='bbox 1239 317 1359 350; x_wconf 75' lang='grc' dir='ltr'>ἐπίγεια.</span> <span class='ocrx_word' id='word_1_355' title='bbox 1378 317 1498 352; x_wconf 79' lang='grc' dir='ltr'><strong>Εἰρήνην</strong></span> <span class='ocrx_word' id='word_1_356' title='bbox 1514 317 1570 352; x_wconf 85' lang='grc' dir='ltr'>γὰρ</span> <span class='ocrx_word' id='word_1_357' title='bbox 1585 318 1740 352; x_wconf 73' lang='grc' dir='ltr'><strong>εἰργάσατο</strong></span> <span class='ocrx_word' id='word_1_358' title='bbox 1753 319 1780 344; x_wconf 80' lang='grc' dir='ltr'><strong>ἐν</strong></span> 
     </span>
    </p>
   </div>
   <div class='ocr_carea' id='block_1_52' title="bbox 989 362 1780 398">
    <p class='ocr_par' dir='ltr' id='par_1_52' title="bbox 989 362 1780 398">
     <span class='ocr_line' id='line_1_52' title="bbox 989 362 1780 398; baseline 0.001 -9"><span class='ocrx_word' id='word_1_359' title='bbox 989 363 1080 394; x_wconf 73' lang='grc' dir='ltr'>αὐτοῖς</span> <span class='ocrx_word' id='word_1_360' title='bbox 1098 363 1112 389; x_wconf 82' lang='grc' dir='ltr'><strong><em>ὁ</em></strong></span> <span class='ocrx_word' id='word_1_361' title='bbox 1125 363 1254 397; x_wconf 75' lang='grc' dir='ltr'>Χριστδς,</span> <span class='ocrx_word' id='word_1_362' title='bbox 1265 362 1397 398; x_wconf 84' lang='grc' dir='ltr'>πρότερον</span> <span class='ocrx_word' id='word_1_363' title='bbox 1413 362 1693 398; x_wconf 75' lang='grc' dir='ltr'>ὲκπεπολεμωμένοις</span> <span class='ocrx_word' id='word_1_364' title='bbox 1704 363 1780 390; x_wconf 76' lang='grc' dir='ltr'>οὖσιν</span> 
     </span>
    </p>
   </div>
   <div class='ocr_carea' id='block_1_53' title="bbox 989 408 1780 444">
    <p class='ocr_par' dir='ltr' id='par_1_53' title="bbox 989 408 1780 444">
     <span class='ocr_line' id='line_1_53' title="bbox 989 408 1780 444; baseline 0.001 -9"><span class='ocrx_word' id='word_1_365' title='bbox 989 410 1028 439; x_wconf 72' lang='grc' dir='ltr'><strong>εἰς</strong></span> <span class='ocrx_word' id='word_1_366' title='bbox 1041 409 1172 444; x_wconf 83' lang='grc' dir='ltr'><strong>ἀλλήλους</strong></span> <span class='ocrx_word' id='word_1_367' title='bbox 1186 410 1241 440; x_wconf 78' lang='grc' dir='ltr'>τοῖς</span> <span class='ocrx_word' id='word_1_368' title='bbox 1257 408 1384 442; x_wconf 79' lang='grc' dir='ltr'><strong>ἀγγέλοις</strong></span> <span class='ocrx_word' id='word_1_369' title='bbox 1398 409 1444 435; x_wconf 78' lang='grc' dir='ltr'>καὶ</span> <span class='ocrx_word' id='word_1_370' title='bbox 1464 409 1521 440; x_wconf 84' lang='grc' dir='ltr'>τοῖς</span> <span class='ocrx_word' id='word_1_371' title='bbox 1541 409 1710 444; x_wconf 79' lang='grc' dir='ltr'>ἀνθρώποις.</span> <span class='ocrx_word' id='word_1_372' title='bbox 1729 410 1780 436; x_wconf 83' lang='grc' dir='ltr'><strong>Εὖ-</strong></span> 
     </span>
    </p>
   </div>
   <div class='ocr_carea' id='block_1_54' title="bbox 989 451 1780 488">
    <p class='ocr_par' dir='ltr' id='par_1_54' title="bbox 989 451 1780 488">
     <span class='ocr_line' id='line_1_54' title="bbox 989 451 1780 488; baseline 0.004 -9"><span class='ocrx_word' id='word_1_373' title='bbox 989 461 1066 488; x_wconf 83' lang='grc' dir='ltr'>χεται</span> <span class='ocrx_word' id='word_1_374' title='bbox 1082 451 1129 480; x_wconf 83' lang='grc' dir='ltr'><strong>οὖν</strong></span> <span class='ocrx_word' id='word_1_375' title='bbox 1145 454 1235 485; x_wconf 73' lang='grc' dir='ltr'>αὐτοῖς</span> <span class='ocrx_word' id='word_1_376' title='bbox 1247 453 1335 480; x_wconf 85' lang='grc' dir='ltr'>ταῦτα</span> <span class='ocrx_word' id='word_1_377' title='bbox 1349 453 1563 487; x_wconf 74' lang='grc' dir='ltr'>καταλαϐέσθαι,</span> <span class='ocrx_word' id='word_1_378' title='bbox 1577 455 1626 482; x_wconf 73' lang='grc' dir='ltr'>καὶ</span> <span class='ocrx_word' id='word_1_379' title='bbox 1639 455 1672 481; x_wconf 76' lang='grc' dir='ltr'><strong>οὑ</strong></span> <span class='ocrx_word' id='word_1_380' title='bbox 1689 455 1780 482; x_wconf 78' lang='grc' dir='ltr'>ταῦτα</span> 
     </span>
    </p>
   </div>
   <div class='ocr_carea' id='block_1_55' title="bbox 991 499 1779 535">
    <p class='ocr_par' dir='ltr' id='par_1_55' title="bbox 991 499 1779 535">
     <span class='ocr_line' id='line_1_55' title="bbox 991 499 1779 535; baseline 0.001 -9"><span class='ocrx_word' id='word_1_381' title='bbox 991 500 1083 534; x_wconf 85' lang='grc' dir='ltr'>μόνον,</span> <span class='ocrx_word' id='word_1_382' title='bbox 1099 499 1168 527; x_wconf 80' lang='grc' dir='ltr'>ἀλλὰ</span> <span class='ocrx_word' id='word_1_383' title='bbox 1184 500 1231 526; x_wconf 84' lang='grc' dir='ltr'><strong>καὶ</strong></span> <span class='ocrx_word' id='word_1_384' title='bbox 1245 500 1275 526; x_wconf 86' lang='grc' dir='ltr'>τὸ</span> <span class='ocrx_word' id='word_1_385' title='bbox 1290 499 1371 535; x_wconf 82' lang='grc' dir='ltr'>βάθος</span> <span class='ocrx_word' id='word_1_386' title='bbox 1395 500 1480 535; x_wconf 76' lang='grc' dir='ltr'>αὐτῆς</span> <span class='ocrx_word' id='word_1_387' title='bbox 1509 501 1555 527; x_wconf 70' lang='grc' dir='ltr'>καὶ</span> <span class='ocrx_word' id='word_1_388' title='bbox 1580 500 1610 527; x_wconf 78' lang='grc' dir='ltr'>τὸ</span> <span class='ocrx_word' id='word_1_389' title='bbox 1635 501 1717 535; x_wconf 61' lang='grc' dir='ltr'>ὕψος,</span> <span class='ocrx_word' id='word_1_390' title='bbox 1737 502 1779 527; x_wconf 79' lang='grc' dir='ltr'>ὅτι</span> 
     </span>
    </p>
   </div>
   <div class='ocr_carea' id='block_1_56' title="bbox 991 545 1781 581">
    <p class='ocr_par' dir='ltr' id='par_1_56' title="bbox 991 545 1781 581">
     <span class='ocr_line' id='line_1_56' title="bbox 991 545 1781 581; baseline 0.001 -9"><span class='ocrx_word' id='word_1_391' title='bbox 991 545 1072 580; x_wconf 82' lang='grc' dir='ltr'>μέχρι</span> <span class='ocrx_word' id='word_1_392' title='bbox 1100 545 1153 572; x_wconf 83' lang='grc' dir='ltr'>τῶν</span> <span class='ocrx_word' id='word_1_393' title='bbox 1170 545 1215 572; x_wconf 84' lang='grc' dir='ltr'><strong>τοῦ</strong></span> <span class='ocrx_word' id='word_1_394' title='bbox 1233 545 1295 580; x_wconf 75' lang='grc' dir='ltr'>ᾅδου</span> <span class='ocrx_word' id='word_1_395' title='bbox 1311 546 1442 580; x_wconf 74' lang='grc' dir='ltr'><strong>ταμιείων</strong></span> <span class='ocrx_word' id='word_1_396' title='bbox 1457 545 1506 581; x_wconf 75' lang='grc' dir='ltr'>τὴν</span> <span class='ocrx_word' id='word_1_397' title='bbox 1521 546 1626 580; x_wconf 72' lang='grc' dir='ltr'>ἄφατον</span> <span class='ocrx_word' id='word_1_398' title='bbox 1634 546 1722 573; x_wconf 79' lang='grc' dir='ltr'>αὑτοῦ</span> <span class='ocrx_word' id='word_1_399' title='bbox 1736 546 1781 573; x_wconf 80' lang='grc' dir='ltr'>δύ-</span> 
     </span>
    </p>
   </div>
   <div class='ocr_carea' id='block_1_57' title="bbox 990 591 1782 628">
    <p class='ocr_par' dir='ltr' id='par_1_57' title="bbox 990 591 1782 628">
     <span class='ocr_line' id='line_1_57' title="bbox 990 591 1782 628; baseline 0.001 -10"><span class='ocrx_word' id='word_1_400' title='bbox 990 599 1074 626; x_wconf 83' lang='grc' dir='ltr'>ναμιν</span> <span class='ocrx_word' id='word_1_401' title='bbox 1089 591 1136 618; x_wconf 67' lang='grc' dir='ltr'>καὶ</span> <span class='ocrx_word' id='word_1_402' title='bbox 1160 591 1321 626; x_wconf 65' lang='grc' dir='ltr'>εὐεργεσίαν</span> <span class='ocrx_word' id='word_1_403' title='bbox 1334 592 1499 625; x_wconf 76' lang='grc' dir='ltr'><strong>ἐπεδείξατο,</strong></span> <span class='ocrx_word' id='word_1_404' title='bbox 1517 593 1621 619; x_wconf 78' lang='grc' dir='ltr'>ἐκεῖνον</span> <span class='ocrx_word' id='word_1_405' title='bbox 1641 593 1694 628; x_wconf 79' lang='grc' dir='ltr'><strong>μὲν</strong></span> <span class='ocrx_word' id='word_1_406' title='bbox 1715 601 1782 619; x_wconf 83' lang='grc' dir='ltr'>κατ-</span> 
     </span>
    </p>
   </div>
   <div class='ocr_carea' id='block_1_58' title="bbox 990 637 1782 673">
    <p class='ocr_par' dir='ltr' id='par_1_58' title="bbox 990 637 1782 673">
     <span class='ocr_line' id='line_1_58' title="bbox 990 637 1782 673; baseline 0.003 -10"><span class='ocrx_word' id='word_1_407' title='bbox 990 637 1114 671; x_wconf 72' lang='grc' dir='ltr'>αργήσα,</span> <span class='ocrx_word' id='word_1_408' title='bbox 1143 638 1190 663; x_wconf 76' lang='grc' dir='ltr'><strong>καὶ</strong></span> <span class='ocrx_word' id='word_1_409' title='bbox 1214 637 1429 672; x_wconf 82' lang='grc' dir='ltr'>αἰχμαλωτίσας,</span> <span class='ocrx_word' id='word_1_410' title='bbox 1453 638 1517 670; x_wconf 83' lang='grc' dir='ltr'>τοὺς</span> <span class='ocrx_word' id='word_1_411' title='bbox 1533 638 1561 664; x_wconf 77' lang='grc' dir='ltr'>δὲ</span> <span class='ocrx_word' id='word_1_412' title='bbox 1582 638 1782 673; x_wconf 77' lang='grc' dir='ltr'><strong>αἰχμαλώτους</strong></span> 
     </span>
    </p>
   </div>
   <div class='ocr_carea' id='block_1_59' title="bbox 990 681 1780 718">
    <p class='ocr_par' dir='ltr' id='par_1_59' title="bbox 990 681 1780 718">
     <span class='ocr_line' id='line_1_59' title="bbox 990 681 1780 718; baseline 0.003 -11"><span class='ocrx_word' id='word_1_413' title='bbox 990 681 1217 718; x_wconf 65' lang='grc' dir='ltr'>ἀναρρυσάμενος</span> <span class='ocrx_word' id='word_1_414' title='bbox 1234 682 1282 709; x_wconf 79' lang='grc' dir='ltr'>καὶ</span> <span class='ocrx_word' id='word_1_415' title='bbox 1296 682 1492 718; x_wconf 77' lang='grc' dir='ltr'>ἐλευθερώσας.</span> <span class='ocrx_word' id='word_1_416' title='bbox 1510 681 1575 709; x_wconf 80' lang='grc' dir='ltr'>Εἶτα</span> <span class='ocrx_word' id='word_1_417' title='bbox 1590 684 1638 710; x_wconf 82' lang='grc' dir='ltr'><strong>καὶ</strong></span> <span class='ocrx_word' id='word_1_418' title='bbox 1648 686 1680 709; x_wconf 70' lang='grc' dir='ltr'><strong>τὸ</strong></span> <span class='ocrx_word' id='word_1_419' title='bbox 1700 683 1780 718; x_wconf 56' lang='grc' dir='ltr'>ὕψος,</span> 
     </span>
    </p>
   </div>
   <div class='ocr_carea' id='block_1_60' title="bbox 989 727 1781 764">
    <p class='ocr_par' dir='ltr' id='par_1_60' title="bbox 989 727 1781 764">
     <span class='ocr_line' id='line_1_60' title="bbox 989 727 1781 764; baseline 0.004 -12"><span class='ocrx_word' id='word_1_420' title='bbox 989 727 1030 753; x_wconf 84' lang='grc' dir='ltr'><strong>ὃτι</strong></span> <span class='ocrx_word' id='word_1_421' title='bbox 1044 729 1057 753; x_wconf 83' lang='grc' dir='ltr'><em>ὁ</em></span> <span class='ocrx_word' id='word_1_422' title='bbox 1071 727 1192 758; x_wconf 75' lang='grc' dir='ltr'>καταὸὰς</span> <span class='ocrx_word' id='word_1_423' title='bbox 1204 728 1284 759; x_wconf 73' lang='grc' dir='ltr'>αὑτός</span> <span class='ocrx_word' id='word_1_424' title='bbox 1299 728 1356 754; x_wconf 74' lang='grc' dir='ltr'>ἐστι</span> <span class='ocrx_word' id='word_1_425' title='bbox 1372 728 1446 756; x_wconf 66' lang='grc' dir='ltr'>καὶρ</span> <span class='ocrx_word' id='word_1_426' title='bbox 1461 728 1576 760; x_wconf 72' lang='grc' dir='ltr'>ἀναὸὰς,</span> <span class='ocrx_word' id='word_1_427' title='bbox 1590 728 1631 755; x_wconf 74' lang='grc' dir='ltr'><strong>ὅτι</strong></span> <span class='ocrx_word' id='word_1_428' title='bbox 1646 729 1781 764; x_wconf 65' lang='grc' dir='ltr'>ὑπεράνω</span> 
     </span>
    </p>
   </div>
   <div class='ocr_carea' id='block_1_61' title="bbox 990 771 1782 808">
    <p class='ocr_par' dir='ltr' id='par_1_61' title="bbox 990 771 1782 808">
     <span class='ocr_line' id='line_1_61' title="bbox 990 771 1782 808; baseline 0.004 -11"><span class='ocrx_word' id='word_1_429' title='bbox 990 771 1044 798; x_wconf 80' lang='grc' dir='ltr'><strong>τῶν</strong></span> <span class='ocrx_word' id='word_1_430' title='bbox 1059 771 1182 807; x_wconf 68' lang='grc' dir='ltr'>οὐρανῶν</span> <span class='ocrx_word' id='word_1_431' title='bbox 1195 773 1318 808; x_wconf 80' lang='grc' dir='ltr'><strong>ἀνήγαγε</strong></span> <span class='ocrx_word' id='word_1_432' title='bbox 1333 773 1384 808; x_wconf 76' lang='grc' dir='ltr'><strong>τὴν</strong></span> <span class='ocrx_word' id='word_1_433' title='bbox 1400 773 1527 808; x_wconf 77' lang='grc' dir='ltr'>ἀπαρχὴν</span> <span class='ocrx_word' id='word_1_434' title='bbox 1543 774 1682 808; x_wconf 77' lang='grc' dir='ltr'>ήμῶν,ὃτι</span> <span class='ocrx_word' id='word_1_435' title='bbox 1700 774 1782 808; x_wconf 83' lang='grc' dir='ltr'>ὑπερ-</span> 
     </span>
    </p>
   </div>
   <div class='ocr_carea' id='block_1_62' title="bbox 990 816 1782 854">
    <p class='ocr_par' dir='ltr' id='par_1_62' title="bbox 990 816 1782 854">
     <span class='ocr_line' id='line_1_62' title="bbox 990 816 1782 854; baseline 0.004 -11"><span class='ocrx_word' id='word_1_436' title='bbox 990 816 1046 844; x_wconf 84' lang='grc' dir='ltr'>άνω</span> <span class='ocrx_word' id='word_1_437' title='bbox 1068 817 1158 853; x_wconf 81' lang='grc' dir='ltr'>πάσης</span> <span class='ocrx_word' id='word_1_438' title='bbox 1181 818 1268 853; x_wconf 82' lang='grc' dir='ltr'>ἀρχῆς</span> <span class='ocrx_word' id='word_1_439' title='bbox 1291 819 1338 845; x_wconf 71' lang='grc' dir='ltr'><strong>καὶ</strong></span> <span class='ocrx_word' id='word_1_440' title='bbox 1353 819 1475 851; x_wconf 79' lang='grc' dir='ltr'>ἐξουσίας</span> <span class='ocrx_word' id='word_1_441' title='bbox 1493 820 1540 846; x_wconf 72' lang='grc' dir='ltr'>καὶ</span> <span class='ocrx_word' id='word_1_442' title='bbox 1565 819 1712 854; x_wconf 78' lang='grc' dir='ltr'>δυνάμεως</span> <span class='ocrx_word' id='word_1_443' title='bbox 1732 821 1782 846; x_wconf 67' lang='grc' dir='ltr'><strong>καὶ</strong></span> 
     </span>
    </p>
   </div>
   <div class='ocr_carea' id='block_1_63' title="bbox 992 863 1781 901">
    <p class='ocr_par' dir='ltr' id='par_1_63' title="bbox 992 863 1781 901">
     <span class='ocr_line' id='line_1_63' title="bbox 992 863 1781 901; baseline 0.004 -12"><span class='ocrx_word' id='word_1_444' title='bbox 992 863 1161 898; x_wconf 81' lang='grc' dir='ltr'>κυριότητος.</span> <span class='ocrx_word' id='word_1_445' title='bbox 1196 864 1277 900; x_wconf 77' lang='grc' dir='ltr'>Ὁρᾷς</span> <span class='ocrx_word' id='word_1_446' title='bbox 1311 864 1378 899; x_wconf 70' lang='grc' dir='ltr'>ὕψος</span> <span class='ocrx_word' id='word_1_447' title='bbox 1411 865 1514 898; x_wconf 74' lang='grc' dir='ltr'>ἄφατον</span> <span class='ocrx_word' id='word_1_448' title='bbox 1541 867 1591 900; x_wconf 82' lang='grc' dir='ltr'>τῆς</span> <span class='ocrx_word' id='word_1_449' title='bbox 1619 866 1781 901; x_wconf 75' lang='grc' dir='ltr'>οἰκονομίας</span> 
     </span>
    </p>
   </div>
   <div class='ocr_carea' id='block_1_64' title="bbox 990 908 1780 946">
    <p class='ocr_par' dir='ltr' id='par_1_64' title="bbox 990 908 1780 946">
     <span class='ocr_line' id='line_1_64' title="bbox 990 908 1780 946; baseline 0.004 -12"><span class='ocrx_word' id='word_1_450' title='bbox 990 908 1110 943; x_wconf 80' lang='grc' dir='ltr'>Χριστοῦ</span> <span class='ocrx_word' id='word_1_451' title='bbox 1133 909 1181 935; x_wconf 77' lang='grc' dir='ltr'>καὶ</span> <span class='ocrx_word' id='word_1_452' title='bbox 1201 909 1250 944; x_wconf 88' lang='grc' dir='ltr'>τῆς</span> <span class='ocrx_word' id='word_1_453' title='bbox 1266 909 1394 944; x_wconf 85' lang='grc' dir='ltr'>γνώσεως</span> <span class='ocrx_word' id='word_1_454' title='bbox 1407 910 1502 937; x_wconf 84' lang='grc' dir='ltr'>αὑτοῦ.</span> <span class='ocrx_word' id='word_1_455' title='bbox 1521 910 1614 938; x_wconf 83' lang='grc' dir='ltr'>Ταῦτα</span> <span class='ocrx_word' id='word_1_456' title='bbox 1630 911 1780 946; x_wconf 77' lang='grc' dir='ltr'>ἐπεύχεται</span> 
     </span>
    </p>
   </div>
   <div class='ocr_carea' id='block_1_65' title="bbox 990 954 1779 991">
    <p class='ocr_par' dir='ltr' id='par_1_65' title="bbox 990 954 1779 991">
     <span class='ocr_line' id='line_1_65' title="bbox 990 954 1779 991; baseline 0.004 -10"><span class='ocrx_word' id='word_1_457' title='bbox 990 954 1082 986; x_wconf 82' lang='grc' dir='ltr'>αὐτοῖς</span> <span class='ocrx_word' id='word_1_458' title='bbox 1104 956 1117 981; x_wconf 84' lang='grc' dir='ltr'><strong>ό</strong></span> <span class='ocrx_word' id='word_1_459' title='bbox 1140 955 1247 987; x_wconf 78' lang='grc' dir='ltr'>Παῦλος</span> <span class='ocrx_word' id='word_1_460' title='bbox 1262 956 1439 991; x_wconf 81' lang='grc' dir='ltr'>κατανοῆσαι,</span> <span class='ocrx_word' id='word_1_461' title='bbox 1458 957 1545 984; x_wconf 84' lang='grc' dir='ltr'>ταῦτα</span> <span class='ocrx_word' id='word_1_462' title='bbox 1560 957 1779 984; x_wconf 80' lang='grc' dir='ltr'>καταλαϐέσθαι.</span> 
     </span>
    </p>
   </div>
   <div class='ocr_carea' id='block_1_66' title="bbox 990 1001 1781 1038">
    <p class='ocr_par' dir='ltr' id='par_1_66' title="bbox 990 1001 1781 1038">
     <span class='ocr_line' id='line_1_66' title="bbox 990 1001 1781 1038; baseline 0.004 -11"><span class='ocrx_word' id='word_1_463' title='bbox 990 1001 1038 1027; x_wconf 72' lang='lat' dir='ltr'><strong>“Av</strong></span> <span class='ocrx_word' id='word_1_464' title='bbox 1053 1001 1081 1027; x_wconf 84' lang='grc' dir='ltr'>δὲ</span> <span class='ocrx_word' id='word_1_465' title='bbox 1096 1001 1184 1029; x_wconf 79' lang='grc' dir='ltr'>ταῦτα</span> <span class='ocrx_word' id='word_1_466' title='bbox 1198 1002 1417 1034; x_wconf 77' lang='grc' dir='ltr'>καταλάὸωνται,</span> <span class='ocrx_word' id='word_1_467' title='bbox 1432 1002 1475 1036; x_wconf 75' lang='grc' dir='ltr'><strong>τίς</strong></span> <span class='ocrx_word' id='word_1_468' title='bbox 1486 1003 1553 1029; x_wconf 72' lang='grc' dir='ltr'>Τότε</span> <span class='ocrx_word' id='word_1_469' title='bbox 1565 1003 1721 1037; x_wconf 75' lang='grc' dir='ltr'>γνώσονται</span> <span class='ocrx_word' id='word_1_470' title='bbox 1732 1004 1781 1038; x_wconf 79' lang='grc' dir='ltr'>τὴν</span> 
     </span>
    </p>
   </div>
   <div class='ocr_carea' id='block_1_67' title="bbox 989 1046 1780 1083">
    <p class='ocr_par' dir='ltr' id='par_1_67' title="bbox 989 1046 1780 1083">
     <span class='ocr_line' id='line_1_67' title="bbox 989 1046 1780 1083; baseline 0.005 -11"><span class='ocrx_word' id='word_1_471' title='bbox 989 1046 1030 1078; x_wconf 76' lang='grc' dir='ltr'><strong>εἰς</strong></span> <span class='ocrx_word' id='word_1_472' title='bbox 1055 1047 1131 1082; x_wconf 79' lang='grc' dir='ltr'>ἡμᾶς</span> <span class='ocrx_word' id='word_1_473' title='bbox 1159 1047 1382 1083; x_wconf 72' lang='grc' dir='ltr'>ὑπερϐάλλουσαν</span> <span class='ocrx_word' id='word_1_474' title='bbox 1418 1049 1529 1083; x_wconf 78' lang='grc' dir='ltr'>ἀγάπην</span> <span class='ocrx_word' id='word_1_475' title='bbox 1550 1048 1645 1076; x_wconf 79' lang='grc' dir='ltr'>αὑτοῦ.</span> <span class='ocrx_word' id='word_1_476' title='bbox 1674 1049 1726 1075; x_wconf 76' lang='grc' dir='ltr'><strong>’Δν</strong></span> <span class='ocrx_word' id='word_1_477' title='bbox 1753 1049 1780 1076; x_wconf 70' lang='grc' dir='ltr'>δὲ</span> 
     </span>
    </p>
   </div>
   <div class='ocr_carea' id='block_1_68' title="bbox 989 1092 1779 1130">
    <p class='ocr_par' dir='ltr' id='par_1_68' title="bbox 989 1092 1779 1130">
     <span class='ocr_line' id='line_1_68' title="bbox 989 1092 1779 1130; baseline 0.004 -12"><span class='ocrx_word' id='word_1_478' title='bbox 989 1092 1109 1127; x_wconf 85' lang='grc' dir='ltr'>γνῶμεν,</span> <span class='ocrx_word' id='word_1_479' title='bbox 1124 1093 1170 1127; x_wconf 85' lang='grc' dir='ltr'>τί;</span> <span class='ocrx_word' id='word_1_480' title='bbox 1188 1093 1238 1125; x_wconf 77' lang='grc' dir='ltr'><strong>Τίς</strong></span> <span class='ocrx_word' id='word_1_481' title='bbox 1252 1094 1361 1129; x_wconf 80' lang='grc' dir='ltr'>ἀντερεῖ</span> <span class='ocrx_word' id='word_1_482' title='bbox 1375 1094 1405 1121; x_wconf 80' lang='grc' dir='ltr'><strong>τὸ</strong></span> <span class='ocrx_word' id='word_1_483' title='bbox 1417 1096 1453 1129; x_wconf 86' lang='grc' dir='ltr'><strong>μὴ</strong></span> <span class='ocrx_word' id='word_1_484' title='bbox 1471 1095 1532 1130; x_wconf 73' lang='grc' dir='ltr'>οὐχὶ</span> <span class='ocrx_word' id='word_1_485' title='bbox 1551 1095 1694 1129; x_wconf 83' lang='grc' dir='ltr'>χρεώστας</span> <span class='ocrx_word' id='word_1_486' title='bbox 1709 1093 1779 1121; x_wconf 80' lang='grc' dir='ltr'>εἶναι</span> 
     </span>
    </p>
   </div>
   <div class='ocr_carea' id='block_1_69' title="bbox 991 1139 1780 1176">
    <p class='ocr_par' dir='ltr' id='par_1_69' title="bbox 991 1139 1780 1176">
     <span class='ocr_line' id='line_1_69' title="bbox 991 1139 1780 1176; baseline 0.001 -10"><span class='ocrx_word' id='word_1_487' title='bbox 991 1139 1169 1174; x_wconf 79' lang='grc' dir='ltr'>πληρωθῆναι</span> <span class='ocrx_word' id='word_1_488' title='bbox 1194 1140 1223 1166; x_wconf 77' lang='grc' dir='ltr'>ἐν</span> <span class='ocrx_word' id='word_1_489' title='bbox 1241 1141 1322 1167; x_wconf 76' lang='grc' dir='ltr'>παντὶ</span> <span class='ocrx_word' id='word_1_490' title='bbox 1347 1140 1511 1176; x_wconf 61' lang='grc' dir='ltr'>πληρώματι</span> <span class='ocrx_word' id='word_1_491' title='bbox 1527 1140 1613 1173; x_wconf 83' lang='grc' dir='ltr'>Θεοῦ;</span> <span class='ocrx_word' id='word_1_492' title='bbox 1630 1139 1695 1168; x_wconf 75' lang='grc' dir='ltr'>Οῗον</span> <span class='ocrx_word' id='word_1_493' title='bbox 1721 1142 1780 1168; x_wconf 76' lang='grc' dir='ltr'>δλεν</span> 
     </span>
    </p>
   </div>
   <div class='ocr_carea' id='block_1_70' title="bbox 990 1184 1779 1222">
    <p class='ocr_par' dir='ltr' id='par_1_70' title="bbox 990 1184 1779 1222">
     <span class='ocr_line' id='line_1_70' title="bbox 990 1184 1779 1222; baseline 0.005 -12"><span class='ocrx_word' id='word_1_494' title='bbox 990 1184 1073 1211; x_wconf 83' lang='grc' dir='ltr'>αὐτὸν</span> <span class='ocrx_word' id='word_1_495' title='bbox 1087 1184 1130 1212; x_wconf 82' lang='grc' dir='ltr'>διὰ</span> <span class='ocrx_word' id='word_1_496' title='bbox 1145 1185 1199 1212; x_wconf 86' lang='grc' dir='ltr'>τῶν</span> <span class='ocrx_word' id='word_1_497' title='bbox 1214 1185 1303 1221; x_wconf 73' lang='grc' dir='ltr'>ἔργων</span> <span class='ocrx_word' id='word_1_498' title='bbox 1318 1186 1363 1213; x_wconf 75' lang='grc' dir='ltr'>τὸν</span> <span class='ocrx_word' id='word_1_499' title='bbox 1384 1186 1470 1218; x_wconf 85' lang='grc' dir='ltr'>οὑτως</span> <span class='ocrx_word' id='word_1_500' title='bbox 1491 1187 1677 1222; x_wconf 82' lang='grc' dir='ltr'>ἀγαπήσαντα</span> <span class='ocrx_word' id='word_1_501' title='bbox 1692 1187 1779 1214; x_wconf 74' lang='grc' dir='ltr'>εἰσδέ-</span> 
     </span>
    </p>
   </div>
   <div class='ocr_carea' id='block_1_71' title="bbox 991 1229 1779 1268">
    <p class='ocr_par' dir='ltr' id='par_1_71' title="bbox 991 1229 1779 1268">
     <span class='ocr_line' id='line_1_71' title="bbox 991 1229 1779 1268; baseline 0.004 -12"><span class='ocrx_word' id='word_1_502' title='bbox 991 1229 1105 1264; x_wconf 78' lang='grc' dir='ltr'>ξασθαι;</span> <span class='ocrx_word' id='word_1_503' title='bbox 1119 1230 1153 1258; x_wconf 88' lang='grc' dir='ltr'><strong>Τί</strong></span> <span class='ocrx_word' id='word_1_504' title='bbox 1172 1231 1200 1258; x_wconf 75' lang='grc' dir='ltr'>δὲ</span> <span class='ocrx_word' id='word_1_505' title='bbox 1222 1231 1252 1258; x_wconf 73' lang='grc' dir='ltr'>τὸ</span> <span class='ocrx_word' id='word_1_506' title='bbox 1273 1231 1373 1264; x_wconf 82' lang='grc' dir='ltr'>πλάτος</span> <span class='ocrx_word' id='word_1_507' title='bbox 1397 1232 1446 1267; x_wconf 78' lang='grc' dir='ltr'>τῆς</span> <span class='ocrx_word' id='word_1_508' title='bbox 1468 1234 1655 1268; x_wconf 77' lang='grc' dir='ltr'>γεγενημένης</span> <span class='ocrx_word' id='word_1_509' title='bbox 1675 1233 1779 1260; x_wconf 58' lang='grc' dir='ltr'>οἰκονψ</span> 
     </span>
    </p>
   </div>
   <div class='ocr_carea' id='block_1_72' title="bbox 992 1276 1779 1313">
    <p class='ocr_par' dir='ltr' id='par_1_72' title="bbox 992 1276 1779 1313">
     <span class='ocr_line' id='line_1_72' title="bbox 992 1276 1779 1313; baseline 0.005 -12"><span class='ocrx_word' id='word_1_510' title='bbox 992 1276 1066 1310; x_wconf 83' lang='grc' dir='ltr'>μίας,</span> <span class='ocrx_word' id='word_1_511' title='bbox 1078 1276 1108 1302; x_wconf 77' lang='grc' dir='ltr'>τὸ</span> <span class='ocrx_word' id='word_1_512' title='bbox 1123 1276 1241 1312; x_wconf 85' lang='grc' dir='ltr'>μέγεθος</span> <span class='ocrx_word' id='word_1_513' title='bbox 1250 1277 1452 1313; x_wconf 81' lang='grc' dir='ltr'>παρεδήλωσεν,</span> <span class='ocrx_word' id='word_1_514' title='bbox 1477 1278 1570 1313; x_wconf 74' lang='grc' dir='ltr'>ἐπειδὴ</span> <span class='ocrx_word' id='word_1_515' title='bbox 1592 1278 1683 1305; x_wconf 82' lang='grc' dir='ltr'>ταῦτα</span> <span class='ocrx_word' id='word_1_516' title='bbox 1699 1278 1779 1313; x_wconf 82' lang='grc' dir='ltr'>μεγέ-</span> 
     </span>
    </p>
   </div>
   <div class='ocr_carea' id='block_1_73' title="bbox 991 1320 1778 1359">
    <p class='ocr_par' dir='ltr' id='par_1_73' title="bbox 991 1320 1778 1359">
     <span class='ocr_line' id='line_1_73' title="bbox 991 1320 1778 1359; baseline 0.005 -12"><span class='ocrx_word' id='word_1_517' title='bbox 991 1321 1054 1353; x_wconf 84' lang='grc' dir='ltr'>θους</span> <span class='ocrx_word' id='word_1_518' title='bbox 1069 1322 1216 1356; x_wconf 83' lang='grc' dir='ltr'>δηλωτικά.</span> <span class='ocrx_word' id='word_1_519' title='bbox 1240 1332 1250 1349; x_wconf 76' lang='grc' dir='ltr'><strong>ι</strong></span> <span class='ocrx_word' id='word_1_520' title='bbox 1264 1324 1318 1350; x_wconf 79' lang='grc' dir='ltr'><strong>Καὶ</strong></span> <span class='ocrx_word' id='word_1_521' title='bbox 1333 1322 1410 1359; x_wconf 74' lang='grc' dir='ltr'>ὕψος.</span> <span class='ocrx_word' id='word_1_522' title='bbox 1429 1333 1438 1349; x_wconf 69' lang='grc' dir='ltr'><strong>ι</strong></span> <span class='ocrx_word' id='word_1_523' title='bbox 1462 1320 1525 1350; x_wconf 77' lang='grc' dir='ltr'>Οἷον</span> <span class='ocrx_word' id='word_1_524' title='bbox 1549 1323 1595 1350; x_wconf 83' lang='grc' dir='ltr'><strong>τοῦ</strong></span> <span class='ocrx_word' id='word_1_525' title='bbox 1614 1325 1778 1359; x_wconf 76' lang='grc' dir='ltr'>μυστηρίου.</span> 
     </span>
    </p>
   </div>
   <div class='ocr_carea' id='block_1_74' title="bbox 993 1367 1777 1404">
    <p class='ocr_par' dir='ltr' id='par_1_74' title="bbox 993 1367 1777 1404">
     <span class='ocr_line' id='line_1_74' title="bbox 993 1367 1777 1404; baseline 0.004 -11"><span class='ocrx_word' id='word_1_526' title='bbox 993 1376 1003 1393; x_wconf 71' lang='grc' dir='ltr'><strong>ι</strong></span> <span class='ocrx_word' id='word_1_527' title='bbox 1018 1367 1124 1394; x_wconf 88' lang='grc' dir='ltr'>Γνῶναί</span> <span class='ocrx_word' id='word_1_528' title='bbox 1141 1376 1182 1395; x_wconf 86' lang='grc' dir='ltr'>τε.</span> <span class='ocrx_word' id='word_1_529' title='bbox 1198 1378 1207 1393; x_wconf 80' lang='grc' dir='ltr'><strong>ι</strong></span> <span class='ocrx_word' id='word_1_530' title='bbox 1230 1369 1296 1395; x_wconf 78' lang='grc' dir='ltr'>Ἀπὸ</span> <span class='ocrx_word' id='word_1_531' title='bbox 1307 1368 1396 1395; x_wconf 85' lang='grc' dir='ltr'>κοινοῦ</span> <span class='ocrx_word' id='word_1_532' title='bbox 1412 1369 1453 1401; x_wconf 80' lang='grc' dir='ltr'><strong>τὸ,</strong></span> <span class='ocrx_word' id='word_1_533' title='bbox 1471 1369 1514 1395; x_wconf 84' lang='grc' dir='ltr'><strong>ἵνα</strong></span> <span class='ocrx_word' id='word_1_534' title='bbox 1526 1367 1701 1404; x_wconf 79' lang='grc' dir='ltr'>ἐξισχύσητε,</span> <span class='ocrx_word' id='word_1_535' title='bbox 1711 1368 1777 1402; x_wconf 75' lang='grc' dir='ltr'>οἷον,</span> 
     </span>
    </p>
   </div>
   <div class='ocr_carea' id='block_1_75' title="bbox 990 1413 1780 1450">
    <p class='ocr_par' dir='ltr' id='par_1_75' title="bbox 990 1413 1780 1450">
     <span class='ocr_line' id='line_1_75' title="bbox 990 1413 1780 1450; baseline 0.005 -12"><span class='ocrx_word' id='word_1_536' title='bbox 990 1413 1034 1439; x_wconf 77' lang='grc' dir='ltr'><strong>ἵνα</strong></span> <span class='ocrx_word' id='word_1_537' title='bbox 1051 1413 1211 1449; x_wconf 72' lang='grc' dir='ltr'>ἐξισχύσητε</span> <span class='ocrx_word' id='word_1_538' title='bbox 1224 1415 1424 1442; x_wconf 77' lang='grc' dir='ltr'>καταλαϐέσθαι</span> <span class='ocrx_word' id='word_1_539' title='bbox 1435 1416 1482 1441; x_wconf 71' lang='grc' dir='ltr'>καὶ</span> <span class='ocrx_word' id='word_1_540' title='bbox 1493 1415 1604 1449; x_wconf 78' lang='grc' dir='ltr'>γνῶναι.</span> <span class='ocrx_word' id='word_1_541' title='bbox 1619 1415 1682 1450; x_wconf 80' lang='grc' dir='ltr'><strong>Τὴν</strong></span> <span class='ocrx_word' id='word_1_542' title='bbox 1689 1417 1780 1450; x_wconf 76' lang='grc' dir='ltr'>ὑπερ-</span> 
     </span>
    </p>
   </div>
   <div class='ocr_carea' id='block_1_76' title="bbox 991 1458 1777 1497">
    <p class='ocr_par' dir='ltr' id='par_1_76' title="bbox 991 1458 1777 1497">
     <span class='ocr_line' id='line_1_76' title="bbox 991 1458 1777 1497; baseline 0.004 -12"><span class='ocrx_word' id='word_1_543' title='bbox 991 1458 1170 1486; x_wconf 73' lang='grc' dir='ltr'>ϐάλλουσαν</span> <span class='ocrx_word' id='word_1_544' title='bbox 1181 1459 1233 1494; x_wconf 82' lang='grc' dir='ltr'>τῆς</span> <span class='ocrx_word' id='word_1_545' title='bbox 1247 1460 1395 1495; x_wconf 75' lang='grc' dir='ltr'>γνώσεως.</span> <span class='ocrx_word' id='word_1_546' title='bbox 1409 1461 1464 1487; x_wconf 75' lang='grc' dir='ltr'>Καὶ</span> <span class='ocrx_word' id='word_1_547' title='bbox 1477 1461 1532 1495; x_wconf 77' lang='grc' dir='ltr'>ἵνα,</span> <span class='ocrx_word' id='word_1_548' title='bbox 1544 1461 1719 1497; x_wconf 73' lang='grc' dir='ltr'>φησὶ,γνῶτε</span> <span class='ocrx_word' id='word_1_549' title='bbox 1730 1462 1777 1497; x_wconf 80' lang='grc' dir='ltr'>τὴν</span> 
     </span>
    </p>
   </div>
   <div class='ocr_carea' id='block_1_77' title="bbox 993 1503 1778 1542">
    <p class='ocr_par' dir='ltr' id='par_1_77' title="bbox 993 1503 1778 1542">
     <span class='ocr_line' id='line_1_77' title="bbox 993 1503 1778 1542; baseline 0.008 -14"><span class='ocrx_word' id='word_1_550' title='bbox 993 1503 1216 1537; x_wconf 76' lang='grc' dir='ltr'>ὑπερόἀλλουσαν</span> <span class='ocrx_word' id='word_1_551' title='bbox 1243 1505 1332 1531; x_wconf 84' lang='grc' dir='ltr'>πᾶσαν</span> <span class='ocrx_word' id='word_1_552' title='bbox 1352 1505 1525 1541; x_wconf 77' lang='grc' dir='ltr'>ἀνθρωπίνην</span> <span class='ocrx_word' id='word_1_553' title='bbox 1544 1505 1647 1540; x_wconf 82' lang='grc' dir='ltr'>γνῶσιν</span> <span class='ocrx_word' id='word_1_554' title='bbox 1666 1507 1778 1542; x_wconf 76' lang='grc' dir='ltr'>ἀγάπην</span> 
     </span>
    </p>
   </div>
   <div class='ocr_carea' id='block_1_78' title="bbox 990 1547 1776 1586">
    <p class='ocr_par' dir='ltr' id='par_1_78' title="bbox 990 1547 1776 1586">
     <span class='ocr_line' id='line_1_78' title="bbox 990 1547 1776 1586; baseline 0.006 -12"><span class='ocrx_word' id='word_1_555' title='bbox 990 1547 1037 1574; x_wconf 77' lang='grc' dir='ltr'><strong>τοῦ</strong></span> <span class='ocrx_word' id='word_1_556' title='bbox 1050 1549 1181 1583; x_wconf 77' lang='grc' dir='ltr'>Χριστοῦ.</span> <span class='ocrx_word' id='word_1_557' title='bbox 1196 1549 1252 1576; x_wconf 84' lang='lat' dir='ltr'><strong>Kal.</strong></span> <span class='ocrx_word' id='word_1_558' title='bbox 1265 1547 1320 1576; x_wconf 74' lang='grc' dir='ltr'>οἷον</span> <span class='ocrx_word' id='word_1_559' title='bbox 1336 1550 1386 1585; x_wconf 90' lang='grc' dir='ltr'>τῆς</span> <span class='ocrx_word' id='word_1_560' title='bbox 1397 1549 1525 1584; x_wconf 87' lang='grc' dir='ltr'>γνώσεως</span> <span class='ocrx_word' id='word_1_561' title='bbox 1540 1551 1680 1586; x_wconf 77' lang='grc' dir='ltr'>ὑπεράνω.</span> <span class='ocrx_word' id='word_1_562' title='bbox 1698 1553 1776 1579; x_wconf 78' lang='grc' dir='ltr'>Ἐστι</span> 
     </span>
    </p>
   </div>
   <div class='ocr_carea' id='block_1_79' title="bbox 990 1594 1776 1632">
    <p class='ocr_par' dir='ltr' id='par_1_79' title="bbox 990 1594 1776 1632">
     <span class='ocr_line' id='line_1_79' title="bbox 990 1594 1776 1632; baseline 0.004 -12"><span class='ocrx_word' id='word_1_563' title='bbox 990 1594 1039 1629; x_wconf 81' lang='grc' dir='ltr'>μὲν</span> <span class='ocrx_word' id='word_1_564' title='bbox 1068 1595 1133 1630; x_wconf 75' lang='grc' dir='ltr'>γὰρ,</span> <span class='ocrx_word' id='word_1_565' title='bbox 1162 1596 1256 1630; x_wconf 62' lang='grc' dir='ltr'>φησὶν,</span> <span class='ocrx_word' id='word_1_566' title='bbox 1283 1596 1411 1629; x_wconf 85' lang='grc' dir='ltr'>ὑπεράνω</span> <span class='ocrx_word' id='word_1_567' title='bbox 1433 1595 1570 1630; x_wconf 82' lang='grc' dir='ltr'>γνώσεως,</span> <span class='ocrx_word' id='word_1_568' title='bbox 1595 1597 1667 1632; x_wconf 83' lang='grc' dir='ltr'>πλὴν</span> <span class='ocrx_word' id='word_1_569' title='bbox 1697 1598 1776 1632; x_wconf 78' lang='grc' dir='ltr'>ὑμεῖς</span> 
     </span>
    </p>
   </div>
   <div class='ocr_carea' id='block_1_80' title="bbox 988 1639 1775 1678">
    <p class='ocr_par' dir='ltr' id='par_1_80' title="bbox 988 1639 1775 1678">
     <span class='ocr_line' id='line_1_80' title="bbox 988 1639 1775 1678; baseline 0.005 -12"><span class='ocrx_word' id='word_1_570' title='bbox 988 1639 1137 1674; x_wconf 82' lang='grc' dir='ltr'>γνώσεσθε,</span> <span class='ocrx_word' id='word_1_571' title='bbox 1155 1642 1178 1668; x_wconf 79' lang='grc' dir='ltr'>εἰ</span> <span class='ocrx_word' id='word_1_572' title='bbox 1204 1641 1251 1667; x_wconf 85' lang='grc' dir='ltr'><strong>τὸν</strong></span> <span class='ocrx_word' id='word_1_573' title='bbox 1274 1642 1391 1676; x_wconf 83' lang='grc' dir='ltr'>Χριστὸν</span> <span class='ocrx_word' id='word_1_574' title='bbox 1419 1642 1528 1678; x_wconf 82' lang='grc' dir='ltr'>σχοίητε</span> <span class='ocrx_word' id='word_1_575' title='bbox 1544 1643 1714 1676; x_wconf 75' lang='grc' dir='ltr'>ἐνοικοῦντα,</span> <span class='ocrx_word' id='word_1_576' title='bbox 1734 1645 1775 1671; x_wconf 82' lang='grc' dir='ltr'>ἵνα</span> 
     </span>
    </p>
   </div>
   <div class='ocr_carea' id='block_1_81' title="bbox 989 1687 1772 1724">
    <p class='ocr_par' dir='ltr' id='par_1_81' title="bbox 989 1687 1772 1724">
     <span class='ocr_line' id='line_1_81' title="bbox 989 1687 1772 1724; baseline 0.005 -11"><span class='ocrx_word' id='word_1_577' title='bbox 989 1688 1020 1713; x_wconf 79' lang='grc' dir='ltr'>ὲκ</span> <span class='ocrx_word' id='word_1_578' title='bbox 1032 1687 1128 1714; x_wconf 81' lang='grc' dir='ltr'>τούτου</span> <span class='ocrx_word' id='word_1_579' title='bbox 1143 1687 1306 1723; x_wconf 73' lang='grc' dir='ltr'>πληρωθῆτε</span> <span class='ocrx_word' id='word_1_580' title='bbox 1321 1690 1361 1720; x_wconf 82' lang='grc' dir='ltr'><strong>είς</strong></span> <span class='ocrx_word' id='word_1_581' title='bbox 1373 1689 1427 1715; x_wconf 80' lang='grc' dir='ltr'>πᾶν</span> <span class='ocrx_word' id='word_1_582' title='bbox 1441 1689 1471 1715; x_wconf 87' lang='grc' dir='ltr'>τὸ</span> <span class='ocrx_word' id='word_1_583' title='bbox 1486 1689 1623 1724; x_wconf 80' lang='grc' dir='ltr'>πλήρωμα</span> <span class='ocrx_word' id='word_1_584' title='bbox 1637 1690 1684 1716; x_wconf 81' lang='grc' dir='ltr'><strong>τοῦ</strong></span> <span class='ocrx_word' id='word_1_585' title='bbox 1696 1690 1772 1718; x_wconf 83' lang='grc' dir='ltr'><strong>Θεοῦ.</strong></span> 
     </span>
    </p>
   </div>
   <div class='ocr_carea' id='block_1_82' title="bbox 988 1733 1774 1770">
    <p class='ocr_par' dir='ltr' id='par_1_82' title="bbox 988 1733 1774 1770">
     <span class='ocr_line' id='line_1_82' title="bbox 988 1733 1774 1770; baseline 0.004 -10"><span class='ocrx_word' id='word_1_586' title='bbox 988 1733 1130 1770; x_wconf 82' lang='grc' dir='ltr'>Πλήρωμα</span> <span class='ocrx_word' id='word_1_587' title='bbox 1147 1734 1175 1761; x_wconf 74' lang='grc' dir='ltr'>δὲ</span> <span class='ocrx_word' id='word_1_588' title='bbox 1193 1734 1239 1761; x_wconf 86' lang='grc' dir='ltr'><strong>τοῦ</strong></span> <span class='ocrx_word' id='word_1_589' title='bbox 1255 1734 1322 1761; x_wconf 83' lang='grc' dir='ltr'>Θεοῦ</span> <span class='ocrx_word' id='word_1_590' title='bbox 1340 1735 1424 1767; x_wconf 79' lang='grc' dir='ltr'>ἐστιν,</span> <span class='ocrx_word' id='word_1_591' title='bbox 1439 1735 1454 1769; x_wconf 80' lang='grc' dir='ltr'>ἢ</span> <span class='ocrx_word' id='word_1_592' title='bbox 1470 1735 1500 1761; x_wconf 82' lang='grc' dir='ltr'>τὺ</span> <span class='ocrx_word' id='word_1_593' title='bbox 1514 1735 1615 1769; x_wconf 81' lang='grc' dir='ltr'>γνῶναι</span> <span class='ocrx_word' id='word_1_594' title='bbox 1630 1737 1668 1768; x_wconf 88' lang='grc' dir='ltr'><strong>ώς</strong></span> <span class='ocrx_word' id='word_1_595' title='bbox 1683 1737 1712 1762; x_wconf 75' lang='grc' dir='ltr'>ἐν</span> <span class='ocrx_word' id='word_1_596' title='bbox 1722 1738 1774 1763; x_wconf 87' lang='grc' dir='ltr'><strong>Πα-</strong></span> 
     </span>
    </p>
   </div>
   <div class='ocr_carea' id='block_1_83' title="bbox 989 1780 1774 1816">
    <p class='ocr_par' dir='ltr' id='par_1_83' title="bbox 989 1780 1774 1816">
     <span class='ocr_line' id='line_1_83' title="bbox 989 1780 1774 1816; baseline 0 -9"><span class='ocrx_word' id='word_1_597' title='bbox 989 1780 1032 1815; x_wconf 81' lang='grc' dir='ltr'><strong>τρὶ</strong></span> <span class='ocrx_word' id='word_1_598' title='bbox 1048 1781 1094 1807; x_wconf 71' lang='grc' dir='ltr'><strong>καὶ</strong></span> <span class='ocrx_word' id='word_1_599' title='bbox 1112 1780 1170 1814; x_wconf 77' lang='grc' dir='ltr'>Υίῷ</span> <span class='ocrx_word' id='word_1_600' title='bbox 1184 1780 1230 1806; x_wconf 68' lang='grc' dir='ltr'>καὶ</span> <span class='ocrx_word' id='word_1_601' title='bbox 1245 1780 1385 1814; x_wconf 85' lang='grc' dir='ltr'>Πνεύματι</span> <span class='ocrx_word' id='word_1_602' title='bbox 1412 1780 1483 1815; x_wconf 68' lang='grc' dir='ltr'>ἁγίῳ</span> <span class='ocrx_word' id='word_1_603' title='bbox 1500 1781 1694 1816; x_wconf 84' lang='grc' dir='ltr'>προσκυνεῖται</span> <span class='ocrx_word' id='word_1_604' title='bbox 1710 1783 1774 1816; x_wconf 74' lang='grc' dir='ltr'>ἡμῖν</span> 
     </span>
    </p>
   </div>
   <div class='ocr_carea' id='block_1_84' title="bbox 988 1823 1774 1862">
    <p class='ocr_par' dir='ltr' id='par_1_84' title="bbox 988 1823 1774 1862">
     <span class='ocr_line' id='line_1_84' title="bbox 988 1823 1774 1862; baseline 0.001 -10"><span class='ocrx_word' id='word_1_605' title='bbox 988 1827 1002 1852; x_wconf 85' lang='grc' dir='ltr'>ὁ</span> <span class='ocrx_word' id='word_1_606' title='bbox 1016 1826 1092 1856; x_wconf 68' lang='grc' dir='ltr'>Θεῆς,</span> <span class='ocrx_word' id='word_1_607' title='bbox 1109 1825 1125 1860; x_wconf 86' lang='grc' dir='ltr'>ἢ</span> <span class='ocrx_word' id='word_1_608' title='bbox 1139 1825 1183 1852; x_wconf 83' lang='grc' dir='ltr'>ἵνα</span> <span class='ocrx_word' id='word_1_609' title='bbox 1198 1823 1258 1860; x_wconf 83' lang='grc' dir='ltr'>ἦτε,</span> <span class='ocrx_word' id='word_1_610' title='bbox 1274 1825 1351 1860; x_wconf 64' lang='grc' dir='ltr'>φησι,</span> <span class='ocrx_word' id='word_1_611' title='bbox 1369 1825 1579 1861; x_wconf 80' lang='grc' dir='ltr'>πεπληρωμένοι</span> <span class='ocrx_word' id='word_1_612' title='bbox 1603 1826 1695 1860; x_wconf 79' lang='grc' dir='ltr'>πάσης</span> <span class='ocrx_word' id='word_1_613' title='bbox 1712 1828 1774 1862; x_wconf 74' lang='grc' dir='ltr'>ἀρε-</span> 
     </span>
    </p>
   </div>
   <div class='ocr_carea' id='block_1_85' title="bbox 987 1869 1772 1907">
    <p class='ocr_par' dir='ltr' id='par_1_85' title="bbox 987 1869 1772 1907">
     <span class='ocr_line' id='line_1_85' title="bbox 987 1869 1772 1907; baseline 0.003 -10"><span class='ocrx_word' id='word_1_614' title='bbox 987 1871 1047 1906; x_wconf 78' lang='grc' dir='ltr'>τῆς,</span> <span class='ocrx_word' id='word_1_615' title='bbox 1060 1869 1092 1907; x_wconf 79' lang='grc' dir='ltr'>ἧς</span> <span class='ocrx_word' id='word_1_616' title='bbox 1102 1872 1208 1906; x_wconf 78' lang='grc' dir='ltr'>πλήρης</span> <span class='ocrx_word' id='word_1_617' title='bbox 1225 1871 1319 1902; x_wconf 78' lang='grc' dir='ltr'>ὸΘεός.</span> <span class='ocrx_word' id='word_1_618' title='bbox 1330 1880 1339 1896; x_wconf 76' lang='grc' dir='ltr'><strong>ι</strong></span> <span class='ocrx_word' id='word_1_619' title='bbox 1355 1871 1399 1906; x_wconf 86' lang='grc' dir='ltr'>Τῷ</span> <span class='ocrx_word' id='word_1_620' title='bbox 1407 1872 1435 1898; x_wconf 79' lang='grc' dir='ltr'>δὲ</span> <span class='ocrx_word' id='word_1_621' title='bbox 1447 1872 1599 1907; x_wconf 81' lang='grc' dir='ltr'>δυναμένῳ.</span> <span class='ocrx_word' id='word_1_622' title='bbox 1613 1881 1623 1898; x_wconf 73' lang='grc' dir='ltr'><strong>ι</strong></span> <span class='ocrx_word' id='word_1_623' title='bbox 1639 1872 1685 1907; x_wconf 85' lang='grc' dir='ltr'><strong>Τῷ</strong></span> <span class='ocrx_word' id='word_1_624' title='bbox 1693 1873 1721 1899; x_wconf 83' lang='grc' dir='ltr'>δὲ</span> <span class='ocrx_word' id='word_1_625' title='bbox 1730 1873 1772 1899; x_wconf 80' lang='grc' dir='ltr'>δυ-</span> 
     </span>
    </p>
   </div>
   <div class='ocr_carea' id='block_1_86' title="bbox 988 1917 1771 1954">
    <p class='ocr_par' dir='ltr' id='par_1_86' title="bbox 988 1917 1771 1954">
     <span class='ocr_line' id='line_1_86' title="bbox 988 1917 1771 1954; baseline 0.003 -10"><span class='ocrx_word' id='word_1_626' title='bbox 988 1918 1096 1952; x_wconf 82' lang='grc' dir='ltr'>ναμένῳ</span> <span class='ocrx_word' id='word_1_627' title='bbox 1113 1917 1173 1952; x_wconf 83' lang='grc' dir='ltr'><strong>Θεῷ</strong></span> <span class='ocrx_word' id='word_1_628' title='bbox 1188 1918 1219 1944; x_wconf 77' lang='grc' dir='ltr'><strong>οὐ</strong></span> <span class='ocrx_word' id='word_1_629' title='bbox 1235 1917 1315 1952; x_wconf 75' lang='grc' dir='ltr'>μόνον</span> <span class='ocrx_word' id='word_1_630' title='bbox 1328 1917 1399 1944; x_wconf 77' lang='grc' dir='ltr'>καθὰ</span> <span class='ocrx_word' id='word_1_631' title='bbox 1411 1918 1539 1952; x_wconf 83' lang='grc' dir='ltr'>λέγομεν,</span> <span class='ocrx_word' id='word_1_632' title='bbox 1551 1918 1619 1944; x_wconf 81' lang='grc' dir='ltr'>ἀλλὰ</span> <span class='ocrx_word' id='word_1_633' title='bbox 1629 1921 1677 1946; x_wconf 68' lang='grc' dir='ltr'><strong>καὶ</strong></span> <span class='ocrx_word' id='word_1_634' title='bbox 1690 1920 1771 1954; x_wconf 82' lang='grc' dir='ltr'>ὑπερ-</span> 
     </span>
    </p>
   </div>
   <div class='ocr_carea' id='block_1_87' title="bbox 987 1963 1769 1999">
    <p class='ocr_par' dir='ltr' id='par_1_87' title="bbox 987 1963 1769 1999">
     <span class='ocr_line' id='line_1_87' title="bbox 987 1963 1769 1999; baseline 0.004 -11"><span class='ocrx_word' id='word_1_635' title='bbox 987 1963 1151 1998; x_wconf 85' lang='grc' dir='ltr'>εκπερισσοῦ</span> <span class='ocrx_word' id='word_1_636' title='bbox 1177 1965 1289 1998; x_wconf 80' lang='grc' dir='ltr'>ποιῆσαι</span> <span class='ocrx_word' id='word_1_637' title='bbox 1319 1963 1418 1997; x_wconf 78' lang='grc' dir='ltr'>πάντα,</span> <span class='ocrx_word' id='word_1_638' title='bbox 1444 1965 1490 1990; x_wconf 73' lang='grc' dir='ltr'><strong>καὶ</strong></span> <span class='ocrx_word' id='word_1_639' title='bbox 1505 1965 1535 1991; x_wconf 79' lang='grc' dir='ltr'>οὺ</span> <span class='ocrx_word' id='word_1_640' title='bbox 1562 1964 1642 1999; x_wconf 89' lang='grc' dir='ltr'>μόνον</span> <span class='ocrx_word' id='word_1_641' title='bbox 1673 1966 1769 1997; x_wconf 74' lang='grc' dir='ltr'>πάντα,</span> 
     </span>
    </p>
   </div>
   <div class='ocr_carea' id='block_1_88' title="bbox 987 2009 1768 2047">
    <p class='ocr_par' dir='ltr' id='par_1_88' title="bbox 987 2009 1768 2047">
     <span class='ocr_line' id='line_1_88' title="bbox 987 2009 1768 2047; baseline 0.005 -12"><span class='ocrx_word' id='word_1_642' title='bbox 987 2009 1054 2036; x_wconf 87' lang='grc' dir='ltr'>ἀλλὰ</span> <span class='ocrx_word' id='word_1_643' title='bbox 1069 2010 1115 2035; x_wconf 78' lang='grc' dir='ltr'><strong>καὶ</strong></span> <span class='ocrx_word' id='word_1_644' title='bbox 1131 2009 1200 2044; x_wconf 80' lang='grc' dir='ltr'>ὑπὲρ</span> <span class='ocrx_word' id='word_1_645' title='bbox 1214 2009 1334 2042; x_wconf 75' lang='grc' dir='ltr'>ἅπαντα,</span> <span class='ocrx_word' id='word_1_646' title='bbox 1348 2010 1433 2044; x_wconf 80' lang='grc' dir='ltr'>αὐτῷ,</span> <span class='ocrx_word' id='word_1_647' title='bbox 1450 2011 1543 2045; x_wconf 69' lang='grc' dir='ltr'>φησιν,</span> <span class='ocrx_word' id='word_1_648' title='bbox 1562 2011 1578 2045; x_wconf 79' lang='grc' dir='ltr'><strong>ἡ</strong></span> <span class='ocrx_word' id='word_1_649' title='bbox 1590 2011 1664 2043; x_wconf 76' lang='grc' dir='ltr'>δόξα,</span> <span class='ocrx_word' id='word_1_650' title='bbox 1675 2012 1768 2047; x_wconf 75' lang='grc' dir='ltr'>Ἀμήν,</span> 
     </span>
    </p>
   </div>
   <div class='ocr_carea' id='block_1_89' title="bbox 988 2053 1769 2090">
    <p class='ocr_par' dir='ltr' id='par_1_89' title="bbox 988 2053 1769 2090">
     <span class='ocr_line' id='line_1_89' title="bbox 988 2053 1769 2090; baseline 0.005 -11"><span class='ocrx_word' id='word_1_651' title='bbox 988 2053 1059 2087; x_wconf 84' lang='grc' dir='ltr'>Ὅρα</span> <span class='ocrx_word' id='word_1_652' title='bbox 1071 2053 1099 2079; x_wconf 78' lang='grc' dir='ltr'>δὲ</span> <span class='ocrx_word' id='word_1_653' title='bbox 1117 2053 1164 2079; x_wconf 84' lang='grc' dir='ltr'>δύο</span> <span class='ocrx_word' id='word_1_654' title='bbox 1180 2054 1344 2087; x_wconf 70' lang='grc' dir='ltr'>ὑπερϐολάς.</span> <span class='ocrx_word' id='word_1_655' title='bbox 1361 2054 1398 2080; x_wconf 71' lang='lat' dir='ltr'><strong>To</strong></span> <span class='ocrx_word' id='word_1_656' title='bbox 1414 2054 1483 2089; x_wconf 78' lang='grc' dir='ltr'>ὑπὲρ</span> <span class='ocrx_word' id='word_1_657' title='bbox 1497 2056 1586 2081; x_wconf 67' lang='grc' dir='ltr'>πάντα</span> <span class='ocrx_word' id='word_1_658' title='bbox 1603 2056 1720 2090; x_wconf 79' lang='grc' dir='ltr'>ποιῆσαι</span> <span class='ocrx_word' id='word_1_659' title='bbox 1739 2057 1769 2083; x_wconf 72' lang='grc' dir='ltr'>τὰ</span> 
     </span>
    </p>
   </div>
   <div class='ocr_carea' id='block_1_90' title="bbox 987 2100 1769 2136">
    <p class='ocr_par' dir='ltr' id='par_1_90' title="bbox 987 2100 1769 2136">
     <span class='ocr_line' id='line_1_90' title="bbox 987 2100 1769 2136; baseline 0.005 -11"><span class='ocrx_word' id='word_1_660' title='bbox 987 2100 1130 2135; x_wconf 66' lang='grc' dir='ltr'>εἰρημένα,</span> <span class='ocrx_word' id='word_1_661' title='bbox 1148 2100 1193 2126; x_wconf 67' lang='grc' dir='ltr'><strong>καὶ</strong></span> <span class='ocrx_word' id='word_1_662' title='bbox 1210 2100 1449 2136; x_wconf 81' lang='grc' dir='ltr'>ὑπερεκπερισσοῦ</span> <span class='ocrx_word' id='word_1_663' title='bbox 1464 2102 1576 2135; x_wconf 78' lang='grc' dir='ltr'>ποιῆσαι</span> <span class='ocrx_word' id='word_1_664' title='bbox 1591 2101 1609 2128; x_wconf 82' lang='grc' dir='ltr'>ἃ</span> <span class='ocrx_word' id='word_1_665' title='bbox 1625 2104 1769 2129; x_wconf 83' lang='grc' dir='ltr'>ποιεί.Ἐνι</span> 
     </span>
    </p>
   </div>
   <div class='ocr_carea' id='block_1_91' title="bbox 986 2145 1770 2182">
    <p class='ocr_par' dir='ltr' id='par_1_91' title="bbox 986 2145 1770 2182">
     <span class='ocr_line' id='line_1_91' title="bbox 986 2145 1770 2182; baseline 0.005 -11"><span class='ocrx_word' id='word_1_666' title='bbox 986 2146 1040 2179; x_wconf 77' lang='grc' dir='ltr'><strong>γὰρ</strong></span> <span class='ocrx_word' id='word_1_667' title='bbox 1057 2146 1103 2171; x_wconf 85' lang='grc' dir='ltr'><strong>καί</strong></span> <span class='ocrx_word' id='word_1_668' title='bbox 1125 2145 1234 2172; x_wconf 77' lang='grc' dir='ltr'>πλείονα</span> <span class='ocrx_word' id='word_1_669' title='bbox 1256 2145 1386 2173; x_wconf 80' lang='grc' dir='ltr'>ποιοῦντα</span> <span class='ocrx_word' id='word_1_670' title='bbox 1408 2146 1461 2172; x_wconf 83' lang='grc' dir='ltr'><strong>τῶν</strong></span> <span class='ocrx_word' id='word_1_671' title='bbox 1491 2147 1657 2181; x_wconf 69' lang='grc' dir='ltr'>αἰτηθέντων</span> <span class='ocrx_word' id='word_1_672' title='bbox 1689 2148 1770 2182; x_wconf 64' lang='grc' dir='ltr'>κεφά-</span> 
     </span>
    </p>
   </div>
   <div class='ocr_carea' id='block_1_92' title="bbox 151 2190 887 2228">
    <p class='ocr_par' dir='ltr' id='par_1_92' title="bbox 151 2191 887 2227">
     <span class='ocr_line' id='line_1_92' title="bbox 151 2191 887 2227; baseline 0.001 -9"><span class='ocrx_word' id='word_1_673' title='bbox 151 2191 220 2218; x_wconf 87' lang='lat' dir='ltr'><strong>duas</strong></span> <span class='ocrx_word' id='word_1_674' title='bbox 246 2192 428 2226; x_wconf 75' lang='lat' dir='ltr'><strong>hyperboles:</strong></span> <span class='ocrx_word' id='word_1_675' title='bbox 458 2196 522 2226; x_wconf 84' lang='lat' dir='ltr'><strong>puta</strong></span> <span class='ocrx_word' id='word_1_676' title='bbox 539 2200 621 2227; x_wconf 79' lang='lat' dir='ltr'><strong>super</strong></span> <span class='ocrx_word' id='word_1_677' title='bbox 633 2193 723 2219; x_wconf 86' lang='lat' dir='ltr'><strong>omnia</strong></span> <span class='ocrx_word' id='word_1_678' title='bbox 755 2193 844 2220; x_wconf 82' lang='lat' dir='ltr'><strong>facere</strong></span> <span class='ocrx_word' id='word_1_679' title='bbox 875 2201 887 2227; x_wconf 86' lang='lat' dir='ltr'><strong>q</strong></span> 
     </span>
    </p>
   </div>
   <div class='ocr_carea' id='block_1_93' title="bbox 1031 2190 1767 2228">
    <p class='ocr_par' dir='ltr' id='par_1_93' title="bbox 1036 2190 1767 2228">
     <span class='ocr_line' id='line_1_93' title="bbox 1036 2190 1767 2228; baseline 0.005 -12"><span class='ocrx_word' id='word_1_680' title='bbox 1036 2200 1061 2223; x_wconf 80' lang='grc' dir='ltr'><strong>α,</strong></span> <span class='ocrx_word' id='word_1_681' title='bbox 1079 2190 1116 2226; x_wconf 86' lang='grc' dir='ltr'>μὴ</span> <span class='ocrx_word' id='word_1_682' title='bbox 1133 2191 1267 2222; x_wconf 81' lang='grc' dir='ltr'>πλουσίως</span> <span class='ocrx_word' id='word_1_683' title='bbox 1283 2192 1351 2226; x_wconf 83' lang='grc' dir='ltr'>μήτε</span> <span class='ocrx_word' id='word_1_684' title='bbox 1362 2191 1480 2225; x_wconf 71' lang='grc' dir='ltr'>δαψιλῶς</span> <span class='ocrx_word' id='word_1_685' title='bbox 1505 2192 1621 2218; x_wconf 74' lang='grc' dir='ltr'>ἕκαστον</span> <span class='ocrx_word' id='word_1_686' title='bbox 1647 2194 1767 2228; x_wconf 79' lang='grc' dir='ltr'>ποιῆσαι.</span> 
     </span>
    </p>
   </div>
   <div class='ocr_carea' id='block_1_94' title="bbox 151 2238 934 2274">
    <p class='ocr_par' dir='ltr' id='par_1_94' title="bbox 151 2238 934 2274">
     <span class='ocr_line' id='line_1_94' title="bbox 151 2238 934 2274; baseline 0.001 -9"><span class='ocrx_word' id='word_1_687' title='bbox 151 2238 223 2265; x_wconf 89' lang='lat' dir='ltr'><strong>dicta</strong></span> <span class='ocrx_word' id='word_1_688' title='bbox 238 2243 312 2270; x_wconf 86' lang='lat' dir='ltr'><strong>sunt,</strong></span> <span class='ocrx_word' id='word_1_689' title='bbox 331 2242 359 2265; x_wconf 86' lang='lat' dir='ltr'><strong>et</strong></span> <span class='ocrx_word' id='word_1_690' title='bbox 374 2239 511 2266; x_wconf 87' lang='lat' dir='ltr'><strong>cumulate</strong></span> <span class='ocrx_word' id='word_1_691' title='bbox 526 2247 557 2266; x_wconf 65' lang='lat' dir='ltr'><strong>at:</strong></span> <span class='ocrx_word' id='word_1_692' title='bbox 575 2239 757 2266; x_wconf 85' lang='lat' dir='ltr'><strong>exuberanter</strong></span> <span class='ocrx_word' id='word_1_693' title='bbox 773 2239 863 2266; x_wconf 80' lang='lat' dir='ltr'><strong>facere</strong></span> <span class='ocrx_word' id='word_1_694' title='bbox 874 2248 934 2274; x_wconf 69' lang='lat' dir='ltr'><strong>qua:</strong></span> 
     </span>
    </p>
   </div>
   <div class='ocr_carea' id='block_1_95' title="bbox 150 2284 933 2319">
    <p class='ocr_par' dir='ltr' id='par_1_95' title="bbox 150 2284 933 2319">
     <span class='ocr_line' id='line_1_95' title="bbox 150 2284 933 2319; baseline 0.003 -9"><span class='ocrx_word' id='word_1_695' title='bbox 150 2284 223 2311; x_wconf 76' lang='lat' dir='ltr'><strong>facit.</strong></span> <span class='ocrx_word' id='word_1_696' title='bbox 244 2284 339 2311; x_wconf 86' lang='lat' dir='ltr'><strong>Posset</strong></span> <span class='ocrx_word' id='word_1_697' title='bbox 353 2286 425 2311; x_wconf 84' lang='lat' dir='ltr'><strong>enim</strong></span> <span class='ocrx_word' id='word_1_698' title='bbox 446 2285 526 2311; x_wconf 79' lang='lat' dir='ltr'><strong>etiam</strong></span> <span class='ocrx_word' id='word_1_699' title='bbox 546 2285 624 2319; x_wconf 85' lang='lat' dir='ltr'><strong>plura</strong></span> <span class='ocrx_word' id='word_1_700' title='bbox 654 2286 811 2311; x_wconf 86' lang='lat' dir='ltr'><strong>summatim</strong></span> <span class='ocrx_word' id='word_1_701' title='bbox 830 2285 933 2313; x_wconf 76' lang='lat' dir='ltr'><strong>faciens</strong></span> 
     </span>
    </p>
   </div>
   <div class='ocr_carea' id='block_1_96' title="bbox 150 2329 933 2367">
    <p class='ocr_par' dir='ltr' id='par_1_96' title="bbox 150 2329 933 2367">
     <span class='ocr_line' id='line_1_96' title="bbox 150 2329 933 2367; baseline 0.003 -11"><span class='ocrx_word' id='word_1_702' title='bbox 150 2337 231 2364; x_wconf 88' lang='lat' dir='ltr'><strong>quam</strong></span> <span class='ocrx_word' id='word_1_703' title='bbox 252 2330 334 2364; x_wconf 82' lang='lat' dir='ltr'><strong>petita</strong></span> <span class='ocrx_word' id='word_1_704' title='bbox 351 2330 415 2361; x_wconf 83' lang='lat' dir='ltr'><strong>sint,</strong></span> <span class='ocrx_word' id='word_1_705' title='bbox 434 2337 487 2356; x_wconf 88' lang='lat' dir='ltr'><strong>non</strong></span> <span class='ocrx_word' id='word_1_706' title='bbox 507 2329 614 2357; x_wconf 82' lang='lat' dir='ltr'><strong>abunde</strong></span> <span class='ocrx_word' id='word_1_707' title='bbox 630 2338 660 2356; x_wconf 92' lang='lat' dir='ltr'><strong>ac</strong></span> <span class='ocrx_word' id='word_1_708' title='bbox 674 2331 817 2364; x_wconf 87' lang='lat' dir='ltr'><strong>splendide</strong></span> <span class='ocrx_word' id='word_1_709' title='bbox 839 2332 933 2367; x_wconf 81' lang='lat' dir='ltr'><strong>singu-</strong></span> 
     </span>
    </p>
   </div>
   <div class='ocr_carea' id='block_1_97' title="bbox 151 2373 933 2410">
    <p class='ocr_par' dir='ltr' id='par_1_97' title="bbox 151 2373 933 2410">
     <span class='ocr_line' id='line_1_97' title="bbox 151 2373 933 2410; baseline 0.005 -10"><span class='ocrx_word' id='word_1_710' title='bbox 151 2375 176 2400; x_wconf 87' lang='lat' dir='ltr'><strong>la</strong></span> <span class='ocrx_word' id='word_1_711' title='bbox 192 2374 291 2401; x_wconf 63' lang='grc' dir='ltr'>[ποτε.</span> <span class='ocrx_word' id='word_1_712' title='bbox 315 2383 323 2398; x_wconf 77' lang='grc' dir='ltr'><strong>ι</strong></span> <span class='ocrx_word' id='word_1_713' title='bbox 344 2373 425 2400; x_wconf 82' lang='lat' dir='ltr'><strong>Juxta</strong></span> <span class='ocrx_word' id='word_1_714' title='bbox 442 2374 495 2400; x_wconf 79' lang='lat' dir='ltr'><strong>vim</strong></span> <span class='ocrx_word' id='word_1_715' title='bbox 514 2379 649 2408; x_wconf 76' lang='lat' dir='ltr'><strong>agentem.</strong></span> <span class='ocrx_word' id='word_1_716' title='bbox 672 2384 680 2400; x_wconf 85' lang='grc'><strong>›</strong></span> <span class='ocrx_word' id='word_1_717' title='bbox 699 2375 731 2401; x_wconf 86' lang='lat' dir='ltr'><strong>Et</strong></span> <span class='ocrx_word' id='word_1_718' title='bbox 745 2375 817 2410; x_wconf 90' lang='lat' dir='ltr'><strong>quod</strong></span> <span class='ocrx_word' id='word_1_719' title='bbox 831 2377 933 2404; x_wconf 84' lang='lat' dir='ltr'><strong>exube-</strong></span> 
     </span>
    </p>
   </div>
   <div class='ocr_carea' id='block_1_98' title="bbox 150 2418 932 2456">
    <p class='ocr_par' dir='ltr' id='par_1_98' title="bbox 150 2418 932 2456">
     <span class='ocr_line' id='line_1_98' title="bbox 150 2418 932 2456; baseline 0.006 -13"><span class='ocrx_word' id='word_1_720' title='bbox 150 2425 243 2446; x_wconf 83' lang='lat' dir='ltr'><strong>ranter</strong></span> <span class='ocrx_word' id='word_1_721' title='bbox 258 2419 291 2444; x_wconf 88' lang='lat' dir='ltr'><strong>ad</strong></span> <span class='ocrx_word' id='word_1_722' title='bbox 308 2426 339 2445; x_wconf 88' lang='lat' dir='ltr'><strong>ea</strong></span> <span class='ocrx_word' id='word_1_723' title='bbox 355 2426 415 2452; x_wconf 69' lang='lat' dir='ltr'><strong>quae</strong></span> <span class='ocrx_word' id='word_1_724' title='bbox 432 2418 561 2452; x_wconf 85' lang='lat' dir='ltr'><strong>petimus.</strong></span> <span class='ocrx_word' id='word_1_725' title='bbox 583 2427 614 2446; x_wconf 82' lang='lat' dir='ltr'><strong>ac</strong></span> <span class='ocrx_word' id='word_1_726' title='bbox 640 2420 816 2455; x_wconf 76' lang='lat' dir='ltr'><strong>intelligimus</strong></span> <span class='ocrx_word' id='word_1_727' title='bbox 836 2426 932 2456; x_wconf 89' lang='lat' dir='ltr'><strong>potens</strong></span> 
     </span>
    </p>
   </div>
   <div class='ocr_carea' id='block_1_99' title="bbox 150 2465 932 2500">
    <p class='ocr_par' dir='ltr' id='par_1_99' title="bbox 150 2465 932 2500">
     <span class='ocr_line' id='line_1_99' title="bbox 150 2465 932 2500; baseline 0.004 -9"><span class='ocrx_word' id='word_1_728' title='bbox 150 2465 186 2492; x_wconf 86' lang='lat' dir='ltr'><strong>sit</strong></span> <span class='ocrx_word' id='word_1_729' title='bbox 202 2465 302 2497; x_wconf 79' lang='lat' dir='ltr'><strong>facere,</strong></span> <span class='ocrx_word' id='word_1_730' title='bbox 322 2465 497 2491; x_wconf 78' lang='lat' dir='ltr'><strong>manifestum</strong></span> <span class='ocrx_word' id='word_1_731' title='bbox 526 2470 568 2492; x_wconf 85' lang='lat' dir='ltr'><strong>est</strong></span> <span class='ocrx_word' id='word_1_732' title='bbox 578 2473 609 2491; x_wconf 72' lang='lat' dir='ltr'><strong>ex</strong></span> <span class='ocrx_word' id='word_1_733' title='bbox 638 2472 735 2500; x_wconf 83' lang='lat' dir='ltr'><strong>agente</strong></span> <span class='ocrx_word' id='word_1_734' title='bbox 752 2467 779 2493; x_wconf 91' lang='lat' dir='ltr'><strong>in</strong></span> <span class='ocrx_word' id='word_1_735' title='bbox 811 2467 890 2494; x_wconf 88' lang='lat' dir='ltr'><strong>nobis</strong></span> <span class='ocrx_word' id='word_1_736' title='bbox 906 2468 932 2494; x_wconf 88' lang='lat' dir='ltr'><strong>vi</strong></span> 
     </span>
    </p>
   </div>
   <div class='ocr_carea' id='block_1_100' title="bbox 148 2510 931 2547">
    <p class='ocr_par' dir='ltr' id='par_1_100' title="bbox 148 2510 931 2547">
     <span class='ocr_line' id='line_1_100' title="bbox 148 2510 931 2547; baseline 0.004 -10"><span class='ocrx_word' id='word_1_737' title='bbox 148 2511 247 2545; x_wconf 86' lang='lat' dir='ltr'><strong>ipsius.</strong></span> <span class='ocrx_word' id='word_1_738' title='bbox 277 2510 343 2543; x_wconf 82' lang='lat' dir='ltr'><strong>Quis</strong></span> <span class='ocrx_word' id='word_1_739' title='bbox 362 2511 433 2538; x_wconf 90' lang='lat' dir='ltr'><strong>enim</strong></span> <span class='ocrx_word' id='word_1_740' title='bbox 454 2511 504 2538; x_wconf 89' lang='lat' dir='ltr'><strong>hoc</strong></span> <span class='ocrx_word' id='word_1_741' title='bbox 521 2515 708 2546; x_wconf 81' lang='lat' dir='ltr'><strong>exspectasset</strong></span> <span class='ocrx_word' id='word_1_742' title='bbox 730 2512 764 2540; x_wconf 83' lang='lat' dir='ltr'><strong>de</strong></span> <span class='ocrx_word' id='word_1_743' title='bbox 793 2513 931 2547; x_wconf 79' lang='lat' dir='ltr'><strong>gentibus,</strong></span> 
     </span>
    </p>
   </div>
   <div class='ocr_carea' id='block_1_101' title="bbox 150 2556 930 2593">
    <p class='ocr_par' dir='ltr' id='par_1_101' title="bbox 150 2556 930 2593">
     <span class='ocr_line' id='line_1_101' title="bbox 150 2556 930 2593; baseline 0.001 -9"><span class='ocrx_word' id='word_1_744' title='bbox 150 2557 223 2591; x_wconf 90' lang='lat' dir='ltr'><strong>quod</strong></span> <span class='ocrx_word' id='word_1_745' title='bbox 243 2558 289 2592; x_wconf 91' lang='lat' dir='ltr'><strong>qui</strong></span> <span class='ocrx_word' id='word_1_746' title='bbox 307 2561 412 2584; x_wconf 89' lang='lat' dir='ltr'><strong>tantum</strong></span> <span class='ocrx_word' id='word_1_747' title='bbox 430 2565 442 2583; x_wconf 85' lang='lat' dir='ltr'><strong>a</strong></span> <span class='ocrx_word' id='word_1_748' title='bbox 463 2556 516 2584; x_wconf 83' lang='lat' dir='ltr'><strong>Deo</strong></span> <span class='ocrx_word' id='word_1_749' title='bbox 532 2558 640 2593; x_wconf 89' lang='lat' dir='ltr'><strong>abrupti</strong></span> <span class='ocrx_word' id='word_1_750' title='bbox 663 2562 689 2585; x_wconf 84' lang='lat' dir='ltr'><strong>et</strong></span> <span class='ocrx_word' id='word_1_751' title='bbox 708 2559 829 2585; x_wconf 83' lang='lat' dir='ltr'><strong>distracti</strong></span> <span class='ocrx_word' id='word_1_752' title='bbox 842 2563 930 2592; x_wconf 83' lang='lat' dir='ltr'><strong>erant,</strong></span> 
     </span>
    </p>
   </div>
   <div class='ocr_carea' id='block_1_102' title="bbox 150 2604 931 2639">
    <p class='ocr_par' dir='ltr' id='par_1_102' title="bbox 150 2604 931 2639">
     <span class='ocr_line' id='line_1_102' title="bbox 150 2604 931 2639; baseline 0.003 -9"><span class='ocrx_word' id='word_1_753' title='bbox 150 2604 221 2631; x_wconf 85' lang='lat' dir='ltr'><strong>iulcr</strong></span> <span class='ocrx_word' id='word_1_754' title='bbox 236 2604 381 2638; x_wconf 85' lang='lat' dir='ltr'><strong>adoptatos</strong></span> <span class='ocrx_word' id='word_1_755' title='bbox 393 2604 582 2631; x_wconf 81' lang='lat' dir='ltr'><strong>invenirentur</strong></span> <span class='ocrx_word' id='word_1_756' title='bbox 598 2604 610 2631; x_wconf 74' lang='lat'><strong>7</strong></span> <span class='ocrx_word' id='word_1_757' title='bbox 626 2613 635 2630; x_wconf 74' lang='grc' dir='ltr'><strong>ι</strong></span> <span class='ocrx_word' id='word_1_758' title='bbox 652 2604 705 2639; x_wconf 85' lang='lat' dir='ltr'><strong>Ipsi</strong></span> <span class='ocrx_word' id='word_1_759' title='bbox 722 2605 758 2632; x_wconf 87' lang='lat' dir='ltr'><strong>sit</strong></span> <span class='ocrx_word' id='word_1_760' title='bbox 791 2604 876 2638; x_wconf 68' lang='lat' dir='ltr'><strong>gloria</strong></span> <span class='ocrx_word' id='word_1_761' title='bbox 902 2605 931 2632; x_wconf 91' lang='lat' dir='ltr'><strong>in</strong></span> 
     </span>
    </p>
   </div>
   <div class='ocr_carea' id='block_1_103' title="bbox 147 2649 929 2685">
    <p class='ocr_par' dir='ltr' id='par_1_103' title="bbox 147 2649 929 2685">
     <span class='ocr_line' id='line_1_103' title="bbox 147 2649 929 2685; baseline 0.003 -9"><span class='ocrx_word' id='word_1_762' title='bbox 147 2649 282 2677; x_wconf 83' lang='lat' dir='ltr'><strong>Ecclesia.</strong></span> <span class='ocrx_word' id='word_1_763' title='bbox 304 2659 312 2675; x_wconf 74' lang='grc' dir='ltr'><strong>ι</strong></span> <span class='ocrx_word' id='word_1_764' title='bbox 328 2650 555 2684; x_wconf 87' lang='lat' dir='ltr'><strong>Quandoquidem</strong></span> <span class='ocrx_word' id='word_1_765' title='bbox 573 2654 682 2685; x_wconf 87' lang='lat' dir='ltr'><strong>oportet</strong></span> <span class='ocrx_word' id='word_1_766' title='bbox 707 2658 768 2677; x_wconf 89' lang='lat' dir='ltr'><strong>eum</strong></span> <span class='ocrx_word' id='word_1_767' title='bbox 781 2650 828 2685; x_wconf 88' lang='lat' dir='ltr'><strong>qui</strong></span> <span class='ocrx_word' id='word_1_768' title='bbox 857 2655 929 2678; x_wconf 85' lang='lat' dir='ltr'><strong>tanta</strong></span> 
     </span>
    </p>
   </div>
   <div class='ocr_carea' id='block_1_104' title="bbox 147 2695 929 2730">
    <p class='ocr_par' dir='ltr' id='par_1_104' title="bbox 147 2695 929 2730">
     <span class='ocr_line' id='line_1_104' title="bbox 147 2695 929 2730; baseline 0.001 -8"><span class='ocrx_word' id='word_1_769' title='bbox 147 2696 232 2729; x_wconf 76' lang='lat' dir='ltr'><strong>gratis</strong></span> <span class='ocrx_word' id='word_1_770' title='bbox 246 2695 320 2722; x_wconf 78' lang='lat' dir='ltr'><strong>dedit</strong></span> <span class='ocrx_word' id='word_1_771' title='bbox 336 2695 496 2730; x_wconf 73' lang='lat' dir='ltr'><strong>gloriﬁcari.</strong></span> <span class='ocrx_word' id='word_1_772' title='bbox 511 2695 603 2729; x_wconf 80' lang='lat' dir='ltr'><strong>Itaque</strong></span> <span class='ocrx_word' id='word_1_773' title='bbox 619 2695 783 2730; x_wconf 76' lang='lat' dir='ltr'><strong>gloriﬁcatio</strong></span> <span class='ocrx_word' id='word_1_774' title='bbox 798 2696 929 2724; x_wconf 84' lang='lat' dir='ltr'><strong>indicium</strong></span> 
     </span>
    </p>
   </div>
   <div class='ocr_carea' id='block_1_105' title="bbox 147 2741 930 2776">
    <p class='ocr_par' dir='ltr' id='par_1_105' title="bbox 147 2741 930 2776">
     <span class='ocr_line' id='line_1_105' title="bbox 147 2741 930 2776; baseline 0.005 -10"><span class='ocrx_word' id='word_1_775' title='bbox 147 2745 188 2766; x_wconf 76' lang='lat' dir='ltr'><strong>est</strong></span> <span class='ocrx_word' id='word_1_776' title='bbox 202 2741 401 2776; x_wconf 78' lang='lat' dir='ltr'><strong>magnitudinis</strong></span> <span class='ocrx_word' id='word_1_777' title='bbox 417 2742 550 2768; x_wconf 88' lang='lat' dir='ltr'><strong>bonorum</strong></span> <span class='ocrx_word' id='word_1_778' title='bbox 570 2748 630 2775; x_wconf 61' lang='lat' dir='ltr'><strong>quae</strong></span> <span class='ocrx_word' id='word_1_779' title='bbox 647 2741 674 2767; x_wconf 90' lang='lat' dir='ltr'><strong>in</strong></span> <span class='ocrx_word' id='word_1_780' title='bbox 702 2742 781 2769; x_wconf 88' lang='lat' dir='ltr'><strong>nobis</strong></span> <span class='ocrx_word' id='word_1_781' title='bbox 794 2745 854 2769; x_wconf 86' lang='lat' dir='ltr'><strong>acta</strong></span> <span class='ocrx_word' id='word_1_782' title='bbox 866 2747 930 2770; x_wconf 88' lang='lat' dir='ltr'><strong>sunt</strong></span> 
     </span>
    </p>
   </div>
   <div class='ocr_carea' id='block_1_106' title="bbox 149 2785 927 2820">
    <p class='ocr_par' dir='ltr' id='par_1_106' title="bbox 149 2785 927 2820">
     <span class='ocr_line' id='line_1_106' title="bbox 149 2785 927 2820; baseline 0.006 -11"><span class='ocrx_word' id='word_1_783' title='bbox 149 2791 231 2817; x_wconf 85' lang='lat' dir='ltr'><strong>super</strong></span> <span class='ocrx_word' id='word_1_784' title='bbox 246 2792 354 2811; x_wconf 87' lang='lat' dir='ltr'><strong>omnem</strong></span> <span class='ocrx_word' id='word_1_785' title='bbox 377 2793 451 2820; x_wconf 84' lang='lat' dir='ltr'><strong>spent</strong></span> <span class='ocrx_word' id='word_1_786' title='bbox 469 2790 494 2812; x_wconf 86' lang='lat' dir='ltr'><strong>et</strong></span> <span class='ocrx_word' id='word_1_787' title='bbox 507 2785 741 2819; x_wconf 62' lang='lat' dir='ltr'><strong>exspectationem</strong></span> <span class='ocrx_word' id='word_1_788' title='bbox 769 2786 927 2814; x_wconf 81' lang='lat' dir='ltr'><strong>humanam.</strong></span> 
     </span>
    </p>
   </div>
   <div class='ocr_carea' id='block_1_107' title="bbox 149 2829 926 2865">
    <p class='ocr_par' dir='ltr' id='par_1_107' title="bbox 149 2829 926 2865">
     <span class='ocr_line' id='line_1_107' title="bbox 149 2829 926 2865; baseline 0.005 -11"><span class='ocrx_word' id='word_1_789' title='bbox 149 2829 229 2856; x_wconf 68' lang='lat' dir='ltr'><strong>[let-te</strong></span> <span class='ocrx_word' id='word_1_790' title='bbox 245 2835 334 2856; x_wconf 71' lang='lat' dir='ltr'><strong>autem</strong></span> <span class='ocrx_word' id='word_1_791' title='bbox 347 2830 432 2865; x_wconf 77' lang='lat' dir='ltr'><strong>gloria</strong></span> <span class='ocrx_word' id='word_1_792' title='bbox 447 2830 505 2865; x_wconf 59' lang='lat' dir='ltr'><strong>ejus</strong></span> <span class='ocrx_word' id='word_1_793' title='bbox 519 2831 596 2857; x_wconf 76' lang='lat' dir='ltr'><strong>estin</strong></span> <span class='ocrx_word' id='word_1_794' title='bbox 615 2830 754 2858; x_wconf 63' lang='lat' dir='ltr'><strong>Ecolesiis.</strong></span> <span class='ocrx_word' id='word_1_795' title='bbox 770 2830 839 2863; x_wconf 81' lang='lat' dir='ltr'><strong>Quia</strong></span> <span class='ocrx_word' id='word_1_796' title='bbox 855 2831 926 2859; x_wconf 90' lang='lat' dir='ltr'><strong>enim</strong></span> 
     </span>
    </p>
   </div>
   <div class='ocr_carea' id='block_1_108' title="bbox 988 2236 1768 2272">
    <p class='ocr_par' dir='ltr' id='par_1_108' title="bbox 988 2236 1768 2272">
     <span class='ocr_line' id='line_1_108' title="bbox 988 2236 1768 2272; baseline 0.005 -10"><span class='ocrx_word' id='word_1_797' title='bbox 988 2245 997 2261; x_wconf 68' lang='lat'><strong>4</strong></span> <span class='ocrx_word' id='word_1_798' title='bbox 1019 2237 1097 2263; x_wconf 79' lang='grc' dir='ltr'>Κατὰ</span> <span class='ocrx_word' id='word_1_799' title='bbox 1113 2236 1161 2271; x_wconf 78' lang='grc' dir='ltr'><strong>τὴν</strong></span> <span class='ocrx_word' id='word_1_800' title='bbox 1178 2236 1292 2271; x_wconf 82' lang='grc' dir='ltr'>δύναμιν</span> <span class='ocrx_word' id='word_1_801' title='bbox 1316 2236 1366 2272; x_wconf 86' lang='grc' dir='ltr'>τὴν</span> <span class='ocrx_word' id='word_1_802' title='bbox 1395 2237 1607 2272; x_wconf 76' lang='grc' dir='ltr'>ἐνεργουμένην.</span> <span class='ocrx_word' id='word_1_803' title='bbox 1626 2248 1635 2264; x_wconf 77' lang='grc' dir='ltr'><strong>ι</strong></span> <span class='ocrx_word' id='word_1_804' title='bbox 1658 2239 1714 2266; x_wconf 73' lang='grc' dir='ltr'><strong>Καὶ</strong></span> <span class='ocrx_word' id='word_1_805' title='bbox 1732 2240 1768 2266; x_wconf 82' lang='grc' dir='ltr'>ὅτι</span> 
     </span>
    </p>
   </div>
   <div class='ocr_carea' id='block_1_109' title="bbox 984 2278 1767 2317">
    <p class='ocr_par' dir='ltr' id='par_1_109' title="bbox 984 2278 1767 2317">
     <span class='ocr_line' id='line_1_109' title="bbox 984 2278 1767 2317; baseline 0.005 -11"><span class='ocrx_word' id='word_1_806' title='bbox 984 2281 1148 2315; x_wconf 73' lang='grc' dir='ltr'>ὲκπερισσοῦ</span> <span class='ocrx_word' id='word_1_807' title='bbox 1167 2278 1203 2306; x_wconf 81' lang='grc' dir='ltr'>ὧν</span> <span class='ocrx_word' id='word_1_808' title='bbox 1228 2281 1379 2315; x_wconf 79' lang='grc' dir='ltr'>αἰτούμεθα</span> <span class='ocrx_word' id='word_1_809' title='bbox 1400 2281 1416 2317; x_wconf 84' lang='grc' dir='ltr'>ἢ</span> <span class='ocrx_word' id='word_1_810' title='bbox 1443 2282 1558 2316; x_wconf 77' lang='grc' dir='ltr'>νοοῦμεν</span> <span class='ocrx_word' id='word_1_811' title='bbox 1580 2282 1693 2315; x_wconf 74' lang='grc' dir='ltr'>δυνατός</span> <span class='ocrx_word' id='word_1_812' title='bbox 1714 2285 1767 2310; x_wconf 81' lang='grc' dir='ltr'>ἐστι</span> 
     </span>
    </p>
   </div>
   <div class='ocr_carea' id='block_1_110' title="bbox 984 2327 1765 2363">
    <p class='ocr_par' dir='ltr' id='par_1_110' title="bbox 984 2327 1765 2363">
     <span class='ocr_line' id='line_1_110' title="bbox 984 2327 1765 2363; baseline 0.005 -11"><span class='ocrx_word' id='word_1_813' title='bbox 984 2327 1107 2360; x_wconf 78' lang='grc' dir='ltr'>ποιῆσαι,</span> <span class='ocrx_word' id='word_1_814' title='bbox 1119 2327 1196 2362; x_wconf 77' lang='grc' dir='ltr'>δῆλον</span> <span class='ocrx_word' id='word_1_815' title='bbox 1214 2328 1245 2352; x_wconf 76' lang='grc' dir='ltr'>ὲκ</span> <span class='ocrx_word' id='word_1_816' title='bbox 1261 2327 1309 2361; x_wconf 80' lang='grc' dir='ltr'>τῆς</span> <span class='ocrx_word' id='word_1_817' title='bbox 1322 2328 1486 2362; x_wconf 77' lang='grc' dir='ltr'>ἐνεργούσης</span> <span class='ocrx_word' id='word_1_818' title='bbox 1499 2328 1527 2354; x_wconf 85' lang='grc' dir='ltr'>ὲν</span> <span class='ocrx_word' id='word_1_819' title='bbox 1541 2329 1608 2362; x_wconf 79' lang='grc' dir='ltr'>ἡμῖν</span> <span class='ocrx_word' id='word_1_820' title='bbox 1624 2328 1765 2363; x_wconf 80' lang='grc' dir='ltr'>δυνάμεως</span> 
     </span>
    </p>
   </div>
   <div class='ocr_carea' id='block_1_111' title="bbox 984 2372 1766 2408">
    <p class='ocr_par' dir='ltr' id='par_1_111' title="bbox 984 2372 1766 2408">
     <span class='ocr_line' id='line_1_111' title="bbox 984 2372 1766 2408; baseline 0.004 -10"><span class='ocrx_word' id='word_1_821' title='bbox 984 2372 1077 2399; x_wconf 80' lang='grc' dir='ltr'>αὑτοῦ.</span> <span class='ocrx_word' id='word_1_822' title='bbox 1099 2373 1146 2404; x_wconf 85' lang='grc' dir='ltr'><strong>Τίς</strong></span> <span class='ocrx_word' id='word_1_823' title='bbox 1161 2373 1214 2407; x_wconf 76' lang='grc' dir='ltr'>γὰρ</span> <span class='ocrx_word' id='word_1_824' title='bbox 1233 2372 1313 2399; x_wconf 84' lang='grc' dir='ltr'>τοῦτο</span> <span class='ocrx_word' id='word_1_825' title='bbox 1333 2373 1518 2408; x_wconf 83' lang='grc' dir='ltr'>προσεδόκησε</span> <span class='ocrx_word' id='word_1_826' title='bbox 1532 2374 1596 2407; x_wconf 77' lang='grc' dir='ltr'>περὶ</span> <span class='ocrx_word' id='word_1_827' title='bbox 1607 2373 1661 2401; x_wconf 80' lang='grc' dir='ltr'>τῶν</span> <span class='ocrx_word' id='word_1_828' title='bbox 1675 2375 1766 2405; x_wconf 78' lang='grc' dir='ltr'>ἐθνῶν,</span> 
     </span>
    </p>
   </div>
   <div class='ocr_carea' id='block_1_112' title="bbox 983 2418 1766 2456">
    <p class='ocr_par' dir='ltr' id='par_1_112' title="bbox 983 2418 1766 2456">
     <span class='ocr_line' id='line_1_112' title="bbox 983 2418 1766 2456; baseline 0 -12"><span class='ocrx_word' id='word_1_829' title='bbox 983 2418 1024 2444; x_wconf 80' lang='grc' dir='ltr'>ὅτι</span> <span class='ocrx_word' id='word_1_830' title='bbox 1036 2419 1059 2444; x_wconf 74' lang='lat' dir='ltr'><strong>oi</strong></span> <span class='ocrx_word' id='word_1_831' title='bbox 1076 2418 1203 2444; x_wconf 75' lang='grc' dir='ltr'>τοσοῦτον</span> <span class='ocrx_word' id='word_1_832' title='bbox 1217 2419 1413 2453; x_wconf 74' lang='grc' dir='ltr'>ἀπερρωγότες</span> <span class='ocrx_word' id='word_1_833' title='bbox 1427 2419 1505 2451; x_wconf 82' lang='grc' dir='ltr'>Θεοῦ,</span> <span class='ocrx_word' id='word_1_834' title='bbox 1525 2420 1553 2445; x_wconf 80' lang='grc' dir='ltr'><strong>ἐν</strong></span> <span class='ocrx_word' id='word_1_835' title='bbox 1569 2420 1624 2450; x_wconf 85' lang='grc' dir='ltr'>τοῖς</span> <span class='ocrx_word' id='word_1_836' title='bbox 1648 2420 1766 2456; x_wconf 75' lang='grc' dir='ltr'>υἱοθετη.</span> 
     </span>
    </p>
   </div>
   <div class='ocr_carea' id='block_1_113' title="bbox 983 2464 1762 2501">
    <p class='ocr_par' dir='ltr' id='par_1_113' title="bbox 983 2464 1762 2501">
     <span class='ocr_line' id='line_1_113' title="bbox 983 2464 1762 2501; baseline 0.004 -11"><span class='ocrx_word' id='word_1_837' title='bbox 983 2465 1068 2491; x_wconf 87' lang='grc' dir='ltr'>θεῖσιν</span> <span class='ocrx_word' id='word_1_838' title='bbox 1090 2466 1176 2497; x_wconf 82' lang='grc' dir='ltr'>εἰσιν;</span> <span class='ocrx_word' id='word_1_839' title='bbox 1206 2464 1308 2499; x_wconf 78' lang='grc' dir='ltr'>(Αὐτῷ</span> <span class='ocrx_word' id='word_1_840' title='bbox 1333 2466 1349 2500; x_wconf 86' lang='grc' dir='ltr'>ἡ</span> <span class='ocrx_word' id='word_1_841' title='bbox 1372 2465 1435 2497; x_wconf 79' lang='grc' dir='ltr'>δόξα</span> <span class='ocrx_word' id='word_1_842' title='bbox 1459 2466 1487 2491; x_wconf 80' lang='grc' dir='ltr'><strong>ἐν</strong></span> <span class='ocrx_word' id='word_1_843' title='bbox 1513 2467 1546 2500; x_wconf 84' lang='grc' dir='ltr'>τῇ</span> <span class='ocrx_word' id='word_1_844' title='bbox 1574 2466 1735 2501; x_wconf 72' lang='grc' dir='ltr'>Ἐκκλησία.</span> <span class='ocrx_word' id='word_1_845' title='bbox 1755 2477 1762 2493; x_wconf 76' lang='grc' dir='ltr'><strong>ι</strong></span> 
     </span>
    </p>
   </div>
   <div class='ocr_carea' id='block_1_114' title="bbox 988 2509 1762 2546">
    <p class='ocr_par' dir='ltr' id='par_1_114' title="bbox 988 2509 1762 2546">
     <span class='ocr_line' id='line_1_114' title="bbox 988 2509 1762 2546; baseline 0.003 -10"><span class='ocrx_word' id='word_1_846' title='bbox 988 2509 1096 2544; x_wconf 79' lang='grc' dir='ltr'>Ἐπειδὴ</span> <span class='ocrx_word' id='word_1_847' title='bbox 1120 2510 1159 2536; x_wconf 85' lang='grc' dir='ltr'>δεῖ</span> <span class='ocrx_word' id='word_1_848' title='bbox 1172 2510 1218 2537; x_wconf 80' lang='grc' dir='ltr'><strong>τὸν</strong></span> <span class='ocrx_word' id='word_1_849' title='bbox 1243 2510 1363 2537; x_wconf 84' lang='grc' dir='ltr'>τοσαῦτα</span> <span class='ocrx_word' id='word_1_850' title='bbox 1387 2511 1580 2546; x_wconf 77' lang='grc' dir='ltr'>δωρησάμενον</span> <span class='ocrx_word' id='word_1_851' title='bbox 1597 2511 1762 2544; x_wconf 71' lang='grc' dir='ltr'>δοξάζεσθαι.</span> 
     </span>
    </p>
   </div>
   <div class='ocr_carea' id='block_1_115' title="bbox 983 2555 1763 2592">
    <p class='ocr_par' dir='ltr' id='par_1_115' title="bbox 983 2555 1763 2592">
     <span class='ocr_line' id='line_1_115' title="bbox 983 2555 1763 2592; baseline 0.004 -11"><span class='ocrx_word' id='word_1_852' title='bbox 983 2556 1065 2582; x_wconf 80' lang='grc' dir='ltr'>Ὥστε</span> <span class='ocrx_word' id='word_1_853' title='bbox 1081 2556 1129 2582; x_wconf 77' lang='grc' dir='ltr'>καὶ</span> <span class='ocrx_word' id='word_1_854' title='bbox 1142 2556 1158 2590; x_wconf 81' lang='grc' dir='ltr'><strong>η</strong></span> <span class='ocrx_word' id='word_1_855' title='bbox 1172 2555 1313 2590; x_wconf 74' lang='grc' dir='ltr'>δοξολογια</span> <span class='ocrx_word' id='word_1_856' title='bbox 1325 2557 1424 2591; x_wconf 85' lang='grc' dir='ltr'>δεῖγμα</span> <span class='ocrx_word' id='word_1_857' title='bbox 1435 2557 1554 2592; x_wconf 82' lang='grc' dir='ltr'>ὑπάρχει</span> <span class='ocrx_word' id='word_1_858' title='bbox 1571 2557 1617 2584; x_wconf 88' lang='grc' dir='ltr'><strong>τοῦ</strong></span> <span class='ocrx_word' id='word_1_859' title='bbox 1636 2558 1763 2592; x_wconf 77' lang='grc' dir='ltr'>μεγέθους</span> 
     </span>
    </p>
   </div>
   <div class='ocr_carea' id='block_1_116' title="bbox 982 2604 1764 2640">
    <p class='ocr_par' dir='ltr' id='par_1_116' title="bbox 982 2604 1764 2640">
     <span class='ocr_line' id='line_1_116' title="bbox 982 2604 1764 2640; baseline 0.001 -9"><span class='ocrx_word' id='word_1_860' title='bbox 982 2604 1035 2631; x_wconf 84' lang='grc' dir='ltr'><strong>τῶν</strong></span> <span class='ocrx_word' id='word_1_861' title='bbox 1047 2604 1231 2640; x_wconf 83' lang='grc' dir='ltr'>ὑπηργμένων</span> <span class='ocrx_word' id='word_1_862' title='bbox 1246 2605 1312 2640; x_wconf 86' lang='grc' dir='ltr'>ἡμῖν</span> <span class='ocrx_word' id='word_1_863' title='bbox 1327 2605 1392 2639; x_wconf 77' lang='grc' dir='ltr'>περὶ</span> <span class='ocrx_word' id='word_1_864' title='bbox 1407 2605 1498 2631; x_wconf 73' lang='grc' dir='ltr'>πᾶσαν</span> <span class='ocrx_word' id='word_1_865' title='bbox 1514 2605 1608 2630; x_wconf 76' lang='grc' dir='ltr'>ἐλπίδα</span> <span class='ocrx_word' id='word_1_866' title='bbox 1624 2606 1671 2631; x_wconf 75' lang='grc' dir='ltr'>καὶ</span> <span class='ocrx_word' id='word_1_867' title='bbox 1684 2614 1764 2640; x_wconf 80' lang='grc' dir='ltr'>προσ-</span> 
     </span>
    </p>
   </div>
   <div class='ocr_carea' id='block_1_117' title="bbox 981 2649 1762 2684">
    <p class='ocr_par' dir='ltr' id='par_1_117' title="bbox 981 2649 1762 2684">
     <span class='ocr_line' id='line_1_117' title="bbox 981 2649 1762 2684; baseline 0.001 -8"><span class='ocrx_word' id='word_1_868' title='bbox 981 2649 1073 2677; x_wconf 83' lang='grc' dir='ltr'>δοκίαν</span> <span class='ocrx_word' id='word_1_869' title='bbox 1090 2650 1265 2684; x_wconf 83' lang='grc' dir='ltr'>ἀνθρωπίνην</span> <span class='ocrx_word' id='word_1_870' title='bbox 1276 2650 1397 2684; x_wconf 79' lang='grc' dir='ltr'>ἀγαθῶν.</span> <span class='ocrx_word' id='word_1_871' title='bbox 1411 2650 1508 2682; x_wconf 84' lang='grc' dir='ltr'>Καλῶς</span> <span class='ocrx_word' id='word_1_872' title='bbox 1523 2650 1562 2680; x_wconf 77' lang='grc' dir='ltr'>δὲ,</span> <span class='ocrx_word' id='word_1_873' title='bbox 1575 2651 1591 2684; x_wconf 85' lang='grc' dir='ltr'><strong>ἡ</strong></span> <span class='ocrx_word' id='word_1_874' title='bbox 1607 2650 1672 2683; x_wconf 77' lang='grc' dir='ltr'>δόξα</span> <span class='ocrx_word' id='word_1_875' title='bbox 1683 2651 1762 2678; x_wconf 78' lang='grc' dir='ltr'>αὑτοῦ</span> 
     </span>
    </p>
   </div>
   <div class='ocr_carea' id='block_1_118' title="bbox 981 2692 1762 2731">
    <p class='ocr_par' dir='ltr' id='par_1_118' title="bbox 981 2692 1762 2731">
     <span class='ocr_line' id='line_1_118' title="bbox 981 2692 1762 2731; baseline 0 -9"><span class='ocrx_word' id='word_1_876' title='bbox 981 2697 1010 2722; x_wconf 83' lang='grc' dir='ltr'>ὲν</span> <span class='ocrx_word' id='word_1_877' title='bbox 1032 2697 1092 2728; x_wconf 88' lang='grc' dir='ltr'>ταῖς</span> <span class='ocrx_word' id='word_1_878' title='bbox 1113 2696 1298 2731; x_wconf 80' lang='grc' dir='ltr'>Ἐκκλησίαις.</span> <span class='ocrx_word' id='word_1_879' title='bbox 1317 2696 1427 2731; x_wconf 79' lang='grc' dir='ltr'>Ἐπειδὴ</span> <span class='ocrx_word' id='word_1_880' title='bbox 1450 2696 1504 2730; x_wconf 77' lang='grc' dir='ltr'>γὰρ</span> <span class='ocrx_word' id='word_1_881' title='bbox 1526 2692 1607 2722; x_wconf 73' lang='grc' dir='ltr'>αὗται</span> <span class='ocrx_word' id='word_1_882' title='bbox 1633 2696 1762 2730; x_wconf 79' lang='grc' dir='ltr'>διηνεκῶς</span> 
     </span>
    </p>
   </div>
   <div class='ocr_carea' id='block_1_119' title="bbox 983 2740 1760 2776">
    <p class='ocr_par' dir='ltr' id='par_1_119' title="bbox 983 2740 1760 2776">
     <span class='ocr_line' id='line_1_119' title="bbox 983 2740 1760 2776; baseline -0.001 -8"><span class='ocrx_word' id='word_1_883' title='bbox 983 2743 1120 2776; x_wconf 79' lang='grc' dir='ltr'>μένουσιν,</span> <span class='ocrx_word' id='word_1_884' title='bbox 1137 2743 1165 2768; x_wconf 80' lang='grc' dir='ltr'>ὲν</span> <span class='ocrx_word' id='word_1_885' title='bbox 1186 2741 1300 2773; x_wconf 83' lang='grc' dir='ltr'>ταύταις</span> <span class='ocrx_word' id='word_1_886' title='bbox 1318 2742 1373 2776; x_wconf 75' lang='grc' dir='ltr'>εἴη,</span> <span class='ocrx_word' id='word_1_887' title='bbox 1388 2741 1480 2776; x_wconf 75' lang='grc' dir='ltr'>φησὶν,</span> <span class='ocrx_word' id='word_1_888' title='bbox 1496 2742 1513 2776; x_wconf 88' lang='grc' dir='ltr'><strong>ἡ</strong></span> <span class='ocrx_word' id='word_1_889' title='bbox 1526 2740 1588 2772; x_wconf 78' lang='grc' dir='ltr'>δόξα</span> <span class='ocrx_word' id='word_1_890' title='bbox 1612 2741 1659 2767; x_wconf 82' lang='grc' dir='ltr'><strong>τοῦ</strong></span> <span class='ocrx_word' id='word_1_891' title='bbox 1685 2741 1760 2774; x_wconf 82' lang='grc' dir='ltr'>Θεοῦ,</span> 
     </span>
    </p>
   </div>
   <div class='ocr_carea' id='block_1_120' title="bbox 981 2785 1760 2823">
    <p class='ocr_par' dir='ltr' id='par_1_120' title="bbox 981 2785 1760 2823">
     <span class='ocr_line' id='line_1_120' title="bbox 981 2785 1760 2823; baseline -0.001 -9"><span class='ocrx_word' id='word_1_892' title='bbox 981 2788 1024 2814; x_wconf 76' lang='grc' dir='ltr'><strong>ἵνα</strong></span> <span class='ocrx_word' id='word_1_893' title='bbox 1050 2789 1116 2822; x_wconf 81' lang='grc' dir='ltr'>ἡμῖν</span> <span class='ocrx_word' id='word_1_894' title='bbox 1180 2787 1311 2821; x_wconf 78' lang='grc' dir='ltr'>διηνεκῶς</span> <span class='ocrx_word' id='word_1_895' title='bbox 1335 2787 1522 2822; x_wconf 75' lang='grc' dir='ltr'>δοξαζόμενος,</span> <span class='ocrx_word' id='word_1_896' title='bbox 1543 2787 1591 2814; x_wconf 70' lang='grc' dir='ltr'><strong>καὶ</strong></span> <span class='ocrx_word' id='word_1_897' title='bbox 1612 2788 1653 2818; x_wconf 81' lang='grc' dir='ltr'><strong>εἰς</strong></span> <span class='ocrx_word' id='word_1_898' title='bbox 1675 2787 1760 2818; x_wconf 77' lang='grc' dir='ltr'>πασας</span> 
     </span>
    </p>
   </div>
   <div class='ocr_carea' id='block_1_121' title="bbox 980 2831 1756 2867">
    <p class='ocr_par' dir='ltr' id='par_1_121' title="bbox 980 2831 1756 2867">
     <span class='ocr_line' id='line_1_121' title="bbox 980 2831 1756 2867; baseline 0.001 -10"><span class='ocrx_word' id='word_1_899' title='bbox 980 2831 1044 2866; x_wconf 79' lang='grc' dir='ltr'><strong>ἕ).οῃ</strong></span> <span class='ocrx_word' id='word_1_900' title='bbox 1057 2831 1136 2857; x_wconf 76' lang='grc' dir='ltr'>τοῦτο</span> <span class='ocrx_word' id='word_1_901' title='bbox 1150 2831 1255 2866; x_wconf 73' lang='grc' dir='ltr'>γενεάς.</span> <span class='ocrx_word' id='word_1_902' title='bbox 1269 2845 1303 2852; x_wconf 88' lang='lat'><strong>-—</strong></span> <span class='ocrx_word' id='word_1_903' title='bbox 1314 2831 1483 2866; x_wconf 53' lang='grc' dir='ltr'><strong>[ΟΙΚΟΥΜ]</strong></span> <span class='ocrx_word' id='word_1_904' title='bbox 1502 2832 1536 2860; x_wconf 83' lang='grc' dir='ltr'><strong>Ἦ</strong></span> <span class='ocrx_word' id='word_1_905' title='bbox 1550 2833 1591 2860; x_wconf 72' lang='grc' dir='ltr'>ὅτι</span> <span class='ocrx_word' id='word_1_906' title='bbox 1605 2834 1638 2867; x_wconf 86' lang='grc' dir='ltr'>τῇ</span> <span class='ocrx_word' id='word_1_907' title='bbox 1650 2832 1756 2867; x_wconf 77' lang='grc' dir='ltr'>Ἐκκλη-</span> 
     </span>
    </p>
   </div>
  </div>
