1864 3048
162 127 233 160 1215

683 127 883 157 (ΕΟΠΜΕΝῘΙ
901 125 1046 156 TRICCE
1065 125 1235 155 EPISCOPI

1718 124 1793 158 1216

161 183 212 218 33
236 183 272 209 ita
287 182 403 210 invicem
420 187 529 210 curate:
546 189 608 209 nam
620 189 651 208 ex
668 181 719 209 hoc
733 189 842 216 quoqtte
859 188 942 208 unum

1019 180 1150 215 ηδόμενοι.
1173 180 1220 206 Ἐκ
1251 179 1346 205 τούτου
1370 179 1435 216 γὰρ,
1461 179 1556 216 φησιν,
1585 179 1683 207 ἔσεσθε
1703 181 1753 207 καὶ
1766 181 1796 207 ἐν

162 228 298 255 habebitis
315 229 453 263 spiritum,
476 229 527 255 hoc
541 231 595 259 est,
617 227 734 255 similem
752 228 868 262 gratiam
886 227 945 261 spi-

161 275 242 302 ritus.
260 275 314 302 Aut
327 275 390 310 quia
403 276 536 310 contingit
549 282 632 303 unum
646 282 746 313 corpus
765 275 875 307 habere,
891 281 946 300 non

161 325 252 347 tamen
275 321 400 347 cumdetn
423 321 562 355 spiritum.
580 321 651 348 sicut
669 321 779 355 quando
799 320 946 348 haeretica-

162 373 221 392 rum
240 366 374 400 quispiam
395 366 500 394 amicus
519 365 612 393 fuerit.
626 367 679 393 Aut
696 367 768 402 quod
785 367 836 394 hoc
853 366 944 394 dicat:

161 411 228 438 Cum
250 419 332 438 uuunt
348 412 510 446 acceperitis
524 413 664 446 spiritum,
682 420 735 439 non
756 412 862 440 debetis
888 412 945 440 dis-

162 456 261 487 sidere.
279 457 326 483 sed
346 464 429 484 ttnum
451 465 510 485 esse
526 459 703 492 corpus.Aut
728 458 792 493 quia
813 457 942 492 spiritum

160 500 212 527 hoc
242 502 301 527 loco
322 505 400 528 vocat
414 502 497 529 animi
514 503 772 538 promptitudinent.
794 503 848 530 Aut
865 503 945 537 quasi

161 555 231 574 ututs
254 547 316 574 silis
332 548 447 583 spiritus
466 553 493 576 et
509 557 593 576 unum
610 556 732 584 corpus:
755 550 791 576 ita
805 549 878 576 enim
895 556 945 576 vo-

160 592 212 618 cati
232 593 308 619 estis.

195 646 204 662 ι
225 637 252 663 In
266 645 319 664 una
335 646 393 671 spe.
417 647 426 664 ›
445 637 527 670 Deus,
555 639 653 674 inquit,
674 647 724 666 nos
741 639 774 666 ad
785 639 879 666 eadem
896 647 943 665 vo-

159 684 239 714 cavit,
258 684 323 710 nulli
340 684 458 718 amplius
477 685 645 712 distribuens
670 694 676 711 :
694 685 820 712 omnibus
835 685 945 712 immor-

159 727 292 754 talitatem
303 749 309 760 ,
326 729 452 755 omnibtts
471 730 550 755 vitam
566 729 692 764 promisit
704 734 845 762 aeternum,
858 731 944 757 omni-

159 771 211 798 bus
233 772 346 806 gloriam
367 773 560 805 immortalem,
581 774 707 801 ontuibus
730 774 941 807 fraternitatem,
957 791 963 796 -

160 818 288 844 omnibus
316 818 521 846 haereditatem:
547 820 685 846 commttni
709 820 791 846 modo
817 820 941 847 omnium

998 225 1107 260 πνεῦμα
1119 225 1238 261 ἔχοντες,
1253 225 1405 258 τουτέστιν,
1428 226 1560 261 ὁμότιμον
1575 226 1628 261 τὴν
1641 226 1726 261 χάριν
1746 227 1795 253 τοῦ

996 272 1162 307 πνεύματος.
1176 273 1210 298 Ἢ
1237 272 1278 298 ὅτι
1298 272 1356 298 ἐστι
1377 272 1426 307 μὲν
1442 272 1470 298 ἓν
1489 272 1568 307 σῶμα
1586 269 1658 299 εἶναι
1670 293 1678 305 ,
1697 273 1749 306 οὐχ
1766 272 1797 298 ἓν

999 316 1027 342 δὲ
1039 316 1158 352 πνεῦμα,
1175 317 1211 348 ὡς
1227 317 1291 344 ὅταν
1314 325 1357 348 τις
1381 316 1532 352 αίρητικῶν
1548 317 1626 352 φίλος
1643 315 1674 353 ᾗ.
1689 316 1727 343 Ἦ
1741 317 1796 348 ὅτι,

995 361 1074 389 τοῦτό
1101 370 1194 397 φησιν,
1216 363 1264 389 Ἐν
1294 362 1404 395 πνώμα
1434 362 1574 395 λαϐόντες,
1591 363 1642 389 οὐκ
1666 362 1796 396 ὀφείλετε

995 408 1132 442 διχονοεῖν,
1154 407 1210 434 ἀλλ’
1224 408 1252 434 ἐν
1264 405 1333 435 εἶναι
1347 407 1436 442 σῶμα.
1447 408 1482 434 Ἣ
1493 408 1534 435 ὃτι
1547 407 1658 443 πνεῦμα
1671 407 1795 434 ἐνταῦθα

994 456 1045 491 τὴν
1058 455 1213 491 προθυμίαν
1227 455 1314 482 καλεῖ.
1333 456 1368 482 ’Ἡ
1384 455 1421 487 ὼς
1433 455 1463 482 ἓν
1480 455 1556 487 ὄντες
1571 455 1685 490 πνεῦμα
1700 455 1750 481 καὶ
1764 454 1794 481 ἓν

996 500 1091 535 σῶμα·
1108 500 1194 532 οὕτως
1208 500 1263 535 γὰρ
1275 500 1419 535 ἐκλήθητε.

1033 644 1041 660 ι
1067 634 1110 660 Ἐν
1125 634 1173 669 μιᾷ
1185 633 1281 660 ἑλπίδι.
1303 642 1312 659 ›
1335 633 1365 660 '0
1382 633 1451 664 Θεὸς
1467 634 1551 668 ἡμᾶς,
1569 633 1664 669 φησιν,
1679 634 1728 660 ἐπὶ
1737 635 1796 666 τοῖς

996 680 1089 712 αὐτοῖς
1103 679 1242 712 ἐκάλεσεν,
1258 679 1345 706 οὐδενὶ
1357 679 1449 706 πλεῖον
1463 681 1615 714 ἀπονείμας
1625 681 1712 706 πᾶσιν
1728 680 1797 707 ἀθα-

995 726 1101 758 νασίαν,
1112 726 1181 752 πᾶσι
1197 725 1268 760 ζωὴν
1283 724 1392 751 αἰώνιον
1411 725 1604 760 ἐπηγγείλατο,
1625 726 1697 752 πᾶσι
1712 725 1795 757 δόξαν

994 771 1141 802 ἀθάνατον,
1165 772 1248 797 πᾶσιν
1279 769 1470 805 ἀδελφότητα,
1500 771 1568 797 πᾶσι
1593 771 1794 806 κληρονομίαν.

994 816 1079 851 Κοινὴ
1089 815 1198 842 πάντων
1207 815 1316 849 ἐγένετο
1326 816 1442 851 κεφαλή.
1453 815 1562 848 Πάντας
1576 818 1728 852 συνήγειρε
1744 817 1793 843 καὶ

158 861 247 888 factus
258 866 300 888 est
321 867 416 896 caput:
435 870 531 891 omnes
549 865 726 898 congregavit
748 869 774 891 et
794 865 942 892 consedere

1019 862 1180 888 wsxdetcsv.
1198 862 1227 888 ΕΞ
1244 861 1335 888 τοίνυν
1364 863 1393 887 ὲν
1415 862 1471 892 τοῖς
1480 863 1687 896 πνευματικοῖς,
1713 863 1791 897 φησὶ,

158 907 234 934 fecit.
252 907 279 934 Si
300 916 364 943 ergo
381 909 408 935 itt
423 909 627 944 ‘spiritttalibus,
654 911 753 945 inquit,
775 915 877 937 tantam
896 911 943 938 ha-

158 952 229 978 betis
259 954 549 987 communicationem,
579 955 685 982 debetis
712 959 739 982 ct
767 963 852 982 unum
881 963 942 983 esse

159 1005 259 1033 corpus
290 999 316 1026 in
345 999 488 1027 charitatis
512 1001 714 1027 commistione.
741 1010 750 1026 ι
784 1001 942 1027 Vocationis

157 1048 265 1071 vestrae.
286 1053 294 1069 ι
317 1043 383 1071 Nam
402 1047 494 1072 omnia
522 1054 581 1080 quae
606 1047 678 1073 dicta
703 1050 767 1073 sunt
786 1047 942 1073 communis

157 1088 235 1114 vobis
258 1096 320 1123 spes
340 1094 383 1116 est
404 1097 438 1117 ex
465 1091 608 1117 vocatione
635 1092 808 1125 proveniens.
836 1100 845 1117 ι
863 1091 942 1118 Unus

157 1132 299 1165 Dominus,
313 1142 366 1162 una
388 1136 453 1162 ﬁdes
465 1145 488 1163 .›
501 1136 571 1163 Ecce
591 1140 618 1163 et
629 1137 682 1163 alia
707 1138 940 1165 communicatio:

157 1187 228 1206 unus
252 1181 330 1209 nobis
357 1187 398 1209 est
417 1182 571 1215 Dominus,
598 1191 652 1210 una
678 1184 764 1216 lides,
788 1192 870 1210 unum
894 1185 942 1210 ba-

156 1225 257 1259 ptisma
277 1235 284 1253 :
306 1235 359 1255 non
377 1233 484 1263 oportet
512 1238 577 1264 ergo
597 1238 646 1258 nos
671 1230 816 1258 dissidere.
843 1239 852 1255 ι
867 1230 942 1257 [lnns

157 1269 228 1297 Deus
255 1276 281 1298 ct
308 1273 399 1301 Pater.
423 1283 432 1300 ι
460 1274 530 1302 Ecce
545 1281 570 1302 et
597 1277 650 1302 alia
678 1275 892 1302 comtnunicatio
915 1279 942 1302 et

158 1319 261 1343 amoris
289 1318 409 1349 occasio,
427 1319 499 1354 qttod
520 1320 555 1347 sit
573 1321 651 1347 nobis
670 1328 739 1347 ttntts
762 1320 843 1347 Pater
859 1320 938 1346 Deus.

161 1371 170 1386 ι
192 1360 223 1387 Ει
238 1370 322 1397 super
340 1371 445 1392 omnes.
462 1374 471 1390 ι
495 1365 561 1392 Nam
577 1366 623 1392 ὲπί
642 1374 690 1400 pro
704 1366 795 1392 ἐπάνω
821 1366 937 1401 capitur.

996 907 1131 941 τοσαύτην
1143 907 1218 942 ἔχετε
1231 907 1382 937 κοινωνίαν,
1394 907 1514 940 ὀφείλετε
1530 908 1577 934 καὶ
1588 907 1617 933 ἓν
1629 908 1713 941 σῶμα
1722 906 1792 934 εἶναι

996 952 1025 977 ἐν
1039 953 1070 986 τῇ
1082 951 1133 986 τῆς
1141 951 1250 985 ἀγάπης
1265 951 1427 986 ἀνακράσει.
1439 961 1447 976 ι
1463 951 1520 985 Τῆς
1533 951 1656 986 κλήσεως
1672 952 1764 986 ὑμῶν.
1781 963 1790 978 ν

997 997 1090 1023 Πάντα
1097 997 1190 1032 γὰρτὰ
1203 996 1336 1032 εἰρημένα
1345 997 1421 1031 κοινή
1437 997 1597 1032 ἐστινήμῶν
1608 997 1688 1029 ἐλπὶς
1699 998 1731 1024 ἐκ
1742 998 1791 1033 τῆς

994 1043 1116 1078 κλήσεως
1132 1043 1277 1077 γενομένη.
1294 1052 1302 1068 ι
1315 1040 1363 1074 Εἷς
1374 1042 1487 1078 Κύριος,
1506 1044 1555 1078 μία
1569 1043 1674 1076 πίστις.
1695 1054 1704 1069 ι
1725 1045 1790 1071 ’ῐδθέι

996 1089 1044 1116 καὶ
1055 1089 1121 1124 άλλη
1136 1089 1272 1115 κοινωνία.
1289 1085 1336 1119 Εἷς
1352 1089 1419 1123 ήμῖν
1435 1088 1548 1123 Κύριος,
1562 1090 1612 1124 μία
1633 1089 1739 1122 πίστις,
1761 1090 1790 1116 ἓν

999 1135 1150 1169 βάπτισμα.
1165 1134 1201 1160 Οὐ
1215 1134 1256 1160 δεῖ
1268 1131 1313 1159 οὖν
1327 1134 1400 1169 ἡμᾶς
1409 1133 1556 1162 διεστάναι.
1574 1145 1583 1161 ι
1598 1133 1647 1167 Εἷς
1664 1135 1734 1167 Θεὸς
1745 1137 1791 1162 καὶ

996 1180 1102 1214 Πατήρ.
1116 1188 1125 1204 ι
1143 1179 1208 1205 Ἰδοὺ
1216 1179 1262 1205 καὶ
1276 1179 1344 1214 ἄλλη
1352 1179 1547 1212 κοινωνία,καἰ
1560 1181 1673 1216 ἀγάπης
1682 1182 1791 1216 πρόφα-

996 1236 1048 1258 σις,
1058 1227 1088 1253 τδ
1098 1224 1239 1261 εἴναιήμῖν
1247 1226 1294 1252 ἕνα
1307 1227 1415 1262 Πατέρα
1421 1227 1468 1254 τὸν
1478 1228 1558 1256 Θεὸν.
1572 1238 1581 1254 ε
1597 1229 1652 1255 Καὶ
1662 1228 1710 1255 ἐπὶ
1720 1229 1789 1255 πάν-

994 1282 1059 1305 των,
1073 1282 1082 1297 ι
1094 1273 1261 1303 τουτέστιν,ὁ
1269 1272 1362 1298 ἐπάνω
1373 1273 1491 1300 πάντων.
1505 1282 1514 1299 ε
1522 1274 1576 1300 Καὶ
1583 1274 1626 1300 διὰ
1640 1274 1778 1306 mit/tow,»

994 1318 1145 1350 τουτέστιν,
1162 1318 1176 1344 ὁ
1202 1318 1323 1352 προνοῶν
1348 1319 1392 1345 διὰ
1417 1319 1526 1346 πάντων
1547 1320 1636 1354 ἡμῶν.
1657 1329 1667 1345 ‹
1687 1321 1744 1347 Καὶ
1758 1321 1786 1347 ὲν

992 1365 1075 1390 πᾶσιν
1092 1363 1168 1398 ἡμῖν,
1187 1372 1195 1388 ι
1209 1364 1356 1397 τουτέστιν,
1371 1365 1385 1391 ὁ
1399 1365 1513 1393 ὲνοικῶν
1523 1365 1552 1392 ὲν
1565 1366 1650 1392 πᾶσιν
1664 1366 1744 1401 ἡμῖν.

160 1415 169 1431 ι
187 1407 219 1433 Ει
243 1416 290 1442 per
308 1416 413 1436 omnes.
430 1419 440 1435 ι
467 1409 522 1437 l-loc
542 1415 594 1442 est,
617 1411 814 1446 providentiam
843 1419 926 1447 agens
945 1416 993 1445 per
1020 1415 1115 1435 omnes
1143 1415 1203 1435 “05-
1221 1417 1231 1434 (
1251 1409 1284 1436 El-
1301 1409 1328 1436 in
1343 1409 1470 1439 omnibus
1506 1411 1597 1439 n0bi5-
1616 1421 1625 1437 ³
1645 1411 1704 1439 Ηοε
1735 1415 1784 1444 εει»

157 1454 315 1490 inhabitans
330 1455 357 1482 in
374 1456 500 1484 omnibus
514 1457 602 1484 nobis.

193 1499 237 1531 lV,
267 1500 345 1529 7-15.
376 1501 470 1529 Verum
494 1504 633 1538 unicuique
660 1509 780 1530 nostrum
804 1505 869 1530 data
903 1508 940 1530 est
956 1506 977 1535 α

157 1547 245 1580 gratia
264 1545 345 1580 juxta
375 1556 524 1575 ntensuram
548 1549 700 1576 donationis
728 1550 838 1575 Christi.
865 1549 938 1581 Qua-

155 1596 262 1625 propter
283 1592 367 1619 dicit:
386 1592 449 1620 Cum
468 1595 619 1621 ascenderet
646 1595 672 1620 in
695 1595 791 1625 altum,
809 1595 940 1627 cupiit-am

155 1636 418 1672 duxitcaptivitatem
430 1645 454 1666 et
467 1640 539 1666 dedit
554 1640 624 1666 dona
636 1641 795 1667 hominibus.
810 1639 940 1667 therum

155 1681 224 1708 illud
243 1685 362 1710 ascendit
377 1685 440 1720 quid
458 1690 496 1712 est
512 1686 564 1712 nisi
581 1686 649 1720 quod
667 1687 745 1712 etiam
769 1686 941 1712 descenderat

155 1729 229 1761 prius
248 1731 275 1756 in
289 1731 395 1764 inﬁmas
418 1735 506 1763 partes
529 1732 625 1759 terrm?
639 1732 690 1765 Qui
716 1732 849 1758 descendit
872 1732 941 1758 idem

156 1773 201 1800 ille
225 1779 264 1801 est
295 1777 340 1806 qui
367 1777 447 1803 etiam
469 1778 585 1804 ascendit
609 1786 691 1812 supra
720 1786 810 1805 omnes
842 1778 939 1809 cwlos,

156 1823 185 1844 ut
219 1819 335 1854 impleret
367 1823 465 1848 omnia.
488 1822 523 1849 Et
554 1822 622 1849 idem
644 1823 715 1850 dedit
743 1824 809 1850 alios
836 1823 940 1858 quidem

155 1867 299 1899 apostolos,
312 1867 379 1894 alios
395 1876 453 1895 vero
463 1868 612 1903 prop/tetas,
624 1869 692 1896 alios
708 1874 797 1896 autem
812 1870 941 1904 evangeli-

156 1911 229 1943 stas‘,
247 1913 314 1940 alios
335 1922 394 1941 vero
408 1920 527 1949 pastores
545 1923 575 1942 ac
590 1916 709 1942 doctores
722 1915 757 1942 ad
770 1916 942 1942 instauratio-

154 1967 212 1986 nem
229 1965 391 1992 sanctorum,
415 1961 442 1986 in
457 1968 522 1994 opus
537 1961 789 1992 administrationis,
813 1961 840 1988 in
854 1962 940 1994 (udi/i-

154 2003 281 2029 cationem
294 2003 411 2036 corporis
427 2003 537 2033 Christi,
550 2004 631 2030 donec
643 2006 825 2037 perveniamus
849 2013 939 2032 omnes

154 2047 324 2073 inanitatem
343 2047 406 2080 ﬁdei
433 2052 458 2074 et
479 2048 655 2082 cognitionem
681 2048 747 2075 Filii
774 2048 834 2081 Dei,
859 2050 887 2076 in
902 2050 940 2076 ui-

154 2100 214 2118 rum
237 2092 391 2127 perfectum,
413 2094 441 2120 in
469 2101 620 2120 mensuram
644 2095 733 2121 celatis
766 2095 940 2129 plenitudinis

155 2138 264 2166 Christi.

1034 1501 1091 1528 ἐνι
1105 1501 1139 1528 δὲ
1157 1494 1276 1534 extim
1298 1502 1383 1536 ἡμῶν
1403 1502 1493 1536 ἐδόθη
1514 1503 1532 1537 τ’,
1549 1503 1636 1538 χάρις
1655 1505 1733 1531 κατὰ
1748 1504 1780 1531 τὸ

988 1546 1098 1581 μέτρον
1106 1547 1160 1581 τῆς
1169 1547 1280 1581 δωρεᾶς
1289 1548 1342 1574 τοῦ
1351 1548 1489 1582 Χριστοῦ.
1500 1550 1548 1575 Διὸ
1557 1549 1638 1584 λέγει
1645 1559 1651 1564 ·
1659 1549 1785 1582 Ἀναϐὰς

994 1593 1037 1624 εὶς
1048 1592 1137 1626 ὕψος,
1151 1593 1388 1627 ᾐχμαλώτευσεν
1398 1595 1616 1628 αἰχμαλωσίαν,
1629 1595 1680 1622 καὶ
1696 1595 1787 1622 ἔδωκε

991 1636 1104 1670 δόματα
1120 1637 1181 1670 τοῖς
1193 1638 1261 1671 ἁνθί
1268 1638 1369 1671 ώποις,
1393 1639 1427 1665 Τὸ
1443 1638 1477 1664 δὲ
1493 1639 1584 1673 ἀνέϐη
1597 1640 1626 1666 τί
1645 1640 1744 1672 ἐστιν,
1759 1642 1785 1667 ει

988 1682 1085 1717 μὴότι
1097 1683 1263 1718 καὶκατέεη
1278 1686 1321 1717 εἰς
1338 1686 1373 1712 τὰ
1384 1685 1532 1720 κατώτερα
1541 1686 1617 1721 μέρη
1639 1687 1696 1720 τῆς
1711 1687 1784 1722 γῆς

992 1730 1146 1762 όκαταόὰς
1154 1730 1245 1763 αὐτός
1258 1731 1323 1757 ἐστι
1338 1732 1385 1757 καὶ
1404 1733 1420 1758 ὀ
1435 1732 1550 1765 ἀναϐὰς
1559 1733 1699 1768 ὑπεράνω
1712 1734 1784 1760 πάν-

992 1783 1051 1801 των
1066 1775 1126 1801 τῶν
1154 1775 1301 1810 οὐρανῶν,
1316 1777 1365 1804 ἵνα
1386 1778 1532 1812 πληρώσῃ
1552 1777 1588 1804 τὰ
1605 1778 1716 1806 πάντα.
1732 1780 1783 1806 Καὶ

991 1822 1083 1854 αὐτὸς
1098 1821 1191 1848 ἔδωκε
1206 1822 1277 1855 τοὺς
1294 1823 1353 1857 μὲν
1366 1823 1569 1856 ἀποστόλους,
1578 1824 1648 1858 τοὺς
1665 1824 1701 1851 δὲ
1714 1834 1784 1859 προ-

991 1867 1099 1902 φήτας,
1117 1867 1187 1901 τοὺς
1211 1868 1244 1894 δὲ
1267 1869 1494 1903 εὐαγγελιστάς,
1505 1870 1576 1903 τοὺς
1590 1870 1624 1896 δὲ
1639 1872 1783 1906 ποιμένας

992 1913 1040 1939 καὶ
1069 1913 1285 1946 διδασκάλους,
1312 1914 1388 1947 πρὸς
1415 1914 1468 1941 τὸν
1494 1916 1701 1950 καταρτισμὸν
1726 1916 1783 1943 τῶν

991 1958 1093 1992 ἁγίων,
1117 1960 1161 1991 εΙς
1186 1959 1276 1994 ἔργον
1295 1960 1460 1994 διακονίας,
1484 1962 1527 1994 εἰς
1543 1962 1709 1997 οἰκοδομὴν
1731 1963 1782 1990 τοῦ

991 2003 1128 2038 σώματος
1144 2004 1197 2031 τοῦ
1219 2005 1360 2039 Χριστοῦ,
1381 2007 1472 2041 μέχρι
1499 2008 1737 2042 καταντήσωμεν
1755 2010 1782 2036 οι

991 2048 1102 2082 πάντες
1124 2051 1168 2082 εὶς
1193 2051 1250 2083 τὴν
1277 2051 1404 2084 ἑνότητα
1430 2052 1484 2086 τῆς
1511 2053 1641 2085 πίστεως
1658 2054 1708 2080 καὶ
1729 2054 1781 2088 τῆς

990 2093 1181 2128 ἐπιγνώσεως
1193 2095 1246 2122 τοῦ
1258 2096 1326 2122 Υἰοῦ
1334 2096 1386 2123 τοῦ
1398 2097 1482 2128 Θεοῦ,
1493 2099 1535 2130 εἰς
1549 2098 1644 2132 ἄνδρα
1653 2099 1778 2132 τέλειον,

991 2141 1034 2172 εὶς
1044 2140 1155 2174 μέτρον
1167 2142 1289 2175 ἡλικίας
1304 2142 1357 2168 τοῦ
1367 2143 1564 2177 πληρώματος
1576 2145 1628 2171 τοῦ
1639 2146 1778 2180 Χριστοῦ.

189 2185 244 2221 34
258 2184 285 2212 Si
298 2187 391 2214 omnia
400 2191 429 2214 ut
442 2187 512 2214 dicis
526 2188 682 2215 communia
695 2191 770 2220 sunt,
788 2188 861 2215 uude
874 2196 938 2223 pro-

1028 2172 1058 2212 [ἐξ
1074 2172 1162 2213 παντα
1179 2172 1251 2213 ἐστὶν
1269 2172 1307 2218 ὧς
1320 2188 1409 2222 λέγεις
1422 2172 1513 2221 Ξοιῦὰ,
1530 2172 1611 2216 ’ποθεν
1626 2192 1640 2216 ὁ
1657 2172 1709 2225 μὲν

155 2232 230 2258 venit
252 2236 282 2259 ut
296 2232 341 2260 hic
358 2233 467 2266 quidem
487 2233 631 2267 majorem,
654 2233 703 2261 ille
713 2241 777 2261 vero
803 2234 935 2261 minorem

155 2277 237 2304 habet
264 2279 402 2313 gratiam?
432 2287 494 2306 nam
527 2279 579 2306 hoc
600 2279 774 2313 potissintum
801 2280 875 2314 ipsos
905 2279 938 2306 ad

154 2323 285 2350 invidiam
308 2324 441 2350 ducebat:
457 2327 484 2350 et
500 2323 556 2356 ait;
571 2323 724 2358 Unicuique
740 2325 801 2351 data
814 2330 856 2352 est
877 2332 940 2358 gra-

153 2369 211 2402 tia,
237 2368 263 2394 id
286 2373 340 2400 est,
365 2370 467 2396 donum
495 2369 572 2403 juxta
600 2378 756 2396 mensuram
781 2370 938 2398 donationis

154 2414 257 2442 Christi
274 2423 306 2442 ac
321 2415 343 2442 si
360 2415 484 2442 diceret:
509 2414 537 2441 Si
563 2415 621 2449 ipse
644 2423 754 2443 mensus
766 2421 808 2442 est
826 2416 937 2442 omnino

153 2465 227 2488 recte
241 2469 351 2488 ntensus
363 2466 415 2493 est,
432 2461 542 2488 omnino
554 2467 581 2489 et
595 2462 707 2489 utiliter.
721 2462 753 2489 Et
768 2462 790 2489 si
804 2461 870 2488 doni
883 2465 935 2493 est,

154 2507 285 2542 qttidquid
308 2508 374 2535 illud
400 2514 441 2535 est
461 2508 533 2543 quod
560 2509 700 2543 accepisti,
719 2515 768 2543 pro
787 2515 819 2534 eo
834 2508 938 2542 gratias

155 2561 222 2588 age:
246 2561 294 2588 pro
304 2561 337 2581 eo
350 2562 414 2581 vero
426 2554 498 2589 quod
517 2563 568 2582 ll0n
583 2554 726 2589 accepisti,
744 2561 779 2580 ne
793 2552 936 2580 invideas:

156 2599 255 2626 donum
273 2600 345 2627 euiut
360 2604 401 2628 est
416 2609 422 2627 :
442 2605 568 2635 tanquam
583 2601 703 2627 diceret:
727 2599 807 2626 Novit
819 2599 864 2633 qui
879 2599 937 2626 dis-

157 2645 252 2672 tribuit
268 2653 299 2672 ac
325 2646 446 2678 donavit,
469 2647 606 2681 quomodo
624 2649 698 2673 recte
722 2649 750 2672 et
766 2644 871 2671 utiliter
886 2645 937 2672 hoc

156 2690 261 2718 fecerit.
286 2691 346 2718 Alia
362 2692 496 2726 siquidem
524 2691 708 2718 communiter
732 2694 935 2725 proponuntur,

156 2735 226 2762 dona
243 2744 308 2764 vero
332 2738 394 2764 data
408 2742 472 2765 sunt
485 2737 562 2771 juxta
581 2737 786 2771 proportionem
808 2737 938 2771 puritatis

156 2782 383 2817 uniuscujusque.
405 2783 578 2818 Quapropter
599 2782 666 2809 dicit
688 2791 695 2809 :
719 2792 728 2808 ι
743 2782 809 2809 Cum
837 2790 936 2810 ascen—

156 2826 231 2854 deret
252 2828 278 2854 in
297 2828 391 2855 altunt.
410 2838 418 2854 )
438 2829 470 2855 Et
494 2830 564 2863 quod
587 2827 686 2864 gratia,
710 2828 808 2863 inquit,
834 2829 935 2856 donum

992 2231 1049 2264 ζον,
1067 2232 1119 2258 ὸδὲ
1136 2231 1246 2258 ἔλαττον
1275 2233 1331 2267 ἔχει
1354 2234 1491 2269 χάρισμας
1509 2234 1594 2261 Τοῦτο
1607 2236 1662 2270 γὰρ
1683 2238 1778 2268 αὐτοὺς

989 2279 1030 2308 εἰς
1044 2278 1140 2311 φθόνον
1158 2278 1276 2313 μάλιστα
1290 2277 1352 2313 ἦγε,
1373 2279 1420 2305 καί
1443 2288 1534 2314 φησιν.
1558 2280 1686 2317 Ἐκάστῳ
1703 2283 1776 2318 ἐδόθη

988 2323 1104 2358 ήχάρις,
1117 2324 1253 2355 τουτέστι,
1272 2324 1302 2350 τὸ
1329 2325 1462 2359 χάρισμα,
1479 2326 1551 2352 κατὰ
1571 2326 1602 2353 τὸ
1616 2329 1717 2363 μέτρον
1732 2330 1776 2363 τῆς

987 2368 1091 2403 δωρεᾶς
1105 2368 1151 2395 τοῦ
1166 2369 1296 2404 Χριστοῦ,
1312 2369 1377 2395 ὡσεὶ
1386 2368 1462 2396 εἶπεν
1472 2378 1480 2386 ο
1498 2371 1529 2397 Εἰ
1544 2371 1622 2402 αὐτὸς
1632 2373 1774 2408 ἐμέτρησε,

989 2414 1098 2444 πάντως
1127 2414 1168 2439 ὅτι
1198 2414 1288 2445 καλῶς
1315 2414 1461 2449 ὲμέτρησε,
1478 2416 1587 2447 πάντως
1612 2417 1661 2443 καὶ
1676 2426 1775 2452 συμφει

991 2459 1103 2494 ρόντως.
1121 2459 1176 2486 Καὶ
1199 2460 1223 2486 εἰ
1246 2459 1350 2494 δωρεᾶς
1370 2462 1429 2487 ἐστι
1452 2461 1483 2488 τὸ
1502 2464 1567 2494 πᾶν,
1587 2463 1658 2498 ὑπὲρ
1678 2465 1727 2498 μὲν
1746 2461 1774 2490 οὗ

990 2505 1086 2537 ἐλαῦες
1097 2506 1266 2541 εὐχαρίστει,
1280 2506 1348 2540 ὑπὲρ
1363 2506 1392 2532 δὲ
1406 2504 1435 2534 οὗ
1450 2507 1499 2534 οὐκ
1512 2507 1618 2539 ἔλαϐες,
1629 2509 1667 2543 μὴ
1675 2509 1772 2544 φθόνει.

990 2552 1084 2586 Δωρεὰ
1097 2552 1150 2586 γάρ
1165 2553 1250 2585 ἐστιν,
1267 2552 1332 2578 ὡσεὶ
1347 2551 1424 2579 εἷπεν
1437 2561 1444 2569 ’
1459 2551 1529 2579 οἶδεν
1545 2554 1559 2579 ὁ
1576 2555 1718 2590 μετρήσας
1731 2555 1773 2581 καὶ

990 2597 1194 2633 δωρησάμενος,
1223 2598 1281 2629 πῶς
1296 2598 1386 2630 καλῶς
1408 2600 1455 2625 καὶ
1479 2601 1675 2635 συμφερόντως
1698 2601 1773 2628 τοῦτο

991 2644 1136 2678 πεποίηκε,
1157 2644 1196 2670 Τὰ
1222 2644 1272 2678 μὲν
1295 2644 1348 2679 γὰρ
1377 2645 1455 2676 ἄλλα,
1470 2646 1548 2671 κοινὰ
1572 2646 1726 2680 πρόκειται,
1742 2647 1772 2673 τὰ

990 2690 1019 2716 δὲ
1034 2691 1191 2725 χαρίσματα
1219 2690 1323 2716 δέδοται
1337 2691 1409 2716 κατὰ
1420 2691 1469 2726 τήν
1491 2691 1638 2724 ἀναλογίαν
1649 2693 1699 2725 τῆς
1713 2693 1772 2719 ἑκά-

992 2745 1054 2763 στου
1072 2736 1268 2770 καθαρότητος.
1290 2736 1335 2761 Διὸ
1347 2736 1432 2769 λέγει,
1451 2746 1460 2762 ι
1484 2737 1599 2768 Ἀναὸὰς
1613 2739 1653 2769 εἰς
1668 2738 1742 2772 ὕψος.
1759 2747 1767 2763 ι

991 2783 1045 2810 Καὶ
1061 2783 1112 2815 ὅτι,
1139 2782 1233 2816 φησιν,
1256 2782 1273 2815 ὴ
1298 2782 1378 2816 χάρις
1400 2782 1489 2817 δωρεὰ
1507 2784 1566 2809 ἐστι
1579 2783 1626 2810 τοῦ
1645 2783 1768 2818 Χριστοῦ,

991 2831 1036 2855 καὶ
1051 2829 1130 2859 αὖτις
1146 2827 1283 2862 μετρήσας
1301 2827 1411 2861 ἔδωκεν,
1422 2828 1515 2862 ἄκουε,
1530 2829 1607 2865 φησὶ,
1621 2830 1669 2858 τοῦ
1684 2830 1768 2858 Δαυὲδ.
