1864 3048
43 151 119 183 1217
613 159 779 189 ΟΟΜΜΕΝἾ

984 160 1001 190 7.
1019 161 1070 190 AD
1090 162 1221 192 EPHES.
1651 166 1720 200 1218

41 209 82 235 To
97 209 145 241 δὲ.
171 218 183 235 ι
211 210 355 244 Ἀναϐὰς
387 214 426 245 εἰς
458 213 535 249 ὕψος,
557 225 565 240 ι
585 215 702 251 ἀλλαχοῦ
725 216 777 250 λέγι

984 215 1096 249 Christi,
1112 221 1139 244 et
1151 219 1208 252 ipse
1219 217 1412 246 distribuendo
1420 219 1607 253 dederit,audi
1621 221 1715 251 David:

45 264 55 280 ι
75 255 229 292 Ἐτιῄροη
252 259 275 294 ἡ
295 260 524 296 μεγαλοπρέπειά
535 269 582 288 σου
594 261 721 296 ὑπεράνω
737 262 781 288 τῶί

979 261 1012 287 od
1038 266 1129 289 autem
1150 263 1204 292 ait:
1236 273 1245 288 ι
1265 264 1332 291 Cum
1356 265 1518 293 ascenderet
1534 267 1560 294 iu
1588 267 1684 300 altum,
1705 279 1713 295 ι

43 300 116 328 νῶν.
140 311 152 327 ι
176 302 267 330 Τίνα
303 305 333 331 δὲ
350 306 580 341 ῄχμαλὼτευσεν;
596 308 670 342 ἡμᾶς
693 308 779 342 δηλονι

980 307 1000 332 )i
1017 306 1104 334 dicit:
1125 317 1134 332 ι
1146 308 1255 335 Elevata
1280 314 1322 336 est
1345 310 1546 345 magniﬁcentia
1573 317 1618 340 tua
1635 321 1716 348 super

44 347 144 382 καλὴν
161 349 222 375 καὶ
262 351 466 385 συμφέρουσαν
484 352 683 387 αἰχμαλωσίαν.
701 352 780 387 Πολέι

980 350 1017 378 los
1033 351 1090 385 "4»
1107 351 1193 385 Quem
1209 357 1300 380 autem
1314 353 1391 382 duxit
1404 356 1540 390 captivum
1552 357 1564 384 ἰ
1577 366 1627 385 nos
1643 347 1716 386 vide-

43 393 145 429 νοητῷ
154 395 235 428 νική
241 404 308 428 σας
315 397 362 423 τὸν
369 398 501 430 διάϐολον,
512 399 701 433 αἰχμαλώτους
710 396 779 425 εἷλεν

976 400 1006 428 at,
1019 397 1161 431 pulchram
1176 403 1203 425 et
1220 400 1314 426 utilem
1332 401 1530 435 captivitatem.
1557 403 1625 430 Cum
1640 406 1712 432 enim

46 439 99 474 οὑχ
135 440 190 466 ἵνα
219 442 479 479 καταδουλώσηται
504 444 574 479 (πῶς
592 444 654 476 τοὺς
673 444 753 476 ὄντας
773 445 782 471 ἓ

979 442 1069 469 rituali
1090 442 1162 470 bello
1181 444 1293 472 vicisset
1316 445 1468 480 diabolum,
1497 455 1547 474 nos
1569 449 1631 476 tulit
1651 458 1714 485 cap-

46 485 98 511 καὶ
116 485 236 521 πάλαι)
252 507 260 519 ,
291 487 350 514 ἀλλ’
368 488 411 515 ἵνα
434 489 484 523 τῆς
499 490 600 525 πικρᾶς
618 490 758 527 ἀπαλλάξῃ
778 499 880 527 τυραν-

49 533 127 564 νίδος
144 534 202 560 τοῦ
225 538 374 570 πονηροῦ.
391 536 470 568 Τινὲς
499 536 528 563 δὲ
544 538 590 563 ἐπὶ
611 537 658 564 τοῦ
675 539 790 574 σταυροῦ
802 539 880 566 τοῦτο

48 577 193 611 ἐνόησαν.
229 579 361 612 Ἀναϐὰς
385 581 430 608 ἐπὶ
446 581 493 608 τοῦ
513 583 640 617 σταυροῦ,
657 584 877 619 ᾐχμαλώτευσεν.

48 637 87 643 -
98 623 221 660 [ΦΩΤ.]
253 625 471 661 ’ῌχμαλώτευσε
497 628 547 662 μὲν
565 628 610 654 τὸν
624 628 757 657 διάϐολον.
775 630 878 657 Ἔδωκε

48 668 78 695 δὲ
95 669 168 695 ἀντὶ
185 671 345 705 τιμωρίας
356 671 459 704 δόματα
476 673 524 699 καὶ
535 673 691 709 χαρίσματα
708 676 764 706 τοῖς
777 677 878 711 αἰχμα-

52 715 246 743 λωτισθεῖσι.
271 725 283 742 ε
303 717 356 743 Καὶ
371 717 454 744 ἔδωκε
477 719 593 753 δόματα.
611 729 620 745 ι
643 721 725 747 ’Ὠστε
745 721 791 748 τοῦ
808 723 876 758 Χρι-

53 760 123 786 στοῦ
140 761 283 796 δόματα.
298 762 332 790 Τί
345 760 391 790 οὖν
405 764 549 799 ἀδημονείς
561 766 627 792 πολὺ
640 766 676 801 μὴ
691 766 771 802 ἔχων,
783 768 799 803 ἥ
814 768 877 803 φθο-

54 806 114 837 νεῖς
147 806 194 841 τῷ
219 806 340 842 ἐχοντι;
360 808 415 836 Καὶ
428 805 478 835 ὧδε
497 809 556 844 μὲν,
571 809 667 842 οὕτως.
693 812 875 847 Παρακατιὼν

53 851 83 877 δὲ
99 851 265 879 δείκνυσιν
280 853 322 880 ὅτι
340 853 408 889 πρὸς
422 853 554 889 ὠφέλειαν
563 856 613 890 τῆς
631 856 794 892 Ἑκκλησίας
808 858 875 885 ἕκα-

58 906 125 929 στος
141 897 237 925 ἔλαϐε
257 899 292 926 τὸ
307 899 439 935 χάρισμα,
458 901 505 927 καὶ
518 901 532 927 ό
546 902 576 927 τὸ
595 902 665 936 μέγα
678 902 769 930 λαϐὼν
790 903 837 930 καὶ
861 905 875 931 ὁ

56 942 88 968 τὸ
101 942 144 978 μὴ
160 943 316 977 τοιοῦτον,
325 945 373 972 καὶ
384 945 414 972 οὗ
425 945 468 972 διὰ
481 946 515 972 τὰ
525 946 611 973 οἰκεῖα
627 946 706 981 ἔργα,
718 948 778 975 οὐδὲ
787 948 830 976 διὰ
845 948 875 975 τὸ

59 988 140 1020 eam
159 988 242 1016 εἶναι
279 1000 340 1018 τινα
365 991 414 1018 τοῦ
429 991 531 1019 λαϐεῖν.
552 992 600 1024 Τις
617 991 663 1020 οὖν
678 993 820 1029 φθονήσειε
836 995 874 1030 τῷ

59 1033 105 1060 διά
119 1043 148 1061 τι
164 1035 318 1070 εἰληφότι,
347 1037 395 1063 καὶ
411 1037 479 1072 πρὸς
501 1038 602 1073 ἑτέρων
624 1037 776 1074 ὠφέλειαν;
793 1041 874 1068 Ὅσον

63 1080 120 1115 γὰρ
138 1081 244 1114 μεῖζον
257 1081 291 1108 τὺ
301 1082 432 1118 χάρισμα,
445 1084 570 1111 τοσοῦτον
580 1085 772 1121 ἀκριϐέστεραι
784 1086 813 1113 αἰ
827 1087 872 1113 εὑ-

63 1125 156 1154 θύναι.
175 1136 186 1152 ι
201 1127 265 1154 Καὶ
281 1127 364 1154 ἔδωκε
379 1127 510 1163 δόματα.)
526 1129 624 1156 Λαϐὼν
637 1130 691 1166 γὰρ
706 1130 755 1166 τὴν
770 1131 872 1166 πίστιν,

66 1172 234 1200 ἀντιδίδωσι
254 1174 308 1209 τὴν
329 1173 418 1210 χάριν.
434 1174 471 1201 Τὸ
484 1174 524 1207 δὲ,
541 1184 551 1201 ι
573 1176 681 1211 Ἀνέϐη,
706 1177 733 1203 τί
748 1177 840 1212 ἐστιν;
861 1188 869 1205 ι

65 1218 125 1243 Οὐκ
152 1217 190 1244 ἂν
205 1218 252 1251 δὲ,
270 1219 364 1254 φησὶν,
387 1219 484 1255 ἐδεήθη
499 1221 512 1247 ὁ
532 1221 674 1257 προφήτης
703 1222 751 1250 τοῦ
773 1223 871 1256 εἰπεῖν,

71 1264 189 1300 ’Δνέ6η,
207 1266 235 1291 εἰ
255 1265 296 1301 μὴ
308 1265 365 1301 ᾔδει
381 1266 422 1293 ὅτι
432 1266 533 1303 κατέϐη
550 1268 669 1303 πρῶτον.
679 1269 747 1304 Περὶ
759 1270 812 1305 γὰρ
824 1269 871 1297 τοῦ

69 1310 263 1343 καταϐάντος,
283 1311 323 1344 τὸ,
339 1311 434 1346 ἀνέϐη,
445 1312 518 1346 λέγει
531 1321 584 1343 τις.
599 1328 631 1333 -
651 1314 751 1351 [ΦΩΤ.]
764 1315 871 1352 Ἐπειδὴ

70 1357 84 1382 δ
101 1356 307 1392 ἀ.να6αίνων,ἢ
319 1358 347 1384 ὲν
357 1358 396 1393 τῷ
407 1358 561 1385 ἀναϐαίνειν
576 1359 707 1395 λαμϐάνει
722 1362 771 1396 τὴν
784 1363 871 1398 ἀρχὴν

71 1401 117 1428 τοῦ
132 1402 192 1430 ἄνω
205 1403 349 1436 γενέσθαι,
367 1404 460 1439 ὥσπερ
475 1405 520 1431 ὅτε
534 1414 576 1438 τις
589 1406 744 1442 ἀπάρχεται
756 1408 870 1436 ἀναϐαί-

71 1453 126 1472 νειν
148 1446 188 1482 μὴ
207 1447 250 1474 ὢν
281 1447 310 1479 ἐξ
336 1448 423 1483 ἀρχῆς
438 1447 504 1481 ἄνω,
524 1449 539 1485 ἢ
555 1450 586 1476 οὐ
607 1450 655 1477 νῦν
670 1451 805 1487 λαμϐάνει
820 1453 870 1490 τὴν

73 1491 163 1527 ἀρχὴν
176 1492 229 1527 τῆς
244 1493 351 1526 ἀνόδου,
363 1493 421 1520 ἀλλ’
434 1494 482 1521 ἀπ’
495 1494 582 1530 ἀρχῆς
595 1496 643 1530 μὲν
654 1494 687 1533 ἦν
700 1498 766 1532 ἄνω,
782 1507 868 1526 κατα-

931 487 1001 514 tivos
1014 507 1022 520 ,
1040 495 1094 515 non
1110 493 1140 515 ut
1154 490 1282 517 servituti
1303 491 1459 526 subjiceret.
1475 493 1624 528 (quomodo
1640 496 1710 522 enim

930 532 982 560 hoc
995 533 1106 561 fecisset
1118 541 1180 562 cum
1190 535 1246 570 jam
1264 537 1328 563 olim
1347 538 1417 564 servi
1432 540 1596 575 essemus?)
1620 541 1666 568 sed
1683 547 1712 569 ut

930 578 963 605 ab
983 587 1076 606 amara
1098 579 1173 608 illius
1191 582 1314 615 perversi
1331 583 1475 617 tyrannide
1493 584 1629 613 liberaret.
1646 587 1712 620 Qui-

929 624 990 651 dam
1006 633 1070 652 vero
1087 625 1121 653 de
1147 633 1229 654 cruce
1246 627 1298 655 hoc
1314 628 1518 661 intellexerunt,
1534 638 1596 658 cum
1614 639 1711 660 ascen-

928 670 1005 698 deret
1017 671 1043 698 in
1055 679 1175 705 crucem,
1193 673 1326 708 captivam
1341 674 1427 702 duxit.
1439 690 1475 695 —
1489 676 1631 711 Captivum
1649 679 1710 712 qui-

927 715 991 744 dem
1008 717 1086 744 duxit
1113 717 1250 745 diabolum
1267 727 1275 746 ε
1292 719 1355 746 ioco
1370 725 1459 747 autem
1486 723 1612 757 supplicii
1635 724 1708 751 dedit

927 761 1000 788 dona
1016 766 1043 789 et
1053 763 1155 798 gratias
1174 763 1216 790 his
1230 764 1275 798 qui
1292 765 1389 797 captivi
1404 765 1508 792 fuerant
1520 767 1632 795 detenti.
1649 778 1658 793 ι
1677 769 1709 796 Et

926 807 1001 835 dedit
1016 809 1096 837 dona.
1117 818 1126 835 ι
1142 809 1243 836 Christi
1257 810 1349 844 itaque
1369 811 1438 837 dona
1458 816 1521 838 sunt
1534 821 1541 839 :
1554 814 1615 847 quid
1628 815 1710 847 igitur

928 853 1082 888 indignaris
1097 855 1170 889 quod
1187 855 1301 882 multum
1324 863 1376 883 non
1407 857 1506 885 habeas
1530 863 1575 885 aut
1601 859 1706 887 invides

927 899 1036 926 habenti
1051 900 1061 926 ?
1077 899 1109 926 Et
1125 899 1168 926 hic
1192 900 1301 935 quidem
1320 900 1357 928 ita
1374 905 1429 944 est‘
1444 903 1577 929 Cat-terum
1595 904 1709 931 ulterius

926 945 1118 973 descendendo
1135 946 1256 973 ostendit
1270 946 1342 980 quod
1365 947 1396 973 ad
1416 948 1561 975 utilitatem
1579 949 1708 978 Ecclesia:

925 992 1041 1027 quisque
1052 992 1153 1019 donum
1172 993 1319 1026 acceperit,
1337 997 1364 1020 et
1383 993 1429 1029 qui
1450 1002 1577 1028 magnum
1590 997 1707 1031 accepit,

925 1042 951 1066 et
962 1039 1008 1073 qui
1030 1046 1083 1065 non
1101 1038 1165 1070 tale,
1184 1043 1211 1066 et
1226 1046 1280 1066 non
1296 1044 1407 1074 propter
1424 1040 1533 1074 propria
1550 1048 1644 1075 opera,
1659 1050 1708 1069 nc-

924 1091 977 1118 que
990 1085 1062 1119 quod
1082 1085 1180 1119 dignus
1196 1089 1273 1112 esset
1288 1085 1423 1119 quispiam
1449 1086 1482 1113 ad
1504 1087 1705 1121 accipiendum.

924 1131 991 1164 Quis
1011 1139 1076 1166 ergo
1094 1131 1215 1158 invidere
1229 1131 1327 1166 poterit
1342 1131 1365 1158 ei
1381 1131 1426 1166 qui
1453 1136 1562 1166 propter
1586 1133 1703 1168 aliquam

924 1184 1035 1205 causam
1048 1183 1073 1204 et
1086 1177 1117 1204 ad
1134 1177 1249 1204 aliorum
1267 1177 1442 1204 commodum
1463 1178 1589 1212 accepit?
1603 1183 1706 1213 quanto

923 1223 997 1251 enim
1024 1223 1112 1257 majus
1137 1226 1180 1250 est
1197 1222 1310 1255 donum,
1331 1226 1408 1250 tanto
1428 1223 1552 1250 exactius
1568 1223 1622 1250 erit
1640 1225 1703 1251 red—

922 1268 1011 1296 denda
1033 1268 1114 1297 ratio.
1141 1277 1150 1294 t
1169 1267 1202 1295 Et
1215 1268 1288 1295 dedit
1300 1269 1379 1295 dona.
1396 1277 1405 1294 ι
1421 1267 1487 1295 Nam
1504 1269 1550 1300 qui
1564 1269 1642 1296 {idem
1657 1278 1706 1296 περ

922 1315 994 1350 cepit
1010 1314 1100 1342 reddit
1119 1315 1247 1350 gratiam.
1274 1323 1282 1339 ι
1307 1314 1440 1341 Caeterum
1459 1314 1544 1341 illud:
1571 1314 1701 1342 Ascendit

921 1359 985 1395 quid
1002 1360 1084 1387 est?)
1103 1359 1191 1393 Nihil,
1203 1360 1301 1395 inquit,
1321 1367 1433 1388 necesse
1453 1360 1549 1389 fuissr't
1564 1362 1702 1396 prophetae

922 1405 1028 1433 dicere:
1046 1405 1187 1437 Ascendit,
1204 1405 1257 1432 nisi
1279 1405 1400 1432 n0visset
1418 1413 1477 1432 eum
1493 1406 1569 1440 prius
1587 1407 1700 1433 descen-

921 1451 1007 1480 disse.
1019 1451 1086 1478 Nam
1103 1452 1136 1478 de
1151 1459 1184 1478 eo
1194 1451 1239 1486 qui
1256 1452 1331 1486 prius
1345 1451 1526 1479 descenderat
1542 1451 1610 1479 solet
1625 1452 1701 1486 quis-

922 1498 994 1532 piam
1010 1497 1115 1524 dicere:
1133 1496 1316 1523 Asccndit.—
1328 1496 1462 1529 Quoniam
1479 1497 1502 1524 is
1517 1498 1561 1531 qui
1580 1498 1705 1525 ascendit

75 1536 125 1569 ϐὰς
142 1537 172 1564 δὲ
204 1539 326 1572 ἐκεῖθεν,
349 1539 397 1567 νῦν
414 1541 495 1568 πάλιν
519 1542 632 1575 ἄνεισιν,
655 1543 740 1571 εἰπὼν
754 1546 811 1573 ἀναέ

964 1549 970 1571 L
994 1545 1020 1570 in
1041 1551 1073 1571 eo
1087 1542 1158 1578 quod
1173 1542 1307 1574 ascendit,
1326 1543 1433 1569 initium
1455 1544 1541 1570 sumit
1557 1549 1585 1570 ut
1599 1544 1626 1571 in
1641 1545 1700 1572 loco

76 1583 227 1618 ἑρμηνεύει
262 1585 321 1617 πῶς
345 1586 385 1612 δεῖ
406 1588 476 1613 νοεῖν
492 1587 522 1614 τὺ
548 1588 659 1621 ἀναϐάς.
684 1589 745 1617 ’Ότι
765 1591 813 1626 οὐχ
832 1592 870 1625 ὡς

76 1628 133 1661 νῦν,
152 1630 254 1664 φησὶν,
270 1630 422 1667 ἀρξάμενος
439 1633 596 1660 ἀναϐαίνειν
607 1632 652 1669 (ἧν
667 1635 721 1670 γὰρ
740 1635 769 1669 ἐξ
782 1637 870 1672 ἀρχῆς

78 1675 106 1702 ὲν
122 1675 161 1710 τῷ
176 1676 244 1710 ὕψει
270 1678 319 1713 τῆς
341 1678 434 1714 θεῐκῆς
449 1679 526 1711 ἀξίας
540 1680 587 1706 καὶ
601 1680 651 1715 τῆς
669 1683 806 1718 πατρικῆς
824 1683 869 1710 δό-

76 1721 148 1756 ξης),
162 1723 225 1750 ἀλλ’
244 1723 284 1756 ὡς
297 1724 350 1751 ἀπὺ
363 1724 413 1760 τῆς
437 1725 508 1752 κατὰ
523 1725 572 1761 τὴν
588 1727 745 1762 οἰκονομίαν
763 1736 868 1761 συγκα-

79 1768 233 1802 ταϐάσεως,
252 1772 298 1805 καὶ
323 1770 403 1806 μέχρι
417 1770 466 1806 τῆς
485 1771 525 1803 εἰς
544 1771 608 1808 ᾅδου
623 1772 748 1806 καθόδου,
765 1775 806 1806 εἰς
819 1774 869 1810 τὴν

80 1813 244 1848 πρέπουσαν
271 1815 318 1842 τοῦ
347 1815 438 1842 οεῖκοῦ
465 1815 549 1850 ὕψους
572 1817 727 1853 φανέρωσιν
748 1819 868 1847 ἀνελθὼν

82 1859 171 1893 πάλιν,
187 1859 311 1894 λέγεται,
327 1861 417 1896 φησὶν,
427 1862 467 1889 ὃτι
480 1862 575 1895 ἀνέϐη.
590 1872 599 1889 ι
619 1864 665 1895 Εἰς
680 1865 714 1891 τὰ
725 1866 868 1902 κατώτερα

82 1905 152 1940 μέρη
169 1907 220 1941 τῆς
236 1908 298 1942 γῆς.
319 1916 328 1932 ι
348 1907 486 1939 Τουτέστι,
499 1909 557 1943 μεθ’
569 1908 582 1935 δ
593 1910 643 1936 οὐκ
656 1910 696 1936 ἔνι
713 1911 864 1947 κατώτερα,

83 1950 162 1985 Λέγει
178 1952 208 1978 δὲ
227 1952 274 1978 τὸν
301 1952 376 1988 ᾅδην,
401 1953 438 1984 ὡς
455 1953 523 1989 πρὸς
537 1954 586 1989 τὴν
609 1955 701 1990 κοινὴν
722 1957 866 1992 συνήθειαν

83 1997 202 2033 ἀφορῶν.
235 1999 327 2030 Οὕτως
348 1999 402 2033 γὰρ
431 1999 520 2033 λέγειν
538 1999 683 2036 εἰώθαμεν.
714 2002 760 2029 Διὸ
789 2003 866 2030 καὶὸ

90 2041 184 2069 Ἰακώϐ
214 2051 291 2078 φησι.
316 2052 326 2069 ι
354 2043 409 2069 Καὶ
433 2043 563 2076 κατάξετε
582 2045 613 2071 τὺ
634 2046 723 2081 γῆράς
739 2055 789 2081 μου
806 2048 866 2083 μετ’

83 2086 177 2122 ὀδύνης
193 2089 234 2120 εἰς
245 2088 319 2124 ᾂδου.
340 2098 349 2114 ι
366 2088 419 2115 Καὶ
432 2088 446 2114 ό
457 2089 554 2115 Δαυιδθ
570 2098 579 2115 t
595 2090 651 2117 Καὶ
661 2091 865 2128 ὀμοιωθήσομαι

86 2134 138 2164 τοῖς
163 2135 372 2162 καταϐαίνουσιν
399 2135 437 2165 εἰς
463 2134 573 2161 λάκκον.
602 2144 612 2161 ι
641 2136 791 2173 Κατώτερα
811 2141 865 2174 γὰρ

88 2179 155 2214 μέρη
167 2180 215 2215 τῆς
229 2181 279 2214 γῆς
310 2179 355 2207 τὸν
381 2180 494 2208 θάνατον
519 2181 659 2208 ἐκάλεσεν.
681 2190 690 2207 ι
709 2182 795 2214 Αὐτός
808 2185 865 2211 ἐστι

88 2225 132 2249 καὶ
153 2225 165 2250 6
185 2225 298 2256 ἀναϐάς.
317 2234 326 2250 ι
346 2225 430 2251 Τοῦτο
454 2225 503 2260 τὴν
529 2225 675 2261 Νεστορίω
701 2227 863 2255 καταϐάλλει

89 2268 267 2305 βλασφημίαν.
289 2271 317 2298 '0
333 2271 422 2302 αὐτὸς.
449 2272 540 2307 φησὶν,
558 2272 632 2298 ἐστὶν
648 2273 662 2299 ὀ
674 2273 804 2305 ,καταϐὰς
817 2274 865 2301 καὶ

89 2315 102 2340 δ
114 2315 223 2348 ἀναϐάς.
240 2317 404 2344 Καταϐαἱνει
418 2317 468 2352 μὲν
482 2317 537 2352 γὰρ
552 2318 592 2349 εἰς
606 2317 654 2352 τὴν
673 2318 811 2353 σάρκωσιν
827 2319 864 2351 ὡς

89 2359 162 2394 Θεὸς,
188 2362 326 2389 ἀναϐαίνει
341 2362 369 2389 δὲ
392 2362 429 2391 ὡς
450 2362 602 2398 ἄνθρωπος.
631 2362 685 2389 Καὶ
705 2363 863 2391 καταϐαίνει

92 2406 136 2438 μὲν
153 2407 190 2439 εἰς
206 2408 251 2434 τὸν
271 2408 337 2443 ᾅδην
367 2408 404 2439 ὡς
429 2407 582 2443 ἄνθρωπος,
606 2409 745 2436 ἀνίσταται
771 2409 799 2436 δὲ
826 2411 864 2442 ὡς

91 2450 160 2483 Θεός.
184 2454 221 2481 Οὑ
241 2455 320 2489 μόνον
343 2454 381 2486 δὲ,
400 2454 468 2480 ἀλλὰ
483 2454 531 2480 καὶ
554 2454 682 2490 ὑπεράνω
693 2455 796 2489 γίνεται
809 2456 864 2483 τῶν

92 2496 213 2531 οὐρανῶν,
231 2499 277 2526 καὶ
301 2499 350 2534 οὐχ
377 2499 482 2530 ἁπλῶς,
497 2498 564 2526 ἀλλὰ
579 2500 698 2533 πάντων,
714 2501 762 2536 τῆς
775 2502 863 2529 ἐκεῖσε

93 2539 185 2575 λήξεως
209 2545 255 2570 καὶ
279 2544 424 2578 καθέδρας,
448 2544 477 2570 τὸ
493 2544 658 2580 πρόσλημμα
674 2545 751 2579 ἡμῶν
769 2546 862 2578 ἀξιῶν.

98 2585 231 2623 Ὑπεράνω
256 2589 364 2616 πάντων
379 2589 432 2615 τῶν
448 2589 579 2623 οὐρανῶν.
609 2589 694 2616 Τοῦτό
716 2600 807 2625 φησιν,
823 2592 864 2618 ὅτι

93 2631 160 2659 οὐδὲν
181 2634 253 2670 αὐτῷ
279 2636 348 2671 πρὸς
372 2635 421 2670 τὴν
447 2635 541 2662 ἄνοδον
564 2635 717 2662 ὲνεπόδισεν
741 2638 810 2671 ήείς
830 2637 864 2664 τὰ

95 2679 225 2709 κατώτατα
253 2681 376 2713 κάθοδος.
394 2681 486 2714 Ὥστε,
510 2681 588 2716 φησί,
614 2682 661 2708 καὶ
678 2682 756 2716 ἡμῶν
768 2683 821 2718 ὅσῳ
831 2683 864 2709 ἄν

98 2729 130 2753 τις
149 2727 353 2762 ταπεινοφρονῇ,
380 2725 499 2760 τοσούτῳ
510 2725 610 2759 μᾶλλον
632 2725 755 2760 ὑψοῦται.
774 2735 784 2751 ι
804 2727 862 2753 Ἵνα

96 2767 212 2807 πληρώσῃ
225 2771 259 2798 τὰ
273 2772 371 2798 πάντα.
384 2781 392 2796 ι
406 2772 459 2798 Καὶ
474 2771 527 2805 γὰρ
544 2771 591 2797 καὶ
605 2773 694 2806 γυμνῇ
710 2772 742 2807 τῇ
756 2771 862 2807 θεότητι

126 2865 143 2880 ¹¹
160 2867 223 2897 Gen.
241 2877 307 2902 xui,
333 2869 376 2896 58.
417 2869 440 2885 ¹²
462 2867 539 2895 Ῥεαί.
566 2876 651 2900 XXV",
681 2869 706 2895 1.

922 1589 1057 1624 superiori
1070 1588 1123 1617 sit:
1139 1587 1369 1623 quemadmodum
1386 1588 1430 1615 ubi
1444 1589 1547 1623 .iucipit
1564 1590 1700 1624 quispiam

921 1636 1080 1666 ascendere,
1095 1642 1156 1662 cum
1175 1633 1210 1661 ab
1226 1634 1305 1661 initio
1324 1641 1379 1661 non
1396 1637 1468 1660 esset
1482 1634 1615 1668 superiori
1629 1635 1700 1662 |0co.

919 1680 973 1715 35
992 1680 1046 1706 Aut
1062 1687 1115 1710 non
1136 1687 1209 1706 nunc
1234 1678 1334 1712 accipit
1353 1685 1485 1705 ascensus
1512 1678 1630 1711 initium,
1652 1679 1700 1706 sed

919 1725 954 1753 ab
966 1725 1044 1753 initio
1059 1724 1168 1760 quidem
1191 1723 1218 1750 in
1243 1723 1303 1750 loco
1318 1723 1455 1758 superiori
1472 1727 1550 1750 erat:
1575 1731 1637 1751 cum
1654 1731 1702 1750 au-

919 1775 973 1800 tem
989 1771 1053 1799 inde
1068 1770 1267 1801 descendisset,
1282 1777 1355 1796 nunc
1367 1776 1476 1797 rursum
1495 1770 1628 1798 ascendit.
1645 1769 1698 1797 ita-

919 1825 972 1852 que
985 1816 1030 1843 ubi
1049 1816 1135 1844 dixit:
1148 1816 1216 1843 Cum
1231 1815 1403 1848 ascenderet,
1426 1816 1621 1850 interpretatur
1629 1823 1700 1850 quo.

917 1862 998 1889 modo
1014 1862 1165 1896 intelligere
1180 1865 1323 1896 oporteat:
1342 1861 1409 1888 Cum
1425 1861 1604 1889 ascenderet:
1624 1861 1698 1895 quod

917 1915 972 1934 non
985 1907 1061 1942 quasi
1078 1914 1152 1934 nunc
1168 1907 1316 1934 ascendere
1331 1907 1484 1941 inceperit:
1501 1911 1560 1933 erat
1572 1907 1644 1933 enim
1662 1907 1698 1934 ab

917 1952 996 1980 initio
1010 1952 1036 1979 in
1056 1952 1226 1980 sublimitate
1249 1952 1347 1979 divina:
1365 1952 1507 1987 dignitatis
1528 1959 1560 1978 ac
1580 1955 1700 1986 paternae

917 1998 1030 2033 glorim:
1047 1997 1095 2025 sed
1113 1998 1185 2032 quod
1202 2005 1216 2024 a
1232 1997 1273 2024 sui
1297 1997 1373 2031 juxta
1398 1996 1632 2031 dispensationem
1652 1997 1700 2024 de-

916 2045 1049 2073 missione
1062 2048 1089 2072 et
1099 2044 1234 2072 descensu
1249 2051 1335 2078 usque
1347 2043 1379 2070 ad
1394 2043 1508 2076 inferos,
1518 2043 1546 2070 in
1557 2043 1698 2071 decentem

916 2092 1015 2120 divina:
1030 2090 1207 2119 sublimitatis
1221 2089 1472 2117 manil'estationem
1482 2096 1592 2117 rursum
1605 2097 1700 2117 ascen-

916 2139 984 2166 dens
996 2159 1003 2170 ,
1019 2138 1128 2169 dicitur,
1154 2137 1242 2171 inquit
1254 2156 1262 2169 ,
1277 2136 1349 2170 quod
1368 2135 1500 2162 ascendit.
1520 2144 1530 2160 ι
1547 2135 1575 2161 ln
1592 2135 1699 2162 intimas

917 2186 1009 2219 partes
1036 2188 1126 2210 terrae.
1147 2191 1155 2206 ι
1184 2181 1249 2208 Post
1274 2187 1355 2214 quem
1378 2179 1506 2207 videlicet
1529 2179 1619 2206 locum
1644 2187 1699 2206 non

882 2216 982 2256 Dsunt
1001 2227 1061 2254 alite
1082 2227 1238 2254 inferiores.
1261 2225 1332 2252 Dicit
1346 2230 1436 2251 autem
1459 2223 1594 2250 infernum
1616 2223 1698 2250 veluti

917 2274 950 2301 ad
974 2279 1145 2300 communem
1170 2271 1298 2305 loquendi
1323 2271 1434 2297 modum
1458 2268 1632 2304 respiciens:
1661 2269 1699 2295 ita

917 2319 990 2346 enim
1019 2317 1111 2344 dicere
1130 2316 1331 2343 consuevimus.
1364 2315 1510 2349 Propterea
1527 2313 1613 2341 Jacob
1629 2321 1699 2348 quo-

917 2371 970 2398 que
996 2363 1052 2389 ait:
1076 2371 1085 2387 ι
1104 2361 1137 2388 Et
1160 2361 1303 2388 dctiucelis
1327 2364 1496 2388 senectutem
1525 2367 1612 2387 meam
1636 2367 1699 2388 cum

918 2409 1010 2436 dolore
1022 2407 1053 2435 ad
1071 2407 1175 2434 inferos
1196 2407 1227 2432 “.
1248 2415 1257 2431 ι
1276 2406 1308 2431 Et
1324 2405 1427 2435 David;
1450 2415 1459 2431 ι
1478 2405 1511 2432 Et
1526 2405 1700 2433 assitnilabor

917 2454 1147 2482 descendentibus
1160 2453 1186 2479 in
1203 2453 1290 2479 lacum
1303 2453 1336 2478 “.
1358 2461 1366 2477 ι
1385 2451 1509 2478 Inﬂrmas
1523 2451 1594 2478 enim
1607 2456 1698 2486 partes

919 2505 998 2528 terra:
1028 2504 1143 2527 mortem
1159 2498 1277 2526 vocavit.
1310 2508 1318 2523 ι
1339 2498 1410 2525 Idem
1429 2497 1473 2524 ille
1494 2501 1536 2524 est
1551 2497 1596 2532 qui
1615 2497 1696 2524 etiam

917 2545 1049 2573 ascendit.
1072 2554 1081 2571 ι
1101 2544 1158 2572 Hoc
1170 2544 1289 2572 Nestorii
1301 2543 1393 2578 dejicit
1408 2543 1614 2576 blasphemiam.
1625 2541 1697 2568 Idem

917 2593 1015 2627 inquit,
1032 2595 1073 2618 est
1082 2591 1127 2625 qui
1144 2590 1284 2618 descendit
1300 2593 1327 2617 et
1340 2590 1386 2624 qui
1400 2588 1533 2616 ascendit.
1553 2586 1698 2613 Descendit

918 2637 1051 2671 siquidem
1069 2637 1102 2663 ad
1123 2636 1338 2664 incarnationem
1356 2639 1485 2669 tanquam
1503 2633 1583 2664 Deus,
1601 2640 1697 2659 ascen-

918 2682 958 2709 dit
970 2686 1059 2709 autem
1079 2685 1209 2716 tanquam
1224 2681 1317 2708 homo.
1338 2680 1458 2707 Rursum
1476 2677 1617 2705 descendit
1635 2677 1699 2711 qui-

917 2727 977 2754 dem
993 2727 1026 2754 ad
1046 2727 1184 2755 infernum
1205 2731 1233 2753 ut
1249 2727 1341 2757 homo,
1355 2724 1474 2759 resurgit
1488 2730 1553 2750 vero
1567 2726 1596 2749 ut
1610 2721 1696 2749 Deus.

916 2773 971 2800 Nec
986 2773 1010 2800 id
1023 2773 1123 2800 solum.
1138 2779 1231 2800 verum
1246 2771 1327 2799 etiam
1341 2777 1424 2804 supra
1436 2769 1521 2796 cmlos
1532 2768 1696 2795 collocatur:
