1864 3048
182 161 252 194 1:219

175 223 226 244 nec
235 216 259 242 id
275 219 422 250 utcunque,
432 214 478 241 sed
491 221 573 248 super
583 220 696 239 omnes:
713 220 760 246 per
771 212 887 246 quietem
898 218 957 246 quae
972 213 995 241 Α

174 262 214 290 ibi
239 267 281 289 est
303 267 331 289 et
346 261 504 288 cathedram
530 259 678 293 designans
704 263 824 284 nostram
851 265 957 284 assunt-

176 309 306 342 ptionem.
324 307 410 341 Supra
428 313 522 332 omnes
538 305 623 332 ccelos
645 313 651 331 :
671 303 726 331 Hoc
737 304 785 335 ait,
802 303 874 338 quod
890 302 956 329 nihil

178 352 214 379 illi
231 352 263 378 ad
281 359 425 379 ascensum
447 351 498 377 fuit
515 351 711 385 impedimento
726 350 784 384 ipsa
801 350 832 376 ad
849 348 957 375 inﬁrma

177 397 330 424 descensio.
353 397 446 431 Itaque
468 399 580 430 quanto,
610 395 708 429 inquit,
729 395 809 421 etiam
834 398 956 419 nostrum

177 443 277 476 aliquis
295 441 382 476 magis
398 449 428 468 se
443 441 613 472 submiserit,
631 443 706 466 tanto
723 439 810 474 magis
825 439 958 465 sublima-

176 491 230 512 tur.
246 495 255 511 ι
272 485 308 512 Ut
330 484 454 518 impleret
475 483 578 511 omnia.
598 493 607 509 ι
631 482 737 509 Etenim
759 483 832 509 nuda
850 489 958 516 quoque

176 531 319 557 divinitate
337 529 400 556 olim
423 528 514 556 omnia
539 527 679 562 implebat,
704 531 730 554 et
755 527 914 553 incarnatus
929 531 959 553 ut

176 577 268 603 omnia
291 582 375 602 carne
387 575 520 609 impleret,
534 573 678 600 descendit
694 576 720 599 et
736 572 871 599 ascendit.
896 581 905 597 ι
926 570 958 597 Ει

176 622 247 649 idem
263 621 347 648 dedit.
366 629 375 645 ι
394 620 446 652 Qui
473 626 527 645 non
550 618 699 649 recusavit,
722 617 820 651 inquit,
847 621 958 652 propter

176 670 299 693 nostram
313 665 426 692 salutem
445 664 478 690 ad
497 664 604 690 inlirma
620 663 796 693 descendere,
812 662 882 689 idem
902 662 958 696 ipse

176 710 402 738 distributionem
426 709 491 736 fecit
513 708 709 735 charismatum
729 707 786 734 sive
811 709 957 734 donorum.

176 755 235 783 Non
264 759 371 791 oportet
401 754 492 788 itaque
517 753 553 781 ob
578 753 740 780 divisionem
760 752 905 786 indignari.
930 752 958 778 Si

178 801 251 828 enim
266 801 327 836 ipse
344 800 428 832 dedit,
453 806 538 834 quare
556 798 722 825 contradicis
734 797 745 824 ?
757 798 828 824 Alibi
845 805 907 825 vero
919 798 959 824 di-

177 847 216 874 cit
242 846 368 881 spiritum
393 845 459 872 dare
484 846 574 872 dona:
610 855 620 871 ι
643 846 751 878 Omnia,
776 845 877 879 inquit,
903 845 959 872 haec

179 878 309 926 operatur
324 898 396 918 unus
413 890 539 930 idwtque
558 890 672 924 spiritus
683 890 716 916 ’³.
735 900 744 916 ι
760 889 832 916 Alibi
851 889 958 916 Patrem
976 878 997 904 Β

179 937 255 968 dicit,
273 940 302 963 ut
319 943 380 963 cum
393 936 449 962 ait:
468 944 477 960 ι
496 935 552 970 Ego
569 936 699 971 plantavi.
718 935 829 970 Apollos
852 934 960 969 rigavit.

178 983 227 1011 sed
244 982 314 1009 Deus
326 982 522 1009 incrementum
535 981 610 1008 dedit
623 983 666 1014 ἐς
685 990 695 1007 ι
710 981 761 1008 hoc
776 980 836 1007 loco
851 979 960 1006 Filium.

178 1028 246 1056 Nam
263 1029 353 1056 omnia
378 1031 483 1055 sanctae
497 1034 529 1054 ac
552 1027 638 1055 beata
657 1027 784 1054 Trinitati
802 1030 867 1054 sunt
886 1033 963 1053 com-

181 1075 294 1102 munia:
313 1084 323 1100 ι
336 1074 412 1101 Alios
425 1074 536 1108 quidem
553 1074 703 1109 apostolos,
727 1073 795 1101 alios
811 1081 876 1100 vero
900 1080 964 1108 pro-

180 1121 286 1156 phetas.
304 1129 313 1146 ι
330 1120 384 1155 36
398 1120 520 1155 Apostoli
546 1127 664 1154 namque
685 1120 767 1148 etiam
793 1119 963 1154 prophetiam

181 1166 328 1198 habebant,
354 1165 401 1200 qui
418 1173 483 1192 vero
497 1172 564 1192 tunc
580 1165 717 1200 propheta:
732 1165 893 1193 dicebantur
910 1173 963 1192 non

181 1212 316 1239 habebant
329 1211 522 1246 apostolatum.
536 1219 546 1237 ι
563 1212 637 1239 Alios
649 1218 738 1239 autem
751 1212 961 1247 evangelistasn

182 1258 229 1293 qui
252 1257 430 1292 Evangelium
453 1258 688 1292 conscripserunt.
714 1267 723 1284 ι
744 1259 820 1287 Alios
840 1269 904 1290 vero
919 1270 965 1298 pa-

181 1308 270 1332 stores
288 1311 321 1332 ac
345 1304 500 1332 doctores.)
519 1305 670 1339 Episcopus
690 1305 757 1333 dicit
782 1306 881 1340 quibus
904 1316 964 1336 cre-

182 1351 244 1378 ditae
257 1356 335 1378 erant
349 1351 491 1382 Ecclesiae,
508 1351 599 1386 qualis
614 1355 673 1378 erat
687 1350 860 1387 Timotheus,
877 1355 965 1388 qualis

182 1395 272 1424 Titus.
301 1405 311 1422 ι
332 1395 373 1424 Ad
396 1396 626 1424 instaurationem
652 1400 822 1424 sanctorum.
842 1407 851 1424 ι
885 1397 966 1426 Vides

182 1449 292 1468 causam
319 1448 370 1468 cur
390 1441 455 1468 data
482 1440 537 1467 sint
549 1439 644 1467 dona?
665 1440 704 1466 Ad
726 1440 964 1472 instaurationem.

181 1487 281 1522 inquit,
295 1487 346 1514 hoc
359 1489 413 1517 est,
428 1485 462 1512 ad
477 1484 683 1520 perfectionem,
701 1485 733 1512 ad
744 1487 965 1521 completionem,

183 1537 214 1560 ut
234 1533 261 1560 in
285 1534 328 1560 his
349 1532 540 1560 ministrarent
562 1532 702 1565 Ecclesiae,
725 1532 868 1567 ipsamque
881 1534 965 1560 aediﬁ-
978 1546 1001 1576 ο

182 1583 288 1607 carent.
305 1578 416 1612 Quanto
432 1578 518 1612 igitur
531 1577 670 1613 quispiam
686 1578 777 1613 majus
794 1580 900 1614 accepit
914 1580 965 1608 do-

184 1633 265 1658 num,
286 1628 364 1652 tanto
388 1625 476 1659 majus
492 1624 608 1651 sustinet
625 1631 706 1652 onus.
729 1623 792 1652 Haec
815 1630 906 1653 autem
925 1627 966 1654 eis

184 1670 251 1698 dicit
274 1670 322 1704 qui
347 1669 449 1697 invidia
473 1669 609 1704 majorum
635 1669 771 1697 donorum
788 1671 822 1698 ab
842 1671 965 1700 Ecclesia

183 1715 316 1751 amputati
335 1718 424 1748 erant,
443 1717 591 1742 ostendens
609 1715 682 1749 quod
703 1716 825 1743 omnium
841 1724 910 1750 opus
932 1718 966 1745 ad

184 1769 269 1788 unum
290 1761 403 1796 respicit
429 1761 522 1794 ﬁnem,
548 1768 647 1796 nempe
676 1761 708 1789 ad
735 1762 966 1791 instaurationem

184 1812 353 1835 sanctorum.
368 1807 440 1841 Quid
459 1808 543 1843 igitur
558 1807 661 1834 invidia
686 1815 756 1843 opus
774 1808 835 1836 est?
852 1808 966 1836 Sancto«

185 1860 247 1880 rum
275 1858 378 1887 autem,
401 1853 428 1880 id
452 1858 503 1886 est,
531 1853 663 1880 ﬁdelium.
696 1862 706 1879 ι
726 1853 932 1882 Perveniamus.
954 1864 963 1880 ι

183 1898 250 1926 Nam
267 1900 492 1935 καταντήσωμεν,
515 1900 542 1927 id
568 1905 622 1932 est,
646 1907 838 1932 occurramus,
860 1901 968 1935 capitur

185 1952 235 1979 pro
252 1945 409 1981 φθάσωμεν,
427 1946 453 1973 id
469 1950 513 1973 est
533 1947 736 1981 perveniamus.
755 1955 765 1971 ι
787 1945 816 1973 In
834 1947 966 1974 unitatem

185 1991 258 2018 ﬁdei.
276 2000 286 2017 ι
309 1990 365 2018 Hoc
378 1995 433 2022 est,
457 1992 543 2018 donec
556 1998 651 2018 omnes
668 1998 750 2018 unam
766 1990 846 2018 ﬁdem
864 1991 967 2019 habea-

186 2043 248 2062 mus
272 2037 462 2070 unusquisque
487 2036 593 2063 laborat
614 2040 642 2063 et
675 2036 866 2071 unusquisque
886 2038 968 2064 mini-

185 2085 255 2108 strat
270 2091 276 2108 :
292 2082 383 2109 unitas
397 2082 469 2109 enim
484 2081 547 2108 ﬁdei
561 2085 602 2108 est
614 2089 669 2108 non
685 2081 818 2109 dissidere
829 2082 903 2109 circa
918 2083 968 2110 do-

186 2131 288 2162 gmata.
301 2126 329 2154 id
347 2134 465 2161 namque
481 2127 602 2162 cognitio
617 2130 660 2154 est
684 2126 746 2154 Filii
764 2126 822 2160 Dei,
839 2132 868 2155 ut
884 2128 918 2155 de
934 2136 967 2156 eo

184 2181 240 2200 non
256 2173 450 2201 dissideamus.
480 2172 573 2199 Virum
591 2175 680 2200 autem
704 2172 865 2208 perfectum,
888 2181 967 2202 men-

183 2227 332 2254 suramque
347 2219 435 2247 aetatis
446 2219 513 2246 dicit
524 2219 673 2254 perfectam
691 2226 754 2254 erga
768 2219 908 2247 Christum
924 2221 966 2248 di-
982 2220 1004 2247 ῐ)

183 2266 329 2293 lectionem
350 2270 378 2293 et
391 2265 424 2292 de
436 2265 495 2300 ipso
508 2265 647 2292 notitiam.
663 2274 671 2290 ι
692 2264 873 2294 Plenitudinis
885 2267 966 2294 Chri-

183 2311 254 2338 sti.)
290 2310 493 2338 Plenitudinem
529 2310 633 2337 Christi
657 2310 724 2337 dicit
757 2311 905 2346 perfectam
933 2313 966 2341 de

183 2355 293 2384 Christo
309 2356 493 2390 cognitionem
511 2362 543 2382 ac
559 2355 651 2388 ﬁdem,
669 2359 700 2382 ut
722 2357 796 2390 quod
814 2365 847 2384 ex
860 2358 965 2393 virgine

183 2419 293 2439 carnem
307 2411 450 2446 acceperit,
462 2411 534 2446 quod
550 2419 582 2439 ex
597 2411 740 2440 divinitate
753 2417 780 2440 et
793 2414 963 2444 humanitate
981 2417 1007 2444 in
1033 2424 1114 2443 unam
1144 2415 1304 2442 convenerit
1330 2421 1487 2449 personam.

708 156 905 187 (ECUMENII
925 154 1069 185 TlilCClE
1089 154 1257 185 EPlSCOPI

1746 148 1813 180 1920

1010 210 1092 237 πάλαι
1115 211 1148 237 τὰ
1174 211 1262 237 πάντα
1285 209 1414 244 ἐπλήρου.
1441 207 1495 234 Καὶ
1520 205 1690 242 σαρκωοεὶς
1718 204 1764 230 ἴνα
1784 205 1815 232 τὰ

1008 255 1096 282 πάντα
1123 255 1192 290 μετὰ
1221 254 1322 290 σαρκὸς
1347 252 1611 288 πληρώσῃ,κατέ6η
1633 251 1693 277 καὶ
1721 250 1814 285 ἀνέϐη.

1011 312 1020 329 ι
1035 303 1088 330 Καὶ
1099 302 1180 334 αὐτὸς
1195 302 1302 329 ἔδωκεν.
1324 310 1333 327 ι
1353 301 1381 328 '0
1396 301 1433 336 μὴ
1449 299 1724 335 παραιτησάμενος,
1741 298 1815 331 φησι,

1007 349 1051 375 διὰ
1065 349 1113 384 τὴν
1125 348 1204 383 ἡμῶν
1221 346 1359 382 σωτηρίαν
1373 347 1411 377 εἰς
1431 346 1466 372 τὰ
1482 345 1635 372 κατώτατα
1654 343 1816 373 κατελθεῖν,

1008 394 1088 426 αὐτὸς
1100 394 1147 428 τὴν
1161 393 1290 427 διανομὴν
1306 392 1360 418 τῶν
1378 391 1558 427 χαρισμάτων
1573 389 1737 424 ἐποίησεν.
1749 389 1818 423 ’Δρα

1007 441 1054 467 οὗν
1066 441 1096 466 οὺ
1120 439 1173 476 χρὴ
1204 439 1366 473 ἀγανακτεῖν
1383 439 1449 473 πρὸς
1470 438 1518 472 τὴν
1539 437 1699 470 διανομήν.
1716 435 1750 461 Εἰ
1766 436 1818 469 γὰρ

1008 487 1088 518 αὐτὸς
1107 486 1200 518 ἔδωκε,
1226 486 1252 511 τί
1268 485 1437 518 ἀντιλέγεις;
1466 483 1595 518 Ἀλλαχοῦ
1613 483 1662 515 δὲ,
1691 483 1775 515 φηεή,
1791 481 1818 506 τὸ

1009 531 1117 565 πνεῦμα
1132 531 1230 558 διδόναι
1243 531 1277 557 τὰ
1291 531 1460 565 χαρίσματα.
1481 540 1491 556 ‹
1507 530 1600 556 Πάντα
1629 527 1697 563 γὰρ
1716 527 1818 558 ταῦτα,

1009 580 1103 612 φησιν,
1116 577 1231 612 ἐνεργεῖ,
1247 576 1276 602 τὸ
1295 576 1324 602 ἒν
1335 576 1382 602 καὶ
1408 577 1438 601 τὸ
1455 575 1519 601 αὐτὸ
1533 574 1663 608 πνεῦμα..
1685 582 1697 599 ι
1724 572 1820 599 Ἀλλα-

1008 624 1056 658 χοῦ
1086 623 1129 649 τὴν
1157 622 1264 657 Πατέρα
1298 621 1391 656 φησὶν,
1411 622 1448 653 ὼς
1468 621 1508 652 τὸ,
1525 630 1534 646 ι
1557 619 1635 653 Ἐγὼ
1657 619 1818 653 {agite-an,

1015 667 1149 699 ’Λπολλὼς
1160 667 1296 700 ἐπότισεν,
1310 667 1366 693 ἀλλ’
1381 668 1394 693 ὁ
1405 667 1469 698 Θεὸς
1483 666 1609 701 ηὖξανεν.
1635 675 1645 691 ι
1679 665 1819 690 Ἐνταῦθα

1008 715 1054 742 τὸν
1067 715 1132 744 υἱόν.
1148 714 1233 741 Κοινὰ
1243 713 1296 748 γὰρ
1311 714 1344 740 τὰ
1357 714 1444 740 πάντα
1458 714 1491 748 τῇ
1517 713 1583 748 ἁγίᾳ
1604 713 1660 738 καὶ
1685 711 1817 746 μακαρία

1010 760 1116 795 Τριάδι.
1135 769 1145 786 ι
1165 760 1235 791 Τοὺς
1250 760 1299 795 μὲν
1314 759 1490 790 ἀποστόλους,
1506 759 1568 789 τοὺς
1581 758 1609 785 δὲ
1626 758 1815 793 προφήτας.»

1009 807 1042 832 Ol.
1069 806 1118 840 μὲν
1138 805 1194 841 γὰρ
1213 805 1357 832 ἀπόστολοι
1378 804 1426 830 καὶ
1443 804 1613 840 προφητείαν
1634 801 1732 838 εἶχον,
1753 803 1778 829 οξ
1791 803 1816 828 6-3

1011 852 1070 878 τότε
1088 852 1234 888 προφῆται,
1249 852 1298 878 οὐκ
1311 849 1382 885 εἶχον
1391 850 1552 885 ἀποστολήν.
1569 859 1579 875 ι
1593 850 1674 880 Τοὺς
1689 849 1722 875 δὲ
1738 850 1816 881 εὐαγ-

1012 898 1147 932 γελιστάς.
1166 907 1176 924 ›
1192 898 1260 929 Τοὺς
1283 898 1313 924 τδ
1330 896 1494 931 Εὐαγγέλιον
1517 896 1670 930 γράψαντα
1679 904 1701 926 ς.
1720 905 1730 921 ι
1748 894 1815 926 Τοὺς

1012 945 1039 971 δὲ
1054 944 1186 978 ποιμένας
1202 944 1248 971 καὶ
1260 943 1445 974 διδασκάλους.
1466 951 1476 968 ι
1489 942 1558 973 Τοὺς
1573 941 1623 973 τὰς
1635 941 1814 976 Ἐκχλησίας

1013 991 1286 1025 ἐμπεπιστευμένους
1313 990 1398 1024 λέγει,
1428 990 1491 1020 τοὺς
1509 989 1698 1019 ἐπισκόπους,
1717 985 1776 1018 οἷος
1799 988 1812 1012 ὁ

1013 1037 1154 1071 Τιμόθεος,
1169 1035 1224 1068 οἷος
1238 1037 1252 1062 ὁ
1266 1036 1344 1068 Τίτος
1366 1033 1410 1071 ἦν.
1430 1045 1438 1060 ι
1458 1035 1528 1070 Πρὸς
1547 1035 1593 1061 τδν
1610 1034 1812 1069 καταρτισμὸν

1014 1084 1066 1110 τῶν
1080 1083 1175 1118 ἁγίων.
1197 1093 1208 1110 )
1226 1084 1310 1119 Ὀρᾷς
1321 1084 1370 1118 τὴν
1384 1083 1473 1109 αἰτίαν
1482 1084 1530 1117 τῆς
1542 1081 1646 1112 δόσεως
1664 1081 1725 1108 τῶν
1736 1088 1810 1115 χαρι-

1015 1130 1141 1165 σμάτων;
1152 1129 1223 1163 Πρδς
1234 1129 1279 1155 τὸν
1288 1129 1483 1163 καταρτισμὸν,
1497 1127 1576 1162 φησὶ,
1585 1126 1736 1158 τουτέστι,
1746 1125 1810 1160 πρὸς

1015 1175 1200 1211 ἀπαρτισμὸν,
1215 1175 1281 1210 πρὶς
1294 1174 1443 1210 πλήρωσιν,
1459 1175 1499 1204 είς
1510 1173 1541 1200 τὸ
1551 1175 1579 1199 ὲν
1595 1173 1712 1204 τούτοις
1721 1172 1808 1198 διακο-

1015 1223 1071 1248 νεῖν
1082 1223 1113 1258 τῇ
1126 1221 1274 1257 Ἐκκλησία
1290 1222 1337 1248 καὶ
1350 1222 1500 1256 οἰκοδομεῖν
1515 1220 1703 1255 αὑτήνΓΟςῳ
1709 1218 1758 1245 οἷον
1771 1226 1809 1248 τις

1017 1269 1108 1303 μεῖζον
1116 1267 1194 1294 ἔλαϐε
1206 1268 1339 1304 χάρισμα,
1350 1268 1467 1301 τοσούτῳ
1475 1267 1568 1301 μεῖζον
1576 1266 1634 1300 ἔχει
1643 1265 1678 1291 τὸ
1688 1264 1805 1298 φορτίον.

1016 1313 1108 1340 Ταῦτα
1121 1314 1149 1340 δέ
1158 1321 1223 1349 φησι
1231 1313 1299 1349 πρὸς
1306 1314 1370 1345 τοὺς
1380 1313 1420 1348 τῷ
1434 1312 1523 1347 φθόνῳ
1534 1312 1588 1338 τῶν
1603 1311 1746 1346 μειζόνων
1759 1318 1806 1344 χα-

1018 1359 1155 1395 ρισμάτων
1172 1358 1411 1394 ἀποκεκομμένους
1423 1358 1469 1384 τοῦ
1490 1357 1613 1392 σώματος
1623 1357 1681 1391 τῆς
1691 1356 1806 1389 Ἐκκλη-

1018 1403 1087 1434 σίας,
1095 1403 1202 1435 δεικνὺς
1210 1403 1251 1430 ὅτι
1266 1403 1376 1429 πάντων
1384 1403 1414 1428 τὸ
1423 1403 1502 1437 ἔργον
1512 1403 1551 1434 εἰς
1560 1402 1590 1428 ἓν
1597 1403 1652 1437 ὁρᾷ
1661 1402 1752 1433 τέλος,
1764 1401 1805 1426 τὸν

1019 1449 1203 1484 καταρτισμὸν
1211 1449 1264 1475 τῶν
1271 1447 1424 1482 ἀγίων.ῐῙοῦ
1432 1446 1479 1475 οὖν
1492 1448 1570 1483 χρεία
1579 1448 1701 1481 φθόνου;
1712 1446 1806 1480 ’Δγίων

1017 1495 1045 1522 δὲ
1057 1495 1110 1521 τῶν
1116 1495 1229 1522 πιστῶν.
1239 1504 1248 1521 ι
1262 1495 1485 1529 Καταντήσωμεν
1496 1503 1505 1520 ι
1515 1494 1679 1529 φθάσωμεν,
1687 1503 1696 1519 ι
1707 1492 1804 1526 Είςτὴν

1017 1541 1130 1576 ἑνότητα
1139 1541 1187 1576 τῆς
1199 1541 1328 1572 πίστεως.
1351 1549 1361 1566 ι
1376 1540 1531 1573 Τουτέστιν,
1546 1540 1598 1571 ’έως
1613 1539 1647 1566 ἂν
1663 1540 1690 1566 οἱ
1708 1540 1806 1569 πάντες

1019 1587 1082 1622 μίαν
1102 1586 1193 1613 πίστιν
1206 1586 1324 1622 σχῶμεν,
1342 1586 1458 1617 ἕκαστος
1476 1585 1586 1620 κάμνει,
1605 1585 1656 1612 καὶ
1692 1585 1803 1614 ἕκαστος

1016 1632 1144 1658 διακονεῖ.
1163 1631 1274 1666 Ἑνότης
1286 1631 1339 1667 γὰρ
1353 1632 1470 1662 πίστεως
1482 1631 1512 1658 τὸ
1529 1632 1566 1667 μὴ
1579 1631 1731 1666 διαφωνεῖν
1745 1630 1804 1663 περὶ

1016 1680 1051 1706 τὰ
1064 1678 1196 1714 δόγματα.
1213 1678 1297 1704 Τοῦτο
1307 1678 1361 1714 γὰρ
1371 1678 1518 1712 ἐπίγνωσις
1526 1678 1572 1704 τοῦ
1588 1677 1655 1704 Tios
1671 1677 1719 1704 τοῦ
1727 1675 1801 1707 Θεοῦ,

1016 1724 1046 1750 τὺ
1062 1723 1100 1759 μὴ
1110 1723 1254 1758 διαφωνεῖν
1277 1723 1341 1759 περὶ
1360 1722 1453 1750 αὑτοῦ.
1473 1723 1574 1757 Ἀνδρα
1593 1723 1621 1749 δὲ
1634 1723 1744 1749 τέλειον
1760 1721 1803 1747 καὶ

1019 1770 1117 1806 μέτρον
1129 1770 1235 1802 ἡλικίας
1245 1770 1318 1804 λέγει
1329 1769 1378 1805 τὴν
1393 1769 1497 1796 τελείαν
1505 1770 1552 1796 τοῦ
1564 1769 1686 1804 Χριστοῦ
1702 1769 1801 1795 ἔννοιαν

1018 1818 1065 1843 καὶ
1081 1816 1194 1851 εἴδησιν.
1213 1825 1222 1841 ‹
1239 1815 1294 1842 Τοῦ
1318 1815 1502 1850 πληρώματος
1522 1815 1569 1841 τοῦ
1591 1815 1725 1849 Χριστοῦ.
1745 1822 1754 1839 ι
1773 1827 1801 1832 -

1012 1861 1188 1898 ⁴[ΟΙΚΟΥΜ.]
1204 1861 1342 1897 Πλήρωμα
1357 1861 1476 1896 Χριστοῦ
1495 1869 1572 1896 φησι,
1588 1860 1638 1894 τὴν
1658 1860 1725 1896 περὶ
1737 1860 1799 1893 Χρι-

1018 1909 1080 1935 στοῦ
1095 1908 1203 1943 ὁλοτελῆ
1224 1908 1324 1943 γνῶσιν
1337 1907 1383 1934 καὶ
1393 1907 1495 1939 πίστιν,
1504 1904 1560 1933 οἷον
1573 1907 1612 1933 ὅτι
1624 1908 1656 1933 ἐκ
1666 1906 1796 1941 παρθένου

1019 1954 1108 1988 σάρκα
1133 1953 1237 1986 ἔλαϐεν,
1258 1954 1300 1980 ὅτι
1323 1954 1355 1979 ὲκ
1374 1953 1500 1987 θεότητος
1524 1952 1571 1979 καὶ
1595 1952 1796 1988 ἀνθρωπότητος

1018 2000 1057 2031 είς
1077 2000 1141 2033 μίαν
1166 1998 1286 2034 ὑπῆρξεν
1309 1999 1468 2026 ὑπόστασιν.
1486 1998 1544 2026 Ἰνα
1561 1998 1614 2034 γὰρ
1627 2000 1665 2033 μὴ
1685 1998 1795 2026 ἀκούσας

1018 2045 1101 2080 ἄνδρα
1124 2044 1227 2071 τέλειον
1250 2045 1298 2072 καὶ
1312 2044 1412 2081 μέτρον
1438 2045 1558 2079 ἡλικίας,
1576 2045 1626 2080 τὴν
1643 2042 1793 2079 σωματικὴν

1017 2092 1127 2127 νοήσῃς,
1157 2092 1291 2126 ἐπήγαγε,
1323 2091 1368 2118 τοῦ
1394 2090 1576 2126 πληρώματος
1601 2090 1648 2117 τοῦ
1672 2088 1793 2126 Χριστοῦ,

1018 2138 1085 2164 ὠσεὶ
1102 2138 1178 2172 ἔλεγε
1188 2145 1195 2152 ·
1211 2138 1315 2173 Μέχρις
1328 2134 1358 2164 οὗ
1371 2138 1410 2168 είς
1424 2137 1580 2172 τελειότητα
1595 2137 1740 2172 φθάσωμεν
1750 2136 1792 2168 τῆς

1018 2184 1157 2215 ὀλοτελοῦς
1180 2184 1227 2210 τοῦ
1249 2184 1367 2219 Χριστοῦ
1395 2184 1512 2215 πίστεως
1537 2183 1584 2210 καὶ
1612 2183 1748 2217 γνώσεως.
1761 2180 1792 2206 Οὐ

1019 2231 1074 2266 γὰρ
1095 2231 1109 2257 ὁ
1131 2229 1220 2265 τυχὼν
1244 2230 1348 2264 γίνεται
1369 2229 1451 2264 μέρος
1464 2229 1512 2255 τοῦ
1526 2229 1588 2256 ὅλου
1608 2229 1790 2264 πληρώματος.

1020 2277 1079 2312 ἦτοι
1095 2276 1141 2303 τοῦ
1159 2275 1283 2310 σώματος
1300 2276 1347 2301 τοῦ
1368 2275 1497 2310 Χριστοῦ,
1515 2275 1572 2302 ἀλλ’
1585 2275 1599 2300 ὁ
1612 2276 1651 2306 εἰς
1663 2274 1743 2309 ἄνδρα
1753 2271 1790 2297 τέ-

1019 2322 1089 2349 λειον
1105 2323 1153 2357 τῆς
1180 2321 1356 2356 ἐπιγνώσεως
1383 2321 1466 2348 αὑτοῦ
1488 2321 1673 2356 καταντήσας,
1695 2320 1738 2346 καί
1757 2318 1790 2347 εἰς

1022 2369 1120 2404 μέτρον
1135 2367 1244 2404 ἡλικίας
1259 2367 1337 2400 ἀξίας
1354 2367 1401 2394 τοῦ
1414 2367 1597 2403 πληρώματος
1613 2368 1658 2393 τοῦ
1671 2363 1788 2402 Χριστοῦ.

1531 2413 1570 2441 Ne
1596 2414 1669 2440 enim
1708 2410 1788 2438 audito

184 2458 244 2485 viro
260 2457 382 2492 perfecto
399 2463 425 2484 et
440 2465 570 2485 mensura
595 2458 692 2490 aetatis,
711 2460 877 2494 corpOralem
894 2463 1030 2497 intelligas
1045 2466 1164 2491 atatem.
1181 2460 1325 2495 subjunxit
1343 2467 1349 2484 :
1372 2459 1554 2487 Plenitudinis
1575 2458 1695 2491 Christi;
1714 2464 1742 2484 ac
1768 2453 1787 2481 si

183 2506 411 2533 dicerestDonec
426 2505 459 2532 ad
472 2505 664 2540 perfectionem
681 2507 822 2535 veniamus
839 2508 966 2543 perfecta:
986 2511 1012 2537 in
1029 2509 1167 2536 Christum
1185 2509 1246 2536 ﬁdei
1269 2511 1296 2535 et
1314 2507 1489 2542 cognitionis.
1525 2506 1584 2533 Non
1608 2507 1681 2534 enim
1711 2503 1787 2539 quivis

182 2553 299 2582 edicitur
325 2560 389 2588 pars
417 2553 501 2580 totius
538 2553 718 2588 plenitudinis
746 2554 804 2582 sive
840 2556 964 2590 corporis
982 2556 1085 2584 Christi
1102 2565 1109 2583 ι
1128 2555 1175 2583 sed
1196 2556 1244 2590 qui
1270 2555 1298 2582 in
1316 2555 1405 2582 virum
1446 2554 1596 2589 perfectum
1637 2549 1787 2588 cognitionis

183 2602 242 2638 ejus
255 2601 419 2637 pervenerit,
436 2606 463 2628 et
480 2601 508 2627 in
521 2609 677 2628 mensuram
696 2602 783 2636 dignae
798 2603 887 2630 mtatis
905 2603 1085 2637 plenitudinis
1098 2603 1211 2631 Christi.

220 2646 265 2680 Ν,
281 2646 374 2674 14-16.
394 2645 428 2673 Ut
448 2654 500 2674 non
519 2646 634 2681 amplius
654 2646 739 2672 simus
767 2648 842 2680 pueri
859 2649 903 2683 qui
919 2649 967 2682 ﬂu-

183 2698 300 2720 ctuemus
309 2693 379 2719 onmi
389 2696 464 2719 uento
473 2692 603 2718 doctrinm
613 2699 659 2725 per
667 2692 807 2718 versutiam
819 2693 964 2725 hominum,

185 2746 233 2772 per
247 2739 372 2764 astutiam
384 2738 418 2764 ad
439 2738 551 2764 insidias
569 2737 747 2769 deeeptionis:
768 2737 813 2764 sed
831 2739 964 2766 veritatem

184 2787 316 2809 servantes
328 2783 353 2808 in
369 2782 507 2814 clzarilate,
519 2790 667 2808 crescamus
683 2782 710 2808 in
725 2782 801 2808 illum
817 2791 862 2818 per
877 2786 965 2812 omnia

236 2868 257 2884 ³³
278 2868 364 2896 l(‘.or.
381 2877 426 2901 xu,
447 2870 488 2896 Η.
529 2870 552 2885 ’⁸
574 2869 582 2896 l
602 2869 665 2897 Cor.
683 2878 725 2902 Ill,
745 2871 771 2898 6.

1057 2649 1123 2676 Ἵνα
1138 2649 1244 2684 μηκέτι
1261 2645 1341 2683 ὦμεν
1360 2648 1463 2682 νήπιοι
1490 2647 1731 2681 κλυδωνιζόμενοι
1746 2643 1786 2671 καὶ

1020 2695 1243 2730 περιφερόμενοι
1254 2695 1342 2722 παντὶ
1353 2695 1451 2730 ἀνέμῳ
1459 2693 1512 2728 τῆς
1521 2689 1786 2726 διδασκαλίηςὲντῇ

1020 2742 1121 2775 κιιϐείᾳ
1151 2741 1209 2768 τῶν
1235 2741 1408 2775 ἀνθρώπων,
1422 2742 1455 2768 ἐν
1479 2741 1645 2774 πανουργίᾳ
1662 2741 1731 2774 πρὸς
1740 2737 1785 2768 τὴν

1017 2787 1174 2820 μεθοδείαν
1190 2787 1244 2821 τῆς
1261 2787 1390 2820 πλάνης.
1413 2787 1625 2821 ’Λληυεύοντες
1640 2786 1674 2814 δὲ
1689 2782 1783 2817 ἑνάγά⁴
