1864 3048
70 167 157 202 1221
668 179 859 210 COMMENT.
879 181 917 210 IN
931 181 1050 212 EPlST.
1065 184 1115 214 AD
1139 185 1271 217 EI’HES.
1691 190 1760 222 1222

71 244 140 271 πῃ,
177 239 400 276 αὐξήσωμεν
422 243 465 275 εις
487 242 581 269 αὐτὸν
597 242 633 270 τὰ
649 244 757 277 πάντα,
772 244 806 278 ὅς
839 245 882 272 ἐστ

1009 237 1071 265 ιίεδι
1083 243 1173 273 caput,
1183 248 1272 271 πονηρέ
1287 241 1418 269 Christum
1434 243 1505 278 :37
1515 252 1531 270 a
1545 252 1594 278 quo
1606 249 1686 272 totum
1699 255 1755 273 cor-

72 283 97 317 ή
117 285 284 319 κεφαλὴ
308 288 325 313 ό
342 288 479 322 Χριστός.
508 288 560 320 Ἐξ
570 286 607 316 οὗ
629 287 691 316 πᾶν
708 288 794 323 σῶμα
810 297 882 316 συν-ι

1009 289 1036 313 :s,
1049 283 1118 317 quod
1126 289 1267 317 conpletur
1276 291 1299 312 et
1309 287 1537 322 eompingiturper
1547 297 1647 316 onmem
1658 295 1756 318 tactum

73 331 364 365 μολογούμενον
391 333 441 360 καὶ
465 333 729 368 συμϐιϐαζόμενον,
754 334 803 361 διὰ
821 334 882 361 mia

1010 326 1242 363 bminislratiom’s,
1260 331 1341 364 juxta
1363 333 1504 366 e/ﬁmcium
1541 335 1576 361 ad
1604 343 1755 363 mensuram

76 373 180 407 ἁφῆς
200 374 280 409 τῆς
298 377 502 412 ἐπιχορηγίας,
517 378 580 405 κατ’
597 378 750 413 ἐνέργειαν
774 379 810 405 ὲν
823 380 882 414 yet,

1013 373 1180 409 iuseujusque
1190 377 1275 410 partis
1291 378 1480 405 incrementum
1502 382 1623 414 corporis
1639 382 1704 416 facit
1721 383 1755 410 ad

79 419 166 453 ἐνὸς
189 420 353 450 ἑκάστου
365 423 477 457 μέρους
501 424 559 457 τὴν
575 423 706 458 αὔξησιν
720 424 773 451 τοῦ
785 425 882 459 σώμαι

1009 418 1178 453 tiﬁcatiouem
1195 423 1236 449 sui
1250 423 1332 456 ipsius
1350 432 1395 458 per
1411 425 1578 454 cltarilatem.

79 465 245 493 ποιεῖται
264 469 317 501 εἰς
331 468 492 503 οἰκοδομὴν
504 469 613 496 ἑαυτοῦ
625 469 660 497 ἐν
673 469 784 504 ἀγάπῃ.
827 490 829 493 τ

128 519 140 535 ι
155 511 235 538 ἰνα
279 514 381 548 μηκέτι
397 511 472 549 ὦμεν
486 515 588 550 νήπιοι.
601 524 610 541 ι
635 515 764 542 Δείκνυσι
782 516 920 548 παθόντας

81 556 209 589 αὐτοὺς
242 558 337 585 τοῦτο
365 559 460 592 πάλαι,
491 560 539 586 καὶ
552 560 590 592 ὡς
606 561 635 587 ἐν
652 561 822 597 διηγήματος
843 562 918 594 τάξει

85 602 331 638 ἐπανορθοῦται
356 605 464 638 αὐτοὺς,
482 606 528 632 καὶ
541 605 636 633 ἑαυτὸν
654 606 808 634 συντάττων
832 607 876 634 διὰ
888 607 918 634 τὸ

85 649 296 685 ἀνεπαχθὲς.
325 652 447 687 Νηπίους
475 653 519 686 δὲ,
549 655 583 689 τῇ
610 653 699 681 πίστει
729 654 806 689 φησί.
843 655 917 682 «Καὶ

88 698 371 732 περιφερόμενοι.)
385 699 499 734 Νηπίων
513 699 567 735 γὰρ
580 699 698 732 ὅντωςτὺ
707 701 915 737 περιφέρεσθαι,

87 741 146 767 καὶ
159 741 198 767 οὐ
217 742 388 778 βεδηκότων
404 744 450 770 καὶ
461 745 592 780 στεῤῥῶν.
609 754 618 770 ι
636 746 720 772 [Ιοιντλ⁸
732 746 854 781 ἀνέμῳ.)
872 747 917 774 Εἰ-

94 787 165 815 πὼν
180 788 444 825 κλυδωνιζόμενοι,
461 792 588 826 ἐπέμεινε
606 793 639 827 τῇ
650 793 801 828 τροπῇριαὶ
815 792 914 827 ἄνεμον

91 834 303 867 διδασκαλίας
320 837 501 870 reposui:de
519 838 564 864 Ἐν
578 839 611 874 τῇ
629 838 728 873 κυὸείᾳ
741 838 796 865 τῶν
809 838 913 873 ἀνί)ρὼ-

94 888 178 908 πων.
199 891 212 907 υ
236 882 384 910 Κυϐευταὶ
395 883 481 917 λόγων
494 883 629 918 λέγονται,
639 884 664 910 oi
680 884 745 911 ποτὲ
759 884 808 918 μὲν
821 884 912 916 τοῦτο,

1009 515 1020 533 ι
1039 507 1074 535 Ut
1088 515 1142 535 non
1160 509 1276 543 amplius
1293 510 1379 538 simus
1393 511 1478 545 pueri.
1496 521 1505 536 ι
1526 512 1652 541 Ostendit
1669 523 1746 550 ipsos

971 551 1036 579 olim
1052 553 1088 580 ita
1106 553 1191 582 fuisse
1210 554 1333 590 affectos,
1350 561 1375 583 et
1390 565 1438 591 per
1455 558 1563 584 modum
1587 561 1752 589 narrationis

971 598 1084 634 corrigit
1099 607 1157 632 cos,
1174 607 1205 628 ac
1223 601 1343 636 scipsum
1359 603 1500 638 conjungit
1515 612 1548 631 ne
1566 605 1679 633 odiosus
1707 607 1752 634 ttat

971 650 1071 671 sermo.
1101 645 1205 672 Pueros
1223 650 1312 673 autem
1329 646 1394 674 dicit
1413 647 1475 675 ﬁde.
1496 658 1505 674 ι
1527 649 1558 677 Ει
1573 649 1752 679 circumfera-

970 696 1042 716 mur.
1064 698 1073 715 ι
1090 689 1194 718 Revera
1207 692 1280 719 enim
1297 700 1446 727 puerorum
1459 699 1500 722 est
1515 696 1686 724 circumferri
1703 699 1749 732 qui

969 734 1040 762 firmi
1059 739 1087 763 et
1114 737 1228 765 stabiles
1243 746 1296 765 non
1327 744 1401 767 sunt.
1423 749 1432 766 ι
1451 740 1530 768 Omni
1547 747 1637 770 vento.
1655 753 1664 769 ι
1682 743 1748 771 Cum

968 780 1146 815 praemisisset
1168 790 1175 808 :
1190 782 1241 815 Qui
1259 783 1434 816 ﬂuctuemus.
1451 785 1478 812 in
1495 790 1573 821 tropo
1588 791 1747 822 permansit,

967 826 1148 863 subjungens,
1172 833 1199 855 ct
1214 833 1326 856 ventum
1347 830 1491 859 doctrinm.
1508 841 1517 857 ι
1534 833 1584 860 Per
1601 835 1748 862 versutiam

965 873 1120 901 hominum.
1140 883 1149 900 ›
1166 874 1274 903 Versuti
1288 876 1314 903 in
1333 878 1423 905 verbis
1439 878 1579 912 dicuntur,
1598 880 1644 914 qui
1664 882 1748 908 inter-

95 928 174 954 ποτὲ
187 928 223 954 δὲ
234 930 331 955 ἐκεῖνο
345 929 526 962 διδάσκοντες,
538 930 585 956 καὶ
593 929 801 964 μεταϐαίνοντες
813 929 878 956 ἀεὶά

1009 929 1028 948 m
1055 921 1164 957 quidem
1184 922 1245 956 hoc,
1265 924 1402 952 interdum
1421 934 1484 953 vero
1511 927 1577 954 illud
1597 928 1704 960 docent,
1722 934 1749 956 et

96 974 210 1001 τούτοῡ
229 976 277 1007 εἰς
289 975 368 1002 τοῦτο
394 975 565 1012 πανούργως.
592 975 713 1002 Τοιοῦτοι
729 977 753 1002 oi
768 975 912 1010 αἱρετικοί.

98 1019 136 1045 Οἱ
148 1020 180 1046 δὲ
203 1021 340 1052 τοιοῦτοι,
357 1022 435 1056 φησι,
448 1023 495 1048 καὶ
510 1021 659 1057 πανοῦργοι
673 1021 740 1056 πρὸς
755 1020 785 1047 τὸ
803 1020 914 1056 μέθοδον

99 1065 208 1100 εὑρεῖν
249 1066 299 1092 καὶ
327 1066 463 1101 πρόφασιν
482 1066 597 1101 πλάνης,
615 1066 704 1093 πάντα
716 1065 784 1101 πρὸς
796 1066 826 1093 τὸ
839 1066 911 1092 ἀπα-

101 1111 196 1144 τῆσαι
229 1110 436 1146 μηχανώμενοι.
460 1113 589 1139 Κυϐείιιν
607 1112 656 1146 τὴν
676 1112 845 1146 πανουργίαν
860 1120 912 1139 κα-

100 1154 159 1182 λεῖ.
177 1156 342 1191 Πεποίηται
357 1157 384 1184 δὲ
403 1157 457 1184 ἀπὸ
469 1157 515 1184 τοῦ
531 1157 667 1184 κυϐεύειν
680 1157 710 1184 τὸ
723 1157 819 1192 ὄνομα,
831 1158 911 1184 ’Ἰδιον

105 1200 137 1227 δὲ
155 1201 282 1235 τούτου,
298 1202 342 1233 τδ,
357 1202 420 1238 τῇδε
437 1203 547 1229 κάκεῖσε
564 1202 726 1237 μεταφέρειν
743 1203 790 1234 τὰς
805 1202 910 1237 ψήφους

105 1248 408 1283 πανσυργευομένους.
441 1257 450 1274 ι
471 1248 661 1283 ’Δληθεύοντες
683 1248 711 1274 δὲ
733 1249 761 1274 ἐν
777 1248 883 1284 ἀγάπῃ.
897 1257 906 1274 ›

116 1293 244 1321 Ἐκεῖνοι
257 1295 307 1329 μὲν
324 1293 398 1326 νόθα,
416 1295 494 1329 φησὶ,
509 1295 557 1321 καὶ
570 1294 656 1329 ψευδῆ
668 1293 824 1321 διδάσκουσι
846 1294 910 1330 περὶ

110 1336 152 1366 ὧν
171 1341 187 1367 ὁ
203 1340 299 1374 λόγος,
314 1341 394 1375 ἡμεῖς
404 1340 433 1366 δὲ
452 1339 631 1375 ἀληθεύοντες
645 1339 674 1366 ἐν
688 1348 718 1366 τε
733 1339 848 1374 δόγμασι
861 1339 909 1366 καὶ

113 1384 166 1419 βίῳ
196 1385 250 1412 καὶ
280 1385 351 1420 λόγῳ
366 1385 395 1412 ὲν
416 1385 521 1421 ἀγάπῃ.
535 1385 639 1417 Ἄλλως
651 1385 705 1419 γὰρ
721 1385 771 1412 οὐκ
786 1384 826 1411 ἔνι
843 1385 909 1420 ἀλη-

111 1429 221 1457 θεύειν.
247 1430 414 1465 Αὑξήσωμεν
445 1431 491 1457 καὶ
521 1431 778 1466 ὲποικοδομὴσωμεν
796 1432 836 1463 εἰς
862 1431 907 1458 τὸν

113 1475 240 1511 Χριστὸν
268 1476 317 1512 τὴν
342 1476 462 1512 κεφαλὴν
490 1476 578 1512 ἡμῶν,
591 1477 625 1503 τὰ
636 1477 725 1504 πάντα
754 1477 842 1511 ἡμῶν,
859 1478 906 1504 καὶ

114 1520 185 1557 βίον,
217 1522 267 1549 καὶ
295 1522 385 1556 λόγον,
413 1522 461 1549 καὶ
488 1522 621 1558 δόγματα.
654 1532 664 1548 ι
683 1523 727 1556 Ἐξ
746 1522 776 1549 οὗ
807 1524 861 1550 πᾶν
875 1523 906 1550 τὸ

116 1566 211 1603 σῶμα.
224 1577 232 1593 ι
263 1567 396 1603 Καθάπερ
414 1567 461 1594 ἐπὶ
491 1568 545 1595 τῶν
568 1569 710 1604 ἡμετέρων
727 1569 860 1614 σωμάτων
874 1569 904 1596 τὸ
917 1582 940 1614 c

113 1613 229 1648 πνεῦμα
245 1613 275 1639 τὺ
287 1612 399 1644 ζωτικὸν
410 1613 440 1638 τδ
450 1612 498 1640 ἀπ’
512 1613 664 1647 ἐγκεφάλου
676 1613 719 1640 διὰ
731 1613 784 1640 τῶν
800 1613 903 1649 νεύρων

115 1659 274 1694 aut-novng
282 1659 375 1692 ἁπλῶς
389 1660 475 1686 πᾶσιν
484 1660 582 1694 ἐμπνεῖ
597 1661 654 1692 τοῖς
668 1660 762 1695 μέλεσι
771 1660 901 1696 δύναμιν,

115 1705 183 1732 ἀλλά
207 1706 239 1732 τδ
265 1706 313 1740 μὲν
340 1706 432 1732 πλεῖόν
462 1714 487 1732 τι
509 1706 637 1738 δέξασθαι
650 1706 790 1741 δυναμένῳ
811 1706 902 1733 πλετον

116 1749 220 1783 δίδωσι,
235 1750 274 1786 τῷ
288 1751 316 1778 δὲ
334 1751 668 1784 ἐλαττον,ἕλαττον,οὓτω
683 1752 728 1779 καὶ
745 1753 759 1778 ὁ
774 1752 900 1787 Χριστὸς,

115 1795 244 1831 καθάπερ
261 1795 349 1830 μελῶν
361 1796 415 1822 τῶν
433 1795 578 1831 ἡμετέρων
590 1796 684 1831 ψυχῶν
696 1796 724 1829 ἐξ
752 1796 835 1823 αὑτοῦ
855 1797 902 1823 καὶ

116 1840 156 1871 εις
183 1840 266 1867 αὑτὸν
296 1841 546 1876 ἀποκρεμαμένων,
572 1843 588 1876 ἡ
623 1842 796 1877 πνευματικὴ
818 1843 900 1869 αὑτοῦ

116 1884 231 1922 δύναμις
243 1887 289 1913 καὶ
303 1887 320 1922 ἡ
338 1886 391 1913 τῶν
409 1887 585 1922 χαρισμάτων
601 1887 725 1922 διανομὴ,
742 1888 812 1914 κατὰ
833 1888 899 1915 ἀνα-

117 1931 209 1967 λογίαν
235 1934 293 1965 ὲνὸς
321 1934 436 1961 ἑκάστου
450 1933 547 1969 μέλους
567 1933 649 1960 αὐτοῦ
674 1935 898 1970 προσαπτομένη,

117 1976 165 2014 τὴν
190 1978 304 2013 αῦξησιν
339 1980 458 2006 ποιεῖται
483 1978 533 2014 τῆς
567 1979 754 2013 πνευματικῆς
779 1979 897 2014 ἡλικίας.

120 2025 186 2051 (Διὰ
201 2025 250 2059 τῆς
265 2024 348 2059 ἁφῆς,
367 2024 444 2060 φησὶ,
465 2023 514 2059 τῆς
531 2024 720 2060 ἐπιχορηγίας,
737 2033 746 2050 ι
765 2025 898 2058 τουτέστι,

118 2068 160 2095 διὰ
184 2070 234 2104 τῆς
249 2070 277 2095 ἐν
290 2070 322 2104 τῇ
342 2070 409 2105 ἀφῇ,
421 2069 469 2096 καὶ.
483 2066 540 2096 οἷον
568 2069 671 2105 ἐρεύνῃ
686 2069 733 2096 τοῦ
747 2070 898 2105 ἐπιτηδείου

118 2114 295 2151 ἐπιχορηγίας
327 2115 482 2150 γινομένης.
516 2114 624 2149 Ἐκείνη
647 2115 703 2149 γὰρ
726 2115 742 2150 ἡ
771 2115 824 2141 ἀπὸ
851 2115 897 2142 τοῦ

119 2160 233 2196 Χριστοῦ
251 2160 383 2187 κατιοῦσα
393 2161 569 2196 πνευματικὴ
583 2159 708 2195 δυναμις,
716 2160 773 2192 ἐνὸς
783 2161 897 2187 ἑκάστου

119 2206 212 2240 μέλους
228 2206 309 2234 αὑτοῦ
327 2206 480 2242 ἁπτομένη,
492 2205 579 2237 οὕτως
592 2206 708 2240 ἐνεργεῖ,
729 2205 766 2237 ὡς
781 2206 813 2232 ἂν
830 2206 898 2242 εὕρῃ

965 967 1077 995 vafricie
1103 975 1154 996 sua
1171 976 1280 1004 semper
1307 970 1340 997 ab
1366 971 1418 998 hoc
1439 972 1472 999 ad
1499 972 1565 1000 illud
1591 977 1746 1003 transeunt.

964 1011 1126 1048 Hujusmodi
1141 1018 1205 1041 sunt
1224 1015 1357 1043 hazretici.
1379 1016 1544 1051 Hujusmodi
1559 1022 1648 1045 autem
1664 1019 1746 1046 etiam

964 1050 1046 1084 astuti
1066 1057 1155 1093 inquit
1192 1059 1226 1086 ad
1242 1059 1438 1088 inveniendum
1464 1062 1568 1089 semina
1579 1066 1605 1089 et
1621 1063 1746 1090 occasio-

963 1111 1022 1131 nem
1036 1104 1214 1140 deceptionis,
1230 1107 1321 1134 omnia
1336 1107 1531 1135 machinantur
1549 1114 1578 1136 ut
1595 1109 1691 1137 fallant
1714 1118 1746 1139 ac

962 1150 1112 1185 imponant,
1133 1151 1246 1178 κυϐείαν
1260 1158 1350 1180 autem
1374 1153 1441 1180 dicit
1458 1154 1605 1182 versutiam
1627 1160 1652 1182 et
1669 1161 1745 1183 astu-

962 1197 1038 1224 tiam.
1054 1196 1167 1224 Factum
1181 1202 1224 1226 est
1240 1203 1330 1226 autem
1349 1206 1447 1226 nomen
1465 1207 1479 1226 a
1493 1200 1627 1235 κυϐεύειν,
1646 1202 1671 1229 id
1690 1208 1742 1236 cst,

961 1242 1062 1269 taxillis
1075 1242 1167 1270 ludere
1189 1252 1197 1270 :
1218 1244 1290 1278 quod
1306 1244 1342 1271 ibi
1356 1245 1475 1273 versutis
1491 1245 1625 1274 familiare
1637 1248 1672 1274 sit
1685 1249 1742 1275 cal-

960 1287 1036 1315 culos
1051 1288 1101 1316 hac
1112 1293 1139 1316 et
1157 1289 1219 1316 illac
1233 1294 1444 1318 transmutarc.«
1465 1291 1516 1319 Sed
1529 1293 1669 1320 veritatem
1681 1302 1742 1321 ser-

961 1339 1059 1361 vantes
1071 1336 1097 1360 in
1115 1334 1259 1363 charitale.
1275 1335 1430 1371 rSiquidem
1441 1337 1477 1364 illi
1491 1338 1524 1365 de
1532 1338 1633 1373 quibus
1649 1348 1741 1368 sermo

958 1384 1011 1413 est,
1027 1381 1180 1408 adulterina
1198 1386 1224 1408 et
1241 1381 1307 1409 falsa
1316 1382 1425 1414 docent,
1438 1391 1487 1411 nos
1498 1389 1589 1412 autem
1600 1386 1741 1414 Veritatem

958 1431 1099 1454 servantes
1110 1427 1137 1454 in
1148 1426 1282 1463 dogmatis
1298 1434 1323 1454 et
1339 1428 1392 1456 vita
1408 1437 1440 1456 ac
1451 1437 1588 1463 sermone,
1602 1432 1629 1458 in
1651 1432 1742 1459 chori-

957 1476 1029 1505 tate;
1043 1473 1165 1508 alioquin
1176 1474 1246 1500 enim
1258 1482 1311 1501 non
1323 1475 1456 1510 contingit
1467 1483 1576 1504 servare
1588 1478 1739 1512 veritatem,

956 1526 1116 1547 crescamus
1126 1523 1152 1546 et
1164 1519 1332 1547 :edilicemur
1342 1520 1368 1547 in
1376 1520 1514 1549 Christum
1523 1528 1604 1557 caput
1615 1528 1739 1551 nostrum

956 1571 1006 1599 per
1018 1564 1111 1591 omnia
1128 1570 1223 1592 nostra
1233 1569 1259 1593 et
1270 1566 1352 1592 vitam
1368 1570 1394 1593 et
1410 1575 1550 1596 sermones
1560 1576 1591 1596 ac
1602 1570 1738 1605 dogmata.

960 1619 969 1636 ι
989 1609 1026 1637 Ex
1041 1618 1094 1645 quo
1110 1614 1196 1638 totum
1221 1619 1330 1646 corpus.
1351 1622 1359 1638 ι
1382 1612 1616 1644 Quemadmodum
1633 1615 1660 1642 in
1687 1623 1737 1642 no-

956 1657 1021 1685 stris
1037 1657 1201 1692 corporibus
1218 1658 1330 1692 spiritus
1344 1658 1433 1685 vitalis
1450 1666 1464 1685 a
1480 1658 1593 1686 cerebro
1609 1668 1657 1694 per
1672 1668 1736 1687 ner-

955 1709 1005 1729 vos
1028 1703 1211 1737 descendens,
1228 1711 1282 1731 non
1298 1704 1440 1739 aequaliter
1452 1704 1581 1732 omnibus
1608 1706 1738 1735 membris

956 1748 1073 1783 inspirat
1088 1749 1217 1777 virtutem
1234 1757 1241 1777 :
1258 1749 1305 1777 sed
1321 1750 1386 1777 huic
1401 1750 1513 1785 quidem
1541 1751 1659 1785 amplius
1686 1760 1737 1786 po-

956 1795 1023 1822 tenti
1039 1795 1189 1830 suscipere,
1206 1795 1267 1830 plus
1286 1796 1393 1827 tribuit,
1409 1796 1433 1823 ei
1446 1800 1536 1823 autem
1555 1797 1627 1831 quod
1647 1797 1738 1824 minus

955 1846 1054 1876 potest,
1072 1841 1162 1869 minus
1173 1842 1323 1877 elargitur:
1338 1842 1374 1869 ita
1389 1846 1415 1870 et
1437 1842 1575 1869 Christus.
1594 1841 1735 1878 Tanquam

954 1888 1026 1914 enim
1045 1888 1175 1915 membris
1187 1888 1339 1914 animarum
1355 1892 1511 1915 nostrarum
1526 1897 1559 1915 ex
1581 1889 1640 1923 ipso
1654 1894 1680 1916 et
1708 1890 1736 1916 in

954 1933 1043 1967 ipsum
1069 1934 1266 1968 pendentibus,
1291 1934 1446 1967 spiritualis
1460 1935 1520 1969 ejus
1539 1935 1626 1961 virtus
1639 1942 1671 1961 ac
1687 1935 1736 1962 do-

953 1987 1050 2006 norum
1067 1980 1174 2012 divisio,
1186 1980 1262 2014 juxta
1283 1981 1486 2015 proportionem
1505 1981 1637 2016 cujusque
1649 1982 1735 2016 ipsius

953 2026 1068 2053 membri
1092 2025 1238 2060 applicata,
1266 2030 1441 2060 augmentum
1477 2026 1559 2053 eﬂicit
1582 2027 1735 2062 spiritu-alis

952 2070 1050 2098 anatis.
1070 2080 1079 2097 ι
1101 2071 1150 2098 Per
1167 2075 1268 2098 tactum
1284 2071 1562 2100 snbministrationis.
1579 2081 1589 2098 ι
1608 2072 1666 2100 lloc
1680 2078 1732 2106 cst,

952 2126 1000 2153 per
1012 2122 1102 2152 aptam
1120 2118 1403 2146 subministrationem
1416 2127 1477 2154 qua:
1489 2119 1516 2146 fit
1531 2119 1557 2146 in
1574 2125 1734 2147 contrecta-

952 2164 1027 2191 tione
1044 2167 1071 2190 et
1087 2163 1160 2190 velut
1178 2163 1206 2190 in
1225 2164 1405 2190 scrutatione.
1426 2164 1582 2198 Spiritualis
1597 2165 1669 2192 enim
1688 2165 1734 2192 illa

951 2208 1039 2236 virtus
1064 2216 1124 2242 qua!
1140 2216 1154 2234 a
1183 2207 1293 2236 Christo
1323 2209 1466 2236 descendit
1488 2209 1587 2243 cuique
1611 2211 1734 2237 membro

119 2253 175 2278 τινὰ
205 2252 274 2286 πρὸς
303 2252 436 2287 ὑποδοχὴν
462 2252 626 2287 ἐπιτήδειον,
654 2252 691 2284 ὡς
703 2253 727 2278 εί
748 2252 834 2286 ἔλεγε·
857 2253 882 2278 Τ.

1009 2260 1038 2280 us
1050 2253 1095 2286 ﬁita
1110 2253 1164 2279 vim
1178 2253 1276 2285 exerit,
1292 2253 1348 2288 38
1363 2254 1434 2281 sicut
1456 2254 1584 2289 quodque
1599 2254 1734 2283 invenerit

120 2297 185 2332 μέλη
199 2297 246 2324 τοῦ
275 2297 395 2332 Χριστοῦ
410 2297 504 2333 ἡμεῖς,
523 2297 618 2332 φησιν,
634 2298 659 2324 ol
676 2297 814 2332 ἄνθρωποι
828 2297 898 2324 κατά

119 2343 164 2377 τὴν
190 2343 335 2376 ἀναλογίαν
364 2342 411 2369 τοῦ
436 2342 538 2369 οἰκείου
571 2342 759 2378 πνευματικοῦ
795 2343 896 2378 μέτρου

119 2387 253 2423 δεχόμενοι
273 2387 322 2422 τὴν
338 2388 392 2414 ἀπὸ
407 2387 453 2414 τοῦ
468 2387 587 2422 Χριστοῦ
604 2388 794 2424 ὲπιχορηγίαν,
814 2388 896 2422 αὔξο-

121 2442 175 2466 μεν.
189 2433 226 2459 Τὸ
240 2433 294 2469 γὰρ
307 2433 416 2468 πνεῦμα
431 2433 534 2460 ἄνωθεν
549 2434 678 2469 ἐπιρρέον
699 2434 755 2462 ἀπὸ
768 2434 815 2461 τοῦ
829 2435 896 2470 Χρι-

120 2479 177 2506 στοῦ
201 2479 324 2514 ἀφθόνως
344 2480 391 2505 καὶ
417 2478 630 2514 χορηγούμενον,
646 2479 755 2506 πάντων
774 2480 896 2514 ἐφαπτό-

120 2532 194 2557 μενον
221 2525 275 2552 τῶν
290 2525 329 2556 είς
344 2524 412 2559 μέλη
445 2523 593 2550 τελούντων
615 2524 661 2550 τοῦ
679 2525 810 2560 Χριστοῦ,
828 2525 896 2560 πρὸς

122 2570 161 2605 τὴν
182 2571 326 2605 ἀναλογίαν
351 2571 402 2605 τῆς
423 2569 538 2597 ἑκάστου
566 2570 706 2603 δυνάμεως
718 2571 767 2606 τὴν
781 2570 895 2606 αὔξησιν

122 2618 237 2644 ποιεῖται.
261 2632 297 2638 -
320 2615 493 2653 [01ΚοΥΜ.]
521 2617 592 2651 Ὀρα
605 2616 631 2642 τί
655 2616 732 2650 κάγὼ
769 2618 892 2652 ἐνόμισα.

117 2661 178 2689 Οὗτε
209 2662 263 2697 γὰρ
291 2663 416 2698 ὲχώρησα
434 2662 468 2689 τὰ
497 2662 544 2689 τοῦ
575 2662 711 2697 μακαρίου
737 2665 841 2698 νοῆσαι.
859 2677 894 2682 -

117 2703 222 2744 [MHDL]
248 2707 293 2740 Ἐξ
309 2706 345 2741 ,οὗ
362 2708 480 2742 Χριστοῦ
499 2709 552 2735 πᾶν
569 2708 600 2734 τὸ
613 2708 693 2742 σῶμα
708 2707 758 2742 τῆς
776 2709 892 2744 Ἐκκλη-

119 2753 169 2785 σίας
185 2754 472 2789 συναρμολογούμενον
485 2753 558 2789 αὐτῷ
579 2754 626 2780 καὶ
644 2753 890 2789 συμὸιεαζόμενον,

118 2799 241 2833 τουτέστι,
258 2799 510 2834 συγκεκολλημένον
521 2799 594 2834 αὺτῷ
611 2800 657 2825 καὶ
669 2799 890 2834 προσηνωμένον,

119 2847 150 2875 ὼς
164 2843 217 2880 ίδίᾳ
247 2845 364 2880 κεφαλῇ,
387 2845 431 2877 Ἐξ
445 2844 526 2871 αὑτοῦ
549 2837 611 2882 γὰρ¹
629 2845 695 2879 ἡμῖν
710 2844 741 2870 τὸ
762 2844 892 2879 κεκολλῆ-

120 2887 170 2915 σθαι
194 2888 276 2921 αὐτῷ.
308 2889 514 2922 Κεκολλημένον
536 2889 584 2922 δὲ,
616 2889 660 2916 διὰ
687 2889 776 2922 πάσης
807 2889 888 2922 ἁφῆς,

951 2301 1044 2332 aptum
1062 2297 1095 2324 ad
1114 2298 1330 2332 susceptionem,
1350 2306 1381 2326 ac
1395 2299 1419 2326 si
1434 2298 1537 2326 diceret
1553 2307 1559 2325 :
1574 2298 1631 2327 Nos
1646 2301 1733 2328 homi-

949 2351 998 2370 nes
1027 2343 1073 2378 qui
1100 2343 1221 2370 membra
1245 2343 1347 2371 Christi
1372 2351 1478 2377 sumus,
1504 2344 1581 2378 juxta
1594 2347 1730 2380 propriam

949 2387 1102 2422 spiritualis
1123 2395 1260 2415 mensuras
1293 2388 1512 2423 proportionem,
1548 2390 1731 2424 suscipientes

947 2441 1008 2469 quae
1031 2441 1046 2460 a
1072 2433 1182 2461 Christo
1203 2438 1245 2461 est
1272 2433 1565 2466 subministrationem,
1588 2442 1730 2470 augemur,

947 2479 1061 2513 spiritus
1072 2485 1192 2513 namque
1206 2486 1324 2513 superne
1341 2487 1355 2506 a
1365 2479 1474 2507 Christo
1485 2480 1601 2508 inﬂuens
1619 2481 1728 2509 abunde

946 2529 971 2552 et
981 2524 1215 2557 subministratus,
1229 2525 1356 2552 omnibus
1371 2525 1514 2560 adaptatus
1524 2527 1568 2562 qui
1587 2527 1613 2554 in
1628 2527 1729 2555 Christi

946 2569 1066 2596 membra
1081 2569 1269 2604 perﬁciuntur,
1290 2570 1368 2605 juxta
1399 2571 1600 2605 proportionem
1620 2572 1730 2599 virtutis

945 2615 1160 2650 uniuscujusque
1171 2615 1236 2642 facit
1244 2616 1622 2650 augmentuni.Anin1adverte
1631 2617 1694 2651 quid
1702 2622 1728 2645 ct

945 2660 1108 2688 mihivisum
1126 2661 1162 2688 sit
1181 2669 1187 2688 :
1209 2669 1295 2696 neque
1316 2662 1387 2690 enim
1403 2669 1435 2689 eo
1448 2669 1609 2696 progressus
1621 2670 1681 2690 sum
1698 2668 1728 2690 ut

942 2706 1143 2733 considerarem
1155 2714 1187 2734 ac
1197 2707 1373 2742 intelligerent
1384 2716 1444 2743 quae
1456 2709 1541 2743 ipsius
1553 2708 1640 2735 sancti
1652 2713 1727 2737 sunt.

942 2753 962 2778 Α
980 2759 1034 2787 quo
1069 2751 1179 2780 Christo
1198 2760 1279 2780 omne
1301 2760 1401 2787 corpus
1427 2748 1554 2781 Ecclesiae
1581 2754 1652 2789 quod
1676 2754 1728 2789 ipsi

943 2801 1082 2831 eoaptatur
1098 2798 1322 2832 etcumpingitur,
1347 2798 1397 2825 hoc
1413 2802 1463 2832 est,
1485 2799 1686 2834 conglutinatur
1700 2803 1729 2828 et

942 2843 974 2868 ad
997 2850 1058 2869 eum
1080 2843 1172 2869 unitur
1200 2846 1327 2877 tanquam
1356 2842 1389 2869 ad
1418 2844 1557 2877 proprium
1573 2849 1654 2879 caput
1670 2853 1676 2870 :
1692 2844 1728 2872 ab

941 2888 1001 2922 ipso
1017 2889 1088 2915 enim
1101 2888 1230 2915 habemus
1247 2891 1276 2914 ut
1290 2888 1314 2914 ei
1331 2887 1519 2915 adhaercamus
1543 2889 1600 2915 sive
1611 2888 1727 2921 aggluti-
