1864 3048
85 207 158 240 12‘5

601 208 793 241 COMMENT.
814 210 853 240 IN
873 208 992 240 EPIST.
1006 209 1056 240 AD
1078 208 1213 240 EPHES.

1654 213 1724 246 1226

129 264 231 300 Ἐχρῆν
245 264 282 301 μὴ
296 264 376 300 μόνον
392 265 436 292 διὰ
447 264 494 292 τοῦ
509 268 663 301 παραινεῖν,
677 265 746 293 ἀλλά
772 265 819 293 καὶ
833 265 878 292 διὰ

972 264 1095 299 Dportuit
1114 273 1168 292 non
1183 265 1273 293 solum
1284 267 1468 301 exhortando,
1488 269 1535 296 sed
1553 274 1579 297 et
1595 273 1724 300 terrendo

84 309 135 336 τοῦ
165 309 260 344 φοϐεῖν
284 311 332 337 καὶ
348 311 387 346 τῷ
403 311 461 346 Θεῷ
487 311 674 347 παραδιδόναι,
689 312 739 347 τὴν
753 312 883 338 διδασκα-

84 355 149 383 λίαν
177 357 353 391 ὲργάξεσθαι.
375 358 572 393 Μαρτὺρομαι,
599 359 692 393 φησὶν,
720 360 749 385 ὲν
774 358 881 394 Κυρίῳ,

85 403 224 435 τουτέστι,
238 404 365 439 μάρτυρα
377 404 422 430 τὸν
437 404 539 440 Κύριον
552 405 636 437 καλῶ,
653 405 694 432 ὄτι
708 403 785 431 εἷπον
800 405 827 431 τί
843 404 883 430 δεῖ

87 449 162 483 ὑμᾶς
179 450 321 484 πράττειν.
339 450 411 485 Ὀρα
425 450 454 477 δὲ
478 451 585 485 σοφίαν.
608 451 665 477 Οὐκ
684 449 755 482 εἷπε,
775 450 881 485 Μηκέτι

87 495 163 529 ὑμᾶς
179 497 351 530 περιπατεῖν,
366 496 458 529 καθὼς
478 498 667 532 περιπατεῖτε.
682 497 814 533 (Ἔπληξε
826 497 881 532 γὰρ

87 540 147 574 ἄν.)
181 541 263 567 Ἃ).λά
289 541 368 567 τοῦτο
398 541 448 576 μὲν
475 542 620 577 ἐδήλωσεν,
643 542 697 569 ἀπὸ
723 543 752 569 δὲ
779 543 882 578 ἑτέρων

87 586 178 622 ἤγαγε
199 586 230 612 τὸ
258 587 445 622 παράδειγμα.
477 597 486 613 ι
507 588 550 615 Ἐν
566 589 726 624 ματαιότητι
756 589 803 616 τοῦ
822 589 882 620 νοὸς

87 631 192 659 αὐτῶν.
209 641 220 658 ι
237 648 272 653 -
287 631 444 669 [ΦΩΤ.]Είς
454 633 485 660 τὸ
501 633 538 669 μὴ
557 635 621 670 περὶ
633 635 668 662 τὰ
685 635 789 670 μάταια
801 635 883 670 ἀσχο-

87 679 196 706 λεῖσθαι
219 681 265 707 τὸν
286 679 348 707 νοῦν
374 680 511 715 ὑμῶν.οὑ
523 681 557 707 τὰ
569 680 620 715 τῆς
650 681 779 716 ἀληθείας
817 689 884 717 (ppo-

89 724 202 757 νοῦντες
237 725 285 751 καὶ
308 725 484 756 πιστεύοντες
514 725 562 752 καὶ
592 726 799 761 ἀποδεχόμενοι,
823 726 882 753 ἀλλ’

88 770 164 806 ειπερ
184 770 217 798 ἂν
231 771 246 797 ό
263 771 324 802 νοῦς
351 771 440 798 αὐτῶν
471 771 560 806 μάτην
585 771 730 807 ἀναπλάσῃ
749 774 796 798 καὶ
809 772 882 806 λογί-

79 808 185 852 σηται.
203 817 236 844 Τί
252 817 274 844 δ’
288 817 321 843 ἀν
337 817 383 844 καὶ
407 817 543 851 λογίσοιτο
569 817 625 844 τῶν
652 818 753 850 καλῶν,
770 819 784 845 ὀ
801 819 882 845 ἐσκο-

87 863 226 898 τισμένην
252 863 321 897 ἔχων
347 862 398 898 τὴν
423 863 563 896 διάνοιαν;
584 872 594 888 ‹
627 863 831 898 Ἐσκοτισμένοι
848 864 880 899 τῇ

87 908 205 943 διανοίᾳ.
221 917 230 934 ι
248 908 284 934 Τὸ
300 909 355 942 γὰρ
372 908 475 943 πλῆθος
492 908 547 934 τῶν
573 908 710 944 βιωτικῶν
727 908 880 944 ἁμαρτιῶν,

932 310 1029 338 ειυοο
1050 311 1193 344 tradendo.
1217 311 1351 341 doctrina:
1383 321 1495 349 operam
1512 315 1588 343 dare.
1615 316 1723 350 Testor,

933 356 1033 391 inquit,
1048 364 1096 391 per
1114 357 1270 391 Dominum,
1281 359 1331 387 hoc
1347 363 1390 388 est
1405 364 1502 389 testem
1517 362 1616 390 invoco
1633 363 1725 392 Domi-

933 411 1010 435 num,
1024 404 1097 438 quod
1129 403 1245 432 dixerim
1270 405 1337 440 quid
1365 414 1415 433 vos
1439 412 1565 442 oporteat
1587 411 1726 445 agere.Et

933 449 1123 477 animadverte
1131 451 1306 485 sapientiam.
1318 451 1376 479 Non
1385 452 1453 480 dixit
1465 461 1472 480 :
1485 453 1528 481 Ne
1542 456 1655 490 posthac
1666 465 1726 484 anl-

934 494 1032 522 buletis
1044 496 1116 523 sicut
1136 496 1318 526 ambulabatis
1332 508 1338 526 :
1358 499 1410 526 hoc
1423 499 1496 527 enim
1513 501 1594 529 modo
1605 501 1725 531 feriisset

932 547 1000 568 eos:
1018 538 1073 577 40
1088 542 1141 569 hoc
1157 547 1247 570 tamen
1273 544 1415 577 indicavit,
1432 545 1479 573 sed
1505 547 1539 574 ab
1565 548 1627 575 aliis
1646 549 1726 576 duxit

934 589 1100 623 exemplum.
1120 599 1129 616 ι
1149 589 1178 617 In
1202 591 1323 618 vanitate
1338 592 1439 620 mentis
1451 600 1517 620 sum.
1535 603 1544 620 ι
1564 609 1598 614 -
1615 594 1650 622 Ut
1670 603 1724 623 non

932 638 1083 668 occupetur
1095 636 1168 662 circa
1182 643 1252 663 vana
1265 644 1343 664 mens
1360 643 1461 665 vestra.
1479 638 1666 674 lntelligentes
1698 647 1726 668 et

934 680 1078 708 credentes
1093 689 1126 708 ac
1152 682 1336 716 suscipientes
1351 691 1404 710 non
1425 692 1486 718 quae
1504 686 1630 713 veritatis
1649 692 1725 719 sunt,

934 724 981 752 sed
1006 733 1182 761 qurecunque
1200 734 1276 755 mens
1294 728 1416 762 ipsorum
1450 737 1519 758 vane
1542 736 1726 759 commentata

934 771 1016 798 fuerit
1036 768 1079 799 ac'
1093 773 1300 807 excogitaverit.
1312 774 1381 807 Quid
1393 775 1465 802 enim
1475 784 1571 804 eorum
1582 785 1641 811 qua:
1653 786 1691 806 let
1699 782 1727 805 ιι

933 822 998 846 sunt
1015 818 1137 853 cogitare
1148 824 1240 853 posset
1257 820 1304 854 qui
1325 825 1444 848 mentem
1458 823 1540 850 habet
1562 823 1727 852 oblenebra-

935 864 1011 891 tam?
1040 873 1050 890 ‹
1082 863 1260 893 Obtenebrati
1295 873 1396 895 mente.
1418 877 1428 894 ι
1449 868 1594 896 Multitudo
1610 878 1728 906 namque

935 909 1136 937 mundanorum
1160 915 1336 945 peccatorum
1384 913 1472 940 aciem
1488 914 1598 942 ‘nicntis
1619 915 1729 943 obtene-

88 955 120 981 τὸ
136 955 292 990 διορατικδν
313 954 364 989 τῆς
375 955 494 986 διανοίας
510 953 694 987 ὲπισκοτίζον,
708 955 771 982 ἰδεῖν
785 955 836 981 οὐκ
851 955 881 990 ἑᾷ

972 962 1019 983 ans
1035 963 1089 982 non
1105 956 1171 984 sinit
1187 957 1287 985 intueri
1318 958 1411 985 Solent
1441 958 1557 994 iustitiae
1573 959 1727 993 Christum.

88 1000 137 1027 τδν
154 1000 251 1027 ’Ἥλιον
267 1001 317 1035 τῆς
337 1001 514 1035 δικαιοσύνης
526 1000 655 1036 Χριστόν.
669 1000 766 1028 Ἔνθεν
778 1001 883 1036 γίνεται.

90 1048 107 1083 ὴ
124 1048 256 1083 πώρωσις
272 1048 321 1082 τῆς
345 1048 468 1083 καρδίας,
489 1039 558 1083 ὅπερ
581 1048 772 1084 παρακατιὼν,
789 1050 882 1084 φησιν,

89 1094 175 1120 οἱονεὶ
197 1094 327 1130 πώρωσίς
351 1103 395 1126 τις
419 1092 486 1121 οὖσα
515 1095 562 1121 καὶ
589 1095 815 1130 ἀναισθησία-Τὸ
829 1092 884 1130 γάρ

90 1141 299 1176 ὲσκοτισμένον,
327 1141 499 1176 ἀναίσθητον.
532 1142 603 1169 «Διά
626 1142 674 1177 τὴν
695 1142 807 1176 ἄγνοιαν
835 1142 885 1178 τὴν

89 1185 178 1213 οὖσαν
195 1188 223 1213 ὲν
237 1188 340 1219 αὐτοῖς.
353 1197 363 1213 ›
380 1187 410 1214 Et
427 1187 473 1214 οὖν
487 1188 626 1222 ἀγνοοῦσι,
645 1189 758 1223 φήσειέν
769 1197 822 1222 τις,
838 1189 885 1215 καὶ

90 1233 116 1260 εί
139 1232 337 1268 πεπώρωνται,
359 1233 410 1260 οὐκ
436 1234 507 1266 ἀξιοι
538 1235 722 1270 ἐγκλημάτων
753 1237 807 1263 εἰσὶ
837 1236 886 1263 καὶ

90 1279 245 1313 τιμωριῶν,
266 1279 335 1304 ἀλλὰ
349 1278 450 1313 μᾶλλον
460 1279 508 1306 τοῦ
541 1280 649 1315 μαθεῖν.
668 1280 739 1307 Ἀλλ’
756 1281 807 1316 ὅρα
824 1281 884 1313 πῶς

90 1324 186 1351 αὐτῶν
214 1325 371 1360 ἀφαιρεῖται
397 1325 446 1360 τὴν
460 1325 637 1361 συγγνώμην,
655 1326 772 1358 Οῖτινες.
790 1334 883 1362 φησν.

90 1370 286 1405 ἀπηλγηκότες
310 1371 425 1403 ἑαυτοὺς
452 1371 617 1406 παρέδωκαν
641 1373 674 1407 τῇ
690 1371 820 1408 ἀσελγείᾳ
845 1373 885 1404 είς

92 1417 227 1452 ἐργασίαν
251 1417 423 1453 ἀκαθαρσίας
455 1418 557 1453 πάσης.
570 1418 698 1445 Δείκνυσι
717 1418 772 1454 γὰρ
782 1419 824 1445 ὄτι
836 1418 885 1453 τῆς

92 1463 208 1498 ἀγνοίας
233 1465 279 1490 καὶ
308 1464 358 1499 τῆς
386 1463 543 1497 πωρώσεως
559 1465 573 1490 ό
597 1463 656 1499 βίος
676 1465 769 1496 αὐτοῖς
787 1464 885 1496 αἴτιος.

98 1510 130 1537 '0
144 1510 173 1535 δὲ
191 1509 258 1544 βίος,
275 1509 304 1541 ἐξ
317 1510 420 1541 οἰκείας
434 1510 530 1544 γέγονε
560 1510 698 1546 ῥᾳθυμίας
730 1511 779 1537 καὶ
803 1511 887 1537 ἀναλ-

91 1556 206 1591 γησίας.
224 1556 360 1588 Ἑαυτοὺς
371 1555 436 1592 γὰρ,
454 1556 532 1590 φησὶ,
547 1557 720 1592 παρέδωκαν.
736 1556 824 1583 Ὅταν
839 1555 886 1583 οὖν

92 1604 133 1634 εἰς
144 1602 194 1637 τὴν
209 1602 277 1637 πρὸς
302 1602 455 1636 Ῥωμαίους
471 1601 565 1638 εὕρῃς,
584 1611 593 1627 t
605 1602 768 1637 Παρέδωκεν
787 1602 886 1634 αὐτοὺς

92 1651 108 1676 ὁ
121 1649 188 1680 Θεὸς
206 1650 245 1680 εἰς
267 1649 398 1684 ἀδόκιμον
424 1648 497 1681 νοῦν,
512 1658 521 1674 ι
541 1649 613 1675 κατὰ
631 1648 680 1684 τὴν
695 1648 813 1676 ἐνταῦθα
828 1649 886 1675 διάς

92 1704 170 1722 νοιαν
186 1695 253 1721 αὐτὸ
263 1694 329 1721 νόει.
358 1694 535 1730 Συνεχὼρησε
550 1695 605 1730 γὰρ
619 1695 633 1721 ἀ
648 1695 714 1727 Θεὸς
729 1695 887 1731 παραδοθῆ-

93 1751 138 1770 ναι
153 1742 263 1774 αὐτοὺς,
280 1741 375 1776 ἐπειδὴ
389 1741 484 1768 τούτου
500 1741 592 1774 ἀξίους
612 1741 726 1772 ἑαυτοὺς
743 1741 884 1776 ἐποίησαν,

96 1788 169 1816 ιΔιά
193 1789 243 1824 τὴν
270 1788 410 1824 πώρωσιν.
424 1798 434 1814 ›
449 1787 500 1815 Διά
518 1788 568 1824 τὴν
585 1788 776 1824 ἀναισθησίαν.
798 1789 887 1817 Ἀναι-

94 1835 212 1870 σθησίαν
235 1834 291 1870 γὰρ
317 1835 396 1869 φέρει
418 1833 465 1861 τοῦ
492 1833 610 1870 φωτὺςὴ
633 1834 777 1868 σκότωσις,
793 1835 832 1871 τῷ
849 1836 887 1871 μὴ

93 1882 167 1916 ἔχειν
182 1882 212 1907 ὲν
228 1881 337 1912 ἑαυτοῖς
359 1880 442 1914 φόϐον
471 1880 552 1908 Θεοῦ.
581 1890 590 1906 ι
604 1881 720 1913 Οἴτινες.
731 1890 741 1907 ι
774 1882 821 1914 Et;
839 1882 887 1909 τὸν

93 1927 257 1962 παράνομον
293 1925 478 1959 ἐξοκείλαντες
517 1925 575 1961 βίον
596 1946 605 1958 ,
649 1926 808 1962 καταϐραχῦ
837 1927 887 1962 τὴν

93 1972 266 2007 ἀναλγησίαν
297 1972 442 2007 ἐνόσησαν.
488 1980 498 1998 t
524 1971 742 2007 ’Δπηλγηκότες.
768 1982 778 1998 ι
823 1969 886 1999 Οἷον

94 2017 258 2053 ἀναλγήτως
271 2017 418 2052 ἐσχηκότες
430 2017 477 2044 καὶ
494 2016 714 2053 ρᾳθυμήσαντες,
731 2017 779 2044 καὶ
786 2019 886 2051 καμεῖν

94 2065 133 2100 μὴ
154 2063 332 2099 βουληθέντες
344 2064 413 2099 πρὸς
423 2063 533 2100 εὕρεσιν
551 2063 598 2090 τοῦ
613 2063 708 2091 καλοῦ.
728 2073 737 2090 ι
755 2063 886 2095 Ἑαυτοὺς

92 2109 260 2145 παρέδωκαν
288 2110 321 2144 τῇ
348 2109 487 2145 ἀσελγείᾳ.
500 2119 509 2136 ι
541 2109 603 2141 Πῶς
618 2109 673 2145 γὰρ
688 2111 702 2136 ὀ
714 2111 743 2136 ὲν
755 2109 886 2145 ἀσελγείᾳ

92 2156 290 2190 ἐξεταζόμενος
321 2155 450 2190 δυνηθείη
476 2155 579 2190 γνῶναι
593 2155 674 2189 Θεόν;
695 2155 800 2182 οὐκοῦν
813 2157 830 2191 ἡ
845 2156 887 2182 αί-

91 2202 139 2227 τίσ.
169 2201 218 2235 τῆς
245 2202 370 2235 ἀγνοίας,
387 2201 559 2237 ὴάσὲλγεια,
575 2201 592 2237 ἥ
606 2210 648 2233 τις
677 2201 747 2228 κατά
771 2202 886 2237 γνώμην

92 2247 294 2283 ἁμαρτάνεται.
325 2257 335 2274 ι
359 2248 406 2280 Et;
432 2248 564 2283 ἐργασίαν
590 2247 774 2283 ἀκαθαρσίας.
792 2257 801 2273 ι
841 2247 885 2280 Ὠς

936 1000 1009 1027 unde
1024 1001 1173 1029 obstinatio
1195 1003 1283 1030 oritur
1307 1003 1412 1036 cordis.
1428 1004 1502 1039 quod
1531 1006 1557 1032 in
1580 1014 1728 1043 progressu

936 1045 1003 1073 dicit
1018 1050 1151 1082 tanquam
1180 1049 1290 1077 caecitas
1315 1049 1441 1085 quardam
1460 1055 1487 1078 et
1512 1052 1726 1082 inscnsibilitas.

937 1091 1135 1121 Obtenebratio
1161 1095 1234 1122 enim
1257 1095 1458 1125 insensibilitas
1491 1102 1546 1125 est.
1571 1107 1580 1124 ι
1612 1098 1728 1134 Propter

937 1139 1118 1174 ignorantiam
1145 1148 1205 1176 quae
1240 1145 1283 1168 est
1312 1141 1340 1169 in
1356 1141 1420 1170 illis.
1440 1152 1449 1169 ι
1475 1143 1503 1171 Si
1531 1143 1614 1179 igitur
1646 1146 1726 1181 igno-

936 1189 1009 1218 rant,
1035 1186 1109 1213 dicet
1136 1187 1285 1221 quispiam,
1303 1189 1433 1216 excaecati
1464 1194 1541 1222 sunt,
1560 1192 1728 1226 reprehendi

936 1239 991 1260 non
1005 1237 1144 1259 merentur
1152 1240 1202 1259 nec
1219 1233 1321 1268 puniri,
1336 1234 1383 1262 sed
1400 1235 1487 1269 magis
1503 1235 1606 1263 doceri.
1624 1236 1726 1264 Verum

935 1277 1121 1306 animadverte
1141 1279 1280 1314 quomodo
1295 1280 1401 1307 veniam
1417 1280 1451 1308 ab
1475 1281 1515 1309 eis
1533 1282 1633 1310 aufert.
1655 1283 1720 1316 Qui,

937 1324 1038 1359 inquit,
1051 1324 1097 1352 ubi
1105 1324 1197 1353 dolere
1207 1325 1360 1359 desierunt,
1375 1328 1538 1362 semetipsos
1555 1329 1728 1358 tradiderunt

936 1371 1056 1399 lasciviae
1099 1371 1132 1399 ad
1169 1372 1332 1408 patrandum
1365 1381 1474 1401 onmem
1513 1375 1727 1404 immunditiam.

936 1415 1064 1444 Ostendit
1088 1425 1206 1452 namque
1228 1417 1302 1453 quod
1335 1418 1498 1453 ignorantiae
1533 1428 1566 1448 ac
1594 1422 1728 1449 ca‘citatis

937 1468 1021 1488 causa
1050 1461 1119 1496 ipsis
1136 1461 1218 1490 fuerit
1238 1463 1304 1495 vita,
1335 1471 1417 1498 porro
1433 1465 1488 1492 vita
1506 1472 1538 1492 ex
1557 1467 1667 1500 propria
1682 1475 1728 1494 se-

936 1507 1023 1542 gnitie
1035 1507 1160 1542 provenit
1172 1512 1200 1536 et
1214 1508 1364 1536 indolentia
1383 1510 1441 1538 sive
1453 1516 1576 1546 stupore.
1594 1511 1663 1540 Nam
1679 1520 1724 1541 se-

936 1553 1080 1587 metipsos,
1093 1553 1142 1586 ait,
1163 1554 1346 1581 tradiderunt.
1359 1554 1428 1581 Cum
1447 1555 1531 1590 igitur
1545 1557 1572 1583 in
1587 1565 1649 1584 eum
1662 1557 1728 1594 Epi-

938 1599 1015 1626 stolm
1030 1599 1064 1626 ad
1078 1598 1217 1628 Romanos
1237 1600 1327 1628 locum
1343 1601 1482 1634 incideris,
1503 1611 1513 1627 ‹
1529 1602 1654 1631 Tradidit
1679 1611 1728 1632 eos

937 1645 1010 1673 Deus
1037 1645 1064 1673 in
1088 1647 1231 1680 reprobam
1251 1651 1371 1674 mentem
1385 1647 1419 1680 ",
1442 1657 1452 1673 ι
1467 1647 1546 1683 juxta
1564 1655 1728 1683 praesentem

937 1690 1156 1719 declarationem
1170 1692 1236 1720 illud
1253 1693 1376 1729 intellige
1392 1702 1400 1721 :
1417 1695 1543 1730 permisit
1562 1695 1635 1723 enim
1656 1697 1728 1724 licus

938 1739 1014 1773 ipsos
1038 1739 1119 1771 tradi,
1138 1739 1363 1774 quandoquidem
1394 1748 1454 1768 sese
1484 1741 1583 1776 dignos
1603 1742 1730 1769 reddide-

939 1787 1013 1811 rant.
1032 1794 1041 1810 ι
1059 1783 1177 1818 Propter
1194 1785 1417 1813 excaecationem.
1432 1795 1441 1812 ι
1460 1785 1577 1822 Propter
1607 1788 1728 1816 insensi-

939 1829 1084 1857 bilitatem.
1105 1829 1245 1865 Siquidem
1262 1830 1332 1858 lucis
1348 1830 1537 1859 obtcnehratio
1566 1831 1644 1860 aﬂ‘ert
1666 1841 1730 1861 sen-

939 1884 986 1904 sus
1014 1877 1179 1910 carentiam,
1194 1885 1226 1904 eo
1241 1878 1315 1913 quod
1345 1886 1400 1905 non
1426 1878 1545 1906 habeant
1573 1880 1600 1907 in
1628 1881 1728 1915 seipsis

939 1922 987 1950 Dei
1005 1923 1141 1951 timorem.
1163 1932 1174 1949 ι
1201 1924 1253 1956 Qui
1267 1924 1313 1951 ubi
1330 1923 1423 1952 dolere
1438 1925 1592 1953 desierunt.
1617 1936 1628 1952 ι
1650 1926 1730 1954 Post-

938 1976 1020 2003 quam
1037 1969 1065 1995 in
1080 1970 1163 1996 vitam
1182 1969 1304 2004 iniquam
1322 1974 1350 1997 et
1362 1970 1516 1998 divinarum
1543 1971 1633 2007 legum
1660 1980 1728 2000 con-

939 2016 1114 2051 temptricem
1138 2017 1323 2053 impcgerunt,
1340 2017 1483 2052 {paulatim
1508 2023 1673 2054 aegrotantes
1694 2020 1729 2048 ad

939 2061 1120 2090 indolentiam
1138 2070 1171 2090 ac
1181 2067 1323 2097 stuporem
1340 2063 1521 2091 devenerunt.
1542 2074 1550 2090 ι
1565 2064 1616 2092 Ubi
1636 2066 1730 2094 dolere

938 2107 1104 2135 desierunt.)
1118 2107 1175 2136 Hoc
1183 2113 1237 2142 est,
1248 2109 1422 2137 insensibiles
1434 2114 1499 2137 sunt
1510 2110 1610 2143 cﬂ‘ecti,
1623 2116 1731 2147 por-tea-

938 2163 1020 2190 quam
1048 2163 1104 2190 pra:
1132 2155 1249 2190 segnitie
1269 2155 1395 2184 laborare
1419 2157 1569 2184 noluerunt
1598 2158 1632 2184 ad
1661 2159 1730 2186 recti

938 2201 1133 2228 inventionem.
1154 2209 1163 2226 ι
1184 2201 1352 2236 Semelipsos
1371 2202 1545 2229 tradiderunt
1566 2203 1696 2231 lascivia}.
1715 2213 1726 2230 ι

939 2246 1082 2280 Quomodo
1095 2247 1168 2274 enim
1182 2247 1206 2275 is
1216 2247 1262 2282 qui
1277 2247 1304 2274 in
1317 2247 1427 2275 lascivia
1437 2248 1521 2283 degit,
1534 2253 1626 2283 posset
1642 2248 1728 2277 Deum

91 2292 179 2328 ἔργῳ,
210 2293 289 2328 φησὶ,
307 2293 347 2328 τῷ
360 2294 531 2328 ἀσελγαίνειν
567 2294 719 2329 ἐχρήσαντο
741 2294 790 2321 καὶ
805 2294 881 2321 πλεο-

972 2293 1129 2329 ιειιοεεετεῗ
1145 2293 1235 2321 Causa
1255 2293 1347 2328 itaque
1369 2294 1530 2328 ignorantiae
1554 2294 1667 2322 lascivia
1683 2299 1726 2322 est

92 2340 210 2366 νεκτεῖν.
242 2337 316 2375 ’Λρα
346 2340 398 2367 οὐκ
424 2340 487 2376 ὲξῆν
513 2340 608 2372 αὐτοῖς
623 2340 662 2376 μὴ
689 2340 881 2375 ἀσελγαίνειν;

92 2384 131 2419 μὴ
150 2384 344 2419 πλεονεκτεῖνς
363 2385 445 2412 παντί
463 2394 514 2414 που
537 2385 628 2421 δῆλον.
651 2385 732 2421 Ὁρᾷς
752 2386 793 2412 ὅτι
817 2387 881 2421 παρ’

90 2431 183 2457 αὐτῶν
220 2432 332 2466 γέγονεν
356 2433 373 2468 ἡ
387 2432 542 2466 τύφλωσις;
561 2442 571 2459 ι
592 2433 636 2460 Ἐν
652 2432 805 2467 πλεονεξίᾳ.
818 2441 828 2458 ι
847 2433 882 2459 Ἢ

89 2477 132 2503 ὄτι
156 2477 234 2504 δυσὶν
257 2478 370 2510 ἑαυτοὺς
401 2479 563 2513 παρέδωκαν
594 2479 721 2510 πάθεσιν,
752 2478 882 2515 ἀσελγείᾳ.

89 2524 138 2549 καὶ
169 2523 323 2559 πλεονεξίᾳ,
341 2525 359 2551 ἀ
374 2525 449 2551 ἐστιν
470 2525 671 2558 ἐπιπολάζοντα
700 2526 800 2561 μᾶλλον
825 2525 880 2552 τῶν

89 2568 180 2596 ἄλλων
202 2569 361 2604 ἁμαρτιῶν,
381 2569 398 2605 ἢ
414 2571 455 2597 ὅτι
469 2570 519 2605 τὴν
542 2571 686 2604 ἀσέλγειαν
699 2572 745 2598 καὶ
760 2571 882 2606 ἀκαθαρ-

90 2615 151 2642 σίαν
162 2615 258 2647 ἀτελῶς
284 2616 312 2642 ὲν
334 2616 486 2652 πλεονεξίᾳ,
500 2616 636 2649 τουτέστι,
650 2616 712 2644 καθ’
728 2616 881 2652 ὑπερϐολὴν

89 2661 138 2688 καὶ
151 2662 301 2694 ἀνενδότως
318 2663 494 2699 εἰργάσαντο.

938 2347 992 2375 qua
1009 2339 1163 2366 secundum
1177 2343 1297 2366 mentem
1309 2340 1370 2373 quis
1383 2344 1468 2367 errat.
1481 2349 1491 2365 ι
1510 2340 1550 2367 Ad
1565 2341 1730 2375 patrandum

937 2386 1154 2413 immunditiam.
1177 2394 1187 2412 ι
1210 2384 1256 2412 Sic
1271 2390 1301 2412 ut
1315 2393 1407 2420 opere,
1424 2386 1524 2420 inquit,
1556 2387 1651 2415 lascivi
1668 2395 1731 2416 esse

938 2429 1238 2459 decreverintetavidi.
1248 2430 1346 2457 Annon
1355 2434 1481 2465 poterant
1499 2439 1621 2459 nonesse
1635 2432 1729 2460 lascivi

936 2482 963 2505 et.
976 2477 1067 2505 avidi?
1077 2475 1360 2512 Utiquemanifestum
1368 2481 1409 2503 est
1421 2477 1494 2512 quod
1509 2477 1646 2505 sie.Vides
1655 2479 1728 2513 quod

936 2524 963 2551 in
978 2531 1058 2551 manu
1075 2531 1171 2550 eorum
1185 2522 1269 2550 fuerit
1284 2523 1417 2550 caecitas?
1439 2532 1448 2549 t
1478 2523 1546 2551 Cum
1560 2524 1700 2552 aviditate.
1718 2535 1727 2550 ι

935 2572 988 2598 Aut
997 2570 1069 2606 quod
1079 2570 1188 2597 duabus
1201 2577 1261 2597 sese
1276 2569 1442 2596 tradiderint
1455 2569 1658 2602 affectionibus,
1675 2569 1727 2605 41

936 2623 1034 2651 nempe
1053 2615 1172 2643 lascivia:
1189 2619 1216 2642 et
1230 2614 1347 2642 habendi
1360 2615 1498 2648 aviditati,
1513 2622 1574 2650 qua:
1590 2617 1682 2650 magis
1701 2616 1730 2642 in

935 2666 1062 2698 promptu
1075 2665 1230 2696 suntquam
1241 2665 1339 2688 caetera
1351 2661 1435 2689 vitia:
1449 2666 1497 2689 aut
1506 2661 1578 2696 quod
1589 2661 1731 2689 lasciviam

88 2713 117 2736 et
129 2708 334 2736 immunditiam
346 2709 508 2745 simpliciter
521 2717 584 2737 cum
600 2709 740 2743 aviditate,
750 2708 804 2737 hoc
819 2714 872 2742 est,
892 2709 964 2736 ultra
981 2708 1093 2736 modum
1107 2713 1135 2735 et
1164 2707 1240 2735 omni
1269 2715 1333 2735 cum
1366 2708 1505 2736 desiderio
1537 2713 1566 2737 et
1598 2708 1730 2738 aviditate

89 2762 296 2791 perpetrarunt.

130 2804 230 2839 Ὑμεῖς
260 2804 294 2831 δὲ
311 2805 369 2839 οὐχ
397 2805 493 2839 οὕτως
520 2804 644 2840 ἐμάθετε
670 2804 724 2832 τὸν
739 2804 881 2838 Χριστὸν,

87 2850 117 2876 εἷ
132 2858 167 2885 γε
186 2850 280 2877 αὐτὸν
302 2850 468 2885 ἠκούσατε,
496 2851 546 2879 καὶ
557 2850 681 2884 ὲναύτῷ
694 2850 882 2886 ἐδιδάχθητε,

123 2939 148 2956 ’³
175 2940 256 2968 Rom.
285 2948 305 2972 ι,
335 2940 382 2968 28.

219 2985 347 3016 PATaoI.
378 2987 436 3016 Gtt.
469 2986 599 3017 CXVI”

972 2799 1123 2832 lV,20~2-L
1145 2799 1195 2826 Vos
1210 2802 1298 2826 autem
1309 2807 1361 2825 nun
1375 2799 1413 2825 sic
1421 2799 1554 2826 didicistis
1570 2798 1704 2827 Christum
1721 2801 1728 2818 ³

939 2847 1068 2884 siquidem
1078 2845 1156 2872 illum
1167 2843 1294 2877 audistis,
1311 2849 1336 2871 et
1356 2843 1384 2870 in
1396 2851 1426 2871 eo
1441 2843 1513 2871 docti
1529 2845 1630 2879 fuistis,
1640 2852 1732 2880 quem-

1516 2979 1554 3008 39
