1864 3048
84 210 94 242 l
101 209 154 242 2:29

571 208 765 242 COMMENT.
788 210 829 255 IN:
849 210 970 240 EPIS'I‘.
992 209 1042 239 AD
1065 208 1201 238 EPIIES.

1656 207 1723 239 ιλιι)

82 269 129 294 καὶ
158 267 235 302 παρὰ
261 266 398 297 Ἰουδαίοις
415 265 577 301 δικαιοσύνη
600 267 647 293 καὶ
670 267 788 302 ὁσιότης,
813 267 880 294 ἀλλὰ

961 267 1042 294 istitia
1060 275 1125 294 \cro
1143 266 1247 293 dicitur
1267 265 1355 293 virtus
1383 263 1551 292 universalis
1568 273 1573 291 :
1590 269 1723 291 sanctitas

82 313 201 348 τυπιχὴ.
229 312 297 347 Περὶ
317 311 370 348 γὰρ
401 313 528 348 σώματος
555 311 693 347 κάθαρσιν
716 312 878 347 ἠσχόληντο.

87 359 172 386 ’Δλλὰ
190 358 228 394 μὴ
246 359 360 393 ταύτην,
401 358 469 385 ἀλλὰ
489 358 538 393 τὴν
553 359 581 384 ὲν
609 358 683 394 ψυχῇ
706 358 880 394 δικαιοσύνην

82 406 129 431 καὶ
145 404 275 439 ὁσιότητα
290 404 450 430 ἐνδύσασθε.
472 403 548 439 Λῦτη
565 403 620 440 γὰρ
635 405 651 439 ἡ
669 403 720 438 τῆς
738 403 878 439 ἀληθείας.

84 451 119 477 Ἢ
136 450 315 486 δικαιοσύνην
349 450 478 486 ἀληθείας
491 450 577 486 λέγει,
593 450 662 482 πρὸς
677 448 881 484 ἀντιδιαστολὴν

81 497 135 532 τῆς
155 497 183 523 ἑν
193 497 350 532 ὑποκρίσει.

120 633 172 659 Διὸ
190 631 370 667 ἀποθέμενοι
383 632 417 660 τὸ
436 632 561 668 ψεῦδος,
595 633 717 660 λαλεῖτε
736 633 882 668 ἀλήθειαν

82 679 218 712 ἕκαστος
241 679 318 713 μετὰ
343 679 397 706 τοῦ
424 680 561 713 πλησίον
590 681 697 713 αὑτοῦ,
723 682 767 709 ὅτι
786 681 883 716 ἐσμὲν

84 725 234 758 ἀλλήλων
261 725 352 760 μέλη.
375 725 538 761 Ὀργίζεσθε
561 727 610 753 καὶ
627 727 670 762 μὴ
684 728 881 762 ἁμαρτάνετε.

90 773 125 799 '0
141 772 230 807 ἥλιος
240 772 283 807 μὴ
298 772 444 800 ἐπιδυέτω
457 773 507 799 ἐπὶ
526 773 566 806 τῷ
580 775 773 810 παροργισμῷ
787 775 881 810 ὑμῶν.

85 817 175 852 Μηδὲ
205 817 304 844 δίδοτε
329 819 426 845 τόπον
449 817 490 850 τῷ
516 817 656 851 διαϐόλῳ.
688 819 719 846 '0
744 820 884 847 κλέπτων

82 863 194 899 μηκέτι
219 863 381 897 κλεπτέτω,
413 863 583 898 μᾶλλονδὲ
605 865 737 893 κοπιάτω
764 865 883 902 ἐργαζό-

83 919 180 945 μενος
195 910 229 937 rd
244 910 358 945 ἀγαθὸν
379 910 445 942 ταῖς
473 910 591 945 χερσίν,
611 911 662 939 ἵνα
688 912 744 947 ἔχῃ
762 913 883 948 μεταδι-

84 957 175 983 δόναι
208 956 248 990 τῷ
271 957 377 991 χρείαν
405 957 516 991 ἔχοντι.
529 957 592 991 Πᾶς
609 959 700 994 λόγος
716 959 835 995 σαπρὸς
847 959 882 987 ἐκ

85 1003 143 1029 τοῦ
160 1002 310 1036 στόματος
325 1002 410 1037 ὑμῶν
423 1003 466 1038 μὴ
481 1003 702 1038 ἐκπορευέσθω,
713 1005 784 1032 ἀλλ’
798 1006 827 1032 sl
838 1015 883 1039 τις

86 1048 201 1082 ἀγαθὸς
216 1047 292 1082 πρὸς
318 1048 483 1084 οιχοδομὴν
496 1049 551 1084 τῆς
563 1050 667 1084 χρείας
678 1050 727 1078 ἵνα
736 1050 778 1084 δῷ
793 1051 883 1086 χάριν

87 1093 152 1126 τοῖς
163 1094 341 1121 ἀκούουσιν.

125 1138 195 1168 Eine
210 1140 256 1167 τὸν
286 1140 402 1168 παλαιὸν
426 1142 571 1178 ἄνθρωπον
601 1143 767 1176 καθολικῶς,
789 1143 884 1170 λοιπὸν

88 1187 138 1214 καὶ
167 1187 259 1219 ιδικῶς
287 1187 370 1215 αὑτὸν
398 1188 554 1225 διαγράφει.
585 1190 641 1217 Καὶ
667 1190 776 1225 πρῶτον
800 1188 884 1216 αὐτοῦ

88 1233 120 1260 τὸ
133 1232 230 1268 ψεῦδος
257 1233 421 1266 ἀποκόπτει,
443 1235 480 1266 ὡς
500 1235 553 1262 ἀπὺ
585 1235 693 1262 οἰκείων
707 1235 806 1270 μελῶν,
819 1235 885 1262 ὡσεὶ

90 1278 164 1307 εἶπεν
186 1280 231 1316 Μὴ
255 1281 395 1317 ὀφθαλμὸς
413 1281 476 1308 ἰδὼν
502 1281 607 1318 θηρίον,
633 1282 664 1309 οὐ
680 1282 773 1309 δίδωσι
789 1283 885 1316 φυγεῖν

90 1328 148 1358 τοῖς
174 1327 273 1360 ποσίν;
291 1327 307 1362 ἢ
329 1328 390 1364 χεὶρ
409 1327 597 1363 ψηλαφήσασά
617 1337 642 1355 τι
660 1329 790 1364 πονηρὸν,
817 1328 884 1363 ψεύ-

89 1373 167 1400 δεται
182 1373 216 1400 τὰ
231 1373 315 1401 λοιπὰ
343 1375 432 1410 μέλη;
453 1375 558 1408 Οὕτως,
583 1376 662 1411 φησι,
677 1376 726 1402 καὶ
740 1376 813 1411 ὑμᾶς
831 1376 884 1412 χρὴ

91 1420 259 1447 διακεῖσθαι.
302 1430 311 1446 ι
338 1421 511 1456 Ὀργίζεσθε,
539 1422 586 1448 καὶ
610 1422 647 1458 μὴ
675 1422 880 1458 ἁμαρτάνετε.»

92 1465 172 1499 Eine,
195 1467 242 1502 Μὴ
260 1467 402 1503 ψεύδεσθε.
425 1467 502 1496 Ἐπεὶ
516 1466 562 1495 οὖν
575 1468 705 1501 πολλάκις
718 1477 760 1501 τις
790 1469 886 1504 ψευδό-

95 1521 187 1546 μενες,
211 1512 296 1548 ὀργῆς
318 1513 456 1548 πρόφασιν
485 1515 612 1549 παρεῖχε,
627 1515 706 1549 φησι.
725 1514 816 1542 Καλὸν
835 1515 884 1550 μὲν

94 1558 125 1584 τὸ
139 1559 177 1594 μὴ
193 1559 352 1594 ὀργίζεσθαι
362 1559 489 1587 καθόλου.
503 1561 535 1586 Εἰ
549 1560 577 1586 δὲ
594 1560 660 1596 ἄρα,
687 1560 740 1588 κᾶν
762 1560 800 1597 μὴ
818 1561 886 1595 πρὸς

932 318 1024 341 autem
1054 317 1098 341 est
1123 312 1239 348 puritas.
1262 321 1272 338 ι
1294 311 1328 338 Ει
1359 311 1536 338 sanctitatem
1553 309 1688 338 veritatis.
1711 318 1720 335 ι

933 359 999 386 Erat
1010 364 1037 387 et
1053 359 1123 393 apud
1136 358 1247 386 Iudaeos
1262 357 1370 393 justitia
1381 361 1408 384 et
1429 356 1575 388 sanctitas,
1592 356 1640 383 sed
1657 355 1726 390 ﬁgu-

933 407 1020 434 ralis:
1043 414 1104 433 nam
1120 405 1195 433 circa
1211 405 1336 440 corporis
1362 404 1584 440 puriﬁcationem
1607 409 1727 436 occupa-

935 453 1038 480 bantur
1056 461 1064 480 :
1087 460 1184 480 verum
1205 460 1261 479 non
1277 452 1358 484 lianc,
1379 451 1426 479 sed
1441 450 1540 486 quaain
1567 449 1662 477 anima
1683 453 1726 475 est

933 500 1110 528 sanctitatem
1125 507 1156 527 ac
1170 499 1308 534 justitiam
1325 498 1444 526 induite.
1473 496 1537 524 Haec
1552 496 1625 524 enim
1655 496 1727 523 veri-

934 546 1003 574 tatis
1020 551 1072 574 est.
1085 545 1284 581 Autjustitiam
1301 544 1427 573 veritatis
1437 544 1504 572 dicit
1519 544 1554 571 ad
1568 543 1727 571 distinctio-

934 599 995 619 nem
1011 593 1072 627 ejus
1089 599 1150 627 qua:
1165 597 1207 619 est
1219 591 1246 618 in
1263 591 1442 618 simulatione
1452 595 1480 618 et
1496 590 1652 626 hypocrisi.

970 637 1017 671 IV,
1033 637 1130 665 25-29.
1152 638 1322 672 Quapropter
1335 637 1456 672 deposita
1475 635 1612 664 mendacio
1637 634 1727 669 loqui-

934 685 1002 712 mini
1024 685 1161 712 ueritatem
1186 685 1296 720 quisque
1311 693 1370 711 tum
1383 684 1505 719 proximo
1521 691 1569 710 suo
1581 703 1587 715 ,
1600 682 1727 718 quoniam

934 738 1026 757 sumus
1042 730 1151 756 invicem
1169 731 1295 758 membra.
1331 728 1482 756 Irau'imini
1494 734 1518 756 et
1534 736 1586 755 non
1601 727 1726 762 peccetis.

935 775 982 803 Sol
997 784 1028 803 ne
1044 776 1148 804 occidat
1164 783 1243 811 super
1260 775 1329 801 iram
1343 779 1470 802 vestram.
1498 773 1539 800 Ne
1551 773 1619 801 detis
1642 775 1728 799 locum

934 822 1051 850 diabolo.
1068 823 1121 856 Qui
1148 822 1293 857 [urebatur
1305 830 1337 849 ne
1355 821 1470 855 amplius
1488 821 1594 856 furatur
1613 828 1621 846 :
1640 819 1728 855 magis

935 874 1025 896 autem
1052 869 1154 896 laboret
1176 868 1310 904 operando
1327 867 1449 895 manibus
1472 866 1541 902 quod
1557 866 1654 893 bonum
1679 869 1729 898 est,

937 921 966 942 ut
980 916 1064 950 possit
1075 915 1210 948 impartiri
1222 915 1246 942 ei
1261 915 1306 949 qui
1319 922 1386 948 opus
1404 913 1538 940 habuerit.
1562 911 1656 940 Omnis
1674 919 1731 938 ser-

936 971 978 990 mo
991 971 1102 997 spurcus
1115 969 1148 989 ea:
1163 969 1208 989 ore
1230 965 1315 989 vestro
1327 969 1358 987 ne
1370 959 1509 994 procedat,
1522 958 1568 986 sed
1581 959 1606 986 si
1619 958 1678 993 quis
1690 961 1731 985 est

936 1009 1019 1036 bonus
1037 1009 1070 1035 ad
1084 1008 1289 1044 adi/irationem
1306 1006 1404 1042 negotii
1425 1011 1454 1033 ut
1476 1006 1520 1034 det
1535 1004 1653 1044 gratiam
1677 1012 1731 1031 au-

935 1055 1080 1083 dientibua.

971 1144 1287 1180 Universaliterjdixerat
1296 1149 1414 1172 veterem
1427 1144 1569 1173 hominem
1579 1151 1587 1170 :
1597 1146 1730 1170 caeterum

939 1193 1022 1220 etiam
1041 1191 1198 1226 specialiter
1209 1191 1298 1226 ipsum
1313 1191 1456 1218 describit.
1469 1189 1500 1217 Et
1513 1190 1602 1225 primo
1618 1187 1731 1216 menda-

937 1240 1009 1267 cium
1028 1239 1089 1272 ejus
1105 1244 1239 1274 aiuputat,
1253 1238 1328 1266 velut
1345 1247 1359 1264 ιι
1382 1237 1501 1272 propriis
1525 1236 1668 1267 membris,
1697 1242 1729 1262 ac

938 1286 960 1314 si
983 1286 1106 1314 diceret:
1121 1284 1251 1320 Nunquid
1264 1284 1363 1312 oculus
1384 1284 1428 1311 ubi
1442 1283 1529 1310 feram
1547 1282 1600 1318 43
1613 1281 1731 1308 intuitus

938 1336 991 1365 est,
1007 1340 1061 1360 nou
1077 1332 1124 1359 dat
1140 1332 1256 1367 pedibus
1271 1338 1383 1366 operam
1407 1336 1437 1358 ut
1454 1329 1580 1366 fugiant?
1596 1332 1643 1356 aut
1672 1336 1732 1355 ma-

940 1387 992 1407 nus
1013 1379 1077 1406 mali
1108 1378 1249 1414 quippiam
1266 1382 1455 1411 contrectans,
1491 1376 1614 1403 ludiﬁcat
1632 1379 1732 1402 caetera

941 1426 1086 1454 membra?
1102 1426 1151 1457 ita,
1166 1425 1268 1461 inquit,
1285 1428 1313 1452 et
1326 1432 1374 1452 vos
1387 1427 1498 1459 oportet
1516 1422 1629 1450 aﬁ'uctos
1657 1430 1731 1450 esse.

945 1481 954 1498 ‹
971 1471 1138 1504 lrascimini,
1155 1475 1182 1498 ct
1193 1479 1247 1498 non
1265 1471 1395 1505 peccetis.
1411 1479 1420 1496 ι
1441 1469 1533 1496 Dixit:
1549 1468 1589 1496 Nc
1614 1468 1734 1496 mentia-

941 1517 1019 1544 niini.
1034 1516 1170 1549 Quoniam
1184 1524 1250 1551 ergo
1268 1516 1426 1551 frequenter
1443 1515 1579 1550 quispiam
1597 1515 1734 1542 mcnticn-

941 1562 976 1590 do
991 1563 1037 1589 ira:
1050 1569 1146 1589 ausam
1160 1562 1288 1597 praebuit,
1300 1562 1405 1589 idcirco
1421 1561 1459 1588 ait
1481 1571 1487 1588 :
1504 1560 1655 1588 l‘ulclirum
1670 1561 1732 1595 qui-

95 1605 232 1641 ἁμαρτίαν
245 1606 388 1641 ὲξαχθῆτε,
400 1607 467 1642 μηδὲ
479 1607 663 1643 παραμενέτω
676 1608 740 1643 ὑμῖν
759 1609 806 1634 ἐπὶ
817 1609 884 1636 πολὺ

961 1616 1003 1635 cm
1031 1612 1073 1636 est
1096 1608 1208 1636 omnino
1234 1616 1288 1636 non
1319 1608 1402 1636 irasci
1432 1615 1551 1635 :verum
1579 1607 1602 1635 si
1624 1607 1651 1634 id
1676 1614 1733 1634 non

95 1651 125 1677 τὺ
144 1652 239 1683 πάθος,
255 1652 316 1680 Ἔνι
335 1653 402 1688 γὰρ,
416 1653 453 1684 ὡς
471 1653 543 1688 λέγει
571 1662 623 1686 τις,
660 1653 745 1689 ὀργῆς
776 1654 885 1687 δικαίας

97 1699 166 1734 πρδς
182 1698 257 1735 ὥραν
269 1699 471 1735 ἐμπλησθῆναι,
483 1700 573 1727 Λῦσον
589 1700 618 1727 δὲ
636 1701 721 1737 αὑτὴν
738 1701 792 1737 πρὸ
809 1702 886 1737 ἡλίου

96 1744 211 1777 δύσεως,
235 1745 279 1772 διά
290 1754 320 1772 τε
336 1746 366 1773 τὸ
385 1746 422 1782 μὴ
439 1746 515 1779 δόξαι
534 1747 582 1773 ἐπὶ
601 1746 724 1780 ἀναξίοις
739 1749 889 1776 ἀνα-τεταλ-

97 1792 176 1818 κὲναι
204 1791 251 1818 τὴν
274 1793 361 1827 ἥλιον.
389 1794 435 1819 καὶ
452 1793 494 1820 ἵνα
507 1793 544 1829 μὴ
560 1795 575 1829 ἡ
593 1794 641 1828 νὺξ
657 1794 702 1821 διὰ
714 1795 768 1822 τῶν
779 1795 889 1824 ἐννοιῶν

97 1838 292 1875 χαλεπωτέραν
306 1839 460 1875 ἐργάσηται
474 1840 523 1875 τὴν
539 1841 641 1877 πυράν.
722 1847 724 1849 ’

132 1969 306 2008 [ΟῘΚΟΥΜ]
323 1970 448 1997 Ἤκουσᾶ
458 1979 540 1997 τινων
561 1971 799 2007 ἑρμηνευσεὶντωψ
820 1973 888 2006 Μία,

99 2018 193 2054 φησὶν,
210 2019 404 2053 ἀναμάρτητος
433 2017 544 2054 ὀργὴ,ή
572 2019 641 2053 πρὸς
671 2019 734 2050 τοὺς
760 2019 890 2054 δαίμονας

99 2068 145 2093 καὶ
156 2067 192 2093 τὰ
212 2066 296 2102 πάθη.
320 2076 330 2092 ι
348 2066 424 2102 Μηδὲ
445 2067 531 2095 δίδοτε
558 2067 651 2095 τόπον.
674 2077 684 2093 ι
716 2068 751 2095 Ἢ
777 2069 818 2095 ὅτι
842 2068 890 2095 τοῦ

99 2114 156 2142 ἄνω
171 2114 303 2150 ἤρτηται·
324 2113 367 2150 Μὴ
382 2113 526 2146 ἐπιδυέτω,
544 2115 636 2149 φησὶν,
659 2115 673 2141 ὁ
693 2115 768 2150 ἥλιος
789 2115 837 2142 ἐπὶ
852 2115 892 2151 τῷ

101 2160 283 2195 παροργισμῴ
299 2160 387 2194 ὑμῶν,
400 2160 443 2188 ἵνα
460 2161 497 2196 μὴ
511 2160 579 2187 δῶτε
593 2161 685 2197 χώραν
711 2161 750 2196 τῷ
776 2162 892 2199 διαϐόλῳ

99 2206 144 2235 διὰ
157 2207 212 2233 τῶν
236 2207 307 2234 κατὰ
327 2207 376 2242 τὴν
393 2207 478 2233 νύκτα
502 2207 640 2241 λογισμῶν
657 2227 664 2240 ,
695 2207 787 2234 πλεῖον
815 2209 888 2244 ὑμᾶς

100 2254 223 2281 ἐκκαίειν
235 2253 306 2279 κατὰ
316 2253 370 2279 τῶν
384 2252 516 2288 ἀδελφῶν.
542 2262 551 2279 ι
572 2253 617 2289 Τῷ
627 2253 753 2288 διαϐόλῳ.
774 2264 783 2281 ι
802 2254 850 2286 ’Ὡς
860 2263 891 2281 τε

100 2301 131 2327 τὸ
142 2300 269 2335 ἀλλήλοις
283 2300 421 2336 πολεμεῖν,
437 2301 522 2327 τόπον
535 2301 593 2327 ἐστὶ
608 2300 707 2328 διδόναι
727 2301 766 2336 τῷ
776 2301 892 2338 διαδόλῳ

101 2347 162 2375 καθ’
177 2347 255 2383 ἡμῶν
266 2347 365 2375 αὐτῶν.
386 2357 396 2372 ι
417 2347 448 2375 'O
459 2348 583 2375 κλέπτων
598 2348 697 2384 μηκέτι
714 2348 864 2377 κλεπτέτω.
880 2358 890 2375 ι

107 2395 176 2421 Ἰδοὺ
191 2394 224 2420 τὰ
238 2395 306 2429 μέλη
320 2394 367 2420 τοῦ
381 2394 497 2422 παλαιοῦ
511 2394 668 2431 ἀνθρώπου.
678 2395 732 2422 Ποῦ
743 2395 771 2421 δέ
780 2396 834 2421 εἱσι
847 2395 895 2423 νῦν

101 2441 126 2467 οἱ
143 2440 231 2476 ῥύπου
247 2440 387 2476 γέμοντες,
401 2441 515 2472 ἑαυτοὺς
529 2441 558 2470 δὲ
576 2441 713 2476 καθαροὺς
735 2440 895 2468 ἐπικαλοῦν-

101 2496 161 2521 τες,
186 2488 210 2514 οἱ
236 2488 273 2523 μὴ
302 2487 442 2523 δεχόμενοι
466 2487 515 2523 τὴν
544 2488 707 2522 μετάνοιαν;
744 2487 809 2514 Ἰδοὺ
840 2487 895 2524 γὰρ

103 2534 232 2569 φανερῶς
245 2533 400 2564 ἁκούουσιν.
423 2534 453 2560 '0
472 2533 597 2560 κλέπτων
629 2534 726 2569 μηκέτι
744 2534 895 2562 κλεπτέτω.

106 2589 116 2606 ι
137 2580 247 2607 Μᾶλλον
261 2580 289 2607 δὲ
312 2580 444 2607 κοπιάτω.
461 2589 471 2606 ι
490 2580 526 2606 Οὐ
546 2580 601 2615 γὰρ
629 2581 711 2615 ἀρκεῖ
740 2580 897 2608 παύσασθαι

103 2628 244 2664 ἁμαρτίας
262 2627 308 2654 τὸν
323 2626 518 2663 μετανοοῦντα,
537 2626 665 2653 ἀλλὰκαὶ
689 2625 740 2661 τὴν
771 2626 897 2653 ἐναντίαν

105 2674 177 2710 αὐτῇ
193 2674 314 2701 ὁδευτέον
331 2673 416 2710 αὐτῷ.
431 2673 563 2701 Κοπιάτω
577 2672 616 2704 δὲ,
631 2671 728 2703 εἰπὼν,
747 2671 778 2698 τὸ
800 2672 898 2698 ἐπίπο-

106 2729 152 2747 νον
169 2720 216 2747 τοῦ
232 2720 314 2756 ἔργου
327 2720 459 2756 ἐδήλωσε.
474 2721 511 2747 Τὸ
527 2719 641 2754 ἀγαθὸν,
668 2718 746 2754 φησι.
773 2718 828 2745 Καὶ
845 2719 899 2754 γὰρ

106 2767 157 2794 καὶ
170 2768 185 2794 ὸ
200 2767 325 2795 κλέπτων
340 2767 499 2804 ἐργάζεται,
513 2767 581 2795 ἀλλὰ
596 2767 691 2794 κακόν.
709 2775 718 2791 ι
750 2765 805 2797 Πᾶς
823 2765 900 2800 λόγος

108 2814 226 2849 σαπρὸς.
242 2823 250 2839 ι
268 2815 400 2848 Σαπρὸν,
417 2814 433 2850 ἢ
452 2814 498 2840 τὸν
511 2813 594 2849 ἀργὸν
618 2813 665 2839 καὶ
681 2813 784 2838 εἰκαῖον
812 2812 900 2844 καλεῖ,

107 2862 124 2897 ἦ
142 2861 190 2888 τὸν
207 2861 345 2896 σεσηπότα
356 2861 402 2887 καὶ
417 2860 534 2894 δυσώδη.
551 2859 583 2886 Τί
599 2859 652 2894 γὰρ
675 2858 820 2894 λοιδορίας,
850 2866 902 2884 και

106 2907 238 2938 ταλαλιᾶς
250 2928 258 2940 ,
275 2906 474 2942 αἰσχρολογίας,
500 2905 690 2941 εὐτραπελίας,
705 2904 902 2938 δυσωδέστερον

108 2953 127 2989 ἦ
145 2952 230 2980 πλέον
259 2953 403 2988 σεσηπόςς
432 2962 441 2978 ι
460 2951 532 2987 Πρὸς
555 2951 700 2987 οἰκοδομὴν
731 2950 779 2986 τῆς
808 2950 903 2985 χρείας

911 2295 930 2321 D

941 1654 1095 1689 contingat,
1120 1653 1217 1681 saltem
1244 1661 1277 1681 ne
1306 1653 1339 1681 ad
1356 1657 1516 1688 {peccatum
1544 1653 1732 1687 exagitemini,

941 1708 1030 1736 neque
1047 1700 1152 1728 diutius
1182 1703 1344 1735 permaneat
1368 1699 1439 1734 apud
1470 1707 1519 1726 vos
1544 1699 1590 1726 irae
1606 1699 1734 1729 aﬁ'ectus,

940 1746 1083 1782 Contingit
1099 1747 1222 1778 cnim,ut
1237 1746 1305 1773 (lii-it
1318 1746 1468 1781 quispiam,
1480 1745 1555 1781 justa
1573 1745 1612 1773 ira
1633 1745 1666 1773 ad
1684 1746 1735 1773 lio-

941 1801 999 1820 ram
1017 1793 1125 1828 impleri
1145 1793 1238 1821 :solve
1252 1797 1344 1820 autem
1360 1793 1448 1828 ipsam
1464 1797 1530 1820 ante
1555 1793 1623 1820 solis
1650 1799 1735 1820 occa.

941 1848 1015 1873 sum,
1034 1844 1060 1867 ct
1073 1847 1107 1867 ne
1123 1840 1164 1867 sol
1180 1848 1263 1875 super
1279 1840 1407 1875 indignos
1419 1843 1498 1867 ortus
1511 1839 1597 1867 fuisse
1613 1840 1733 1873 dicatur,

942 1892 969 1914 et
985 1894 1018 1913 ne
1034 1893 1086 1912 nox
1104 1885 1321 1920 cogitationibus
1337 1885 1519 1912 infeliciorem
1537 1885 1637 1913 eﬁiciat
1656 1884 1734 1912 ﬁam-

943 1940 1028 1959 lllﬂll].

969 1977 1108 2012 Quasdam
1119 1978 1154 2004 ita
1166 1977 1478 2012 audiviinterpretantes
1493 1987 1500 2004 :
1516 1977 1577 2006 Una
1586 1977 1633 2010 ait,
1646 1977 1736 2005 incul-

943 2029 1006 2060 pata
1023 2024 1062 2051 ira
1080 2024 1141 2056 est,‘
1155 2031 1253 2059 nempe
1265 2031 1326 2059 quat
1338 2031 1402 2060 erga
1417 2024 1556 2053 dicinoncs
1570 2030 1597 2052 et
1623 2024 1737 2052 aﬁ‘cctus

944 2070 1114 2099 concitatur.
1129 2078 1138 2096 ι
1155 2069 1194 2097 Ne
1209 2069 1278 2097 dctis
1297 2070 1399 2097 locum.
1424 2079 1434 2096 ι
1451 2071 1505 2097 Aut
1518 2078 1580 2098 cum
1592 2070 1738 2106 superiore

943 2117 1123 2152 conjungitur
1134 2116 1269 2144 sententia
1282 2115 1337 2144 :Ne
1354 2116 1471 2149 occidat,
1487 2116 1587 2152 inquit,
1599 2117 1641 2144 sul
1654 2124 1738 2151 super

944 2164 1012 2191 iram
1029 2169 1159 2196 vestram,
1175 2167 1205 2190 ut
1220 2170 1274 2190 non
1291 2162 1361 2190 dctis
1375 2162 1464 2190 locum
1479 2162 1588 2190 diabolo
1600 2170 1649 2198 per
1659 2163 1737 2197 cogi-

945 2210 1063 2237 tationes
1078 2213 1229 2236 nocturnas
1244 2208 1363 2243 amplius
1378 2215 1426 2235 vos
1439 2208 1625 2235 inﬁanunandi
1637 2208 1737 2235 adver-

945 2263 993 2283 sus
1008 2255 1117 2283 fratres.
1136 2263 1145 2280 ι
1162 2253 1284 2281 Diabolo.
1306 2262 1316 2280 ι
1333 2253 1451 2281 Invicem
1467 2261 1532 2289 ergo
1550 2261 1672 2289 pugnare
1695 2258 1738 2281 est

946 2302 1012 2330 dare
1021 2302 1112 2329 locum
1130 2301 1239 2329 diabolo
1250 2301 1383 2328 adversus
1398 2308 1448 2328 nos
1476 2301 1563 2336 ipsos.
1592 2310 1601 2326 ι
1625 2300 1676 2334 Qui
1695 2301 1738 2328 fu-

947 2349 1071 2380 rabatur,
1109 2355 1164 2375 non
1192 2348 1310 2382 amplius
1342 2346 1459 2374 iuretur.
1482 2356 1492 2373 ι
1523 2346 1596 2375 Ecce
1616 2349 1738 2375 membra

946 2395 1047 2423 veteris
1077 2393 1208 2421 hominis.
1236 2393 1286 2421 Ubi
1302 2398 1393 2421 autem
1416 2402 1491 2422 nunc
1506 2400 1571 2422 sunt
1586 2395 1631 2430 qui
1645 2395 1738 2423 sordi-

947 2442 998 2470 bus
1011 2439 1126 2476 oppleti,
1141 2440 1249 2475 seipsos
1264 2445 1353 2467 tamen
1377 2448 1460 2475 puros
1477 2440 1584 2473 dicunt,
1600 2449 1655 2469 non
1672 2449 1737 2468 sus-

948 2488 1081 2523 cipientes
1108 2486 1316 2522 paenitentiam?
1334 2486 1406 2515 Ecce
1435 2487 1509 2514 enim
1528 2487 1675 2515 manifeste
1691 2496 1740 2514 au-

948 2535 1027 2562 diunt
1046 2543 1053 2561 :
1070 2533 1122 2567 Qui
1132 2533 1278 2560 iurabatur
1295 2540 1349 2560 non
1363 2533 1480 2568 amplius
1498 2534 1614 2561 furctur.
1634 2543 1642 2558 ε
1654 2533 1739 2568 Magis

948 2585 1040 2608 autem
1057 2579 1173 2608 laboret.
1191 2588 1201 2606 ι
1219 2577 1312 2614 Neque
1326 2579 1399 2606 enim
1412 2580 1480 2607 satis
1503 2583 1546 2616 est
1572 2587 1586 2606 a
1619 2580 1739 2614 peccatis

948 2635 1076 2656 cessasse
1089 2634 1154 2655 eum
1175 2625 1222 2661 qui
1245 2626 1393 2660 resipiscit,
1410 2626 1456 2653 sed
1474 2630 1502 2654 ct
1527 2625 1611 2660 priori
1627 2630 1739 2652 contra-

950 2674 991 2701 ria
1009 2672 1192 2701 incedendum
1209 2677 1251 2699 est
1264 2672 1313 2707 ipsi
1325 2672 1380 2700 via.
1399 2672 1496 2700 Dicent
1514 2676 1603 2699 autem
1624 2680 1631 2698 :
1650 2671 1741 2699 Labo-

950 2724 1002 2753 ret,
1023 2718 1115 2752 operis
1134 2717 1323 2745 diﬁicultatcm
1345 2717 1518 2752 signiﬁcavit.
1541 2717 1619 2750 Quod
1638 2718 1740 2744 bonum

951 2769 1005 2798 est,
1021 2765 1121 2800 inquit.
1133 2764 1274 2799 Siquidem
1288 2769 1416 2798 operatur
1429 2764 1511 2791 etiam
1528 2764 1551 2791 is
1560 2764 1605 2799 qui
1621 2764 1740 2797 furatur,

952 2811 999 2840 sed
1026 2811 1099 2845 quod
1121 2811 1222 2838 malum
1249 2814 1301 2837 est.
1326 2818 1335 2835 ι
1356 2808 1452 2838 Omnis
1462 2818 1554 2839 sermo
1577 2819 1707 2846 spurcus.
1729 2822 1738 2838 ι

953 2857 1062 2892 Σαπρόν
1082 2856 1149 2883 dicit
1169 2860 1215 2883 aut
1232 2856 1352 2883 otiosum
1366 2859 1393 2882 et
1411 2863 1521 2886 vanum.
1538 2861 1585 2882 aut
1601 2857 1740 2891 putrida."

953 2907 980 2930 ct
995 2902 1166 2938 gravcolcns.
1188 2901 1257 2934 Quid
1272 2903 1343 2928 cnim
1360 2902 1446 2936 magis
1465 2902 1606 2936 putridum
1627 2907 1670 2929 est
1694 2907 1740 2929 aut

955 2949 1066 2985 gravius
1078 2948 1132 2976 oict
1143 2955 1225 2984 quam
1238 2947 1408 2983 convicium,
1417 2948 1562 2982 detractio,
1577 2948 1738 2976 obscoenum
