1864 3048
86 177 155 211 1237

595 173 787 205 COMMENT.
809 173 846 203 ΙΝ
869 172 987 202 EPIST.
1011 173 1058 203 AD
1077 173 1210 203 EPIIES.

1653 171 1663 203 1
1670 173 1728 205 238‘

86 239 171 267 Τοῦτο
201 239 239 269 ὡς
254 237 323 272 πρὸς
339 236 402 268 τοὺς
420 235 626 272 ὀργιζομένους,
656 235 724 271 προς
747 234 811 265 τοὺς
834 242 878 260 πι-

976 233 1117 261 arulentos
1143 233 1270 260 refertur.
1288 233 1365 266 Quod
1381 237 1472 260 autem
1487 232 1561 260 addit
1576 232 1721 264 :Justitia.

67 281 178 321 ’κρούᾳ
202 285 240 312 Τὸ
256 284 295 316 δὲ,
313 283 489 318 Δικαιοσύνη,
515 282 553 314 ὼς
571 282 641 317 πρὸς
673 282 736 313 τοὺς
766 281 877 308 πλεονέ-

86 341 163 364 κτας.
180 332 220 359 Τὸ
229 331 269 362 δὲ,
287 330 426 366 Ἀληθείᾳ,
442 329 480 362 ὡς
496 329 563 364 πρὸς
581 329 644 360 τοὺς
656 329 705 364 τὴν
719 328 805 364 ψευδῆ
828 328 878 364 τῆς

85 378 236 409 ἀκολασίας
251 378 296 404 καὶ
311 376 449 413 ἁμαρτίας
465 375 613 408 διώκοντας
635 376 743 412 ἡδονήν.
771 384 780 401 ι
799 376 878 402 Δοκι-

87 424 220 460 μάξοντες
234 423 260 450 τί
279 424 353 450 ἐστιν
368 423 515 458 εὐάρεστον
528 422 569 458 τῷ
586 422 692 457 Κυρίῳ.
709 431 718 448 ι
736 422 807 457 ’Δρα
819 422 879 448 ἁδο-

85 472 166 507 κίμου
179 472 229 498 καὶ
244 471 374 506 παιδικῆς
405 471 524 503 διανοίας
552 470 586 498 τὰ
620 471 697 498 ἄλλα.
726 480 735 497 ι
759 471 814 498 Καὶ
841 470 878 505 μὴ

86 519 294 552 ωγκοινωνεῖτε
311 518 366 548 τοῖς
380 517 482 552 ἔργοις.
495 517 647 554 ι-[ΦΩΤ.]
664 517 750 553 Ἔργα
766 517 880 549 σκότους

86 563 143 591 εἷπε
158 564 277 598 γενικῶς
290 563 429 598 ὀνομάσας
446 564 536 591 πᾶσαν
549 564 700 599 ἁμαρτίαν.
714 563 763 590 Διὰ
788 563 814 590 τί
836 563 877 595 δὲ,

75 611 179 644 φησὶν,
193 610 245 636 οὐκ
261 609 410 645 ἐπεξῆλθον
425 610 544 645 ἑκάστην
557 610 647 637 αὐτῶν
663 610 794 644 ὀνομαστὶ
809 610 879 645 πρᾶ-

86 656 143 689 ξινς
168 656 211 682 ὅτι
232 656 280 683 καὶ
296 656 324 682 ὲν
344 656 420 691 αὐτῷ
435 656 474 692 τῷ
491 656 583 690 λέγειν
611 657 707 689 αὑτὰς,
733 657 880 692 αἰσχρότη-

84 710 129 733 τος
158 702 313 738 πληροῦται
329 703 378 730 καὶ
401 704 414 730 ὁ
429 702 545 736 ἐπεξιὼν
558 704 654 736 αὑτάς.
677 719 707 725 ι-
722 705 761 732 Ἴι
772 703 877 737 οὔτως.

90 748 242 784 Ἐλέγχετε,
255 750 333 784 φησι,
345 751 378 784 τῇ
392 750 542 785 παραθέσει
555 749 602 778 τοῦ
615 751 716 778 οἰκείου
732 751 800 787 βίου’
819 752 879 780 οὐδὲ

87 795 139 831 γὰρ
154 796 228 830 λέγω
244 796 365 831 ἐλέγχειν
377 797 485 829 αὐτοὺς,
494 797 542 829 τὰς
554 797 668 833 πράξεις
676 798 767 825 αὐτῶν
797 799 879 833 ἐπεξ-

87 841 175 874 ιόντας
189 842 289 875 αὐτοὺς
298 843 344 870 καὶ
351 843 606 876 ὀνειδίζοντας.οἷδα
619 845 673 881 γὰρ
687 845 727 872 ὅτι
736 847 790 879 τοῖς
797 855 881 874 σπου-

86 889 169 920 δαίοις
182 889 229 916 καὶ
237 889 267 916 τὸ
273 889 340 921 ὅλως
355 890 533 926 μνημονεύειν
542 891 641 924 αὐτῶν,
651 892 879 929 αἰσχρότηςνομί-

87 936 172 967 ζεται.
193 935 279 963 Οὐδὲν
289 936 343 972 γὰρ
355 936 476 969 ἔλαττον,
489 937 566 972 φησι,
577 938 631 965 τῶν
642 939 783 974 ὑμετέρων
791 940 879 975 ἔργων

87 983 144 1013 ταῖς
172 982 287 1016 ἀρεταῖς
319 984 533 1018 ἀστραπτόντων
570 984 794 1021 ἐλεγχθήσονται,
818 986 834 1022 ἢ
856 987 880 1014 εἰ

88 1028 129 1054 διΞι
150 1028 240 1062 λόγων
263 1038 305 1061 τις
321 1029 419 1062 αὐτοὺς
431 1029 626 1071 ἀνεκάλυπτεν·
639 1032 707 1060 ἀλλὰ
724 1033 880 1069 καὶμᾶλλον

89 1074 192 1100 ἅπαντα
208 1074 242 1101 τὰ
256 1073 323 1109 ἔργα
336 1074 426 1102 αὐτῶν
454 1074 498 1101 διὰ
511 1075 558 1102 τοῦ
575 1075 664 1109 φωτὸς
680 1076 727 1103 τοῦ
745 1076 879 1113 ὑμετέρου

92 1119 145 1153 βίου
160 1119 304 1155 ἐλέγχεται
319 1121 365 1147 καὶ
395 1121 619 1149 ἀποκαλύπτεται
630 1122 677 1150 καὶ
704 1123 878 1159 φανεροῦται.

91 1166 110 1191 Φ
128 1166 280 1201 νερούμενα
309 1166 335 1194 δὲ
351 1167 498 1202 φωτίζεται
513 1167 562 1194 καὶ
580 1169 621 1199 είς
637 1167 666 1194 τὸ
683 1169 796 1204 ἄμεινον
816 1178 881 1205 μετ-

92 1213 186 1247 ά,ἐται
204 1215 252 1241 καὶ
266 1218 465 1250 μεταποιεῖται.
484 1215 516 1242 Ἦ
538 1216 592 1252 γὰρ
616 1217 671 1244 τῶν
687 1217 810 1253 κρυφίων
836 1218 881 1245 διὰ

89 1262 136 1296 τῆς
159 1261 290 1296 ἐναρέτου
312 1262 456 1294 ,πολιτείας
473 1262 626 1299 φανέρωσις
652 1264 692 1295 είς
708 1264 881 1298 κατάγνωσιν

89 1307 285 1341 προτρέπεται.
309 1308 340 1334 Ἡ
360 1309 388 1335 δὲ
401 1310 470 1345 ἀρχὴ
485 1310 590 1344 γίνεται
612 1310 791 1350 ἐπιστροφῆς.
804 1310 879 1348 Αὕτη

90 1352 116 1378 δὲ
126 1353 165 1384 εἰς
181 1354 315 1387 ἐργασίαν
331 1355 433 1390 ἀρετῆς
444 1356 607 1392 καταλήγει,
632 1356 702 1393 ὅπερ
722 1358 780 1384 ἐστι
809 1357 879 1392 φῶς,

91 1395 126 1428 ὥς
141 1397 274 1433 πρόξενον
291 1398 338 1425 τοῦ
351 1400 458 1427 ἐκεῖθεν
475 1401 575 1434 φωτός.
590 1401 646 1429 Καὶ
657 1402 714 1435 φῶς
729 1402 822 1436 πάλιν,
839 1403 881 1430 ὅτι

90 1443 247 1478 τυφλῶττον
266 1445 294 1472 ἐν
309 1446 373 1480 ἡμῖν
390 1447 523 1483 πρότερον
541 1447 605 1482 περὶ
634 1448 668 1475 τὰ
696 1448 782 1483 πάοη.
810 1447 880 1484 αὕτη

91 1490 295 1525 multipde
308 1491 339 1518 τὸ
356 1492 533 1528 ἡγεμονικὸν,
559 1495 633 1520 ποιεῖ
658 1493 725 1520 αὐτὸ
758 1494 881 1530 καθορᾷν

91 1535 137 1570 τὴν
150 1535 179 1562 ὲν
196 1537 230 1572 τῇ
247 1537 370 1573 ἁμαρτία
389 1538 585 1573 ἀσχημοσύνην
600 1539 646 1566 καὶ
655 1539 820 1575 αἰσχρότητα
834 1541 881 1567 καὶ

92 1581 240 1616 ἀμορφίαν.
258 1582 294 1609 Τὸ
307 1583 345 1615 δὲ,
365 1585 421 1611 Πᾶν
448 1586 503 1621 γὰρ
529 1586 558 1612 τὸ
577 1586 792 1622 φανερούμενον,
823 1587 881 1621 φῶς

94 1628 173 1661 ἐστιν,
188 1629 216 1664 ἢ,
237 1629 274 1661 ὠς
287 1631 395 1664 εἴρηται
409 1631 538 1667 ληπτέον,
566 1633 582 1668 ἢ
616 1634 878 1666 κατασκευαστικὸν,

91 1674 136 1700 τοῦ
152 1674 281 1703 δύνασθαι
302 1677 424 1712 ἐλέγχειν
441 1678 504 1710 τοὺς
520 1679 696 1712 σπουδαίους,
714 1680 758 1707 διὰ
774 1679 821 1706 τοῦ
838 1681 879 1706 ol-

93 1721 163 1747 κεῐου
183 1721 256 1756 βίου,
268 1723 383 1758 τὴντῶν
400 1723 510 1758 φαύλων
543 1725 691 1753 πολιτείαν.
714 1725 880 1760 Φανεροῦται

95 1766 141 1799 μὲν
155 1769 209 1803 γὰρ
220 1768 234 1794 ὁ
248 1768 294 1795 τοῦ
308 1769 453 1796 σπουδαίου
477 1770 543 1806 βίος,
562 1771 641 1807 φησί.
676 1772 880 1808 Φανερούμενος

93 1811 128 1843 δὲ,
145 1812 203 1846 φῶς
221 1814 289 1841 έττι.
316 1815 406 1847 sunt;
414 1816 441 1843 δὲ
457 1816 623 1852 λάμποντος,
641 1818 774 1850 τδσκότος
800 1819 878 1854 ἐλέγ-

93 1867 177 1893 χεται,
190 1860 260 1896 ὅπερ
275 1861 349 1888 ἐστιν
365 1863 379 1890 ὸ
389 1863 444 1890 τῶν
457 1863 567 1898 φαύλων
582 1864 648 1899 βίος.
670 1874 680 1891 ι
696 1866 759 1896 Τοῖς
784 1866 873 1901 ἀκάρ-

95 1911 165 1937 ποις.
184 1915 193 1932 ι
226 1907 305 1939 ῙΙοῖος
320 1909 374 1943 γὰρ
389 1909 506 1944 καρπὸς,
533 1911 609 1936 ποῖον
635 1909 731 1945 ὄφελος
754 1911 784 1944 ἐξ
811 1912 882 1938 ὲκεί-

96 1959 146 1979 νων
163 1961 169 1984 ;
186 1951 302 1985 θάνατος
319 1955 368 1989 μὲν
390 1953 447 1983 οὖν.
468 1955 584 1988 Σκότους
613 1956 641 1983 δὲ
667 1957 740 1991 λέγει
769 1957 824 1984 τῶν
851 1958 881 1985 ὲν

96 1995 181 2033 πλάνῃ
199 1997 246 2024 καὶ
264 1999 413 2035 ἁμαρτίαις
429 2000 591 2036 ἀνθρώπων.
610 2001 665 2028 Καὶ
678 2002 704 2028 τι
733 2001 817 2036 λέγω,
835 2003 881 2038 Μὴ

96 2046 301 2076 συγκοινωνεϊτε
314 2053 322 2077 ;
333 2046 464 2080 ,Mcinov,
480 2047 559 2082 φησι,
577 2047 626 2074 καὶ
649 2047 787 2082 ἐλέγχετε,
821 2057 884 2074 παι-

94 2087 215 2122 δεύοντες
236 2091 333 2124 αὐτοὺς
361 2092 404 2119 διὰ
423 2093 475 2120 τῶν
502 2093 632 2129 ἐλέγχων.
669 2093 755 2120 Τοῦτο
775 2093 805 2120 δὲ
831 2095 882 2121 οὐκ

95 2133 166 2162 ἔστιν
195 2137 314 2164 ἐναντίον
325 2138 374 2173 τῷ,
399 2148 408 2164 ι
440 2139 486 2174 Μὴ
515 2139 633 2175 κρίνετε.
661 2149 670 2166 ι
688 2138 752 2168 Ὧδε
768 2141 823 2176 γὰρ
839 2141 882 2173 τὸ,

95 2181 243 2217 ἐλέγχετε,
264 2184 326 2211 ἀντὶ
346 2185 412 2219 τοῦ,
433 2186 602 2220 παιδεύετε,
621 2187 719 2214 κεῖται.
756 2187 829 2214 Ἐκεῖ
854 2186 883 2214 δὲ

93 2226 132 2259 τὺ,
146 2228 335 2264 κατακρίνετε.

135 2362 167 2389 Ἢ
193 2363 298 2397 οὕτως.
326 2362 427 2400 [ΦΩΤ.]
475 2364 617 2400 Ἐλέγχετε
647 2365 724 2391 αὐτοὶ
754 2365 798 2392 διὰ
833 2365 880 2392 τοῦ

95 2408 226 2445 ὑμετέρου
238 2410 365 2446 λαμπρὺῦ
383 2412 430 2438 καὶ
446 2412 594 2438 σπουδαίου
607 2411 678 2447 βίου,
695 2411 742 2438 καὶ
762 2411 799 2446 μὴ
813 2411 881 2437 ἀνα·

96 2455 188 2487 μένετε
201 2456 333 2490 ἐκείνους,
350 2457 465 2490 ἑαυτοὺς
479 2458 706 2493 προσαγγέλλειν,
720 2459 766 2485 καὶ
779 2466 882 2493 κωμῳ-

94 2500 146 2527 δεῖν
159 2502 193 2528 τὰ
209 2504 306 2534 οἰκεῖα.
324 2505 378 2531 καὶ·
388 2505 428 2536 εἰς
445 2505 527 2540 μέσον
542 2505 631 2538 ἄγειν,
644 2505 692 2532 καὶ
720 2504 807 2535 οὕτως
820 2504 882 2540 βελ-

95 2549 227 2577 τιοῦσθαι.
245 2551 338 2585 Εἰγὰρ
354 2553 401 2578 καὶ
420 2552 586 2588 πράττουσιν
608 2552 626 2579 ἃ
640 2551 677 2588 μὴ
706 2551 796 2586 θέμις,
824 2552 882 2578 ἀλλ’

93 2592 137 2619 οὖν
154 2593 206 2621 ὑπὸ
220 2595 269 2630 τῆς
285 2595 405 2630 ἐμφύτου
436 2596 563 2631 γνώσεως
594 2596 693 2628 εἰδότες
720 2597 810 2623 αὐτῶν
833 2596 882 2632 τὴν

95 2639 280 2676 αἰσχρότητα,
308 2642 507 2678 αἰσχύνονται,
536 2642 625 2670 καίτοι
656 2642 715 2669 δέον
744 2643 881 2670 ἀνακαλύ-

95 2693 172 2712 πτειν
199 2687 248 2723 τὴν
271 2688 466 2725 ἀσχημοσύνην
499 2688 612 2716 ἑαυτῶν.
642 2688 708 2715 (Τὰ
733 2688 763 2715 δὲ
797 2689 883 2716 πάντα

97 2731 273 2768 ἐλεγχόμενα.
290 2744 299 2760 ι
318 2735 475 2769 Τουτέστιν,
488 2735 523 2762 ἂν
542 2733 592 2772 ἦτε
607 2735 685 2769 ὑμεῖς
701 2734 836 2770 ὲνάρετοι,
853 2736 883 2761 οὺ

96 2776 221 2806 δύνανται
240 2779 384 2808 λανῧάνειν
397 2782 421 2808 oi
444 2783 569 2818 πονηροὶ,
595 2781 652 2809 ἀλλ’
668 2781 748 2811 αὐτὸς
774 2780 850 2815 ὑμῶν
871 2781 884 2807 6

99 2823 154 2857 βίος
179 2827 223 2853 καὶ
239 2827 306 2862 πρὸς
320 2828 374 2855 τῶν
390 2829 530 2865 ὑμετέρων
541 2829 628 2864 λόγων
647 2827 799 2864 κατήγορός
814 2828 882 2861 ἐστι,

135 2912 155 2931 3‘
166 2914 259 2945 Matth.
275 2925 321 2950 vn,
336 2917 360 2945 ί.

931 279 963 306 ad
982 286 1079 308 avaros
1094 288 1101 306 :
1116 279 1237 308 Veritate
1259 288 1333 312 vero,
1346 274 1480 314 tanquam
1496 280 1530 307 ad
1546 287 1593 308 eos
1606 280 1651 314 qui
1669 279 1722 306 fal-

932 326 1145 354 samveritatcm
1163 330 1372 361 prosequuntur
1400 334 1461 362 qua:
1491 330 1533 354 est
1554 326 1579 353 iu
1609 325 1722 353 lascivia

931 376 958 398 et
974 376 1095 407 peceato.
1114 381 1123 398 ι
1136 372 1287 400 l’robantes
1295 371 1360 407 quid
1375 372 1412 399 sit
1428 375 1570 406 acceptum
1578 371 1720 398 Ποιιιὶηο.»

932 417 1035 445 Cat-tera
1051 418 1142 453 itaque
1160 418 1276 454 reproba
1286 423 1351 446 sunt
1367 418 1521 453 ruentisque
1536 417 1660 452 puerilis.
1675 417 1724 444 «Et

932 471 966 490 ne
978 464 1174 492 commercium
1192 464 1413 493 habueritiseum
1432 464 1572 500 operibus.
1596 473 1605 490 ι
1634 463 1723 498 Opera

933 509 1001 537 dixit
1029 510 1158 539 tenebras
1174 511 1294 547 generali
1325 511 1458 547 vocabulo
1472 510 1617 538 nominans
1642 517 1725 538 omne

933 559 1086 590 peccatum.
1103 556 1193 589 Quare
1205 561 1296 584 autem
1310 564 1365 583 non
1386 556 1524 589 recensni,
1553 555 1652 589 inquit.
1672 562 1723 581 no-

933 602 1056 629 minatim
1069 603 1190 638 singulas
1213 603 1335 638 ipsorum
1352 602 1493 630 actiones?
1516 601 1580 637 quia
1597 601 1680 628 etiam
1695 600 1723 627 in

933 647 993 682 ipso
1020 653 1083 676 actu
1104 649 1265 677 recenscndi
1294 649 1356 677 illas
1383 647 1554 684 turpitudine
1584 647 1722 681 oppletur.

932 695 1014 722 etiam
1027 695 1050 723 is
1061 695 1107 730 qui
1123 700 1246 724 recenset
1258 695 1412 723 eas—Aut
1428 695 1476 723 hoc
1494 694 1582 722 modo.
1594 693 1722 728 Arguite.

934 741 1034 776 inquit,
1058 742 1266 777 comparatione
1281 741 1400 777 propriae
1426 743 1489 769 vitae.
1507 746 1515 768 :
1534 747 1623 776 neque
1649 738 1724 766 enim

933 787 996 814 dico
1006 791 1036 814 ut
1050 788 1174 823 arguatis
1186 796 1234 815 eos
1252 787 1421 816 recensendo
1445 787 1513 822 ipsis
1536 794 1568 814 ac
1585 787 1726 822 imprope-

933 832 1020 860 rando
1038 840 1103 860 suas
1118 833 1252 861 actiones.
1272 832 1338 860 Scio
1351 840 1470 867 namque
1482 834 1554 866 quod
1571 831 1665 866 probis
1680 829 1724 858 vel

934 879 1015 907 etiam
1023 880 1164 906 minimam
1173 879 1380 907 facereillarum
1393 879 1572 910 mentionem,
1582 877 1725 912 turpitudo

932 924 1050 952 dicatur.
1082 924 1223 960 Siquidem
1255 932 1310 952 non
1329 924 1433 957 minus,
1455 924 1555 959 inquit,
1577 922 1725 950 virtutibus

933 975 1088 998 vestrorum
1108 978 1222 1006 operum
1235 970 1434 1006 refulgentibus
1449 974 1611 1005 arguentur,
1642 975 1724 1004 quam

933 1020 956 1046 si
975 1018 1113 1053 quispiam
1143 1018 1218 1053 ipsos
1252 1018 1428 1046 sermonibus
1463 1017 1628 1051 detegeret:
1657 1016 1727 1050 quin

935 1064 1021 1099 magis
1035 1063 1126 1099 potius
1138 1068 1238 1092 cuncta
1255 1063 1363 1091 illorum
1380 1071 1463 1098 opera
1479 1063 1540 1090 luce
1556 1062 1618 1090 vitae
1628 1066 1727 1089 vestra;

933 1116 1085 1145 arguuntur
1109 1118 1141 1138 ac
1151 1111 1319 1146 deteguntur
1343 1114 1370 1137 et
1387 1109 1602 1136 manifestantur
1617 1116 1624 1140 ;
1637 1107 1726 1134 muni-

935 1156 1032 1184 festata
1048 1165 1114 1184 vero
1124 1157 1326 1189 illuminantur,
1338 1160 1365 1183 et
1376 1154 1413 1182 ad
1428 1155 1527 1182 melius
1541 1153 1725 1181 traducuntur

934 1210 966 1229 ac
986 1207 1204 1230 commutantur.
1215 1202 1395 1230 Occultorum
1412 1201 1484 1229 enim
1497 1208 1547 1237 per
1563 1200 1647 1227 vitam
1659 1206 1724 1234 pro-

935 1249 996 1276 bam
1023 1248 1210 1276 manifestatio
1223 1248 1256 1275 ad
1269 1248 1376 1275 iilarutn
1392 1247 1649 1275 coudemnationem
1662 1253 1725 1281 pro-

935 1299 1024 1326 vocat,
1038 1294 1123 1330 ljtque
1133 1295 1299 1330 principium
1310 1294 1501 1322 conversionis
1527 1303 1534 1321 :
1557 1293 1616 1320 haec
1633 1295 1725 1320 autem

935 1340 961 1367 in
977 1341 1087 1368 virtutis
1102 1341 1290 1376 operationem
1307 1341 1417 1374 desinit,
1442 1348 1504 1375 qua:
1527 1343 1568 1368 est
1592 1339 1650 1372 lut,
1663 1342 1726 1365 tan-

934 1395 1016 1422 quam
1031 1387 1203 1414 conciliativa
1221 1387 1290 1415 lucis
1302 1387 1365 1414 inde
1378 1386 1557 1414 suborientis.
1587 1385 1727 1412 Rursum»

935 1445 987 1472 que
1005 1437 1049 1463 lux
1065 1436 1167 1463 dicitur
1182 1435 1246 1471 quia
1270 1435 1334 1462 dum
1356 1435 1432 1471 prius
1462 1435 1535 1462 circa
1568 1433 1728 1460 aliectioms

935 1482 1112 1513 eaecutiretis,
1139 1481 1184 1508 ubi
1211 1481 1268 1508 haec
1292 1485 1412 1508 mentem
1455 1479 1614 1510 illustravit,
1637 1479 1725 1514 ipsam

935 1528 1096 1563 conspicere
1107 1528 1251 1559 iaciteam,
1265 1533 1331 1562 quae
1344 1527 1371 1554 in
1384 1530 1497 1562 peccato
1511 1530 1563 1559 est,
1577 1525 1726 1561 turpitudi—

935 1583 996 1603 nem
1012 1579 1039 1602 ct
1059 1574 1268 1602 obSrmnitatem
1285 1581 1318 1602 ac
1341 1573 1554 1601 deformitatem.
1571 1572 1600 1600 ld
1616 1576 1725 1604 autem;

911 1626 918 1635 ‘
936 1622 1073 1658 Quidquid
1091 1621 1165 1650 enim
1175 1620 1352 1649 manifestum
1370 1620 1505 1652 redditur,
1527 1620 1572 1646 lux
1601 1624 1653 1652 est,
1676 1623 1725 1646 aut

935 1668 1125 1704 accipiendum
1142 1671 1172 1695 ut
1193 1667 1297 1695 dictum
1313 1672 1365 1701 est,
1390 1670 1438 1694 aut
1456 1671 1485 1694 ut
1504 1665 1725 1693 cautirmativum

934 1716 970 1744 sit
985 1714 1058 1751 quod
1076 1716 1188 1751 possint
1206 1714 1283 1750 probi
1297 1722 1347 1742 sua
1365 1714 1421 1741 vita
1450 1720 1565 1748 arguere
1576 1721 1724 1748 pravorutn

933 1763 1182 1791 conversationem.
1210 1761 1350 1798 Siquidem
1383 1761 1586 1792 manifestatur,
1617 1760 1724 1795 inquit,

935 1808 1012 1844 probi
1027 1808 1149 1846 hominis
1165 1808 1237 1836 vita:
1252 1807 1425 1835 manifestata
1435 1814 1501 1834 vero
1515 1806 1560 1833 lux
1572 1810 1630 1834 est:
1643 1814 1728 1841 porro

935 1855 996 1883 luce
1017 1855 1176 1890 splendente
1201 1858 1358 1889 arguuntur
1373 1853 1491 1881 tenebrae
1506 1860 1568 1888 quae.
1583 1857 1648 1881 sunt
1659 1853 1726 1880 vitia

934 1908 1092 1936 pravorum.
1127 1909 1138 1927 ι
1165 1899 1349 1935 infrugil'eris.
1376 1909 1386 1926 ι
1420 1899 1487 1932 Quis
1510 1899 1584 1926 enim
1607 1899 1725 1932 fructus,

935 1951 1054 1982 antqua:
1072 1947 1105 1974 ab
1120 1947 1174 1974 illis
1184 1946 1312 1974 utilitas?
1337 1953 1413 1973 mors
1442 1945 1575 1980 profecto.
1595 1945 1651 1980 49
1672 1947 1726 1973 'l'c-

937 1993 1037 2020 nebras
1054 2000 1118 2019 vero
1126 1991 1194 2019 dicit
1209 1991 1350 2019 hominum
1361 1991 1444 2018 vitam
1459 1991 1506 2026 qui
1520 1991 1547 2018 in
1573 1998 1668 2018 errore
1693 1999 1726 2019 ac

935 2038 1055 2074 peccatis
1071 2042 1226 2065 versantur.
1248 2037 1351 2073 thnid
1369 2038 1431 2065 dico
1447 2058 1453 2064 .
1467 2036 1506 2065 Ne
1523 2037 1724 2065 commercium

937 2084 1108 2113 habueritis?
1121 2084 1220 2120 Magis.
1236 2084 1335 2120 inquit,
1350 2084 1433 2112 etiam
1446 2085 1565 2120 argttite,
1584 2084 1725 2112 instrucn-

936 2136 978 2160 tes
989 2139 1037 2159 eos
1072 2139 1121 2166 per
1155 2131 1392 2166 reprehensiones.
1411 2131 1470 2159 Hoc
1496 2135 1587 2158 autem
1610 2138 1665 2158 non
1685 2136 1727 2158 est

936 2178 1105 2206 contrarium
1128 2177 1153 2204 ei
1177 2177 1250 2212 quod
1267 2177 1389 2204 dicitur:
1408 2186 1417 2202 ι
1447 2176 1487 2204 Ne
1504 2177 1633 2211 judicetis
1659 2177 1693 2204 εί.
1714 2187 1723 2204 ι

937 2225 993 2252 Hoc
1011 2225 1084 2253 enim
1110 2223 1170 2251 loco
1198 2224 1301 2258 arguit:
1321 2223 1432 2258 ponitur
1457 2230 1507 2257 pro
1533 2223 1667 2250 iustruite.
1686 2223 1726 2250 lbi

899 2256 921 2284 θ
937 2278 1001 2298 vero
1026 2269 1194 2298 tantumdem
1217 2274 1259 2297 est
1277 2256 1364 2298 ac‘si
1391 2256 1498 2297 dicatur
1514 2268 1726 2304 :_Ne:condem-

935 2317 1017 2345 netis.

971 2364 1023 2390 Aut
1043 2362 1091 2390 hac
1104 2362 1193 2389 modo.
1210 2361 1323 2396 Arguite
1347 2368 1394 2388 vos
1422 2360 1472 2395 ipsi
1488 2368 1537 2396 per
1553 2360 1671 2388 lucidam
1695 2369 1727 2388 ac

935 2409 1050 2445 probam
1081 2409 1164 2435 vitam
1194 2411 1313 2435 vestram
1335 2414 1447 2442 :ueque
1476 2407 1643 2442 exspectetis
1664 2406 1726 2434 illos

936 2457 1024 2483 donec
1043 2455 1150 2490 seipsos
1165 2454 1342 2484 annuntient,
1357 2461 1390 2480 ac
1405 2460 1456 2481 sua
1468 2452 1672 2488 reprehendant
1697 2457 1726 2480 et

934 2503 962 2530 in
981 2502 1099 2530 medium
1117 2501 1275 2536 proferant.
1300 2501 1396 2536 sicque
1422 2499 1550 2527 meliores
1564 2499 1725 2527 reddantur.

935 2550 1097 2583 Quanquam
1115 2548 1186 2575 enim
1204 2550 1364 2582 perpetrent
1386 2553 1418 2573 ea
1432 2553 1492 2580 quae
1515 2546 1556 2572 l'as
1570 2553 1623 2572 non
1642 2551 1693 2575 est.
1709 2552 1724 2570 a

936 2595 1054 2623 naturali
1064 2599 1152 2621 tamen
1170 2594 1264 2621 notitia
1275 2601 1354 2621 suam
1369 2596 1566 2629 cognoscentes
1577 2591 1724 2625 turpitudi-

935 2649 998 2669 nem
1027 2640 1179 2676 pudeiiunt.
1205 2639 1288 2674 Atqui
1326 2642 1466 2673 oporteret
1489 2644 1568 2664 suam
1602 2637 1723 2664 revelare

935 2686 1157 2722 turpitudinem.«
1173 2685 1226 2712 Sed
1239 2685 1330 2712 omnia
1341 2685 1405 2712 dum
1418 2684 1596 2720 produntur.)
1611 2681 1667 2710 Hoc
1680 2686 1722 2709 cst

935 2734 958 2761 si
976 2741 1023 2760 vos
1047 2732 1126 2768 probi
1138 2732 1209 2764 sitis,
1227 2739 1282 2759 non
1300 2734 1416 2767 possunt
1429 2729 1560 2757 occultari
1578 2728 1654 2758 ntali.
1675 2728 1723 2755 svd

935 2779 993 2815 ipsa
1018 2779 1071 2806 vita
1085 2783 1175 2806 vestra
1188 2778 1269 2805 etiam
1291 2781 1354 2804 ante
1369 2783 1509 2804 sermones
1523 2781 1626 2802 vestros
1642 2781 1722 2802 arcu-

934 2831 1009 2856 sator
1022 2833 1063 2855 cst
1084 2831 1110 2854 ct
1123 2827 1312 2861 argumentum
1337 2823 1397 2851 illos
1418 2821 1594 2850 convinccns.
1620 2820 1685 2848 Mm
1698 2822 1721 2849 si
