1864 3048
57 153 74 183 1
83 155 153 186 273
587 160 792 192 -ΕΟΜΜΕΝἙ

987 185 994 193 .
1012 162 1062 192 ΑΙ)
1074 163 1217 194 PHILIP.
1651 165 1717 197 12H

54 216 176 248 φορεῖν
185 213 225 248 τῷ
233 213 305 249 Θεῷ,
317 214 333 249 ἥ
347 215 376 241 se
388 215 546 249 ἀποθανεῖν,
560 218 606 243 καὶ
618 218 667 244 σὺν
679 218 789 252 Χριστῷ

999 219 1062 252 quid
1081 218 1190 253 eligam,
1209 226 1244 246 an
1265 219 1357 247 vivere
1372 227 1404 247 ac
1418 219 1584 248 fructiﬁcare
1598 219 1664 255 Deo,
1684 230 1717 249 an

55 258 154 294 ὀρα
166 259 207 290 δὲ.
221 260 262 286 ὅτι
281 260 382 293 ἔδειξεν
400 262 496 289 ἑαυτὸν
511 262 613 297 Κύριον
630 263 677 290 τοῦ
697 264 748 299 ζῇν
764 272 791 290 κς

983 265 1000 290 ι’ί
1017 268 1044 291 et
1055 271 1115 291 esse
1130 271 1192 292 cum
1208 264 1326 292 Christo.
1341 265 1535 294 Animadverte
1545 270 1636 294 autem
1648 267 1719 301 qttod

59 311 73 328 ι
103 305 267 340 Συνέχομαι
280 306 308 332 δὲ
328 307 423 334 ἐκτῶν
440 307 495 336 δύο.
515 317 524 333 ›
547 309 676 335 Ἐπεὶοῦν
688 309 714 335 τε
726 309 791 344 αῐρή

983 317 1056 337 nam:
1073 317 1122 337 sua
1135 317 1197 338 esse
1219 311 1371 338 ostenderit
1398 315 1446 338 aut
1462 312 1554 339 vivere
1574 317 1621 340 aut
1639 314 1719 341 mori.

55 350 103 376 οὐ
123 351 266 387 γνωρίζω,
296 353 408 385 εἰκότως
430 354 578 389 συνέχομαι
597 355 628 381 ὲκ
637 354 690 381 τῶν
707 354 765 387 δύο,
782 363 791 380 1

984 357 1099 384 :oarctor
1115 357 1188 384 enim
1209 365 1241 385 ex
1257 358 1301 385 his
1316 357 1436 386 duobus.
1458 368 1466 384 ι
1483 359 1619 391 Quoniam
1637 359 1720 394 igitur

57 398 237 430 ἀναλῦσαι,
264 400 311 426 καὶ
338 399 385 426 τοῦ
415 402 579 436 προσμεῖναι
603 403 636 436 τῇ
664 401 731 437 ζωῇ.
754 399 793 428 Eb

984 403 998 430 d
1010 403 1119 438 eligam,
1133 404 1240 438 ignoro,
1251 405 1348 432 merito
1359 409 1484 432 eoarctor
1498 413 1530 432 ex
1547 405 1590 432 his
1602 405 1720 437 duobus.

62 443 185 476 Παῦλε,
199 446 214 471 ὸ
230 445 359 472 τοσοῦτον
378 447 495 482 Χριστὸν
515 447 642 482 ἀγαπῶν,
660 448 728 479 ὅλως
742 447 879 479 διατάξεις

61 489 126 514 καὶ
146 490 334 524 ἀμφισάλλεις
349 492 376 517 τί
397 500 426 518 σε
444 492 484 518 δεῐ
498 493 655 527 αἱρεῖσθαι;
672 493 768 520 Καίτοι
792 494 880 527 ἀναμ-

63 535 195 568 φέϐολον
221 546 263 564 σοι
295 537 412 572 ὠφειλεν
432 536 502 565 εἶναι
524 539 617 571 καλὸν,
635 539 665 565 τὸ
681 539 813 565 άνα).ὗσαι
831 539 879 565 καὶ

63 582 128 608 σῦν
143 582 270 618 Χριστῷ
287 582 367 610 εἴναι.
385 582 461 615 Οἶδα,
483 585 560 619 φησι,
586 585 664 611 τοῦτο
678 584 767 618 κάγὼ,
782 584 879 619 ἀμέλει

61 629 129 662 τὴν
147 628 299 663 ἐπιθυμίαν
316 629 385 664 ἔχων
401 631 441 661 εἰς
453 630 483 656 τδ
500 630 632 657 ἀναλῦσαι
647 631 695 657 καὶ
707 631 756 657 σὺν
767 630 878 665 Χριστῷ

64 672 164 705 εἶναι,
185 676 234 701 καὶ
248 675 350 710 ταύτην
364 675 454 710 πολλῷ
471 676 571 711 μᾶλλον
585 677 731 712 κρείσσονα
742 685 787 711 μοι
797 674 880 704 οὖσαν

65 719 173 753 εἰδὼς,
205 718 282 748 εἷπον
307 721 348 748 ὅτι
376 722 523 757 συνέχομαι
550 723 581 749 ὲκ
597 722 651 748 τῶν
674 722 733 749 δύο.
760 723 880 749 Διατιδὲ

68 765 183 799 τοῦτο;
200 767 243 793 διὰ
267 767 318 802 τὴν
344 767 481 803 ὑμετέραν
510 768 658 803 σωτηρίαν,
687 768 764 802 φησὶ,
781 769 828 796 καὶ
846 768 879 795 δι’

68 812 167 846 ὑμᾶς,
197 812 266 847 ὅπερ
296 813 511 850 ἀναγκαιότερον
536 814 668 849 ἠγοῦμαι,
687 815 782 850 ἐπειδὴ
799 814 828 841 οὐ
850 815 880 841 τὺ

69 859 150 892 ἐμὶν
167 859 274 891 σκοπῶ,
291 859 360 886 ἀλλὰ
374 860 405 886 τὸ
428 860 506 895 ὑμῶν
521 861 671 895 συμφέρον.
694 861 774 896 Ὁρᾷς
789 861 879 896 ψυχὴν

72 905 267 940 προ-τιμῶσαν
282 906 330 932 τοῦ
360 906 462 933 οἰκείου
479 907 665 942 συμ’;έροντος
688 907 738 942 τὴν
755 906 808 933 τῶν
826 916 879 942 μα·
897 897 917 925 Β

73 950 178 986 θητῶν
201 950 353 984 ὠφέλειαι-ις
368 951 522 986 Ἐπιμένων
538 952 592 986 γὰρ
603 972 610 984 ,
632 951 696 984 τούς
715 960 744 978 τε
762 960 882 986 προκατ-

76 996 240 1031 ηχηθὲντας
251 996 377 1023 ὲὸεσαίου
383 997 430 1023 καὶ
440 997 534 1029 ἄλλους
542 997 760 1033 προσελάμϐανε.
773 997 880 1033 «Πολλῷ

75 1041 188 1077 μᾶλλον
210 1043 346 1077 κρεῖσσον.
368 1051 378 1068 ι
397 1043 444 1076 Τὸ,
475 1043 555 1078 ἔχων,
568 1043 621 1070 ἀπὸ
635 1043 736 1076 κοινοῦ,
752 1041 807 1070 οἷον
825 1044 880 1080 Τὴν

73 1089 235 1123 ἐπιθυμίαν
262 1088 332 1124 ἔχων
353 1090 394 1121 εις
422 1089 452 1116 τὸ
476 1089 620 1122 ἀναλῦσαι,
639 1090 687 1116 καὶ
703 1090 773 1125 ἔχων
789 1090 880 1125 πολλῷ

78 1135 188 1170 μᾶλλον
198 1136 333 1169 κρεῖσσον,
349 1136 379 1161 τὸ
392 1137 441 1162 σὺν
451 1136 563 1171 Χριστῷ
574 1135 653 1163 εἶναι.
664 1146 673 1162 ι
687 1136 881 1170 Ἀναγκαιότε-

78 1190 132 1216 ρον
143 1181 179 1207 δι’
196 1181 278 1217 ὑμᾶς.
297 1191 305 1207 ι
322 1182 378 1208 Καὶ
396 1181 456 1208 κατ’
476 1182 540 1208 ἄλλο
554 1182 776 1217 ἀναγκαιότερον,
794 1183 835 1209 ὅτι
849 1182 880 1208 τὺ

77 1227 236 1262 προσάγειν
251 1227 310 1262 Θεῷ
329 1227 373 1254 διὰ
394 1228 513 1260 πίστεως
536 1228 672 1261 πλείονας,
691 1228 783 1255 πλεῖον
797 1228 880 1255 αὑτὸν

77 1273 229 1308 οἰκειοίτῷ
245 1273 366 1308 Χριστῷ.
387 1283 396 1300 ‹
421 1274 475 1300 Καὶ
494 1273 574 1300 τοῦτο
602 1272 711 1308 θαρρῶν
725 1270 795 1306 οἴδα,
813 1283 822 1299 ι
837 1273 877 1306 τὺ,

78 1317 154 1345 εἶναι
178 1319 398 1354 ἀναγκαιοτέραν
424 1318 474 1354 τὴν
499 1319 528 1344 ἐν
548 1319 630 1354 σαρκὶ
655 1320 826 1354 προσμονήν.
845 1333 879 1338 -

81 1375 92 1391 1
106 1365 166 1391 Καὶ
176 1364 254 1390 τοῦτο
269 1364 407 1396 πεποιθὼς
420 1363 648 1400 οἱδα.›-[ΦΩΤ.]
662 1364 737 1391 Ἀντὶ
752 1365 811 1398 τοῦ,
823 1365 878 1391 Καὶ

79 1411 166 1437 τοῦτο
177 1410 356 1447 τεθαρῤηκὼς
370 1411 416 1438 καὶ
428 1411 459 1438 οὐ
476 1411 611 1443 διστάζων
628 1409 697 1438 οἶδα.
713 1411 745 1437 Τί
761 1411 789 1437 δέ
806 1412 879 1438 ἐστιν

78 1457 95 1483 ὃ
108 1457 222 1493 θαρρῶν
232 1458 279 1484 καὶ
289 1458 319 1484 οὐ
332 1457 466 1489 διστάζων
481 1456 551 1484 οἶδεν
562 1465 569 1490 ;
587 1457 649 1484 Ὀτι
665 1457 880 1492 ἀναγκαιότερον

79 1503 115 1530 τὸ
128 1503 164 1529 δι’
184 1503 283 1535 αὐτοὺς
295 1503 437 1538 ἐπιμένειν
445 1504 477 1538 τῇ
489 1503 581 1538 σαρκί.
597 1501 664 1530 Εἶτα
674 1501 740 1529 Οἶδα
752 1503 792 1529 δτι
806 1503 879 1537 μενῶ

82 1551 135 1578 καὶ
170 1549 388 1586 συμπαραμενῶ.
416 1549 484 1577 Ἀπὸ
495 1548 586 1576 κοινοῦ
610 1549 664 1584 γὰρ
694 1549 734 1581 τὸ,
756 1547 826 1575 οἶδα.
844 1548 878 1576 Ἢ

83 1598 133 1624 καὶ
148 1596 189 1629 τὸ,
206 1596 267 1623 ὅλον
294 1596 349 1623 ἀπὸ
361 1595 452 1623 κοινοῦ
478 1603 485 1610 ·
503 1593 559 1622 οἷον
578 1596 619 1622 ὅτι
639 1595 749 1631 Θαρρὦ
763 1592 831 1627 οῖδα,
849 1595 880 1621 οὐ

85 1642 169 1678 μόνον
184 1642 225 1669 ὅτι
251 1641 466 1677 ἀναγκαιότερον
484 1641 515 1668 τὸ
531 1641 672 1677 ἐπιμένειν
690 1649 723 1677 με
738 1642 770 1677 τῇ
787 1641 880 1677 σαρκὶ,

82 1689 145 1716 ἀλλ’
165 1689 205 1716 ὅτι
217 1689 264 1715 καὶ
280 1687 402 1722 ἐπιμενῶ
420 1686 703 1724 καὶσυμπαραμενῶ.
721 1687 751 1713 '0
762 1687 815 1722 γὰρ
826 1687 881 1713 τῶν

83 1734 252 1769 ἀπορρήτων
279 1734 326 1760 καὶ
353 1733 560 1768 ὑπερουρανῑων
593 1732 716 1767 μύστης,
741 1733 802 1759 οὐδὲ
831 1732 880 1768 τὴν

83 1779 186 1807 ιιι)τοῦ
212 1779 286 1815 ζωὴν
314 1780 342 1806 ὲν
369 1779 512 1814 δισταγμῷ
537 1779 606 1814 ᾔδει.
634 1778 684 1805 καὶ
707 1778 748 1804 ὅτι
768 1778 808 1804 ἔτι
832 1778 880 1805 νῦν

84 1826 276 1852 ὲπιὸιὼσεται.
302 1825 420 1852 Δύναται
445 1825 473 1851 δέ
507 1833 548 1856 τις
575 1824 622 1850 καὶ
639 1824 739 1858 ἑτέρως
750 1823 780 1850 τὸ
798 1824 880 1859 ῥητὸν

85 1871 232 1903 συντάξας,
260 1869 348 1902 οὕτως
376 1869 503 1896 ἔκλαῦεῖν
524 1869 711 1904 ἑτοιμότερον
726 1869 764 1895 Τὸ
781 1868 878 1903 ἐπιμέ-

84 1926 152 1950 νειν,
174 1917 267 1953 φησὶν,
291 1916 503 1951 ἀναγκαιότερον
529 1915 562 1942 δι’
581 1911 753 1950 ὑμᾶς.Εἷτα,
770 1914 825 1942 Καὶ
837 1915 878 1945 εἰς

84 1962 166 1989 τοῦτο
183 1961 294 1997 Θαρῤὡν
315 1962 356 1988 ὅτι
375 1960 588 1995 ἀναγκαιότερόν
613 1961 682 1992 ὲστι,
704 1959 798 1994 φησὶν,
819 1956 878 1986 οἶδα

84 2010 126 2035 ὅτι
144 2008 218 2043 μενῶ
243 2008 290 2034 καὶ
307 2006 530 2042 συμπαραμενῶ,
551 2007 599 2032 καὶ
619 2006 693 2041 ἑξῆς.
708 2014 717 2031 ι
738 2005 792 2032 Καὶ
808 2013 878 2040 συμ-

85 2053 241 2089 παραμενῶ
254 2054 337 2080 πᾶσιν
350 2053 425 2087 ὑμῖν.
450 2061 459 2078 ι
483 2050 558 2085 Οἶδα,
579 2052 672 2087 φησὶν,
685 2051 725 2078 ὅτι
744 2051 817 2086 μένω
831 2051 878 2078 καὶ

86 2100 298 2136 συμπαραμενῶ
311 2101 392 2126 πᾶσιν
408 2100 482 2134 ὑμῖν.
497 2098 607 2134 Ἐπειδὴ
617 2099 671 2133 γὰρ
688 2098 783 2133 θαρῤὦ
793 2099 878 2132 ἀναγ-

84 2147 230 2182 καιότερον
255 2144 367 2172 εἶναιτὸ
387 2145 488 2180 μένειν,
513 2142 573 2171 οἶδα
587 2145 628 2171 ὃτι
649 2144 734 2178 μενῶ,
754 2143 784 2170 οὐ
798 2144 878 2178 μόνον

85 2194 116 2219 ὲν
144 2193 267 2226 δεσμοῖς,
291 2191 358 2218 ἀλλά
384 2191 431 2218 καὶ
446 2191 494 2217 σὺν
520 2191 594 2225 ὑμῖν,
609 2190 656 2216 καὶ
672 2189 773 2224 ὄψομαι
794 2190 876 2224 ὑμᾶς.

84 2239 171 2268 Matii
183 2239 222 2272 δὲ,
239 2239 333 2274 φησὶν,
350 2240 389 2270 εις
405 2239 454 2273 τὴν
473 2238 550 2274 ὑμῶν
570 2237 712 2273 προκοπὴν
729 2237 777 2264 καὶ
788 2236 876 2272 χαρὰν
894 2253 916 2280 D

84 2286 137 2321 τῆς
153 2285 281 2316 πίστεως.
304 2286 365 2312 Ἐνι
378 2285 433 2320 γὰρ
450 2285 479 2311 ὲν
497 2284 588 2311 πὶστει
602 2284 749 2320 προκόψαι.
764 2283 795 2310 τὸ
809 2283 879 2319 μᾶλ-

85 2331 132 2358 λον
147 2332 187 2363 εἰς
204 2330 288 2367 αὐτὴν
305 2330 488 2366 βεὸαιωοῆναι
506 2330 551 2356 καὶ
571 2329 677 2365 χαίρειν
696 2330 746 2363 τὴν
761 2338 880 2363 πνευμα-

84 2377 167 2413 τικὴν
179 2377 278 2412 χαράν.
296 2377 382 2404 Τοῦτο
393 2378 420 2404 δὲ
442 2377 534 2412 ἡρέμα
560 2377 608 2403 καὶ
628 2375 775 2411 φοῦοῦντός
794 2377 878 2402 ἐστιν.

85 2421 118 2448 El
133 2422 190 2457 γὰρ
207 2422 239 2448 δι’
255 2422 328 2457 ὑμᾶς
344 2422 427 2456 μενῶ,
442 2422 524 2456 ὁρᾶτε
549 2421 586 2457 μὴ
605 2420 808 2455 καταισχύνητέ
828 2429 880 2455 μου

85 2468 138 2502 τὴν
158 2468 302 2502 ἐπιμονήν,
319 2476 328 2493 ι
346 2467 405 2493 Ἵνα
416 2467 446 2493 τὺ
462 2466 593 2502 καύχημα
613 2466 700 2501 ὑμῶν.
718 2476 727 2492 ›
745 2466 806 2498 Πῶς
818 2465 880 2492 δἐι-θ

87 2514 180 2540 αὑτῶν
200 2514 377 2548 περισσεύσοι
405 2513 435 2539 τὸ
463 2512 609 2548 καύχημα;
634 2512 684 2538 Διὰ
703 2512 750 2539 τοῦ
770 2511 879 2548 ἐστηρί-

86 2559 151 2594 χθαι
168 2561 197 2586 ἐν
206 2561 240 2595 τῇ
254 2559 354 2591 πίστει,
373 2558 421 2585 καὶ
447 2558 535 2593 ὀρθῶς
558 2557 632 2592 βιοῦν
654 2557 788 2592 δηλονότι.
807 2567 816 2583 t
836 2558 881 2584 Ἐν

86 2605 200 2641 Χριστῷ
211 2605 300 2640 Ἰησοῦ
314 2607 343 2632 ὲν
360 2604 432 2640 ἐμοί.
454 2614 463 2630 ι
481 2603 591 2638 Ἐπειδὴ
608 2602 668 2630 εἷπε
686 2603 735 2636 τὴν
747 2603 881 2640 ἐπιμονὴν

87 2651 170 2678 αὑτοῦ
181 2652 222 2682 εἰς
234 2651 284 2687 τὴν
296 2651 410 2678 ἐκείνων
421 2649 549 2685 γενέσθαι
576 2649 731 2686 προκοπὴν,
743 2649 790 2676 νῦν
809 2650 880 2676 θέλει

87 2697 173 2730 δεῖξαι
205 2697 244 2724 ὅτι
273 2699 290 2733 ἡ
320 2698 448 2732 προκοπὴ
477 2696 580 2729 αὐτῶν,
612 2697 659 2723 καὶ
676 2698 716 2728 εἰς
729 2695 778 2732 τὴν
798 2697 880 2724 αὐτοῦ

88 2744 221 2777 ὠφέλειαν
236 2745 381 2776 συντείνει,
404 2744 447 2770 ἵνα
470 2744 507 2779 μὴ
520 2743 584 2779 δόξῃ
606 2743 700 2779 βαρεῖν
717 2743 826 2774 αὐτοὺς,
843 2743 881 2774 ὼς

87 2788 120 2816 δι’
135 2789 234 2821 αὐτοὺς
250 2790 297 2816 τοῦ
326 2790 427 2817 οἰκείου
452 2789 588 2826 περιορῶν
610 2789 807 2824 συμςιςέροντος,
828 2789 880 2820 ὅτι,

89 2835 213 2870 φησὶ,Τὸ
240 2836 318 2871 ὑμῶν
340 2836 480 2872 καύχημα,
505 2836 552 2863 καὶ
571 2837 601 2862 ὲν
622 2836 685 2870 ἐμοὶ
710 2835 878 2870 περισσεύει.

90 2882 202 2918 Ἀνγᾶρ
218 2883 296 2918 ὑμεζς
318 2880 367 2919 ἦτε
390 2883 508 2918 δόκιμοι,
526 2883 542 2918 ἡ
560 2882 693 2917 καύχησις
712 2882 758 2909 καὶ
774 2882 812 2914 εὶς
830 2881 879 2917 ἐμὲ

933 456 1031 483 nempe
1042 452 1088 475 aut
1108 448 1221 475 dissolvi
1239 453 1286 476 aut
1303 457 1412 477 manere
1426 450 1452 476 in
1472 450 1537 476 vita.
1553 450 1589 477 At
1602 450 1721 484 interim,

933 502 949 522 ο
966 494 1057 528 Paule,
1075 502 1137 521 cum
1151 494 1220 522 adeo
1246 495 1387 523 Christum
1412 495 1522 532 diligas,
1546 503 1580 523 an
1609 496 1723 523 omnino

933 541 1042 567 dubitas
1054 548 1086 568 ac
1104 541 1217 568 haesitas
1231 541 1297 575 quid
1320 546 1345 568 te
1361 541 1460 576 eligere
1476 542 1624 576 oporteat?
1638 542 1722 577 Atqui

933 585 1118 612 indubitatum
1140 586 1187 613 tibi
1212 593 1275 614 esse
1302 586 1413 613 deberet
1438 586 1511 621 quod
1539 587 1637 614 melius
1669 592 1721 618 est,

933 638 1030 665 nempe
1039 631 1152 659 dissolvi
1167 636 1195 659 et
1215 639 1279 659 esse
1301 640 1362 659 cum
1378 632 1502 660 Christo.
1521 631 1600 665 Novi,
1619 633 1720 667 inquit,

934 676 986 704 hoc
1013 681 1041 704 et
1059 684 1120 712 ego,
1144 677 1310 705 desiderium
1340 682 1415 706 certe
1447 678 1552 706 habens
1565 678 1678 706 dissolvi
1694 682 1722 705 et

933 731 995 751 esse
1017 731 1078 751 cunt
1101 724 1234 751 Christo:
1256 731 1373 759 cumque
1395 724 1466 751 hanc
1487 729 1590 760 partem
1621 725 1720 752 scirem

934 770 1021 797 multo
1036 770 1170 805 longeque
1184 778 1245 798 esse
1259 771 1405 805 potiorem,
1427 771 1483 798 dixi
1498 772 1569 806 quod
1586 779 1601 799 e
1614 771 1722 798 duobus

934 820 1069 843 coareter.
1079 816 1170 849 Quare
1181 821 1271 843 autent
1285 815 1471 851 hoc?propter
1482 820 1610 849 vestram,
1623 817 1721 852 inquit,

935 862 1062 893 salutem,
1080 865 1107 889 et
1132 865 1244 896 propter
1266 869 1326 893 vos,
1343 867 1522 897 vestrumque
1535 862 1722 894 commodum.

931 914 1013 941 quam
1038 914 1094 933 rem
1121 907 1208 942 magis
1228 907 1415 934 necessariam
1432 907 1504 935 duco
1521 916 1528 934 :
1545 907 1723 943 quandoqui-

931 951 992 978 dem
1007 959 1061 978 non
1079 951 1151 986 quod
1168 959 1258 978 meum
1283 956 1324 979 est
1339 952 1460 983 intueor,
1490 952 1537 979 sed
1554 953 1628 987 quod
1646 952 1724 981 vobis

930 997 1050 1032 expedit.
1064 997 1147 1025 Vides
1169 998 1289 1025 animum
1308 1002 1507 1032 pralponcntem
1524 997 1722 1033 discipulorum

931 1043 1078 1072 utilitatem
1097 1052 1148 1072 suo
1162 1044 1272 1079 proprio
1288 1043 1432 1071 commodo
1442 1044 1453 1070 ?
1465 1043 1635 1072 Permanens
1647 1045 1722 1072 enim

930 1097 978 1117 eos
994 1089 1040 1125 qui
1066 1090 1186 1125 primum
1213 1089 1341 1117 instructi
1361 1089 1470 1118 fuerant
1491 1091 1682 1122 conﬁrmabat,
1695 1095 1724 1118 et

931 1135 1001 1163 alios
1027 1136 1196 1164 assumebat.
1221 1135 1307 1163 Multo
1325 1136 1455 1171 longique
1483 1136 1581 1164 melius
1609 1136 1722 1164 est'hoc

930 1181 1035 1209 habens
1054 1189 1068 1208 a
1091 1189 1235 1208 eummuna
1250 1189 1343 1212 sensu,
1367 1182 1392 1208 id
1408 1186 1462 1214 est,
1485 1182 1651 1209 desiderium
1673 1182 1724 1209 ha-

930 1227 998 1255 bens
1017 1227 1143 1260 dissolvi,
1158 1227 1263 1256 habens
1288 1229 1375 1256 multo
1400 1228 1535 1262 longeque
1550 1228 1648 1255 melius
1662 1236 1723 1256 esse

930 1281 992 1300 eum
1014 1273 1164 1302 Christth
1185 1273 1269 1308 Magis
1290 1275 1477 1302 necessarium
1505 1279 1616 1310 propter
1630 1282 1689 1302 vos.
1711 1283 1720 1300 ι

931 1319 1019 1347 Etiam
1035 1327 1068 1347 ex
1086 1320 1139 1347 alio
1154 1320 1240 1355 magis
1259 1321 1446 1348 necessarium
1460 1326 1502 1348 est
1520 1328 1527 1347 :
1546 1321 1609 1356 quia
1631 1321 1723 1356 plures

931 1373 979 1400 per
994 1366 1073 1392 tidem
1094 1365 1150 1393 Deo
1173 1366 1319 1400 adducere,
1336 1367 1422 1402 magis
1448 1367 1629 1394 domesticum
1659 1367 1724 1394 facit

930 1411 1020 1446 ipsum
1033 1409 1156 1438 Christo.
1179 1419 1188 1436 ι
1209 1410 1238 1438 ΕΙ
1254 1411 1306 1438 hoc
1324 1419 1491 1446 persuasus.
1507 1421 1516 1438 ι
1536 1411 1603 1439 Cum
1625 1411 1723 1439 (lduciu

931 1456 1006 1488 nori,
1037 1456 1137 1491 inquit,
1167 1457 1239 1491 quod
1261 1457 1347 1491 magis
1362 1457 1520 1485 necessaria
1544 1457 1624 1485 estin
1641 1465 1724 1484 (‘arne

931 1501 1131 1537 permanentia.
1148 1510 1158 1527 ι
1176 1501 1210 1529 Et
1238 1502 1289 1529 hoc
1317 1509 1468 1536 persuasus
1492 1502 1562 1530 scio.
1581 1511 1590 1527 ι
1607 1501 1663 1529 Hoc
1682 1507 1725 1530 est

931 1552 958 1576 et
976 1548 1029 1575 hoc
1045 1551 1121 1575 certo
1145 1555 1177 1575 ac
1205 1547 1392 1575 indubitanter
1417 1548 1503 1576 novit.
1524 1548 1594 1581 Quid
1615 1553 1658 1576 est
1672 1556 1724 1575 au-

932 1599 985 1622 tem
1007 1593 1080 1628 quod
1100 1597 1176 1620 certo
1206 1592 1395 1620 indubitanter
1414 1593 1509 1620 novit?
1533 1593 1608 1628 quod
1637 1593 1724 1628 magis

933 1639 1118 1667 necessarium
1143 1642 1185 1666 est
1215 1642 1329 1674 propter
1355 1645 1403 1666 vos
1429 1646 1543 1666 manere
1572 1640 1600 1665 in
1627 1646 1721 1666 carne.

932 1685 1036 1713 Deinde
1051 1685 1110 1713 scio
1126 1685 1199 1719 quod
1223 1692 1373 1713 mansurus
1394 1685 1444 1712 sim
1468 1689 1497 1712 et
1517 1692 1579 1712 cum
1593 1685 1724 1713 omnibus

931 1732 1010 1760 vobis
1026 1739 1236 1767 permansurus.
1254 1731 1320 1759 Nam
1344 1740 1359 1759 a
1388 1732 1528 1760 communi
1547 1740 1628 1759 sensu
1648 1739 1725 1766 repe-

933 1777 1043 1804 tendum
1060 1781 1113 1808 est,
1130 1777 1198 1804 seio.
1216 1777 1270 1804 Aut
1289 1777 1371 1805 etiam
1395 1777 1423 1804 in
1434 1781 1521 1804 totum
1551 1785 1565 1804 a
1583 1777 1722 1804 communi

931 1829 1014 1850 sensu
1031 1826 1168 1854 sumatur,
1194 1830 1292 1857 nempe
1316 1831 1466 1857 persuasus
1482 1823 1540 1850 scio
1558 1831 1611 1849 non
1634 1822 1722 1849 solunt

930 1869 1004 1904 quod
1027 1870 1114 1905 magis
1140 1869 1330 1897 necessarium
1356 1869 1393 1896 sit
1407 1876 1450 1895 me
1471 1869 1498 1895 in
1512 1875 1595 1894 carne
1611 1875 1722 1901 perma—

931 1920 1006 1945 nere,
1020 1913 1067 1940 sed
1079 1913 1152 1948 quod
1172 1913 1254 1940 etiam
1269 1920 1362 1939 tnarsu
1373 1920 1420 1939 rus
1433 1913 1483 1939 sint
1502 1916 1530 1938 et
1549 1919 1610 1938 curn
1634 1911 1723 1937 omni-

930 1959 982 1986 bus
1012 1958 1090 1986 vobis
1115 1965 1328 1993 permansurns.
1353 1957 1423 1984 Cum
1449 1957 1522 1984 enim
1551 1956 1663 1983 arcanis
1689 1964 1723 1982 ac

931 2004 1092 2032 caelestibus
1107 2004 1249 2039 mysteriis
1273 2003 1400 2030 initiatus
1428 2005 1512 2035 esset,
1540 2003 1594 2037 76
1609 2005 1722 2029 noverat

931 2051 1013 2078 vitam
1031 2058 1110 2078 suam
1128 2059 1181 2078 non
1209 2051 1236 2078 in
1256 2051 1383 2086 ambiguo
1400 2057 1461 2077 esse
1478 2050 1570 2080 sitam,
1585 2049 1631 2076 Sed
1649 2048 1722 2083 quod

931 2105 1005 2125 nunc
1035 2098 1126 2125 adhuc
1149 2101 1293 2132 superstes
1310 2104 1513 2131 permansurus
1530 2102 1614 2122 esset.
1628 2094 1723 2122 Potest

930 2149 1021 2171 autem
1040 2143 1102 2178 quis
1128 2143 1183 2170 alio
1200 2143 1281 2170 modo
1306 2143 1356 2169 hac
1372 2142 1507 2169 sententia
1530 2141 1668 2172 ordinata,
1685 2140 1721 2166 ita

929 2190 1082 2226 promptius
1100 2189 1260 2224 intelligere.
1272 2188 1446 2219 Permanere,
1464 2187 1562 2221 inquit,
1578 2186 1664 2220 magis
1676 2194 1723 2212 ne-

930 2237 1080 2265 cessarium
1094 2240 1136 2264 est
1152 2240 1263 2271 propter
1282 2243 1330 2261 vos
1345 2243 1352 2261 :
1368 2234 1476 2265 deinde,
1493 2233 1524 2260 Et
1540 2234 1573 2260 ad
1591 2234 1647 2260 haec
1659 2240 1722 2267 per-

932 2291 1041 2313 suasus.
1051 2284 1150 2318 inquit,
1159 2282 1231 2318 quod
1241 2282 1331 2316 magis
1343 2281 1529 2308 necessarium
1539 2281 1575 2308 sit
1585 2281 1640 2307 seio
1649 2279 1722 2314 quod

932 2336 1080 2356 mansurus
1095 2329 1157 2358 sim.
1180 2328 1318 2362 simulque
1333 2334 1394 2354 cum
1413 2327 1543 2354 omnibus
1557 2327 1634 2354 vobis
1662 2334 1723 2361 por-

932 2382 1091 2402 tnansnrus.
1113 2384 1122 2400 ι
1139 2374 1169 2401 Et
1183 2382 1245 2401 cum
1260 2373 1478 2400 omnibusvnbis
1490 2380 1696 2408 permnnsttrus.
1711 2381 1720 2398 ι

931 2422 1003 2452 Scio.
1027 2421 1125 2457 inquit,
1144 2421 1216 2456 quod
1245 2427 1392 2448 mansurus
1407 2419 1471 2451 sim,
1483 2425 1583 2446 etcum
1595 2419 1725 2446 omnibus

932 2467 1009 2494 vobis
1021 2474 1229 2502 permansurns.
1243 2465 1472 2501 Quandoquidem
1486 2465 1559 2492 enim
1574 2472 1723 2500 persuasus

932 2521 992 2541 sum
1009 2513 1096 2548 magis
1126 2512 1311 2540 necessarium
1341 2519 1402 2540 esse
1427 2519 1550 2543 manere,
1575 2512 1633 2538 scio
1649 2509 1722 2544 quod

931 2565 1081 2585 mansurus
1096 2557 1147 2584 sim
1164 2565 1218 2584 non
1237 2557 1325 2583 solum
1353 2556 1379 2582 in
1397 2556 1526 2587 vinculis,
1541 2554 1721 2581 vernmetiaut

933 2612 987 2632 una
1004 2603 1147 2631 vobiscum
1176 2608 1201 2630 et
1218 2610 1266 2630 vos
1281 2603 1392 2629 visurus
1409 2602 1471 2629 sint.
1487 2601 1602 2628 Manebo
1617 2604 1725 2632 autem,

932 2651 979 2683 ait,
996 2650 1029 2678 ad
1058 2654 1178 2682 vestrum
1207 2649 1359 2683 proiectum
1375 2653 1402 2675 et
1417 2648 1545 2683 gaudium
1561 2646 1633 2673 ﬁdei.
1651 2646 1724 2673 Con-

933 2698 1013 2731 tingit
1034 2697 1106 2723 enim
1125 2696 1152 2722 in
1169 2695 1219 2722 [ide
1242 2693 1427 2729 procedendo.
1452 2691 1538 2726 magis
1563 2691 1589 2717 in
1605 2699 1636 2717 ea
1654 2698 1723 2718 con-

933 2743 1047 2774 Iit-mari,
1062 2746 1089 2769 et
1107 2741 1224 2776 gaudere
1244 2739 1379 2774 spirituali
1403 2737 1514 2772 gaudio.
1544 2736 1601 2763 Hoc
1627 2741 1722 2764 autem

932 2790 1014 2817 etiam
1042 2793 1085 2815 est
1110 2787 1198 2815 obiter
1227 2785 1366 2812 terrentis.
1398 2783 1464 2810 Nam
1490 2783 1512 2810 si
1536 2787 1646 2818 propter
1670 2790 1724 2811 vos

934 2842 1080 2862 mansurus
1095 2842 1168 2864 sum,
1194 2832 1294 2862 videte,
1319 2831 1418 2866 inquit,
1444 2837 1478 2856 ne
1493 2837 1541 2856 vos
1555 2837 1640 2856 meatu
1656 2836 1724 2862 per-

933 2879 1113 2909 severantiam
1131 2876 1324 2912 pudcl'nciatis.
1336 2875 1394 2904 ιὐι
1407 2875 1494 2910 gloria
1512 2880 1611 2903 vestra.
1627 2874 1718 2906 iuno-
