1864 3048
96 136 188 170 1301

603 139 797 171 COMMEN'I‘.
820 140 859 170 ΙΝ
880 140 1000 171 EPIST.
1024 141 1073 170 AD
1102 141 1244 170 PHILIP.

1673 141 1748 174 130‘!

94 194 202 220 νᾶτου
217 193 268 229 τὴν
292 193 372 228 ἡμῶν
393 191 513 228 δηλῶσαι
539 192 633 225 θέλων,
664 194 742 220 οὐδὲν
776 195 841 230 περὶ
860 195 909 229 τὴν

998 194 1010 220 ιι
1029 194 1117 222 solum
1135 195 1253 222 intendit
1274 194 1429 230 signiﬁcare
1447 195 1521 230 quod
1543 196 1748 230 proponitur”.

93 237 194 272 λέξιν
207 239 393 275 ὴκριὸὠσατο,
409 237 467 265 ἀλλ’
481 237 542 264 ἀντὶ
556 237 603 265 τοῦ
617 238 717 271 εἰπεῖν,
728 239 912 274 ἐτυράννησεν

97 283 120 319 ἢ
154 285 302 315 ἐϐιάσατο,
327 282 416 317 εἶπεν,
434 283 623 315 ὲὸασίλευσεν,
655 284 769 319 ὀνόματι
793 285 912 320 εὐφήμῳ

96 330 171 365 τὴν
180 331 325 365 δύσφημον
338 330 423 365 αὐτῆς
436 329 582 365 τυραννίδα
598 330 751 365 σημαίνων,
778 330 850 357 οὕτω
864 331 912 357 καὶ

95 384 178 408 νυν,
205 378 256 412 τὴν
274 377 410 412 ἀποῦολὴν
427 377 480 403 τῶν
509 376 664 412 Ξπιζημίων
677 377 802 412 εὔφημον
815 377 910 410 οὖσαν,

96 420 191 455 λέξει
207 422 403 457 παρεδήλωσεν
421 422 471 449 οὐκ
484 422 611 458 εὐφήμῳ,
630 421 715 449 εἰπὼν
740 421 909 457 ἐζημιώθην.

100 477 115 493 ι
141 468 268 503 Ζημίαν.
286 478 295 495 r
308 468 377 495 Φασί
387 477 460 500 τινες
475 468 531 495 τῶν
541 468 700 504 αἱρετικῶν,
721 468 787 495 Ἰδοὺ
802 468 816 494 6
829 468 911 503 νόμος

97 513 209 548 ζημία
219 515 279 541 ἐστὶ
299 514 345 541 καὶ
366 513 499 541 ηὐὸαλα.
519 513 582 545 Πῶς
595 512 643 541 οῦν
670 522 738 548 φατε
769 513 822 540 ὑπὸ
841 513 910 540 Θεοῦ

97 559 202 586 αὑτὸν
213 559 357 592 δεδόσθαις
379 560 450 586 Ἀλλ’
474 560 535 595 ὅρα,
551 560 602 586 οὐκ
625 558 697 594 εἷπε,
711 560 803 594 Ζημία
819 561 909 593 ἐστιν,

98 604 188 637 ἀλλ’,
207 605 334 640 Ἦγημαι
345 605 426 632 αὑτὸν
440 604 552 640 ζημίαν.
565 605 620 631 Καὶ
633 606 688 640 γὰρ
698 607 754 637 τοῖς
767 605 807 640 τῷ
818 605 910 640 γράμ-

101 659 184 685 ματι
213 651 457 686 παρακαθημένοις
488 652 535 678 καὶ
558 651 757 686 ἀφισταμένοις
778 651 909 686 Χριστοῦ,

99 695 221 731 ζημίας
239 697 345 730 γίνεται
357 697 498 733 πρόξενος,
509 697 538 724 οὐ
551 697 628 732 παρὰ
641 697 690 732 τὴν
702 696 807 724 οἰκείαν
818 696 909 731 φύσιν,

100 741 188 769 ἀλλὰ
198 742 327 778 παρὰτὴν
341 743 472 778 ἀπειρίαν
485 743 540 770 τῶν
553 744 647 775 κακῶς
660 742 735 778 αὺτῷ
746 743 907 778 χρωμένων.

100 788 174 814 Καὶ
193 789 249 824 γὰρ
261 789 309 815 καὶ
319 790 422 825 χρυσοῦ
438 790 486 817 καὶ
499 789 627 825 μολίῶου
644 789 846 826 προκειμένων.
862 789 910 816 καὶ

100 834 241 869 ἀνάγκης
252 835 335 870 οὔσης
348 834 378 862 ἓν
404 836 458 863 τῶν
471 835 517 863 δύο
537 836 641 869 λασείν,
654 837 678 863 εί
697 834 852 869 ὲπιλέξεταί
866 843 910 866 τις

964 240 1199 273 Qucmdmodum
1216 241 1288 268 enim
1311 241 1377 269 alibi
1404 245 1566 276 potestatem
1588 243 1685 270 mortis
1704 251 1752 271 no.

963 289 1028 313 utra:
1066 286 1223 322 signiﬁcare
1250 287 1344 316 volens
1379 288 1447 316 nihil
1487 292 1616 316 accurate
1647 288 1753 318 locutus

962 330 1017 366 95
1033 335 1075 358 est
1097 339 1104 358 :
1125 332 1174 359 sed
1194 340 1255 359 cum
1273 332 1419 361 dicendum
1440 333 1552 366 fuisset,
1566 333 1753 369 Tyrannidem

962 377 1096 410 exercuit,
1120 382 1167 406 aut
1182 379 1236 405 vim
1256 379 1349 407 intulit
1369 380 1432 407 ait:
1450 379 1586 415 Regnavit
1597 380 1630 413 ",
1651 380 1754 415 plausi-

961 422 1010 450 bili
1031 423 1143 451 nomine
1166 424 1316 451 infaustam
1340 425 1415 453 illlus
1441 425 1605 460 signiﬁcans
1628 426 1754 461 tyranni'

962 468 1036 496 dem.
1049 467 1087 496 lta
1101 472 1128 497 et
1143 475 1218 497 nunc
1232 469 1413 504 abjectionem
1429 470 1591 498 uocivorum
1605 479 1667 506 quae
1683 471 1756 499 favo-

962 514 1113 547 rabilisest.
1120 514 1243 544 dictione
1253 522 1306 543 non
1319 515 1462 544 favorabili
1470 516 1633 552 designavit,
1641 516 1753 545 dicens:

962 560 1023 588 Feci
1038 561 1184 596 iacturum.
1206 571 1215 588 ι
1230 561 1375 590 Damnum.
1391 571 1400 588 ι
1421 562 1521 590 Dicunt
1536 563 1647 599 quidam
1665 564 1753 591 ltaare-
1779 568 1781 571 ‘

962 606 1010 633 tici
1027 615 1035 634 :
1054 605 1125 634 Ecce
1138 607 1182 635 lex
1197 607 1328 635 damnum
1344 612 1387 636 est
1404 613 1429 635 et
1444 607 1640 642 rejectamenta
1658 618 1664 636 :
1682 616 1754 643 quo-

962 653 1045 680 modo
1063 660 1130 688 ergo
1151 653 1246 681 dicitis
1267 654 1354 689 ipsam
1372 661 1386 681 a
1404 653 1460 682 Deo
1481 653 1573 682 datam
1593 655 1676 683 esse?
1699 654 1753 682 Sed

960 698 1150 726 animadverte
1183 700 1256 734 quod
1287 707 1341 727 non
1374 700 1486 733 dixerit,
1526 700 1662 728 Damnum
1698 705 1752 733 est.

961 744 1021 775 su'd.
1043 745 1202 773 Arbitratus
1217 751 1279 774 tum
1295 746 1426 774 damnum
1460 754 1532 775 esse.
1568 746 1676 774 Etenim
1709 747 1753 776 liis

960 790 1006 824 qui
1040 790 1139 819 litteras
1173 790 1313 819 adherent
1345 795 1373 819 et
1399 799 1415 819 ιι
1448 792 1559 821 Christo
1595 791 1752 825 discedunt,

961 834 1092 862 damnum
1114 836 1245 863 conciliat
1263 844 1269 863 :
1289 842 1344 864 non
1372 844 1406 865 ex
1439 837 1549 872 propria
1570 842 1679 870 natura,
1705 837 1754 865 sed

100 880 161 907 τὸν
192 880 328 915 μόλιϐδον,
351 882 454 917 ζημίαν
470 882 617 915 πέπονθεν,
648 883 679 909 οὐ
706 881 755 908 τοῦ
782 881 908 917 μολίδδου

998 886 1072 916 apter
1102 882 1212 910 illorum
1243 883 1384 911 inscitiam
1410 883 1456 918 qui
1484 883 1542 918 ipsa
1574 883 1645 912 male
1673 887 1754 911 utun-

103 925 198 959 φύσει
214 925 317 962 ζημίας
329 926 423 963 οὔσης,
441 927 508 959 ἀλλὰ
527 930 561 964 τῇ
578 928 626 955 τοῦ
643 928 778 963 βελτίονος
793 928 909 954 ἀποστε-

106 973 211 1007 ρήσει.

963 932 1017 954 tur.
1041 926 1185 962 Siquidem
1209 927 1292 956 etiam
1315 935 1384 956 auro
1401 932 1428 956 et
1449 929 1562 964 plumbo
1580 929 1754 965 postpositis,

962 972 1008 999 ubi
1033 980 1147 1002 necesse
1170 973 1207 1001 sit
1230 981 1316 1001 unum
1340 981 1357 1002 e
1377 973 1489 1002 duobus
1508 974 1623 1010 eligere,
1646 975 1669 1002 si
1690 974 1753 1009 quis

106 1019 260 1053 plumbum
276 1020 398 1054 elegerit,
413 1020 544 1048 damnum
565 1026 664 1056 passus
681 1024 724 1049 est
741 1028 748 1048 :
766 1027 820 1047 non
834 1018 908 1054 quod
928 1017 1059 1046 damnum
1075 1019 1111 1048 sit
1125 1027 1159 1048 ex
1174 1023 1272 1048 natura
1290 1020 1404 1056 plumbi,
1421 1021 1469 1050 sed
1502 1022 1538 1050 ob
1572 1022 1754 1057 privationem

107 1065 180 1099 ejus
201 1065 276 1100 quod
296 1066 394 1094 melius
415 1070 465 1094 est.

151 1111 249 1139 Τοίνυν
263 1114 310 1139 καὶ
331 1113 345 1139 6
355 1113 448 1148 νόμος,
467 1113 492 1140 εί
514 1113 565 1149 μέν
578 1122 621 1145 τις
634 1113 708 1148 αὑτῷ
722 1113 856 1148 χρήσαιτο
871 1111 909 1143 ὡς

106 1157 166 1189 δεῖ,
181 1158 280 1193 κέρδος
299 1159 368 1186 ἐστί.
395 1159 507 1195 Χριστῷ
526 1159 581 1195 γὰρ
597 1159 791 1195 παραπέμπει.
811 1158 840 1186 '0
853 1158 908 1194 γὰρ

109 1203 268 1239 νομοθέτης
286 1204 388 1239 Μωσῆς
405 1206 470 1241 περὶ
485 1205 532 1232 τοῦ
546 1205 666 1241 Χριστοῦ
687 1205 771 1232 είπὼν
783 1205 824 1232 ὅτι
838 1213 907 1241 προ-

109 1248 207 1284 φήτην
223 1249 288 1284 ὑμῖν
305 1250 454 1286 ἀναστήσει
481 1251 519 1283 ὡς
547 1251 608 1287 ἐμὲ,
626 1251 664 1283 ὡς
693 1251 742 1286 ἐμὲ
760 1251 799 1285 δὲ,
817 1252 862 1279 διά
876 1260 906 1278 τε

109 1293 166 1328 τὴν
190 1294 280 1328 σάρκα
307 1295 356 1322 καὶ
371 1295 421 1330 τὴν
453 1298 603 1331 μεσιτείαν,
632 1295 709 1324 εἷπεν
734 1296 817 1324 αὐτοῦ
848 1297 904 1325 δεῖν

110 1338 237 1366 ἀκούειν.
256 1339 286 1366 Et
305 1340 334 1367 δὲ
350 1340 390 1376 τῷ
414 1341 561 1377 γράμματι
586 1342 782 1377 παρακαθίσει,
801 1343 902 1378 ζημίας

110 1385 173 1411 ἐστὶ
188 1385 334 1421 πρόφασις.
356 1386 450 1414 Ταῦτα
466 1388 512 1415 καὶ
525 1389 590 1424 περὶ
603 1388 662 1421 τοῦ,
689 1388 823 1424 Ἦγοῦμαι
840 1388 905 1416 σκύ-

111 1430 185 1457 ϐαλα
202 1429 281 1465 εἶναι,
302 1432 373 1460 νοεῖν
391 1433 473 1469 ἔχεις.
488 1433 543 1461 Καὶ
556 1434 664 1469 πρῶτον
685 1434 735 1469 μὲν
755 1435 842 1462 εἰπεῖν
854 1435 903 1469 ἔνι,

110 1476 155 1502 ὅτι
170 1477 201 1503 οὐ
215 1477 281 1513 περὶ
296 1477 343 1504 τοῦ
361 1479 445 1514 νόμου
460 1479 501 1512 τὸ,
518 1478 755 1513 Σκύϐαλα,εἶπεν,
777 1480 845 1508 ἀλλὰ
856 1481 904 1508 καὶ

111 1522 180 1558 περὶ
194 1511 402 1559 τῶνἺκοσμικῶν
416 1511 598 1560 πραγμάτων.
622 1511 655 1552 Εί
667 1526 696 1553 δὲ
711 1511 759 1553 καλ.
775 1528 841 1562 περὶ
856 1528 903 1555 τοῦ
918 1511 942 1542 C

110 1568 209 1602 νόμου,
235 1569 306 1596 κατὰ
327 1571 378 1605 τὴν
402 1570 452 1605 τῆς
477 1570 581 1606 ζημίας
596 1571 717 1600 διάνοιαν
732 1573 840 1608 νοήσεις
858 1574 905 1600 καὶ

111 1614 195 1640 τοῦτο
213 1614 305 1643 καλόν.
325 1616 453 1644 Σκύσαλα
473 1617 528 1653 γὰρ
550 1617 661 1654 εἴρηται
687 1619 703 1654 ή
724 1619 838 1655 καλάμη
857 1620 905 1647 τοῦ

111 1660 201 1687 σίτου.
219 1661 289 1688 Ἀλλ’
303 1662 368 1698 ἄχρι
382 1663 432 1698 μὲν
449 1664 486 1700 μή
500 1672 544 1690 πω
557 1665 628 1700 φανῇ
643 1665 656 1692 6
667 1666 752 1698 σῖτος,
767 1666 905 1700 ἀναγκαῖα

110 1707 128 1741 ἡ
146 1706 258 1743 καλάμη
270 1707 307 1740 ὡς
320 1710 507 1746 συντηρητικὴ
522 1707 601 1744 οὖσα,
618 1711 665 1737 τοῦ
675 1712 807 1747 ἐσομένου
817 1712 902 1746 σίτου,

110 1751 244 1785 φανέντος
260 1753 298 1786 δὲ,
314 1753 451 1789 ἄχρηστος
469 1755 624 1789 ἀνθρώποις
647 1757 664 1792 ὴ
681 1757 802 1792 καλάμη.
827 1758 905 1785 Οὕτω

110 1797 160 1824 καὶ
178 1798 191 1824 6
208 1798 300 1834 νόμος.
313 1800 394 1835 ’Λχρι
408 1800 458 1836 μὲν
471 1801 509 1836 μὴ
524 1802 734 1838 ὲνηνθρωπήκει
744 1805 758 1830 6
773 1804 902 1839 Χριστὸς,

110 1842 247 1878 χρειώδης
262 1841 295 1879 ἦν
309 1852 316 1860 ·
335 1844 410 1881 αὐτῷ
436 1845 491 1881 γὰρ
507 1847 686 1883 παρέπεμπε.
712 1848 843 1881 Φανέντος
862 1850 903 1882 δὲ,

111 1889 240 1924 περιττὸς
258 1889 321 1917 ὅσον
345 1892 415 1927 πρὸς
429 1891 459 1918 τὸ
477 1893 644 1928 σωματικῶς
668 1894 854 1928 φυλάττεσθαι
870 1896 903 1923 τὰ

111 1936 141 1960 ἐν
159 1935 244 1970 αὐτῷ.
261 1933 315 1963 Ἦν
333 1937 362 1964 δὲ
379 1938 428 1965 καὶ
441 1937 513 1974 ἄλλῳ
527 1939 621 1975 τρόπῳ
640 1939 774 1976 χρειώδης
788 1941 802 1967 6
821 1941 904 1976 νόμος

110 1979 166 2013 πρὸ
183 1979 313 2014 Χριστοῦ.
342 1982 563 2019 Φιλοσοφώτερος
583 1984 632 2020 μὲν
648 1984 703 2021 γὰρ
715 1982 751 2021 ἦν
765 1985 820 2012 τῶν
841 1986 903 2013 Ἐλ-

110 2023 231 2058 ληνικῶν
258 2025 412 2061 δογμάτων,
431 2028 585 2065 παχύτερος
604 2030 632 2056 δὲ
663 2030 715 2066 τῆς
744 2032 774 2058 ὲν
791 2030 902 2068 Χριστῷ

111 2071 283 2105 φιλοσοφίας.
300 2073 391 2106 Μέσος
405 2074 451 2101 οῦν
477 2076 527 2110 τῆς
547 2076 771 2113 εῐδωλολατρείας
787 2079 834 2105 καὶ
851 2079 902 2114 τῆς

110 2118 232 2152 Χριστοῦ
243 2119 361 2151 πίστεως
372 2121 551 2156 παρεντιθεὶς
559 2121 697 2158 ὠφέλησε,
715 2124 786 2151 κατὰ
803 2125 901 2160 μικρὸν

111 2163 295 2211 ὑπεξαγαγὼν
325 2165 375 2201 τῆς
393 2167 628 2203 είδωλολατρείας,
656 2169 704 2196 καὶ
723 2170 770 2196 τοῦ
797 2171 902 2198 ἐκεῖθεν
918 2182 941 2211 ι)

111 2209 227 2245 πάχους,
244 2211 291 2238 καὶ
305 2211 540 2248 ἐπιτηδειοτέρους
553 2213 648 2247 ποιῶν,
664 2215 775 2251 Χριστῷ
790 2216 903 2251 φανέντι

111 2255 268 2284 πιστεῦσαι.
293 2256 370 2284 Ἐπεὶ
399 2258 446 2286 οῦν
470 2259 499 2286 τὸ
528 2261 628 2287 οίκεῖον
659 2261 826 2297 πεπλήρωκε
855 2263 904 2291 καὶ

110 2301 222 2337 Χριστῷ
239 2304 416 2339 παρέπεμψε,
436 2305 562 2341 περιττὸς
581 2306 676 2333 λοιπὸν
694 2307 736 2339 είς
751 2307 782 2334 τὸ
805 2317 901 2344 σωμα-

111 2349 196 2380 τικῶς
231 2349 425 2385 φυλάττεσθαι,
456 2351 552 2388 ὥσπερ
573 2354 621 2380 καὶ
646 2354 723 2381 παιδὶ
742 2355 782 2387 είς
798 2355 901 2392 ἄνδρας

110 2394 252 2422 τελέσαντι
271 2397 287 2431 ἠ
304 2397 418 2433 παιδικὴ
432 2397 516 2435 ἐσθὴς
529 2399 577 2426 καὶ
593 2399 700 2436 ἀγωγή.
717 2417 750 2422 -
765 2402 901 2438 [ΟῙΚΟΥ-

111 2440 273 2477 ΜΕΝΙ()Υ,Ῑ
284 2441 357 2478 Δύνῃ
383 2441 473 2470 δὲκαὶ
507 2444 568 2471 κατ’
588 2444 654 2472 ἀλλο
671 2446 793 2473 σκύϐαλα
809 2449 907 2484 νοῆσαι

109 2486 157 2512 τὸν
168 2486 262 2522 νόμον.
281 2487 318 2514 Τδ
332 2488 387 2523 γὰρ
420 2488 570 2522 σκύὸαλον,
597 2490 738 2528 κτηνώδης
768 2493 826 2520 ἐστὶ
841 2503 905 2530 τρο-

111 2532 159 2567 φή.
189 2533 244 2560 Καὶ
261 2534 275 2560 6
290 2534 372 2568 νόμος
403 2535 494 2562 τοίνυν
522 2535 591 2571 μετὰ
605 2537 654 2572 τὴν
677 2538 778 2571 πίστιν,
799 2539 905 2575 ἀλογω-

108 2577 200 2613 τέροις
216 2577 372 2614 ἀνθρώποις
400 2580 474 2607 ἐστὶν
490 2581 521 2608 ὲν
547 2582 741 2618 παραφυλακῇ.
769 2584 847 2611 Διατί
874 2585 902 2613 δὲ

108 2623 179 2654 ὅλως
193 2623 297 2660 ἥγησαι
315 2626 398 2653 αὐτὸν
410 2626 514 2662 ζημίαν
529 2627 577 2653 καὶ
595 2627 727 2660 σκύϐαλα,
748 2626 770 2656 ὦ
794 2629 903 2666 ﬂatile;

110 2670 152 2696 ὅτι
162 2670 210 2696 ἐπὶ
222 2670 308 2698 πολὺν
318 2672 414 2707 χρόνον
430 2672 569 2708 ἐζημίωσέ
579 2682 612 2709 με
623 2674 752 2710 Χριστοῦ,
761 2675 800 2711 τῷ
810 2677 901 2712 γράμ-

113 2723 180 2750 ματι
195 2718 437 2753 παρακαθήμενον,
457 2719 506 2754 οὐχ
525 2718 566 2746 ὅτι
581 2719 628 2746 νῦν
645 2719 790 2755 ἐζημιοῦτο
805 2722 835 2753 ἐξ
849 2723 899 2749 αῦ-

113 2762 169 2790 ιυῦ.
185 2763 263 2799 ᾜδει
277 2764 332 2800 γὰρ
349 2765 424 2801 αὐτῷ
436 2766 630 2801 πνευματικῶς
647 2767 812 2802 χρήσασθαι,
832 2767 900 2795 ἀλλὰ

148 2852 191 2880 1¹¹Ι
206 2852 270 2880 Cor.
291 2861 308 2886 ι,
327 2854 372 2888 ‘22,
388 2855 433 2882 ‘25.
472 2856 492 2872 "
507 2856 585 2884 llum.
604 2864 628 2890 ι’,
653 2857 694 2884 Η.

998 1110 1094 1145 itaque
1111 1113 1138 1137 et
1158 1107 1213 1144 lex,
1230 1111 1254 1139 si
1269 1111 1332 1147 quis
1349 1118 1381 1140 ea
1398 1114 1493 1139 utatur
1512 1114 1542 1138 ιιι
1565 1113 1683 1145 oportet,
1708 1110 1752 1138 itt-

960 1162 1038 1183 crum
1054 1159 1097 1183 est
1117 1164 1124 1182 :
1141 1163 1204 1183 nam
1224 1156 1258 1184 ad
1275 1155 1414 1186 Christum
1431 1153 1604 1183 transmittit.
1626 1154 1749 1190 Legisla-

960 1207 1002 1229 tor
1013 1202 1086 1229 enim
1109 1201 1200 1230 Moses
1222 1202 1257 1230 de
1275 1202 1385 1230 Christo
1404 1201 1497 1230 dicens
1521 1210 1528 1229 :
1557 1206 1566 1227 ι
1584 1200 1750 1236 Prophetam

958 1249 1104 1276 suecitabit
1120 1248 1199 1275 vobis
1224 1248 1297 1276 Deus
1323 1252 1454 1283 tanquam
1474 1255 1517 1275 me
1535 1247 1559 1264 ¹⁰
1577 1256 1587 1274 ι
1603 1246 1747 1283 (tanquam

959 1301 1003 1322 me
1027 1299 1139 1330 propter
1163 1302 1274 1322 comem
1298 1298 1326 1322 et
1349 1294 1509 1322 mediatoris
1537 1293 1680 1328 cilicium),
1712 1293 1751 1322 ait

955 1343 1082 1373 oportere
1100 1341 1189 1375 ipsum
1211 1340 1308 1368 audire
1331 1347 1338 1367 :
1355 1338 1385 1367 Si
1401 1347 1466 1367 vero
1481 1339 1580 1368 littera!
1604 1339 1749 1371 iulmreat.

955 1386 1048 1413 damni
1061 1387 1171 1414 occasio
1179 1390 1232 1414 est.
1243 1385 1308 1414 Haec
1320 1393 1430 1421 quoque
1438 1385 1473 1414 de
1483 1392 1515 1413 eo
1528 1385 1601 1420 quod
1611 1385 1749 1421 sequitur,

957 1432 1049 1460 Habeo
1075 1439 1127 1466 pro
1148 1432 1372 1467 reiectameutis,
1396 1432 1551 1467 intelligere
1577 1431 1694 1467 poteris.
1716 1431 1751 1458 Et

956 1478 1075 1512 primum
1089 1478 1200 1513 quidem
1220 1478 1275 1506 dici
1291 1481 1379 1512 potest
1389 1477 1463 1513 quod
1481 1484 1536 1505 non
1550 1477 1585 1506 de
1603 1477 1662 1512 lege
1673 1476 1751 1505 dixe—

958 1523 995 1550 rit
1010 1532 1017 1550 :
1034 1523 1250 1558 Rejectamenta,
1268 1523 1317 1551 sed
1335 1523 1369 1551 de
1388 1523 1471 1551 rebus
1491 1522 1638 1551 mundanis
1653 1531 1660 1549 :
1675 1522 1749 1557 quod

957 1569 980 1596 si
996 1570 1078 1597 etiam
1093 1569 1127 1597 de
1140 1569 1209 1604 lege,
1220 1569 1299 1604 juxta
1315 1576 1426 1596 sensum
1439 1569 1487 1604 qui
1503 1568 1537 1596 de
1552 1570 1654 1596 damno
1666 1567 1748 1596 datus

956 1618 1009 1648 est,
1028 1614 1187 1650 intelliges:
1203 1618 1230 1643 et
1246 1615 1297 1643 hoc
1316 1615 1461 1650 pulchrum
1478 1618 1530 1642 est.
1545 1613 1613 1641 Nam
1629 1613 1747 1648 rejecte-

957 1666 1049 1689 menta
1063 1662 1135 1689 dicta
1151 1665 1217 1689 sunt
1238 1660 1321 1689 tritici
1336 1660 1444 1688 culmus
1460 1660 1525 1688 :sed
1545 1659 1610 1688 dum
1626 1659 1746 1687 nondum

956 1713 1070 1744 apparet
1089 1708 1222 1739 triticum,
1237 1707 1411 1736 necessarius
1422 1711 1465 1735 est
1478 1707 1596 1738 culmus,
1615 1710 1747 1742 tanquam

956 1753 1042 1781 futuri
1061 1754 1145 1782 tritici
1171 1753 1381 1781 conservativus
1406 1762 1414 1780 ι
1431 1752 1477 1780 ubi
1495 1758 1559 1780 vero
1576 1751 1746 1788 apparuerit,

957 1799 1062 1828 inutilis
1082 1803 1124 1828 est
1147 1800 1256 1828 culmus
1280 1798 1449 1827 hominibus.
1466 1798 1504 1826 Ita
1529 1802 1556 1826 et
1581 1798 1645 1826 lex:
1661 1797 1748 1826 donec

957 1845 1149 1873 incarnaretur
1169 1845 1299 1874 Christus
1323 1849 1384 1873 erat
1406 1844 1492 1878 utilis,
1509 1851 1572 1872 nam
1593 1843 1627 1871 ad
1656 1843 1745 1879 ipsum

955 1891 1163 1918 transmittebat
1187 1899 1195 1918 :
1220 1897 1283 1918 cum
1311 1895 1403 1918 autem
1431 1890 1488 1925 jam
1515 1889 1663 1924 apparuit,
1699 1896 1747 1917 su-

956 1936 1058 1973 perﬂua
1081 1941 1126 1965 est
1139 1940 1271 1972 quantum
1292 1937 1326 1964 ad
1344 1937 1395 1963 hoc
1406 1935 1480 1971 quod
1503 1939 1546 1963 est
1565 1935 1747 1970 corporaliter

955 1983 1097 2011 observari
1111 1990 1173 2019 quae
1187 1984 1215 2010 in
1231 1990 1263 2010 ea
1279 1986 1354 2010 sunt.
1370 1982 1434 2010 Erat
1447 1985 1538 2019 autem
1552 1985 1580 2008 et
1596 1981 1650 2009 alio
1664 1981 1747 2008 modo

956 2029 1032 2056 utilis
1048 2029 1089 2057 lex
1104 2032 1168 2056 ante
1185 2028 1335 2056 Christum.
1356 2027 1465 2055 Etenim
1490 2027 1552 2062 plus
1569 2027 1678 2062 quidem
1702 2033 1747 2053 sa-

954 2074 1065 2110 pientiaz
1080 2075 1201 2103 habebat
1227 2082 1310 2110 quam
1331 2074 1490 2102 Grzcorum
1512 2073 1650 2109 dogmata,
1669 2080 1746 2100 cras-

955 2123 1013 2150 sior
1028 2127 1119 2150 autem
1131 2126 1191 2150 erat
1205 2128 1288 2157 quam
1305 2120 1488 2156 philosophia,
1507 2127 1569 2155 qum
1586 2119 1613 2146 in
1635 2119 1746 2147 Christo

955 2173 1008 2196 est.
1031 2166 1119 2196 Media
1146 2167 1239 2202 itaque
1256 2167 1328 2194 inter
1350 2165 1534 2194 idololatriam
1557 2169 1584 2192 et
1614 2164 1692 2192 ﬁdem
1716 2164 1744 2192 in

954 2214 1096 2242 Christum
1113 2211 1277 2249 interposita
1287 2211 1413 2248 iuvabat,
1426 2211 1529 2240 sensim
1543 2211 1578 2238 ab
1590 2210 1743 2239 idololatria

953 2259 1129 2292 subduceris,
1162 2262 1190 2287 et
1214 2266 1229 2285 a
1259 2257 1384 2286 crassitie
1417 2264 1479 2292 quae
1508 2256 1572 2284 inde
1600 2260 1659 2284 erat
1682 2265 1689 2284 :
1716 2261 1744 2284 et

952 2306 1074 2341 aptiores
1096 2305 1213 2333 reddens
1237 2308 1266 2332 ut
1285 2304 1429 2340 apparenti
1450 2301 1561 2332 Christo
1587 2303 1743 2331 crederent.

952 2353 1008 2388 96
1022 2351 1157 2385 Quoniam
1177 2358 1243 2386 ergo
1258 2350 1332 2386 quod
1354 2357 1436 2378 suum
1458 2353 1519 2378 erat
1541 2349 1700 2385 complevit,
1716 2354 1744 2377 et

953 2399 986 2426 ad
1003 2398 1143 2426 Christum
1161 2397 1325 2430 transmisit,
1338 2396 1468 2432 deinceps
1480 2396 1588 2424 inutilis
1605 2400 1633 2425 et
1649 2402 1744 2432 super-

954 2445 1006 2472 ilua
1018 2448 1060 2473 est
1072 2444 1106 2472 ad
1118 2445 1169 2472 hoc
1186 2449 1216 2472 ut
1230 2443 1412 2478 corporaliter
1420 2443 1601 2471 observetur:
1612 2442 1744 2478 quemad-

955 2492 1066 2519 modum
1085 2495 1111 2519 ct
1132 2497 1228 2526 puero,
1249 2490 1296 2518 ubi
1313 2490 1347 2517 ad
1372 2489 1477 2518 virilem
1502 2489 1657 2525 pervenerit
1678 2493 1743 2515 reta-

955 2542 1020 2571 tem,
1047 2538 1152 2573 puerile
1169 2537 1362 2566 vestimentum
1379 2540 1427 2563 aut
1449 2535 1585 2564 educatio.
1605 2550 1638 2555 -—
1662 2533 1743 2561 Potes

954 2589 1045 2613 autem
1061 2588 1088 2612 et
1110 2585 1189 2620 juxta
1209 2584 1282 2612 aliud
1298 2583 1461 2619 intelligere,
1484 2581 1569 2616 legem
1589 2587 1651 2607 esse
1670 2579 1742 2614 reje-

953 2635 1101 2659 ctumenta.
1118 2630 1186 2658 Nam
1199 2630 1424 2664 rejeetamentum
1443 2630 1490 2654 aut
1513 2626 1591 2661 palea
1602 2625 1680 2653 cibus
1699 2628 1743 2651 est

951 2676 1149 2712 jumentorum.
1168 2675 1201 2703 Et
1221 2675 1263 2703 lex
1281 2676 1371 2711 itaque
1387 2677 1447 2709 post
1462 2672 1542 2700 ﬁdem
1568 2669 1741 2698 irrationabh

954 2723 1026 2751 libus
1049 2722 1206 2751 h0minibus
1223 2722 1250 2750 in
1274 2720 1448 2750 observantia
1467 2722 1519 2746 est.
1536 2718 1637 2746 Verum
1655 2722 1740 2750 quare

955 2769 1067 2798 omnino
1077 2770 1178 2798 duxisti
1191 2776 1250 2798 cam
1262 2775 1322 2796 esse
1335 2766 1464 2795 damnum
1475 2768 1522 2792 aut
1535 2763 1740 2800 rejoctamenta,

734 2858 756 2872 ¹¹¹
770 2855 847 2885 Dcut.
863 2864 939 2884 xvtu.
956 2856 996 2886 15,
