1864 3048
153 150 221 183 13ῡ¹1
679 149 879 179 (ECUMENII
899 149 1047 179 TRICCB
1062 149 1234 180 El’ISCOPI
1716 152 1779 186 1303

148 213 240 235 autem
264 207 336 243 quod
362 215 406 235 mc
428 211 586 235 assecutum
612 214 673 234 esse
700 207 849 234 existin'ro‘.’
871 215 884 241 τι

1043 227 1050 234 .
1070 216 1080 233 ι
1100 206 1186 233 Τοῦτο
1201 206 1256 242 γὰρ
1273 207 1355 234 αὖτδν
1370 207 1458 234 ἐποίει
1487 208 1543 240 τοῖς
1567 207 1722 245 ἔμπροσθεν
1737 212 1779 238 ἐπ-

147 262 180 282 ea
204 262 266 290 qua:
287 262 301 281 a
324 259 400 290 tergo
429 257 493 281 sunt
515 253 698 286 obliviscens,
721 253 755 280 ad
783 260 814 280 ea
841 261 883 287 qu:

1042 253 1179 285 τείνεσθαι,
1196 254 1227 280 τὸ
1235 253 1290 280 τῶν
1304 253 1417 281 ὄπισθεν
1430 253 1661 282 ἐπιλανθάνεσθαι
1687 265 1778 291 κατορ-

148 300 238 327 fronte
275 305 339 328 sunt
367 300 511 333 extendor,
544 302 622 335 jutta
654 299 796 335 preﬁrum
830 300 938 335 signum
995 299 1143 334 θωμάτων.

149 345 292 380 insequor,
316 349 368 373 etc.
387 345 536 380 Oportebat
560 345 632 372 enim
664 345 752 380 ipsum
782 344 1026 380 comprehendisse
1061 344 1134 380 quod
1166 345 1245 380 juxta
1273 346 1415 381 praeﬁxum
1442 346 1551 382 signum
1583 347 1779 382 insequeretur,

149 401 184 420 ne
195 400 282 420 vanus
305 396 379 420 esset
399 392 423 419 ei
445 400 554 420 cursus.
581 392 643 420 Ideo
669 400 780 427 qunque
804 392 868 420 alibi
898 392 936 419 ait
959 400 966 419 :
993 391 1050 426 99
1073 401 1082 417 ι
1101 391 1147 420 Sic
1164 399 1257 425 curro,
1278 396 1309 420 ιιι
1326 400 1381 420 non
1396 393 1424 420 in
1440 393 1574 420 incertum
1590 403 1597 420 :
1616 394 1656 421 sic
1671 396 1781 430 pugilem

149 446 209 473 ago,
230 446 284 466 non
309 439 383 466 Velul
404 445 494 466 aerem
515 438 615 466 feriens
643 439 676 465 ".
702 448 711 464 ι
738 438 914 474 Rursumque
931 447 937 465 :
962 446 971 463 ι
993 437 1038 465 Sic
1053 437 1166 469 currite,
1184 442 1214 465 ut.
1229 439 1468 474 comprehendatis
1483 441 1516 467 ".
1534 449 1542 466 ι
1560 455 1596 460 —-
1633 450 1642 467 ι
1661 440 1698 468 Ea
1727 443 1783 477 qui-

149 485 210 512 dem
236 492 296 519 quae
327 491 342 510 a
367 488 443 519 tergo
473 489 538 512 sunt
567 484 747 512 obliviscens.
774 494 783 510 ι
815 484 881 511 Nam
914 484 940 510 id
960 490 1023 511 eum
1049 483 1166 512 faciebat
1187 483 1221 511 ad
1260 492 1292 513 ea
1329 493 1390 521 quae
1409 493 1425 514 a
1449 486 1538 514 fronte
1563 492 1644 514 erant
1663 487 1739 520 eniti,
1762 489 1782 516 si

149 531 365 559 obliviscebatur
382 531 554 566 egregiorum
579 530 732 558 facinorum
751 538 812 566 qua
833 538 847 557 a
867 536 941 565 tergo
960 534 1048 557 erant.

187 576 232 602 Ait
252 579 342 603 autem
365 584 372 602 :
392 576 431 603 Ad
455 583 487 603 ea
507 583 568 611 quae
584 584 599 603 a
615 577 704 604 fronte
720 581 784 604 sunt
806 576 889 604 veluti
909 584 923 602 a

1049 579 1211 615 Εμπροσθεν
1222 579 1261 614 δέ,
1278 587 1372 614 φησιν,
1399 578 1437 610 ὡς
1450 578 1517 612 πρὸς
1541 577 1572 604 τὸ
1607 579 1784 614 ἀποκεέμενον

150 623 301 657 repositum
318 622 452 649 bravium.
467 622 582 658 Semper
601 623 673 650 enim
697 627 761 650 ante
775 631 828 655 me,
843 623 886 657 inq

1048 625 1137 652 ιϐεῖον.
1170 625 1228 652 Ἀεὶ
1257 625 1311 660 γὰρ
1340 624 1497 660 ἔμπροσθέν
1526 633 1576 659 μου
1593 625 1784 659 νομίξωναὺτὺ

151 670 217 698 illud
239 670 402 698 existimans
423 674 448 697 et
475 670 555 705 longe
577 677 591 696 a
615 677 659 698 me
670 670 777 702 abesse,
802 677 882 697 curro

1061 670 1128 697 πολύ
1144 671 1210 706 ξμου
1237 671 1351 705 ἀπέχον,
1374 670 1464 704 τρέχω
1480 670 1524 696 ἐπ’
1550 670 1616 696 αὐτὸ
1634 677 1643 686 ⁸
1664 679 1673 695 ι
1686 671 1747 701 Τοῖς
1761 671 1785 697 δὲ

150 717 253 751 ipsum.
270 725 279 741 ι
296 716 337 742 Ad
352 724 383 743 ea
396 724 456 751 quas
474 723 488 742 a
505 716 594 743 fronte
605 720 670 743 sunt
683 716 824 743 extendor.
844 725 852 741 ι
871 715 886 743 C

1050 717 1154 750 :poa05v
1184 716 1421 751 ἐπεκτεινόμενος.
1436 725 1446 741 ι
1481 715 1535 742 Τὸν
1560 715 1693 751 σύντομον
1717 716 1786 750 δηλοί

151 762 258 788 tinuum
282 768 394 788 cursum
421 761 557 795 signiﬁcat
578 761 663 789 dictio
683 760 840 794 Extendor,
866 768 887 788 an

1050 770 1099 796 μον
1114 761 1156 794 τὸ,
1171 761 1407 797 ἐπεκτεινόμενος,
1429 760 1496 788 ὡσεὶ
1513 758 1600 787 εἶπενσ
1617 762 1679 788 Ἔτι
1695 762 1786 797 ἔχομαι

151 808 270 836 dixisset
292 817 299 836 :
317 807 415 835 Adhuc
431 808 458 835 in
475 815 556 835 cursu
583 815 655 840 sum,
675 811 804 842 tanquam
826 807 887 834 dist:

1076 807 1188 843 δρόμου,
1203 807 1241 839 ὡς
1259 806 1416 842 ἔμπροσθεν
1431 807 1478 834 καὶ
1495 807 1563 834 πολὺ
1578 807 1732 843 ἀπέχοντος
1744 808 1786 834 τοῦ

153 855 233 888 longe
246 853 352 881 bravio.
371 853 418 881 Ille
432 853 566 889 siquidem
579 854 748 885 extenditur,
764 853 810 888 qui
828 853 888 888 pedi

1054 853 1139 881 ῆεξου.
1169 854 1288 885 Ἐκεῖνος
1312 853 1366 888 γὰρ
1398 854 1595 884 ἐπεκτείνεται,
1621 854 1712 887 ὅστις,
1741 855 1788 880 καὶ

151 900 304 928 etiamnum
330 900 517 932 currentibus,
537 900 593 934 jam
615 906 731 934 corpore
751 899 887 934 prominet

1050 908 1051 918 ι
1074 899 1163 926 ποδῶν
1184 883 1390 935 τρεχέν-τωνίτὸ
1411 899 1504 926 λοιπὸν
1534 883 1696 926 ἐπινένευκε
1705 883 1786 934 γσῶμα

152 953 280 981 scopum,
294 952 320 973 et
335 946 417 981 pedes
434 946 519 973 ferme
540 946 686 974 antevertit
703 945 883 973 inclinatione

1050 955 1066 978 ης
1092 946 1138 972 τὸν
1169 946 1281 978 σκοπὸν,
1297 946 1345 974 καὶ
1364 945 1463 982 μικροῦ
1480 946 1544 977 τοὺς
1563 945 1648 977 πόδας
1666 945 1786 980 προλιμ-

153 991 220 1026 quui
238 992 372 1027 corporis.
395 991 452 1019 Hoc
468 997 557 1020 autem
569 1000 602 1019 ex
623 999 721 1027 magna
745 992 827 1019 animi
852 1000 889 1027 pri

1051 1001 1088 1019 ων
1105 992 1134 1018 ἐν
1153 993 1186 1028 τῇ
1203 992 1338 1019 ἐπικλίσει
1368 992 1415 1019 τοῦ
1429 991 1525 1018 λοιποῦ
1548 991 1689 1026 σώματος.
1708 990 1786 1018 Τοῦτο

153 1037 289 1072 ptitudine
318 1041 345 1064 et
372 1037 478 1065 fervore
500 1038 635 1073 provenit.
665 1048 674 1064 ι
699 1037 778 1066 Juxta
804 1038 889 1073 praelii

1047 1039 1097 1066 ὶπδ
1120 1038 1222 1073 πολλῆς
1244 1038 1350 1073 γίνεται
1375 1038 1529 1074 προθυμίας
1544 1038 1591 1065 καὶ
1606 1037 1783 1073 θερμότητος.

154 1085 261 1119 signum
280 1083 420 1118 insequor.
442 1093 451 1110 ι
469 1083 548 1116 Quod
569 1088 611 1111 est
634 1088 724 1111 autem
744 1083 831 1118 ipsius
847 1091 890 1110 cur

1052 1085 1103 1112 ατέι
1136 1085 1237 1112 σκοπὸν
1271 1085 1373 1112 διώκω.
1388 1095 1397 1110 ι
1415 1085 1463 1117 Ti;
1475 1085 1504 1111 δὲ
1519 1084 1567 1111 τοῦ
1590 1084 1693 1120 δρόμου
1710 1084 1785 1111 αὐτοῦ

155 1129 295 1164 praeﬁxum
313 1129 441 1164 signum?
456 1129 580 1165 Regnum
605 1130 751 1162 cmlorum,
767 1130 840 1165 quod
863 1135 889 1157 et

1052 1131 1117 1163 πότις
1132 1130 1164 1157 'H
1182 1130 1305 1165 βασιλεία
1324 1130 1378 1157 τῶν
1399 1130 1534 1166 οὐρανῶν,
1551 1131 1585 1165 ἢν
1598 1130 1646 1156 καὶ
1665 1129 1785 1165 βραϐεῖον

155 1175 279 1202 bravium
298 1183 346 1203 seu
369 1176 486 1210 palmam
511 1180 604 1203 vocat.
621 1175 748 1211 Seipsum
766 1176 838 1204 enim
862 1176 888 1202 in

1048 1177 1085 1202 εἰ.
1121 1175 1332 1211 Ἐφερμηνεύων
1363 1176 1417 1210 γὰρ
1447 1176 1543 1202 ἑαυτόν
1558 1183 1639 1211 φησι.
1666 1175 1715 1207 Τίς
1734 1175 1784 1201 δὲὰ

154 1225 277 1255 pretans,
296 1221 373 1254 Quod
387 1226 440 1255 est,
458 1222 508 1255 ait,
524 1222 667 1257 praefixum
685 1223 793 1258 signum
811 1223 868 1250 sive
885 1230 890 1249 ε

1051 1222 1120 1256 πός;
1137 1222 1174 1248 Τὸ
1193 1221 1417 1257 βραδεϊον,φησὶ,
1433 1221 1482 1256 τῆς
1497 1221 1554 1248 ἄνω
1565 1221 1702 1256 κλήσεως.
1720 1230 1729 1246 ι
1747 1221 1785 1247 Ἐν

155 1267 226 1300 pus?
238 1267 311 1302 Ipsa,
326 1268 425 1302 inquit,
438 1268 529 1303 palma
542 1275 668 1303 superna:
677 1267 841 1295 vocationis.
867 1277 876 1294 ι

1048 1267 1109 1303 ,στῷ
1132 1266 1231 1303 Ἰησοῦ,
1244 1263 1259 1292 ι’
1273 1267 1342 1293 ὐλα
1357 1266 1397 1301 τῷ
1410 1265 1522 1301 Χριστῷ
1547 1266 1712 1301 ἀνατίθησιν
1736 1274 1744 1282 ν
1761 1267 1784 1292 ὲν

153 1313 292 1340 Christum
318 1312 420 1341 Iesum.
453 1323 461 1340 I
491 1313 589 1343 Omnia
613 1314 724 1342 Christo
745 1315 881 1342 attribuit.

1049 1312 1112 1348 ιστῷ
1141 1313 1207 1348 γὰρ,
1235 1312 1312 1347 φησὶ,
1325 1312 1426 1348 τρέχω.
1440 1312 1522 1338 Ἄνευ
1536 1311 1591 1347 γὰρ
1609 1311 1732 1347 Χριστοῦ
1746 1312 1785 1338 καὶ

154 1359 266 1393 quidem
280 1367 328 1395 per
343 1360 497 1394 Christum,
514 1362 562 1394 ait,
575 1369 668 1388 curro.
682 1361 750 1387 Nam
767 1361 826 1388 sine
837 1361 890 1389 Chr

1080 1359 1188 1386 ἐκείνου
1204 1359 1290 1394 ῥοπῆς
1308 1359 1357 1385 οὐκ
1385 1357 1426 1385 ἔνι
1445 1358 1540 1385 τοῦτον
1559 1358 1658 1386 ἀνύσαι
1674 1358 1720 1385 τὸν
1736 1358 1786 1393 δρό-

156 1405 297 1440 ipsiusque
320 1407 421 1433 auxilio
439 1413 492 1433 non
514 1406 627 1434 daretur
644 1407 716 1433 hunc
734 1407 867 1442 perﬁcere
883 1414 892 1434 ί

603 1415 627 1433 ιι·
644 1407 716 1433 hunc
734 1407 867 1442 perﬁcere
883 1414 947 1434 cur-
1001 1414 1062 1441 μον,
1079 1405 1130 1432 κᾶν
1153 1405 1339 1440 βουληθῶμεν.

156 1459 228 1484 sum,
243 1453 325 1479 etiam
342 1452 364 1480 si
382 1452 526 1480 vellemus.

190 1497 235 1527 lll.
260 1497 302 1530 15,
321 1497 363 1530 16,
387 1497 520 1533 Quotquot
541 1497 631 1533 itaque
649 1498 758 1534 per/ccli
780 1507 884 1530 sumus,
900 1499 926 1525 Iit

1052 1498 1124 1524 Οσοι
1137 1492 1194 1523 οὖν
1212 1494 1331 1523 τέλειον
1351 1495 1440 1522 τοῦτο
1456 1495 1637 1530 φρονοῦμεν,
1664 1494 1715 1521 καὶ
1727 1493 1754 1520 εἶ
1765 1502 1786 1519 τι

155 1544 299 1570 sentiamus
316 1549 361 1570 :et
375 1544 398 1571 si
412 1544 475 1579 quid
492 1544 570 1571 aliter
587 1545 704 1577 sensilia,
721 1545 769 1572 hoc
785 1553 886 1580 quoque

1050 1551 1106 1576 ρως
1131 1543 1278 1577 φρονεῖτε,
1305 1542 1355 1569 καὶ
1371 1542 1459 1569 τοῦτο
1477 1543 1494 1568 ὁ
1505 1542 1577 1574 Θεὸς
1591 1540 1664 1575 ὑμῖν
1678 1541 1786 1568 ἀποκιιε

156 1590 195 1616 bis
209 1590 278 1617 Deus
292 1590 428 1618 reuelabit.
445 1590 567 1617 Attamen
583 1591 616 1618 ad
634 1591 662 1618 id
678 1592 746 1627 quod
762 1592 877 1618 assecuti

1051 1590 1104 1623 ρει.
1118 1589 1204 1622 Πλὴν
1218 1589 1262 1622 el;-
1274 1588 1290 1615 ὃ
1307 1588 1493 1624 ἐφθάσαμεν,
1509 1587 1549 1621 τῷ
1564 1586 1645 1620 αὐτῷ
1658 1586 1787 1622 στοιχεῖν

156 1644 225 1667 mus,
241 1636 331 1662 eadem
348 1637 520 1669 persislamus
536 1637 639 1672 regula,
659 1637 728 1664 idem
738 1637 892 1664 sentiamus.

662 1637 728 1664 idem
738 1637 894 1664 sentiamus.
1001 1635 1117 1666 κανόνι,
1129 1635 1162 1661 τὸ
1177 1633 1251 1661 αὐτὸ
1267 1633 1398 1669 φρονεῖν.

194 1691 204 1707 ι
224 1681 280 1709 floe
295 1683 456 1710 sentiamus.
480 1692 488 1708 ι
503 1683 659 1716 Quidnam?
675 1683 751 1716 Quod
774 1687 900 1718 oporteat
916 1691 930 1710 e

1063 1681 1147 1707 Τοῦτο
1158 1680 1321 1716 φρονοῦμεν.
1333 1689 1342 1706 ι
1370 1680 1408 1706 Τδ
1424 1681 1519 1712 ποῖονς
1538 1680 1598 1706 Ὀτι
1614 1679 1656 1706 δεῖ
1671 1678 1728 1705 τῶν
1746 1678 1789 1714 μὲν

155 1728 267 1762 quidem
284 1735 344 1762 qua:
360 1735 374 1755 a
388 1732 464 1763 tergo
480 1734 545 1757 sunt
557 1729 697 1762 oblivisci,
714 1730 747 1756 ad
762 1737 793 1756 ea
811 1738 876 1757 vero
890 1745 891 1753 η

1053 1737 1090 1754 σω
1121 1726 1361 1758 ἐπιλανθάνεσθαι,
1389 1726 1445 1757 τοῖς
1460 1726 1487 1752 δὲ
1499 1725 1655 1761 ἔμπροσθεν
1670 1724 1789 1752 ἐπεκτεί-

158 1781 171 1799 a
197 1773 287 1800 fronte
308 1777 372 1800 sunt
396 1774 518 1801 extendi.
535 1773 603 1801 Nam
621 1775 673 1802 hoc
696 1774 833 1810 perfectos
849 1775 894 1802 red

1053 1774 1106 1801 θαι.
1135 1772 1221 1800 Τοῦτο
1239 1772 1293 1807 γὰρ
1313 1773 1385 1799 ποιεῖ
1396 1770 1527 1803 τελείους,
1543 1771 1573 1797 τὸ
1584 1770 1711 1806 νομὶζειν
1728 1770 1789 1797 ἀπο-

156 1818 278 1853 cogitare
294 1818 367 1853 quod
384 1819 474 1846 absint
486 1827 501 1847 a
515 1820 615 1854 palma.
633 1829 642 1846 ι
664 1820 695 1847 Ει
711 1820 732 1848 si
748 1820 813 1856 quid
828 1820 892 1848 alite

1053 1820 1142 1847 τεσθαι
1164 1819 1212 1847 τοῦ
1234 1819 1374 1855 βραῦείου.
1392 1827 1401 1844 ι
1413 1818 1469 1844 Καὶ
1487 1818 1514 1844 εἴ
1526 1826 1552 1844 τι
1567 1817 1701 1852 ἐτέρως,ι
1721 1816 1755 1843 Et
1766 1825 1789 1842 τι

158 1863 185 1890 Si
209 1864 275 1899 quid
299 1864 353 1892 alio
379 1865 460 1893 modo
478 1866 597 1893 assecuti
622 1867 698 1900 estis,
724 1871 852 1902 putantes
877 1875 893 1902 q

1052 1875 1117 1900 ρως,
1137 1866 1215 1901 (pq-rt.
1240 1864 1452 1900 κατωρθώσατε,
1476 1864 1518 1890 ὅτι
1543 1863 1593 1890 οὐκ
1610 1863 1787 1889 ἀπολείπεσθε

158 1918 212 1937 non
229 1910 328 1938 absitis
340 1919 353 1937 a
369 1911 470 1946 palma,
486 1912 534 1940 sed
553 1912 626 1939 illam
646 1913 765 1940 assecuti
788 1913 860 1946 sitis,
881 1913 894 1939 Ε

1073 1912 1211 1948 βραδείου,
1233 1911 1290 1938 ἀλλ’
1306 1911 1358 1947 ἤδη
1373 1910 1513 1945 ὲφθάσατε
1526 1910 1604 1941 αὐτὸ,
1617 1910 1632 1935 ὁ
1647 1909 1716 1941 Θεὸς
1732 1909 1788 1944 ὑμῖν

158 1956 235 1982 vobis
251 1957 385 1984 revelabit
403 1957 476 1991 quod
498 1965 553 1985 non
574 1962 648 1985 recte
666 1957 717 1985 hoc
741 1959 874 1986 sentiatis.

1050 1957 1187 1992 ικαλύψει,
1217 1957 1271 1990 ὅτι,
1298 1954 1550 1992 φησὶν,οὐικαλῶς
1561 1954 1635 1981 οὓτω
1657 1955 1786 1990 φρονεῖτε.

157 2001 229 2029 enim
254 2002 291 2030 ita
315 2004 409 2035 sentit,
432 2003 549 2031 efﬁcitur
566 2005 684 2040 segnior.
705 2004 750 2034 Ait
771 2009 873 2037 autem,

1054 2004 1108 2040 γὰρ
1132 2004 1221 2035 οὕτως
1232 2003 1348 2039 φρονῶν⁷
1363 2002 1551 2039 ρᾳθυμότερος
1566 2002 1685 2035 γίνεται.
1700 2000 1737 2027 Τὸ
1763 2000 1786 2026 δὲ

157 2055 279 2082 quoque,
306 2049 539 2082 quemadmodum
565 2054 591 2077 et
613 2051 666 2077 alia
681 2051 782 2077 omnia.
809 2051 893 2085 Siquii

1076 2050 1165 2083 τοῦτο,
1198 2049 1235 2080 ὡς
1253 2050 1300 2076 καὶ
1315 2049 1350 2075 τὰ
1365 2048 1432 2076 ἄλλα
1453 2048 1553 2080 πάντα,
1572 2047 1649 2082 φησι.
1669 2047 1727 2082 Τὴν
1741 2046 1787 2080 γὰρ

159 2094 297 2128 propriam
311 2093 464 2121 doctrinam
483 2094 537 2122 Deo
548 2096 685 2123 attribuit.
703 2105 712 2121 ι
733 2096 859 2123 Attamen
872 2104 895 2124 at

1050 2098 1108 2125 εῐαν
1128 2097 1303 2124 διδασκαλίαν
1318 2095 1358 2132 τῷ
1376 2095 1436 2131 Θεῷ
1450 2095 1604 2130 ἀνατίθηαι.
1624 2104 1633 2120 ι
1647 2094 1722 2129 Πλὴν
1733 2093 1786 2124 sua

158 2139 231 2173 quod
259 2141 375 2167 assecuti
402 2148 508 2169 sumus.
538 2150 547 2167 ι
576 2141 686 2169 Interim
712 2147 803 2170 autem
828 2143 891 2170 dum

1049 2145 1173 2179 idaapev.
1189 2153 1198 2169 ι
1220 2143 1296 2174 Τέως
1315 2143 1354 2174 δὲ.
1371 2142 1464 2177 φησιν,
1490 2142 1519 2168 ὲν
1531 2141 1586 2177 ὅσῳ
1611 2140 1703 2167 έκεῖνο
1728 2141 1785 2167 ἀπο-

160 2185 219 2218 lud,
245 2185 344 2219 inquit,
367 2185 438 2214 Deus
455 2187 566 2220 revelat,
594 2189 621 2215 in
643 2196 771 2216 mensura
797 2194 896 2217 stemus

1048 2190 1137 2217 ιύπτει
1146 2190 1160 2216 ὁ
1170 2189 1246 2221 Θεὸς,
1262 2189 1301 2220 εἱς
1313 2188 1327 2214 ὃ
1341 2188 1499 2223 ἐφθάσαμεν
1513 2187 1612 2223 μέτρον
1626 2187 1675 2214 καὶ
1685 2187 1784 2216 κανόνα.

159 2231 252 2266 regula
267 2232 300 2258 ad
315 2240 394 2267 quam
410 2234 571 2269 pertigimus
589 2243 595 2262 :
617 2235 696 2270 100
717 2236 769 2263 hoc
783 2241 833 2267 est,
851 2244 885 2264 nc

1073 2235 1167 2263 τοῦτον
1190 2235 1310 2270 στῶμεν,
1343 2233 1477 2266 τουτέστι,
1508 2233 1538 2260 τδ
1561 2233 1599 2268 μὴ
1616 2232 1749 2259 ἀπολέσαι
1760 2231 1785 2258 τὰ

159 2282 236 2304 reant
248 2286 308 2313 qum
317 2280 393 2313 prius
407 2286 517 2314 peracta
529 2285 602 2307 sunt.
619 2281 740 2316 Στοιχεῖν
755 2286 845 2309 autem
862 2283 889 2318 (q

1048 2282 1210 2317 aqvucuéva.
1237 2281 1275 2308 Th
1297 2280 1348 2313 δὲ,
1373 2279 1525 2314 στοιχεῖν,
1552 2276 1609 2305 οἷον
1638 2278 1784 2313 ἀρκεῖσθαι,

158 2322 310 2351 Persislcre
332 2326 476 2360 vertimus)
491 2331 533 2354 est
549 2330 707 2354 contentum
722 2336 794 2360 esse,
806 2328 894 2357 obtem

1049 2328 1170 2361 ἷθεσθαι,
1197 2328 1319 2355 ἑστάναι.
1346 2327 1383 2353 Ἦ
1409 2325 1512 2353 κανόνα
1546 2325 1596 2360 τὴν
1623 2325 1716 2351 πίστιν
1743 2333 1785 2358 φη-

160 2376 230 2400 rare.
250 2375 334 2397 stare.
350 2371 401 2398 Aut
423 2365 557 2399 canonem
573 2380 622 2400 seu
637 2374 758 2409 regulam
773 2375 840 2402 dicit
855 2375 896 2402 lid.

1050 2397 1056 2403 .
1092 2376 1199 2410 Ὠσπερ
1221 2373 1275 2409 γὰρ
1304 2374 1350 2400 ἐπὶ
1381 2372 1428 2399 τοῦ
1467 2371 1579 2402 κανόνος
1606 2371 1658 2398 κᾶν
1691 2371 1785 2406 ἀφέλῃς

160 2413 394 2444 Quemadmodum
406 2418 478 2444 enim
489 2418 515 2444 in
528 2419 620 2453 regula
634 2420 691 2447 sive
707 2421 853 2449 abstuleris
867 2429 896 2456 qt

1048 2430 1054 2447 ρ
1083 2420 1206 2456 προσθῇς
1221 2440 1229 2453 ,
1259 2419 1387 2454 ἐλυμήνω
1409 2418 1440 2445 τδ
1459 2418 1515 2444 πᾶν
1535 2437 1543 2450 ,
1568 2416 1641 2443 οὕτω
1673 2417 1721 2442 καὶ
1747 2415 1784 2442 ἐπὶ

161 2460 232 2494 piam
246 2460 303 2488 sive
318 2462 466 2495 addideris,
484 2468 570 2491 totum
585 2466 741 2500 perdidisti,
754 2467 790 2493 ita
803 2472 829 2494 et
841 2468 869 2494 in
885 2468 897 2494 ﬁ

1049 2477 1052 2497 :
1077 2467 1207 2499 πίστεως,
1233 2481 1268 2486 -—
1305 2463 1405 2502 [ΦΩΤ.]
1428 2464 1524 2496 Τέως,
1548 2462 1653 2497 φησιν,
1682 2462 1734 2494 ἕως
1760 2461 1785 2488 ἂν

159 2504 330 2537 —-lnterim,
356 2507 454 2542 inquit,
477 2508 565 2536 donec
588 2511 664 2538 vobis
682 2512 823 2540 veritatem
847 2520 892 2540 rev

1047 2514 1068 2539 ῐν
1098 2512 1262 2548 ἀποκαλύψῃ
1284 2511 1315 2538 τδ
1342 2511 1452 2546 ἀληθὲς,
1484 2510 1498 2537 δ
1519 2509 1730 2545 κατελάϐομεν,
1755 2509 1783 2544 μὴ

160 2550 240 2582 verit,
255 2550 327 2585 quod
341 2553 460 2580 assucuti
479 2561 575 2581 sumus
591 2563 624 2582 ne
635 2556 793 2590 perdamus.
806 2555 893 2589 Quom

1048 2559 1192 2594 ολέσωμεν.
1215 2557 1417 2584 ’Λπόλλυταιδὲ
1431 2556 1505 2590 πῶς;
1533 2557 1583 2582 Ἂν
1609 2555 1784 2591 ἀμελήσωμεν

160 2599 251 2622 autem
268 2597 410 2630 perditur?
427 2598 455 2626 Si
469 2600 636 2637 negligentes
651 2601 748 2636 effecti,
763 2609 777 2629 a
795 2603 896 2637 priori:

1046 2604 1202 2640 ςπροτέρας
1231 2603 1348 2638 σπουδῆς
1365 2602 1471 2630 καὶτοῦ
1484 2602 1586 2638 δρόμου
1603 2600 1782 2637 παρατραπῶ-

161 2641 206 2667 dio
222 2646 248 2668 et
263 2650 345 2670 cursu
357 2644 544 2680 discedamus,
563 2647 612 2676 sed
626 2653 734 2684 oportet
750 2649 844 2676 eadem
857 2657 897 2684 reg

1046 2661 1065 2680 ν.
1086 2651 1167 2678 Ἀλλὰ
1196 2650 1237 2677 δεῖ
1250 2649 1289 2685 τῷ
1302 2649 1378 2685 αὗτῷ
1400 2649 1493 2676 κανόνι
1517 2648 1645 2684 στοιχεῖν,
1661 2647 1782 2677 τουτέστι,

160 2686 299 2721 incedere,
319 2689 372 2717 hoc
391 2695 443 2724 est,
456 2692 528 2719 idem
541 2699 680 2721 certamen
697 2702 872 2726 conservare.
886 2703 896 2722 ε

1047 2708 1050 2719 ι
1064 2698 1145 2724 αὐτὸν
1159 2696 1252 2731 ἀγῶνα
1267 2696 1420 2730 συντηρεῖν,
1437 2694 1483 2721 τὸν
1495 2694 1576 2720 αὐτὸν
1591 2692 1783 2720 ἐπιδείκνυσθαι

161 2732 222 2758 dem
235 2733 365 2762 exhibere
382 2743 481 2768 mores,
499 2737 569 2764 idem
585 2745 681 2772 sapere
700 2744 727 2766 et
742 2740 814 2768 circa
835 2748 897 2768 com

1046 2743 1115 2774 Ξπον,
1131 2742 1162 2769 τὺ
1186 2742 1252 2769 αὐτὸ
1282 2742 1409 2776 φρονεῖν,
1431 2739 1496 2774 περί
1513 2748 1542 2765 τε
1563 2740 1615 2774 τῆς
1643 2738 1782 2768 πολιτείας,

163 2777 295 2804 sationem
320 2785 345 2806 et
366 2782 437 2809 circa
459 2783 596 2817 dogmata.
618 2784 852 2817 Quemadmodum
878 2795 899 2816 ci

1046 2788 1070 2825 ρί
1084 2797 1114 2815 τε
1127 2788 1180 2816 τῶν
1199 2787 1352 2823 δογμάτων,
1387 2786 1495 2822 Ὥσπερ
1518 2784 1573 2820 γὰρ
1590 2784 1604 2811 ὅ
1623 2793 1651 2812 τι
1673 2784 1726 2812 τῶν
1751 2784 1782 2810 δο-

213 2870 235 2886 ¹’⁸
255 2869 262 2895 l
284 2870 348 2897 Cor.
367 2878 405 2904 Ix,
425 2871 469 2900 26.
509 2874 530 2889 "
553 2873 620 2902 ibid.
