1864 3048
83 168 94 200 1
101 169 162 201 309

575 167 771 199 COMMENT.
791 168 831 198 IN
848 169 968 198 Ei’lST.
989 169 1039 199 AD
1054 169 1197 200 PHILIP.

1640 169 1712 201 1310

83 227 206 260 γμάτων
220 226 379 257 ἀλλοιώσας,
393 225 501 251 ἅπαντα
519 224 651 251 κατέλυσε
668 225 714 250 καὶ
725 225 758 250 τὰ
770 224 874 259 ἐμπρο-

966 225 1010 259 qui
1026 225 1129 259 aliquid
1140 225 1298 259 dogmarum
1312 224 1477 257 immutavit,
1494 225 1575 252 etiam
1589 227 1713 254 universa

80 274 164 302 σθεν,
179 271 250 298 οὕτω
273 271 320 297 καὶ
334 270 383 305 τῆς
404 269 543 302 πολιτείας
559 269 573 296 ὅ
587 278 612 296 τι
631 269 813 304 μεταθέμενος
827 269 874 296 καὶ

79 316 222 350 maneat;
250 316 297 341 καὶ
314 315 353 353 μὴ
381 315 429 350 τὴν
447 315 533 350 αὐτὴν
553 315 695 349 φυλάττων
720 315 873 350 ἀκρίϐειαν,

81 362 133 388 καὶ
154 362 191 388 τὰ
211 361 382 396 προλαϐόντα
406 361 568 396 ἐλυμήνατο.
588 360 654 388 Εἶτα
682 362 725 389 ἵνα
752 362 790 396 μὴ
811 362 874 398 δόξῃ

80 407 312 442 δυσκατόρθωτον
327 406 375 434 καὶ
387 406 515 433 δύσκολον
543 407 708 438 ἐπιτάττειν,
723 407 754 434 τὸ
765 407 798 434 δι’
813 408 874 435 ὅλου

80 451 131 478 τοῦ
154 452 213 487 βίου
229 453 339 488 ἀρεταῖς
352 452 399 479 καὶ
410 452 535 488 εὐσεϐείᾳ
545 453 751 486 συνασκεῖσθαι,
765 454 873 487 ἐπάγει.

80 497 214 533 Μιμηταί
229 507 281 531 μου
289 498 407 532 γίνεσθε.
431 498 553 533 Ῥᾷστον,
567 499 660 534 φησιν,
685 499 760 526 οὐδὲν
777 499 874 526 ἀδύνα⁸

79 554 130 572 τον
147 545 267 578 ἀπαιτῶ,
290 545 433 586 ἄνθρῳπος
445 544 522 579 κάγὼ
541 545 721 580 ὁμοιοπαθὴς,
738 545 776 577 ὡς
790 546 873 581 ὁρᾶτέ

82 599 133 625 με,
148 590 223 616 οὕτω
245 591 292 616 καὶ
307 590 384 616 αὐτοὶ
410 589 590 624 ἀγωνίζεσθε.
605 589 651 624 Τῷ
667 589 741 624 αύτῷ
758 591 875 624 στοιχεῖν

81 638 194 663 κανόνι.
219 635 256 662 Τὸ
284 635 384 671 χωρίον
411 635 530 670 τοῦτο,ἢ
561 635 719 670 προτροπῆς
747 635 832 668 ἐστιν,
858 635 875 669 ἢ

81 682 183 716 εὐχῆς.
218 682 288 708 Ἀλλ’
306 682 330 708 εί
345 681 394 716 μὲν
424 683 591 716 προτροπῆς,
619 681 750 708 λείπειτὸ
764 681 814 708 δεῖ.
832 682 877 707 Δεῖ

80 727 161 760 ὑμᾶς
177 726 312 760 στοιχεῖν
324 726 364 758 τῷ
379 726 459 758 αὐτῷ
472 726 588 758 κανόνι,
601 727 634 753 τὸ
648 726 721 753 αὐτὸ
742 726 874 761 φρονεῖν.

82 773 115 798 Εἰ
132 772 256 806 ὀφείλετε
282 773 398 806 στοιχεῖν
412 771 450 807 τῷ
465 771 538 807 αὐτῷ
567 772 669 801 κανόνι,
701 771 823 806 ὀφείλετε
847 771 876 798 τὸ

82 819 157 845 αὐτὸ
183 819 302 853 φρονεῖν.
329 818 360 844 Εί
381 817 409 844 δὲ
432 817 510 852 εὐχὴ,
526 817 579 844 ἀπὸ
601 817 690 844 κοινοῦ
705 817 875 852 ληφθήσεται

81 862 331 897 τὸ,ἀποκαλύψει⁹,
363 858 425 888 Οῐον
456 861 626 897 ἀποκαλύψει
653 862 717 897 ὑμῖν
747 861 785 896 τῷ
800 861 876 897 αὐτῷ

927 270 1108 304 prmcedeutia
1125 270 1251 298 dissolvit
1271 279 1277 297 :
1293 271 1330 296 ita
1355 275 1382 298 et
1402 271 1428 297 in
1441 271 1652 299 conversatione
1667 273 1713 307 qui

926 315 1028 350 aliquid
1043 320 1232 350 transgressus
1245 321 1272 342 et
1287 316 1480 351 pravaricatus
1498 321 1551 349 est,
1570 325 1624 345 non
1640 325 1716 345 eatu-

925 360 987 388 dem
1019 362 1192 389 observando
1216 361 1405 396 diligentiam,
1429 363 1511 389 etiam
1535 365 1715 398 prmcedentia

926 407 1060 442 corrupit.
1086 406 1188 434 Deinde
1210 415 1244 434 ue
1266 415 1322 434 rem
1351 407 1485 435 difﬁcilem
1509 415 1536 436 et
1564 417 1625 444 quae
1645 417 1717 443 aegre

927 452 1018 487 perﬁci
1046 453 1133 487 possit
1158 453 1284 480 videnlur
1312 453 1471 488 praecipere,
1496 461 1592 489 nempe
1616 459 1645 481 ut
1662 460 1716 481 tota

926 499 981 525 vita
995 503 1175 526 exerceantur
1188 500 1214 526 iu
1227 499 1374 528 virtutibus
1387 505 1414 526 et
1426 500 1540 535 pietate,
1554 501 1714 535 subiungit:

927 543 1081 570 lmitatores
1094 544 1147 571 mei
1164 548 1263 571 estote.
1278 544 1357 577 Quod
1373 544 1531 572 facillimum
1548 550 1599 578 est,
1617 546 1715 579 inquit,

926 591 1017 624 exigo,
1040 590 1162 625 nihilque
1177 590 1358 625 impossibile.
1374 598 1437 619 cum
1462 596 1488 618 et
1502 599 1552 625 ego
1568 591 1648 618 homo
1663 591 1715 618 sim

927 635 1054 663 similiter
1067 635 1212 663 aﬂ'ectibus
1234 636 1383 664 obnoxius.
1408 636 1642 669 Quemadmodum
1657 644 1716 663 cer-

928 686 1027 708 tantem
1039 689 1082 708 me
1091 681 1201 714 videtis,
1218 682 1254 708 ita
1265 686 1290 709 et
1302 682 1352 717 ipsi
1369 687 1482 710 certate.
1502 683 1547 709 Τῶ
1558 682 1632 718 αὐτῴ
1646 691 1716 709 στοι-

927 727 985 761 χεῖν
1000 727 1104 759 κανόνι,
1119 727 1149 752 τὸ
1166 727 1232 753 αὐτὸ
1245 729 1363 762 φρονεῖν.
1381 728 1480 755 Eadem
1499 729 1647 763 persistere
1665 736 1708 755 re-

927 772 1000 807 gula,
1031 771 1101 799 idem
1132 774 1245 800 sentire.
1268 773 1331 808 (Pro
1359 781 1413 809 quo
1437 774 1586 807 vertimus,
1614 774 1715 801 Eadem

928 818 1109 852 persistamus
1123 819 1228 854 regula,
1239 819 1309 846 idem
1320 819 1496 853 sentiamus.)
1511 819 1571 846 llaec
1582 819 1715 853 particula

928 869 976 891 aut
1002 865 1204 892 exhortationis
1230 870 1271 892 est
1293 869 1339 892 aut
1364 865 1533 900 precationis
1552 873 1559 891 τ
1576 873 1669 892 verum
1693 864 1716 891 si

82 911 184 936 κανόνι
208 910 336 944 στοιχεῖν,
361 909 408 935 καὶ
425 908 499 943 ἑξῆς.
516 906 577 935 Οἵδε
592 908 644 942 γὰρ
659 909 723 935 ἄνευ
736 909 784 944 τῆς
799 907 874 939 θείας

964 911 1128 938 hortationis
1150 911 1196 943 sit,
1218 911 1310 937 delicit
1334 910 1459 946 Oportet.
1479 910 1604 945 Oportet,
1618 911 1718 945 inquit,

83 957 176 991 ῥοπῆς
191 976 199 988 ,
228 956 311 991 μηδὲν
344 955 577 990 κατορθούμενον.
602 954 639 982 Τδ
665 955 730 981 αὐτὸ
755 956 874 990 φρονεῖν,

83 1003 182 1037 φησιν,
198 1002 237 1034 είς
252 1001 266 1028 ὖ
281 1001 439 1036 ἐφθάσαμεν
451 1001 480 1028 ἐν
500 1001 532 1036 τῇ
549 1000 649 1033 πίστει,
678 1000 715 1036 μὴ
734 1000 824 1032 πλέον,
838 1000 876 1036 μὴ

83 1046 210 1074 ἔλαττον.

926 964 975 983 vns
989 956 1084 983 eadem
1103 957 1252 991 persistere
1269 957 1374 990 regula,
1391 956 1461 983 idem
1486 956 1588 983 sentire
1605 965 1611 982 :
1632 957 1653 983 si
1672 964 1718 982 ca—

927 1001 988 1028 dem
1005 1001 1110 1029 debetis
1124 1003 1272 1037 persistere
1283 1002 1385 1037 regula,
1401 1002 1506 1030 debetis
1516 1001 1587 1028 idem
1600 1002 1716 1028 sentire.

929 1047 957 1074 Si
975 1055 1039 1074 vero
1056 1048 1176 1082 precatio
1197 1052 1248 1079 est,
1276 1052 1401 1075 sumetur
1427 1055 1441 1074 a
1464 1047 1602 1075 communi
1630 1054 1715 1075 sensu

83 1093 242 1125 Rerelabit,
258 1097 288 1120 ut
301 1091 338 1120 sit
352 1098 449 1119 sensus
465 1099 473 1118 :
490 1091 632 1118 Revelabit
652 1090 771 1118 vobisut
794 1091 889 1119 eadem
910 1093 1004 1128 regula
1035 1094 1202 1128 persistatis,
1227 1099 1257 1122 ut
1276 1095 1347 1122 idem
1366 1095 1505 1122 sentiatis.
1529 1094 1609 1121 Novit
1643 1094 1716 1120 enim

84 1141 156 1169 nihil
172 1140 279 1175 absque
298 1139 392 1167 divino
414 1138 510 1174 perﬁci
528 1137 643 1165 auxilio.
664 1136 750 1170 Idem,
773 1137 874 1173 inquit,
894 1140 998 1167 sentire
1013 1141 1040 1167 in
1052 1148 1085 1168 co
1099 1141 1171 1176 quod
1184 1141 1211 1168 in
1224 1141 1277 1169 [ide
1289 1141 1409 1169 assecuti
1424 1149 1530 1173 sumus,
1559 1149 1612 1168 non
1644 1141 1714 1178 plus,

84 1196 143 1216 non
157 1188 258 1214 minus.

123 1234 312 1270 Συμμιμηταί
330 1242 389 1268 μου
410 1233 540 1268 γίνεσθε,
571 1233 710 1268 ἀδελφοὶ,
731 1234 779 1260 καὶ
803 1240 873 1261 σκο-

85 1282 172 1310 πεῖτε
195 1281 266 1314 τοὺς
284 1279 378 1312 οὕτως
399 1279 648 1313 περιπατοῦντας,
671 1279 768 1311 καθὼς
790 1279 875 1312 ἔχετε

85 1330 188 1356 τύπον
213 1326 302 1361 ἡμᾶς.
330 1325 441 1353 Πολλοὶ
465 1325 520 1360 γὰρ
554 1324 791 1359 περιπατοῦσιν,
822 1324 876 1357 οὓς

87 1373 240 1406 πολλάκις
255 1372 363 1407 ἔλεγον
377 1371 458 1406 ὑμῖν.
475 1370 538 1398 Νῦν
553 1370 587 1397 δὲ
599 1370 647 1397 καί
659 1370 771 1397 κλαίων
787 1368 874 1404 λέγω,

87 1421 164 1454 τοὺς
194 1418 321 1453 ἐχθροὺς
333 1416 387 1444 τοῦ
418 1416 552 1451 σταυροῦ
570 1416 623 1444 τοῦ
633 1415 773 1450 Χριστοῦ,
787 1412 830 1442 ὧν
844 1415 878 1442 τὸ

87 1468 180 1499 τέλος
194 1465 339 1496 ἀπώλεια,
351 1460 394 1491 ὧν
409 1464 425 1491 ὁ
441 1463 515 1495 Θεὸς
535 1463 553 1496 ἡ
567 1463 676 1493 κοιλία,
703 1462 752 1488 καὶ
768 1462 788 1495 ἠ
802 1461 878 1493 δόξα

88 1514 126 1540 ἐν
140 1511 179 1546 τῇ
201 1511 335 1545 αίσχύνῃ
363 1508 473 1542 αὐτῶν,
497 1510 524 1535 ot
540 1509 576 1535 τὰ
592 1508 708 1542 ἐπίγεια
734 1507 880 1542 φρονοῦν-

88 1569 142 1591 τες

131 1585 337 1638 ἵΣυμμιμηταί
357 1610 408 1637 μου
422 1600 557 1635 γίνεσθε.1
572 1600 608 1627 Οὺ
620 1599 674 1634 γὰρ
684 1599 727 1626 διὰ
735 1599 820 1633 λόγων
830 1599 880 1633 p.6-

961 1233 1005 1264 lll,
1018 1234 1104 1261 17-19.
1114 1234 1266 1261 Imitatores
1276 1235 1326 1261 mei
1340 1238 1432 1266 estote,
1444 1234 1554 1268 fratres,
1563 1239 1586 1260 et
1599 1233 1717 1260 conside-

925 1286 983 1307 rate
991 1288 1034 1307 eos
1050 1281 1095 1315 qui
1104 1280 1143 1307 sic
1155 1279 1303 1313 untbnlant,
1319 1280 1539 1314 quemadmodum
1555 1279 1658 1306 habetis
1671 1287 1718 1306 nos

926 1335 974 1360 pro
990 1331 1062 1361 typo.
1080 1326 1152 1352 Nunt
1172 1327 1320 1360 complures
1341 1327 1477 1353 ambulant
1494 1326 1525 1352 de
1541 1325 1634 1360 quibus
1651 1332 1719 1359 δεῖρε

926 1373 984 1400 dixi
1000 1372 1071 1400 vobis
1087 1380 1096 1400 .'
1113 1381 1182 1399 nunc
1199 1377 1285 1399 autem
1302 1377 1326 1399 et
1343 1372 1407 1406 [lens
1419 1372 1478 1399 dico
1495 1379 1504 1398 :
1520 1372 1642 1398 inimicos
1659 1378 1720 1396 cru-

928 1419 967 1446 cis
981 1418 1091 1450 Christi,
1107 1426 1219 1452 quorum
1240 1418 1300 1451 ﬁnis
1317 1418 1430 1451 perditio
1446 1422 1497 1448 est,
1516 1425 1628 1451 quorum
1649 1415 1719 1442 Deus

929 1470 1017 1492 venter
1026 1469 1075 1497 est,
1090 1469 1114 1491 et
1125 1464 1212 1499 gloria
1224 1464 1250 1490 in
1263 1464 1388 1491 dedecore
1401 1464 1517 1498 ipsorum
1531 1463 1575 1498 qui
1586 1462 1721 1489 terrestria

929 1515 1034 1537 curant.

968 1598 1059 1633 101a
1073 1598 1225 1625 Imitaturcs
1234 1598 1287 1625 mei
1297 1601 1394 1625 estote.
1407 1606 1418 1622 1
1432 1596 1525 1631 Neque
1532 1596 1603 1623 enim
1612 1595 1722 1622 divinus

89 1661 136 1678 νον
164 1637 303 1676 ἐδίδασκεν
319 1649 333 1675 ὁ
346 1648 479 1683 μακάριος
490 1644 579 1679 οὗτος,
594 1646 660 1673 ἀλλὰ
674 1646 721 1672 καὶ
737 1647 765 1672 ὲν
776 1645 876 1681 ἔργοις,

965 1651 980 1670 c
995 1644 1037 1670 ν11
1045 1643 1112 1672 solis
1128 1643 1245 1670 docebat
1261 1642 1444 1675 sermonibus,
1459 1642 1505 1669 sed
1520 1645 1547 1669 et
1566 1649 1615 1675 pro
1627 1649 1720 1668 exem-

90 1699 179 1730 τύπος
196 1696 284 1724 αὐτῶν
298 1695 410 1729 ἐγίνετο.
444 1703 453 1718 1
472 1693 528 1720 Καὶ
555 1693 691 1719 σκοπεῖτε.
711 1701 721 1717 1
748 1692 820 1718 ’Λνω
836 1691 885 1726 μὲν

91 1746 183 1779 ἔλεγε,
200 1743 318 1770 Βλέπετε
333 1739 398 1769 τοὺς
414 1739 498 1770 κύνας
515 1738 635 1770 καὶτοὺς
646 1737 885 1772 κακοὺςὲργάτας,

89 1793 156 1823 τοὺς
167 1790 208 1817 ἔτι
222 1788 269 1815 καὶ
291 1787 359 1823 μετὰ
384 1785 433 1821 τὴν
445 1786 537 1812 πίστιν
556 1785 762 1816 ⁸1ουδαῒζοντας.
774 1783 830 1810 Νῦν
845 1783 884 1815 δὲ,

92 1835 188 1870 κοινὴν
197 1834 289 1864 αὐτοῖς
297 1832 387 1858 δίδωσι
400 1831 600 1865 παρατήρησιν,
608 1829 652 1855 ἴνα
666 1829 782 1861 τούτοις,
791 1828 884 1863 φησὶν,

92 1878 298 1915 ἀναμίῨνυσθε,
329 1873 384 1903 οἷον
405 1875 492 1902 τύπον
517 1875 630 1909 φέρουσι
645 1875 695 1910 τῆς
717 1874 788 1909 ἐμῆς
817 1873 886 1908 πρὸς

93 1928 170 1962 ὑμᾶς
183 1923 365 1959 ἀναστροφῆς.
378 1938 411 1943 -
425 1932 434 1948 ι
445 1921 515 1950 Τοὺς
529 1920 616 1952 οὕτως
629 1920 857 1955 περιπατοῦντας.
873 1929 883 1945 1

95 1971 364 2010 [ΦΩΤ.]Περιπατεῐν
378 1967 617 2003 ἑνταῠθα,τὸβιοῦν
630 1966 678 1994 καὶ
698 1965 887 1993 πολιτεύεσθαι

93 2019 230 2055 λαμϐάνει
261 2015 364 2047 ἁπλῶς,
388 2014 511 2048 Ἐπειδὴ,
538 2013 616 2048 φησὶ,
643 2012 737 2039 πολλοὶ
762 2020 886 2047 περιπα-

93 2065 200 2096 τοῦσιν,
233 2063 273 2094 είς
304 2061 439 2096 διάκρισιν
459 2058 515 2086 τῶν
549 2058 637 2094 ὀρθῶς
650 2057 886 2093 περιπατούντων,

94 2111 144 2138 καὶ
162 2108 200 2144 μὴ
231 2107 357 2134 σκοπεῖτε
366 2105 439 2135 τίνες
449 2102 633 2138 περιπατοῦσι
646 2102 717 2129 κατὰ
731 2102 776 2128 τὸν
786 2101 885 2132 τύπον,

93 2157 125 2184 ὃν
149 2153 394 2190 περιεπατήσαμεν
423 2150 523 2185 ἡμεῖς,
565 2148 613 2175 καὶ
642 2147 748 2178 τούτοις
774 2147 885 2173 ἕπεσθε.

97 2213 107 2229 1
123 2200 219 2228 Πολλοὶ
247 2199 300 2233 γὰρ
324 2195 515 2232 περιπατοῦσι.
533 2204 542 2220 1
571 2193 685 2224 Κακῶς,
704 2192 797 2228 φησὶν,
817 2192 889 2226 ἤπερ

95 2246 162 2281 ἐγώ.
188 2255 197 2272 ι
209 2244 265 2272 Νῦν
276 2243 304 2270 δὲ
316 2242 364 2269 καὶ
375 2240 475 2268 κλαίων
486 2240 569 2274 λέγω.
584 2248 593 2264 1
616 2239 686 2274 Ὅρα
699 2238 732 2264 τὰ
746 2237 889 2272 σπλάγχνα

97 2295 218 2324 Παύλου,
245 2292 292 2319 ἐπὶ
307 2291 363 2321 τοῖς
385 2290 486 2324 ἐτέρων
504 2287 632 2314 κλαίοντα
649 2287 754 2316 κακοῖς.
779 2285 889 2318 Ἐπειδὴ

96 2342 153 2376 γὰρ
185 2339 275 2369 αὐτοῖς
300 2337 422 2364 ἐπέτεινε
451 2334 483 2361 τὸ
506 2333 624 2368 νόσημα,
651 2332 748 2358 πενθεῖ
776 2331 885 2362 αὐτούς.

99 2398 109 2414 ‹
123 2386 195 2416 Τοὺς
210 2383 325 2420 ἐχθροὺς
347 2382 393 2409 τοῦ
407 2379 524 2415 σταυροῦ
539 2378 586 2406 τοῦ
600 2377 727 2414 Χριστοῦ.
748 2387 756 2402 1
789 2376 887 2407 Ποίους

96 2433 211 2463 τούτους
252 2429 374 2459 κελεύεις
395 2428 470 2463 ἡμᾶς
500 2424 780 2460 παραφυλάττεσθαις
817 2423 887 2455 Τοὺς

98 2478 225 2514 ἐχθροὺς,
250 2475 327 2510 φησὶ,
356 2473 403 2500 τοῦ
425 2470 543 2506 σταυροῦ
569 2470 616 2496 τοῦ
648 2468 779 2505 Χριστοῦ.
796 2467 886 2495 ἾΙσαν

98 2525 155 2560 γάρ
185 2531 259 2553 τινες
284 2519 443 2556 Χριστιανοὶ
475 2518 522 2553 μὲν
541 2516 633 2551 δῆθεν,
650 2517 680 2542 ὲν
700 2517 788 2551 τρυφῇ
802 2516 830 2542 δὲ
843 2515 890 2542 καὶ

100 2571 193 2599 ἀνέσει
225 2568 336 2601 ζῶντες,
358 2565 404 2597 οὓς
428 2563 540 2599 ἐχθροὺς
570 2560 618 2588 τοῦ
642 2560 761 2596 σταυροῦ
792 2569 887 2596 φησιν.

107 2616 234 2645 Ἐναντία
256 2615 310 2649 γὰρ
340 2611 415 2646 αύτῷ
431 2610 598 2646 πράττουσιν
615 2615 621 2622 ·
640 2608 654 2633 ὁ
671 2607 719 2641 μὲν
736 2607 790 2642 γὰρ
801 2607 890 2642 ψυχῆς

100 2665 187 2691 δεῖται
213 2661 344 2695 γενναίας
362 2680 369 2691 ,
400 2653 645 2693 παρατεταγμένης
674 2653 714 2684 είς
740 2653 890 2686 κινδύνους,

101 2711 150 2738 καὶ
183 2708 355 2744 μιμουμένης
384 2705 430 2732 τὸν
459 2703 524 2730 ἴδιον
539 2700 689 2735 Δεσπότην,
712 2700 736 2726 οἱ
751 2698 779 2725 δὲ
793 2699 892 2733 γαστρὶ

102 2750 371 2785 δουλεύουσινΑὮν
393 2750 511 2780 τὸτέλος
546 2747 679 2775 ἀπώλεια.
704 2755 714 2771 1
741 2745 840 2776 καλῶς
863 2746 893 2771 τὸ

102 2804 180 2834 τέλος
203 2799 280 2829 εἶπεν
306 2798 445 2827 ἀπώλειαν
462 2817 469 2829 ,
496 2795 543 2822 ἐὰν
568 2793 632 2827 ἄχρι
659 2791 754 2822 τέλους
781 2791 894 2825 μείνωσι

103 2849 229 2877 τοιοῦτοι.
261 2847 342 2878 Εἰκὸς
360 2844 415 2880 γὰρ
439 2841 473 2878 ἦν
500 2841 546 2868 καὶ
573 2837 784 2874 μεταῦληθῆναι.
811 2847 820 2862 1
838 2834 889 2863 Ὧν

105 2896 118 2922 ὁ
136 2895 195 2927 θεὸς
219 2895 235 2930 ὴ
256 2893 354 2920 κοιλία.
375 2900 384 2916 1
409 2889 453 2921 Ὠς
468 2886 596 2921 δεσποίνῃ
618 2883 682 2919 γὰρ,
701 2882 800 2918 μᾶλλον
814 2883 841 2910 δὲ
853 2883 890 2915 ὡς

937 1689 1006 1724 pleri
1026 1690 1093 1724 ipsis
1115 1689 1320 1724 proponebatur
1336 1689 1363 1716 in
1384 1688 1526 1723 operibus,
1550 1697 1560 1713 1
1580 1687 1610 1714 Et
1627 1687 1720 1714 consi-

936 1735 1042 1762 derate.
1072 1743 1081 1760 1
1110 1734 1140 1761 111
1165 1735 1355 1769 superioribus
1386 1734 1496 1768 quidem
1520 1733 1599 1765 dixit,
1628 1732 1722 1759 Videte

936 1788 1030 1812 canes,
1059 1780 1150 1808 videte
1180 1780 1268 1807 malos
1287 1779 1454 1814 operarios:
1473 1786 1572 1814 nempe
1597 1786 1645 1805 eos
1671 1778 1719 1813 qui

937 1831 1000 1862 post
1018 1831 1174 1862 susceptam
1190 1826 1270 1854 ﬁdem
1285 1826 1375 1853 adhuc
1390 1825 1564 1853 Judaismum
1580 1824 1724 1852 sec-taban-

939 1878 993 1900 tur.
1020 1873 1098 1900 Nunc
1116 1878 1208 1900 autem
1235 1879 1410 1900 communem
1430 1872 1477 1898 dat
1499 1872 1538 1898 eis
1554 1870 1722 1898 observatio-

939 1926 1023 1946 nem:
1039 1923 1069 1945 ut
1087 1918 1153 1950 illis,
1179 1918 1278 1952 inquit,
1291 1917 1537 1951 fcommisceamiui
1563 1917 1608 1950 qui
1633 1921 1724 1950 typum

939 1969 1036 2000 gerunt
1051 1971 1117 1991 mere
1135 1963 1205 1998 apud
1224 1970 1271 1990 vos
1286 1962 1513 1989 conversationis.
1527 1971 1536 1987 1
1555 1961 1608 1988 Eos
1624 1961 1669 1995 qui
1685 1960 1725 1987 sic

939 2009 1090 2036 ambulant.
1110 2017 1120 2034 1
1143 2008 1293 2035 Ambulare
1320 2007 1406 2035 sumit
1429 2007 1472 2033 hic
1496 2006 1659 2040 simpliciter
1678 2011 1726 2040 pro

938 2055 1031 2082 vivere
1043 2058 1070 2082 et
1084 2053 1255 2081 conversari.
1270 2052 1511 2088 Quandoquidem,
1529 2051 1631 2086 inquit,
1645 2051 1724 2077 multi

939 2100 1081 2127 ambulant
1099 2109 1106 2127 :
1123 2100 1157 2127 ad
1173 2098 1420 2127 internoscendum
1437 2098 1550 2133 quinam
1570 2101 1644 2124 recte
1664 2104 1723 2122 am-

939 2147 1047 2178 bulant,
1063 2151 1090 2174 et
1105 2147 1151 2181 qui
1167 2154 1234 2178 non,
1247 2147 1422 2173 considerate
1433 2145 1480 2179 qui
1494 2143 1635 2170 ambulent
1649 2143 1727 2176 juxta

940 2193 1053 2228 vestigia
1067 2197 1094 2220 et
1106 2197 1198 2228 typum
1215 2199 1270 2226 quo
1287 2199 1336 2218 nos
1350 2190 1553 2218 ambulavimus
1567 2193 1594 2216 et
1613 2195 1661 2215 eos
1683 2195 1727 2214 se-

942 2239 1070 2275 quimini.
1092 2248 1101 2264 1
1119 2238 1186 2265 Nam
1204 2237 1360 2272 complures
1384 2236 1537 2262 ambulant.
1557 2246 1566 2261 1
1583 2234 1660 2264 Male,
1687 2233 1733 2259 in-

942 2286 1014 2320 quit,
1028 2290 1056 2313 et
1077 2284 1157 2312 aliter
1172 2291 1254 2319 quam
1280 2291 1339 2318 ego.
1358 2292 1367 2308 ι
1387 2282 1467 2309 Nunc
1500 2286 1591 2308 autem
1609 2284 1636 2307 et
1660 2279 1733 2306 liens-

942 2332 1014 2359 dico.
1041 2341 1050 2358 1
1067 2330 1264 2358 Animadverte
1281 2329 1357 2355 Pauli
1374 2329 1479 2355 viscera
1498 2326 1543 2362 qui
1560 2327 1595 2353 ob
1611 2327 1732 2352 aliorum

944 2378 1143 2412 ploraterrata.
1158 2374 1300 2409 Siquidem
1316 2373 1380 2409 quia
1401 2372 1515 2399 morbus
1530 2370 1598 2405 ipsis
1618 2374 1730 2404 proten~

943 2423 1066 2455 debatnr,
1091 2422 1164 2456 luget
1184 2421 1271 2454 ipsos.
1302 2429 1311 2445 I
1331 2418 1458 2446 Inimicos
1475 2417 1567 2444 crucis
1585 2416 1698 2443 Christi.
1717 2423 1728 2440 1

943 2467 1058 2501 Quinam
1072 2472 1136 2494 sunt
1147 2467 1248 2501 hiquos
1259 2467 1341 2500 jubes
1354 2472 1403 2492 nos
1413 2463 1580 2492 observare?
1590 2461 1728 2493 Inimicus,

941 2515 990 2547 ait,
1017 2513 1109 2541 crucis
1123 2512 1240 2540 Christi.
1268 2512 1352 2539 Erant
1374 2511 1447 2538 enim
1467 2510 1577 2544 quidam
1597 2513 1728 2541 tanquam

943 2568 1009 2588 sane
1023 2559 1187 2591 Christiani,
1206 2558 1254 2594 qui
1272 2562 1364 2585 tamen
1376 2557 1404 2583 in
1416 2556 1526 2583 deliciis
1537 2558 1564 2582 et
1578 2555 1669 2588 quiete
1683 2552 1731 2578 de<

941 2607 1040 2642 gebant
1052 2614 1059 2633 :
1070 2613 1140 2641 quos
1155 2605 1221 2632 dicit
1235 2604 1327 2631 crucis
1346 2602 1492 2633 inimicos;
1509 2607 1570 2626 nam
1586 2598 1731 2625 contrario

943 2654 1024 2681 modo
1039 2653 1073 2680 ad
1101 2652 1187 2685 illam,
1211 2651 1309 2686 inquit,
1326 2653 1489 2684 operantur,
1507 2647 1564 2680 ipsa
1594 2645 1735 2679 siquidem

947 2705 1111 2733 generosum
1136 2695 1252 2730 requirit
1272 2695 1405 2724 animum,
1419 2692 1464 2726 qui
1481 2697 1510 2717 se
1537 2689 1668 2723 periculis
1685 2695 1733 2714 cx-

946 2748 1040 2779 ponat,
1059 2747 1086 2770 et
1099 2741 1240 2777 proprium
1258 2741 1382 2767 imitetur
1400 2737 1544 2764 Dominum
1563 2742 1571 2762 ζ
1587 2735 1614 2761 hi
1636 2738 1728 2761 autem

946 2789 1035 2817 ventri
1061 2788 1197 2816 serviunt.
1227 2795 1236 2812 1
1264 2786 1389 2818 Quorum
1415 2783 1479 2810 ﬁnis
1505 2781 1622 2817 perditio
1645 2783 1698 2807 est.
1718 2787 1729 2805 1

946 2836 1029 2863 Recte
1059 2835 1138 2861 ﬁnem
1166 2833 1233 2859 dixit
1249 2830 1440 2867 perditionem,
1456 2828 1478 2856 si
1496 2828 1529 2855 ad
1551 2827 1630 2854 ﬁnem
1645 2832 1731 2859 usque

945 2883 1014 2910 tales
1031 2879 1235 2917 permanserint
1253 2886 1259 2905 :
1275 2879 1335 2905 erat
1348 2875 1424 2904 cnim
1436 2874 1588 2904 verisimile
1602 2879 1648 2901 cos
1660 2878 1728 2906 qna-
