1864 3048
91 139 176 171 131’!

604 140 800 171 COMMENT.
822 140 862 170 1N
883 140 1004 172 EPIST.
1024 142 1074 172 AD
1088 142 1232 174 PHILIP.

1660 148 1731 182 1318

90 196 151 230 ρᾶς
166 194 219 230 τὴν
233 193 308 229 παρὰ
324 193 392 220 πόδα
406 193 505 229 λύπην.
524 203 533 220 ι
550 193 587 221 Τὸ
602 195 723 227 ἐπιεικὲς
737 195 813 231 ὑμῶν
825 204 887 230 γνωι

987 203 1020 222 nn
1034 197 1070 224 sit
1084 204 1183 233 nempe
1197 197 1364 227 obscurante
1383 204 1541 236 exspectato
1556 205 1655 238 gaudio
1665 213 1733 240 prie-

89 240 199 276 σϐήτω
214 241 298 266 πᾶσιν
313 239 477 275 ἀνθρώποις.
496 249 505 265 ι
517 239 630 276 Ἐπειδὴ
645 241 775 276 ἀνωτέρω
789 240 895 268 διέϐαλε

87 294 180 317 τινας
190 307 198 319 ,
214 283 253 313 ὦν
267 287 281 312 ὀ
295 285 361 317 Θεὸς
376 286 393 320 ή
407 285 512 317 κοιλία,
529 285 630 320 λέγων,
646 287 694 314 καὶ
709 288 725 322 ἡ
740 287 803 320 δόξα
818 287 848 314 ὲν
861 287 895 322 τῇ

88 331 222 367 αἰσχύνῃ
240 331 344 364 αὐτῶν,
362 331 436 362 εἰκὸς
451 329 486 366 ἦν
501 331 544 358 διὰ
559 331 646 358 ταῦτα
677 332 895 368 ὲκπολεμοῦσθαι

89 377 171 411 πρὸς
188 377 308 407 ἐκείνους
321 377 384 407 τοὺς
398 376 523 408 πιστοῦς.
536 377 620 411 Φησίν
632 375 693 404 οὖν·
707 377 753 412 Μὴ
766 376 803 408 ὡς
818 377 896 403 πολε-

91 422 176 456 μίοις
200 421 315 457 χρῆσθε,
337 421 395 448 ἀλλ’
406 422 548 454 ἐπιεικῶς,
570 423 617 449 καὶ
638 422 668 449 οὐ
693 423 773 458 μόνον
792 423 894 456 αὐτοῖς,

89 467 171 493 ἀλλὰ
187 467 235 493 καὶ
251 467 333 493 πᾶσιν
354 466 518 502 ἀνθρώποις.
537 476 547 493 ι
566 467 595 494 '0
609 467 711 502 Κύριος
729 468 822 501 ἐγγὺς.
840 475 895 503 μη-

89 511 140 538 δὲν
160 513 327 548 μεριμνᾶτε.
345 521 355 538 ›
369 512 401 538 Τί
414 513 468 546 γὰρ
481 513 591 545 ἀλὺετε,
607 514 690 549 φησι,
703 513 746 539 διὰ
760 513 809 544 τὰς
823 512 895 539 ὲκεί-

91 567 152 585 νων
167 559 326 590 ἐπιϐουλὰς,
338 558 355 594 ἡ
368 559 430 590 τοὺς
442 559 538 591 ἄλλους
551 559 736 595 πειρασμούς;
749 559 779 585 '0
794 559 895 595 Κύριος

90 604 200 638 ἐγγὺς,
214 605 308 639 φησιν,
323 605 340 639 ή
355 604 446 638 κρίσις
461 605 606 640 ἐφέστηκε,
622 606 668 632 καὶ
682 606 759 640 ὑμεῖς
776 606 894 632 κάκεῖνοι

91 650 147 681 τὰς
162 651 358 683 ἀνταποδόσεις
370 651 454 683 ἕξετε.
468 651 560 686 Μηδὲν
568 651 624 684 οὖν,
635 652 712 687 φησί,
726 653 893 687 μεριμνᾶτεο

96 704 106 721 ι
117 695 201 723 Ἀλλ’
208 698 237 723 ἐν
249 696 340 729 παντὶ,
355 706 363 723 ι
375 697 509 730 τουτέστι,
523 697 677 733 πράγματι,
690 697 726 732 τῇ
739 696 895 732 προσευχῇ

93 741 151 768 καί
170 741 210 776 τῇ
227 741 341 775 δεήσει,
354 742 500 778 κέχρησθε.
513 743 591 770 Ἔστι
609 743 659 779 μὲν
676 743 722 770 οὖν
739 744 793 775 τοῖς
804 743 894 770 Θλιῦο-

95 787 199 822 μένοις
220 788 337 823 μεγίστη
358 788 522 824 παραψυχὴ,
536 789 567 816 τὸ
585 789 668 823 ἐγγὺς
686 787 754 816 εἶναι
771 789 816 816 τὸν
835 789 894 816 Κύ-

95 841 173 868 ριον.
189 834 254 861 Ἰδοὺ
273 834 302 860 δὲ
325 835 373 861 καὶ
395 834 458 862 ἄλλο
481 835 643 870 προστίθησι
666 835 823 870 φάρμακον,
843 835 893 870 τὴν

97 879 177 914 μετὰ
191 880 367 915 εὐχαριστίας
379 881 472 917 εὐχήν.
485 879 560 917 Αὕτη
572 882 627 917 γὰρ
640 882 688 908 καὶ
700 882 802 917 κυρίως
815 882 893 918 εὐχή.
910 872 931 899 Β

96 925 152 951 Διὰ
176 923 224 951 οὖν
241 925 290 960 τῆς
310 927 380 960 μετὰ
399 927 575 962 εὐχαριστίας
595 927 678 962 εὐχῆς
699 928 745 954 καὶ
764 928 893 963 δεήσεως,

94 969 132 996 τὰ
154 970 299 1005 αἰτήματα
320 971 398 1005 ὑμῶν
415 971 589 1008 γνωριζέσθω
611 974 678 1008 πρὸς
694 974 739 999 τδν
756 973 832 1000 Θεόν,
851 973 894 1004 Ὦς

96 1015 166 1049 αἵγε
185 1016 222 1052 μὴ
240 1016 349 1052 ἔχουσαι
365 1018 541 1053 εὐχαριστίαν
558 1019 650 1054 εὐχαὶ,
668 1018 729 1046 οὔτε
746 1020 892 1055 γνωρίζον-

96 1069 146 1088 ται
167 1063 238 1097 πρὸς
252 1063 299 1089 τὸν
314 1063 391 1091 Θεάν.
408 1063 437 1090 '0
457 1064 510 1099 γὰρ
532 1064 569 1100 μὴ
592 1065 760 1100 εὐχαριστῶν
777 1066 824 1093 ἐπὶ
839 1067 896 1098 τοῖς

98 1107 316 1143 παρεληλυθόσι,
326 1109 384 1141 πῶς
396 1109 413 1145 ἢ
427 1111 533 1146 αἰτήσει
546 1111 561 1146 ἢ
573 1111 689 1146 λήψεται
699 1112 733 1139 τὰ
746 1112 878 1146 μέλλοντα
887 1111 905 1146 ;‘

103 1152 183 1180 Ἀλλ’
195 1156 224 1181 ἑν
241 1155 326 1182 παντί
336 1156 481 1191 πράγματι
496 1158 529 1193 τῇ
549 1159 688 1193 προσευχῇ
706 1159 753 1185 καὶ
764 1160 797 1194 τῇ
805 1159 896 1194 δεήσει

97 1199 259 1235 κέχρησθε,
277 1201 310 1227 δι’
320 1198 357 1228 ὦν
374 1201 408 1229 τὰ
427 1203 566 1238 αἰτήματα
583 1203 676 1238 ὑμῶν,
697 1204 766 1239 μετὰ.
783 1204 895 1240 εὐχαρι-

99 1245 184 1277 στίας
203 1246 388 1281 γνωριζέσθω.
408 1257 418 1274 ι
439 1249 494 1276 Καὶ
511 1249 528 1284 ή
545 1249 642 1284 εἰρήνη
657 1250 705 1276 τοῦ
721 1250 801 1278 Θεοῦ.
821 1260 831 1276 ›
852 1251 897 1277 Εἰ-

99 1291 193 1326 ρήνην
214 1291 298 1326 λέγει,
321 1292 370 1329 τὴν
393 1294 568 1330 καταλλαγὴν
590 1295 637 1322 τοῦ
662 1295 730 1322 Θεοῦ
755 1296 805 1332 τὴν
828 1297 897 1332 πρὸς

99 1337 191 1373 ἡμᾶς.
206 1339 301 1371 Καλῶς
315 1340 344 1366 δὲ
360 1338 437 1367 εἶπεν
451 1341 572 1377 εἰρήνην.
582 1339 674 1377 Ἶῐμεν
690 1343 744 1379 γὰρ
759 1343 834 1379 αὐτῷ
849 1345 897 1370 ὲκ-

98 1383 343 1420 πεπολεμωμὲνοι,
359 1386 404 1413 διὰ
419 1386 449 1413 δὲ
465 1386 515 1413 τοῦ
532 1387 648 1421 αἵματος
662 1388 710 1414 τοῦ
726 1389 897 1423 Μονογενοῦς

99 1429 275 1464 κατήλλαξεν
287 1432 361 1466 ἡμᾶς
375 1432 474 1468 ἑαυτῷ.
487 1434 592 1467 Ἦγουν
606 1435 669 1468 περί
683 1436 790 1469 ἐκείνης
804 1435 896 1470 λέγει,

101 1475 170 1510 περὶ
183 1473 217 1511 ἦς
231 1483 315 1510 φησιν
328 1478 341 1503 ὁ
354 1478 468 1512 Χριστός
483 1487 490 1494 ⁸
504 1488 512 1505 ι
529 1479 647 1515 Εἰρήνην
659 1480 708 1516 τὴν
719 1480 788 1516 ἐμὴν
801 1481 897 1517 δίδωμι

101 1520 181 1572 ῦξιῐν,
201 1522 314 1572 εἰρήνην
333 1523 382 1572 τήν
403 1525 472 1572 ἐμὴν
494 1525 595 1562 ἀφίημι
618 1526 694 1561 ὑμῖν.
717 1535 727 1552 ι
740 1528 824 1555 Ὅταν
843 1529 897 1564 γὰρ
911 1541 933 1572 c

100 1566 175 1603 λέγῃ
194 1569 241 1595 καὶ
259 1569 327 1603 πρὸς
342 1569 406 1603 τοὺς
427 1571 542 1606 ἐχθροὺς
561 1572 722 1608 εἰρηνεύειν,
739 1574 790 1600 οὐκ
809 1574 896 1610 ὑπερ-

102 1612 195 1640 δαίνει
211 1613 300 1641 πάντα
318 1614 396 1649 νοῦν;
419 1626 428 1642 ι
444 1617 477 1644 Ἦ
495 1619 666 1653 ὑπερέχουσα
683 1619 773 1646 πάντα
790 1619 863 1647 νοῦν.
883 1629 893 1647 ι

102 1659 134 1685 Εἰ
153 1659 185 1686 δὲ
201 1660 217 1696 ή
231 1661 325 1696 εἰρήνη
341 1663 389 1688 τοῦ
408 1663 476 1690 Θεοῦ
495 1665 654 1700 ὑπερϐαίνει
673 1667 762 1693 πάντα
778 1666 854 1699 νοῦν,
870 1667 897 1693 ’τί

100 1704 179 1732 εἴποι
193 1714 234 1737 τις
250 1707 317 1743 πρὸς
332 1708 396 1740 τοὺς
409 1708 459 1744 τὴν
472 1709 565 1736 οὐσίαν
579 1710 662 1737 αὐτοῦ
678 1711 897 1747 περιεργαζομέ-

101 1759 186 1785 νους;
211 1762 219 1778 ι
241 1753 395 1790 Φρουρήσει
415 1755 464 1787 τὰς
486 1756 602 1792 καρδίας
622 1757 710 1792 ὑμῶν.
732 1758 836 1784 »Ὥστε
858 1758 896 1793 μὴ

103 1797 160 1824 ὑπὸ
177 1800 339 1835 πειρασμῶν
354 1801 606 1833 καταδαπτίζεσθαι
616 1823 623 1836 ,
641 1804 710 1838 μήτε
723 1804 775 1830 ὑπὸ
789 1804 898 1838 ἀπάτης

102 1844 315 1879 περιφέρεσθαι.
332 1856 341 1872 ι
354 1847 398 1873 Ἐν
412 1847 627 1883 ΧριστῷΊησοῦ.
643 1858 652 1874 ι
667 1850 702 1876 Ἢ
716 1851 745 1876 ὲν
758 1850 833 1885 αὐτῷ
847 1859 898 1885 φυο

101 1885 193 1919 λάξει,
209 1888 278 1915 ὥστε
295 1889 387 1924 μένειν
400 1891 448 1918 καὶ
464 1892 501 1927 μὴ
515 1893 643 1919 ἐκπεσετν
657 1893 751 1927 αὐτοῦ,
769 1894 785 1930 ἢ
799 1894 835 1922 δι’
846 1895 896 1922 αὑ-

103 1931 152 1957 τυῦ
171 1933 295 1966 φυλάξει.

946 245 1053 270 sentem
1071 249 1216 270 maerorem
1239 247 1287 271 aut
1300 243 1433 272 dolorem.
1459 255 1469 272 ι
1490 245 1622 275 Modestia
1639 255 1731 278 vestra

947 292 1012 315 nota
1029 288 1064 315 sit
1081 289 1211 317 omnibus
1226 290 1396 319 hominibus.
1419 300 1428 318 ›
1452 291 1588 325 Quoniam
1603 294 1629 321 in
1651 303 1733 331 sirpe-

946 333 1068 361 rioribus
1097 334 1233 369 quosdam
1259 335 1438 370 vituperavit,
1472 337 1568 366 dicens
1586 348 1592 366 :
1609 339 1732 372 Quorum

947 378 1018 407 Deus
1036 384 1131 407 venter
1147 384 1189 408 est
1210 385 1237 408 et
1259 381 1345 416 gloria
1372 383 1399 410 in
1427 383 1561 412 dedecore
1584 385 1706 421 ipsorum
1725 396 1732 414 :

946 424 1097 452 verisimile
1117 429 1177 453 erat
1195 426 1269 461 quod
1296 434 1361 462 erga
1383 428 1446 456 illos
1466 428 1590 458 futurum
1610 435 1683 458 esset
1703 436 1734 459 ut

946 469 1084 499 hostiliter
1105 479 1136 499 se
1152 476 1278 507 gererent
1299 473 1403 502 iidcles.
1419 475 1464 502 Ait
1485 483 1550 512 ergo
1566 485 1573 503 :
1592 477 1651 504 Non
1673 483 1734 505 tan-

946 523 1028 550 quam
1055 525 1118 545 cum
1143 517 1270 547 hostibus
1290 527 1354 547 cum
1377 520 1418 548 eis
1445 523 1657 555 convcrsemini,
1685 523 1732 551 sed

946 567 1092 591 mansuete
1111 572 1118 590 :
1140 571 1190 592 nec
1206 564 1232 593 id
1247 565 1337 593 solum
1356 573 1418 593 cum
1436 566 1515 602 ipsis,
1535 567 1583 595 sed
1601 575 1665 596 cum
1677 577 1733 596 om.

946 608 1027 636 nibus
1042 609 1124 636 etiam
1150 610 1320 639 hominibus.
1340 620 1350 637 ‹
1368 611 1501 641 Dominus
1520 621 1606 648 prope
1617 618 1659 642 est
1675 624 1682 641 ε
1699 615 1733 642 de

945 653 1019 681 nulla
1037 662 1067 682 re
1080 655 1192 683 solliciti
1209 656 1280 684 sitis.
1303 666 1312 682 ι
1329 657 1384 684 Cur
1396 658 1481 691 enim,
1499 659 1547 691 ait,
1563 659 1654 686 animo
1671 667 1734 688 con-

945 700 1037 728 ciditis
1058 707 1169 736 propter
1182 702 1290 729 illorum
1312 703 1426 731 insidias
1439 709 1486 731 aut
1512 705 1580 733 alias
1605 705 1732 733 amictio-

945 744 1016 772 nes?
1032 744 1174 778 Dominus,
1190 746 1290 781 inquit.
1305 755 1387 782 prope
1397 753 1451 782 est,
1470 748 1606 783 judicium
1626 751 1709 778 instat
1723 760 1731 778 :

945 794 972 817 et
1002 798 1050 818 vos
1073 795 1100 818 et
1123 792 1162 819 illi
1189 793 1386 821 retributiones
1409 794 1555 822 habebitis.
1588 797 1668 832 106
1694 796 1732 825 De

945 836 1022 863 nulla
1043 837 1136 872 itaque
1158 846 1187 866 re
1199 839 1261 868 sitis
1285 840 1398 868 solliciti
1418 850 1424 868 :
1445 849 1455 866 ι
1478 842 1530 869 Sed
1550 842 1578 868 in
1603 843 1698 870 omni:
1719 853 1728 870 ι

946 889 1011 915 puta
1044 884 1155 919 negotio
1175 884 1329 920 (Siquidem
1354 887 1445 919 παντί,
1473 895 1533 915 cum
1550 895 1604 916 non
1635 889 1685 922 sit,
1697 888 1734 917 l‘e-

946 927 1095 962 mininum,
1110 929 1189 965 jungi
1209 937 1263 957 non
1292 935 1383 966 potest
1412 933 1445 967 τῇ
1463 935 1600 969 προσευχῇ
1627 935 1675 961 καί
1700 936 1733 970 τῇ

945 972 1058 1008 δεήσει),
1070 975 1225 1009 precatione
1235 980 1262 1002 et
1275 976 1464 1004 obsecratione
1477 978 1602 1005 utamini.
1616 977 1733 1005 Maxima

945 1026 1011 1053 ergo
1028 1019 1182 1047 consolatio
1198 1024 1239 1047 est
1253 1020 1296 1048 his
1310 1021 1356 1056 qui
1376 1019 1535 1055 allliguntur
1551 1023 1626 1057 quod
1640 1022 1734 1050 Domi-

947 1072 998 1091 nus
1017 1071 1103 1099 prope
1125 1064 1170 1092 sit.
1189 1064 1261 1093 Ecce
1281 1069 1372 1093 autem
1385 1070 1413 1094 et
1423 1066 1497 1093 aliud
1512 1066 1588 1095 addit
1606 1067 1735 1101 pharma-

947 1117 1022 1142 cum,
1047 1111 1234 1145 precationem
1257 1118 1319 1138 cum
1349 1113 1500 1146 gratiarum
1523 1112 1734 1140 actione:Nam

947 1155 1005 1183 haec
1024 1156 1135 1190 proprie
1150 1156 1274 1191 precatio
1297 1160 1350 1184 est.
1367 1157 1461 1193 Itaque
1475 1165 1523 1192 per
1547 1159 1733 1192 precationem

947 1209 1008 1229 eum
1028 1202 1185 1237 gratiarum
1198 1203 1308 1231 actione
1327 1204 1474 1239 petitiones
1504 1209 1601 1231 vestrm
1625 1203 1734 1231 innote-

946 1253 1026 1277 scant
1041 1249 1112 1284 apud
1128 1249 1213 1277 Deum
1228 1258 1235 1277 :
1249 1254 1379 1286 tanquam
1398 1250 1495 1277 innuat
1510 1250 1582 1285 quod
1596 1250 1734 1285 precatio-

947 1303 997 1323 nes
1020 1303 1081 1330 quaz
1100 1296 1252 1330 gratiarum
1281 1296 1416 1323 actionem
1446 1304 1503 1323 non
1531 1297 1644 1329 habent,
1664 1296 1734 1324 bene

948 1339 1121 1367 innotescunt
1137 1339 1260 1375 quidem.
1280 1339 1334 1372 Qui
1348 1340 1421 1367 enim
1436 1341 1539 1375 gratias
1555 1348 1608 1367 non
1628 1341 1685 1375 agit
1700 1340 1735 1367 de

948 1386 990 1414 liis
1004 1394 1064 1421 qua:
1078 1386 1194 1421 accepit,
1215 1386 1353 1421 quomodo
1370 1390 1444 1421 petet
1464 1390 1512 1413 aut
1535 1386 1652 1421 accipiet
1669 1393 1731 1421 quae

949 1432 1040 1460 futura
1057 1432 1143 1460 sunt?
1159 1432 1212 1460 Sed
1231 1432 1258 1459 in
1275 1432 1349 1460 omni
1369 1440 1397 1460 re
1422 1433 1581 1468 precatione
1607 1436 1634 1460 ct
1653 1433 1735 1459 ohse-

948 1478 1072 1505 cratione
1097 1477 1225 1510 utamini,
1242 1485 1291 1512 per
1307 1485 1375 1512 quas
1390 1478 1535 1512 petitiones
1548 1482 1648 1506 vestra:
1671 1484 1734 1504 cum

949 1524 1098 1558 gratiarum
1121 1524 1230 1551 actione
1254 1523 1440 1551 innotescant.
1471 1532 1481 1549 ι
1507 1523 1539 1550 Ει
1566 1530 1617 1558 pax
1643 1522 1700 1550 Dei.
1722 1532 1731 1548 ι

948 1567 1048 1596 Pacem
1065 1568 1132 1596 dicit
1153 1568 1201 1596 Dei
1218 1575 1282 1602 erga
1300 1575 1351 1596 nos
1375 1567 1640 1596 reconciliationem.
1663 1567 1735 1594 Bene

948 1619 1038 1642 autem
1050 1613 1119 1642 dixit
1135 1621 1241 1648 pacem.
1261 1612 1329 1640 Nam
1341 1621 1451 1641 eramus
1465 1613 1529 1640 facti
1551 1613 1602 1648 ipsi
1618 1613 1733 1644 inimici,

948 1659 996 1687 sed
1009 1667 1058 1694 per
1068 1659 1231 1693 sanguinem
1248 1658 1387 1694 Unigcniti
1409 1658 1597 1686 reconciliavit
1614 1665 1666 1685 nos
1682 1658 1735 1684 sibi

948 1706 1011 1741 ipsi.
1030 1706 1068 1734 De
1083 1706 1128 1733 illa
1145 1706 1228 1741 igitur
1248 1705 1373 1740 loquitur
1388 1705 1422 1732 de
1446 1712 1499 1740 qua
1524 1705 1562 1731 ait
1579 1704 1706 1732 Christus
1726 1712 1734 1730 :

951 1761 961 1779 ι
980 1752 1080 1780 Pacem
1108 1759 1196 1779 meam
1223 1752 1259 1779 do
1286 1752 1377 1784 vobis,
1406 1759 1500 1786 pacem
1533 1751 1660 1786 relinquo
1688 1758 1737 1778 vo-

948 1799 992 1826 bis
1004 1798 1037 1825 ".
1057 1807 1066 1824 ι
1084 1797 1152 1825 Cum
1164 1798 1237 1825 enim
1254 1797 1355 1825 dixerit
1382 1801 1412 1824 ut
1426 1798 1508 1825 etiam
1527 1805 1592 1833 erga
1609 1797 1737 1824 inimicos

949 1852 1044 1881 pacem
1054 1844 1183 1876 habeant,
1194 1851 1286 1871 annon
1303 1844 1411 1871 excedit
1428 1851 1537 1872 omnem
1551 1843 1738 1871 intellectum?

951 1902 961 1919 ι
980 1893 1046 1926 Quae
1060 1892 1169 1920 excedit
1184 1898 1293 1918 omnem
1317 1890 1500 1918 intellectum.
1522 1900 1531 1916 ι
1548 1890 1626 1923 Quod
1644 1890 1668 1917 si
1685 1897 1738 1925 pax

948 1940 997 1970 Dei
1013 1939 1122 1968 excedit
1147 1944 1255 1964 omnem
1271 1937 1454 1970 intellectum,
1484 1937 1550 1972 quid
1572 1937 1645 1964 dicet
1666 1937 1740 1971 quis-

105 1980 181 2014 piam
195 1981 229 2009 de
248 1982 290 2010 his
307 1983 354 2018 qui
372 1984 458 2018 ipsius
483 1985 666 2014 substantiam
691 1989 802 2018 curiose
822 1990 1002 2019 scrulantur‘l
1042 1997 1051 2014 ι
1068 1986 1210 2015 Custodiet
1243 1985 1325 2012 corda
1361 1988 1474 2012 vestra:
1499 1993 1508 2010 ι
1543 1983 1582 2010 Ne
1599 1984 1652 2011 sub
1672 1981 1739 2009 ami—

102 2027 245 2056 ctionihus
259 2029 457 2066 deinergainini
484 2038 532 2060 aut
551 2035 603 2062 sub
619 2034 714 2063 fraude
741 2037 976 2066 cireuinl'eramini
992 2040 1020 2064 et
1034 2034 1145 2064 erretis.
1164 2042 1172 2059 t
1193 2032 1222 2060 In
1257 2032 1369 2060 Christo
1410 2030 1486 2059 .les'u.
1508 2040 1518 2057 ι
1554 2030 1609 2057 Aut
1648 2033 1740 2057 custo-

103 2073 164 2102 diet
179 2078 210 2101 ut
223 2074 250 2101 in
265 2074 325 2110 ipso
338 2078 484 2109 maneatis,
499 2082 526 2105 et
540 2087 596 2107 non
611 2082 745 2109 excidatis
758 2083 792 2110 ab
804 2085 864 2119 ipso
877 2094 884 2112 :
905 2089 953 2112 aut
968 2091 1016 2120 per
1028 2082 1117 2117 ipsum
1131 2077 1280 2107 custodiet.

144 2143 181 2171 Τὸ
205 2144 324 2178 ⁵λοιπὸν,
347 2145 491 2180 ἀδελφοί,
513 2146 572 2174 ὅσα
593 2147 679 2175 ἐστὶν
698 2150 816 2185 ἀληθῆ,
840 2152 900 2179 ὅσα

105 2191 222 2225 σεμνὰ,
242 2190 301 2217 ὅσα
320 2191 435 2226 δίκαια,
454 2192 512 2219 ὅσα
533 2193 623 2228 ἁγνὰ,
646 2195 704 2222 ὅσα
724 2198 898 2233 προσφιλῆ,

988 2151 1035 2183 IV,
1057 2150 1083 2183 8,
1101 2149 1127 2176 9.
1144 2148 1220 2181 Quod
1236 2147 1366 2181 reliquum
1388 2151 1438 2179 est,
1458 2146 1566 2180 fratrea,
1580 2154 1740 2181 quiscunque

953 2201 1016 2224 sunt
1040 2203 1112 2227 vera,
1132 2200 1293 2229 quacunque
1322 2192 1445 2223 honesta,
1467 2200 1627 2227 quamcunque
1649 2192 1737 2226 justa,

106 2235 166 2262 ὅσα
188 2236 316 2270 εὔφημα.
330 2237 373 2271 [Et
391 2246 436 2270 τις
458 2238 560 2272 ἀρετὴ,
579 2239 628 2266 καί
649 2239 678 2266 εἴ
698 2249 744 2274 τις
764 2241 887 2276 ἔπαινος

988 2248 1113 2276 azcunque
1128 2247 1204 2273 pura,
1231 2245 1392 2273 quwcunque
1417 2237 1555 2270 amabilia,
1580 2245 1740 2271 quacunque

106 2281 202 2308 ταῦτα
216 2281 378 2315 λογίζεσθε.
389 2282 418 2309 Ἃ
431 2282 480 2309 καί
494 2282 628 2317 ἐμάθετε,
642 2285 690 2311 καί
705 2288 897 2321 παρελάϐετε,

107 2327 158 2353 καί
181 2327 343 2362 ἠκούσατε,
363 2328 412 2354 καί
438 2328 515 2355 ἴδετε
537 2329 572 2356 ὲν
590 2329 665 2365 ἐμοὶ,
686 2331 779 2358 ταῦτα
800 2332 898 2367 πράσ-

108 2380 189 2405 σετε,
204 2373 254 2399 καί
269 2374 285 2400 ό
300 2373 373 2406 Θεὸς
388 2373 443 2409 τῆς
457 2374 580 2410 εἰρήνης
594 2376 680 2403 ἔσται
694 2377 863 2412 μεθ’ὐμῶν.

144 2440 238 2467 Πάντα
253 2440 316 2475 ὑμῖν
332 2440 450 2476 εἴρηται,
468 2441 547 2468 τοῦτο
561 2442 684 2470 λείπεται
699 2443 758 2471 νῦν.
776 2444 900 2479 Ἐπειγο-

112 2485 192 2519 μένου
214 2485 242 2512 δὲ
264 2485 298 2513 τὰ
320 2487 442 2522 ῥήματα.
459 2487 560 2523 Ἀληθῆ
582 2488 611 2514 δέ
634 2497 701 2524 φησι
719 2490 754 2516 τὰ
774 2490 900 2526 ὲνάρετα.

110 2531 215 2563 Ψεῦδος
229 2533 284 2568 γὰρ
299 2533 315 2568 ή
333 2534 427 2561 κακία.
440 2534 531 2569 Σεμνᾶι
544 2534 572 2561 δὲ
582 2554 589 2567 ,
604 2535 640 2561 τὰ
653 2536 702 2562 ὅσα
716 2536 745 2562 ὲν
760 2537 901 2571 σχήμασι,

111 2579 157 2604 καὶ
172 2578 279 2613 λόγοις,
295 2579 342 2606 καὶ
358 2579 521 2615 βαδίσμασι.
536 2581 583 2607 καί
599 2581 743 2616 πράξεσιν.
760 2582 844 2616 ’Δγνὰ
858 2583 902 2615 δὲ,

111 2624 148 2656 ὡς
171 2626 239 2659 πρδς
261 2625 464 2661 ἀντιδιαστολὴν
484 2626 533 2653 τοῦ
554 2627 589 2653 τὰ
613 2627 696 2662 γήϊνα
717 2627 901 2662 φρονούντων*

112 2670 248 2706 προσφιλῆ
276 2670 317 2703 δὲ,
339 2671 356 2707 ἢ
378 2670 417 2706 τῷ
441 2671 513 2706 Θεῷ,
540 2671 557 2706 ἢ
572 2672 629 2702 τοῖς
648 2673 763 2703 πιστοῖς.
780 2681 790 2698 ι
807 2673 841 2699 Εἴ
863 2681 905 2704 τις

112 2714 207 2750 ἀρετὴ,
222 2715 270 2741 καὶ
280 2715 307 2741 εἰ
319 2724 361 2747 τις
373 2715 509 2747 ἔπαινος.)
530 2716 660 2744 Βούλεται
673 2716 763 2749 οὕτως
779 2718 830 2754 ζῇν
853 2719 902 2745 αὑ-

112 2762 194 2793 τοὺς,
219 2760 256 2793 ὥς
284 2762 332 2788 καὶ
354 2762 508 2798 ἀνθρώποις
533 2763 668 2799 ἀρέσκειν.
701 2764 899 2800 (Ἂπρόσκοποι

150 2852 171 2868 ³⁵
186 2851 266 2880 Joan.
287 2860 343 2885 inv,
362 2853 407 2880 9.7.

951 2287 1012 2313 boni
1029 2285 1124 2313 ominis
1139 2292 1148 2310 :
1164 2285 1187 2310 si
1201 2291 1253 2318 qua
1272 2283 1354 2309 virtus
1369 2286 1393 2309 ει
1405 2282 1428 2309 si
1444 2290 1497 2317 qua
1512 2282 1584 2315 laus,
1599 2281 1654 2309 Ita'c
1665 2283 1739 2317 cogi-

951 2337 1004 2359 tate
1018 2340 1027 2359 :
1040 2339 1098 2367 qua:
1112 2335 1135 2357 et
1147 2329 1280 2356 didicistis
1289 2333 1314 2355 et
1324 2329 1463 2363 accepistis
1472 2333 1497 2355 et
1507 2327 1622 2355 audistis
1631 2334 1656 2355 et
1671 2328 1724 2355 vidi
1733 2344 1739 2348 -

951 2379 998 2406 stis
1014 2380 1040 2405 in
1056 2385 1106 2411 me,
1130 2377 1185 2404 Ιιιιιε
1202 2375 1293 2410 facite,
1308 2380 1332 2402 et
1354 2374 1426 2402 Deus
1440 2375 1513 2410 pacis
1528 2374 1578 2402 erit
1594 2375 1739 2403 vobiscum.

987 2444 1086 2473 Omnia
1100 2444 1180 2472 vobis
1195 2443 1269 2470 dicta
1284 2446 1369 2470 sunt:
1389 2442 1415 2469 id
1435 2450 1508 2470 nunc
1536 2447 1623 2470 restat
1650 2446 1681 2469 ut
1705 2443 1741 2470 sit

952 2491 999 2528 qui
1012 2492 1095 2520 verba
1113 2491 1257 2519 sollicitet.
1277 2489 1349 2517 Vera
1364 2495 1454 2517 autem
1473 2489 1540 2516 dicit
1559 2489 1681 2517 studiosa
1693 2496 1741 2515 seu

953 2546 1014 2573 quae
1041 2538 1152 2565 virtutis
1169 2541 1234 2566 sunt
1251 2545 1259 2564 :
1278 2537 1454 2564 mendacium
1476 2537 1549 2564 enim
1569 2536 1665 2562 vitium
1688 2539 1740 2562 est.

955 2584 1075 2612 lloncsta
1099 2591 1175 2617 vero,
1196 2583 1255 2611 sive
1272 2583 1299 2610 in
1313 2583 1424 2615 habitu,
1437 2583 1495 2610 sive
1514 2582 1542 2608 in
1554 2581 1740 2613 sermonibus,

955 2630 1013 2658 sive
1027 2630 1054 2657 in
1072 2630 1194 2662 incessu,
1213 2629 1272 2656 sive
1288 2629 1455 2657 actionibus.
1474 2628 1547 2654 Pura
1562 2631 1666 2659 autem,
1681 2631 1741 2652 tan-

955 2683 1037 2710 quam
1049 2675 1083 2702 ad
1099 2675 1282 2703 diﬁ‘erentiam
1308 2681 1402 2702 eorum
1424 2673 1471 2708 qui
1492 2676 1603 2701 terrena
1631 2676 1740 2700 curant.

959 2721 1037 2756 107
1053 2720 1187 2748 Amabil-ia
1206 2727 1283 2752 vero,
1307 2724 1354 2747 aut
1382 2718 1437 2746 Deo
1463 2722 1510 2746 aut
1530 2718 1666 2746 ﬁdelibus.
1685 2726 1695 2743 ι
1712 2716 1741 2743 Si

953 2774 1006 2802 qua
1021 2766 1110 2795 virtus
1129 2770 1156 2794 et
1168 2773 1220 2801 qua
1237 2766 1307 2793 laus.
1342 2775 1351 2791 ι
1384 2765 1459 2795 Vult.
1482 2764 1558 2800 ipsos
1574 2765 1611 2791 ita
1639 2763 1742 2794 vivere,
