1864 3048
73 145 164 179 1321

606 144 798 174 COMMENT.
821 143 859 173 ΙΝ
886 143 1005 173 EPIST.
1024 144 1074 173 AD
1093 143 1233 172 PHlLlP.

1663 139 1672 169 ί
1679 139 1731 171 3‘22

72 214 191 240 γμιιτι
212 205 366 240 σχολάζων;
387 203 456 237 «Οὐχ
478 203 518 228 ὅτι
540 202 600 228 καίν
617 202 762 237 ὑστέρησιν
783 202 808 228 λέ

994 201 1176 235 )gloriautnr,
1192 199 1293 234 inquit,
1325 197 1501 225 inveniamur
1527 196 1598 223 sicut
1618 200 1645 223 et
1661 204 1710 231 ego
1726 207 1730 223 :

82 251 229 285 ιεπειδὴ
255 250 344 284 ἠρέμα
375 248 541 282 ἐπετίμησεν
575 247 666 276 αὐτοῖς
693 247 819 282 γράψας,
846 248 895 282 ἤδη

74 296 183 326 ποτὲ,
201 296 283 330 φησίν
301 304 305 309 ·
322 294 412 328 "Amp
429 291 515 325 εἶπον,
530 293 559 318 οὺ
577 293 620 319 διὰ
633 292 711 319 τοῦτο
723 291 798 319 εἷπον
815 293 850 324 ὡς
869 294 897 319 ἐν

75 343 200 377 ἐνδείᾳ
222 342 269 372 ὢν,
295 341 362 367 ἀλλὰ.
382 339 449 373 πρὸς
473 339 503 365 τὸ
527 339 604 373 ὑμῶν
631 339 779 374 συμφέρον,
804 340 895 373 φησὶν,

76 386 198 419 εἷπον,
216 388 260 413 ἵνα
287 387 325 420 μὴ
344 383 551 421 ἄκαρποιηῆτι,
574 385 645 420 ειπερ
670 385 744 411 κάτω
767 385 849 418 λέγει.
864 399 897 404 -——

78 432 212 468 ἷΦΩΤ.]
238 431 319 459 Εἶπον
343 432 383 458 ὅτι
400 431 503 466 ἐχάρην
525 432 553 457 ὲν
577 430 681 465 Κυρίῳ,
701 431 833 464 μεγάλως,
857 431 896 457 ὅτι

79 479 258 505 ἀνεθάλετε
285 478 314 504 τὸ
342 478 412 512 ὑπὲρ
428 476 496 510 ἐμοῦ
510 478 632 511 φρονεῖν.
664 477 745 502 Ἀλλὰ
765 477 801 511 μὴ
821 477 897 510 νομί-

82 533 186 558 σητε,
203 525 296 558 φησὶν,
313 524 401 549 εἰπεῖν
425 531 457 557 με
474 522 563 553 τοῦτο,
580 522 623 548 διὰ
635 522 685 556 τὴν
700 522 846 556 ὑστέρησιν
864 522 897 556 ἣν

81 568 196 605 εἶχον.
217 570 289 603 Ἐγὼ
301 569 366 604 γὰρ,
379 568 471 603 φησὶν,
486 568 596 602 ἔμαθον,
609 567 656 594 καὶ
669 567 743 602 ἑξῆς.
757 568 897 602 Γεγυμνα-

84 615 221 649 σμένος,
236 615 329 649 φησιν,
344 613 403 648 είμὶ
418 614 447 639 ἐν
462 613 540 644 πᾶσι,
561 612 608 638 καὶ
623 612 682 638 οὐδὲ
699 612 898 646 ὑστερούμενος

83 662 292 698 δυσχεραίνω.
312 661 431 696 Ἐχάρην
451 660 478 686 δὲ
496 660 570 694 ὅμως
595 660 638 693 ἐφ’
655 660 730 694 ὑμῖν,
745 660 785 686 ὅτι
809 661 898 691 καλῶς

85 707 270 741 ἐποιήσατε.
301 705 451 735 Κοινωνοὺς
468 704 521 740 γὰρ
542 705 655 735 ἑαυτοὺς
675 705 724 738 τῆς
748 705 818 738 sui;
841 704 898 730 ὓλί-

84 752 184 785 ψεως
202 752 380 786 ποιήσαντες,
405 750 521 777 καὶτῶν
549 750 684 785 βραϐείων
707 752 895 784 κοινωνήσετε.

87 797 154 824 Διὰ
187 797 268 823 τοῦτο
297 796 399 830 ἐχάρην
432 795 567 830 μεγάλως.
602 795 711 830 Ἐπειδὴ
738 793 832 825 εἶπεν,
857 795 897 821 ὅτι

95 843 235 877 Ἐχὰρην
260 841 405 876 μεγάλως,
434 840 501 866 διότι
530 840 608 874 ὑμεῖς
636 839 725 871 καλῶς
751 841 896 873 ἐποιήσατε

93 887 292 920 συγκοινωνοὶ
306 886 447 919 γεγονότες
474 893 525 919 μου
543 885 592 918 τῆς
611 885 736 918 Θλίψεως,
760 887 896 919 ἐπαναμι-

94 933 233 967 μνήσκει
249 932 359 963 αὐτοὺς,
380 931 421 957 ὅτι
443 932 489 956 ἀπ’
508 931 592 966 ἀρχῆς
614 930 716 965 ταύτην
735 931 824 962 αὐτοῖς
848 931 897 965 τὴν

91 977 191 1012 χάριν
207 977 254 1003 καὶ
279 977 328 1011 τὴν
352 975 514 1010 εὐεργεσίαν
529 974 695 1008 κατετίθετο,
713 975 742 1001 τὺ
759 974 788 1006 ἐξ
808 975 897 1001 αὐτῶν

93 1024 261 1058 λαμϐάνειν
278 1023 310 1048 τὰ
332 1023 400 1057 πρὸς
423 1022 472 1056 τὴν
489 1020 593 1056 χρείαν,
619 1021 665 1047 καὶ
683 1021 828 1052 κοινωνοὺς
848 1021 898 1046 αὑ-

94 1069 174 1100 τοὶς
186 1069 229 1094 διὰ
247 1067 342 1094 τούτου
360 1067 579 1102 παρασκευάζειν
591 1067 636 1092 καὶ
656 1066 709 1092 τῶν
730 1066 772 1092 διὰ
784 1067 898 1100 Χριστὸν

98 1114 240 1148 θλίψεων,
259 1113 305 1140 καὶ
325 1113 378 1139 τῶν
401 1113 447 1138 ἐπὶ
469 1111 573 1142 τούτοις
599 1111 733 1146 κειμένων
751 1112 897 1147 βραδείων.

99 1159 156 1193 Μὴ
172 1158 227 1192 γὰρ
241 1158 382 1192 νομίσητε,
395 1156 488 1191 φησὶν,
502 1157 542 1183 ὅτι
565 1156 612 1183 νῦν
627 1155 670 1182 διὰ
692 1155 722 1182 τὸ
740 1156 848 1191 μακράν
865 1165 897 1190 με

99 1203 250 1236 γενέσθαι,
271 1204 317 1229 καὶ
332 1203 360 1228 ὲν
383 1202 458 1237 τόπῳ
474 1201 503 1227 ὲν
519 1198 540 1235 ᾧ
556 1201 586 1228 τὸ
609 1202 741 1236 κήρυγμα
758 1201 852 1236 ὥσπερ
870 1202 898 1228 ἐν

100 1247 178 1282 ὑμῖν
196 1249 244 1274 οὐκ
264 1247 417 1282 ὲπλατύνθη
441 1247 501 1273 οὐδὲ
519 1247 587 1273 εἰσιν
614 1249 638 1273 οἱ
665 1247 813 1282 προθύμως
828 1247 898 1274 οὓτω

100 1295 143 1319 τὰ
164 1294 232 1328 προς
243 1295 337 1329 χρείαν
353 1295 595 1329 ὲπιχορηγοῦντες,
612 1293 656 1320 διὰ
671 1293 749 1319 τοῦτο
759 1293 807 1328 τὴν
820 1292 898 1327 ὑμῶν

101 1339 248 1374 χορηγίαν
270 1340 444 1374 ἀντεδεξάμην
469 1340 515 1367 καὶ
538 1340 642 1374 ἠξίωσα
660 1340 732 1374 ὑμᾶς
753 1339 899 1370 κοινωνοὺς

103 1384 158 1410 καὶ
179 1385 229 1419 τῆς
253 1385 368 1419 θλίψεώς
389 1394 439 1420 μου
454 1385 500 1412 καὶ
517 1386 567 1419 τῆς
593 1385 805 1420 μισθαποδοσίας
820 1385 897 1419 γενέ-

105 1429 186 1456 σθαι.

949 247 1076 281 quoniam
1110 244 1262 279 accipiebat
1292 251 1346 270 non
1379 246 1484 269 tantum
1520 245 1629 276 propter
1655 250 1731 269 suam

950 292 1140 318 necessitatem
1167 294 1298 326 quantum
1328 294 1438 324 propter
1468 295 1564 315 eorum
1587 287 1731 314 utilitatem

948 338 993 371 qui
1009 337 1176 372 prmbehant.
1202 329 1277 363 Unde
1289 335 1361 362 enim
1383 335 1408 361 in
1433 334 1577 369 peregrina
1601 337 1673 361 terra
1699 334 1734 359 ali

949 383 1092 418 potuisset,
1120 391 1182 409 cum
1204 390 1293 416 neque
1312 382 1413 416 aliquid
1439 381 1626 415 importasset,
1647 387 1735 414 neque

949 429 1068 456 manuali
1084 429 1169 463 operi,
1197 429 1245 456 sed
1264 428 1452 463 pnedicationi
1483 427 1617 454 vat-aret?
1640 436 1649 453 ι
1675 426 1733 454 Non

949 476 1108 510 quodjmta
1127 475 1268 509 penuriam
1285 474 1392 508 loquar.
1414 483 1423 500 ι
1439 474 1574 506 Quoniam
1588 473 1735 500 scribendo

949 522 1017 547 clam
1045 528 1093 548 eos
1108 521 1275 556 objurgavit,
1303 527 1356 547 non
1384 520 1491 546 tandem
1515 520 1567 545 ait:
1585 519 1650 552 Qua:
1666 520 1733 550 dixi,

949 575 1003 593 non
1020 571 1131 601 propter
1162 566 1266 602 οτι,όίχὶ
1281 566 1354 600 quod
1369 566 1394 592 in
1413 565 1527 600 penuria
1553 565 1615 596 sim,
1637 565 1684 592 scd
1699 565 1733 591 ad

949 613 1191 647 vestram,inquit,
1215 613 1358 639 utilitatem
1386 612 1496 638 loeutus
1519 619 1591 643 smn,
1620 619 1654 639 ne
1675 611 1735 639 sine

950 658 1039 685 fructu
1055 658 1125 689 sitis.
1143 658 1226 685 veluti
1243 658 1356 686 inferius
1381 658 1462 686 dixit.
1486 658 1547 686 Di\i
1570 659 1642 692 quod
1659 659 1734 693 gavi-

950 711 998 730 sus
1013 703 1063 730 sim
1077 703 1104 730 in
1117 703 1232 730 Domino
1266 711 1430 738 magnopere
1458 705 1530 739 quod
1554 704 1735 732 reﬂorueritis

951 755 976 774 ιιι
992 748 1101 782 pro’me
1113 748 1222 776 solliciti
1239 749 1351 776 essetis:
1367 749 1413 776 sed
1429 757 1463 776 ne
1481 757 1533 780 me,
1555 750 1652 784 inquit,
1671 751 1728 776 lucc

950 793 1041 821 dicere
1059 795 1223 822 existimetis
1241 795 1314 830 quod
1335 795 1361 821 in
1383 795 1496 830 penuria
1524 795 1639 823 fuerim:
1667 796 1734 823 Nam

950 846 1009 873 ego,
1023 839 1071 871 ait,
1084 839 1177 871 didici,
1193 845 1245 866 etc.
1263 840 1440 867 Exercitatus
1455 849 1514 867 sum
1542 841 1567 867 in
1589 842 1730 870 omnibus:

947 887 974 909 et
988 890 1021 909 ne
1033 886 1154 916 egestate
1169 883 1279 917 quidem
1294 891 1407 918 pressus
1423 885 1533 919 indigne
1550 884 1621 912 fero:
1641 894 1735 912 verum

948 927 1029 954 etiam
1054 927 1140 954 vestri
1176 935 1260 956 causa
1284 929 1394 963 gavisus
1409 938 1468 956 sum
1485 932 1556 964 quod
1575 935 1648 958 recte
1666 931 1737 959 fece-

949 973 1029 1000 ritis;
1047 981 1109 1000 cum
1124 974 1196 1000 enim
1218 974 1369 1009 participes
1385 982 1453 1002 meae
1473 975 1628 1004 aliiictionis
1648 978 1736 1012 vosip-

951 1027 996 1046 sos
1015 1020 1145 1052 feceritis,
1167 1020 1248 1048 etiam
1266 1022 1441 1056 prmmiorum
1460 1023 1607 1057 participes
1637 1024 1734 1051 eritis-

950 1070 976 1092 et
993 1070 1138 1100 propterea
1166 1074 1329 1101 magnopere
1355 1068 1464 1102 gavisus
1492 1076 1563 1096 sum.
1584 1068 1735 1104 Postquam

950 1111 1020 1137 dixit
1033 1120 1050 1137 :.
1072 1111 1188 1140 Gavisus
1219 1120 1279 1139 sum
1305 1120 1469 1148 magnopere
1493 1115 1566 1148 quod
1589 1123 1637 1142 vos
1663 1121 1736 1142 recte

950 1155 1081 1188 feceritis,
1099 1156 1162 1183 facti
1176 1158 1325 1192 participes
1342 1166 1408 1186 meae
1428 1158 1595 1192 amictionis.
1615 1161 1738 1196 suggerit

950 1203 1021 1236 quod
1037 1203 1070 1229 ab
1081 1203 1195 1230 exordio
1216 1203 1286 1231 hanc
1312 1205 1427 1239 gratiam
1455 1206 1552 1233 ethoc
1575 1206 1737 1234 beneﬁcium

949 1248 982 1274 ad
1001 1248 1076 1282 ipsos
1092 1248 1224 1281 retulerit,
1254 1253 1283 1276 ut
1296 1250 1331 1276 ab
1349 1250 1390 1278 eis
1415 1252 1572 1279 necessaria
1588 1253 1737 1288 acciperet,

949 1297 976 1320 et
987 1301 1035 1327 per
1048 1294 1100 1322 hoc
1111 1302 1159 1322 eos
1175 1302 1285 1330 quoque
1301 1296 1427 1323 redderet
1443 1298 1593 1333 participes
1610 1298 1736 1325 amictio-

948 1347 1012 1366 num
1029 1344 1141 1375 propter
1157 1341 1297 1369 Christum
1312 1341 1490 1374 indictarum,
1504 1347 1532 1370 et
1557 1345 1732 1379 praemiorum

947 1394 1007 1421 quae
1017 1386 1061 1414 bis
1089 1392 1271 1421 reponuntur.
1289 1386 1329 1414 Ne
1348 1388 1523 1421 existimetis,
1548 1389 1648 1424 inquit.
1663 1390 1738 1425 quod

946 1439 1001 1458 non
1016 1438 1049 1459 eo
1071 1431 1144 1466 quod
1158 1431 1237 1467 longe
1253 1431 1340 1459 absim
1352 1436 1378 1459 et
1391 1432 1417 1459 in
1434 1433 1494 1460 loco
1512 1433 1558 1461 ubi
1575 1434 1739 1468 praedicatio

103 1483 164 1502 non
181 1476 248 1503 adeo
269 1475 351 1502 dilata
365 1480 406 1503 est
417 1476 488 1503 sicut
503 1476 573 1503 inter
595 1484 650 1508 ros,
676 1485 726 1504 nec
754 1481 818 1504 sunt
845 1477 891 1512 qui
912 1482 1038 1512 prompto
1060 1478 1152 1504 animo
1169 1478 1325 1505 necessaria
1355 1478 1521 1511 ministrent,
1558 1480 1638 1515 109
1675 1489 1739 1516 pro-

105 1526 205 1556 pterea
223 1526 361 1556 sumptum
377 1529 391 1548 a
409 1523 485 1550 vobis
508 1524 672 1558 acceperim,
688 1527 715 1550 ct
730 1523 862 1551 voluerim
893 1532 940 1551 vos
961 1523 1049 1551 facere
1060 1524 1207 1558 participes
1225 1531 1291 1551 meae
1314 1523 1470 1553 aliiictionis
1489 1533 1521 1553 ac
1540 1528 1739 1556 remuneratio—

104 1569 165 1596 nis.

145 1614 202 1641 Kal.
225 1614 280 1650 γὰρ
309 1615 356 1641 καὶ
388 1615 472 1649 ἐγγὺς
498 1616 537 1642 ἔτι
566 1616 613 1646 ὢν,
631 1618 677 1642 καὶ
693 1617 805 1647 πολλοὺς
822 1619 881 1651 ἔχω·

998 1614 1079 1641 tenim
1091 1621 1153 1639 cum
1161 1613 1250 1640 adhuc
1259 1620 1342 1648 prope
1352 1613 1611 1649 essem,multosque
1622 1615 1734 1643 habuis-

103 1660 191 1695 εἰπερ
211 1660 305 1695 ἧθελον
320 1662 382 1692 τοὺς
413 1662 608 1696 χορηγοῦντας,
635 1663 706 1697 ὑμᾶς
731 1664 890 1698 προέκρινα.

104 1706 166 1732 Καὶ
182 1706 357 1741 ἑξερχόμενος
378 1707 431 1741 γὰρ
446 1707 500 1733 ἀπὸ
514 1708 697 1740 Μακεδονίας,
725 1709 770 1735 καὶ
781 1710 808 1735 ἐν
824 1710 893 1735 Θεσ-

105 1750 250 1786 σαλονίκῃ,
273 1751 344 1786 ὑμᾶς
372 1751 463 1785 ἠξίουν
482 1753 618 1787 χορηγοὺς
644 1751 713 1780 εἶναι
737 1754 786 1788 τῆς
801 1754 894 1789 χρείας

107 1803 178 1830 μου.
195 1795 241 1830 Μὴ
254 1796 383 1830 νομίσητε
397 1796 426 1822 δὲ
444 1796 531 1823 ταῦτα
547 1797 637 1830 λέγειν
658 1806 692 1830 με
708 1799 754 1824 καὶ
769 1799 894 1832 ἐπαίρειν

105 1841 162 1876 τὴν
175 1840 275 1876 πρᾶξιν
296 1841 372 1876 ὑμῶν
390 1841 502 1877 ταύτην,
518 1842 561 1868 ἵνα
579 1842 619 1869 ἔτι
634 1844 681 1870 καὶ
695 1843 733 1870 ἔτι
746 1844 893 1878 χορηγῆτε,

106 1888 159 1913 καὶ
184 1889 243 1918 ταῖς
257 1887 361 1921 χρείαις
387 1895 438 1921 μου
460 1887 610 1922 ὲπαρκῆτε.
627 1889 761 1915 Τοσοῦτον
774 1889 828 1924 γὰρ
842 1889 894 1916 δέω

105 1932 154 1959 διὰ
162 1932 240 1959 τοῦτο
255 1934 340 1958 εἰπεῖν
353 1933 432 1966 αὐτὰ,
448 1933 488 1960 ὅτι
506 1933 559 1960 ἰδοὺ
576 1934 657 1966 λέγω,
674 1935 783 1969 Ἀπὲχω
795 1936 892 1968 πάντα,

105 1977 170 2004 ἀντὶ
196 1977 242 2004 τοῦ
266 1977 453 2013 ’Λπήλλαγμαι
484 1979 551 2013 πρὸς
581 1979 669 2005 πάντα
692 1979 725 2006 τὰ
750 1979 818 2014 πρὸς
844 1981 893 2015 τὴν

107 2023 217 2058 χρείαν,
238 2024 418 2058 ἀπήλλαγμαι
440 2025 479 2057 δὲ,
508 2022 563 2051 οἷον
595 2025 644 2051 οὐκ
669 2025 709 2051 ἔτι
724 2026 818 2060 χρείαν
837 2026 892 2060 ἔχω

106 2068 222 2095 τούτων.
250 2067 318 2094 Εἶτα
343 2069 387 2095 ἴνα
419 2069 455 2102 μὴ
482 2070 592 2104 λυπήσῃ
608 2070 645 2101 ὡς
660 2071 794 2103 ἀπαξιῶν,
812 2070 891 2106 Οὐχὶ,

106 2115 202 2148 φησιν,
221 2114 277 2140 ἀλλ’
295 2115 335 2140 ὅτι
352 2115 517 2149 περισσεύω,
543 2116 590 2142 καὶ
607 2115 682 2150 ἑξῆς.
709 2125 718 2142 ι
745 2116 815 2150 Ἐγὼ
839 2118 893 2153 γὰρ

107 2159 212 2194 ἔμαθον
225 2161 253 2187 ὲν
266 2157 307 2191 οἷς
324 2161 395 2195 εἰμι,
420 2169 430 2186 ι
447 2160 563 2195 Διδαχῆς
577 2160 632 2195 ἄρα
649 2161 679 2187 τὸ
703 2163 819 2197 πρᾶγμα
847 2163 894 2189 καὶ

108 2206 263 2240 ἁσκήσεωξ.
287 2205 319 2231 Τί
337 2206 366 2232 δὲ
392 2205 504 2240 ἔμαθες,
530 2202 552 2232 ὧ
580 2205 639 2231 θεία
652 2205 744 2242 illum;
779 2207 824 2233 Ἐν
853 2205 893 2239 οἷς

107 2251 178 2285 εἰμι.
197 2251 335 2283 Τουτέστι,
347 2251 403 2282 τοῖς
421 2250 553 2286 παροῦσιν
575 2251 729 2286 ἀρκεῖσθαι,
745 2253 822 2287 φησὶ,
847 2253 893 2279 καὶ

948 1668 1005 1688 sem
1026 1660 1047 1687 si
1065 1659 1191 1687 libuisset
1212 1660 1258 1694 qui
1277 1663 1417 1694 sumptum
1434 1659 1668 1694 suppeditassent,
1689 1669 1739 1689 vos

947 1704 1084 1740 prmelegi.
1104 1703 1171 1730 Nam
1185 1707 1211 1730 et
1225 1711 1239 1730 ιι
1255 1702 1413 1730 Macedonia
1431 1711 1559 1738 egressus
1576 1709 1603 1731 et
1623 1712 1637 1731 ιι
1652 1705 1739 1732 Thes-

949 1750 1082 1782 salonica,
1100 1757 1146 1776 \os
1163 1749 1260 1784 dignos
1275 1749 1341 1776 duxi
1359 1750 1405 1783 qui
1423 1750 1577 1776 necessaria
1594 1750 1659 1777 mihi
1674 1758 1740 1786 sup-

950 1796 1120 1832 peditaretis.
1137 1794 1175 1823 Ne
1191 1795 1354 1823 existimetis
1369 1800 1458 1822 autem
1472 1803 1514 1822 me
1530 1796 1587 1823 hare
1598 1796 1700 1828 dicere,
1713 1802 1740 1824 et

950 1843 1019 1871 hanc
1035 1847 1152 1870 vestram
1165 1842 1299 1869 actionem
1314 1842 1455 1875 extollere,
1469 1847 1498 1869 ιιι
1509 1842 1596 1877 magis
1608 1850 1640 1870 ac
1654 1843 1740 1878 magis

949 1889 1140 1924 suppeditetis,
1158 1889 1279 1923 meisque
1302 1888 1512 1915 necessitatibus
1538 1888 1645 1916 faciatis
1662 1889 1739 1916 satis.

949 1935 1066 1962 Tantum
1081 1935 1176 1968 abest,
1191 1939 1220 1962 ut
1233 1938 1375 1969 propterea
1394 1934 1451 1961 haec
1466 1934 1554 1962 dicam
1568 1954 1575 1966 ,
1589 1934 1660 1969 quod
1677 1942 1740 1962 eme

950 1982 1039 2017 recepi
1054 1981 1155 2013 omnia.
1168 1981 1194 2008 id
1204 1986 1256 2014 est,
1266 1985 1410 2015 exemptus
1418 1988 1478 2008 sum
1490 1980 1563 2008 circa
1578 1982 1668 2008 omnia
1680 1989 1741 2016 qua

949 2027 1139 2055 necessitatem
1156 2030 1324 2054 concernunt
1340 2036 1346 2053 :
1363 2031 1506 2061 exemptus
1524 2034 1595 2059 sum,
1613 2027 1738 2062 inquam,

951 2073 991 2100 sic
1006 2078 1035 2100 ιιι
1047 2069 1103 2108 jam
1116 2072 1159 2100 his
1170 2080 1224 2100 non
1240 2072 1388 2107 indigeam.
1402 2071 1505 2100 Deinde
1520 2080 1554 2100 ne
1564 2080 1682 2100 moerere
1692 2080 1739 2100 eos

951 2116 1050 2144 aiiiciat
1064 2121 1194 2151 tanquam
1212 2117 1359 2152 repudians
1375 2126 1381 2143 :
1399 2117 1470 2150 Non,
1488 2117 1585 2152 inquit,
1600 2117 1646 2145 sed
1667 2118 1739 2152 quod

949 2162 1057 2189 abunde
1076 2162 1143 2189 mihi
1158 2163 1214 2194 sit,
1230 2165 1281 2189 etc.
1308 2171 1317 2187 ι
1338 2162 1406 2189 Nam
1424 2169 1474 2197 ego
1491 2162 1573 2190 didici
1593 2162 1619 2189 in
1640 2163 1740 2197 quibus

949 2214 1020 2234 sum.
1042 2216 1051 2232 ι
1077 2206 1213 2234 Docti-inre
1232 2210 1306 2233 certe
1329 2206 1380 2233 hoc
1398 2210 1440 2233 est
1462 2210 1488 2233 et
1512 2206 1647 2233 exercitii.
1670 2206 1739 2239 Quid

949 2255 1039 2278 autem
1055 2251 1186 2284 didicisti,
1198 2251 1276 2278 beata
1288 2251 1379 2278 anima
1393 2251 1404 2278 ?
1417 2251 1466 2278 His
1478 2251 1504 2279 in
1515 2251 1615 2286 quibus
1628 2259 1700 2282 sum,
1713 2251 1738 2278 id

107 2296 249 2330 αὐτάρκης
265 2295 343 2322 εἶναι.
362 2306 371 2322 ι
392 2294 456 2323 Οἶδα
488 2297 535 2323 καὶ
551 2297 756 2325 ταπεινοῦσθαι.
778 2308 787 2324 ι
813 2299 843 2325 Ἴι

1016 2290 1208 2332 praesentibus,
1234 2304 1296 2324 esse
1324 2300 1472 2324 contentus
1497 2302 1523 2324 et
1547 2296 1736 2324 suﬂicientimn

106 2342 166 2375 ἐρεῖ
181 2350 232 2372 τις,
248 2341 278 2367 τὸ
295 2341 344 2376 μὲν
358 2341 458 2368 εἰδέναι
468 2342 547 2376 λιμὸν
560 2342 665 2377 φέρειν,
688 2342 800 2378 ἀρετῆς,
812 2343 844 2369 τὸ
864 2344 892 2369 δὲ

105 2387 297 2422 χορτάζεσθαι,
323 2387 403 2419 ποίας
433 2388 552 2423 ἀρετῆς;
579 2389 633 2414 Καὶ
659 2388 760 2422 σφόδρα
779 2389 890 2423 ἀρετῆς.

107 2433 212 2467 Ὠσπερ
239 2433 293 2467 γὰρ
308 2434 324 2468 ή
351 2433 526 2469 στενοχωρία,
551 2433 637 2465 οὕτως
655 2433 701 2460 καὶ
716 2434 733 2468 ὴ
748 2433 822 2460 ἄδεια
837 2432 892 2460 οἶδε

105 2478 208 2504 τίκτειν
224 2478 309 2504 πολλὰ
334 2478 418 2506 κακά.
451 2478 548 2505 Πολλοὶ
572 2479 625 2514 γὰρ
640 2480 668 2505 ὲν
685 2479 800 2514 ἀφθονίᾳ
815 2479 892 2514 γενό-

108 2532 194 2558 μενοι,
214 2524 393 2560 ρᾳθυμότεροι
420 2525 594 2559 γεγένηνται,
630 2525 678 2552 καὶ
701 2526 750 2552 οὐκ
778 2526 890 2560 ἴσχυσαν

105 2570 216 2603 ἐνέγκαι
233 2570 337 2597 κοιλίαν
351 2571 587 2607 κεχορτασμένην.
602 2571 656 2597 Καὶ
671 2571 724 2606 γὰρ
740 2572 754 2597 ὁ
769 2572 889 2608 Ἰσραὴλ,

104 2615 153 2641 οὐκ
168 2615 268 2650 ἤνεγκε
280 2615 325 2642 τὸν
342 2616 433 2652 κόρον,
455 2616 511 2643 ἀλλ’
540 2616 732 2644 ἀπελάκτισεν.
757 2617 825 2644 Ἀλλ’
841 2619 890 2653 οὺχ

105 2662 118 2687 ὁ
137 2661 250 2692 Παῦλος.
271 2671 280 2688 ι
293 2662 503 2690 Ταπεινοῦσθαι,
520 2672 529 2689 ι
546 2661 608 2690 Οἴον
625 2663 780 2699 λιμώττειν.
801 2674 809 2690 ι
836 2665 889 2691 Πε-

107 2707 252 2741 ρισσεύειν.
273 2717 282 2733 ι
303 2705 376 2739 οἷον,
393 2709 584 2744 κορέννυσθαι.
599 2709 652 2736 Ἐν
678 2709 768 2736 παντί
785 2709 835 2736 καὶ
856 2710 890 2736 ἐν

105 2751 179 2780 πᾶσι
195 2753 350 2789 μεμύημαι.
367 2753 411 2781 Ἐν
424 2756 503 2781 παντὶ
521 2755 675 2790 πράγματι,
701 2755 776 2789 φησὶ,
794 2755 840 2781 καὶ
858 2756 887 2782 ὲν

139 2844 162 2862 ⁸⁵
175 2844 255 2874 Deut.
273 2853 358 2878 xxxii,
373 2846 383 2872 Ι
399 2853 475 2881 seqq.

271 2892 406 2922 [’ATROL.
431 2892 487 2922 Gn.
513 2887 654 2921 CXVIII.

947 2343 1058 2370 habere.
1085 2352 1095 2368 ι
1113 2342 1180 2370 Novi
1202 2347 1229 2370 et
1254 2342 1367 2370 humilis
1390 2349 1461 2370 esse.
1486 2351 1495 2368 ι
1526 2342 1602 2370 Dicet
1622 2343 1739 2370 fortasse

946 2388 1046 2423 aliquis
1065 2399 1070 2416 :
1091 2388 1168 2416 Scire
1187 2389 1297 2423 quidem
1318 2387 1390 2416 ferre
1410 2388 1519 2420 famem,
1537 2388 1648 2416 virtutis
1663 2393 1705 2417 est
1732 2398 1737 2414 :

946 2442 1029 2463 nosse
1046 2439 1136 2463 autem
1150 2435 1281 2468 saturari,
1301 2434 1380 2468 cuius
1405 2435 1456 2462 erit
1474 2435 1584 2463 virtutis
1596 2435 1609 2461 ἲ
1624 2435 1741 2462 Maxime

944 2482 1025 2509 etiam
1039 2482 1148 2509 virtutis
1172 2487 1222 2509 εει.
1248 2481 1482 2514 Quemadmodum
1507 2481 1579 2509 enim
1602 2480 1738 2516 angustia,

945 2528 981 2556 ita
995 2533 1022 2556 et
1035 2528 1171 2556 securitas
1183 2527 1267 2554 multa
1283 2527 1359 2554 novit
1370 2534 1469 2563 parare
1483 2527 1562 2554 mala.
1575 2525 1738 2561 Complures

944 2581 1061 2609 namque
1073 2574 1117 2609 qui
1133 2573 1166 2600 ad
1180 2573 1377 2600 abundantiam
1390 2575 1585 2608 pervenerunt,
1598 2572 1738 2608 segniores

945 2619 1008 2647 facti
1024 2624 1103 2652 sunt,
1116 2627 1166 2647 nec
1181 2623 1334 2647 saturatum
1351 2624 1473 2647 ventrem
1492 2617 1562 2645 ferre
1577 2622 1738 2653 potuerunt.

945 2666 1052 2693 Etenim
1076 2665 1159 2692 Israel
1176 2665 1328 2692 satietatem
1346 2673 1400 2693 non
1419 2663 1491 2695 tulit,
1510 2663 1557 2691 sed
1579 2663 1736 2690 recalcitra-

944 2710 984 2738 vit
997 2710 1019 2726 "
1039 2718 1044 2736 :
1064 2714 1092 2736 at
1108 2716 1160 2736 non
1177 2709 1214 2736 ita
1223 2708 1334 2737 Paulus.
1351 2718 1360 2734 ι
1380 2708 1495 2735 llumilis
1505 2715 1577 2741 esse,-
1593 2717 1602 2733 ›
1619 2707 1670 2734 hoc
1683 2712 1736 2739 est,

948 2754 1019 2783 fame
1033 2755 1132 2790 premi.
1153 2764 1162 2780 ι
1182 2753 1349 2787 Exuberare,
1370 2763 1378 2779 ι
1402 2753 1428 2780 id
1443 2759 1493 2784 est,
1523 2753 1650 2780 saturari.
1666 2750 1736 2779 Ubi-

1514 2887 1552 2918 42
