4160 6424
333 373 3772 444 ω

1799 541 1880 639 Ν
1890 543 2327 639 ΟΤΙΤΙΑ.

1373 743 1619 824 (Ouum,
1657 741 1746 804 De
1776 740 2010 823 Scn'pt.
2042 743 2271 818 eodem,
2306 748 2352 805 t.
2381 744 2459 817 II,
2491 764 2556 826 p.
2589 744 2766 824 518.)

415 1046 856 1118 (Ecumenius,
893 1045 1105 1108 astatis
1133 1044 1324 1129 etiam
1355 1040 1697 1129 admodum
1729 1039 1986 1129 incerta:
2019 1044 2289 1129 scriptor
2315 1049 2573 1129 Graecus
2594 1045 2700 1126 (α).
2739 1046 2816 1106 de
2846 1065 2972 1126 quo
3004 1047 3200 1107 altum
3237 1047 3554 1110 silentium
3605 1052 3773 1129 apud

339 1137 581 1191 veteres
613 1149 738 1189 non
775 1131 1131 1206 incongrue
1163 1125 1242 1185 ad
1271 1141 1506 1183 annum
1531 1121 1659 1207 θεξο
1695 1122 1971 1200 ponitur,
2005 1121 2206 1187 donec
2232 1137 2466 1186 certam
2493 1121 2930 1188 illius'astale'm
2964 1129 3210 1207 assequi
3237 1129 3440 1190 liceat.
3476 1121 3674 1192 Porro
3707 1137 3775 1192 ut

338 1213 401 1273 in
435 1211 639 1271 fronte
671 1203 1287 1290 Commtntariorum
1327 1203 1755 1290 praemittitur,
1797 1208 2052 1290 nomine
2087 1219 2443 1290 auctorum_
2475 1227 2550 1290 ex
2602 1210 2831 1284 quibus
2893 1203 3218 1269 contexuit
3271 1211 3775 1290 lz'xplarratz'onem

335 1311 504 1358 suum
538 1312 598 1349 ιη
633 1289 868 1371 Novum
902 1286 1376 1371 T:-slamen£um,_
1401 1286 1536 1371 haec
1558 1293 1719 1371 funt
1738 1300 1751 1371 ξ
1782 1283 2030 1371 Papias,
2060 1291 2351 1371 Clemens,
2381 1283 2723 1349 illclhodrus
2773 1292 3118 1370 Dionysius,
3158 1283 3431 1357 [rens-us.
3467 1295 3768 1371 Origenes,

335 1375 728 1455 Hippolytus1
761 1369 1152 1455 Athanasius,
1193 1363 1484 1428 Eusebi-us
1528 1365 1832 1455 ‘Basr'lf'us,
1865 1367 2218 1455 Gregorius,
2248 1369 2573 1450 Nyssenus,
2611 1371 2885 1455 Aeacius,
2928 1363 3228 1455 Isidorus,
3263 1373 3531 1455 I’Ir‘otr'us”,
3571 1363 3773 1455 Chry;

334 1446 645 1534 sciremus,
679 1450 1014 1534 Gregorius
1035 1446 1901 1534 Nazianze'rus.Severianus,
1941 1446 2579 1534 Gennadiusfztrelas,
2627 1450 2926 1534 Andreas,
2997 1446 3408 1522 Caesariensis,
3475 1446 3769 1534 Cyrillu's,

349 1526 776 1594 Theodoram.
799 1526 964 1614 Cum
1001 1531 1192 1609 igitur
1224 1550 1302 1614 ex
1333 1528 1539 1614 citatis
1569 1526 2247 1614 auctoribusAndi-eas
2276 1533 2698 1603 Caesariensis,
2735 1533 2842 1614 qui
2875 1533 2938 1591 in
2975 1551 3120 1593 mss.
3155 1534 3340 1594 codd.
3387 1526 3775 1614 inscribitur,

328 1633 508 1675 anno
537 1615 787 1674 circiter
807 1611 926 1673 812
956 1607 1295 1691 scripserit.
1335 1615 1396 1669 et
1426 1607 1689 1691 Phenus
1713 1611 2165 1691 annoicirciter
2194 1610 2336 1683 880,
2375 1619 2443 1672 ut
2468 1619 2734 1682 constat,
2755 1607 3084 1684 'floruerit,
3123 1633 3264 1674 cum
3331 1621 3550 1675 Aretas
3608 1607 3776 1676 anno

331 1698 589 1756 circiter
615 1696 738 1753 920
766 1687 1099 1761 exstiterit,
1138 1701 1321 1773 recte,
1361 1705 1500 1773 meo
1525 1687 1780 1773 quidem
1815 1690 2082 1769 calculo,
2117 1693 2487 1770 scriptorem
2519 1693 2685 1754 hunc
2718 1693 2921 1754 Cavus
2943 1713 3128 1773 quem
3165 1695 3512 1771 sequimur,
3548 1698 3630 1756 ad
3660 1715 3774 1756 ano

335 1794 493 1836 num
525 1775 647 1836 990
676 1775 1020 1836 collocasse
1055 1772 1319 1833 videtur.
1353 1772 1618 1854 Esstant
1650 1767 1844 1845 ipsius
1873 1767 2316 1835 Enarratinries
2348 1779 2411 1833 in
2444 1775 2598 1834 Acta
2628 1767 3052 1854 apostolorum,
3109 1775 3173 1835 in
3221 1767 3530 1854 Epistolas
3584 1778 3788 1838 sancti

333 1855 534 1938 Rana
561 1875 776 1932 omnes,
809 1857 961 1938 egi"
983 1873 1180 1938 omnes
1210 1849 1561 1938 ίάιιλοηῑςαε,
1605 1867 1764 1938 quas
1822 1854 2108 1938 sequitur
2169 1849 2744 1938 Commentarios-,4
2760 1855 2935 1938 rer/lae
2967 1859 3030 1916 ιή
3087 1849 3526 1938 Apocalypsim.
3591 1859 3775 1918 Edita

342 1931 800 2000 Commentario
824 1933 1180 1999 morionem?
1205 1945 1262 1995 et
1292 1933 1532 1994 Aret/lae
1568 1931 1838 2014 primum
1870 1934 2078 1995 Graece
2113 1941 2264 2012 tvpo
2300 1955 2553 2011 prorsus
2583 1935 2812 2014 insigni
2838 1938 3098 1997 Veronae
3131 1931 3191 1996 in
3225 1931 3374 1998 folio
3406 1956 3572 1998 anno
3602 1939 3776 2000 1532.

341 2037 382 2078 a
418 2023 662 2080 Donato
698 2017 1060 2086 Veronensi,
1093 2017 1302 2075 dicata
1333 2009 1637 2094 Clementi
1675 2028 1854 2094 papae
1889 2016 2018 2085 VII,
2055 2009 2198 2094 quae
2230 2009 2458 2077 ibidem
2485 2009 2904 2078 recusa'anno
2940 2017 3116 2078 1562.
3151 2021 3384 2078 llorum
3419 2019 3771 2080 versionem

340 2101 405 2160 in
441 2101 719 2178 linguam
753 2101 1046 2158 Latinam
1079 2114 1412 2175 aggressus
1441 2099 1536 2152 est
1569 2091 1819 2178 Lovanii
1856 2115 2024 2157 anno
2065 2091 2211 2157 {545
2272 2101 2549 2159 Joannes
2591 2098 2969 2171 'Hentenius,
3035 2099 3499 2160 Meehliniensis
3555 2100 3772 2177 Belga,

341 2172 695 2240 monachus
727 2172 1279 2257 Hieronymia'n'us,
1311 2196 1454 2257 quae
1493 2172 1741 2233 Parisiis
1767 2189 1936 2237 anno
1969 2179 2122 2239 1547
2154 2181 2218 2238 in
2254 2179 2364 2240 fol.
2400 2179 2653 2258 prodiit.
2693 2179 2972 2258 Denique
3002 2180 3215 2240 Graece
3247 2187 3310 2240 et
3339 2180 3563 2240 Latine
3592 2172 3767 2240 Pari?

343 2262 453 2322 siis
486 2259 664 2333 1631,
699 2259 735 2319 2
767 2260 956 2320 tomis
987 2259 1048 2318 in
1081 2259 1254 2320 folio.

1357 2488 1752 2534 SANOTISSIIO
1796 2488 1872 2532 AC
1919 2487 2279 2535 ιιεΑτιεεικο
2323 2487 2503 2534 ΡΑΤΒΙ
2543 2487 2784 2535 NOSTRO

1231 2626 1692 2690 CLEMENTI
1763 2625 1892 2688 νη
1963 2625 2446 2689 PONTIFICI
2518 2602 2892 2690 MAXIMO

1709 2776 1982 2824 DONATUS
2026 2777 2425 2826 VEBONBNSIS.

1740 2893 1881 2974 (Ed.
1913 2893 2146 2958 Veron.
2172 2891 2384 2975 1532.)

423 3055 606 3127 Quod
641 3056 701 3116 in
736 3056 1191 3135 Chrysostomo
1215 3055 1408 3116 animi
1441 3054 1710 3134 primum
1747 3055 1968 3116 habuit
2001 3061 2145 3116 tuus
2178 3056 2278 3116 hic
2309 3056 2526 3134 tuique
2557 3055 3029 3117 amantissimus
3053 3062 3243 3136 atque
3299 3057 3780 3120 observantissi-

353 3155 491 3197 mns
527 3138 694 3197 titius
721 3138 1041 3207 Gibertus,
1073 3138 1430 3197 beatissime
1465 3139 1669 3206 Pater,
1697 3139 1996 3215 quodque
2025 3138 2250 3196 deinde
2282 3138 2342 3196 in
2377 3137 2739 3213 Euthymio,
2773 3156 2844 3198 ac
2895 3146 3232 3214 postremo.
3268 3139 3332 3198 in
3388 3141 3778 3200 Damasceno

350 3235 536 3296 quem
567 3219 852 3296 proxime
924 3219 1300 3296 impressum
1334 3221 1486 3278 Tuae
1516 3219 1847 3278 Sanctitali
1879 3219 2219 3278 dicandum
2254 3221 2497 3277 curavit
2530 3235 2544 3276 :
2578 3218 2741 3278 idem
2777 3219 2836 3277 in
2876 3219 3042 3279 hisce
3081 3220 3551 3281 commentariis
3612 3236 3779 3282 nunc

351 3297 537 3358 habet
570 3319 584 3360 :
625 3307 690 3358 ut
716 3318 823 3359 eos
852 3300 959 3359 alii
991 3300 1148 3359 nulli
1181 3300 1563 3368 mortalium,
1602 3300 1707 3358 sed
1746 3300 1850 3358 uni
1886 3299 2000 3358 tibi
2031 3307 2332 3376 tanquam
2366 3298 2669 3376 singulari
2703 3301 2951 3358 cuidam
2986 3317 3100 3360 suo
3133 3301 3373 3360 numini
3407 3299 3594 3361 dicet.
3632 3303 3783 3362 Hos-

348 3397 418 3462 ce
452 3379 650 3457 igitur
678 3379 758 3440 ab
789 3381 1008 3441 eodem
1044 3380 1256 3440 animo
1292 3381 1604 3462 profectos
1629 3387 1695 3462 tu
1724 3380 2001 3462 vicissim
2026 3389 2246 3439 vadem
2282 3383 2491 3440 vultus
2523 3382 2882 3454 serenitate,
2920 3400 3042 3458 quo
3070 3383 3424 3458 superiores
3468 3382 3632 3462 illos,
3674 3399 3780 3443 ac-

350 3460 582 3538 cipies:
611 3467 673 3520 et.
713 3461 899 3537 juxta
943 3462 1089 3521 illos
1129 3467 1188 3520 in
1242 3461 1633 3538 ampli-sima
1689 3461 1805 3521 ista
1835 3461 2250 3537 omniumque
2283 3468 2415 3521 toto
2437 3462 2590 3522 orbe
2623 3462 3034 3522 celeberrima
3059 3462 3331 3524 Rumina
3393 3460 3780 3524 bibliotheca

351 3541 690 3601 collocabis
725 3561 740 3604 :
777 3553 842 3602 ut
866 3542 982 3619 ip~i
1015 3561 1270 3620 quoque
1301 3560 1441 3601 cum
1477 3561 1614 3601 eam
1649 3541 1762 3600 sibi
1795 3545 2007 3601 sedem
2070 3542 2379 3602 delectam
2430 3543 3016 3614 animadverterint,
3081 3561 3222 3603 cum
3283 3544 3536 3604 illorum
3598 3543 3780 3622 quasi

353 3621 932 3682 amantissimorum
969 3623 1234 3682 fratrum
1267 3623 1722 3682 consuetudine
1753 3631 1813 3682 et
1844 3629 2127 3699 aspectu,
2163 3629 2292 3680 tum
2327 3623 2416 3682 tui
2452 3624 2726 3682 numinis
2751 3623 3104 3701 praesentia,
3137 3625 3407 3685 laetiores
3436 3627 3498 3684 in
3557 3621 3779 3702 perpe-

355 3711 532 3762 tuum
568 3703 839 3780 degant:
874 3717 928 3764 et
966 3709 1329 3780 quicunque
1353 3709 1428 3762 ad
1463 3722 1528 3762 se
1560 3705 1957 3771 accesserint,
1993 3703 2130 3777 eius
2161 3705 2467 3763 doctrinae
2499 3706 2708 3781 cupidi
2744 3708 2922 3782 quasi
2955 3705 3070 3782 ipsi
3104 3706 3356 3766 abunde
3380 3707 3778 3779 refertimnt,

362 3802 677 3861 quamque
710 3803 774 3844 se
807 3784 1152 3844 tradituros
1187 3784 1586 3863 proﬁtentur,
1619 3802 1728 3844 eos
1756 3803 1793 3842 a
1816 3803 1881 3844 se
1914 3784 2144 3842 talibus
2187 3785 2518 3860 praeceptis
2574 3787 2874 3852 imbutos,
2935 3786 3117 3861 quasi
3164 3787 3370 3864 epulis
3399 3788 3779 3861 quibusdam

368 3884 486 3923 non
542 3865 726 3925 modo
775 3865 1232 3936 saluberrimis,
1283 3867 1387 3924 sed
1436 3867 1623 3925 etiam
1680 3864 2068 3923 suavissimis
2098 3865 2379 3932 satiatm,
2413 3884 2486 3923 ex
2521 3866 2640 3923 isto
2673 3873 2796 3924 tam
2832 3867 3045 3942 amplo
3075 3875 3332 3942 tamque
3363 3866 3590 3926 illustri
3641 3868 3780 3928 loco

365 3944 707 4005 dimittant.
745 3947 989 4006 Etenim
1026 3965 1167 4004 cum
1201 3947 1406 4006 omnis
1432 3948 1786 4005 divmorum
1817 3945 2114 4004 librorum
2139 3945 2330 4003 series
2362 3965 2519 4020 quos
2541 3946 2877 4005 canonicos
2909 3953 3161 4016 vocant,
3197 3948 3550 4024 quibusque
3569 3948 3777 4006 omnis

358 4045 540 4086 sacra
570 4027 857 4086 doctrina
886 4027 1268 4095 continetur,
1302 4027 1360 4086 in
1395 4029 1549 4085 duas
1582 4027 1780 4086 divisa
1814 4027 1890 4085 sit
1923 4033 2129 4102 partes
2163 4042 2176 4084 :
2215 4044 2480 4103 quarum
2519 4045 2664 4098 una,
2709 4027 2900 4086 Vetus
2936 4031 3103 4105 quod
3155 4037 3379 4087 vocant
3407 4031 3776 4088 Testamen-

364 4118 522 4177 tum,
559 4109 755 4167 altera
789 4115 1345 4187 n-tvumgamplexa
1376 4114 1469 4168 est
1503 4127 1516 4169 :
1552 4109 1632 4166 ab
1664 4108 1839 4167 initio
1871 4108 2124 4183 quidem
2159 4108 2478 4184 religionis
2511 4117 2738 4167 nostrae
2773 4107 2828 4166 in
2864 4118 3127 4186 utraque
3160 4109 3370 4187 lingua
3401 4129 3524 4168 non
3561 4109 3778 4168 defue-

367 4198 514 4247 runt
544 4196 605 4247 et
627 4189 855 4248 celebri
887 4185 1217 4249 sanctitate
1248 4197 1310 4249 et
1345 4192 1664 4266 prae-tanti
1699 4189 1986 4248 doctrina
2019 4188 2290 4265 praediti,
2325 4189 2432 4266 qui
2465 4196 2661 4248 totum
2697 4189 2850 4247 illud
2911 4189 3091 4265 quasi
3142 4185 3407 4249 cmlestis
3451 4189 3779 4267 sapientia;

362 4287 616 4342 corpus.
653 4270 1255 4347 editisamplissimis
1285 4270 1844 4343 eruditissimis-rue
1863 4268 2360 4337 commentariis,
2392 4271 2570 4330 nobis
2596 4277 3002 4348 exponerent.
3029 4272 3336 4330 Caeterum
3361 4288 3500 4330 cum
3526 4272 3776 4331 illorum

360 4352 620 4427 quidem
658 4351 1084 4428 unu~qoisque
1119 4352 1274 4410 bene
1295 4368 1444 4410 sane
1475 4352 1712 4418 omnia,
1736 4359 1805 4410 ut
1831 4350 2018 4409 homo
2051 4356 2288 4420 tamen,
2321 4368 2443 4408 non
2476 4351 2714 4426 optime
2755 4351 2969 4410 omnia
2998 4353 3390 4429 exposuisset
3424 4372 3438 4412 :
3481 4351 3778 4412 studio~i-

360 4448 486 4508 que
520 4438 642 4489 tam
678 4449 748 4490 ex
784 4432 1096 4503 omnibus,
1131 4450 1320 4507 quam
1352 4451 1427 4491 ex
1459 4431 1722 4508 singulis
1754 4451 1829 4490 ne
1865 4431 2044 4490 facile
2075 4431 2316 4508 optima
2346 4431 2507 4509 elegi
2542 4441 2817 4508 possent,
2854 4433 2989 4510 ipsa
3020 4440 3080 4492 et
3103 4433 3480 4510 scriptorum
3513 4433 3780 4492 etlibro-

360 4530 503 4571 rum
542 4511 940 4572 multitudine
981 4512 1460 4588 impedirentur,
1507 4529 1620 4570 nec
1651 4510 1964 4572 immerito
2004 4512 2184 4588 quasi
2215 4512 2410 4571 dubia
2441 4513 2717 4589 quadam
2751 4531 2931 4572 crena
2961 4513 3272 4590 apposita,
3325 4514 3477 4591 quid
3530 4513 3780 4591 potissi-

360 4611 539 4651 mum
572 4601 910 4662 sumerent,
943 4594 1308 4653 dubitarent
1340 4614 1352 4650 :
1391 4593 1764 4652 exstiterunt
1797 4593 1904 4652 alii
1934 4593 2132 4651 sancti
2167 4591 2462 4670 doctique
2522 4593 2660 4668 viri,
2714 4593 2822 4670 qui
2869 4592 3060 4654 etiam
3120 4593 3284 4654 hanc
3339 4593 3779 4654 difﬁcultatem

353 4672 658 4733 studiosis
689 4674 1042 4733 adimerent
1071 4693 1086 4744 ;
1123 4675 1232 4753 qui
1264 4673 1552 4733 videlicet
1584 4691 1706 4732 non
1743 4691 1935 4732 novas
1966 4673 2269 4750 quasdam
2295 4692 2332 4732 a
2363 4693 2427 4732 se
2476 4672 2765 4734 inventas
2795 4674 3346 4752 interpretationes
3405 4675 3780 4752 proferrent,

357 4755 474 4813 sed
505 4755 587 4812 ab
617 4753 865 4813 illorum
901 4773 1305 4834 unoquoque,
1342 4773 1470 4831 quo
1502 4755 1797 4828 diximus,
1831 4755 1911 4813 ad
1942 4772 2267 4813 sacrorum
2305 4754 2608 4813 librorum
2659 4754 3164 4817 illustrationem.
3223 4756 3464 4830 optima
3511 4773 3782 4833 quaeque

361 4835 676 4911 eligentes
706 4844 1110 4913 excerperent
1140 4853 1155 4896 :
1188 4843 1250 4894 et
1279 4835 1574 4895 omnibus
1603 4852 1744 4912 qua!
1776 4835 1866 4894 ita
1916 4833 2061 4895 hinc
2092 4845 2284 4913 atque
2332 4835 2506 4894 illinc
2537 4836 3012 4912 excerpsissent.
3048 4842 3376 4897 auctorum
3405 4854 3660 4896 suorum
3684 4854 3787 4896 no-

360 4915 540 4976 mina
571 4925 984 4992 apponerent.
1015 4916 1129 4978 Cui
1163 4917 1249 4975 rei
1279 4917 1481 4975 simile
1511 4917 1810 4990 quiddam
1845 4916 1887 4976 ii
1919 4916 2026 4992 qui
2059 4915 2346 4993 dialogos
2376 4916 2681 4985 scribunt,
2717 4919 2920 4976 facere
2956 4916 3286 4976 videntur:
3325 4936 3436 4994 per
3478 4917 3592 4977 hor
3637 4917 3786 4995 qui-

355 4999 510 5057 dem
541 4995 629 5056 illi
661 4998 1108 5075 signiﬁcantes,
1146 4997 1302 5056 nihil
1343 5015 1408 5057 se
1453 4997 1515 5056 in
1555 4996 1676 5056 hoc
1711 5000 2044 5057 verborum
2080 4997 2324 5056 dedisse
2375 4996 2750 5074 legentibus.
2785 4995 2892 5057 sed
2925 5016 3116 5057 unum
3149 4999 3459 5058 duntaxat
3513 4998 3792 5076 eligendi

357 5078 808 5155 scribendique
839 5078 958 5138 sibi
985 5079 1262 5137 laborem
1303 5096 1647 5155 curamque
1671 5082 2050 5150 sumpsisse:
2088 5087 2156 5136 ut
2188 5080 2306 5137 hoc
2341 5088 2528 5154 pacto
2554 5086 2616 5138 et
2645 5079 2906 5138 studiosi
2939 5081 3300 5157 quieunque
3335 5079 3523 5154 hujus
3558 5079 3792 5140 laboris

358 5159 566 5220 futuri
595 5165 818 5222 essent.
855 5161 1034 5236 quasi
1063 5159 1252 5218 vades
1299 5160 1499 5236 quoad
1527 5178 1607 5232 ιω
1641 5165 1704 5217 et
1752 5159 2153 5232 fideiussores
2185 5159 2566 5219 certissimos
2596 5162 2986 5228 singularum
3008 5161 3499 5238 expositionum,
3537 5160 3794 5239 propria

357 5239 480 5300 illa
512 5241 765 5301 nomina
802 5241 1102 5300 haberent
1136 5257 1150 5299 :
1191 5247 1253 5300 et
1285 5240 1334 5299 is
1361 5239 1472 5315 qui
1501 5241 1605 5298 illa
1638 5241 1716 5298 ad
1753 5240 2085 5300 utilitatem
2119 5240 2400 5299 omnium
2435 5240 2811 5314 collegisset.
2846 5242 3018 5300 omni
3049 5243 3236 5312 culpa
3267 5262 3390 5302 non
3418 5243 3620 5302 solum
3655 5260 3794 5302 am-

365 5320 651 5386 bitionis.
685 5323 789 5380 sed
836 5322 1028 5383 etiam
1065 5321 1302 5381 fraudis
1350 5321 1728 5397 invi-liaeque
1761 5327 2031 5380 vacaret.
2070 5326 2156 5380 Ac
2191 5329 2433 5379 tantum
2468 5322 2720 5397 quidem
2755 5323 2930 5381 abest
2961 5329 3024 5379 ut
3059 5323 3252 5381 ullam
3287 5323 3405 5382 sibi
3437 5323 3684 5383 laudem
3717 5341 3796 5382 ex

365 5402 495 5461 hoc
529 5403 823 5480 quaesisse
857 5403 1192 5463 videantur
1223 5403 1584 5481 quicunque
1618 5402 1982 5480 huiusmodi
2013 5403 2222 5462 studio
2255 5403 2550 5462 delectati
2579 5411 2748 5474 sunt,
2784 5412 2853 5463 ut
2881 5404 2979 5462 vix
3012 5423 3228 5464 eorum
3265 5424 3456 5465 unum
3499 5413 3611 5466 aut
3639 5406 3799 5465 alte-

448 5600 529 5670 (a)
565 5597 1132 5673 Epierpum_fui~:se
1153 5597 1667 5673 OEcumeniumet
1689 5597 2139 5673 sedem_Triccas
2164 5598 2224 5653 in
2263 5597 2571 5673 Thessalia
2625 5599 2890 5673 tenuisse
2911 5599 3172 5673 prodidit
3210 5605 3512 5672 excerptor
3558 5600 3799 5673 quidam

367 5673 889 5802 anpngmuspapud
923 5670 992 5728 D.
1021 5671 1192 5729 Bern.
1227 5675 1299 5727 de
1322 5669 1767 5728 Montefalconis
1798 5670 1858 5726 in
1880 5669 2228 5728 Bibliotheca
2260 5671 2632 5728 Coisliniana.
2665 5687 2796 5744 pag.
2828 5671 2957 5740 277,
2985 5673 3138 5744 quod
3171 5678 3337 5729 eatea
3384 5669 3594 5730 omnes
3638 5673 3802 5741 fuge-

376 5761 445 5800 ra
476 5786 487 5798 .
561 5762 671 5801 nrr.
747 5762 885 5802 ara-

574 5864 848 5927 PATROL.
892 5861 1008 5922 Gn.
1056 5859 1324 5922 CXVIII.
3572 5862 3600 5920 ι
