4160 6418
382 399 461 461 ιβ
1415 381 1910 447 insumamus
1958 374 2264 439 Talem
2306 377 2763 443 EPISCOPUS.
3737 389 3818 452 ω

399 530 888 609 Clirysostomns
918 528 1031 600 est,
1067 521 1173 609 qui
1205 520 1392 581 etiam
1431 515 1995 609 ubiqueidgpo‘lins
2024 531 2212 608 agere
2241 514 2422 585 solet,
2459 522 2529 575 nt
2557 513 2846 609 bomipes
2876 513 3111 609 auvitiis
3131 523 3458 609 revocaret
3486 516 3568 581 ad
3616 519 3816 609 virtu-

403 595 744 686 tes,'qnam
795 620 862 665 ut
891 595 1166 664 auctoris
1203 614 1471 686 mentem
1508 595 1801 686 aperiret.
1837 599 2030 657 Porro
2062 595 2171 686 _in_
2207 614 2312 686 eas
2340 612 2533 686 quasi
2561 596 3577 686 atholicaaoicuntnr,epistolas,
3609 611 3722 665 aut
3750 606 3815 665 in

400 678 844 770 Apocalyvsim
882 688 1089 745 nullos
1133 683 1390 744 omnino
1425 681 1731 741 habemus
1762 678 2441 770 commei’lariOSJBEw
2476 678 2891 770 έίκηθδνθίῗί-
2916 680 3085 770 quod
3114 699 3190 770 εξ
3224 679 3320 770 In?
3350 699 3516 770 qna-
3550 702 3717 746 nunc
3747 686 3812 747 in

404 759 604 833 lu'ct-m
639 759 886 831 damus.
923 772 1617 845 unperttecerptumac
1646 760 2150 845 consarcinatum
2186 764 2297 816 est.
2333 759 2515 818 Pauli
2548 777 2696 845 vero
2732 760 3040 845 Epistolas
3066 760 3187 845 etsi
3246 763 3457 845 plures
3501 763 3813 843 interpre-

392 855 511 914 tari
543 850 753 912 conati
806 851 947 919 sint,
1010 837 1168 909 adeo
1202 837 1411 905 tamen
1470 844 1720 924 illarum
1782 841 1966 901 lectio
1996 837 2317 924 salebrosa
2348 846 2441 898 est
2492 858 2565 898 ac
2597 840 2779 924 plena
2815 840 3224 911 anfractibus,
3248 837 3545 903 lectorem
3580 837 3812 924 sapius

394 935 522 993 suis
556 931 934 1008 longissimis
959 927 1230 1004 periodis
1263 944 1335 987 ac
1363 923 1730 1008 hyperbatis
1753 938 2125 1008 suspensum
2154 920 2445 1008 retinens,
2467 920 3141 1008 sesequeinaccessam
3174 932 3236 982 et
3257 923 3491 984 inviam
3511 920 3809 989 sensuum

395 1000 827 1093 prolunditate
859 1000 1148 1079 reddens,
1185 1019 1249 1066 nt
1278 1000 1567 1085 nisi'quis
1597 1022 1761 1076 eum,
1796 1021 1920 1081 quo
1948 1002 2053 1061 ille
2082 1000 2351 1079 scripsit,
2386 1001 2676 1080 spiritum
2708 1002 2933 1063 ducem
2985 1003 3240 1079 habeat,
3297 1023 3623 1085 nunquam
3681 1008 3809 1070 illa:

391 1095 545 1155 satis
572 1111 609 1152 a
640 1108 964 1170 quoquam
995 1095 1386 1170 enarrentur.

480 1160 679 1235 Porro
712 1160 1043 1231 Paulinum
1077 1169 1274 1229 cuivis
1305 1168 1523 1228 adesse
1552 1163 1838 1244 spiritum
1873 1180 1998 1223 non
2027 1160 2211 1222 facile
2243 1161 2591 1244 credidero,
2625 1162 2899 1224 maxime
2937 1181 3079 1225 cum
3134 1164 3278 1225 illos
3330 1165 3678 1229 miserrime
3735 1186 3811 1230 ac

400 1253 761 1333 turpissime
794 1250 1039 1312 videam
1071 1250 1135 1310 in
1160 1250 1259 1309 his
1290 1242 1689 1333 hallucinari,
1718 1244 1833 1333 qui
1862 1261 1995 1304 sese
2026 1261 2186 1333 unos
2216 1242 2415 1333 Pauli
2444 1249 2654 1333 tenere
2713 1251 2988 1305 mentem
3028 1246 3443 1333 impudenter
3492 1256 3806 1333 asserunt,

392 1323 601 1395 nulios
634 1334 791 1393 alios
821 1339 1050 1411 praeter
1077 1349 1257 1391 suum
1316 1331 1597 1408 ipsorum
1629 1326 1930 1411 animum
1957 1323 2285 1384 consulere
2317 1323 2598 1411 volentes
2630 1323 3299 1411 commentariosﬂmo
3347 1327 3810 1393 calumniantes

391 1416 604 1494 potius
626 1414 766 1474 illos
787 1404 860 1473 ac
891 1404 1373 1472 subsannantes.
1407 1411 1628 1494 Itaque
1658 1412 1893 1494 praeter
1916 1404 2084 1494 hunc
2111 1422 2293 1464 suum
2327 1406 2557 1494 erroris
2586 1406 2877 1494 spiritum
2908 1407 3148 1467 nullam
3196 1409 3463 1494 aliorum
3494 1410 3808 1494 recipiunt

398 1486 890 1570 enarrationem,
916 1494 1023 1553 sed
1056 1494 1270 1554 omnia
1309 1510 1423 1551 suo
1454 1488 1775 1570 explicant
1804 1486 2138 1556 arbitratu,
2173 1494 2282 1570 aut
2315 1488 2663 1570 depravant
2694 1486 2939 1570 potius:
2976 1506 3140 1563 quos
3170 1489 3297 1548 suis
3327 1491 3551 1551 Petrus
3581 1486 3805 1570 depin-

395 1579 489 1637 xit
516 1576 854 1652 coloribus,
874 1566 1038 1634 ’dum
1077 1574 1368 1633 Paulinae
1403 1570 1709 1652 Epistolas
1736 1568 1783 1645 δ,
1807 1572 2232 1652 non_certe_ut
2255 1566 2378 1652 isti,
2416 1567 2794 1652 clarissimas
2818 1568 2967 1628 dicit
2996 1587 3071 1652 ac
3093 1570 3467 1652 facillimas,
3500 1566 3805 1652 nulla-que

397 1676 560 1736 opus
592 1658 822 1717 habere
839 1647 1270 1725 enarratione,
1307 1652 1413 1712 sed
1449 1647 1755 1736 nonnulla
1786 1648 2109 1736 continere
2141 1647 2459 1736 intellectu
2494 1648 2791 1722 difficilia,
2830 1649 3259 1736 quasindocti,
3293 1651 3522 1736 inquit,
3560 1647 3810 1736 parum-

395 1728 517 1818 que
550 1738 712 1797 tirmi
746 1740 1144 1813 detorquent,
1181 1735 1692 1794 sicutetcaateras
1722 1728 2186 1818 Scripturas_ad
2222 1746 2399 1788 suam
2434 1731 2713 1807 ipsorum
2759 1731 3122 1818 perniciem.
3183 1732 3508 1818 Siquidem
3561 1728 3810 1818 divinas

392 1807 612 1881 dmoes
641 1807 1000 1893 Scripturas
1034 1807 1192 1876 Deus
1224 1833 1455 1875 arcano
1486 1831 1601 1872 suo
1632 1810 1891 1893 consilio
1922 1807 2123 1893 noluit
2158 1828 2610 1893 usquequaque
2643 1807 2886 1887 pervias
2917 1830 3050 1893 esse
3076 1807 3459 1889 hominibus,
3497 1833 3575 1875 ne
3624 1816 3809 1877 facile

390 1900 605 1978 adepti
636 1889 879 1958 essent:
916 1898 1021 1957 sed
1056 1904 1121 1956 ut
1152 1898 1350 1955 multo
1385 1895 1597 1955 labore
1624 1892 1887 1978 subacta
1920 1889 2244 1978 hominum
2273 1890 2547 1978 ingenia,
2582 1893 2985 1969 primumque
3016 1891 3213 1971 ipsius
3242 1893 3582 1978 implorato
3617 1896 3804 1956 auxi-

391 1969 787 2050 lim-tandem
813 1985 1140 2057 acceptum
1177 1979 1548 2057 thesaurum
1575 1979 1752 2033 tanto
1785 1971 2092 2031 haberent
2122 1969 2496 2057 chariorem,
2533 1978 2837 2057 tantoque
2867 1969 3189 2033 servarent
3236 1969 3503 2057 cautius,
3564 1983 3804 2054 quanto

394 2060 622 2139 majori
652 2061 857 2120 studio
888 2053 1311 2136 ac'diligentia
1339 2054 1747 2139 accepissent.
1783 2057 2116 2139 Caeterum,
2151 2053 2291 2128 quis
2321 2055 2540 2112 horum
2574 2054 2654 2112 sit
2684 2058 2916 2139 auctor
2934 2055 3553 2139 commentariorum.
3588 2053 3801 2139 mani-

392 2132 619 2201 festnm
653 2148 747 2201 est
780 2158 901 2200 non
934 2132 1225 2198 eumdem
1258 2157 1389 2199 esse
1422 2133 1791 2210 primarium
1823 2132 2105 2192 omnium
2135 2141 2480 2206 auctorem,
2517 2151 2656 2192 cum
2692 2134 2751 2192 in
2784 2135 2954 2195 Actis
3009 2135 3375 2212 apostolicis
3424 2137 3609 2196 simul
3642 2147 3705 2199 et
3734 2137 3800 2198 in

391 2222 671 2283 Paulinis
696 2220 989 2299 Epistolis
1016 2221 1285 2298 plurima
1318 2218 1416 2277 hic
1444 2216 1507 2276 in
1532 2214 1972 2299 compendium
2009 2213 2260 2299 redacta
2291 2214 2437 2281 sint,
2470 2232 2613 2292 quas
2638 2215 2835 2299 fusius
2867 2222 3247 2299 tractagverat
3288 2215 3796 2299 Chrysostomus.

390 2293 789 2379 Rursumque
821 2293 1237 2378 plurimorum
1266 2300 1535 2359 aliorum
1594 2293 1916 2379 sententiae
1965 2294 2339 2379 referuntur,
2387 2313 2553 2356 nunc
2605 2296 2856 2373 quidem
2893 2297 3110 2373 positis
3128 2296 3201 2379 in
3234 2297 3370 2357 solo
3402 2298 3627 2359 litteras
3658 2317 3803 2379 tonf

386 2389 561 2445 textu
597 2375 980 2452 nominibus,
1016 2399 1183 2440 nunc
1215 2399 1361 2439 vero
1391 2380 1624 2438 additis
1651 2377 1928 2437 etiamin
1965 2375 2247 2451 margine
2280 2394 2293 2437 :
2330 2394 2472 2455 quas
2506 2385 2568 2437 et
2599 2396 2713 2435 nos
2744 2379 2961 2438 eodem
2997 2378 3187 2437 modo
3226 2385 3296 2437 ut
3345 2379 3405 2437 in
3456 2377 3808 2455 exemplari

386 2472 640 2541 reperta
697 2469 841 2522 sunt
892 2463 1154 2521 omnino
1187 2460 1602 2541 reliquimus.
1647 2456 2237 2541 Ad‘Apocalypsim
2268 2466 2479 2541 autem
2513 2465 2721 2519 certus
2752 2457 3101 2536 praefigitur
3156 2464 3378 2541 auctor
3406 2456 3515 2539 (a),
3575 2460 3810 2522 additis

390 2536 577 2604 etiam
614 2544 675 2604 in
720 2542 899 2602 initio
941 2540 1301 2600 nominibus
1331 2536 1549 2600 eorum
1583 2558 1619 2598 α
1670 2536 1902 2616 quibus
1958 2536 2062 2594 ille
2121 2537 2425 2597 nonnulla
2482 2545 2897 2616 excerpserat.
2958 2541 3273 2599 Prmterea
3302 2538 3365 2598 in
3389 2536 3684 2601 omnibus
3709 2541 3808 2603 his

387 2624 864 2685 commentariis
895 2622 1257 2698 frequenter
1288 2639 1538 2698 quoque
1565 2626 1888 2697 ponuntur
1916 2616 2234 2698 variorum
2267 2625 2600 2677 auctorum
2631 2618 2985 2689 sententias,
3021 2636 3358 2697 suppresso
3405 2619 3657 2681 illorum
3698 2640 3811 2682 no-

389 2706 581 2774 mine,
619 2705 828 2766 uescio
858 2722 935 2763 an
965 2697 1364 2762 librariorum
1399 2700 1752 2761 oscitantia.
1779 2697 2002 2757 Varios
2034 2706 2240 2757 tamen
2275 2716 2409 2758 esse
2440 2698 2536 2758 vel
2568 2717 2643 2760 ex
2684 2718 2759 2760 eo
2790 2699 3011 2776 liquet,
3045 2700 3214 2777 quod
3274 2700 3509 2777 saepius
3565 2709 3811 2764 contra-

391 2785 556 2846 rium
589 2785 870 2844 invenias
900 2785 1037 2859 ejus
1068 2783 1235 2860 quod
1271 2788 1699 2860 praecesserat.
1730 2780 1937 2856 thue
1969 2796 2161 2837 unum
2197 2778 2368 2860 verbi
2401 2798 2591 2839 causa
2614 2782 3006 2858 proferamus
3033 2780 3393 2858 exemplum
3424 2800 3438 2842 :
3465 2800 3607 2841 cum
3633 2784 3809 2860 prius

386 2867 449 2927 in
483 2866 861 2945 Apoealypsi
893 2859 1120 2924 dixerit
1154 2859 1537 2945 Babylonem
1559 2879 1705 2945 esse
1736 2859 2371 2945 Constantinopolim,
2401 2880 2525 2945 non
2562 2861 2865 2945 mundum
2900 2878 3013 2919 nec
3045 2861 3240 2945 aliam
3266 2861 3569 2945 quamvis
3590 2859 3811 2925 civita-

387 2939 555 3015 tem,-
576 2939 979 3025 postmodum
1014 2946 1225 3005 multis
1257 2939 1502 3025 inlocis
1536 2943 1686 3025 dicit
1716 2959 1787 3025 ac
1815 2939 2042 3017 probat
2069 2959 2203 2999 esse
2228 2942 2555 3025 mundum,
2590 2947 2652 3001 et
2684 2941 2923 3025 nullam
2977 2943 3424 3025 particularem
3459 2943 3803 3005 civitatem.

387 3021 724 3091 Caeterum.
759 3044 1121 3105 quanquam
1156 3026 1216 3084 in
1252 3024 1565 3104 prioribus
1597 3022 1985 3105 librisnemo
2017 3039 2199 3080 suum
2236 3021 2578 3105 praeﬁxgerit
2601 3040 2828 3082 nomen
2854 3022 3365 3105 “,utestﬁraecis
3391 3027 3800 3101 consuetudo,

386 3127 713 3183 nunquam
747 3101 858 3166 suo
892 3101 1142 3167 nomine
1175 3101 1469 3183 evulgari:
1500 3122 1643 3183 quae
1674 3102 1793 3181 ipsi
1826 3120 1939 3161 suo
1968 3119 2165 3162 marte
2192 3120 2314 3161 non
2341 3101 2772 3171 elaborarunt,
2803 3103 2910 3163 sed
2946 3104 3134 3163 veluti
3167 3112 3465 3165 centones
3495 3108 3804 3183 quosdam

385 3206 459 3250 ex
499 3191 683 3249 variis
715 3188 1095 3266 collegerunt
1140 3205 1153 3246 :
1189 3184 1807 3266 evidentibustamen
1844 3188 2299 3266 propemodum
2334 3183 2715 3266 conjecturis
2745 3184 3102 3266 colligimus
3155 3185 3602 3247 OEcumenium
3665 3205 3802 3248 esse

386 3272 615 3349 partim
650 3263 971 3331 auctorem
1020 3270 1273 3339 borum,
1310 3268 1535 3349 partim
1589 3265 1989 3326 collectOrem
2041 3263 2768 3349 quitameninterdum,
2806 3265 2913 3324 ubi
2942 3284 3120 3326 suam
3156 3276 3298 3349 post
3346 3267 3502 3349 alios
3562 3267 3803 3347 profert

385 3344 787 3420 Sententiam,
821 3369 999 3409 suum
1035 3367 1289 3427 quoque
1314 3344 1563 3407 addidit
1595 3364 1843 3409 nomen.
1883 3362 1959 3403 ne
1991 3347 2139 3427 quis
2162 3344 2332 3427 illam
2364 3345 2505 3405 aliis
2538 3347 2863 3417 tribueret,
2915 3364 3106 3423 qnam
3169 3348 3303 3425 ipse
3361 3344 3617 3425 dignam
3669 3367 3798 3410 non

387 3432 685 3491 censebat
715 3449 855 3509 quae
886 3449 1026 3490 cum
1060 3425 1276 3489 eorum
1310 3427 1633 3487 sententiis
1662 3430 2074 3509 conterretur.
2109 3425 2389 3509 Plurima
2422 3431 2629 3485 auto-m
2666 3427 2977 3505 excerpsit
3008 3446 3081 3487 ex
3115 3427 3590 3506 Chrysostomo,
3621 3431 3804 3506 cujus

387 3519 602 3572 tamen
639 3505 863 3571 nomen
900 3521 1048 3569 tunc
1079 3511 1280 3570 solum
1311 3510 1456 3569 addi
1489 3508 1757 3584 curavit,
1789 3524 1929 3564 cum
1964 3505 2101 3583 ejus
2134 3506 2318 3587 verba
2357 3515 2729 3573 recenseret.
2766 3528 2884 3567 non
2917 3516 3125 3569 autem
3160 3505 3299 3567 cum
3329 3510 3523 3587 ipsius
3554 3505 3806 3570 senten-

387 3593 535 3653 tiam
570 3593 1097 3652 contractioribus
1121 3591 1326 3650 verbis
1358 3590 1635 3650 referret.
1673 3588 2080 3669 Quodautem
2110 3586 2181 3669 sit
2204 3586 2621 3649 CEcumenius
2650 3589 2757 3667 qui
2790 3587 2927 3649 haec
2957 3592 3165 3649 omnia
3194 3598 3421 3667 praster
3443 3592 3802 3669 Apocalyp-

385 3674 502 3733 sim
538 3674 744 3749 nobis,
774 3681 841 3733 ut
873 3691 1037 3731 nunc
1069 3673 1127 3731 in
1161 3672 1361 3731 lucem
1396 3673 1692 3739 eduntur,
1728 3668 2078 3736 tradiderit,
2115 3667 2211 3727 bis
2243 3669 2599 3746 colligimus
2655 3671 3064 3747 argumentis.
3126 3672 3406 3731 Primum
3468 3667 3802 3749 postremis

387 3755 990 3815 commentariorum
1026 3752 1231 3812 verbis
1265 3752 1557 3830 Epistulae
1589 3750 1666 3809 ad
1702 3749 2416 3831 Colossenses,_pr0prio
2448 3751 2636 3810 etiam
2670 3753 2921 3811 nomine
2958 3752 3227 3825 margini
3265 3751 3550 3831 praeﬁxo,
3587 3752 3806 3813 scribit

386 3835 452 3895 in
491 3835 663 3896 hunc
695 3836 948 3895 modum
987 3851 1001 3893 :
1034 3840 1186 3894 (lum
1213 3833 1292 3892 ab
1323 3831 1670 3909 exemplari
1703 3850 1823 3890 non
1858 3830 2105 3912 integre
2130 3829 2505 3890 invenissem
2543 3832 2706 3892 beati
2739 3831 3004 3893 Joannis
3035 3829 3281 3893 scholia
3326 3833 3390 3891 in
3454 3834 3799 3912 Epistulam

389 3915 467 3976 ad
504 3918 925 3987 (Iolossenses,
959 3914 1298 3992 conscripsi
1332 3914 1443 3973 illa
1477 3920 1546 3972 ut
1579 3912 1775 3991 potui.
1813 3910 1875 3971 Si
1909 3911 2058 3992 quid
2094 3910 2286 3987 igitur
2315 3911 2375 3970 in
2412 3912 2559 3990 ipsis
2584 3914 2716 3974 leve
2742 3921 2849 3972 aut
2878 3913 3362 3990 reprehensione
3392 3910 3654 3991 dignum
3714 3914 3805 3975 in-

387 4003 644 4057 ventum
681 3997 890 4063 fuerit,
919 3996 1160 4057 noverit
1192 3990 1244 4055 is
1273 3995 1376 4069 qui
1406 3990 1816 4071 legit,menm
1851 4008 1981 4050 es.-e
2016 3990 2381 4066 hujusmodi
2415 3994 2685 4071 lapsum.
2725 4017 2752 4049 ro
2790 3997 3056 4054 ltursnm
3090 4001 3319 4070 quarto
3360 3991 3439 4052 ad
3474 3990 3803 4070 ’l-Tphesios

389 4080 596 4155 capite
622 4077 815 4137 habet
848 4077 979 4136 haec
1011 4075 1224 4145 verba,
1249 4073 1398 4133 addi
1429 4094 1465 4131 o
1497 4075 1557 4132 in
1612 4075 1892 4150 margine
1936 4071 2032 4132 (Ει

2154 4072 2298 4132 lenii
2330 4075 2629 4155 nomine:
2693 4083 2831 4155 Ὅρα
2884 4101 2938 4135 τι
2994 4080 3143 4153 κάγὼ
3197 4078 3474 4155 ἐνόμισαν⁸
3519 4076 3644 4136 οὔτε
3697 4080 3797 4155 γὰρ

389 4152 635 4235 ἐγῶρισα
662 4162 731 4216 τὰ
757 4164 854 4215 τοῦ
887 4160 1158 4234 μακαρίου
1190 4166 1404 4227 νοῆσαι.
1441 4156 1570 4235 Hoc
1599 4160 1692 4212 est
1727 4171 1741 4214 ζ
1777 4176 1804 4207 κ
1842 4155 2032 4211 Anim.

2156 4161 2284 4212 erle
2316 4154 2466 4230 quid
2498 4164 2558 4215 et
2582 4156 2736 4215 mihi
2765 4152 2962 4215 visum
2992 4152 3108 4214 sit:
3144 4173 3347 4232 neque
3377 4152 3542 4214 enim
3576 4152 3797 4215 datum

390 4234 683 4313 fuitque:
717 4237 911 4313 ipsius
933 4237 1128 4296 sancti
1165 4254 1211 4294 St
1242 4243 1308 4293 nt
1339 4234 1763 4295 considerare.
1802 4258 1829 4289 ι»
1864 4235 2378 4311 Chrysostornnm
2413 4237 2789 4314 intelligens,
2820 4243 3075 4314 propter
3105 4237 3272 4313 quod
3307 4243 3370 4296 et
3393 4235 3657 4297 Joannis
3691 4253 3799 4296 no-

392 4336 533 4376 men
566 4320 626 4376 in
665 4320 950 4394 margine
979 4318 1349 4391 adiunctum
1382 4322 1538 4375 erat.
1578 4314 1741 4374 Satis
1771 4314 1983 4388 itaque
2009 4316 2283 4374 ostendit
2314 4315 2732 4377 OEcumenius
2763 4334 2828 4377 se
2859 4317 3257 4376 collectorem
3293 4334 3423 4376 es~e
3474 4335 3800 4376 commen-

352 4397 688 4458 tariorum
715 4397 777 4457 in
812 4416 1031 4457 omnes
1068 4397 1392 4473 Epistolas.
1425 4414 1548 4456 non
1584 4402 1793 4454 tamen
1832 4396 2023 4455 ullam
2052 4395 2205 4455 alibi
2236 4397 2453 4456 fecisse
2493 4398 2765 4475 suipsius
2800 4400 3203 4461 mentionem.
3235 4416 3310 4458 eo
3334 4399 3500 4474 quod
3557 4398 3617 4456 in
3668 4397 3802 4458 illis

382 4484 606 4538 nactus
636 4486 798 4538 esset
828 4480 1140 4555 integrum
1175 4477 1604 4557 Chrysostorni
1634 4477 1980 4553 exemplar.
2021 4477 2282 4535 ltursnm
2319 4476 2508 4554 huius
2534 4478 2852 4537 enarratio
2906 4480 3162 4557 ponitur
3212 4480 3602 4556 frequentius
3655 4483 3798 4555 post

381 4560 648 4619 aliorum
676 4559 1148 4635 eXplicationes,
1186 4560 1491 4617 reddente
1517 4556 1833 4616 interdum
1867 4575 2121 4617 causam
2152 4576 2367 4617 eorum
2393 4577 2536 4636 quae
2561 4561 2880 4636 praemissa
2906 4556 3105 4621 erant.
3137 4560 3428 4620 addendo
3453 4559 3640 4619 etiam
3673 4577 3798 4619 non

379 4658 546 4707 raro,
587 4664 618 4696 «
645 4642 788 4699 Mihi
814 4657 1068 4719 quoque
1091 4641 1177 4699 ita
1202 4639 1446 4698 videtur
1470 4657 1648 4715 posse
1688 4638 1833 4697 dici.
1860 4659 1887 4694 ι)
1917 4639 2073 4719 Quid
2103 4638 2153 4697 si
2176 4646 2240 4699 et
2272 4639 2389 4698 hoc
2422 4646 2608 4698 modo
2649 4639 2916 4706 dicatur.
2967 4642 3149 4717 juxta
3198 4640 3365 4700 hunc
3407 4641 3794 4700 intellectum

376 4739 561 4796 quem
588 4718 850 4782 etdivns
871 4718 1143 4782 Joannes
1166 4721 1594 4798 suscipitzaut
1638 4719 1825 4779 etiam
1851 4718 2065 4796 Cyrilli
2104 4738 2212 4779 seu
2255 4719 2469 4780 Basilii
2515 4726 2625 4779 aut
2680 4722 2957 4791 cu;usvis
3001 4722 3269 4782 aliorum
3318 4721 3578 4782 nomina
3619 4724 3797 4781 citat.

374 4803 572 4863 Porro
598 4803 729 4863 haec
760 4802 1044 4874 plurimis
1068 4802 1222 4862 locis
1246 4802 1453 4862 videre
1476 4808 1591 4871 est,
1625 4819 1892 4876 quorum
1931 4806 2232 4860 nonnulla
2264 4801 2366 4860 hic
2398 4802 2882 4862 recensebimus.
2917 4806 3007 4864 Ad
3069 4808 3383 4862 Romanos
3432 4803 3654 4880 quinto
3712 4799 3791 4880 ad

372 4899 445 4941 ea
477 4884 696 4954 verba,
726 4881 1051 4944 Peccatum
1074 4903 1193 4943 non
1225 4881 1563 4962 imputatur
1589 4879 1695 4940 ubi.
1718 4900 1830 4962 non
1853 4890 1935 4940 est
1968 4882 2109 4955 lex;
2136 4881 2341 4960 capite
2372 4901 2541 4942 nono
2577 4883 2653 4942 ad
2680 4902 2753 4943 ea
2785 4886 2998 4955 Verba,
3034 4881 3174 4944 Nisi
3207 4883 3494 4945 Dominus
3525 4879 3795 4942 Sabaoth

373 4964 719 5043 reliquisset
748 4963 914 5023 nobis
934 4981 1163 5034 semen;
1197 4960 1419 5044 prima
1445 4962 1520 5021 ad
1548 4960 1909 5044 Corinthios
1931 4978 2019 5044 vr.
2048 4982 2188 5022 cum
2225 4962 2478 5044 dicitur,
2513 4962 2631 5038 Qui
2657 4973 2985 5031 scortntur.
3019 4965 3077 5024 in
3109 4984 3321 5044 corpus
3348 4984 3515 5024 suum
3548 4971 3788 5040 peccat;

372 5041 578 5113 capite
629 5062 744 5113 vri,
810 5044 896 5105 De
946 5042 1287 5121 virginibus
1338 5056 1696 5123 praeceptum
1763 5042 2002 5103 Domini
2042 5062 2160 5103 non
2218 5041 2403 5123 habeo
2455 5063 2471 5120 ;
2528 5047 2734 5121 capite
2788 5062 2886 5117 xv,
2953 5049 3104 5109 Cum
3165 5041 3493 5105 trudit/erit
3541 5061 3792 5121 regnum

377 5124 500 5185 Deo
547 5135 605 5185 et
635 5122 845 5194 Patri,
898 5132 961 5186 et
1017 5120 1280 5195 eodem,
1338 5120 1427 5185 Ut
1484 5120 1543 5183 si
1596 5123 1750 5183 Deus
1798 5128 1996 5183 omnia
2058 5125 2119 5182 in
2179 5122 2503 5195 omnibus;
2557 5120 2634 5186 ad
2691 5126 2994 5203 Ephesios
3050 5142 3134 5197 ιι,
3210 5125 3402 5186 Juxta
3456 5125 3794 5204 principem

365 5208 675 5285 potestatis
730 5212 932 5278 aeris;
995 5207 1201 5284 capite
1253 5220 1350 5275 1v,
1417 5205 1466 5264 Α
1516 5224 1631 5285 quo
1686 5214 1877 5264 totum
1935 5222 2152 5284 corpus
2206 5208 2367 5285 quod
2417 5216 2733 5286 eoa/datur
2789 5217 2845 5269 et
2904 5212 3316 5288 compingitur
3369 5224 3385 5280 ;
3445 5213 3508 5268 et
3571 5209 3795 5265 eodem

435 5448 461 5487 ⁴
490 5451 535 5507 ΙΙ
567 5450 716 5508 Petr.
751 5467 838 5519 ιιι,
871 5451 958 5508 15.

360 5662 365 5665 ’
435 5661 514 5734 ta)
542 5659 784 5735 Arethas
816 5658 1038 5715 scilicet
1064 5654 1665 5735 Caesariensis,cuju_s
1696 5657 2157 5735 commentarius
2184 5659 2243 5735 in
2276 5658 2660 5735 Apocalypsin
2692 5665 2885 5719 exstat
2914 5658 3069 5735 apud
3106 5660 3322 5735 nosiad
3377 5675 3598 5717 annum
3654 5657 3788 5731 910,

364 5729 519 5793 torno
555 5731 698 5802 ενι,
721 5737 856 5806 post
883 5749 1013 5788 eum
1048 5747 1221 5802 quem
1254 5729 1491 5801 scripsit
1523 5731 1783 5787 Andreas
1811 5731 1946 5788 item
1982 5729 2383 5803 Casariensis,
2414 5729 2641 5791 Aretbe
2675 5729 2984 5807 magister.
3026 5735 3187 5791 Enrr.
3222 5734 3465 5791 PATBOL.
