4160 6448
304 426 376 492 1η
606 484 613 489 .
1716 428 2318 493 PROLEGOMENA.
3660 436 3736 499 l8

316 589 436 676 δρᾶ
460 610 573 676 non
601 588 850 652 occidat
875 609 1061 674 super
1076 592 1242 676 iram
1271 600 1553 676 vestram.
1589 592 1695 676 ubi
1726 592 1817 676 ait
1846 610 1862 652 :
1901 616 1931 648 «
1966 592 2282 666 Quosdam
2316 592 2529 656 audivi
2559 597 2646 657 ita
2675 596 3200 676 interpretantes;
3233 620 3264 657 η
3302 600 3597 663 secunda
3645 602 3726 664 ad

311 673 900 759 Tliessalouicenses
931 671 1026 745 in,
1060 671 1257 759 Porro
1290 675 1573 734 [Jommus
1602 674 2048 759 dirigaticarrja
2081 690 2273 736 vestra
2294 694 2324 759 ,ᾖ
2349 678 2424 737 ad
2460 679 2754 739 Hebraeos
2792 671 2858 753 x;
2896 671 3193 741 Umbram.
3229 679 3446 741 habens
3479 680 3576 743 lex
3618 688 3725 759 fu-

311 768 571 817 turorum
620 754 916 815 bonarum
943 774 968 827 ,'
999 757 1202 829 capite
1230 770 1352 837 xu,
1381 761 1501 837 Qui
1523 774 1637 835 pro
1668 753 1891 834 gout/i0
1915 753 2034 815 sibi
2079 757 2423 831 pro/insito;
2451 759 2591 818 aliis
2649 779 2902 837 quoque
2954 761 3102 820 locis
3160 761 3528 822 innumeris.
3563 753 3719 825 Ciim

309 838 501 916 igitur
532 839 669 897 hinc
703 838 848 919 luce
884 837 1278 919 manifestius
1308 836 1385 919 sit
1434 836 1886 898 (Ecumenium
1923 838 2333 898 Pauliuarum
2392 836 2811 919 Epistolarum
2845 842 3172 919 eollrgisse
3203 847 3714 918 commentarius,

316 920 692 1002 arbitramur
751 917 923 977 idem
977 919 1189 1002 ipsum»
1217 916 1433 979 fecisse
1462 920 1523 976 in
1546 921 1726 1002 ‘Acta
1756 920 2188 1002 apostolorum
2222 928 2284 979 et
2315 921 2373 1002 in
2435 916 2789 981 Catholicas
2824 916 3152 998 Epistolas,
3214 942 3569 1002 quanquam
3605 916 3731 986 nec

317 1000 407 1061 ibi
436 1016 613 1060 suum
645 1017 881 1059 nomen
910 998 1225 1058 addiderit
1256 1019 1271 1058 :
1302 1015 1446 1081 cum
1505 999 2075 1081 ejusdemiomnino
2105 999 2230 1059 sint
2289 1000 2553 1078 phrasis,
2588 1003 2707 1062 nisi
2737 1006 2903 1081 quod
2938 1003 3024 1061 ibi
3073 998 3721 1080 pauciOi-es‘habuerit

318 1099 479 1159 quos
507 1082 883 1145 imitaretur.
919 1097 1188 1158 quorum
1248 1080 1437 1139 etiam
1471 1079 1727 1138 nomina
1760 1080 1860 1138 vix
1894 1098 2172 1154 unquam
2223 1081 2283 1140 in
2319 1083 2533 1143 Graeco
2565 1079 2912 1161 exemplari
2951 1079 3165 1142 addita
3198 1086 3575 1158 invenimus,
3610 1107 3723 1149 nec

317 1163 383 1223 in
417 1164 640 1221 litteras
670 1168 972 1222 contextu
1010 1161 1556 1243 necAiumargiue.
1592 1163 1718 1220 Hos
1749 1168 1958 1219 autem
1995 1169 2240 1221 uo~tros
2273 1162 2685 1241 laboresjure
2720 1167 2963 1243 optimo
3022 1166 3339 1225 vindicare
3368 1166 3488 1226 sibi
3548 1176 3720 1240 pote-

313 1248 435 1308 rat,
475 1253 665 1323 utque
694 1260 810 1301 suo
843 1243 1097 1300 nomine
1125 1239 1186 1298 in
1222 1240 1426 1323 lucem
1475 1241 1821 1323 ederentur
1852 1247 2191 1323 postulare,
2227 1239 2685 1303 illustrissimus
2743 1239 3033 1323 princeps
3063 1263 3136 1304 ac
3172 1239 3725 1309 reverendisSimus

313 1322 613 1384 dominus
639 1322 711 1382 D.
746 1323 1026 1382 Joannes
1053 1340 1090 1381 a
1125 1320 1551 1401 Lotharingia,
1585 1320 1646 1381 S.
1682 1325 1758 1383 R.
1795 1324 1866 1382 E.
1900 1321 2062 1383 tituli
2093 1325 2156 1383 S.
2217 1325 2462 1384 Onufrii
2491 1320 2851 1397 cardina'tis,
2886 1320 3218 1386 doctorum
3279 1327 3555 1387 virorum
3588 1332 3723 1390 Me-

313 1422 532 1466 caenas
559 1402 872 1481 egregius,
904 1401 1009 1462 cui
1040 1401 1383 1479 plurimum
1435 1401 1667 1463 debent
1695 1402 2058 1480 quicunque
2108 1420 2428 1464 sacrarum
2464 1407 2839 1466 Litterarum
2887 1408 3110 1467 studiis
3138 1406 3375 1468 addicti
3427 1416 3575 1469 sunt
3607 1429 3621 1469 :
3658 1416 3726 1471 ut:

319 1483 452 1564 qui,
486 1487 700 1544 statim
732 1483 836 1542 ubi
867 1482 1267 1564 cognovisset
1323 1501 1423 1543 me
1449 1482 1814 1560 hujusmodi
1849 1483 1912 1543 in
1944 1500 2281 1544 commune
2336 1486 2630 1547 Ecclesiae
2659 1487 2894 1547 bonum
2950 1487 3215 1547 subiisse
3246 1487 3517 1559 labores,
3577 1507 3724 1551 cum

315 1566 413 1647 illi
446 1583 525 1625 ue
558 1565 639 1647 de
694 1564 953 1647 nomine
980 1563 1234 1647 quidem
1256 1570 1474 1647 __notus
1506 1582 1782 1647 unquam
1819 1564 2094 1647 fuissem,
2144 1564 2393 1626 liberali
2425 1573 2634 1627 tamen
2678 1585 2940 1629 munere
2968 1585 3067 1627 me
3094 1568 3318 1627 donari
3339 1568 3550 1647 jussit,
3582 1588 3725 1630 am-

311 1646 528 1729 pliora
555 1645 760 1729 etiam
781 1641 1085 1729 pollicens
1116 1641 1223 1703 ubi
1254 1643 1414 1705 liber
1444 1641 1907 1729 typisvexcusus
1934 1645 2118 1729 foret.
2136 1647 2265 1729 _Cui
2295 1647 2483 1707 etiam
2517 1647 2933 1708 libentissimo
2965 1649 3175 1708 animo
3204 1641 3364 1727 opus
3398 1649 3515 1710 hoc
3546 1649 3724 1712 dedi-

315 1724 583 1796 cassem,
647 1725 765 1785 nisi
797 1724 920 1807 iam
984 1725 1347 1800 priusquam
1382 1727 1471 1807 ad
1525 1728 1731 1804 ipsum
1760 1725 2058 1785 accedere
2115 1726 2396 1799 daretur,
2448 1746 2572 1787 nou
2617 1729 2831 1790 animo
2887 1729 3087 1789 solum
3131 1724 3583 1807 concepissem,
3618 1751 3724 1791 ve-

317 1827 460 1871 rum
494 1808 687 1889 etiam
722 1804 926 1889 verbis
953 1807 1031 1866 T.
1066 1808 1134 1867 ti.
1168 1807 1241 1867 D.
1266 1805 1771 1889 manifestassem
1805 1807 1886 1866 ob
1945 1824 2304 1889 eamquam
2341 1809 2513 1868 novit
2539 1827 2821 1878 causam,
2857 1809 3055 1888 ipsius
3086 1804 3383 1889 auspiciis
3412 1830 3572 1888 opus
3604 1811 3726 1874 hoc

311 1907 414 1951 me
442 1888 509 1948 in
568 1887 1120 1969 lucemediturum
1154 1902 1170 1946 :
1202 1886 1362 1969 adeo
1423 1895 1922 1969 utiuequaquam
1960 1887 2110 1947 mihi
2146 1888 2330 1950 fuerit
2377 1891 2716 1963 integrum,
2753 1886 2921 1951 aliud
2957 1909 3144 1969 agere
3202 1886 3311 1951 aut
3347 1886 3532 1951 fidem
3594 1912 3721 1953 non

309 1986 587 2033 servare.
623 1967 800 2040 Quod
833 1967 886 2027 si
936 1966 1125 2049 etiam
1160 1967 1431 2028 maxime
1488 1968 1691 2049 facere
1720 1968 2186 2049 voluissem,ine
2232 1969 2366 2047 ipse
2399 1971 2651 2049 quidem
2688 1966 3141 2032 illustrissimus
3170 1973 3482 2049 princeps,
3518 1991 3584 2033 re
3613 1992 3720 2034 co-

309 2051 515 2130 gnita,
549 2050 921 2130 ullo_modo
952 2048 1195 2108 tulisset
1226 2067 1241 2109 :
1278 2053 1347 2108 ut
1392 2048 1503 2127 qui
1531 2049 1688 2130 nihil
1740 2048 2104 2126 huiusmodi
2146 2048 2429 2110 nominis
2455 2054 2913 2114 celebrationes
2947 2048 3247 2122 moretur,
3297 2072 3437 2113 cum
3470 2053 3602 2130 jam
3639 2056 3719 2114 ad

307 2128 585 2212 tantum,
622 2128 1023 2207 splendorem
1053 2130 1407 2212 accesserit,
1442 2134 1509 2190 ut
1568 2129 1712 2190 hinc
1745 2130 1896 2212 nihil
1947 2131 2207 2190 omnino
2239 2150 2352 2193 suo
2412 2133 2649 2193 nomini
2684 2135 2879 2212 possit
2940 2151 3317 2193 accrescere.
3348 2128 3539 2207 Cuius
3573 2152 3718 2195 cum

301 2210 819 2274 amoentissimas
847 2228 1021 2291 Ops,
1055 2227 1196 2269 cum
1241 2210 1586 2288 ingenium,
1624 2211 1906 2287 corporis
1935 2220 1996 2270 et
2035 2211 2231 2270 animi
2279 2214 2492 2281 decus,
2529 2210 2696 2272 comi
2724 2214 3129 2274 suavisSimos
3182 2230 3387 2272 mures
3420 2214 3550 2291 ipse
3585 2233 3718 2275 me-

298 2311 443 2355 cum
479 2297 758 2359 revolvo,
796 2290 1077 2372 profecto
1103 2291 1153 2349 is
1184 2309 1314 2349 esse
1350 2291 1504 2350 mihi
1539 2292 1784 2351 videtur
1813 2291 1873 2350 iu
1907 2309 2033 2369 quo
2063 2292 2374 2352 fortunam
2410 2311 2548 2351 cum
2585 2300 2830 2359 natura.
2869 2311 3140 2372 cumque
3173 2294 3481 2353 ambabus
3516 2298 3713 2354 virtu-

299 2380 457 2443 tem,
488 2380 618 2433 tres
652 2371 1116 2450 potentissimas
1147 2388 1354 2431 rerum
1386 2371 1695 2443 dominas,
1732 2373 2129 2432 contendisse
2160 2375 2434 2437 credam,
2468 2378 2647 2447 cuius
2678 2374 2769 2452 ips
2794 2393 2954 2434 trum
2996 2371 3392 2452 potissimum
3426 2374 3713 2435 beneﬁcii

300 2454 508 2535 gratia
540 2459 883 2519 teneretur,
932 2459 1045 2511 aut
1072 2470 1213 2530 qua
1266 2452 1888 2535 plenioribusripsum
1923 2453 2287 2535 muneribus
2339 2472 2656 2532 manuque
2708 2456 2978 2529 largiore
3011 2455 3384 2515 cumularet.
3418 2456 3722 2516 Cumula-

303 2532 450 2597 runt
482 2540 653 2594 certe
682 2540 746 2593 et
800 2550 1070 2611 qumque
1099 2543 1193 2593 est.
1221 2532 1430 2592 officio
1487 2552 1601 2593 suo
1654 2534 1882 2600 fon-'ta,
1924 2552 2035 2594 nec
2066 2533 2165 2593 cui
2228 2536 2368 2611 plus
2398 2535 2623 2595 debeat
2677 2535 2858 2595 facile
2889 2536 3274 2596 discreveris.
3328 2537 3476 2597 Non
3509 2538 3723 2615 itaque

304 2616 636 2699 praterita
666 2632 814 2699 usus
864 2632 1002 2699 sum
1044 2614 1673 2699 excus_rltione,iquod
1729 2615 1932 2689 ipsum
1993 2632 2129 2674 eam
2167 2616 2437 2674 nominis
2496 2616 2984 2699 cel'hratio'uem
3017 2627 3321 2695 exoptare
3381 2614 3668 2694 putarem
3705 2636 3720 2678 :

304 2694 412 2758 sed
447 2702 519 2755 ut
552 2712 694 2755 meo
722 2694 970 2754 interim
1006 2695 1242 2776 nomini
1275 2698 1631 2767 consulens,
1683 2699 2075 2755 ostenderem
2110 2713 2209 2755 me
2243 2715 2364 2756 non
2424 2702 2659 2757 temere
2694 2698 2827 2758 haec
2855 2699 3081 2776 egisse,
3115 2706 3225 2756 aut
3259 2698 3726 2776 ingratiludinis

306 2788 529 2840 notam
591 2776 721 2858 ullo
754 2781 938 2853 pacto
997 2775 1224 2858 debere
1254 2794 1619 2853 agnoscere.
1657 2777 1918 2836 Dabitur
1979 2784 2187 2837 tamen
2219 2777 2372 2837 alibi
2403 2777 2602 2850 locus,
2638 2784 2703 2838 ut
2734 2797 2941 2858 spero,
2977 2797 3103 2857 quo
3151 2789 3404 2856 gratum
3439 2798 3537 2840 me
3568 2797 3719 2858 erga

308 2877 453 2921 eum
493 2856 840 2936 principem
874 2857 1224 2916 ostendam.

389 2935 573 3000 Nunc
604 2956 754 2998 vero
785 2938 863 2996 ad
888 2944 946 2996 te
972 2937 1175 3014 venio,
1208 2935 1552 2997 clarissime
1585 2953 1658 2995 ac
1691 2936 2206 2997 reverendissime
2227 2938 2480 3015 Georgi,
2513 2938 2854 2999 obsecrans
2883 2947 2952 3000 ut
2977 2957 3160 2999 nosce
3182 2945 3430 2999 nostros
3450 2939 3722 3013 labores,

310 3039 423 3101 qui
458 3020 584 3080 tuis
614 3018 911 3097 auspiciis
940 3016 1002 3077 in
1060 3017 1264 3101 lucem
1301 3017 1552 3101 prodire
1578 3027 1911 3101 conantur,
1956 3018 2101 3077 laeta
2158 3024 2348 3096 atque
2379 3028 2752 3096 exporrecta
2786 3025 2989 3081 fronte
3020 3020 3349 3098 suscipias.
3379 3021 3455 3101 Ald
3507 3028 3720 3081 autem

307 3097 379 3162 ut
412 3102 622 3161 facere
651 3101 976 3178 auderem,
1010 3099 1237 3175 partim
1274 3097 1429 3157 mihi
1476 3099 1786 3179 persuasit
1818 3107 2066 3157 tuorum
2103 3117 2347 3159 morum
2391 3118 2516 3160 uno
2547 3101 2828 3160 omnium
2862 3120 2969 3161 ore
3004 3097 3342 3179 praedicata
3374 3099 3723 3177 integritas,

308 3200 456 3244 eum
490 3179 852 3241 admirabili
883 3179 1219 3257 prudentia
1251 3179 1513 3256 parique
1544 3178 1940 3238 humanitate
1970 3179 2331 3257 conjuncta,
2368 3182 2596 3259 partim
2632 3200 2777 3241 vero
2806 3182 3189 3242 incredibilis
3220 3183 3502 3258 quipam,
3536 3199 3726 3259 quem

307 3282 435 3325 non
463 3263 733 3321 obscure
765 3277 895 3338 prae
924 3276 988 3319 se
1020 3259 1180 3320 ferre
1209 3259 1344 3340 visa
1372 3266 1467 3319 est
1499 3267 1607 3318 tua
1637 3260 2012 3339 amplitudo,
2062 3279 2210 3338 erga
2245 3260 2608 3338 hujusmodi
2638 3272 2927 3322 auctores
2957 3281 3139 3322 amor
3171 3279 3185 3322 :
3223 3263 3446 3339 partim
3473 3280 3727 3340 quoque

311 3343 459 3407 talis
491 3353 626 3403 erat
659 3340 997 3418 singularis
1026 3358 1099 3400 ac
1129 3339 1442 3421 gratuitus
1472 3341 1563 3399 tui
1593 3340 1655 3398 in
1689 3359 1788 3400 me
1822 3342 2018 3410 favor,
2078 3341 2458 3420 cognitaque
2496 3351 2618 3403 tua;
2650 3362 2800 3419 erga
2833 3362 2930 3403 me
2963 3344 3308 3402 voluntatis
3362 3339 3722 3421 propensio,

306 3431 378 3486 ut
411 3424 568 3484 nihil
603 3441 700 3482 me
731 3422 846 3482 tibi
876 3440 1001 3480 nou
1029 3421 1255 3483 debere
1286 3420 1558 3498 ingenue
1589 3422 1980 3483 faterer.Hoc
2011 3422 2200 3482 etiam
2236 3422 2628 3500 potissimum
2664 3425 2940 3493 nomine,
2966 3425 3133 3502 quod
3168 3442 3309 3484 cum
3343 3420 3374 3482 ε
3403 3420 3525 3484 tuis
3553 3430 3728 3483 ortus

307 3506 426 3567 sim
458 3504 830 3578 ditionihus,
886 3502 1242 3581 singulique
1273 3520 1456 3585 suum
1492 3503 1838 3585 princiqem
1898 3521 2114 3562 receus
2148 3504 2412 3579 patriam
2474 3505 2929 3585 ingredientem
2987 3505 3359 3565 munusculo
3397 3506 3723 3584 quopiam,

307 3587 479 3666 quod
512 3585 958 3661 obsequiosum
990 3588 1250 3666 testatur
1280 3583 1585 3666 animum.
1621 3584 1911 3666 excipere
1942 3585 2207 3666 soleant,
2241 3603 2358 3666 ego
2410 3583 2813 3664 nequaquam
2864 3589 3077 3646 vacuis
3110 3586 3398 3644 manibus
3426 3583 3726 3646 accedere

307 3663 525 3727 debui.
558 3666 735 3737 Quod
768 3665 818 3723 si
850 3682 990 3724 sera
1052 3663 1338 3723 videatur
1367 3663 1731 3741 gratulatio,
1796 3683 1919 3723 non
1951 3666 2033 3724 ob
2064 3665 2123 3723 id
2161 3665 2533 3743 reprehendi
2584 3663 2791 3736 debet,
2827 3685 2968 3727 cum
3029 3667 3227 3726 dilata
3258 3668 3336 3725 sit
3375 3666 3619 3737 urgenti
3650 3684 3724 3726 ac

313 3747 585 3826 probata
640 3745 938 3806 omnibus
967 3762 1180 3803 causa.
1240 3746 1437 3805 Nemo
1468 3746 1633 3803 enim
1670 3745 2020 3823 probasset,
2079 3747 2324 3821 Opinor,
2358 3746 2408 3805 si
2453 3748 2938 3825 praecipitanter,
2999 3755 3067 3807 ut
3098 3753 3247 3806 'l‘uae
3308 3746 3724 3822 Amplitudini

321 3828 676 3906 gratularer
704 3828 766 3886 in
800 3834 1110 3899 tempore,
1145 3826 1337 3885 fetum
1367 3826 1534 3883 hunc
1564 3843 1670 3884 seu
1732 3827 2027 3906 aborsum
2066 3826 2296 3904 potius,
2331 3826 2719 3887 immitarum
2768 3828 3162 3903 abiecissem,
3198 3837 3307 3885 aut
3338 3845 3372 3885 a
3422 3845 3517 3884 me
3549 3827 3723 3886 abire

314 3905 762 3989 permisissem.
795 3910 997 3968 Porro
1025 3924 1148 3981 quo
1200 3924 1373 3989 nunc
1399 3923 1656 3989 munere
1706 3905 1875 3989 apud
1907 3908 2107 3989 'l‘uam
2142 3906 2584 3989 l‘elsitudinem
2648 3905 2954 3983 mjorem
2991 3927 3088 3966 me
3117 3908 3382 3983 gratiam
3418 3908 3719 3989 initurum

308 3986 726 4059 conﬁderem,
754 4005 877 4047 non
909 3994 1067 4051 erat.
1104 4004 1294 4064 quam
1327 3987 1379 4046 si
1414 3986 1800 4047 utillissimos
1834 3987 1972 4055 hos,
2004 3986 2132 4045 imo
2195 3988 2649 4064 propemodum
2693 3989 3076 4048 necessarios
3127 3987 3615 4046 commentarios
3665 3986 3723 4046 ei

308 4070 712 4150 potissimum
745 4067 1346 4150 consecrarem,_qui
1378 4086 1503 4150 non
1537 4076 1726 4150 mo-lo
1751 4067 2057 4150 singulari
2119 4069 2417 4146 praetentus
2446 4078 2536 4128 est
2569 4070 2824 4147 pietate,
2883 4069 2992 4128 sed
3028 4078 3259 4150 plaster,
3284 4087 3470 4126 omne,
3523 4086 3721 4150 genus

310 4147 623 4213 doctrinae
684 4157 859 4209 tanta
887 4166 1140 4226 quoque
1197 4147 1445 4208 dicendi
1478 4147 1774 4209 facundia
1799 4166 1874 4208 ac
1929 4148 2318 4225 eloquentia,
2349 4156 2585 4227 quanta
2620 4151 2711 4209 vel
2767 4150 2847 4210 ab
2879 4152 3016 4224 ejus
3050 4149 3301 4227 generis
3361 4148 3723 4208 hominibus

304 4232 549 4309 requiri
583 4236 789 4307 potest
820 4229 1131 4309 maxima,
1154 4229 1264 4307 qui
1293 4245 1545 4288 omnem
1580 4235 1830 4288 aetatem
1863 4229 1926 4289 in
1957 4229 2180 4289 litteris
2210 4236 2759 4309 consumpserunt.
2794 4233 3116 4290 Accedunt
3141 4230 3217 4288 ad
3252 4236 3490 4289 tantam
3528 4247 3720 4307 pries-

305 4308 811 4374 lautissimarum
842 4312 1071 4370 artium
1101 4308 1454 4370 doctrinam
1486 4315 1549 4369 et
1594 4317 1836 4370 celei-ee
1867 4309 2130 4369 virtutes
2160 4310 2366 4387 dignas
2419 4308 2650 4388 magno
2685 4311 2966 4388 principe
3000 4330 3013 4371 :
3042 4310 3289 4386 justitia
3339 4313 3398 4369 in
3432 4310 3721 4383 imperio,

304 4395 483 4473 pacis
514 4392 971 4473 tuendaacura,
1004 4389 1635 4473 magnitudoanimi,
1659 4390 1892 4473 pietas,
1913 4390 2193 4473 studium
2218 4392 2518 4470 iuvanda
2550 4410 2624 4451 ac
2655 4393 2954 4452 ornandae
2978 4392 3299 4473 religionis
3328 4392 3721 4473 Christiana,

307 4470 656 4536 clementia
684 4489 757 4533 ac
785 4471 1037 4533 bonitas
1067 4471 1321 4531 eximia.
1356 4472 1489 4532 Hoc
1545 4470 1829 4549 principe
1859 4472 2017 4530 duce
2048 4471 2199 4549 quid
2260 4474 2491 4551 poterit
2521 4491 2654 4531 esse
2686 4473 2953 4548 adversi,
2989 4476 3036 4532 si
3072 4490 3211 4533 cum
3249 4471 3479 4532 virtute
3508 4472 3723 4532 omnia

304 4556 591 4617 secunda
621 4560 766 4612 sunt
788 4554 817 4614 ?
848 4554 1042 4613 Nemo
1068 4553 1129 4610 in
1161 4551 1272 4612 illo
1329 4551 1676 4629 quidquam
1709 4551 2136 4612 inconsultum
2180 4560 2440 4620 metuat,
2500 4552 3024 4629 prudentissimus
3054 4560 3145 4611 est
3178 4570 3194 4622 ;
3230 4570 3415 4611 nemo
3446 4552 3719 4612 insolen-

306 4636 460 4697 tiam
495 4635 695 4694 animi
724 4634 980 4713 cogitet,
1037 4631 1532 4713 modestissimus
1560 4637 1685 4702 est;
1718 4650 1919 4713 nemo,
1962 4632 2259 4706 injuriam
2320 4634 2559 4699 timeat,
2595 4634 2990 4710 aequissimus
3037 4641 3152 4694 est.
3188 4636 3353 4692 Bene
3414 4640 3723 4693 merentes

303 4736 419 4778 sua
451 4714 857 4777 conﬁrmabit
890 4712 1304 4782 humanitate,
1341 4713 1671 4791 languidos
1700 4712 1999 4773 excitabit
2026 4713 2357 4789 industria,
2391 4715 2716 4791 improbos
2744 4716 3078 4775 severitate
3126 4721 3504 4787 compescet.
3540 4715 3721 4774 Certe

305 4796 685 4873 bujusmodi
709 4794 966 4855 omnino
1000 4792 1439 4868 requirebatur
1467 4794 1574 4869 qui
1603 4793 2043 4854 infelicissimis
2077 4793 2246 4854 hisce
2289 4795 2679 4870 temporibus
2732 4796 3155 4858 celeberrimae
3188 4795 3479 4854 Ecclesiae
3513 4795 3717 4871 praeli-

304 4887 585 4945 ceretur,
620 4876 1153 4954 amplissimaque
1183 4874 1440 4934 ditionis
1491 4875 1770 4935 habenas
1798 4893 1869 4935 ea
1904 4875 2237 4953 prudentia
2268 4894 2469 4951 eaque
2525 4876 2814 4937 doctrina
2871 4877 3325 4940 moderaretur,
3360 4893 3633 4953 ovesque
3682 4894 3719 4936 a

304 4957 693 5020 truculentis
726 4976 881 5036 pene
914 4956 1209 5036 luporum
1270 4955 1555 5015 faucibus
1584 4956 1874 5033 eriperet,
1908 4973 2146 5036 nempe
2203 4956 2311 5033 qui
2342 4956 2401 5015 iu
2436 4956 2752 5016 variarum
2810 4956 3224 5016 licclesiarum
3287 4956 3718 5017 moderatione

302 5047 439 5102 tam
478 5035 785 5113 probatus
812 5056 924 5097 esst
950 5043 993 5096 t.
1029 5035 1351 5115 Siquidem
1388 5036 1731 5115 tranquillo
1763 5035 1919 5096 mari
1950 5037 2215 5117 quilibet
2246 5045 2578 5096 nautarum
2611 5045 3061 5117 vectorumque
3090 5037 3441 5115 gubernare
3471 5044 3716 5115 potest:

301 5131 370 5182 at
405 5122 513 5181 ubi
545 5137 715 5180 saeva
747 5118 931 5178 fuerit
961 5124 1101 5176 orta
1132 5123 1494 5191 tempestas.
1528 5134 1602 5176 ac
1633 5117 1887 5176 turbato
1922 5116 2078 5176 mari
2111 5117 2354 5189 rapitur
2394 5125 2578 5177 vento
2609 5119 2805 5179 navis.
2844 5116 2975 5178 tum
3008 5119 3144 5177 viro
3194 5135 3266 5176 ac
3296 5118 3721 5194 gubernatore

299 5221 467 5278 Opus
498 5207 597 5262 est
630 5216 647 5259 :
679 5207 740 5259 et
768 5199 876 5276 qui
930 5204 1081 5257 ante
1139 5197 1352 5256 omnia
1383 5198 1509 5256 duo
1543 5197 1677 5258 haec
1733 5198 2012 5258 Platonis
2076 5204 2388 5275 praecepta
2437 5205 2669 5277 teneat,
2704 5218 2844 5276 quae
2903 5199 3118 5258 αἱρεῖ-ο
3175 5198 3323 5256 dicit
3372 5199 3722 5258 necessario

301 5284 531 5344 adesse
561 5280 659 5339 his
689 5285 1003 5358 oportere,
1042 5277 1147 5352 qui
1182 5278 1440 5338 omnino
1472 5278 1740 5356 reipubl.
1778 5278 2087 5355 profuturi
2120 5287 2265 5336 sunt
2299 5295 2312 5338 :
2355 5280 2624 5355 primum
2659 5286 2726 5339 ut
2750 5280 2977 5340 civium
3015 5279 3350 5338 utilitatem
3382 5278 3469 5338 sic
3502 5288 3721 5338 tuean-

298 5364 411 5443 jur
440 5370 510 5423 ut
536 5360 845 5443 quidquid
875 5366 1073 5437 agunt
1103 5359 1179 5416 ad
1213 5377 1357 5443 eam
1385 5360 1682 5443 referant,
1715 5359 1893 5443 obliti
1924 5359 2399 5443 commodorum
2433 5379 2719 5443 suorum,
2753 5364 2961 5443 Neque
2986 5361 3150 5443 enim
3180 5360 3347 5443 idem
3381 5359 3726 5443 principem

306 5439 489 5505 decet
523 5439 693 5520 quod
720 5439 1073 5521 privatum.
1103 5443 1310 5516 Atque
1344 5440 1490 5500 hinc
1521 5441 1810 5521 estquod
1848 5439 2177 5521 Pelopidas
2209 5440 2388 5499 uxori
2421 5460 2565 5519 quae
2597 5442 2672 5500 ad
2708 5440 2941 5501 bellum
2978 5441 3472 5521 proficiscentem
3512 5441 3727 5502 mulie-

306 5524 507 5585 briter
539 5518 807 5601 rogabat
835 5527 1139 5601 servaret;
1172 5522 1475 5599 seipsum,
1511 5520 1650 5581 Alii.
1687 5520 2021 5601 inquit,ut
2073 5518 2279 5580 isthuc
2310 5518 2540 5580 faciant
2572 5523 2864 5582 monendi
2897 5518 3042 5581 sunt
3076 5540 3089 5582 :
3152 5540 3296 5582 nam
3335 5519 3622 5600 princeps
3650 5540 3724 5582 ac

301 5606 430 5665 dux
478 5599 832 5666 hortandus
864 5608 960 5662 est
1012 5599 1222 5680 potius
1274 5613 1337 5661 ut
1372 5607 1575 5661 servet
1607 5602 1793 5661 cives.
1854 5600 2142 5661 Alterum
2177 5610 2267 5659 est
2328 5608 2396 5660 ut
2424 5609 2625 5662 totum
2659 5621 2889 5681 corpus
2945 5602 3306 5677 reipublicae
3337 5599 3604 5661 curent:
3645 5619 3721 5681 ne

300 5687 453 5748 dum
500 5693 743 5760 partem
803 5678 1085 5762 aliquam
1146 5688 1421 5754 tuentur,
1456 5682 1732 5756 reliquas
1762 5682 2054 5741 deserant
2084 5702 2097 5742 :
2134 5700 2278 5741 nam
2312 5681 2373 5741 id
2433 5684 2756 5744 seditionis
2777 5678 3169 5759 maximique
3193 5681 3428 5742 dissidii
3461 5678 3716 5762 acinvi-

299 5767 536 5829 dentis
567 5786 761 5829 causa
813 5759 1002 5825 esset.
1035 5764 1267 5849 Verum
1299 5781 1505 5849 neque
1550 5763 1919 5849 ego‘isusum
1953 5763 2084 5841 qui,
2122 5781 2199 5822 ne
2256 5763 2459 5823 dicam
2494 5765 2630 5835 tibi,
2665 5766 2769 5825 sed
2832 5783 2945 5824 nec
2977 5764 3081 5823 alii
3139 5763 3335 5849 cuivis
3380 5759 3706 5849 consilium

300 5850 745 5931 darepossim,
780 5860 992 5927 neque
1041 5850 1109 5906 tu
1139 5843 1194 5906 is
1220 5860 1288 5905 es
1318 5845 1419 5907 cui
1448 5862 1608 5925 opus
1635 5844 1717 5907 sit
1741 5844 1901 5906 illud
1930 5862 1968 5904 a
2025 5861 2347 5924 quoquam
2380 5855 2698 5927 expetere.
2729 5848 2824 5908 Tu
2852 5846 2963 5908 tibi
3016 5847 3080 5906 iu
3110 5843 3404 5906 omnibus
3436 5842 3708 5900 monitor
