4160 6452
385 419 463 480 19
1401 416 1903 481 CECUMENIUS
1944 414 2250 478 TithCE
2289 412 2749 477 EPISCOPUS.
3731 415 3812 477 20

388 555 638 617 dandus
670 573 781 616 es:
825 555 948 615 tuis
991 554 1291 627 consiliis,
1327 554 1673 633 diligentiae
1704 572 1777 614 ac
1823 554 2150 613 industriae
2183 553 2661 629 relinquendus.
2694 554 2790 615 An
2825 570 2939 613 nos
2993 551 3327 613 timeamus
3355 553 3483 614 ulla
3536 558 3597 613 te
3629 557 3808 632 parte

387 641 802 698 arctissimam
837 655 889 696 ω
917 637 1150 711 ιυιιθῑίε
1194 637 1472 713 regulam
1510 638 1916 695 transiturum
1949 636 1977 692 ?
2012 639 2321 693 facturum
2355 634 2593 709 aliquid
2629 642 2686 694 te
2721 637 2969 711 tuisque
2997 636 3340 708 majoribus
3369 653 3442 694 ac
3475 637 3668 713 regai
3698 642 3809 695 tua

391 720 682 796 prosapia
726 718 1084 794 indignum,
1119 725 1226 775 aut
1257 736 1293 777 a
1326 718 1447 776 tuis
1481 719 1760 776 moribus
1790 719 2062 775 alienum
2095 715 2124 773 ‘I
2156 734 2308 774 neve
2340 724 2418 774 ah
2455 715 2909 796 honestissimis
2942 716 3084 775 vita:
3118 716 3463 775 rationibus
3494 717 3748 775 aberres
3774 716 3805 774 ‘I

385 794 564 861 Unde
607 798 707 858 hic
741 799 919 856 nobis
954 808 1171 857 metus.
1210 807 1316 855 aut
1348 800 1495 876 quid
1530 802 1608 857 de
1640 806 1696 857 te
1732 818 1851 855 non
1887 798 2190 855 debemus
2224 797 2404 855 nobis
2438 794 2774 874 polliceri?
2806 796 2915 873 qui
2975 815 3096 855 non
3135 798 3322 856 modo
3356 807 3633 856 veterum
3669 797 3808 855 lau-

383 880 492 939 des
521 881 1049 957 splendoremque
1083 880 1306 956 prioris
1337 885 1563 942 aetatis.
1625 878 1733 937 sed
1766 886 1828 937 et
1860 878 2108 953 ingenia
2169 878 2558 936 laudautiam
2593 876 2879 955 viresque
2910 879 3243 955 superasti.
3278 876 3679 956 Quapropter
3710 878 3807 936 his

384 960 643 1033 relictis,
687 976 831 1038 quae
861 966 921 1019 et
952 978 1069 1037 ego
1101 961 1332 1019 frustra
1360 959 1571 1036 eloqui
1624 966 1956 1035 tentarem,
1990 968 2052 1018 et
2084 965 2148 1016 tu
2180 957 2392 1017 invitis
2423 966 2534 1038 aut
2585 958 2895 1017 obturalis
2927 959 3137 1036 potius
3167 958 3428 1018 auribus
3460 958 3806 1038 exciperes,

390 1042 589 1100 Deum
635 1040 958 1120 reptimum
1016 1041 1493 1119 maximumque
1548 1058 1794 1120 precor,
1832 1047 1890 1099 te
1920 1038 2122 1111 nobis,
2154 1037 2279 1098 imo
2338 1037 2559 1118 patria:
2607 1056 2682 1100 ac
2710 1039 3148 1099 communibus
3205 1039 3429 1099 studiis
3458 1037 3812 1101 diutissime

389 1126 601 1181 servet
627 1119 1035 1182 incolumem.

471 1203 702 1263 Datum
734 1201 1016 1280 Lovanii,
1048 1201 1113 1262 in
1144 1200 1414 1280 collegio
1447 1200 1833 1280 theologico,
1868 1217 2034 1261 anno
2064 1217 2098 1260 e
2130 1204 2315 1279 partu
2348 1198 2632 1278 virgineo
2664 1197 2843 1274 1545,
2874 1197 3078 1279 pridie
3104 1199 3421 1267 Kalendas
3448 1198 3722 1279 Apriles.

1726 1470 2079 1535 GANDIDO
2118 1469 2484 1533 LECTORI.

478 1767 709 1829 Rerum
742 1766 807 1827 in
833 1765 1025 1845 hujus
1055 1767 1265 1847 operis
1294 1766 1553 1827 exordio
1584 1766 2072 1846 prmmonendus
2104 1765 2262 1826 mihi
2291 1785 2381 1839 es,
2415 1765 2682 1828 candide
2709 1767 2957 1839 Lector,
2984 1766 3282 1847 eumdem
3316 1784 3504 1845 quem
3534 1765 3596 1826 in
3622 1764 3820 1845 priori

405 1854 578 1910 tomo
633 1847 917 1908 ordinem
953 1866 1068 1908 nos
1106 1846 1404 1909 servasse
1433 1848 1944 1908 adnotandorum
1982 1864 2389 1908 numerorum
2453 1848 2755 1926 capitum,
2788 1853 2917 1907 tam
2971 1846 3158 1924 juxta
3188 1850 3437 1908 Grecos
3493 1866 3680 1925 quem
3715 1848 3819 1908 hic

404 1935 629 1991 auctor
657 1928 1032 2000 observavit,
1083 1947 1272 2006 quam
1299 1929 1487 2007 juxta
1538 1929 1799 1989 Latinos
1828 1946 2015 2006 quem
2051 1946 2166 1989 nos
2223 1929 2552 2006 quidpiam
2583 1930 2849 1988 citantes
2879 1935 2990 1987 aut
3044 1928 3214 1988 aliud
3251 1934 3541 1988 notantes
3570 1946 3819 2007 semper

400 2012 751 2088 sequimur,
784 2028 925 2069 cum
987 2010 1223 2068 nullam
1263 2011 1526 2069 facimus
1582 2013 1943 2070 Graecorum
1979 2011 2255 2087 eapitum
2323 2010 2727 2068 mentionem.
2768 2011 2986 2086 itaque
3042 2009 3221 2068 initio
3252 2011 3463 2069 statim
3511 2009 3821 2088 cujusque

401 2091 582 2153 faciei
620 2091 857 2167 positus
898 2109 1220 2162 numerus,
1278 2091 1644 2151 Latinorum
1680 2102 1768 2151 est
1806 2110 1819 2150 :
1855 2089 1959 2167 qui
1997 2108 2135 2150 rero
2197 2090 2559 2166 majusculis
2594 2090 2816 2148 litteris
2874 2108 3064 2164 supra
3095 2091 3264 2167 ipsos
3324 2093 3571 2169 paginis
3605 2107 3822 2149 versus

406 2172 764 2241 ascribitur,
795 2174 1185 2232 Graecorum.
1248 2175 1521 2233 Rursum
1558 2171 1659 2230 ubi
1692 2171 2037 2232 Bibliorum
2100 2171 2273 2230 locus
2306 2171 2617 2249 quispiam
2652 2170 2840 2229 fuerit
2898 2171 2958 2228 in
2993 2178 3286 2230 contextu
3340 2172 3567 2230 citatus
3598 2178 3709 2230 aut
3739 2169 3824 2230 ad

402 2254 610 2331 ipsum
644 2270 902 2330 quoque
937 2269 1037 2310 mo
1060 2252 1123 2310 lo
1155 2251 1454 2321 allusum,
1492 2270 1604 2312 nec
1638 2263 1845 2311 tamen
1897 2251 1957 2311 in
1992 2250 2287 2328 opposito
2323 2252 2602 2326 margine
2644 2251 2896 2310 additus
2927 2257 3019 2308 est
3049 2255 3311 2312 Latinus
3342 2251 3564 2329 capitis
3598 2269 3822 2310 nume-

405 2352 535 2402 rus,
568 2333 645 2391 ad
681 2334 969 2392 eumdem
1004 2332 1112 2409 qui
1149 2332 1336 2409 paulo
1368 2341 1513 2392 ante
1544 2333 1774 2391 citatus
1805 2351 1871 2392 es
1903 2338 2107 2393 locum
2145 2332 2457 2392 recurrite
2493 2349 2506 2394 :
2545 2332 2840 2390 nolumus
2874 2331 3037 2390 enim
3076 2335 3305 2391 frustra
3336 2332 3500 2391 idem
3534 2331 3822 2407 ejusdem

408 2412 748 2473 voluminis
780 2419 968 2488 caput
995 2413 1221 2472 iterato
1256 2431 1510 2489 ponere.
1545 2412 1898 2484 Quinetiam
1936 2432 2076 2473 cum
2140 2414 2454 2472 variorum
2487 2411 2768 2487 ejusdem
2837 2412 3173 2471 voluminis
3202 2414 3480 2488 capitum
3514 2430 3820 2472 consecu-

411 2493 537 2554 tive
568 2493 737 2552 dicta
769 2498 1066 2562 citantur,
1130 2496 1330 2568 posito
1363 2492 1557 2553 semel
1588 2493 1900 2553 duntaxat
1960 2493 2296 2551 voluminis
2331 2495 2602 2562 nomine,
2640 2512 2937 2552 numeros
2995 2493 3272 2569 capitum
3306 2494 3493 2553 simul
3524 2492 3825 2570 adjunxi-

417 2591 558 2634 mus
587 2592 661 2632 eo
689 2590 814 2653 quo
847 2572 955 2631 illa
993 2572 1265 2653 citantur
1294 2574 1537 2633 ordine.
1575 2576 1877 2633 l’rteterea
1909 2575 2193 2634 eamdem
2230 2574 2330 2634 hic
2373 2573 2523 2631 mihi
2553 2573 2689 2632 dari
2720 2574 2965 2632 Veniam
3004 2592 3225 2651 precor
3256 2592 3444 2652 quam
3481 2574 3542 2633 in
3590 2574 3827 2653 lxuthy—

421 2654 548 2714 mio
582 2652 917 2732 postulavi,
952 2652 1122 2732 qmd
1157 2672 1338 2733 voces
1368 2654 1673 2732 quasdam
1710 2673 1831 2713 non
1869 2655 2192 2713 vitaverim
2228 2672 2265 2712 a
2294 2654 2522 2729 quibus
2551 2654 2898 2712 abhorrent
2930 2655 3213 2713 nonnulli
3273 2662 3488 2714 n0stro
3519 2654 3639 2714 hoc
3671 2652 3831 2733 poli-

420 2735 565 2795 tiori
595 2733 830 2795 saeculo
865 2750 881 2793 :
917 2752 1164 2811 nempe,
1215 2732 1522 2801 Salvator.
1581 2736 1818 2795 salvare
1841 2736 2195 2810 corn/iussio,
2233 2736 2589 2814 ἀίεμρηεαιιο
2621 2751 2693 2794 ac
2748 2735 3007 2809 similes,
3037 2753 3111 2793 ne
3144 2736 3193 2793 si
3218 2758 3233 2788 ι
3258 2735 3568 2795 xactiores
3595 2732 3826 2796 substi-

414 2821 739 2877 tueremus
768 2833 909 2892 quae
940 2833 1259 2874 sacrarum
1320 2815 1789 2894 Scripturarum
1823 2816 2119 2875 studiosis
2168 2833 2292 2874 non
2327 2815 2486 2874 adeo
2521 2814 2685 2874 tritae
2743 2822 2972 2884 essent,
3006 2815 3301 2874 lectorem
3347 2834 3604 2894 quoquo
3640 2816 3829 2876 modo

416 2895 723 2957 remorari
754 2896 1130 2956 videremur.
1185 2895 1277 2954 Ad
1314 2898 1447 2957 haec
1478 2915 1617 2956 cum
1652 2898 1935 2957 Graecum
1971 2895 2300 2972 exemplar
2344 2896 2737 2973 singulomm
2789 2902 3165 2972 argumenta
3207 2895 3481 2973 capitum
3518 2896 3694 2957 initio
3726 2915 3832 2957 cu-

409 2979 642 3055 jusque
675 2975 817 3035 libri
847 2982 958 3036 aut
985 2976 1268 3052 epistolae
1327 2985 1704 3045 recenseret,
1739 2976 2080 3037 maluimus
2136 2977 2388 3054 singula
2418 2977 2685 3054 singulis
2741 2976 3055 3052 capitibus
3088 2977 3439 3054 praeﬁgere,
3503 2995 3579 3036 ne
3618 2978 3696 3038 ad
3729 2976 3831 3037 di-

412 3056 843 3136 gnoscendum
873 3057 1097 3135 capitis
1152 3064 1904 3134 argumentum,necesse
1962 3059 2072 3117 tibi
2108 3059 2266 3117 foret
2313 3057 2579 3117 subinde
2622 3056 2701 3115 ad
2758 3056 2901 3116 libri
2958 3056 3207 3116 initium
3266 3075 3606 3118 recurrere.
3668 3061 3834 3125 Qua-

415 3148 678 3217 pr0pter
710 3136 898 3198 etiam
932 3155 1386 3214 nonnunquam
1418 3140 1622 3199 coacti
1684 3156 1904 3198 sumus
1936 3144 2146 3217 partes
2175 3144 2384 3199 textus
2439 3138 2624 3197 aliter
2654 3155 2844 3216 quam
2900 3137 2961 3196 in
2998 3139 3215 3198 Gnaeo
3246 3144 3454 3199 essent
3482 3137 3837 3215 exemplari

414 3218 743 3279 dividere:
780 3235 923 3279 cum
981 3217 1069 3277 ibi
1098 3218 1469 3280 continuato
1520 3225 1717 3291 textu,
1753 3222 1815 3279 in
1880 3219 2162 3295 margine
2215 3219 2524 3278 duntaxat
2556 3220 2701 3277 novi
2757 3217 2979 3296 capitis
3038 3237 3337 3278 numerus
3389 3225 3827 3279 annotaretur.

413 3300 885 3376 Nonnunquam
919 3298 1106 3358 etiam
1140 3318 1217 3359 ne
1248 3305 1456 3360 textus
1477 3301 1635 3361 adeo
1672 3300 1931 3359 mutilus
1977 3306 2087 3359 aut
2120 3299 2474 3360 minutatim
2508 3299 2796 3359 cencisus
2854 3298 3188 3377 videretur,
3226 3298 3437 3377 plures
3488 3298 3829 3377 conjunxi-

417 3398 559 3439 mus
591 3377 883 3458 periodos
913 3396 1055 3456 qum
1104 3378 1164 3437 in
1197 3380 1414 3440 Graeco
1444 3382 1791 3457 exemplari
1821 3380 2037 3441 divisa
2071 3386 2273 3454 erant,
2333 3380 2724 3455 potissimum
2759 3378 2820 3437 in
2880 3381 3164 3455 Epistola
3195 3384 3271 3439 ad
3307 3383 3634 3442 Romanos
3667 3387 3731 3440 et
3762 3381 3828 3440 in

414 3459 821 3538 Apocalypsi,
858 3460 961 3533 qui
1000 3460 1136 3518 libri
1168 3459 1228 3519 in
1255 3460 1372 3519 hoc
1405 3480 1439 3520 a
1472 3463 1715 3522 caeteris
1750 3461 2021 3520 maxime
2071 3460 2461 3520 dissidebant
2496 3478 2509 3519 :
2549 3461 2653 3519 ubi
2686 3468 2892 3519 tamen
2929 3461 3160 3520 divisas
3211 3459 3650 3537 hujuscemodi
3685 3479 3829 3521 sen-

413 3542 643 3600 tentias
672 3539 1138 3617 conjunximus,
1175 3540 1251 3599 ad
1286 3541 1677 3617 singularum
1730 3543 2194 3602 enariatinnem
2231 3560 2474 3601 rursum
2509 3560 2614 3599 cas
2644 3554 2749 3599 aut
2785 3560 2860 3600 ex
2918 3542 3165 3619 integro
3198 3551 3307 3600 ant
3337 3543 3397 3601 in
3437 3550 3615 3618 parte
3651 3560 3832 3620 rcpe-

413 3623 646 3681 tiimus.
682 3622 1149 3697 Nonnunquam
1189 3640 1333 3680 vero
1368 3624 1529 3682 hanc
1564 3624 1822 3681 fecimus
1855 3624 2150 3682 unioncm
2184 3641 2257 3681 eo
2291 3622 2456 3697 quod
2488 3622 2831 3695 permistim
2873 3641 2966 3696 pzn
2989 3630 3079 3681 tes
3111 3621 3477 3700 hujusmodi
3502 3622 3827 3682 variarum

412 3701 817 3781 per-indorum
859 3720 979 3758 non
1012 3719 1125 3759 suo
1155 3702 1377 3762 ordine
1430 3705 1914 3779 explicabantur
1946 3720 1960 3763 :
1998 3703 2163 3778 quod
2202 3703 2360 3762 adeo
2415 3703 2708 3780 frequens
2740 3713 2892 3773 erat,
2933 3711 2995 3761 ut
3055 3703 3199 3762 huic
3234 3704 3402 3762 malo
3437 3723 3557 3762 non
3596 3703 3832 3779 ubique

409 3783 759 3842 .Ieinedium
799 3781 1273 3858 prmstiterimus
1307 3801 1321 3843 :
1385 3783 1654 3861 ideoque
1685 3785 1787 3845 hic
1820 3793 1877 3842 te
1908 3785 2346 3853 admonemus,
2415 3785 2557 3842 utsi
2591 3785 2845 3860 quando
2896 3785 3220 3843 sententiae
3253 3784 3520 3862 alicujus
3549 3785 3832 3859 eXpIica-

414 3864 644 3923 tienem
681 3862 981 3940 requiras.
1019 3865 1208 3921 etiam
1248 3867 1660 3939 prmcedentis
1687 3867 1986 3925 clausulas
2020 3865 2482 3923 enarrationem
2517 3867 2826 3942 perlegas.
2883 3865 3124 3938 Saapius
3155 3864 3321 3922 enim
3358 3866 3460 3924 ubi
3518 3865 3831 3941 quispiam

414 3945 647 4004 cilatur
677 3953 898 4003 auctor
927 3950 988 4003 et
1022 3945 1365 4022 praesertim
1400 3946 1688 4018 Photius,
1724 3965 1845 4005 non
1880 3964 2016 4004 eam
2051 3946 2364 4005 duntaxat
2397 3947 2617 4006 litteras
2668 3957 2907 4021 partem
2942 3962 3082 4021 qum
3146 3954 3465 4019 proposua
3493 3952 3587 4004 est
3616 3945 3837 4004 deria-

418 4032 536 4098 rat,
573 4024 681 4084 sed
712 4043 788 4084 ea
818 4025 1007 4084 etiam
1041 4042 1182 4101 quas
1213 4026 1704 4102 subsequuntur.
1741 4030 1827 4086 Ne
1860 4025 1920 4084 id
1957 4045 2206 4103 quoque
2240 4033 2474 4086 temere
2516 4045 2552 4085 a
2586 4026 2764 4084 nobis
2794 4026 3028 4084 factum
3062 4025 3405 4088 existimes.
3467 4029 3636 4102 quod
3673 4044 3836 4085 non-

414 4122 739 4182 nunquam
767 4103 970 4180 Pauli,
1007 4106 1191 4163 Lucm
1247 4112 1359 4164 aut
1385 4105 1647 4166 Joannis
1706 4106 1978 4166 litteram
2013 4125 2175 4165 novo
2208 4108 2361 4165 satis
2396 4107 2583 4165 modo
2642 4104 3015 4165 verterimus
3047 4125 3063 4164 :
3099 4104 3160 4164 id
3194 4106 3358 4164 enim
3396 4107 3599 4167 facere
3631 4106 3840 4168 coacti

416 4204 661 4261 sumus,
690 4184 1204 4265 utscholiorum
1256 4194 1607 4261 respectum
1646 4186 2071 4246 haberemus:
2133 4186 2365 4261 a’ioqui
2400 4186 2450 4246 si
2509 4187 2752 4264 reliquo
2783 4187 2980 4244 secuti
3042 4185 3373 4245 fuissemus
3432 4188 3833 4265 interpretes,

415 4265 657 4326 scholia
688 4264 748 4346 in
785 4263 1147 4346 huiusmodi
1183 4264 1333 4325 locis
1366 4266 1522 4326 nulli
1555 4265 1890 4327 servissent
1924 4267 2269 4345 proposito.
2302 4267 2503 4344 llujus
2534 4263 2787 4345 queque
2821 4275 2878 4325 te
2905 4265 3298 4326 admonitum
3334 4267 3543 4339 velim,
3585 4263 3840 4346 quoties

416 4346 593 4406 locus
624 4344 933 4422 quispiam
968 4343 1029 4403 in
1068 4343 1162 4404 his
1195 4364 1269 4404 ex
1301 4347 1506 4406 Veteri
1537 4348 1768 4407 citatur
1797 4343 2242 4412 Instrumento.
2309 4343 2478 4407 hunc
2516 4343 2700 4423 juxta
2731 4346 3080 4405 versionem
3116 4347 3531 4425 Septuaginta
3591 4343 3836 4420 referti,

418 4433 638 4501 utpote
669 4425 775 4501 qui
807 4426 1017 4485 Graece
1048 4427 1452 4502 scripserunt,
1492 4427 1553 4487 hi
1586 4437 1794 4487 autem
1825 4428 2191 4487 eollectores
2222 4431 2419 4490 Graeci
2458 4436 2700 4487 tantum
2737 4438 2956 4486 erant:
2994 4428 3101 4505 qui
3132 4429 3319 4486 etiam
3357 4449 3477 4488 non
3512 4448 3654 4490 raro
3686 4448 3835 4489 sen-

420 4525 557 4590 sum
587 4507 793 4590 magis
822 4508 1017 4565 citant
1048 4526 1236 4590 quam
1266 4508 1451 4568 verba
1487 4525 1500 4568 :
1537 4517 1668 4580 aut,
1725 4510 1893 4586 quod
1932 4509 2084 4568 mihi
2121 4510 2319 4587 magis
2370 4509 2638 4578 videtur,
2676 4528 2750 4590 ex
2805 4508 3356 4590 memon-inritant.
3414 4528 3580 4590 quae.
3617 4517 3837 4584 utpote

422 4586 655 4651 labilis.
691 4586 879 4646 etiam
914 4588 1310 4646 doctis-imos
1369 4607 1814 4668 nonnunqurm
1853 4590 2067 4650 fallere
2099 4586 2275 4648 solet.
2338 4590 2645 4664 Denique,
2681 4589 2738 4647 id
2773 4588 2960 4647 etiam
3025 4586 3478 4668 animadverte,
3526 4598 3837 4667 quantum

426 4669 670 4749 nostris
701 4667 1091 4749 temporibus
1124 4668 1211 4749 hi
1248 4669 1521 4728 serviant
1553 4667 2012 4737 commentarii,
2067 4671 2172 4744 qui
2207 4670 2494 4747 plurimis
2523 4671 2583 4728 in
2620 4669 2768 4729 locis
2825 4669 3103 4728 indicant
3139 4669 3430 4730 brevibus
3464 4667 3628 4749 quas
3657 4671 3843 4734 Pauli

423 4748 616 4808 verba
648 4749 835 4807 Variis
864 4748 1172 4807 obsistant
1201 4747 1540 4810 haeresibus
1569 4751 1835 4825 illasque
1864 4752 2249 4811 confodiant.
2282 4751 2510 4824 Accipe
2541 4750 2775 4827 itaque,
2809 4748 3006 4808 lector
3034 4750 3320 4821 candide,
3356 4770 3430 4811 ac
3463 4747 3668 4811 fruere
3700 4752 3840 4812 feli-

427 4830 605 4910 cibus
635 4829 931 4907 auspiciis
965 4829 1178 4907 praada
1207 4844 1396 4907 quam
1429 4850 1504 4891 ex
1538 4833 1893 4893 Graecorum
1930 4831 2328 4892 bibliothecis
2363 4831 2482 4891 tuis
2526 4831 2742 4891 usibus
2776 4831 2959 4905 primi
3016 4831 3385 4891 adveximus
3419 4850 3433 4892 :
3469 4851 3841 4910 quanquam

428 4909 619 4982 hujus
651 4928 817 4988 pars,
855 4916 921 4968 ut
954 4928 1167 4990 verum
1204 4910 1422 4983 fatear,
1461 4930 1687 4990 nempe
1717 4913 1777 4971 in
1817 4912 2158 4986 Epistolam
2192 4913 2269 4971 ad
2308 4913 2641 4976 Ronnanos.
2677 4920 2824 4972 ante
2855 4912 3095 4990 aliquot
3128 4930 3328 4972 annos
3358 4922 3571 4990 erepta
3608 4914 3837 4986 fuerat,

423 4990 668 5051 Joanne
698 4991 1004 5050 Lonicero
1036 4989 1403 5068 interprete,
1439 4989 1652 5051 verum
1688 4992 1911 5052 mutila
1942 4996 2309 5068 admodum,
2349 4999 2416 5053 ut
2446 5010 2588 5071 qum
2623 5011 2696 5051 ne
2732 4989 2978 5053 tertiam
3009 4992 3260 5070 quidem
3300 4989 3538 5069 partem
3573 4992 3842 5057 haberet

424 5088 645 5131 eorum
676 5088 816 5147 quae
849 5088 1015 5129 nunc
1044 5071 1106 5130 in
1138 5089 1278 5131 eam
1310 5072 1657 5150 Epistolam
1692 5073 1803 5133 tibi
1833 5074 2057 5134 damus
2089 5091 2105 5134 :
2139 5091 2363 5151 eaque,
2398 5074 2608 5134 nescio
2641 5072 2819 5149 cujus
2849 5074 3025 5148 vitio,
3059 5072 3209 5131 satis
3242 5072 3576 5134 infeliciter
3611 5074 3840 5135 Latini-

421 5157 550 5211 tate
579 5153 814 5233 donatﬁa
848 5170 862 5211 :
897 5152 1296 5233 nequeenim
1329 5154 1735 5231 interpretem
1771 5160 2004 5215 temere
2034 5172 2331 5213 accusare
2364 5155 2546 5215 velim
2585 5174 2599 5214 :
2634 5172 2999 5233 quanquam
3034 5153 3085 5211 is
3114 5154 3302 5213 etiam
3336 5154 3397 5212 in
3433 5162 3838 5233 nuncupato—

422 5232 514 5291 ria
550 5232 827 5309 Epistola
856 5231 1007 5291 satis
1037 5231 1232 5291 idicat
1264 5239 1452 5309 quam
1488 5253 1611 5293 non
1674 5235 2077 5313 magnifaciat
2108 5253 2183 5294 ea
2211 5254 2352 5312 quae
2414 5243 2634 5306 vertat,
2660 5231 2932 5313 spseque
2997 5234 3290 5293 maluisse
3321 5235 3383 5294 in
3415 5234 3540 5294 alio
3598 5231 3841 5299 versari

420 5319 827 5393 argumento.
859 5333 888 5393 ς(
916 5312 1428 5393 Majori.inquit,
1465 5312 1880 5375 delectatione
1908 5316 1968 5375 in
2002 5333 2076 5375 eo
2109 5323 2392 5374 versatus
2421 5334 2643 5392 essem,
2678 5315 2729 5374 si
2764 5312 2843 5375 in
2874 5314 3215 5388 Scriptura
3245 5333 3459 5393 scopo,
3496 5316 3557 5375 in
3592 5316 3738 5384 fide,
3772 5318 3839 5378 in

417 5392 643 5453 Christi
680 5391 937 5463 meritis,
972 5392 1277 5465 sanguine
1310 5400 1370 5452 et
1403 5414 1622 5466 mone.
1657 5404 1847 5462 atque
1879 5398 2034 5455 adeo
2058 5397 2116 5454 in
2144 5396 2597 5472 justiﬁcalione
2627 5391 2953 5456 mansisset
2988 5395 3250 5455 firmiter
3279 5391 3776 5469 ac‘cnnstanter;
3807 5421 3838 5454 υ

415 5479 478 5532 et
511 5479 649 5549 post
685 5490 886 5550 pauca
920 5489 933 5530 :
971 5497 1000 5527 «
1037 5476 1508 5552 Nonnunquam
1544 5495 1692 5536 sane
1727 5478 1929 5536 bonus
1986 5477 2087 5536 hic
2120 5479 2214 5535 vir
2242 5479 2390 5536 dum
2424 5477 2605 5537 Pauli
2640 5485 2911 5536 mentem
2972 5495 3096 5535 non
3130 5476 3506 5552 assequitur.
3564 5496 3675 5538 nec
3710 5496 3839 5539 res-

415 5553 653 5629 pondet
686 5572 795 5631 per
823 5553 1037 5612 omnia
1094 5555 1309 5615 saeculi
1367 5557 2026 5634 analogim.operibus
2088 5557 2225 5633 plus
2267 5576 2449 5635 aequo
2513 5557 2754 5621 tribuit.
2787 5566 2857 5617 ut
2915 5562 3220 5633 appareat
3275 5556 3643 5634 theologum
3704 5577 3841 5619 esse

412 5636 747 5717 Graecum;
782 5652 1049 5717 quorum
1082 5653 1231 5695 sane
1290 5639 1769 5707 commentaria,
1805 5656 1947 5698 cum
2007 5636 2322 5698 Christum
2359 5641 2628 5698 doceant
2683 5644 2746 5698 et
2776 5636 2839 5696 in
2898 5636 3126 5696 Christi
3157 5636 3424 5714 gloriam
3479 5639 3841 5717 conscripta.

406 5715 551 5783 sint,
587 5715 766 5776 nobis
798 5714 969 5775 haud
999 5717 1208 5797 statim
1243 5723 1389 5777 sunt
1419 5719 1900 5779 centemnenda.
1934 5720 2270 5790 Craterum,
2303 5718 2659 5780 Christiano
2699 5718 2907 5797 p0tius
2940 5718 3170 5796 volupe
3198 5735 3332 5779 esse
3360 5718 3567 5793 debet,
3622 5714 3840 5781 videre

406 5801 470 5855 et
498 5813 841 5876 agnoscere
873 5813 1000 5875 quo
1030 5796 1196 5858 dono
1226 5803 1464 5860 veteres
1492 5800 1810 5863 Christum
1846 5799 2274 5879 pradicarint.
2335 5796 2714 5881 Quanquam
2747 5805 2956 5862 autem
2989 5816 3113 5861 non
3172 5817 3401 5880 parum
3436 5799 3619 5863 multi
3665 5818 3848 5882 repe—
