4160 6432
330 360 409 421 27

1376 347 1868 414 CEOUMENIUS
1913 351 2221 415 ΤΗΝ)οΕ
2262 355 2714 422 EPISCOPUS.

324 496 375 570 ej
387 494 523 563 ecit,
550 491 876 566 pluresque
904 485 1102 545 claudi
1135 502 1205 543 ac
1224 483 1485 559 paralysi
1509 483 1788 542 dissoluti
1811 483 1884 543 ab
1917 502 1988 544 eo

2142 505 2250 542 ,ατα
2279 482 2519 562 ὶξέὄαλε,
2548 490 2641 545 καὶ
2679 486 2867 566 χωλοὶ
2924 489 3014 545 καὶ
3069 482 3514 563 παραλελυμενοι
3569 487 3758 567 £039:-

331 587 519 644 curati
557 589 696 640 sunt
745 583 880 653 (Act.
923 579 1070 650 vm)

409 681 462 733 "l.
506 674 724 730 Paulus
757 688 891 726 cum
926 667 1238 724 accederet
1267 665 1656 722 Damascumv
1689 667 1799 722 idit
1820 667 1996 724 visio-

340 783 503 832 nem,
537 763 855 832 statimque
888 758 1249 829 evangelista
1278 755 1469 811 factus
1499 762 1604 811 est.
1649 759 1789 825 (Act.
1828 759 1925 826 Ix.)

413 858 464 909 8.
500 855 707 907 Petrus
744 849 950 921 Lyddzn
999 849 1237 902 Eueam
1272 845 1664 916 paralyticum
1699 845 1772 900 ab
1823 845 1995 900 annis

346 945 412 998 36
446 943 509 997 in
539 939 824 1014 grabbato
856 936 1312 992 decumbentem
1349 934 1597 990 curavit.
1633 935 1819 1001 (Ibid.)

417 1035 468 1089 9.
504 1032 712 1087 Petrus
768 1031 968 1100 Joppae
1036 1032 1330 1082 mortuam
1396 1024 1743 1090 Dorcadem,
1779 1042 1910 1095 qum
1940 1030 1998 1081 et

342 1121 595 1180 Tabitha
627 1119 957 1188 dicebatur,
988 1117 1122 1173 fusa
1169 1115 1437 1172 oratione
1471 1115 1742 1171 excitavit
1771 1131 1805 1170 a
1832 1131 1994 1170 mor-

345 1213 484 1268 tuis.
521 1210 710 1279 (Ibid.)

418 1303 484 1356 10
537 1299 742 1354 Petrus
767 1312 868 1352 vas
895 1311 926 1350 e
959 1293 1104 1351 caalo
1134 1293 1510 1350 descendens
1547 1293 1796 1366 plenum
1831 1295 1994 1352 omni

333 1405 556 1462 genere
585 1385 936 1442 animalium
965 1383 1128 1440 vidit.
1161 1385 1314 1452 (Act.
1349 1385 1458 1453 10.)

405 1482 491 1535 11.
524 1479 733 1532 Petrus
765 1479 1032 1530 servatus
1079 1489 1148 1528 ac
1217 1473 1448 1528 vinctus
1502 1473 1562 1528 in
1623 1489 1882 1539 carcere,
1921 1475 1993 1531 ab

332 1569 546 1643 angelo
572 1567 804 1623 solutus
837 1572 944 1629 est,
980 1563 1391 1638 ignorantibus
1422 1563 1480 1618 id
1517 1563 1806 1619 militibus
1834 1580 1846 1619 :
1883 1565 1992 1620 He-

334 1658 630 1729 rodesque
671 1672 704 1710 a
734 1654 1033 1711 vermibus
1074 1669 1283 1708 exesus
1315 1653 1650 1725 exspiravit.
1687 1655 1832 1723 (Act.
1872 1657 1992 1725 13.)

412 1753 497 1803 12.
536 1747 751 1803 Paulus
782 1747 842 1800 in
873 1746 1062 1817 Cypro
1089 1743 1356 1815 Elymam
1385 1760 1621 1816 magum
1647 1743 1990 1816 increpavit,

338 1845 399 1895 et
419 1855 610 1895 cacus
642 1837 829 1892 factus
852 1841 942 1891 est
973 1836 1097 1906 ipse
1128 1850 1354 1906 magus.
1401 1835 1543 1903 (Art.
1574 1836 1686 1905 13.)

413 1931 495 1984 13.
532 1927 749 1984 Paulus
781 1925 1002 1998 Lystris
1033 1939 1165 1979 eum
1201 1923 1300 1994 qui
1343 1941 1376 1979 a
1406 1923 1710 1979 nativitate
1739 1924 1987 1982 claudus

337 2025 465 2076 erat
495 2035 600 2090 per
631 2034 849 2072 nomen
892 2015 1124 2070 Domini
1159 2015 1386 2070 sanavit
1413 2015 1553 2078 (Act.
1596 2015 1702 2084 14.)

409 2113 492 2166 14.
531 2109 748 2164 Paulus
769 2107 1054 2162 avisione
1087 2107 1147 2161 in
1181 2105 1582 2162 Macedoniam
1604 2111 1845 2162 vocatus
1878 2111 1985 2162 est.

342 2196 485 2267 (Art.
525 2196 635 2265 16.)

411 2288 494 2339 15.
531 2283 749 2338 Paulus
780 2282 1094 2337 mulierem
1125 2298 1257 2353 qum
1289 2281 1562 2352 spiritum
1613 2281 1871 2338 habebat
1900 2281 1992 2336 di-

337 2373 672 2427 vinatorem
708 2370 999 2442 Philippis
1033 2369 1393 2424 emundavit.
1427 2370 1613 2440 (ιΙιίἀ.)

430 2467 516 2517 16.
542 2462 761 2517 Paulus
795 2467 853 2516 et
892 2460 1061 2533 Sylas
1106 2461 1165 2515 in
1215 2476 1512 2514 carcerem
1547 2461 1802 2531 conjecti
1854 2467 1994 2517 sunt

336 2552 642 2626 pedesque
662 2550 820 2623 ligno
842 2550 1195 2606 constrictos
1216 2547 1551 2604 habebant:
1577 2549 1774 2605 media
1792 2556 1991 2606 autem

338 2647 514 2698 nocte
553 2646 928 2696 terrmmotus
957 2640 1148 2695 factus
1208 2644 1316 2705 est,
1378 2655 1704 2710 eorumque
1758 2639 1994 2696 vincula

340 2730 635 2786 dissoluta
665 2736 822 2785 sunt.
856 2729 1046 2798 (lbid.)

415 2823 500 2876 17.
535 2825 579 2877 Α
632 2838 878 2894 corpore
920 2820 1088 2876 Pauli
1119 2819 1469 2876 deferebant
1520 2819 1760 2877 sudaria
1816 2837 1996 2894 super

342 2910 616 2966 infirmos
675 2926 742 2965 ac
799 2909 1095 2965 daemonio
1169 2915 1431 2976 vexatos,
1494 2915 1553 2965 et
1608 2910 1992 2967 curabantur.

343 2997 490 3068 (Act.
523 2999 632 3067 ιθ.)

419 3089 503 3142 18.
540 3087 758 3143 Paulus
798 3087 1021 3144 Troade
1080 3089 1434 3161 Eutychum,
1490 3090 1591 3161 qui
1649 3106 1682 3145 a
1732 3089 1998 3146 fenestra

341 3176 646 3233 ceciderat
671 3182 729 3231 et
759 3183 1027 3233 mortuus
1059 3184 1202 3234 erat.
1237 3179 1532 3243 excitavit,
1552 3179 1759 3236 dicens
1788 3197 1802 3234 :
1851 3181 1991 3236 Ani-

341 3283 438 3322 ma
473 3266 604 3338 ejus
636 3267 696 3321 in
729 3267 858 3339 ipso
891 3274 999 3323 est.
1033 3270 1177 3339 (Act.
1213 3269 1328 3337 20.)

420 3356 506 3411 19.
536 3357 681 3411 Cum
715 3359 961 3413 Romam
1001 3375 1206 3414 versus
1237 3359 1542 3432 navigaret
1573 3362 1810 3420 Paulus.
1842 3368 1992 3418 tem-

342 3442 634 3508 pestatem
670 3439 825 3507 passi
861 3444 1000 3493 sunt
1032 3439 1158 3510 ipse
1193 3456 1522 3511 omnesque
1554 3441 1655 3512 qui
1706 3459 1838 3498 cum
1873 3443 2002 3515 ipso

342 3524 403 3581 in
436 3527 566 3580 navi
585 3533 772 3585 erant.
789 3527 1234 3598 quatuordecim
1251 3529 1378 3585 dies
1395 3547 1514 3585 una
1533 3548 1667 3588 cum
1694 3532 2003 3588 noctibus:

347 3631 440 3670 om
453 3616 507 3668 ni
520 3615 627 3669 bus
657 3623 854 3670 autem
876 3633 1004 3671 sese
1021 3619 1316 3688 perituros
1329 3619 1638 3676 arbitranti
1651 3621 1778 3678 bus.
1801 3628 2004 3678 astans

344 3704 630 3760 Dominus
665 3704 864 3769 Paulo,
915 3706 1064 3761 dixit
1116 3707 1216 3762 ei:
1253 3713 1500 3780 Propter
1559 3716 1614 3766 te
1671 3710 1765 3766 his
1823 3711 2002 3768 vitam

346 3794 610 3850 concedo
643 3801 702 3849 et
734 3797 948 3851 servati
983 3803 1140 3852 sunt.
1175 3799 1325 3865 (Act.
1348 3801 1465 3867 27.)

416 3884 504 3938 20.
541 3885 826 3954 Egressus
859 3903 888 3941 e
922 3888 1051 3941 navi
1112 3888 1360 3944 Paulum
1408 3888 1610 3960 vipera
1655 3891 2000 3960 momordit,

349 3980 409 4032 et
436 3993 643 4033 omnes
671 3978 911 4048 quidem
944 3979 1388 4036 arbitrabantur
1418 3980 1590 4036 illum
1622 3983 2000 4050 moriturum,

345 4081 550 4122 verum
599 4084 734 4123 cum
793 4069 1017 4125 illaesus
1077 4071 1528 4141 permansisset,
1587 4073 2006 4131 existimarunt

345 4156 542 4227 ipsum
574 4173 705 4212 esse
731 4158 915 4213 Deum
970 4163 1119 4219 (Act.
1154 4160 1268 4229 28.)

417 4246 506 4298 2t.
546 4249 772 4300 Patrem
805 4247 998 4301 Publii
1032 4248 1091 4302 in
1124 4247 1323 4305 insula
1353 4250 1693 4321 dysenteria
1723 4251 1998 4308 laboran-

348 4336 464 4386 tem
501 4333 718 4390 Paulus
750 4337 1026 4392 manibus
1059 4337 1352 4408 impositis
1383 4341 1630 4412 sanavit,
1665 4341 2002 4413 multosque

352 4431 706 4496 aegrotantes
733 4429 974 4486 curavit.
1011 4428 1198 4501 (Ibid.)

2101 577 2272 649 πεύθῃ
2281 599 2374 634 σαν
2411 579 2498 635 ὑπ’
2528 578 2713 636 αὐτοῦ.

2173 666 2234 735 ζ’.
2263 664 2478 729 Παῦλος
2535 666 2766 743 ἐγγίζων
2825 670 2894 741 τῇ
2956 671 3229 741 Δαμασκῷ
3280 663 3418 723 εἶδεν
3471 666 3754 740 ὀπτασίαν,

2097 753 2187 806 καὶ
2220 753 2374 817 εὐθὺς
2407 756 2623 829 γέγονεν
2657 753 3072 831 εὐαγγελιστής.

2170 843 2240 910 η’.
2279 845 2479 914 Πέτρος
2512 844 2562 900 ἐν
2619 843 2799 921 Λόδδῃ
2853 844 3060 902 Αἰνείαν
3120 845 3210 900 τὸν
3269 844 3636 912 παραλυτικὸν
3670 845 3764 903 ἀπ’

2099 929 2232 984 ἑτῶν
2266 929 2348 995 λς’
2375 931 2426 986 ἐν
2459 929 2756 1005 κραϐϐατῳ
2785 933 3134 1006 ἀνακείμενον
3158 931 3543 1006 ἐθηραπευσεν.

2168 1021 2230 1077 θ’.
2319 1023 2522 1097 Πέτρος
2581 1023 2635 1078 ὲν
2697 1023 2909 1100 Ἰώππῃ
2996 1025 3096 1093 τήν
3172 1023 3545 1079 ἀποθανοῦσαν
3621 1034 3760 1102 Δορ-

2095 1108 2234 1166 κάδα
2298 1114 2398 1182 τήν
2459 1112 2549 1169 καὶ
2599 1108 2880 1186 Ταόηθάν,
2940 1113 3230 1189 εὐξάμενος
3281 1111 3492 1192 ἤγειρεν
3555 1114 3617 1171 ἐκ
3671 1135 3755 1172 νε-

2097 1207 2266 1277 κρῶν.

2171 1292 2219 1348 ι’.
2255 1286 2461 1364 Πέτρος
2492 1293 2555 1350 τὸ
2585 1293 2636 1365 ἐξ
2692 1293 2927 1368 οὐρανοῦ
2976 1291 3166 1358 σκεῦος
3209 1293 3530 1368 καθιὲμενον
3592 1294 3742 1365 πλῆ-

2098 1400 2186 1456 ρες
2216 1384 2417 1444 παντὸς
2447 1384 2592 1453 ζώου
2623 1382 2882 1453 ἑώρακεν.

2172 1471 2256 1527 ια’.
2307 1469 2514 1545 ΙῙὲτρος
2570 1472 2914 1547 τηρούμενος
2969 1473 3057 1528 καὶ
3121 1469 3407 1540 δεδεμένος
3468 1472 3520 1528 ὲν
3553 1477 3621 1548 τῇ
3654 1495 3756 1552 φυ-

2097 1560 2263 1626 λακῆ,
2300 1561 2405 1616 ὑπὸ
2435 1560 2672 1638 ἀγγέλου
2705 1561 2978 1633 ἀπελύθη,
3025 1563 3100 1636 μή
3156 1560 3381 1617 εἰδότων
3434 1568 3546 1618 τῶν
3605 1585 3762 1640 στρα-

2093 1655 2329 1705 τιωτῶν
2363 1650 2453 1706 καὶ
2486 1653 2514 1706 6
2546 1651 2799 1728 Ἡρώδης
2823 1647 3288 1727 σκοληκόόρωτος
3331 1652 3562 1728 ἐξέψυξε.

2171 1741 2260 1814 ιβ’.
2304 1740 2394 1796 Ἐν
2456 1739 2662 1816 Κύπρῳ
2709 1740 3034 1812 ἐπετίμησεν
3093 1743 3120 1796 6
3182 1743 3397 1804 Παῦλος
3456 1747 3535 1814 τῷ
3595 1744 3751 1820 μάγῳ

2017 1854 2065 1919 Β
2097 1829 2328 1902 Ἐλόμᾳ,
2357 1830 2445 1885 καὶ
2479 1830 2690 1902 ἐγένετο
2720 1829 2929 1911 τυφλὸς
2959 1830 3117 1893 αὐτὸς
3151 1833 3178 1886 ὁ
3215 1834 3409 1906 μάγος.

2173 1927 2258 1995 ιγ’,
2297 1918 2515 1982 Παῦλος
2547 1920 2598 1976 ἐν
2657 1921 2923 1992 Αὖστροις
2982 1920 3170 1996 χωλὸν
3227 1922 3287 1976 ἐκ
3342 1929 3563 1995 γενετῆς
3623 1919 3753 1978 ὅντα

2098 2008 2445 2084 ἱθεράπευσεν
2479 2009 2531 2064 ἐν
2564 2015 2642 2082 τῷ
2673 2010 2902 2083 ὀνόματι
2934 2015 3030 2065 τοῦ
3064 2010 3291 2086 Κυρῖου.

2175 2097 2262 2168 ιδ’,
2299 2100 2516 2164 Παῦλος
2547 2101 2654 2156 ἀπὸ
2686 2101 2947 2162 ὀπτασίας
2975 2101 3053 2163 είς
3086 2100 3425 2158 Μακεδονίαν
3447 2101 3700 2174 Euhion;

2172 2280 2250 2335 ιε’.
2287 2276 2503 2340 Παῦλος
2533 2284 2764 2354 γυναῖκα
2795 2274 3028 2354 ἔχουσαν
3078 2278 3293 2352 πνεῦμα
3338 2281 3596 2345 Ηόθωνος
3631 2281 3765 2337 ἐκα-

2101 2367 2313 2442 θάρισεν
2347 2368 2398 2423 ἐν
2433 2367 2764 2430 Φιλίπποις.

2177 2466 2259 2524 ις’.
2320 2459 2539 2521 Παῦλος
2593 2459 2685 2514 γαὶ
2737 2457 2921 2522 Σόλας
2979 2460 3056 2522 εἷς
3117 2460 3367 2540 φυλακὴν
3435 2461 3760 2533 ἑκλὲθησαν,

2101 2551 2188 2606 καὶ
2223 2549 2637 2628 ἠσφαλιμένους
2669 2550 2818 2624 εἶχον
2849 2549 2978 2612 τοὺς
3005 2548 3179 2612 πόδας
3222 2549 3272 2605 ἐν
3321 2555 3401 2622 τῷ
3461 2550 3632 2623 ξύλῳ.
3668 2553 3756 2610 Ἐν

2104 2638 2162 2696 δὶ
2187 2640 2266 2712 τῷ
2317 2639 2652 2712 μεσονυκτίῳ
2683 2639 2906 2712 σεισμὸς
2961 2641 3153 2715 γέγονε
3209 2640 3300 2695 καὶ
3357 2639 3526 2710 ἐλύθη
3582 2641 3758 2698 αὐτῶν

2099 2729 2168 2785 τὰ
2193 2725 2384 2802 δεσμὰ.

2180 2819 2261 2889 ιζ’.
2298 2820 2432 2875 Ἀπο
2461 2822 2558 2874 τοῦ
2617 2819 2839 2895 χρωτὸς
2899 2817 3120 2874 Παῦλου
3178 2819 3431 2897 ἀνέφερον
3480 2818 3760 2893 συυδάμια

2103 2907 2189 2965 ἐπὶ
2222 2907 2348 2970 τοὺς
2408 2905 2759 2972 ἀσθενοῦντας
2817 2909 2909 2964 καὶ
2966 2906 3391 2982 δαιμονιῶντας,
3449 2909 3538 2965 καὶ
3572 2908 3758 2984 ἐθερα-

2075 3040 2082 3046 -
2103 3000 2356 3056 πεόοντο.

2183 3095 2267 3159 ιη’.
2304 3087 2521 3152 Παῦλος
2553 3088 2604 3144 ἐν
2639 3088 2862 3159 Τρωάδι
2906 3090 3134 3144 πεσόντα
3190 3086 3438 3165 Εὔτυχον
3500 3089 3606 3145 ἀπὸ
3656 3095 3761 3160 τῆς

2109 3177 2327 3253 θυρίδος
2362 3223 2377 3248 ,
2437 3180 2522 3234 καὶ
2583 3178 2922 3235 ἀποθανόντα
2985 3176 3180 3254 ⁴ἤγειρε
3238 3177 3439 3254 λέγων.
3493 3180 3556 3236 Ἠ
3605 3181 3762 3254 ψυχὴ

2108 3267 2274 3322 αὐτοῦ
2304 3266 2358 3323 ἐν
2390 3266 2537 3338 αὖτῷ
2569 3265 2731 3324 ἐστιν.

2182 3357 2261 3410 ιθ“.
2295 3361 2381 3418 Ὠς
2413 3351 2670 3411 ἔπλευσεν
2702 3354 2792 3411 ἰπὶ
2840 3355 3060 3430 Ῥώμην
3092 3357 3120 3412 6
3153 3355 3393 3427 Παῦλος,
3427 3357 3766 3432 ἐχειμάσθη-

2113 3467 2208 3500 σαν
2239 3445 2398 3507 αὐτὸς
2427 3447 2516 3501 καὶ
2549 3447 2601 3499 οἱ
2636 3446 2752 3518 μετ’
2808 3445 2974 3501 αὐτοῦ
3008 3453 3199 3508 πάντες
3231 3446 3282 3500 οἳ
3316 3444 3367 3501 ἐν
3417 3450 3498 3518 τῷ
3558 3445 3767 3517 πλοίῳ,

2113 3538 2436 3612 νυχθήμερα
2487 3533 2862 3608 δεκατέσσαρα*
2951 3535 3166 3592 πάντων
3223 3533 3280 3592 δὲ
3336 3532 3771 3611 προσδοκώντων

2115 3628 2422 3694 ἀποθανεῖν,
2451 3623 2671 3686 ἐπιστὰς
2704 3627 2731 3680 6
2768 3625 2961 3699 Κύριος
2993 3628 3139 3681 εἶπεν
3199 3626 3352 3698 αὐτῷ
3406 3629 3486 3696 τῷ
3543 3624 3770 3698 Παύλῳ,

2113 3713 2222 3782 δτι,
2252 3713 2350 3770 Διὰ
2375 3713 2432 3768 σὶ
2463 3713 2797 3788 κεχάρισμαι
2854 3713 3071 3775 τούτοις
3127 3713 3189 3767 τὸ
3242 3714 3359 3784 ζῆν,
3418 3711 3509 3768 καὶ
3567 3711 3771 3782 ἐσώθη-

2113 3823 2229 3858 σαν·

2183 3892 2249 3948 κ’.
2282 3889 2605 3962 Ἐξελθόντα
2646 3891 2738 3946 τὸν
2798 3888 3016 3948 Παῦλον
3077 3891 3183 3945 ἀπὸ
3233 3895 3332 3945 τοῦ
3389 3887 3590 3945 πλοίου
3649 3887 3768 3967 ἔχις

2112 3978 2312 4037 ἔδακεν.
2351 3980 2450 4036 Καὶ
2482 3980 2533 4034 οἱ
2597 3980 2690 4052 μὶν
2749 3979 2944 4040 πάντες
3001 3977 3252 4050 ἐνόμιζον
3311 3978 3470 4034 αὑτὸν
3531 3978 3774 4054 γίνεσθαι

2113 4071 2318 4142 νεκρόν·
2353 4069 2427 4131 ὡς
2461 4066 2518 4124 δὶ
2561 4069 2776 4139 ἀπαθὴς
2807 4065 3039 4142 ἔμεινεν,
3099 4065 3356 4141 ἐνόμισαν
3418 4068 3580 4124 αὐτὸν
3633 4067 3772 4126 εἶναι

2115 4159 2269 4219 Θεόν.

2184 4250 2284 4306 κα“.
2319 4250 2424 4304 Τὸν
2471 4249 2677 4324 πατέρα
2732 4252 2828 4302 τοῦ
2887 4247 3136 4303 Ποπλίου
3168 4247 3220 4302 ἐν
3276 4251 3345 4322 τῇ
3376 4249 3558 4320 νήσῳ,
3591 4245 3775 4306 δυσεν-

2109 4339 2262 4416 τερίᾳ
2323 4337 2716 4412 συνεχόμενον,
2781 4338 3172 4412 χειροθετήσας
3229 4336 3419 4391 ἱάσατο
3466 4337 3494 4392 6
3539 4334 3775 4408 Παῦλος,

2113 4430 2204 4487 καὶ
2234 4427 2444 4490 ἄλλους
2474 4426 2722 4490 ποΛλους
2755 4427 3114 4489 ἀσθενοῦντας
3144 4425 3523 4502 ἐθεράπευσεν.
