4160 6426
390 346 466 408 29
1807 357 2423 426 PROLEGOMENA.

396 485 3073 521 MM

1708 664 1829 718 ut
1865 664 2125 734 ΑΛΛΩΣ,
2157 667 2506 724 ΥΗΟΘΕΣΙΣ

1038 800 1300 898 ΤΩΝ
1381 803 1991 902 ΠΡΑΞΕΩΝ
2074 805 2330 904 ΤΩΝ
2415 810 3192 910 ΑΠΟΣΤΟΛΩΝ

1619 1127 1838 1184 ITEM
1905 1128 2008 1183 ET
2071 1127 2289 1186 ALIO
2355 1129 2616 1187 MODO

847 1275 1778 1374 ARGUMENTUM
1823 1278 1961 1374 IN
2008 1279 2348 1376 ACTA
2399 1280 3376 1380 APOSTOLORUM.

457 1626 527 1718 Ei
557 1627 653 1685 καὶ
684 1628 918 1718 Πράξεις
949 1629 1012 1684 τὸ
1047 1621 1267 1704 βιϐλίον
1326 1625 1720 1705 ἕπιγέγραπται
1753 1631 1874 1718 τῶν
1915 1628 2042 1685 ἀπο-

2232 1635 2579 1705 Quanquam
2602 1633 3093 1708 liberinscriptus
3119 1634 3198 1690 sit
3223 1633 3814 1718 Actaapostolorum’

384 1717 629 1788 στόλων,
671 1716 802 1774 ἀλλ’
838 1720 914 1783 ὡς
948 1719 1036 1775 ἐπὶ
1069 1720 1133 1775 τὸ
1159 1718 1302 1775 πολὺ
1334 1719 1431 1782 τὰς
1485 1724 1582 1775 τοῦ
1632 1717 1853 1775 Παύλου
1906 1739 2056 1795 περι-

383 1810 528 1886 ιχει.
564 1809 630 1873 ἅς
675 1809 769 1866 καὶ
825 1811 854 1865 ὁ
913 1814 1128 1871 Λουκᾶς
1186 1804 1427 1885 ἀκριϐῶς
1485 1809 1762 1884 ἐγίνωσκε,
1823 1811 1916 1867 ἅτε
1963 1810 2054 1866 καὶ

383 1897 730 1974 mena-apo:
762 1899 912 1972 αὖτῷ
946 1899 1184 1977 γεγονὼς
1225 1899 1315 1955 καὶ
1367 1896 1712 1973 ὁμοδίαιτοςο
1762 1900 1854 1955 καὶ
1909 1899 2054 1957 πολ-

389 1988 519 2050 λοῖς
553 1989 706 2061 αὐτῷ
752 1995 870 2052 τοῖς
928 1989 1244 2065 ἀναγκαίοις
1298 1989 1780 2065 ὐπηρετησάμενος
1855 1996 2052 2069 Ἀναγ-

387 2078 565 2141 καῖως
601 2076 660 2135 δὲ
690 2080 796 2134 ἀπὸ
853 2085 962 2135 τῶν
1025 2076 1212 2135 ἄλλων
1272 2079 1594 2135 ἀποστόλων
1654 2081 1856 2156 ἤρξατο
1914 2082 2050 2150 πρά-

385 2171 538 2240 ξεων.
574 2166 718 2226 Οὖδέ
743 2169 844 2244 γὰρ
875 2169 941 2238 ἦν
970 2167 1162 2232 ἄλλως
1191 2171 1290 2240 τήν
1320 2170 1460 2226 κατὰ
1491 2170 1582 2225 τὸν
1620 2168 1842 2226 Παῦλον
1877 2171 2049 2227 ἰστο-

387 2259 509 2334 ρίαν
537 2255 870 2334 ἀκριϐῶσαι,
925 2261 1002 2333 μὴ
1063 2266 1164 2329 τῆς
1222 2264 1330 2314 τῶν
1385 2258 1710 2316 ἀποστόλων
1763 2272 2050 2334 προτεθει-

393 2351 582 2422 μὶνης.
623 2354 734 2404 Ποῦ
766 2349 866 2423 γὰρ
897 2350 960 2405 τὸ
991 2350 1098 2424 πρὸ
1127 2353 1223 2406 τοῦ
1253 2348 1576 2425 προσελθεῖν
1607 2351 1688 2422 τῷ
1732 2349 2048 2425 κηρύγματι

392 2437 615 2496 Παῦλον
644 2437 797 2512 ὠμὸν
828 2438 992 2493 αὐτοῦ
1039 2439 1132 2496 καὶ
1190 2436 1458 2514 Θηριῶδες
1495 2449 1633 2516 προς
1687 2438 1817 2502 τοὺς
1870 2450 2052 2512 μαθη-

386 2530 486 2592 τὰς
543 2525 819 2608 διεφάνη;
877 2529 968 2584 καὶ
1028 2532 1062 2599 ἡ
1096 2531 1229 2605 πρὸς
1287 2529 1381 2586 τὸν
1439 2531 1656 2604 ἀνεψιὸν
1703 2531 1871 2616 αρτοὖ
1919 2531 2050 2588 Στὲ-

392 2641 562 2698 γανον
594 2618 681 2674 ἐπὶ
743 2622 812 2692 τῇ
870 2618 1142 2694 ἀναιρέσει
1191 2620 1389 2675 τούτου
1445 2618 1805 2693 συνευδοκίᾳ;
1863 2624 1955 2678 καὶ
2012 2625 2048 2692 ἡ

390 2707 807 2784 ἀπροσδόκητος
869 2709 1035 2765 αὐτοῦ
1092 2708 1290 2780 κλῆσις
1345 2710 1438 2766 καὶ
1519 2710 1822 2792 ἐπιστροφὴ
1910 2713 2050 2788 πρὸς

391 2802 522 2862 τοὺς
555 2797 930 2874 διωκομένους
958 2797 1094 2865 τέως
1123 2821 1136 2872 ;
1167 2802 1257 2858 καὶ
1291 2803 1319 2858 ὁ
1347 2802 1482 2878 ὑπὶρ
1524 2805 1632 2858 τῶν
1697 2799 2052 2877 διωκομένων

391 2885 686 2958 κίνδυνος;
722 2888 872 2945 ἅκαὶ
900 2889 1150 2960 ὗπέκνιζε
1207 2886 1297 2944 διὰ
1359 2889 1484 2964 βίου
1535 2891 1663 2952 τοὺς
1721 2886 2046 2960 Ἰουδαίους,

392 2976 485 3030 καὶ
521 2975 808 3049 μανιωδῶς
838 2975 1039 3048 λυττῷ
1087 2975 1236 3049 αὐτῷ
1280 2977 1696 3053 κατηνάγκαζεν.
1747 2977 1859 3033 Οὐκ
1904 2977 1964 3033 ἂν
1993 2992 2049 3032 τι
2079 3006 2128 3072 Β

389 3066 604 3120 τούτων
638 3068 774 3141 ἡμῖν
801 3062 1062 3145 ἔγνωστο,
1117 3067 1192 3141 μή
1243 3073 1345 3136 τῆς
1389 3067 1498 3122 τῶν
1546 3067 1869 3123 ἀποστόλων
1913 3087 2050 3142 προ-

390 3150 676 3224 λαϐούσης
736 3155 1019 3229 Ἱστορίας.
1075 3153 1299 3218 ’Ἄλλως
1362 3175 1422 3211 τι
1477 3156 1567 3211 καὶ
1629 3155 1678 3210 εἲ
1732 3157 1826 3212 ἀπ’
1881 3157 2050 3213 αὐτοῦ

388 3247 595 3317 ἤρξατο
657 3243 896 3312 Παύλου,
955 3245 1168 3308 πάντως
1217 3245 1428 3323 ἀνάγκη
1517 3247 1827 3321 χρήσασθαι
1910 3267 2047 3323 παρ-

392 3329 632 3404 εκϐάσει,
663 3334 802 3405 πρὸς
833 3335 895 3391 τὸ
927 3331 1134 3406 διδάξαι
1163 3335 1231 3391 τὰ
1261 3334 1344 3390 ἰπ’
1387 3335 1543 3408 αότῷ
1589 3331 1892 3409 συμϐάντα.
1944 3336 2047 3395 Καὶ

387 3427 568 3485 οὕτως
602 3431 758 3492 στῆς
818 3423 1128 3500 διηγήσεως
1180 3425 1501 3481 ἀνεκόπτετο
1559 3423 1751 3503 λόγος,
1809 3424 2050 3491 πολλοῖς

390 3515 892 3590 ἐπισορτιζόμενος.
951 3519 1046 3572 Ὧν
1104 3510 1279 3582 ἐκτὸς,
1365 3512 1517 3571 οὐδὲν
1576 3516 1643 3585 ἦν
1702 3516 1864 3594 σαφὲς
1920 3516 2045 3592 περὶ

389 3605 614 3662 Παύλου
644 3604 962 3682 λεγόμενον.
997 3607 1091 3662 Ἰν⁹
1121 3607 1215 3661 οὖν
1244 3605 1574 3662 εὐσύνοπτον
1617 3606 1708 3662 καὶ
1759 3606 2042 3687 ἀνεπαχθῆ

393 3697 488 3750 τὸν
520 3697 642 3771 περὶ
674 3695 846 3752 αὐτοῦ
873 3698 1175 3768 ποιήσηται
1207 3695 1400 3770 λόγον,
1431 3695 1633 3768 ἤρξατο
1668 3697 1765 3768 μὶν
1811 3697 1919 3752 ἀπὸ
1944 3701 2043 3754 τοῦ

397 3791 582 3842 κοινοῦ
609 3791 702 3842 τοῦ
733 3785 855 3860 περὶ
885 3791 995 3842 τῶν
1020 3783 1342 3841 ἀποστόλων
1373 3783 1570 3864 λόγου.
1604 3787 1754 3845 Ἐπεὶ
1803 3783 1862 3842 δὲ
1907 3807 2042 3860 προ-

391 3877 544 3956 ήχθη
579 3875 654 3938 εἰς
683 3876 774 3932 τὸν
807 3875 931 3951 περί
961 3879 1059 3931 τοῦ
1093 3873 1336 3941 Παύλου,
1383 3877 1569 3953 γὲγονε
1614 3877 1677 3932 τὸ
1726 3875 1834 3931 ἀπὸ
1884 3871 2044 3931 τοῦδε

385 3966 584 4023 ἑαυτοῦ
616 3967 644 4022 ὁ
677 3971 887 4028 Λουκᾶς
928 3969 1157 4033 σκοποῦ,
1215 3965 1307 4021 καὶ
1364 3965 1456 4023 τὸν
1502 3966 1623 4042 περὶ
1683 3969 1791 4021 τῶν
1853 3961 2039 4021 ἃλλων

385 4057 542 4124 ἀφεὶς
577 4055 763 4130 λόγον,
795 4051 980 4132 ἔχεται
1016 4056 1184 4131 μόνου
1211 4055 1310 4112 τοῦ
1341 4054 1391 4128 ie
1421 4055 1625 4132 ἀρχῆς.
1681 4056 1798 4113 Οὐκ
1844 4054 2042 4132 ἔγραψε

323 4215 332 4222 _
383 4143 443 4201 δὲ
473 4146 657 4200 καὶτὸ
686 4144 844 4208 τέλος
904 4144 1150 4214 Παύλου,
1185 4147 1274 4202 καὶ
1323 4153 1424 4214 τὴν
1472 4143 1533 4200 ἐκ
1575 4143 1828 4220 δευτέρου
1875 4145 2040 4203 αὐτοῦ

385 4237 526 4310 πρὸς
557 4236 778 4310 Νέρωνα
804 4236 1128 4315 ἀπαγωγὴν,
1157 4236 1338 4292 καίτοι
1370 4242 1534 4306 συνῆν
1581 4236 1672 4292 καὶ
1725 4237 1849 4293 τότε
1895 4236 2040 4293 Παύ-

381 4323 493 4397 λῳ,
550 4325 719 4380 αὐτοῦ
772 4325 1076 4403 γράφοντος
1124 4324 1369 4389 Παύλου.
1427 4325 1532 4396 ὃτι,
1565 4348 1595 4378 ‹‹
1655 4332 1865 4390 Λουκᾶς
1923 4326 2034 4382 ἐστι
2065 4359 2110 4425 C

385 4416 556 4487 μόνος
593 4419 707 4486 μετ’
736 4414 923 4478 αὐτοῦ.
955 4439 983 4467 n
1015 4417 1050 4483 ἢ
1082 4414 1166 4471 ὅτι
1197 4415 1260 4472 οὐ
1281 4413 1574 4492 προῦκειτο
1594 4417 1746 4489 αὖτῷ
1770 4417 2039 4493 Ἰστορίαν

379 4501 455 4559 δι’
487 4504 629 4560 ὅλου
657 4510 860 4574 πονεῖν,
891 4503 1018 4563 αλλ’
1045 4505 1170 4563 ὅσον
1209 4508 1372 4579 μόνον
1405 4505 1733 4578 ἐνδείξασθαι
1766 4509 1866 4578 τήν
1897 4509 2034 4584 πρὸς

380 4595 477 4652 τὸν
508 4595 746 4669 Χριστὸν
774 4597 944 4653 αὐτοῦ
974 4597 1361 4674 προσαγωγὴν,
1393 4595 1485 4653 καὶ
1534 4598 1635 4654 ἀσα
1682 4599 2030 4677 κατήπειγεν.

379 4687 452 4744 ’Π
489 4685 589 4742 οὐκ
613 4683 742 4767 ἴσχε
769 4687 958 4761 καιρὸν
1016 4687 1154 4763 πρὸς
1212 4687 1274 4744 τό
1335 4687 1499 4764 πέρας
1557 4688 1823 4746 ἰπιθεῖναι
1872 4692 1940 4762 τῇ
1981 4688 2033 4760 ιε

383 4776 570 4851 ἀρχῆς
611 4775 882 4850 προθίσει.
942 4774 1125 4840 Πολὺς
1178 4777 1279 4852 γὰρ
1339 4777 1368 4833 ό
1415 4777 1561 4848 παρᾶ
1620 4781 1728 4834 τῶν
1785 4773 2031 4834 διωκτῶν

378 4866 728 4939 ἰπικείμινος
775 4871 893 4929 τοῖς
951 4869 1048 4923 τοῦ
1107 4867 1306 4940 Κυρίου
1361 4867 1481 4924 κατ’
1530 4867 1709 4948 ἀρχὰς
1764 4866 2032 4944 τάραχος.

373 4955 442 5014 Εἰ
471 4957 561 5011 καὶ
591 4959 699 5010 τῶν
727 4954 1052 5012 ἀποστόλων
1112 4952 1171 5012 δὶ
1226 4957 1346 5012 κατ’
1396 4956 1574 5032 ἀρχὰς
1631 4955 2034 5032 ἐπαγγέλλεται

370 5046 436 5100 τὸ
460 5043 634 5120 παρόν
666 5040 889 5119 βιϐλίον
918 5045 1206 5115 ἱστορῆσαι
1235 5046 1332 5108 τάς
1366 5046 1616 5121 Πράεεις,
1640 5046 1714 5110 ὡς
1739 5046 1847 5103 ἂνω
1868 5047 2036 5122 ἐμνή-

369 5146 603 5208 σθημεν,
673 5133 819 5191 ἀλλά
886 5137 986 5190 τοῦ
1039 5134 1200 5214 ἀγίου
1285 5135 1624 5209 Πνεύματος,
1709 5137 2033 5215 σαφέστερον

366 5225 528 5300 Ξρεῖν,
561 5226 614 5282 ἐν
647 5225 828 5300 το·5τφ
856 5222 1228 5305 περιέχονται.
1256 5225 1412 5298 Ἀμα
1440 5225 1545 5304 γᾶρ
1591 5230 1671 5298 τῷ
1726 5225 2029 5302 ἐνδημῆσαι

365 5322 485 5379 τοῖς
513 5314 876 5384 ἀποστόλαις,
910 5313 1014 5370 ὅσα
1042 5310 1112 5369 δι’
1143 5312 1320 5371 αὐτῶν
1351 5312 1630 5390 παράδοξα
1679 5315 2030 5390 ἐπετελέσθη,

361 5404 449 5464 διὰ
475 5411 574 5464 τοῦ
603 5400 840 5484 βιϐλίου
879 5401 1084 5460 τούτου
1143 5406 1509 5480 γινώσκομεν,
1565 5410 1663 5461 τοῦ
1714 5406 2032 5481 Πνεύματος

361 5493 570 5570 δηλαδή
603 5494 675 5554 δι’
712 5495 904 5552 αὐτῶν
931 5496 1102 5550 ταῦτα
1156 5497 1468 5557 ποιοῦντος.
1531 5493 1712 5554 Ἀλλὰ
1771 5495 1862 5552 καὶ
1919 5501 2028 5554 τῶν

418 5673 442 5710 ⁸
465 5675 519 5735 Π
542 5673 697 5734 Tim.
729 5683 813 5740 ιν,
849 5663 942 5724 Η.

2166 1721 2544 1793 potissimum
2576 1729 2771 1779 tamea
2826 1725 2993 1780 Pauli
3048 1726 3314 1780 actiones
3359 1724 3817 1795 complectitur:

2165 1827 2314 1882 quas
2336 1813 2516 1868 etiam
2535 1814 2719 1869 Lucas
2741 1819 2944 1870 exacte
2977 1822 3238 1877 noverat,
3269 1819 3475 1886 utpote
3507 1814 3604 1885 qui
3639 1815 3820 1871 simul

2165 1918 2300 1957 cum
2323 1919 2391 1956 eo
2415 1904 2824 1975 peregrinatus
2855 1904 3068 1971 fuerat,
3101 1921 3339 1977 unaque
3372 1905 3728 1966 convixerat,
3762 1893 3820 1958 et

2165 1991 2226 2046 in
2245 1991 2450 2047 multis
2465 1993 2920 2049 necessitatibus
2935 1994 2985 2049 ei
3003 1995 3573 2050 subministraverat.
3593 1997 3814 2050 Neces-

2167 2081 2388 2136 sarium
2412 2088 2611 2137 autem
2647 2083 2757 2137 fuit
2787 2089 2852 2138 ut
2880 2083 2952 2138 ab
2985 2083 3237 2138 aliorum
3271 2083 3678 2154 apostolorum
3714 2086 3818 2138 Ac-

2163 2170 2427 2225 tionibus
2459 2171 2768 2243 inciperet.
2802 2174 3002 2243 Neque
3034 2172 3195 2228 enim
3227 2173 3402 2227 aliter
3429 2177 3632 2243 posset
3679 2172 3816 2226 dili-

2163 2266 2370 2333 genter
2399 2263 2564 2317 Pauli
2613 2264 2930 2318 Historiam
2988 2264 3288 2334 prosequi,
3343 2264 3460 2318 nisi
3507 2263 3828 2334 prazmissar

2162 2351 2565 2422 apostolorum
2598 2353 2869 2409 Historia.
2921 2353 3226 2418 Quomodo
3287 2353 3450 2408 enim
3498 2353 3818 2408 manifesta

2163 2443 2335 2498 fieret
2359 2443 2523 2498 Pauli
2547 2443 2869 2499 crudelitas
2888 2450 2946 2499 et
2971 2444 3172 2498 feritas
3195 2444 3544 2515 priusquam
3571 2443 3643 2497 ad
3661 2460 3815 2515 pras-

2162 2534 2522 2590 dicationem
2555 2535 2912 2591 accederet?
2947 2542 3050 2591 aut
3095 2553 3424 2591 consensus
3475 2536 3535 2590 in
3589 2535 3815 2592 caedem

2161 2625 2394 2697 cognati
2429 2625 2540 2680 sibi
2575 2626 2854 2697 Stephani
2877 2627 2904 2680 ?
2935 2632 2993 2682 et
3025 2625 3339 2697 inopinata
3368 2625 3532 2680 illius
3562 2625 3812 2692 vocatio,

2161 2730 2229 2770 ac
2259 2714 2565 2770 conversio
2587 2715 2661 2770 ad
2693 2714 2851 2781 illos,
2885 2732 3035 2787 quos
3073 2714 3147 2770 ad
3187 2715 3246 2770 id
3293 2731 3484 2786 nsque
3529 2714 3816 2787 temporis

2160 2800 2356 2858 fuerat
2384 2809 2733 2874 persecutus
2753 2802 2780 2857 ?
2811 2809 2870 2857 et
2900 2819 3182 2874 perpessa
3211 2819 3317 2873 pro
3349 2802 3422 2856 iis
3441 2801 3618 2857 rebus
3653 2802 3814 2873 periv

2161 2889 2295 2945 cula
2326 2906 2473 2962 quas
2504 2890 2668 2961 prius
2699 2890 3190 2962 persequebatur,
3216 2896 3274 2944 et
3304 2890 3520 2962 quibus
3553 2907 3819 2961 sequen‘

2162 2979 2236 3035 tis
2267 2979 2396 3034 vitm
2430 2985 2698 3051 tempore
2726 2979 2960 3035 Judaaos
2991 2979 3366 3052 provocabat.
3399 2985 3458 3034 et
3487 2978 3560 3034 ad
3582 2978 3810 3034 rabiem

2157 3085 2345 3140 usque
2361 3069 2624 3125 insanire
2641 3069 2925 3142 cogebat?
2946 3072 3328 3140 Nequaquam
3343 3086 3413 3124 ex
3430 3069 3521 3123 his
3537 3069 3809 3142 cognitus

2157 3158 2329 3214 nobis
2362 3166 2519 3216 esset
2549 3159 2790 3226 Paulus,
2838 3159 2952 3214 nisi
2998 3159 3363 3232 praecederet
3400 3158 3808 3230 apostolorum

2156 3249 2413 3304 Historia
2441 3251 2736 3305 Prmterea
2752 3265 2990 3320 quoque
3008 3249 3056 3303 si
3071 3249 3142 3303 ab
3157 3249 3284 3319 ipso
3307 3249 3584 3320 cmpisset
3601 3248 3808 3318 Paulo,

2153 3338 2402 3394 omnino
2425 3338 2791 3411 digressione
2815 3338 2902 3393 uti
2931 3354 3176 3393 necesse
3191 3337 3449 3404 esset,ad
3472 3336 3808 3394 docendum

2155 3449 2224 3488 ea
2254 3449 2386 3504 quae
2419 3432 2578 3487 circa
2606 3433 2800 3503 ipsum
2823 3432 3221 3504 contigerant:
3250 3437 3308 3486 et
3330 3431 3412 3486 ita
3438 3429 3801 3486 narrationis

2153 3522 2412 3578 tenorim
2425 3521 2994 3594 pedireturnempeu
3007 3521 3142 3576 .ulta
3156 3519 3518 3576 includenda
3537 3519 3665 3575 sine
3680 3521 3805 3592 qui-

2152 3612 2262 3668 bus
2286 3611 2437 3666 nihil
2459 3611 2618 3682 quod
2641 3611 2714 3666 de
2743 3611 2924 3666 Paulo
2943 3611 3262 3677 diceretur,
3296 3617 3494 3682 posset
3516 3627 3646 3665 esse
3679 3625 3802 3665 ma-

2150 3704 2454 3760 nifestum.
2484 3704 2557 3760 Ut
2579 3703 2947 3775 igiturfacile
2971 3701 3407 3774 intelligibilrm
3431 3718 3498 3756 ac
3530 3700 3806 3758 molestia

2149 3799 2452 3849 carentem
2485 3793 2662 3847 faciat
2685 3792 2758 3848 de
2790 3792 2972 3848 Paulo
3005 3808 3366 3857 sermonem,
3389 3791 3566 3862 coepit
3586 3807 3620 3845 a
3639 3807 3804 3845 com-

2149 3883 2314 3937 muni
2347 3883 2420 3937 de
2450 3882 2737 3954 apostolis
2768 3897 3064 3936 sermone.
3100 3883 3419 3951 Postquam
3476 3886 3676 3936 autem
3723 3879 3800 3935 ad

2149 3989 2283 4028 cum
2307 3973 2406 4044 qui
2440 3971 2511 4027 de
2543 3971 2726 4026 Paulo
2760 3976 2886 4025 erat
2914 3971 3238 4041 perductus
3269 3976 3378 4025 est.
3405 3971 3533 4041 jam
3566 3986 3635 4025 ex
3683 3971 3800 4025 hoo

2148 4062 2221 4118 ad
2244 4062 2540 4117 intentum
2564 4061 2674 4116 sibi
2699 4077 2944 4133 scopum
2969 4060 3151 4116 Lucas
3175 4057 3462 4131 pervenit,
3487 4063 3562 4122 et,
3589 4057 3798 4113 relicto

2147 4152 2220 4209 de
2252 4152 2479 4208 caeteris
2509 4167 2804 4210 sermone.
2841 4149 2952 4205 soli
2984 4149 3069 4204 illi
3103 4149 3289 4203 haeret
3319 4164 3496 4220 quem
3528 4146 3602 4201 ab
3624 4146 3799 4202 initio

2147 4242 2506 4299 intenderat.
2543 4244 2667 4297 Non
2701 4247 2900 4296 autem
2934 4239 3175 4310 scripsit
3197 4237 3286 4292 vel
3319 4237 3485 4292 Pauli
3545 4243 3798 4294 mortem

2148 4332 2238 4387 vel
2261 4333 2582 4388 secundam
2610 4332 2798 4404 ipsius
2819 4329 2973 4403 apud
2999 4331 3292 4384 Neronem
3323 4327 3797 4383 accusationem:

2148 4421 2311 4494 atqui
2343 4421 2521 4476 etiam
2546 4424 2687 4474 tunc
2709 4435 2843 4473 cum
2871 4417 3046 4473 Paulo
3079 4422 3226 4481 erat,
3256 4431 3388 4471 cum
3425 4415 3642 4469 Paulus
3672 4414 3799 4485 ipse

2143 4512 2431 4568 scriberet
2464 4533 2489 4558 α
2523 4509 2716 4564 solum
2753 4509 2964 4564 Lucam
2997 4523 3130 4562 cum
3165 4522 3232 4560 eo
3268 4505 3471 4572 o-sse';
3501 4529 3526 4552 η
3549 4505 3798 4576 velquia

2142 4602 2446 4658 decretum
2479 4599 2592 4671 ipsi
2624 4615 2745 4654 non
2776 4605 2902 4653 erat
2933 4596 3249 4652 Historiam
3279 4595 3352 4650 ad
3392 4595 3574 4651 finem
3606 4594 3797 4648 dedu-

2141 4709 2296 4758 cere,
2321 4691 2426 4746 sed
2451 4690 2646 4746 solum
2670 4687 2984 4744 ostendere
3005 4702 3310 4742 accessum
3337 4686 3466 4755 ejus
3497 4684 3571 4740 ad
3625 4685 3793 4742 Chrio

2142 4787 2320 4845 stum,
2355 4785 2413 4834 et
2443 4783 2730 4849 quantum
2751 4777 3022 4832 laborum
3055 4775 3405 4844 susceperit,
3435 4773 3528 4829 vel
3559 4779 3794 4847 tempus

2141 4885 2262 4926 non
2280 4874 2370 4924 est
2389 4868 2591 4923 datum
2610 4872 2677 4922 ut
2698 4866 2880 4922 ﬁnem
2899 4867 3237 4936 imponeret
3269 4869 3617 4936 argumento
3637 4863 3797 4934 quod

2140 4959 2213 5014 ab
2244 4959 2416 5014 initio
2447 4961 2820 5028 conceperat.
2875 4954 3056 5010 Multa
3109 4969 3368 5025 namque
3418 4951 3676 5008 turbatio
3736 4958 3797 5011 et

2140 5048 2385 5107 afﬂictio
2408 5052 2536 5103 erat
2556 5063 2690 5118 quae
2713 5046 2869 5100 inter
2888 5044 3184 5117 principia
3205 5043 3514 5115 discipulis
3533 5044 3792 5116 Domini,

2139 5157 2174 5197 a
2204 5137 2688 5214 persecutoribus
2710 5134 3443 5206 imminebat.Quanquam
3467 5141 3667 5191 autem
3681 5136 3792 5191 cir-

2139 5247 2207 5288 ca
2231 5227 2563 5304 primordia
2587 5227 2882 5300 promittit
2903 5241 3168 5298 praesens
3189 5226 3342 5280 liber
3380 5227 3790 5283 narrationem

2135 5316 2949 5391 Actionumapostolicarum,
2973 5315 3152 5372 veluti
3177 5316 3793 5387 suprameminimus;

2135 5417 2205 5467 ut
2258 5415 2461 5466 tamen
2539 5405 2914 5463 manifestius
2971 5405 3224 5466 dicatur.
3282 5405 3472 5461 sancti
3541 5404 3794 5478 Spiritus

2134 5504 2281 5558 Acta
2307 5500 2370 5556 in
2409 5500 2523 5555 hoc
2551 5497 2956 5554 continentur.
2991 5497 3137 5554 Nam
3168 5495 3349 5553 simul
3380 5501 3448 5550 ut
3479 5493 3785 5567 apostolis,
