4160 6432
398 439 474 510 85
1528 419 1957 488 (ECUMENII
2004 419 2306 485 TRICCE
2345 417 2698 484 EPISCOPI
3749 415 3828 478 86

1655 567 1838 578 -.———~

1793 720 2442 818 ΚΕΦΑΛΑΙΑ

609 936 958 1064 ΤΩΝ
1067 929 1892 1061 ΠΡΑΞΕΩΝ
1999 927 2347 1055 ΤΩΝ
2460 923 3604 1060 ΑΠΟΣΤΟΛΩΝ.

1310 1271 1907 1370 ACTORUM
1973 1269 2904 1367 APOSTOLORUM

2041 1449 2324 1508 CAPITA.

406 1725 454 1776 1.
487 1721 561 1775 De
581 1718 839 1772 doctrina
869 1715 1094 1782 Christi,
1127 1728 1256 1784 quae
1308 1716 1421 1783 fuit
1466 1729 1502 1768 a
1555 1714 1956 1768 resurrectione
2009 1717 2061 1766 et

551 1810 902 1879 apparitione
949 1807 1022 1860 ad
1078 1805 1378 1875 discipulos
1437 1811 1491 1859 et
1570 1803 1637 1858 de
1697 1805 2062 1875 promissione

546 1899 729 1953 sant-ti
748 1898 1014 1967 Spiritus,
1047 1895 1112 1950 de
1143 1898 1260 1950 visa
1302 1894 1507 1949 Christi
1562 1895 1953 1964 assumptione,
2012 1899 2062 1946 et

550 1988 617 2043 de
649 1988 890 2056 glorioso
918 1985 1038 2055 ejus
1065 1985 1302 2041 secundo
1331 1983 1596 2039 adventu.

403 2264 456 2314 2.
491 2261 641 2314 Pet-ri
673 2259 859 2313 concio
894 2258 968 2311 ad
992 2273 1078 2312 eos
1109 2258 1306 2328 quibus
1352 2262 1544 2310 notum
1593 2261 1714 2310 erat
1765 2253 1832 2308 de
1887 2260 2063 2308 morte

547 2354 598 2402 et
631 2347 944 2418 apostolatu
974 2347 1138 2402 Iuda?
1163 2347 1465 2415 proditoris
1500 2362 1513 2411 ;
1571 2346 1629 2398 in
1661 2359 1770 2414 quo
1798 2349 2064 2397 narratur

547 2439 713 2493 etiam
738 2438 804 2491 de
834 2435 1058 2490 Mathiae
1079 2434 1483 2494 substitutione.
1513 2436 1611 2503 qui
1638 2450 1738 2504 per
1759 2435 2063 2488 orationem

543 2528 770 2582 sortitus
801 2532 878 2579 est
909 2525 1276 2594 apostolatum
1305 2525 1489 2592 gratia
1521 2524 1634 2578 Dei.

403 2618 455 2670 3.
491 2616 564 2669 De
585 2614 766 2668 divini
794 2615 1037 2684 Spiritus
1070 2616 1250 2668 sancti
1295 2614 1716 2682 superventione
1773 2611 1860 2665 die
1908 2613 2060 2665 Pen-

545 2710 737 2758 tecoste
768 2706 921 2769 facta
949 2719 1114 2772 super
1165 2718 1250 2757 eos
1309 2702 1410 2772 qui
1440 2701 1810 2766 crediderant,
1842 2701 1900 2754 in
1955 2715 2061 2770 quo

545 2796 710 2849 etiam
754 2793 908 2848 Petri
974 2794 1233 2848 doctrina
1299 2809 1326 2848 e
1377 2793 1664 2863 prophetis
1723 2793 2058 2856 continetur,

551 2901 744 2954 nempe
773 2884 839 2938 de
863 2885 1137 2954 passione,
1170 2881 1591 2938 ressurrectione
1619 2889 1670 2937 et
1691 2881 2063 2951 assumptione

552 2974 780 3036 Christi,
818 2974 1073 3042 donoque
1123 2974 1366 3042 Spiritus
1395 2976 1571 3027 sancti
1599 2988 1618 3027 :
1649 2973 1716 3026 de
1743 2971 1849 3040 ﬁde
1874 2984 2060 3024 eorum

551 3064 649 3134 qui
673 3070 974 3132 praesentes
1005 3069 1164 3117 erant
1205 3079 1310 3132 per
1341 3063 1635 3133 baptisma,
1687 3060 1754 3115 de
1802 3073 2062 3115 consensu

546 3155 606 3208 in
638 3170 980 3209 communem
1009 3154 1335 3221 utilitatem,
1367 3160 1420 3208 et
1451 3153 1797 3224 oppositione
1831 3149 2059 3206 creden-

542 3245 695 3298 tium.

400 3513 452 3565 4.
488 3512 564 3566 De
594 3509 782 3566 claudi
813 3528 847 3566 a
877 3514 1169 3567 nativitate
1212 3527 1348 3567 cura
1388 3508 1593 3565 Christi
1646 3511 1854 3564 virtute
1880 3511 2055 3578 facta,

543 3601 820 3670 electaque
853 3603 1005 3655 Petri
1035 3600 1404 3657 instructione
1433 3603 1490 3654 in
1522 3617 1632 3670 qua
1662 3615 1772 3655 sese
1792 3599 2056 3663 demittit,

546 3699 599 3747 et
647 3692 940 3748 consilium
997 3693 1071 3747 ad
1116 3693 1340 3747 illorum
1390 3691 1622 3747 salutem
1680 3691 1955 3745 adducit:
2001 3690 2059 3743 in

540 3797 649 3851 quo
680 3785 845 3836 etiam
885 3783 1142 3837 subditur
1161 3781 1491 3852 pontiﬁcum
1523 3780 1925 3836 animadversio
1946 3776 2059 3832 zelo

537 3870 654 3939 ejus
682 3872 833 3940 quod
857 3874 1072 3939 factum
1129 3877 1269 3939 erat,
1304 3877 1355 3925 et
1384 3871 1450 3926 de
1498 3867 1775 3926 miraculo
1810 3869 2059 3924 decerta-

543 3963 643 4014 tio.

401 4051 452 4104 5.
477 4051 553 4104 De
582 4048 881 4104 incredulis
900 4050 1259 4120 pontiﬁcibus
1290 4049 1390 4119 qui
1411 4049 1686 4118 jubebant
1737 4065 1806 4102 ne
1858 4049 1917 4102 in
1954 4062 2058 4100 no-

543 4141 691 4193 mine
721 4139 928 4193 Christi
974 4139 1168 4209 pnlam
1219 4140 1594 4209 loquerentur,
1629 4145 1679 4194 et
1708 4138 2055 4203 redintegra-

544 4229 695 4282 tione
752 4229 1128 4298 apostolorum
1175 4246 1196 4283 ,⁸
1281 4229 1350 4282 de
1405 4227 1656 4284 Ecclesiae
1742 4227 2058 4298 gratiarum

543 4319 759 4372 actione
786 4319 850 4373 ob
907 4318 1038 4388 fidei
1096 4320 1473 4389 apostolorum
1526 4319 1945 4373 constantiam:
1994 4316 2059 4370 de

540 4409 913 4463 unanimitate
941 4415 993 4462 et
1043 4409 1347 4464 universali
1398 4409 1774 4464 communione
1830 4407 2056 4462 creden-

543 4499 701 4553 tium.
734 4498 798 4552 In
831 4513 937 4568 quo
968 4501 1134 4553 etiam
1151 4499 1218 4554 de
1247 4497 1476 4554 Anania
1505 4505 1556 4554 et
1584 4498 1886 4570 Sapphira,
1912 4513 2060 4552 acer-

545 4585 721 4658 baque
750 4603 935 4642 eorum
965 4594 1157 4658 morte,
1191 4590 1527 4644 continetur.

402 4769 454 4820 6.
509 4765 802 4835 Apostolos
859 4768 1069 4822 carceri
1132 4767 1364 4838 injectos
1431 4768 1660 4836 angelus
1745 4766 1852 4822 Dei
1907 4770 2062 4821 nocte

541 4856 755 4922 eduxit,
788 4873 977 4912 curam
1009 4857 1232 4911 tradens
1262 4862 1324 4910 ut
1373 4857 1438 4910 ob
1497 4855 1711 4910 nullam
1759 4856 2061 4910 obstantem

538 4944 973 5013 prohibitionem
1005 4953 1272 5001 cessarent
1303 4963 1337 4999 a
1363 4946 1761 5016 przrdicatione
1816 4946 1964 5009 Iesu,
1998 4945 2058 4998 in

541 5049 648 5103 quo
671 5037 845 5089 etiam
877 5036 1108 5089 habetur
1137 5035 1286 5105 quod
1305 5042 1500 5105 postea
1525 5037 1812 5106 pontiﬁces
1833 5049 2057 5088 rursum

544 5123 693 5192 ipsos
722 5125 1258 5194 comprehendentes,
1312 5132 1609 5196 postquam
1657 5127 1944 5194 jusserunt
1991 5138 2058 5178 ne

546 5213 784 5282 amplius
806 5214 1081 5278 docerent,
1108 5232 1268 5271 caesos
1299 5211 1979 5270 dimiserunt.Gamalielis
1995 5211 2061 5266 de

546 5305 808 5372 apostolis
837 5306 1106 5359 sententia
1133 5306 1518 5375 persuasibilis
1569 5321 1683 5359 una
1722 5320 1843 5358 cum
1876 5319 2057 5358 exem-

543 5392 653 5462 plis
684 5395 964 5448 nonnullis
985 5412 1047 5450 ac
1070 5396 1410 5451 evidentibus
1435 5393 1878 5466 probationibus.

399 5483 452 5534 7.
490 5483 560 5535 De
591 5483 856 5538 elv'ctione
893 5492 1101 5555 septem
1133 5487 1519 5541 diaconorum.

399 5570 799 5628 8.]udzcorum
829 5577 1154 5629 insurrectio
1185 5582 1236 5630 et
1293 5575 1576 5630 calumnia
1627 5575 1886 5630 adversus
1942 5575 2058 5631 Ste-

541 5661 818 5734 phanum,
851 5667 1078 5736 ejusque
1108 5668 1297 5720 concio
1336 5665 1401 5720 de
1434 5667 1532 5720 Dei
1588 5681 1723 5736 erga
1772 5665 2062 5720 Abraham

550 5757 896 5821 testamento,
929 5760 980 5808 et
1017 5755 1084 5809 de
1113 5755 1402 5810 duodecim
1449 5753 1832 5825 patriarchis:
1870 5753 1930 5808 in
1953 5769 2062 5826 quo

2243 1710 2311 1766 α’.
2368 1709 2500 1782 Περὶ
2587 1711 2688 1778 τῆς
2772 1709 3169 1780 ἐξαναστάσεως
3254 1713 3610 1781 διδασκαλίας
3689 1720 3828 1797 Χρι-

2386 1803 2537 1868 στοῦ,
2590 1801 2682 1856 καὶ
2741 1802 2999 1868 ὀπτασίας
3057 1807 3192 1880 πρὸς
3249 1807 3378 1870 τοὺς
3413 1809 3681 1882 μαθητὰς,
3733 1811 3825 1866 καὶ

2385 1889 2511 1963 περὶ
2568 1888 2898 1968 ἐπαγγελίας
2965 1901 3066 1962 τῆς
3121 1900 3220 1951 τοῦ
3294 1897 3450 1972 ἀγίου
3509 1898 3826 1972 Ηνεύματος

2390 1973 2619 2052 δωρεᾶς,
2648 1979 2769 2043 θέας
2824 2003 2882 2038 τε
2939 1985 3030 2038 καί
3084 1985 3292 2060 τρόπου
3349 1990 3449 2052 τῆς
3500 1987 3829 2064 ἀναλήψεως

2384 2069 2483 2120 τοῦ
2513 2069 2783 2142 Χριστοῦ,
2814 2071 2906 2126 καὶ
2963 2073 3089 2147 περὶ
3149 2081 3251 2145 τῆς
3305 2073 3520 2147 ἐνδόξου
3557 2078 3649 2133 καὶ
3709 2075 3832 2134 δευ-

2384 2154 2545 2230 τὲρας
2574 2157 2741 2212 αὐτοῦ
2772 2162 3094 2235 παρουσίας.

2247 2243 2314 2316 β’.
2379 2245 2588 2320 Ηὲτρου
2647 2243 2912 2325 διάλογος
2975 2252 3113 2325 πρὸς
3183 2252 3310 2314 τοὺς
3395 2255 3830 2328 μαθητευθέντας

2391 2335 2515 2407 περὶ
2549 2335 2778 2400 θανάτου
2808 2339 2900 2392 καὶ
2933 2339 3251 2411 ἀποστολῆς
3303 2341 3485 2400 Ἰούδα
3540 2349 3636 2400 τοῦ
3685 2368 3827 2422 προ-

2389 2422 2573 2480 δότου·
2656 2425 2709 2482 ἐν
2770 2427 2816 2501 ᾧ
2882 2430 3006 2505 περὶ
3085 2432 3494 2512 ἆντεισαγωγῆς
3578 2437 3827 2494 Ματθίου

2389 2512 2768 2605 κληρωθὲντος
2803 2520 2989 2594 χάριτι
3023 2525 3156 2576 Θεοῦ
3188 2519 3276 2578 διὰ
3306 2533 3644 2605 προσευχῆς.

2245 2604 2314 2678 γ’.
2375 2603 2508 2677 Ηερὶ
2563 2605 2709 2696 θείας
2767 2612 2864 2662 τοῦ
2914 2610 3073 2686 ἁγίου
3159 2613 3474 2688 Ηνεῦματος
3516 2603 3828 2696 ἐπιφοιτὴ-

2388 2713 2522 2754 σεως
2581 2693 2632 2749 ἐν
2692 2696 2876 2772 ἡμέρᾳ
2933 2703 3312 2770 Ηεντηκοστῆς
3377 2693 3672 2780 γενομένης
3748 2708 3826 2770 εἷς

2386 2783 2512 2844 τοὺς
2563 2787 2976 2856 πιστεύσαντας,
3036 2787 3088 2844 ἐν
3145 2791 3192 2864 ᾦ
3249 2793 3462 2868 Πέτρου
3515 2797 3828 2872 κατήχησις

2385 2873 2509 2947 περὶ
2540 2873 2735 2929 τούτου
2796 2873 2856 2931 ἐκ
2913 2882 3020 2932 τῶν
3076 2887 3394 2957 προφητῶν,
3455 2884 3579 2960 περὶ
3619 2887 3828 2949 πάθους

2386 2963 2477 3016 καὶ
2557 2963 2897 3029 ἀναστάσεως
2969 2969 3061 3023 καὶ
3141 2969 3470 3045 ἀναλήψεως
3559 2979 3821 3047 Χριστοῦ,

2386 3052 2590 3126 δωρεᾶς
2650 3075 2708 3109 τε
2763 3060 2860 3110 τοῦ
2919 3057 3079 3134 ἁγίου
3160 3059 3497 3134 Ηνεῦματοςο
3549 3065 3674 3138 περὶ
3730 3065 3827 3120 πί-

2386 3161 2552 3203 στεως
2605 3148 2712 3199 τῶν
2760 3147 3064 3219 παρόντων,
3119 3149 3211 3204 καὶ
3263 3157 3363 3220 τῆς
3425 3148 3513 3207 διὰ
3569 3157 3667 3209 τοῦ
3719 3156 3823 3229 βα-

2383 3233 2693 3308 πτίσματος
2751 3235 2929 3292 αὐτῶν
2991 3241 3288 3316 σωτηρίας,
3353 3243 3478 3319 περὶ
3559 3246 3825 3319 ὁμονοίας

2384 3323 2776 3403 κοινωφελοῦς,
2831 3327 2923 3384 καὶ
2973 3335 3294 3404 προσθήκης
3347 3337 3458 3388 τῶν
3537 3337 3828 3393 πιστευόν-

2381 3433 2508 3472 runt

2241 3498 2302 3560 δ’.
2339 3503 2470 3580 Ηερὶ
2525 3506 2625 3596 τῆς
2680 3504 3006 3596 ἐνγξςριστῳ
3063 3513 3348 3585 θεραπείας
3403 3519 3502 3571 τοῦ
3549 3515 3609 3572 ἐκ
3676 3537 3824 3596 γενε-

2379 3596 2480 3658 τῆς
2511 3590 2726 3666 χωλοῦ,
2761 3592 2969 3668 Ηέτρου
3027 3617 3085 3652 τε
3141 3603 3509 3675 κατηχήσεως
3539 3590 3825 3675 ἐκλεκτῆς,

2383 3681 2828 3753 συμπαθητικῆς,
2887 3679 3364 3759 ωμόουλευτικῆς
3421 3691 3557 3765 πρὸς
3639 3714 3824 3766 σωτη-

2381 3768 2497 3857 ρίαν
2547 3769 2745 3827 αὖτῶν.
2809 3772 2898 3828 Ἐν
2961 3773 3006 3846 ᾧ
3039 3773 3325 3850 ἐπιστασίᾳ
3383 3784 3491 3834 τῶν
3519 3779 3824 3857 ἀρχιερέων

2383 3855 2538 3932 ξηλῳ
2569 3863 2667 3915 τοῦ
2713 3862 3030 3940 γεγονότος,
3087 3865 3179 3921 καὶ
3236 3869 3413 3943 κρίσις
3469 3876 3565 3928 τοῦ
3598 3855 3825 3949 νδαόμα-

2381 3969 2492 4010 τος.

2239 4042 2297 4094 ε’.
2359 4036 2492 4110 Ηερὶ
2596 4037 2836 4093 ἀπίστων
2939 4040 3243 4118 ἀρχιερέων
3347 4051 3821 4124 προσταττόντων,

2383 4124 2457 4179 ὠς
2486 4125 2548 4181 οὐ
2581 4124 2663 4182 δεῖ
2693 4125 3158 4203 παρῥησισὶζεσθαι
3189 4133 3276 4190 ἐπὶ
3333 4142 3412 4210 τῷ
3465 4139 3692 4215 ὀνόματι
3721 4147 3820 4198 τοῦ

2383 4219 2649 4288 Χριστοῦ,
2713 4219 2800 4272 καὶ
2879 4217 3225 4287 ἀνανεώσεως
3306 4230 3416 4281 τῶν
3475 4229 3822 4286 ἀποστόλων

2383 4303 2701 4380 εὐχαριστία
2759 4307 2866 4362 ἀπὸ
2923 4316 3022 4380 τῆς
3114 4313 3448 4387 Ἑκκλησίας
3504 4318 3638 4392 ὑπὲρ
3723 4327 3828 4392 τῆς

2382 4396 2490 4484 τῷν
2525 4394 2847 4453 ἀποστόλων
2879 4407 3079 4470 πιστῆς
3124 4406 3436 4480 καρτερίας·
3507 4409 3631 4484 περὶ
3689 4411 3834 4484 ὁμο-

2382 4483 2566 4560 ψύχου
2619 4487 2711 4540 καὶ
2764 4487 3067 4561 καθολικῆς
3127 4495 3417 4559 κοινωνίας
3471 4503 3580 4554 τῶν
3609 4483 3834 4556 πιστευ-

2387 4571 2620 4668 σάντων.
2653 4576 2743 4633 Ἐν
2773 4575 2819 4649 ᾦ
2852 4579 2973 4650 περὶ
3033 4582 3288 4640 Ἀνανίου
3345 4586 3435 4642 καὶ
3495 4589 3827 4668 Σαπφείρας,

2384 4663 2476 4719 καὶ
2507 4670 2706 4740 πικρᾶς
2736 4667 2914 4723 αὐτῶν
2945 4668 3224 4742 τελευτῆς.

2243 4756 2310 4819 ς’.
2373 4757 2494 4812 Ἔτι
2550 4755 2678 4820 τοὺς
2762 4758 3108 4824 ἀποστόλους
3166 4759 3544 4837 ἕμὸληθίντας
3601 4775 3680 4840 τῷ
3737 4768 3825 4828 δε-

2388 4845 2717 4921 σμωτηρίῳ,
2798 4846 3036 4924 ἃγγελος
3081 4857 3216 4907 Θεοῦ
3299 4854 3514 4932 νύκτωρ
3575 4858 3825 4932 ἐξέωσεν,

2386 4933 2679 5010 ἐπιτρέψας
2733 4935 3039 4997 ἀκωλύτως
3094 4941 3382 5018 κηρύσσειν
3447 4947 3541 5002 τὸν
3589 4950 3826 5020 Ἰησοῦν,

2383 5024 2436 5079 ἐν
2468 5024 2514 5097 ᾧ
2545 5025 2627 5112 ὅτι
2674 5029 2742 5100 τῇ
2777 5025 2898 5096 ἑξῆς
2959 5028 3156 5094 αὐτοὺς
3210 5033 3262 5087 οἱ
3322 5035 3600 5112 ἀρχιερεῖς
3658 5037 3828 5095 πάλιν

2385 5110 2815 5189 συλλαϐόμενοι.
2879 5116 2958 5197 ἐφ’
3017 5120 3064 5193 ᾧ
3115 5121 3311 5194 μηκέτι
3364 5110 3656 5194 διδάσκειν,
3719 5150 3830 5202 μα-

2384 5208 2653 5277 στίξαντες
2709 5207 3002 5271 ἀπέλυσαν,
3063 5213 3359 5289 Γαμαλιήλ
3419 5220 3613 5294 γνώμη
3658 5223 3826 5292 πιστὴ

2385 5298 2506 5360 περὶ
2559 5301 2668 5352 τῶν
2729 5299 3053 5356 ἀποστόλων
3151 5307 3290 5379 μετά
3371 5307 3834 5387 παραδειγμάτων

2381 5391 2546 5441 τινῶν
2579 5386 2669 5442 καὶ
2699 5386 3058 5462 ἀποδείξεων,

2245 5477 2286 5546 ζ’
2341 5474 2471 5547 Περὶ
2505 5477 2848 5550 χειροτονίας
2879 5483 2989 5534 τῶν
3023 5481 3155 5538 ἐπτά
3187 5482 3477 5546 διακόνων.

2242 5574 2312 5636 η’.
2369 5561 2650 5620 Ἰουδαίων
2706 5565 3066 5636 ἐπανάστασις
3150 5573 3239 5628 καὶ
3315 5579 3650 5655 συκοφαντία
3701 5601 3828 5655 περι

2389 5653 2692 5744 Στεφένου,
2737 5656 2937 5713 ἀὐτοῦ
3020 5681 3079 5716 τε
3165 5653 3487 5742 δημηγορία
3547 5668 3673 5744 περὶ
3731 5653 3837 5739 τῆς

2385 5745 2526 5818 πρὸς
2558 5737 2819 5820 Ἀϐραὰμ
2865 5744 3138 5823 διαθήκης
3194 5737 3294 5809 τοῦ
3337 5737 3509 5831 θεοῦ,
3559 5737 3651 5813 nail
3709 5737 3838 5834 περὶ
