4160 6442
323 418 398 480 37
1326 415 1734 485 comm.
1781 414 1872 481 IN
1914 412 2114 479 AG‘I‘A
2159 406 2759 481 APOSTOLORUM.
3546 464 3553 471 .
3676 424 3757 489 δε

465 548 581 609 τῶν
634 547 854 609 Subota
902 552 1287 630 πατριαρχών·
1343 551 1399 609 έν
1451 552 1500 627 ᾧ
1568 551 1696 629 περὶ
1747 555 1850 621 τῆς
1908 547 2000 606 λι-

477 649 584 718 μοῦ
657 644 753 701 καὶ
829 645 1111 721 πυρωνίας
1185 644 1604 722 ἀναγνωρισμοῦ
1676 648 1786 699 τῶν
1863 641 1995 697 υἳῶν

471 730 694 803 Ἰακὼϐ,
732 734 827 791 καὶ
884 734 1011 811 περὶ
1076 741 1178 805 τῆς
1227 736 1486 811 γενέσεως
1544 733 1844 804 Μωυσέως,
1901 730 1991 786 καὶ

471 832 573 896 τῆς
666 826 805 903 πρὸς
907 824 1071 881 αὐτὸν
1174 826 1482 903 γενομένης
1553 823 1865 905 θεοιρανείας
1938 819 1991 876 έν

472 915 588 990 δρει
629 919 786 986 Σινᾷ,
859 915 985 989 περὶ
1044 920 1146 985 τῆς
1202 912 1390 986 ἐξόδου
1455 914 1547 970 καὶ
1626 911 1997 994 μοσχοποιΐας

470 1009 570 1059 τοῦ
644 1003 873 1080 ἰσραὴλ
950 1002 1081 1082 ἄχρι
1157 1004 1380 1081 χρόνων
1458 1004 1829 1078 Σολομῶντος
1902 999 1994 1057 καὶ

470 1100 575 1164 τῆς
672 1099 773 1149 τοῦ
867 1098 1000 1151 ναοῦ
1073 1100 1434 1164 κατασκευῆς.
1518 1091 1822 1168 Ὃμολογία
1893 1096 1995 1160 τῆς

470 1182 874 1258 ὖπερουρανίου
948 1181 1110 1254 δόξης
1205 1186 1391 1255 Ἰησοῦ
1463 1184 1711 1257 Χριστοῦ
1784 1179 1995 1236 ἀποκα-

472 1270 788 1349 Maeciam-
850 1272 1128 1349 Στεφάνῳ,
1204 1270 1287 1349 ἀφ’
1359 1272 1400 1344 ᾗ
1474 1269 1828 1336 λιθόλευστος
1900 1289 1994 1345 γε·

468 1362 673 1438 γονὼς,
747 1361 776 1417 6
852 1362 1017 1426 αὐτὸς
1115 1366 1411 1438 Στεφανος,
1507 1354 1747 1424 εὐσεϐῶς
1848 1357 1994 1414 έκοι·

475 1452 656 1524 μήθη.

354 1543 426 1606 θ’.
469 1541 603 1617 Περὶ
635 1539 886 1619 διωγμοῦ
933 1548 1040 1612 τῆς
1092 1539 1430 1614 Ἐκκλησίας
1482 1540 1576 1597 καὶ
1628 1546 1806 1621 ταφῆς
1859 1545 1994 1594 Στε-

468 1630 660 1711 φάνου,
730 1629 785 1687 ἐν
848 1631 896 1704 ᾧ
957 1630 1082 1705 περὶ
1150 1629 1438 1686 Φιλίππου
1503 1633 1602 1686 τοῦ
1670 1626 1986 1685 ἀποστόλου

470 1718 721 1782 πολλοὺς
754 1716 1052 1794 ἲασαμένου
1084 1719 1171 1775 ἐπὶ
1201 1726 1303 1790 τῆς
1338 1719 1674 1794 Σαμαρείας.

359 1817 413 1866 ι’.
465 1808 603 1887 Περὶ
681 1809 936 1884 Σίμωνος
1007 1814 1105 1867 τοῦ
1181 1811 1374 1889 Μάγου
1448 1808 1843 1871 πιστεύσαντος
1898 1807 1992 1864 καὶ

480 1899 871 1976 βαπτισθέντος
948 1898 1042 1955 σὺν
1118 1899 1324 1975 ἑτέροις
1416 1897 1683 1954 πλείοσιν·
1788 1896 1841 1954 έν
1945 1897 1993 1970 ᾧ

477 1990 599 2064 περὶ
675 1995 777 2058 τῆς
853 1985 1063 2063 Πέτρου
1126 1987 1219 2044 καὶ
1296 1986 1550 2043 Ἰωάννου
1624 1987 1762 2063 πρὸς
1796 1985 1994 2049 αὐτοὺς

472 2075 813 2148 ἀποστολῆς,
890 2078 981 2134 καὶ
1055 2076 1346 2148 ἐπίκλησις
1420 2081 1519 2133 τοῦ
1593 2076 1748 2154 ἁγίου
1822 2075 1993 2132 Πνεύ-

474 2190 650 2243 ματος
678 2168 767 2225 ἐπὶ
796 2167 925 2231 τοὺς
974 2166 1384 2244 βαπτισθέντας.

316 2263 412 2318 ια’.
463 2259 591 2316 Ὀτι
667 2258 770 2314 οὐκ
860 2257 1124 2334 ἀργυρίου
1218 2254 1346 2312 οὐδὲ
1423 2256 1765 2332 ὑποκριταῖς,
1847 2252 1995 2311 ἀλλὰ

465 2347 652 2423 ἆγίοις
693 2344 783 2402 διὰ
820 2346 1057 2409 πίστεως
1093 2348 1130 2417 ἠ
1175 2347 1390 2422 μετοχή
1449 2348 1548 2401 τοῦ
1604 2344 1768 2420 ἁγίου
1821 2342 1993 2399 live!)—

472 2458 646 2510 ματος
686 2433 920 2492 δίδοταιο
979 2435 1035 2492 ἐν
1095 2435 1142 2509 ᾧ
1195 2436 1265 2491 τὰ
1319 2434 1446 2512 περὶ
1504 2434 1845 2512 ὑποκρίσεως
1896 2431 1988 2490 καὶ

470 2525 822 2599 έπιπλήξεως
855 2525 1128 2600 Σίμωνος.

325 2618 415 2693 ιβ’.
459 2619 588 2674 Ὅτι
626 2620 745 2678 τοῖς
804 2616 1027 2692 ἀγαθοῖς
1081 2613 1173 2671 καὶ
1230 2617 1447 2677 πιστοῖς
1508 2610 1693 2670 εὖοδοῖ
1737 2614 1841 2682 τὴν
1880 2634 1991 2669 σω·

466 2706 668 2783 τηρίαν
709 2707 737 2762 6
790 2706 944 2772 Θεὸς,
1013 2701 1189 2780 δῆμον
1259 2702 1321 2760 ἐκ
1381 2709 1485 2775 τῆς
1545 2704 1685 2761 κατά
1735 2704 1828 2760 τὸν
1896 2701 1984 2760 εὑ-

462 2797 673 2873 νοῦχον
717 2794 1047 2858 ὑποθέσεως.

318 2977 407 3053 ιγ’.
453 2977 585 3052 Περὶ
664 2979 764 3042 τῆς
846 2973 1137 3050 οὖρανοθεν
1211 2973 1357 3039 θείας
1431 2972 1687 3045 κλήσεως
1764 2972 1984 3029 Παυλου

464 3067 542 3128 εἷς
583 3063 901 3135 ἀποστολὴν
973 3064 1231 3137 Χριστοῦ.
1308 3065 1397 3119 Ἐν
1474 3064 1521 3137 ᾧ
1585 3063 1712 3138 περὶ
1788 3061 1986 3126 ἰάσεως

461 3158 554 3212 καὶ
600 3156 980 3233 βαπτίσματος
1054 3151 1278 3210 Παύλου
1367 3150 1457 3208 διὰ
1530 3151 1781 3210 Ἀνανίου
1846 3152 1984 3207 κατᾶ

464 3244 814 3319 ἀποκάλυψιν
890 3246 1048 3312 Θεοῦ,
1112 3241 1424 3321 παρρησίας
1496 3262 1556 3298 τε
1628 3241 1798 3299 αὐτοῦ
1855 3261 1980 3297 συν-

461 3335 665 3412 τυχίας
717 3337 822 3401 τῆς
878 3330 969 3388 διὰ
1044 3326 1293 3410 Βαρνάϐα
1355 3332 1496 3410 πρὸς
1552 3330 1678 3396 τοὺς
1741 3331 1978 3388 ἀποστό-

463 3424 623 3488 λους.

315 3514 403 3575 ιδ’.
457 3514 595 3589 Περὶ
668 3514 831 3573 Αἰνέα
901 3511 1279 3589 παραλυτικοῦ
1349 3510 1590 3576 ἶαθέντος
1661 3510 1715 3566 ἂν
1785 3508 1976 3587 Λύὃδῃ

464 3603 556 3661 διὰ
598 3602 825 3681 Πέτρου·
884 3604 937 3661 ἰν
1001 3604 1048 3678 ᾧ
1103 3605 1170 3660 τὰ
1233 3601 1359 3679 περὶ
1411 3596 1637 3675 Ταόηθὰ
1674 3608 1777 3669 τῆς
1817 3601 1980 3681 φιλο-

464 3698 673 3773 χήρου,
747 3696 967 3773 ἤγειρεν
1062 3693 1123 3750 in
1211 3696 1419 3769 νεκρῶν
1506 3692 1537 3748 6
1611 3688 1816 3768 Πέτρος
1891 3688 1981 3746 διὰ

471 3792 785 3863 προσευχῆς
819 3783 874 3840 ἐν
911 3783 1142 3859 Ἰώππῃ.

330 3875 409 3933 ιε’.
477 3874 602 3953 Περὶ
658 3873 993 3952 Κορνηλίου,
1063 3874 1163 3928 ὅσα
1214 3892 1275 3929 τε
1334 3872 1471 3948 πρὸς
1534 3870 1694 3927 αὑτὸν
1737 3870 1766 3926 6
1821 3868 1979 3947 ἄγγε-

465 3962 569 4030 λος
633 3965 770 4037 εἷπε,
831 3964 923 4021 καὶ
998 3963 1099 4020 ὅσα
1172 3960 1340 4019 πάλιν
1413 3962 1606 4034 Πέτρῳ
1689 3958 1978 4036 οὐρανόθεν
2022 3967 2033 3977 ³

466 4056 597 4131 περῖ
658 4053 911 4127 κλήσεως
981 4052 1145 4119 ἰθνῶν
1211 4050 1430 4129 έῤῥεθη.
1471 4051 1558 4108 Ἐν
1595 4050 1642 4124 ᾧ
1681 4048 1767 4106 ὅτι
1811 4069 1982 4124 μετα-

464 4145 685 4207 σταλεὶς
717 4146 745 4200 6
789 4147 993 4221 Πέτρος
1049 4140 1200 4214 ἧλθη
1252 4143 1390 4218 πρὸς
1440 4140 1774 4213 Κορνήλιον.
1816 4143 1983 4199 Ἐπα-

459 4234 702 4309 νάληψις
742 4235 888 4309 παρά
948 4236 1051 4290 τοῦ
1110 4229 1447 4307 Κορνηλίου,
1503 4230 1580 4286 ὧν
1645 4231 1674 4285 6
1741 4227 1981 4308 ἄγγελος

461 4324 880 4400 ἀπεμαρτόρησε
941 4323 1034 4381 καὶ
1111 4321 1434 4400 ὑφηγήσατο
1515 4320 1665 4394 αὐτῷ
1769 4327 1981 4399 Κοργη-

458 4415 594 4491 λίψ.
662 4413 869 4492 Πέτρου
931 4415 1246 4490 κατήχησις
1321 4411 1399 4476 είς
1463 4411 1696 4488 Χριστὸν
1762 4413 1863 4467 τοῦ
1923 4432 1983 4468 τε

460 4504 633 4585 ἀγίου
704 4504 1025 4579 Πνεύματος
1121 4502 1211 4559 ἐπὶ
1300 4502 1430 4568 τοὺς
1504 4501 1802 4567 ἀκούοντας
1874 4499 1984 4558 δω-

463 4595 584 4673 ρεάν
659 4596 751 4651 καὶ
829 4592 981 4658 ὅπως
1075 4586 1482 4664 ἐϐαπτίσθησαν
1557 4591 1611 4647 οἱ
1684 4589 1736 4662 έξ
1811 4588 1984 4656 ἐθνῶν

459 4684 871 4750 πιστεύσαντες.

313 4786 407 4843 ις’.
464 4778 558 4841 Ὠς
643 4776 844 4852 Πέτρος
915 4777 984 4832 τὰ
1055 4776 1284 4848 καθεξῆς
1356 4773 1448 4831 καὶ
1504 4773 1573 4831 τὰ
1625 4771 1828 4831 ἓκαστα
1873 4777 1981 4830 τῶν

460 4867 773 4947 γεγονότων
851 4864 1125 4944 διηγεῖται
1185 4872 1303 4931 τοῖς
1377 4863 1713 4929 ἀποστόλοις
1769 4862 1981 4942 διακρι-

462 4965 608 5024 θεῖσι
681 4959 820 5034 πρὸς
890 4958 1053 5014 αὐτὸν
1140 4957 1206 5013 τὸ
1275 4952 1539 5029 τηνίκαδε
1608 4956 1703 5012 τὸν
1778 4955 1983 5030 Βαρνά-

461 5044 567 5105 ὄαν
660 5047 971 5125 ἐκπέμψασι
1062 5047 1201 5123 πρὸς
1289 5045 1418 5109 τοὺς
1516 5043 1569 5102 ἰν
1668 5044 1985 5122 Ἀντιοχείᾳ

460 5140 767 5220 ἀδελφούς,

308 5236 402 5305 ιζ’,
456 5231 777 5310 Ιῐροφητεέα
840 5224 1085 5308 Ἀγάϐου
1139 5230 1265 5305 περὶ
1334 5229 1511 5304 λιμοῦ
1577 5228 1982 5303 ο’κουμενικοῦ,

455 5322 553 5380 καὶ
594 5320 944 5399 καρποφορία
981 5322 1118 5396 πρὸς
1154 5321 1286 5384 τοὺς
1346 5323 1401 5376 ἐν
1454 5318 1767 5395 Ἀντιοχείᾳ
1816 5315 1987 5375 ἀδελ·

503 5434 618 5476 ους.

503 5437 618 5476 ους.

308 5507 404 5578 ιη’.
456 5437 737 5561 ῇακώϐου
809 5505 908 5557 τοῦ
983 5499 1300 5557 ἀποστόλου
1400 5500 1743 5574 κατασφαγὴ,
1812 5498 1866 5555 έν
1938 5499 1985 5573 ᾧ

458 5591 670 5669 Πέτρου
747 5588 1033 5665 σύλληψις
1103 5592 1245 5667 πρὸς
1356 5589 1627 5668 Ἤρώόουυ
1704 5590 1857 5654 ὅπως
1926 5609 1986 5645 τε

455 5683 622 5743 αὑτὸν
690 5685 722 5741 ὁ
796 5679 1039 5760 ἄγγελος
1113 5683 1247 5758 θείῳ
1335 5680 1672 5756 κελεύσματι
1748 5679 1986 5754 ἐξείλετο

446 5780 559 5834 τῶν
629 5772 870 5850 δεσμῶν.
937 5771 1033 5828 Καὶ
1095 5771 1125 5828 6
1194 5770 1402 5848 Πέτρος
1472 5770 1721 5850 ἐμφανὴς
1761 5770 1984 5848 γενόμε-

2250 548 2419 607 etiam
2433 551 2502 607 de
2522 552 2690 621 fame.
2712 553 2984 622 frumenti
3006 554 3280 627 Mptione
3298 571 3362 613 ac
3379 560 3759 628 recognitione

2248 642 2492 712 ﬁliorum
2518 642 2691 699 Jacob
2736 646 3064 709 continetur.
3099 653 3153 701 et
3182 646 3249 701 de
3276 650 3569 705 nativitate
3597 652 3754 717 Mosi,

2253 731 2555 803 divinaque
2600 733 2675 788 ad
2728 749 2851 789 eum
2910 735 3266 805 apparitione
3291 740 3448 807 facta
3491 741 3549 794 in
3577 747 3763 796 monte

2247 820 2402 881 Sina.
2436 821 2503 877 de
2533 838 2750 892 egressu
2772 825 3017 894 ﬁliorum
3047 826 3240 893 Israel,
3272 833 3324 881 et
3352 829 3516 883 vituli
3541 831 3764 898 forma-

2249 914 2399 967 tione
2426 928 2597 984 usque
2646 913 2721 969 ad
2762 921 3009 985 tempora
3056 915 3403 975 Salomonis:
3454 920 3522 975 de
3571 921 3765 992 templi

2247 1001 2629 1073 aediﬁcatione.
2663 1004 2940 1073 Confessio
2966 1006 3360 1076 supercalestis
3398 1009 3589 1078 gloria
3635 1012 3763 1066 Jesu

2249 1090 2449 1146 Christ:
2481 1092 2765 1163 Stephano
2796 1094 3069 1161 revelata,
3105 1098 3163 1150 in
3191 1112 3305 1167 qua
3336 1097 3616 1168 lapidatus
3644 1102 3763 1170 ipse

2247 1181 2560 1253 Stephanus
2587 1182 2844 1255 religiose
2868 1184 3221 1240 obdormivit.

2139 1544 2191 1596 9.
2252 1543 2330 1597 De
2353 1544 2734 1614 persecutione
2761 1544 3024 1602 Ecclesiae
3052 1551 3108 1600 et
3133 1545 3423 1618 sepultura
3449 1546 3761 1618 Stephani:

2247 1633 2308 1686 in
2333 1648 2443 1703 quo
2473 1632 2639 1689 etiam
2673 1633 2865 1705 agitur
2917 1635 2985 1689 de
3040 1633 3304 1706 Philippo
3350 1636 3621 1706 apostolo,
3664 1638 3766 1706 qui

2243 1722 2442 1779 multos
2471 1723 2530 1778 in
2559 1723 2818 1779 Samaria
2846 1724 3098 1780 curabat.

2105 1813 2192 1867 10.
2246 1811 2318 1867 De
2345 1812 2566 1869 Simone
2594 1815 2758 1884 Mago
2788 1815 2883 1886 qui
2913 1830 3037 1870 cum
3079 1814 3344 1886 pluribus
3366 1815 3496 1873 aliis
3524 1816 3766 1874 credidit

2246 1908 2298 1958 et
2328 1903 2642 1974 baptizatus
2671 1910 2789 1960 est:
2820 1903 2881 1959 in
2926 1920 3035 1975 quo
3085 1906 3251 1959 etiam
3297 1907 3491 1976 agitur
3516 1909 3585 1962 de
3615 1908 3767 1962 Petri

2245 1998 2299 2047 et
2327 1993 2560 2048 Joannis
2588 1997 2663 2048 ad
2700 2009 2787 2050 eos
2820 1995 3114 2064 legatione,
3137 2001 3190 2049 et
3211 1995 3561 2052 invocatione
3588 1996 3767 2052 sancti

2246 2082 2489 2152 Spiritus
2516 2073 2682 2154 super
2709 2099 2797 2140 eos
2826 2083 2927 2155 qui
2957 2083 3227 2155 baptizati
3257 2091 3437 2142 erant.

2105 2257 2191 2317 ii.
2254 2261 2412 2326 Quod
2452 2278 2565 2317 non
2635 2268 2888 2332 argento,
2945 2278 3122 2333 neque
3170 2262 3610 2327 simulatoribus,
3667 2265 3763 2319 sed

2242 2353 2447 2407 sanctis
2494 2368 2598 2422 per
2633 2352 2795 2421 ﬁdem
2848 2352 3093 2423 Spiritus
3129 2356 3310 2408 sancti
3338 2354 3761 2409 communicatio

2242 2440 2446 2498 datur:
2480 2443 2539 2496 in
2582 2457 2686 2512 quo
2736 2444 2903 2497 etiam
2932 2448 3224 2512 ponuntur
3263 2458 3385 2514 qua
3430 2448 3560 2499 sunt
3589 2443 3656 2498 de
3682 2444 3761 2499 si-

2242 2533 2552 2589 mulatione
2579 2547 2644 2588 ac
2674 2532 3061 2603 objurgatione
3100 2533 3360 2589 Simonis.

2101 2622 2169 2675 i2
2240 2620 2398 2686 Quod
2450 2626 2768 2677 sanctorum
2827 2610 2901 2676 ac,
2943 2620 3193 2690 ﬁdelium
3250 2623 3528 2676 communi
3585 2620 3755 2676 saluti

2240 2711 2384 2767 Deus
2417 2725 2747 2782 prosperum
2777 2710 2988 2765 tribuat
3041 2724 3359 2777 successum,
3408 2715 3626 2781 sumpto
3654 2726 3755 2765 ar-

2239 2808 2499 2872 gumento
2547 2816 2618 2856 ea:
2667 2800 2751 2855 his
2801 2815 2924 2870 quae
2976 2801 3126 2856 circa
3161 2798 3474 2856 eunuchum
3501 2799 3753 2870 contige-

2244 2898 2394 2947 runt.

2098 2982 2183 3036 13.
2244 2983 2315 3037 De
2343 2982 2537 3037 divina
2584 2980 2752 3039 Pauli
2797 2982 2872 3036 ad
2919 2978 3130 3036 Christi
3166 2979 3552 3048 apostolatum
3587 2994 3755 3034 voca-

2240 3073 2388 3128 tione
2425 3071 2640 3128 caelitus
2665 3075 2838 3141 facta,
2886 3073 2947 3125 in
2992 3085 3102 3140 quo
3147 3071 3319 3125 etiam
3349 3070 3539 3139 agitur
3567 3066 3634 3123 de
3660 3083 3757 3123 sa-

2237 3161 2351 3217 lute
2379 3168 2431 3217 et
2461 3162 2792 3233 baptismate
2819 3160 2985 3215 Pauli
3009 3175 3112 3230 per
3156 3160 3425 3214 Ananiam
3446 3163 3623 3227 Juxta
3652 3158 3755 3212 Dei

2232 3250 2641 3318 reuelationem,
2672 3256 2726 3306 et
2756 3248 3015 3321 loquendi
3068 3249 3337 3310 libertate,
3369 3262 3434 3302 ac
3459 3261 3746 3302 conversa-

2236 3341 2385 3397 tione
2411 3356 2543 3413 erga
2569 3338 2841 3412 apostolos
2861 3354 2967 3410 per
2986 3337 3304 3393 Barnabam
3333 3341 3638 3395 contracta.

2091 3522 2179 3581 14.
2230 3524 2307 3579 De
2332 3523 2508 3579 Enea
2532 3517 2846 3593 paralytico
2872 3517 3083 3589 Lyddte
3106 3533 3213 3588 per
3258 3518 3486 3572 Petrum
3514 3521 3706 3571 curato
3726 3528 3749 3573 :

2232 3611 2297 3667 in
2325 3627 2432 3683 quo
2461 3613 2653 3681 agitur
2707 3611 2872 3665 etiam
2928 3608 2995 3663 de
3061 3605 3296 3662 Tabitha
3324 3605 3527 3662 dilecta
3553 3605 3745 3672 vidua,

2234 3717 2403 3773 quam
2460 3702 2655 3756 Petrus
2709 3700 2903 3770 Joppae
2951 3712 3058 3768 per
3109 3695 3421 3753 orationem
3450 3711 3487 3751 a
3511 3692 3748 3750 mortuis

2233 3792 2518 3846 excitavit.

2094 3883 2179 3936 15.
2234 3881 2307 3935 De
2337 3878 2606 3942 Cornelio,
2657 3891 2888 3947 quaque
2944 3875 3173 3944 angelus
3228 3874 3303 3929 ad
3345 3889 3469 3928 eum
3496 3871 3670 3940 dixit,
3698 3875 3752 3928 et

2233 3985 2356 4040 qua
2386 3983 2607 4024 rursum
2639 3967 2796 4022 Petro
2826 3964 3034 4020 caelitus
3080 3964 3147 4019 de
3186 3961 3438 4034 gentium
3465 3963 3750 4017 vocatione

2234 4059 2385 4116 dicta
2407 4064 2573 4115 sunt:
2624 4059 2685 4112 in
2721 4070 2830 4127 quo
2876 4059 3166 4119 narratur,
3216 4052 3364 4123 quod
3402 4052 3749 4107 transmissus

2241 4151 2430 4206 Petrus
2458 4149 2667 4204 venerit
2697 4145 2772 4201 ad
2801 4145 3121 4201 Cornelium
3189 4145 3534 4213 Repetuntur
3557 4157 3593 4197 a
3616 4141 3750 4195 Cor-

2233 4240 2382 4294 nelio
2410 4253 2532 4309 quae
2561 4234 2790 4306 angelus
2816 4237 3005 4304 fuerat
3030 4238 3278 4299 testatus,
3312 4233 3526 4302 ipsique
3555 4230 3754 4288 Corne-

2237 4326 2315 4384 lio
2338 4332 2686 4384 narraverat.
2734 4325 2889 4380 Petri
2937 4322 3228 4379 instructio
3275 4320 3341 4377 de
3401 4320 3637 4389 Christo,
3686 4332 3752 4375 ac

2234 4418 2478 4490 Spiritus
2502 4418 2703 4481 sancti,
2732 4429 2898 4486 super
2926 4428 3014 4469 eos
3042 4413 3143 4484 qui
3161 4410 3481 4479 audiebant,
3501 4409 3708 4465 donum
3730 4423 3755 4463 .-

2233 4515 2290 4565 et
2344 4506 2614 4580 quomodo
2670 4505 2941 4576 baptisati
2992 4503 3230 4571 fuerint,
3261 4502 3360 4573 qui
3400 4515 3472 4557 ea:
3497 4499 3750 4572 gentibus

2237 4597 2610 4655 crediderant.

2096 4779 2186 4835 16.
2234 4775 2513 4842 Quomodo
2566 4774 2763 4829 Petrus
2819 4771 3075 4842 deinceps
3110 4771 3277 4825 etiam
3306 4767 3531 4838 singula
3556 4779 3752 4823 eorum

2237 4880 2360 4938 qua
2388 4873 2517 4920 acra
2538 4868 2666 4920 sunt
2692 4866 2894 4917 narrat
2955 4859 3220 4930 apostolis
3267 4857 3525 4914 adversus
3570 4857 3751 4927 ipsum

2238 4954 2688 5027 disceptantibus.
2750 4953 2901 5007 Tunc
2958 4956 3145 5006 autem
3199 4948 3521 5005 Barnabam
3587 4947 3752 5002 mise-

2236 5052 2370 5102 runt
2397 5044 2473 5101 ad
2498 5047 2705 5114 fratres
2739 5043 2841 5113 qui
2867 5046 3025 5097 erant
3052 5037 3386 5096 Antiochiae.

2096 5234 2184 5286 17.
2236 5227 2536 5299 Prophetia
2565 5223 2742 5295 Agabi
2768 5221 2836 5277 de
2886 5220 3136 5292 generali
3158 5234 3263 5290 per
3289 5217 3476 5273 orbem
3502 5219 3672 5287 fame,
3704 5223 3760 5273 et

2239 5317 2583 5386 eleemosyna
2610 5312 2839 5369 collecta
2888 5309 3042 5382 apud
3093 5311 3302 5378 fratres
3331 5309 3432 5379 qui
3459 5312 3619 5363 erant
3647 5306 3760 5361 An-

2241 5406 2479 5464 tiochiz.

2101 5500 2181 5556 18.
2236 5497 2431 5554 Jacobi
2458 5492 2698 5566 apostoli
2726 5489 3104 5560 interemptio.
3136 5491 3197 5544 in
3219 5503 3329 5559 quo
3357 5492 3626 5543 narratur
3652 5485 3761 5539 Pe-

2244 5589 2318 5644 tri
2349 5587 2419 5642 ab
2449 5583 2662 5641 Herode
2688 5579 3139 5652 comprehensio:
3186 5585 3239 5633 et
3284 5574 3552 5648 quomodo
3581 5575 3762 5642 ipsum

2243 5677 2473 5748 angelus
2527 5674 2717 5731 divino
2761 5673 2925 5745 jussu
2979 5688 3015 5727 a
3069 5668 3306 5726 vinculis
3363 5663 3664 5720 liberavit:
3705 5664 3760 5715 et

2244 5771 2440 5827 Petrus
2495 5766 2597 5825 ubi
2648 5762 2923 5833 fratribus
2974 5765 3143 5817 noctu
3188 5755 3560 5831 apparuisset,
3614 5749 3757 5804 clam
