  <div class='ocr_page' id='page_1' title='image "/cluster/home/n/w/nwhite01/storage/ocr_20150623/118:no.1/coo.31924054870229/029.png"; bbox 0 0 4160 6436; ppageno 0'>
   <div class='ocr_carea' id='block_1_1' title="bbox 405 382 3828 459">
    <p class='ocr_par' dir='ltr' id='par_1_1' title="bbox 405 382 3828 459">
     <span class='ocr_line' id='line_1_1' title="bbox 405 382 3828 459; baseline -0.005 0"><span class='ocrx_word' id='word_1_1' title='bbox 405 399 486 459; x_wconf 63' lang='grc' dir='ltr'>ω</span> <span class='ocrx_word' id='word_1_2' title='bbox 1532 387 1961 454; x_wconf 72' lang='lat' dir='ltr'><strong><em>(ECUMENII</em></strong></span> <span class='ocrx_word' id='word_1_3' title='bbox 2005 382 2308 450; x_wconf 62' lang='lat' dir='ltr'><strong><em>TMGCJE</em></strong></span> <span class='ocrx_word' id='word_1_4' title='bbox 2351 384 2699 448; x_wconf 86' lang='lat' dir='ltr'><strong><em>EPISCOPI</em></strong></span> <span class='ocrx_word' id='word_1_5' title='bbox 3746 392 3828 452; x_wconf 71' lang='lat'><strong><em>40</em></strong></span> 
     </span>
    </p>
   </div>
   <div class='ocr_carea' id='block_1_2' title="bbox 545 523 2052 598">
    <p class='ocr_par' dir='ltr' id='par_1_2' title="bbox 545 523 2052 598">
     <span class='ocr_line' id='line_1_2' title="bbox 545 523 2052 598; baseline -0.007 -11"><span class='ocrx_word' id='word_1_6' title='bbox 545 529 834 587; x_wconf 77' lang='lat' dir='ltr'><strong><em>discessit:</em></strong></span> <span class='ocrx_word' id='word_1_7' title='bbox 861 529 920 583; x_wconf 91' lang='lat' dir='ltr'><strong><em>in</em></strong></span> <span class='ocrx_word' id='word_1_8' title='bbox 971 541 1080 598; x_wconf 88' lang='lat' dir='ltr'><strong><em>quo</em></strong></span> <span class='ocrx_word' id='word_1_9' title='bbox 1129 531 1422 594; x_wconf 76' lang='lat' dir='ltr'><strong><em>narratur,</em></strong></span> <span class='ocrx_word' id='word_1_10' title='bbox 1455 532 1510 581; x_wconf 90' lang='lat' dir='ltr'><strong><em>et</em></strong></span> <span class='ocrx_word' id='word_1_11' title='bbox 1536 523 1605 580; x_wconf 89' lang='lat' dir='ltr'><strong><em>de</em></strong></span> <span class='ocrx_word' id='word_1_12' title='bbox 1636 523 1849 580; x_wconf 77' lang='lat' dir='ltr'><strong><em>ultione</em></strong></span> <span class='ocrx_word' id='word_1_13' title='bbox 1872 528 2052 579; x_wconf 86' lang='lat' dir='ltr'><strong><em>custo-</em></strong></span> 
     </span>
    </p>
   </div>
   <div class='ocr_carea' id='block_1_3' title="bbox 541 613 2054 688">
    <p class='ocr_par' dir='ltr' id='par_1_3' title="bbox 541 613 2054 688">
     <span class='ocr_line' id='line_1_3' title="bbox 541 613 2054 688; baseline -0.007 -12"><span class='ocrx_word' id='word_1_14' title='bbox 541 621 693 687; x_wconf 86' lang='lat' dir='ltr'><strong><em>dum,</em></strong></span> <span class='ocrx_word' id='word_1_15' title='bbox 725 625 778 674; x_wconf 89' lang='lat' dir='ltr'><strong><em>et</em></strong></span> <span class='ocrx_word' id='word_1_16' title='bbox 805 624 1199 688; x_wconf 78' lang='lat' dir='ltr'><strong><em>consequenter</em></strong></span> <span class='ocrx_word' id='word_1_17' title='bbox 1235 616 1303 672; x_wconf 90' lang='lat' dir='ltr'><strong><em>de</em></strong></span> <span class='ocrx_word' id='word_1_18' title='bbox 1357 616 1524 686; x_wconf 88' lang='lat' dir='ltr'><strong><em>impii</em></strong></span> <span class='ocrx_word' id='word_1_19' title='bbox 1571 616 1796 673; x_wconf 82' lang='lat' dir='ltr'><strong><em>Herodis</em></strong></span> <span class='ocrx_word' id='word_1_20' title='bbox 1851 613 2054 670; x_wconf 89' lang='lat' dir='ltr'><strong><em>misera</em></strong></span> 
     </span>
    </p>
   </div>
   <div class='ocr_carea' id='block_1_4' title="bbox 542 709 1198 780">
    <p class='ocr_par' dir='ltr' id='par_1_4' title="bbox 542 709 1198 780">
     <span class='ocr_line' id='line_1_4' title="bbox 542 709 1198 780; baseline -0.002 -14"><span class='ocrx_word' id='word_1_21' title='bbox 542 710 845 779; x_wconf 87' lang='lat' dir='ltr'><strong><em>acerbaque</em></strong></span> <span class='ocrx_word' id='word_1_22' title='bbox 861 709 1198 780; x_wconf 78' lang='lat' dir='ltr'><strong><em>perditione.</em></strong></span> 
     </span>
    </p>
   </div>
   <div class='ocr_carea' id='block_1_5' title="bbox 400 882 2056 962">
    <p class='ocr_par' dir='ltr' id='par_1_5' title="bbox 400 882 2056 962">
     <span class='ocr_line' id='line_1_5' title="bbox 400 882 2056 962; baseline -0.006 -14"><span class='ocrx_word' id='word_1_23' title='bbox 400 895 486 948; x_wconf 79' lang='grc'><strong><em>19.</em></strong></span> <span class='ocrx_word' id='word_1_24' title='bbox 536 892 758 962; x_wconf 87' lang='lat' dir='ltr'><strong><em>Legatio</em></strong></span> <span class='ocrx_word' id='word_1_25' title='bbox 787 887 1067 944; x_wconf 61' lang='lat' dir='ltr'><strong><em>Barnabw</em></strong></span> <span class='ocrx_word' id='word_1_26' title='bbox 1114 892 1168 941; x_wconf 88' lang='lat' dir='ltr'><strong><em>et</em></strong></span> <span class='ocrx_word' id='word_1_27' title='bbox 1226 885 1387 940; x_wconf 86' lang='lat' dir='ltr'><strong><em>Pauli</em></strong></span> <span class='ocrx_word' id='word_1_28' title='bbox 1445 900 1482 940; x_wconf 93' lang='lat' dir='ltr'><strong><em>a</em></strong></span> <span class='ocrx_word' id='word_1_29' title='bbox 1537 884 1725 940; x_wconf 90' lang='lat' dir='ltr'><strong><em>divino</em></strong></span> <span class='ocrx_word' id='word_1_30' title='bbox 1754 882 1968 954; x_wconf 81' lang='lat' dir='ltr'><strong><em>Spiritu</em></strong></span> <span class='ocrx_word' id='word_1_31' title='bbox 1998 884 2056 938; x_wconf 91' lang='lat' dir='ltr'><strong><em>in</em></strong></span> 
     </span>
    </p>
   </div>
   <div class='ocr_carea' id='block_1_6' title="bbox 545 973 2059 1052">
    <p class='ocr_par' dir='ltr' id='par_1_6' title="bbox 545 973 2059 1052">
     <span class='ocr_line' id='line_1_6' title="bbox 545 973 2059 1052; baseline -0.007 -14"><span class='ocrx_word' id='word_1_32' title='bbox 545 983 809 1052; x_wconf 82' lang='lat' dir='ltr'><strong><em>Cyprum,</em></strong></span> <span class='ocrx_word' id='word_1_33' title='bbox 843 993 1078 1049; x_wconf 65' lang='lat' dir='ltr'><strong><em>quaeque</em></strong></span> <span class='ocrx_word' id='word_1_34' title='bbox 1107 977 1168 1031; x_wconf 88' lang='lat' dir='ltr'><strong><em>in</em></strong></span> <span class='ocrx_word' id='word_1_35' title='bbox 1196 976 1433 1044; x_wconf 80' lang='lat' dir='ltr'><strong><em>Elyman</em></strong></span> <span class='ocrx_word' id='word_1_36' title='bbox 1477 990 1701 1044; x_wconf 81' lang='lat' dir='ltr'><strong><em>magum</em></strong></span> <span class='ocrx_word' id='word_1_37' title='bbox 1721 989 1827 1044; x_wconf 87' lang='lat' dir='ltr'><strong><em>per</em></strong></span> <span class='ocrx_word' id='word_1_38' title='bbox 1857 973 2059 1028; x_wconf 79' lang='lat' dir='ltr'><strong><em>Christi</em></strong></span> 
     </span>
    </p>
   </div>
   <div class='ocr_carea' id='block_1_7' title="bbox 539 1069 1155 1140">
    <p class='ocr_par' dir='ltr' id='par_1_7' title="bbox 539 1069 1155 1140">
     <span class='ocr_line' id='line_1_7' title="bbox 539 1069 1155 1140; baseline -0.015 -11"><span class='ocrx_word' id='word_1_39' title='bbox 539 1087 737 1129; x_wconf 82' lang='lat' dir='ltr'><strong><em>nomen</em></strong></span> <span class='ocrx_word' id='word_1_40' title='bbox 765 1069 978 1140; x_wconf 81' lang='lat' dir='ltr'><strong><em>operati</em></strong></span> <span class='ocrx_word' id='word_1_41' title='bbox 1005 1072 1155 1122; x_wconf 88' lang='lat' dir='ltr'><strong><em>sunt.</em></strong></span> 
     </span>
    </p>
   </div>
   <div class='ocr_carea' id='block_1_8' title="bbox 393 1241 2055 1306">
    <p class='ocr_par' dir='ltr' id='par_1_8' title="bbox 393 1241 2055 1306">
     <span class='ocr_line' id='line_1_8' title="bbox 393 1241 2055 1306; baseline -0.006 0"><span class='ocrx_word' id='word_1_42' title='bbox 393 1253 482 1306; x_wconf 89' lang='lat'><strong>20.</strong></span> <span class='ocrx_word' id='word_1_43' title='bbox 535 1251 758 1305; x_wconf 86' lang='lat' dir='ltr'><strong><em>Florens</em></strong></span> <span class='ocrx_word' id='word_1_44' title='bbox 815 1246 981 1302; x_wconf 87' lang='lat' dir='ltr'><strong><em>Pauli</em></strong></span> <span class='ocrx_word' id='word_1_45' title='bbox 1037 1246 1293 1300; x_wconf 81' lang='lat' dir='ltr'><strong><em>doctrina</em></strong></span> <span class='ocrx_word' id='word_1_46' title='bbox 1340 1245 1540 1299; x_wconf 89' lang='lat' dir='ltr'><strong><em>ducens</em></strong></span> <span class='ocrx_word' id='word_1_47' title='bbox 1613 1243 1687 1297; x_wconf 91' lang='lat' dir='ltr'><strong><em>ad</em></strong></span> <span class='ocrx_word' id='word_1_48' title='bbox 1748 1241 2055 1305; x_wconf 85' lang='lat' dir='ltr'><strong><em>Christum,</em></strong></span> 
     </span>
    </p>
   </div>
   <div class='ocr_carea' id='block_1_9' title="bbox 542 1330 2056 1406">
    <p class='ocr_par' dir='ltr' id='par_1_9' title="bbox 542 1330 2056 1406">
     <span class='ocr_line' id='line_1_9' title="bbox 542 1330 2056 1406; baseline -0.006 -12"><span class='ocrx_word' id='word_1_49' title='bbox 542 1346 658 1394; x_wconf 92' lang='lat' dir='ltr'><strong><em>tum</em></strong></span> <span class='ocrx_word' id='word_1_50' title='bbox 688 1355 756 1393; x_wconf 72' lang='lat' dir='ltr'><strong><em>ex</em></strong></span> <span class='ocrx_word' id='word_1_51' title='bbox 788 1337 922 1406; x_wconf 86' lang='lat' dir='ltr'><strong><em>lege,</em></strong></span> <span class='ocrx_word' id='word_1_52' title='bbox 971 1341 1083 1389; x_wconf 89' lang='lat' dir='ltr'><strong><em>tum</em></strong></span> <span class='ocrx_word' id='word_1_53' title='bbox 1127 1339 1318 1404; x_wconf 89' lang='lat' dir='ltr'><strong><em>postea</em></strong></span> <span class='ocrx_word' id='word_1_54' title='bbox 1348 1349 1418 1387; x_wconf 71' lang='lat' dir='ltr'><strong><em>ex</em></strong></span> <span class='ocrx_word' id='word_1_55' title='bbox 1441 1330 1751 1402; x_wconf 82' lang='lat' dir='ltr'><strong><em>prophetis,</em></strong></span> <span class='ocrx_word' id='word_1_56' title='bbox 1789 1330 2056 1386; x_wconf 88' lang='lat' dir='ltr'><strong><em>historica</em></strong></span> 
     </span>
    </p>
   </div>
   <div class='ocr_carea' id='block_1_10' title="bbox 538 1421 2058 1496">
    <p class='ocr_par' dir='ltr' id='par_1_10' title="bbox 538 1421 2058 1496">
     <span class='ocr_line' id='line_1_10' title="bbox 538 1421 2058 1496; baseline -0.007 -12"><span class='ocrx_word' id='word_1_57' title='bbox 538 1435 589 1484; x_wconf 81' lang='lat' dir='ltr'><strong><em>et</em></strong></span> <span class='ocrx_word' id='word_1_58' title='bbox 614 1427 950 1496; x_wconf 81' lang='lat' dir='ltr'><strong><em>evangelica.</em></strong></span> <span class='ocrx_word' id='word_1_59' title='bbox 979 1439 1106 1494; x_wconf 66' lang='lat' dir='ltr'><strong><em>qua?</em></strong></span> <span class='ocrx_word' id='word_1_60' title='bbox 1144 1429 1195 1478; x_wconf 89' lang='lat' dir='ltr'><strong><em>et</em></strong></span> <span class='ocrx_word' id='word_1_61' title='bbox 1244 1421 1530 1478; x_wconf 86' lang='lat' dir='ltr'><strong><em>collectiva</em></strong></span> <span class='ocrx_word' id='word_1_62' title='bbox 1561 1426 1638 1476; x_wconf 87' lang='lat' dir='ltr'><strong><em>est</em></strong></span> <span class='ocrx_word' id='word_1_63' title='bbox 1668 1427 1722 1475; x_wconf 91' lang='lat' dir='ltr'><strong><em>et</em></strong></span> <span class='ocrx_word' id='word_1_64' title='bbox 1750 1422 2058 1474; x_wconf 76' lang='lat' dir='ltr'><strong><em>ratiocina-</em></strong></span> 
     </span>
    </p>
   </div>
   <div class='ocr_carea' id='block_1_11' title="bbox 541 1510 2056 1584">
    <p class='ocr_par' dir='ltr' id='par_1_11' title="bbox 541 1510 2056 1584">
     <span class='ocr_line' id='line_1_11' title="bbox 541 1510 2056 1584; baseline -0.006 -11"><span class='ocrx_word' id='word_1_65' title='bbox 541 1520 676 1578; x_wconf 87' lang='lat' dir='ltr'><strong><em>tiva.</em></strong></span> <span class='ocrx_word' id='word_1_66' title='bbox 729 1519 801 1572; x_wconf 91' lang='lat' dir='ltr'><strong><em>De</em></strong></span> <span class='ocrx_word' id='word_1_67' title='bbox 859 1515 1222 1571; x_wconf 86' lang='lat' dir='ltr'><strong><em>translatione</em></strong></span> <span class='ocrx_word' id='word_1_68' title='bbox 1272 1512 1695 1584; x_wconf 65' lang='lat' dir='ltr'><strong><em>praedicationis</em></strong></span> <span class='ocrx_word' id='word_1_69' title='bbox 1726 1510 1800 1565; x_wconf 87' lang='lat' dir='ltr'><strong><em>ad</em></strong></span> <span class='ocrx_word' id='word_1_70' title='bbox 1845 1517 2056 1580; x_wconf 82' lang='lat' dir='ltr'><strong><em>gentes,</em></strong></span> 
     </span>
    </p>
   </div>
   <div class='ocr_carea' id='block_1_12' title="bbox 538 1600 2057 1676">
    <p class='ocr_par' dir='ltr' id='par_1_12' title="bbox 538 1600 2057 1676">
     <span class='ocr_line' id='line_1_12' title="bbox 538 1600 2057 1676; baseline -0.005 -14"><span class='ocrx_word' id='word_1_71' title='bbox 538 1622 834 1676; x_wconf 89' lang='lat' dir='ltr'><strong><em>eorumque</em></strong></span> <span class='ocrx_word' id='word_1_72' title='bbox 886 1605 1088 1660; x_wconf 84' lang='lat' dir='ltr'><strong><em>ibidem</em></strong></span> <span class='ocrx_word' id='word_1_73' title='bbox 1139 1604 1516 1674; x_wconf 81' lang='lat' dir='ltr'><strong><em>persecutione</em></strong></span> <span class='ocrx_word' id='word_1_74' title='bbox 1561 1617 1626 1656; x_wconf 90' lang='lat' dir='ltr'><strong><em>ac</em></strong></span> <span class='ocrx_word' id='word_1_75' title='bbox 1674 1600 1944 1656; x_wconf 82' lang='lat' dir='ltr'><strong><em>divisione</em></strong></span> <span class='ocrx_word' id='word_1_76' title='bbox 1996 1600 2057 1655; x_wconf 90' lang='lat' dir='ltr'><strong><em>in</em></strong></span> 
     </span>
    </p>
   </div>
   <div class='ocr_carea' id='block_1_13' title="bbox 541 1698 812 1752">
    <p class='ocr_par' dir='ltr' id='par_1_13' title="bbox 541 1698 812 1752">
     <span class='ocr_line' id='line_1_13' title="bbox 541 1698 812 1752; baseline -0.004 -2"><span class='ocrx_word' id='word_1_77' title='bbox 541 1698 812 1752; x_wconf 65' lang='lat' dir='ltr'><strong><em>Iconium.</em></strong></span> 
     </span>
    </p>
   </div>
   <div class='ocr_carea' id='block_1_14' title="bbox 397 1781 2060 1852">
    <p class='ocr_par' dir='ltr' id='par_1_14' title="bbox 397 1781 2060 1852">
     <span class='ocr_line' id='line_1_14' title="bbox 397 1781 2060 1852; baseline -0.004 -10"><span class='ocrx_word' id='word_1_78' title='bbox 397 1789 488 1842; x_wconf 77' lang='lat' dir='ltr'><strong><em>2t.</em></strong></span> <span class='ocrx_word' id='word_1_79' title='bbox 540 1785 819 1851; x_wconf 84' lang='lat' dir='ltr'><strong><em>Quomodo</em></strong></span> <span class='ocrx_word' id='word_1_80' title='bbox 851 1785 1025 1840; x_wconf 85' lang='lat' dir='ltr'><strong><em>lconii</em></strong></span> <span class='ocrx_word' id='word_1_81' title='bbox 1077 1781 1356 1839; x_wconf 81' lang='lat' dir='ltr'><strong><em>Christum</em></strong></span> <span class='ocrx_word' id='word_1_82' title='bbox 1394 1782 1873 1852; x_wconf 73' lang='lat' dir='ltr'><strong><em>praedicaverint:</em></strong></span> <span class='ocrx_word' id='word_1_83' title='bbox 1908 1796 2060 1836; x_wconf 56' lang='lat' dir='ltr'><strong><em>cum»</em></strong></span> 
     </span>
    </p>
   </div>
   <div class='ocr_carea' id='block_1_15' title="bbox 548 1872 2059 1946">
    <p class='ocr_par' dir='ltr' id='par_1_15' title="bbox 548 1872 2059 1946">
     <span class='ocr_line' id='line_1_15' title="bbox 548 1872 2059 1946; baseline -0.003 -16"><span class='ocrx_word' id='word_1_84' title='bbox 548 1891 652 1946; x_wconf 89' lang='lat' dir='ltr'><strong><em>que</em></strong></span> <span class='ocrx_word' id='word_1_85' title='bbox 681 1875 877 1930; x_wconf 84' lang='lat' dir='ltr'><strong><em>multic</em></strong></span> <span class='ocrx_word' id='word_1_86' title='bbox 912 1872 1267 1938; x_wconf 85' lang='lat' dir='ltr'><strong><em>redidissent,</em></strong></span> <span class='ocrx_word' id='word_1_87' title='bbox 1293 1873 1728 1943; x_wconf 85' lang='lat' dir='ltr'><strong><em>persecutionem</em></strong></span> <span class='ocrx_word' id='word_1_88' title='bbox 1750 1873 1904 1942; x_wconf 86' lang='lat' dir='ltr'><strong><em>passi</em></strong></span> <span class='ocrx_word' id='word_1_89' title='bbox 1931 1876 2059 1926; x_wconf 89' lang='lat' dir='ltr'><strong><em>sunt</em></strong></span> 
     </span>
    </p>
   </div>
   <div class='ocr_carea' id='block_1_16' title="bbox 544 1966 794 2036">
    <p class='ocr_par' dir='ltr' id='par_1_16' title="bbox 544 1966 794 2036">
     <span class='ocr_line' id='line_1_16' title="bbox 544 1966 794 2036; baseline -0.008 -16"><span class='ocrx_word' id='word_1_90' title='bbox 544 1966 794 2036; x_wconf 71' lang='lat' dir='ltr'><strong><em>apostoli.</em></strong></span> 
     </span>
    </p>
   </div>
   <div class='ocr_carea' id='block_1_17' title="bbox 403 2050 2062 2122">
    <p class='ocr_par' dir='ltr' id='par_1_17' title="bbox 403 2050 2062 2122">
     <span class='ocr_line' id='line_1_17' title="bbox 403 2050 2062 2122; baseline -0.002 -12"><span class='ocrx_word' id='word_1_91' title='bbox 403 2059 491 2112; x_wconf 91' lang='lat'><strong>22.</strong></span> <span class='ocrx_word' id='word_1_92' title='bbox 547 2056 617 2109; x_wconf 90' lang='lat' dir='ltr'><strong><em>De</em></strong></span> <span class='ocrx_word' id='word_1_93' title='bbox 648 2054 842 2109; x_wconf 90' lang='lat' dir='ltr'><strong><em>claudo</em></strong></span> <span class='ocrx_word' id='word_1_94' title='bbox 869 2071 901 2109; x_wconf 94' lang='lat' dir='ltr'><strong><em>a</em></strong></span> <span class='ocrx_word' id='word_1_95' title='bbox 931 2055 1226 2108; x_wconf 88' lang='lat' dir='ltr'><strong><em>nativitate</em></strong></span> <span class='ocrx_word' id='word_1_96' title='bbox 1271 2054 1370 2122; x_wconf 91' lang='lat' dir='ltr'><strong><em>qui</em></strong></span> <span class='ocrx_word' id='word_1_97' title='bbox 1430 2053 1639 2122; x_wconf 81' lang='lat' dir='ltr'><strong><em>Lystris</em></strong></span> <span class='ocrx_word' id='word_1_98' title='bbox 1664 2068 1766 2121; x_wconf 88' lang='lat' dir='ltr'><strong><em>per</em></strong></span> <span class='ocrx_word' id='word_1_99' title='bbox 1792 2050 2062 2121; x_wconf 84' lang='lat' dir='ltr'><strong><em>apostolos</em></strong></span> 
     </span>
    </p>
   </div>
   <div class='ocr_carea' id='block_1_18' title="bbox 541 2139 2059 2214">
    <p class='ocr_par' dir='ltr' id='par_1_18' title="bbox 541 2139 2059 2214">
     <span class='ocr_line' id='line_1_18' title="bbox 541 2139 2059 2214; baseline -0.004 -14"><span class='ocrx_word' id='word_1_100' title='bbox 541 2152 765 2200; x_wconf 90' lang='lat' dir='ltr'><strong><em>curatus</em></strong></span> <span class='ocrx_word' id='word_1_101' title='bbox 795 2150 908 2199; x_wconf 87' lang='lat' dir='ltr'><strong><em>est:</em></strong></span> <span class='ocrx_word' id='word_1_102' title='bbox 938 2150 1171 2214; x_wconf 81' lang='lat' dir='ltr'><strong><em>propter</em></strong></span> <span class='ocrx_word' id='word_1_103' title='bbox 1197 2142 1343 2213; x_wconf 86' lang='lat' dir='ltr'><strong><em>quod</em></strong></span> <span class='ocrx_word' id='word_1_104' title='bbox 1386 2142 1468 2196; x_wconf 86' lang='lat' dir='ltr'><strong><em>dii</em></strong></span> <span class='ocrx_word' id='word_1_105' title='bbox 1517 2157 1645 2208; x_wconf 90' lang='lat' dir='ltr'><strong><em>esse,</em></strong></span> <span class='ocrx_word' id='word_1_106' title='bbox 1676 2147 1728 2195; x_wconf 91' lang='lat' dir='ltr'><strong><em>et</em></strong></span> <span class='ocrx_word' id='word_1_107' title='bbox 1756 2144 1948 2209; x_wconf 85' lang='lat' dir='ltr'><strong><em>furore</em></strong></span> <span class='ocrx_word' id='word_1_108' title='bbox 1971 2139 2059 2194; x_wconf 90' lang='lat' dir='ltr'><strong><em>di-</em></strong></span> 
     </span>
    </p>
   </div>
   <div class='ocr_carea' id='block_1_19' title="bbox 537 2231 2063 2304">
    <p class='ocr_par' dir='ltr' id='par_1_19' title="bbox 537 2231 2063 2304">
     <span class='ocr_line' id='line_1_19' title="bbox 537 2231 2063 2304; baseline -0.002 -14"><span class='ocrx_word' id='word_1_109' title='bbox 537 2237 666 2290; x_wconf 91' lang='lat' dir='ltr'><strong><em>vino</em></strong></span> <span class='ocrx_word' id='word_1_110' title='bbox 695 2235 904 2304; x_wconf 88' lang='lat' dir='ltr'><strong><em>agitari</em></strong></span> <span class='ocrx_word' id='word_1_111' title='bbox 932 2235 1035 2288; x_wconf 85' lang='lat' dir='ltr'><strong><em>visi</em></strong></span> <span class='ocrx_word' id='word_1_112' title='bbox 1062 2239 1189 2289; x_wconf 90' lang='lat' dir='ltr'><strong><em>sunt</em></strong></span> <span class='ocrx_word' id='word_1_113' title='bbox 1235 2233 1449 2287; x_wconf 83' lang='lat' dir='ltr'><strong><em>incolis.</em></strong></span> <span class='ocrx_word' id='word_1_114' title='bbox 1489 2231 1590 2287; x_wconf 90' lang='lat' dir='ltr'><strong><em>Ubi</em></strong></span> <span class='ocrx_word' id='word_1_115' title='bbox 1613 2238 1808 2302; x_wconf 84' lang='lat' dir='ltr'><strong><em>postea</em></strong></span> <span class='ocrx_word' id='word_1_116' title='bbox 1839 2231 2063 2302; x_wconf 89' lang='lat' dir='ltr'><strong><em>lapida-</em></strong></span> 
     </span>
    </p>
   </div>
   <div class='ocr_carea' id='block_1_20' title="bbox 539 2321 1568 2381">
    <p class='ocr_par' dir='ltr' id='par_1_20' title="bbox 539 2321 1568 2381">
     <span class='ocr_line' id='line_1_20' title="bbox 539 2321 1568 2381; baseline -0.002 -1"><span class='ocrx_word' id='word_1_117' title='bbox 539 2331 631 2381; x_wconf 89' lang='lat' dir='ltr'><strong><em>tur</em></strong></span> <span class='ocrx_word' id='word_1_118' title='bbox 659 2323 866 2380; x_wconf 87' lang='lat' dir='ltr'><strong><em>Paulus</em></strong></span> <span class='ocrx_word' id='word_1_119' title='bbox 896 2339 932 2378; x_wconf 91' lang='lat' dir='ltr'><strong><em>a</em></strong></span> <span class='ocrx_word' id='word_1_120' title='bbox 958 2322 1166 2378; x_wconf 67' lang='lat' dir='ltr'><strong><em>ludatis</em></strong></span> <span class='ocrx_word' id='word_1_121' title='bbox 1195 2322 1322 2376; x_wconf 86' lang='lat' dir='ltr'><strong><em>urbi</em></strong></span> <span class='ocrx_word' id='word_1_122' title='bbox 1350 2321 1568 2378; x_wconf 80' lang='lat' dir='ltr'><strong><em>vicinis.</em></strong></span> 
     </span>
    </p>
   </div>
   <div class='ocr_carea' id='block_1_21' title="bbox 402 2499 2058 2574">
    <p class='ocr_par' dir='ltr' id='par_1_21' title="bbox 402 2499 2058 2574">
     <span class='ocr_line' id='line_1_21' title="bbox 402 2499 2058 2574; baseline -0.002 -16"><span class='ocrx_word' id='word_1_123' title='bbox 402 2504 492 2560; x_wconf 85' lang='lat'><strong><em>23.</em></strong></span> <span class='ocrx_word' id='word_1_124' title='bbox 546 2505 703 2569; x_wconf 90' lang='lat' dir='ltr'><strong><em>Quod</em></strong></span> <span class='ocrx_word' id='word_1_125' title='bbox 729 2519 841 2558; x_wconf 93' lang='lat' dir='ltr'><strong><em>non</em></strong></span> <span class='ocrx_word' id='word_1_126' title='bbox 902 2509 1151 2574; x_wconf 86' lang='lat' dir='ltr'><strong><em>oporteat</em></strong></span> <span class='ocrx_word' id='word_1_127' title='bbox 1207 2517 1276 2557; x_wconf 74' lang='lat' dir='ltr'><strong><em>ex</em></strong></span> <span class='ocrx_word' id='word_1_128' title='bbox 1327 2501 1577 2571; x_wconf 87' lang='lat' dir='ltr'><strong><em>gentibus</em></strong></span> <span class='ocrx_word' id='word_1_129' title='bbox 1633 2499 1912 2556; x_wconf 83' lang='lat' dir='ltr'><strong><em>credentes</em></strong></span> <span class='ocrx_word' id='word_1_130' title='bbox 1949 2501 2058 2555; x_wconf 86' lang='lat' dir='ltr'><strong><em>cir-</em></strong></span> 
     </span>
    </p>
   </div>
   <div class='ocr_carea' id='block_1_22' title="bbox 538 2593 2058 2665">
    <p class='ocr_par' dir='ltr' id='par_1_22' title="bbox 538 2593 2058 2665">
     <span class='ocr_line' id='line_1_22' title="bbox 538 2593 2058 2665; baseline -0.001 -15"><span class='ocrx_word' id='word_1_131' title='bbox 538 2593 798 2654; x_wconf 85' lang='lat' dir='ltr'><strong><em>cumcidi.</em></strong></span> <span class='ocrx_word' id='word_1_132' title='bbox 818 2595 995 2665; x_wconf 66' lang='lat' dir='ltr'><strong><em>jumta</em></strong></span> <span class='ocrx_word' id='word_1_133' title='bbox 1042 2595 1318 2649; x_wconf 89' lang='lat' dir='ltr'><strong><em>decretum</em></strong></span> <span class='ocrx_word' id='word_1_134' title='bbox 1365 2609 1428 2646; x_wconf 91' lang='lat' dir='ltr'><strong><em>ac</em></strong></span> <span class='ocrx_word' id='word_1_135' title='bbox 1480 2593 1809 2647; x_wconf 87' lang='lat' dir='ltr'><strong><em>sententiam</em></strong></span> <span class='ocrx_word' id='word_1_136' title='bbox 1838 2596 2058 2662; x_wconf 85' lang='lat' dir='ltr'><strong><em>aposto-</em></strong></span> 
     </span>
    </p>
   </div>
   <div class='ocr_carea' id='block_1_23' title="bbox 543 2679 2063 2753">
    <p class='ocr_par' dir='ltr' id='par_1_23' title="bbox 543 2679 2063 2753">
     <span class='ocr_line' id='line_1_23' title="bbox 543 2679 2063 2753; baseline -0.003 -13"><span class='ocrx_word' id='word_1_137' title='bbox 543 2681 720 2743; x_wconf 84' lang='lat' dir='ltr'><strong><em>lorum</em></strong></span> <span class='ocrx_word' id='word_1_138' title='bbox 775 2685 834 2738; x_wconf 89' lang='lat' dir='ltr'><strong><em>in</em></strong></span> <span class='ocrx_word' id='word_1_139' title='bbox 864 2699 973 2753; x_wconf 88' lang='lat' dir='ltr'><strong><em>quo</em></strong></span> <span class='ocrx_word' id='word_1_140' title='bbox 1025 2684 1258 2752; x_wconf 79' lang='lat' dir='ltr'><strong><em>ponitur</em></strong></span> <span class='ocrx_word' id='word_1_141' title='bbox 1317 2681 1520 2750; x_wconf 87' lang='lat' dir='ltr'><strong><em>legatio</em></strong></span> <span class='ocrx_word' id='word_1_142' title='bbox 1561 2681 1956 2751; x_wconf 83' lang='lat' dir='ltr'><strong><em>apostolorum,</em></strong></span> <span class='ocrx_word' id='word_1_143' title='bbox 1989 2679 2063 2735; x_wconf 91' lang='lat' dir='ltr'><strong><em>ad</em></strong></span> 
     </span>
    </p>
   </div>
   <div class='ocr_carea' id='block_1_24' title="bbox 535 2769 2060 2844">
    <p class='ocr_par' dir='ltr' id='par_1_24' title="bbox 535 2769 2060 2844">
     <span class='ocr_line' id='line_1_24' title="bbox 535 2769 2060 2844; baseline -0.005 -14"><span class='ocrx_word' id='word_1_144' title='bbox 535 2789 626 2831; x_wconf 81' lang='lat' dir='ltr'><strong><em>eos</em></strong></span> <span class='ocrx_word' id='word_1_145' title='bbox 655 2775 754 2844; x_wconf 87' lang='lat' dir='ltr'><strong><em>qui</em></strong></span> <span class='ocrx_word' id='word_1_146' title='bbox 799 2790 826 2829; x_wconf 90' lang='lat' dir='ltr'><strong><em>e</em></strong></span> <span class='ocrx_word' id='word_1_147' title='bbox 874 2774 1125 2843; x_wconf 85' lang='lat' dir='ltr'><strong><em>gentibus</em></strong></span> <span class='ocrx_word' id='word_1_148' title='bbox 1173 2771 1546 2836; x_wconf 87' lang='lat' dir='ltr'><strong><em>crediderunt,</em></strong></span> <span class='ocrx_word' id='word_1_149' title='bbox 1579 2771 1648 2826; x_wconf 91' lang='lat' dir='ltr'><strong><em>de</em></strong></span> <span class='ocrx_word' id='word_1_150' title='bbox 1692 2770 1779 2827; x_wconf 87' lang='lat' dir='ltr'><strong><em>his</em></strong></span> <span class='ocrx_word' id='word_1_151' title='bbox 1809 2785 1938 2842; x_wconf 74' lang='lat' dir='ltr'><strong><em>quae</em></strong></span> <span class='ocrx_word' id='word_1_152' title='bbox 1964 2769 2060 2824; x_wconf 90' lang='lat' dir='ltr'><strong><em>ob-</em></strong></span> 
     </span>
    </p>
   </div>
   <div class='ocr_carea' id='block_1_25' title="bbox 537 2860 2062 2919">
    <p class='ocr_par' dir='ltr' id='par_1_25' title="bbox 537 2860 2062 2919">
     <span class='ocr_line' id='line_1_25' title="bbox 537 2860 2062 2919; baseline -0.003 0"><span class='ocrx_word' id='word_1_153' title='bbox 537 2863 808 2919; x_wconf 89' lang='lat' dir='ltr'><strong><em>servanda</em></strong></span> <span class='ocrx_word' id='word_1_154' title='bbox 863 2868 1020 2917; x_wconf 86' lang='lat' dir='ltr'><strong><em>erant</em></strong></span> <span class='ocrx_word' id='word_1_155' title='bbox 1099 2863 1396 2916; x_wconf 86' lang='lat' dir='ltr'><strong><em>Altercatio</em></strong></span> <span class='ocrx_word' id='word_1_156' title='bbox 1435 2860 1601 2916; x_wconf 88' lang='lat' dir='ltr'><strong><em>Pauli</em></strong></span> <span class='ocrx_word' id='word_1_157' title='bbox 1629 2860 1887 2916; x_wconf 87' lang='lat' dir='ltr'><strong><em>adversus</em></strong></span> <span class='ocrx_word' id='word_1_158' title='bbox 1917 2860 2062 2915; x_wconf 89' lang='lat' dir='ltr'><strong><em>Bar-</em></strong></span> 
     </span>
    </p>
   </div>
   <div class='ocr_carea' id='block_1_26' title="bbox 540 2953 1296 3022">
    <p class='ocr_par' dir='ltr' id='par_1_26' title="bbox 540 2953 1296 3022">
     <span class='ocr_line' id='line_1_26' title="bbox 540 2953 1296 3022; baseline -0.004 -14"><span class='ocrx_word' id='word_1_159' title='bbox 540 2953 742 3008; x_wconf 88' lang='lat' dir='ltr'><strong><em>nabam</em></strong></span> <span class='ocrx_word' id='word_1_160' title='bbox 770 2958 1002 3022; x_wconf 85' lang='lat' dir='ltr'><strong><em>propter</em></strong></span> <span class='ocrx_word' id='word_1_161' title='bbox 1028 2953 1296 3006; x_wconf 82' lang='lat' dir='ltr'><strong><em>Marcum.</em></strong></span> 
     </span>
    </p>
   </div>
   <div class='ocr_carea' id='block_1_27' title="bbox 396 3038 2058 3101">
    <p class='ocr_par' dir='ltr' id='par_1_27' title="bbox 396 3038 2058 3101">
     <span class='ocr_line' id='line_1_27' title="bbox 396 3038 2058 3101; baseline -0.002 -7"><span class='ocrx_word' id='word_1_162' title='bbox 396 3041 485 3096; x_wconf 61' lang='lat' dir='ltr'><strong><em>2h.</em></strong></span> <span class='ocrx_word' id='word_1_163' title='bbox 536 3041 614 3096; x_wconf 89' lang='lat' dir='ltr'><strong><em>De</em></strong></span> <span class='ocrx_word' id='word_1_164' title='bbox 642 3042 1002 3096; x_wconf 76' lang='lat' dir='ltr'><strong><em>instructione</em></strong></span> <span class='ocrx_word' id='word_1_165' title='bbox 1057 3038 1348 3101; x_wconf 85' lang='lat' dir='ltr'><strong><em>Timothei,</em></strong></span> <span class='ocrx_word' id='word_1_166' title='bbox 1398 3043 1452 3092; x_wconf 89' lang='lat' dir='ltr'><strong><em>et</em></strong></span> <span class='ocrx_word' id='word_1_167' title='bbox 1505 3038 1663 3092; x_wconf 89' lang='lat' dir='ltr'><strong><em>Pauli</em></strong></span> <span class='ocrx_word' id='word_1_168' title='bbox 1711 3039 1771 3092; x_wconf 89' lang='lat' dir='ltr'><strong><em>in</em></strong></span> <span class='ocrx_word' id='word_1_169' title='bbox 1813 3039 2058 3092; x_wconf 77' lang='lat' dir='ltr'><strong><em>Macedo-</em></strong></span> 
     </span>
    </p>
   </div>
   <div class='ocr_carea' id='block_1_28' title="bbox 537 3129 2062 3199">
    <p class='ocr_par' dir='ltr' id='par_1_28' title="bbox 537 3129 2062 3199">
     <span class='ocr_line' id='line_1_28' title="bbox 537 3129 2062 3199; baseline -0.001 -13"><span class='ocrx_word' id='word_1_170' title='bbox 537 3134 687 3186; x_wconf 87' lang='lat' dir='ltr'><strong><em>niam</em></strong></span> <span class='ocrx_word' id='word_1_171' title='bbox 709 3131 884 3199; x_wconf 66' lang='lat' dir='ltr'><strong><em>juxta</em></strong></span> <span class='ocrx_word' id='word_1_172' title='bbox 924 3131 1313 3186; x_wconf 88' lang='lat' dir='ltr'><strong><em>revelationem</em></strong></span> <span class='ocrx_word' id='word_1_173' title='bbox 1361 3130 1665 3184; x_wconf 81' lang='lat' dir='ltr'><strong><em>emissione.</em></strong></span> <span class='ocrx_word' id='word_1_174' title='bbox 1701 3129 1759 3182; x_wconf 87' lang='lat' dir='ltr'><strong><em>in</em></strong></span> <span class='ocrx_word' id='word_1_175' title='bbox 1791 3145 1899 3199; x_wconf 89' lang='lat' dir='ltr'><strong><em>quo</em></strong></span> <span class='ocrx_word' id='word_1_176' title='bbox 1923 3145 2062 3184; x_wconf 82' lang='lat' dir='ltr'><strong><em>nar-</em></strong></span> 
     </span>
    </p>
   </div>
   <div class='ocr_carea' id='block_1_29' title="bbox 535 3216 2058 3290">
    <p class='ocr_par' dir='ltr' id='par_1_29' title="bbox 535 3216 2058 3290">
     <span class='ocr_line' id='line_1_29' title="bbox 535 3216 2058 3290; baseline -0.001 -14"><span class='ocrx_word' id='word_1_177' title='bbox 535 3228 700 3278; x_wconf 86' lang='lat' dir='ltr'><strong><em>ratur</em></strong></span> <span class='ocrx_word' id='word_1_178' title='bbox 724 3223 791 3276; x_wconf 87' lang='lat' dir='ltr'><strong><em>de</em></strong></span> <span class='ocrx_word' id='word_1_179' title='bbox 818 3221 924 3290; x_wconf 82' lang='lat' dir='ltr'><strong><em>ﬁde</em></strong></span> <span class='ocrx_word' id='word_1_180' title='bbox 955 3238 1018 3277; x_wconf 92' lang='lat' dir='ltr'><strong><em>ac</em></strong></span> <span class='ocrx_word' id='word_1_181' title='bbox 1047 3221 1221 3277; x_wconf 86' lang='lat' dir='ltr'><strong><em>salute</em></strong></span> <span class='ocrx_word' id='word_1_182' title='bbox 1243 3220 1536 3289; x_wconf 73' lang='lat' dir='ltr'><strong><em>cujusdam</em></strong></span> <span class='ocrx_word' id='word_1_183' title='bbox 1565 3216 1811 3273; x_wconf 86' lang='lat' dir='ltr'><strong><em>mulieris</em></strong></span> <span class='ocrx_word' id='word_1_184' title='bbox 1837 3219 2058 3288; x_wconf 71' lang='lat' dir='ltr'><strong><em>Lydiae:</em></strong></span> 
     </span>
    </p>
   </div>
   <div class='ocr_carea' id='block_1_30' title="bbox 518 3307 2057 3380">
    <p class='ocr_par' dir='ltr' id='par_1_30' title="bbox 518 3307 2057 3380">
     <span class='ocr_line' id='line_1_30' title="bbox 518 3307 2057 3380; baseline -0.002 -15"><span class='ocrx_word' id='word_1_185' title='bbox 518 3310 602 3372; x_wconf 65' lang='lat' dir='ltr'><strong><em>,de</em></strong></span> <span class='ocrx_word' id='word_1_186' title='bbox 630 3311 808 3366; x_wconf 88' lang='lat' dir='ltr'><strong><em>salute</em></strong></span> <span class='ocrx_word' id='word_1_187' title='bbox 836 3310 1034 3380; x_wconf 73' lang='lat' dir='ltr'><strong><em>puellae</em></strong></span> <span class='ocrx_word' id='word_1_188' title='bbox 1076 3310 1326 3366; x_wconf 79' lang='lat' dir='ltr'><strong><em>habentis</em></strong></span> <span class='ocrx_word' id='word_1_189' title='bbox 1371 3307 1634 3378; x_wconf 86' lang='lat' dir='ltr'><strong><em>spiritum</em></strong></span> <span class='ocrx_word' id='word_1_190' title='bbox 1662 3309 2057 3376; x_wconf 83' lang='lat' dir='ltr'><strong><em>divinatorem,</em></strong></span> 
     </span>
    </p>
   </div>
   <div class='ocr_carea' id='block_1_31' title="bbox 531 3397 2059 3471">
    <p class='ocr_par' dir='ltr' id='par_1_31' title="bbox 531 3397 2059 3471">
     <span class='ocr_line' id='line_1_31' title="bbox 531 3397 2059 3471; baseline -0.003 -17"><span class='ocrx_word' id='word_1_191' title='bbox 531 3407 765 3471; x_wconf 84' lang='lat' dir='ltr'><strong><em>propter</em></strong></span> <span class='ocrx_word' id='word_1_192' title='bbox 820 3416 991 3470; x_wconf 90' lang='lat' dir='ltr'><strong><em>quam</em></strong></span> <span class='ocrx_word' id='word_1_193' title='bbox 1046 3399 1260 3454; x_wconf 89' lang='lat' dir='ltr'><strong><em>domini</em></strong></span> <span class='ocrx_word' id='word_1_194' title='bbox 1313 3397 1659 3452; x_wconf 85' lang='lat' dir='ltr'><strong><em>incluserunt</em></strong></span> <span class='ocrx_word' id='word_1_195' title='bbox 1712 3397 1947 3451; x_wconf 90' lang='lat' dir='ltr'><strong><em>Paulum</em></strong></span> <span class='ocrx_word' id='word_1_196' title='bbox 1999 3398 2059 3450; x_wconf 90' lang='lat' dir='ltr'><strong><em>in</em></strong></span> 
     </span>
    </p>
   </div>
   <div class='ocr_carea' id='block_1_32' title="bbox 541 3485 2061 3556">
    <p class='ocr_par' dir='ltr' id='par_1_32' title="bbox 541 3485 2061 3556">
     <span class='ocr_line' id='line_1_32' title="bbox 541 3485 2061 3556; baseline -0.004 -10"><span class='ocrx_word' id='word_1_197' title='bbox 541 3506 832 3546; x_wconf 87' lang='lat' dir='ltr'><strong><em>carcerem.</em></strong></span> <span class='ocrx_word' id='word_1_198' title='bbox 878 3491 961 3552; x_wconf 70' lang='lat' dir='ltr'><strong><em>,De</em></strong></span> <span class='ocrx_word' id='word_1_199' title='bbox 1009 3493 1324 3544; x_wconf 59' lang='lat' dir='ltr'><strong><em>terra&#39;motu</em></strong></span> <span class='ocrx_word' id='word_1_200' title='bbox 1375 3503 1438 3542; x_wconf 93' lang='lat' dir='ltr'><strong><em>ac</em></strong></span> <span class='ocrx_word' id='word_1_201' title='bbox 1493 3485 1765 3541; x_wconf 87' lang='lat' dir='ltr'><strong><em>miraculo</em></strong></span> <span class='ocrx_word' id='word_1_202' title='bbox 1805 3486 1955 3556; x_wconf 90' lang='lat' dir='ltr'><strong><em>quod</em></strong></span> <span class='ocrx_word' id='word_1_203' title='bbox 1982 3487 2061 3541; x_wconf 91' lang='lat' dir='ltr'><strong><em>ibi</em></strong></span> 
     </span>
    </p>
   </div>
   <div class='ocr_carea' id='block_1_33' title="bbox 540 3575 2060 3649">
    <p class='ocr_par' dir='ltr' id='par_1_33' title="bbox 540 3575 2060 3649">
     <span class='ocr_line' id='line_1_33' title="bbox 540 3575 2060 3649; baseline -0.005 -11"><span class='ocrx_word' id='word_1_204' title='bbox 540 3582 794 3649; x_wconf 73' lang='lat' dir='ltr'><strong><em>contigit.</em></strong></span> <span class='ocrx_word' id='word_1_205' title='bbox 827 3590 878 3634; x_wconf 82' lang='lat' dir='ltr'><strong><em>et</em></strong></span> <span class='ocrx_word' id='word_1_206' title='bbox 907 3580 1186 3648; x_wconf 77' lang='lat' dir='ltr'><strong><em>quomodo</em></strong></span> <span class='ocrx_word' id='word_1_207' title='bbox 1242 3583 1420 3633; x_wconf 84' lang='lat' dir='ltr'><strong><em>custos</em></strong></span> <span class='ocrx_word' id='word_1_208' title='bbox 1469 3577 1703 3631; x_wconf 88' lang='lat' dir='ltr'><strong><em>carceris</em></strong></span> <span class='ocrx_word' id='word_1_209' title='bbox 1733 3591 1858 3631; x_wconf 85' lang='lat' dir='ltr'><strong><em>cum</em></strong></span> <span class='ocrx_word' id='word_1_210' title='bbox 1887 3575 2060 3630; x_wconf 89' lang='lat' dir='ltr'><strong><em>credi-</em></strong></span> 
     </span>
    </p>
   </div>
   <div class='ocr_carea' id='block_1_34' title="bbox 540 3665 2058 3738">
    <p class='ocr_par' dir='ltr' id='par_1_34' title="bbox 540 3665 2058 3738">
     <span class='ocr_line' id='line_1_34' title="bbox 540 3665 2058 3738; baseline -0.003 -14"><span class='ocrx_word' id='word_1_211' title='bbox 540 3669 705 3725; x_wconf 87' lang='lat' dir='ltr'><strong><em>disset</em></strong></span> <span class='ocrx_word' id='word_1_212' title='bbox 738 3671 798 3723; x_wconf 88' lang='lat' dir='ltr'><strong><em>in</em></strong></span> <span class='ocrx_word' id='word_1_213' title='bbox 828 3671 950 3738; x_wconf 80' lang='lat' dir='ltr'><strong><em>ipsa</em></strong></span> <span class='ocrx_word' id='word_1_214' title='bbox 979 3675 1157 3727; x_wconf 85' lang='lat' dir='ltr'><strong><em>nocte.</em></strong></span> <span class='ocrx_word' id='word_1_215' title='bbox 1191 3674 1413 3738; x_wconf 88' lang='lat' dir='ltr'><strong><em>repente</em></strong></span> <span class='ocrx_word' id='word_1_216' title='bbox 1441 3683 1563 3721; x_wconf 85' lang='lat' dir='ltr'><strong><em>cum</em></strong></span> <span class='ocrx_word' id='word_1_217' title='bbox 1603 3665 1862 3722; x_wconf 85' lang='lat' dir='ltr'><strong><em>universa</em></strong></span> <span class='ocrx_word' id='word_1_218' title='bbox 1889 3668 2058 3735; x_wconf 86' lang='lat' dir='ltr'><strong><em>fami-</em></strong></span> 
     </span>
    </p>
   </div>
   <div class='ocr_carea' id='block_1_35' title="bbox 539 3754 2061 3828">
    <p class='ocr_par' dir='ltr' id='par_1_35' title="bbox 539 3754 2061 3828">
     <span class='ocr_line' id='line_1_35' title="bbox 539 3754 2061 3828; baseline -0.001 -17"><span class='ocrx_word' id='word_1_219' title='bbox 539 3757 616 3812; x_wconf 91' lang='lat' dir='ltr'><strong><em>lia</em></strong></span> <span class='ocrx_word' id='word_1_220' title='bbox 648 3759 956 3828; x_wconf 79' lang='lat' dir='ltr'><strong><em>baptizatus</em></strong></span> <span class='ocrx_word' id='word_1_221' title='bbox 991 3763 1087 3812; x_wconf 86' lang='lat' dir='ltr'><strong><em>est.</em></strong></span> <span class='ocrx_word' id='word_1_222' title='bbox 1136 3758 1290 3820; x_wconf 84' lang='lat' dir='ltr'><strong><em>Quod</em></strong></span> <span class='ocrx_word' id='word_1_223' title='bbox 1336 3757 1519 3826; x_wconf 88' lang='lat' dir='ltr'><strong><em>rogati</em></strong></span> <span class='ocrx_word' id='word_1_224' title='bbox 1559 3754 1801 3810; x_wconf 69' lang='lat' dir='ltr'><strong><em>exierint</em></strong></span> <span class='ocrx_word' id='word_1_225' title='bbox 1831 3762 1963 3812; x_wconf 85' lang='lat' dir='ltr'><strong><em>tunc</em></strong></span> <span class='ocrx_word' id='word_1_226' title='bbox 1993 3754 2061 3810; x_wconf 90' lang='lat' dir='ltr'><strong><em>de</em></strong></span> 
     </span>
    </p>
   </div>
   <div class='ocr_carea' id='block_1_36' title="bbox 537 3847 1034 3920">
    <p class='ocr_par' dir='ltr' id='par_1_36' title="bbox 537 3847 1034 3920">
     <span class='ocr_line' id='line_1_36' title="bbox 537 3847 1034 3920; baseline 0.002 -17"><span class='ocrx_word' id='word_1_227' title='bbox 537 3863 753 3906; x_wconf 85' lang='lat' dir='ltr'><strong><em>carcere</em></strong></span> <span class='ocrx_word' id='word_1_228' title='bbox 778 3847 1034 3920; x_wconf 88' lang='lat' dir='ltr'><strong><em>apostoli.</em></strong></span> 
     </span>
    </p>
   </div>
   <div class='ocr_carea' id='block_1_37' title="bbox 393 4027 2056 4097">
    <p class='ocr_par' dir='ltr' id='par_1_37' title="bbox 393 4027 2056 4097">
     <span class='ocr_line' id='line_1_37' title="bbox 393 4027 2056 4097; baseline -0.005 -10"><span class='ocrx_word' id='word_1_229' title='bbox 393 4033 480 4087; x_wconf 82' lang='lat'><strong><em>25.</em></strong></span> <span class='ocrx_word' id='word_1_230' title='bbox 535 4030 608 4086; x_wconf 88' lang='lat' dir='ltr'><strong><em>De</em></strong></span> <span class='ocrx_word' id='word_1_231' title='bbox 650 4031 916 4086; x_wconf 84' lang='lat' dir='ltr'><strong><em>seditione</em></strong></span> <span class='ocrx_word' id='word_1_232' title='bbox 970 4033 1126 4097; x_wconf 86' lang='lat' dir='ltr'><strong><em>facta</em></strong></span> <span class='ocrx_word' id='word_1_233' title='bbox 1186 4027 1577 4084; x_wconf 76' lang='lat' dir='ltr'><strong><em>Thessalonicae</em></strong></span> <span class='ocrx_word' id='word_1_234' title='bbox 1608 4027 1672 4081; x_wconf 92' lang='lat' dir='ltr'><strong><em>ob</em></strong></span> <span class='ocrx_word' id='word_1_235' title='bbox 1699 4027 2056 4096; x_wconf 67' lang='lat' dir='ltr'><strong><em>praedicatio-</em></strong></span> 
     </span>
    </p>
   </div>
   <div class='ocr_carea' id='block_1_38' title="bbox 536 4115 2058 4188">
    <p class='ocr_par' dir='ltr' id='par_1_38' title="bbox 536 4115 2058 4188">
     <span class='ocr_line' id='line_1_38' title="bbox 536 4115 2058 4188; baseline -0.003 -14"><span class='ocrx_word' id='word_1_236' title='bbox 536 4135 681 4183; x_wconf 92' lang='lat' dir='ltr'><strong><em>nem,</em></strong></span> <span class='ocrx_word' id='word_1_237' title='bbox 707 4122 954 4188; x_wconf 84' lang='lat' dir='ltr'><strong><em>fugaque</em></strong></span> <span class='ocrx_word' id='word_1_238' title='bbox 976 4117 1143 4172; x_wconf 86' lang='lat' dir='ltr'><strong><em>Pauli</em></strong></span> <span class='ocrx_word' id='word_1_239' title='bbox 1171 4118 1231 4170; x_wconf 90' lang='lat' dir='ltr'><strong><em>in</em></strong></span> <span class='ocrx_word' id='word_1_240' title='bbox 1257 4117 1528 4184; x_wconf 72' lang='lat' dir='ltr'><strong><em>Beroeam,</em></strong></span> <span class='ocrx_word' id='word_1_241' title='bbox 1559 4122 1610 4170; x_wconf 87' lang='lat' dir='ltr'><strong><em>et</em></strong></span> <span class='ocrx_word' id='word_1_242' title='bbox 1642 4115 1770 4170; x_wconf 87' lang='lat' dir='ltr'><strong><em>inde</em></strong></span> <span class='ocrx_word' id='word_1_243' title='bbox 1799 4117 1858 4169; x_wconf 91' lang='lat' dir='ltr'><strong><em>in</em></strong></span> <span class='ocrx_word' id='word_1_244' title='bbox 1887 4115 2058 4174; x_wconf 82' lang='lat' dir='ltr'><strong><em>Athe-</em></strong></span> 
     </span>
    </p>
   </div>
   <div class='ocr_carea' id='block_1_39' title="bbox 539 4224 658 4264">
    <p class='ocr_par' dir='ltr' id='par_1_39' title="bbox 539 4224 658 4264">
     <span class='ocr_line' id='line_1_39' title="bbox 539 4224 658 4264; baseline -0.008 -1"><span class='ocrx_word' id='word_1_245' title='bbox 539 4224 658 4264; x_wconf 90' lang='lat' dir='ltr'><strong><em>nas.</em></strong></span> 
     </span>
    </p>
   </div>
   <div class='ocr_carea' id='block_1_40' title="bbox 389 4293 2058 4367">
    <p class='ocr_par' dir='ltr' id='par_1_40' title="bbox 389 4293 2058 4367">
     <span class='ocr_line' id='line_1_40' title="bbox 389 4293 2058 4367; baseline -0.002 -15"><span class='ocrx_word' id='word_1_246' title='bbox 389 4299 482 4352; x_wconf 83' lang='lat'><strong><em>26.</em></strong></span> <span class='ocrx_word' id='word_1_247' title='bbox 534 4298 608 4352; x_wconf 88' lang='lat' dir='ltr'><strong><em>De</em></strong></span> <span class='ocrx_word' id='word_1_248' title='bbox 635 4297 917 4366; x_wconf 88' lang='lat' dir='ltr'><strong><em>scriptura</em></strong></span> <span class='ocrx_word' id='word_1_249' title='bbox 965 4310 1094 4367; x_wconf 74' lang='lat' dir='ltr'><strong><em>quae</em></strong></span> <span class='ocrx_word' id='word_1_250' title='bbox 1135 4311 1302 4366; x_wconf 84' lang='lat' dir='ltr'><strong><em>super</em></strong></span> <span class='ocrx_word' id='word_1_251' title='bbox 1349 4311 1506 4350; x_wconf 88' lang='lat' dir='ltr'><strong><em>aram</em></strong></span> <span class='ocrx_word' id='word_1_252' title='bbox 1553 4301 1672 4350; x_wconf 86' lang='lat' dir='ltr'><strong><em>erat</em></strong></span> <span class='ocrx_word' id='word_1_253' title='bbox 1699 4293 1972 4350; x_wconf 84' lang='lat' dir='ltr'><strong><em>Athenis:</em></strong></span> <span class='ocrx_word' id='word_1_254' title='bbox 2005 4301 2058 4351; x_wconf 89' lang='lat' dir='ltr'><strong><em>et</em></strong></span> 
     </span>
    </p>
   </div>
   <div class='ocr_carea' id='block_1_41' title="bbox 545 4385 1968 4457">
    <p class='ocr_par' dir='ltr' id='par_1_41' title="bbox 545 4385 1968 4457">
     <span class='ocr_line' id='line_1_41' title="bbox 545 4385 1968 4457; baseline -0.001 -15"><span class='ocrx_word' id='word_1_255' title='bbox 545 4386 610 4443; x_wconf 84' lang='lat' dir='ltr'><strong><em>de</em></strong></span> <span class='ocrx_word' id='word_1_256' title='bbox 639 4387 802 4442; x_wconf 91' lang='lat' dir='ltr'><strong><em>docta</em></strong></span> <span class='ocrx_word' id='word_1_257' title='bbox 831 4387 992 4442; x_wconf 88' lang='lat' dir='ltr'><strong><em>Pauli</em></strong></span> <span class='ocrx_word' id='word_1_258' title='bbox 1013 4386 1415 4457; x_wconf 75' lang='lat' dir='ltr'><strong><em>praedicatione</em></strong></span> <span class='ocrx_word' id='word_1_259' title='bbox 1443 4400 1508 4440; x_wconf 87' lang='lat' dir='ltr'><strong><em>ac</em></strong></span> <span class='ocrx_word' id='word_1_260' title='bbox 1538 4385 1710 4455; x_wconf 81' lang='lat' dir='ltr'><strong><em>ipsius</em></strong></span> <span class='ocrx_word' id='word_1_261' title='bbox 1732 4387 1968 4455; x_wconf 85' lang='lat' dir='ltr'><strong><em>pietate.</em></strong></span> 
     </span>
    </p>
   </div>
   <div class='ocr_carea' id='block_1_42' title="bbox 397 4565 2055 4638">
    <p class='ocr_par' dir='ltr' id='par_1_42' title="bbox 397 4565 2055 4638">
     <span class='ocr_line' id='line_1_42' title="bbox 397 4565 2055 4638; baseline -0.002 -14"><span class='ocrx_word' id='word_1_262' title='bbox 397 4573 484 4624; x_wconf 89' lang='lat'><strong>27.</strong></span> <span class='ocrx_word' id='word_1_263' title='bbox 541 4569 612 4624; x_wconf 90' lang='lat' dir='ltr'><strong><em>De</em></strong></span> <span class='ocrx_word' id='word_1_264' title='bbox 643 4567 843 4638; x_wconf 85' lang='lat' dir='ltr'><strong><em>Aquila</em></strong></span> <span class='ocrx_word' id='word_1_265' title='bbox 873 4574 925 4623; x_wconf 88' lang='lat' dir='ltr'><strong><em>et</em></strong></span> <span class='ocrx_word' id='word_1_266' title='bbox 961 4568 1218 4624; x_wconf 85' lang='lat' dir='ltr'><strong><em>Priscilla</em></strong></span> <span class='ocrx_word' id='word_1_267' title='bbox 1248 4583 1311 4622; x_wconf 91' lang='lat' dir='ltr'><strong><em>ac</em></strong></span> <span class='ocrx_word' id='word_1_268' title='bbox 1361 4565 1772 4623; x_wconf 84' lang='lat' dir='ltr'><strong><em>Corinthiorum</em></strong></span> <span class='ocrx_word' id='word_1_269' title='bbox 1803 4567 2055 4622; x_wconf 88' lang='lat' dir='ltr'><strong><em>incredu-</em></strong></span> 
     </span>
    </p>
   </div>
   <div class='ocr_carea' id='block_1_43' title="bbox 543 4656 2059 4729">
    <p class='ocr_par' dir='ltr' id='par_1_43' title="bbox 543 4656 2059 4729">
     <span class='ocr_line' id='line_1_43' title="bbox 543 4656 2059 4729; baseline -0.001 -15"><span class='ocrx_word' id='word_1_270' title='bbox 543 4659 721 4721; x_wconf 90' lang='lat' dir='ltr'><strong><em>litate,</em></strong></span> <span class='ocrx_word' id='word_1_271' title='bbox 773 4659 976 4729; x_wconf 86' lang='lat' dir='ltr'><strong><em>Deique</em></strong></span> <span class='ocrx_word' id='word_1_272' title='bbox 1028 4658 1391 4728; x_wconf 90' lang='lat' dir='ltr'><strong><em>beneplacito,</em></strong></span> <span class='ocrx_word' id='word_1_273' title='bbox 1447 4656 1596 4727; x_wconf 93' lang='lat' dir='ltr'><strong><em>quod</em></strong></span> <span class='ocrx_word' id='word_1_274' title='bbox 1645 4657 1819 4710; x_wconf 83' lang='lat' dir='ltr'><strong><em>Paulo</em></strong></span> <span class='ocrx_word' id='word_1_275' title='bbox 1845 4656 2059 4712; x_wconf 88' lang='lat' dir='ltr'><strong><em>revela-</em></strong></span> 
     </span>
    </p>
   </div>
   <div class='ocr_carea' id='block_1_44' title="bbox 539 4745 2058 4818">
    <p class='ocr_par' dir='ltr' id='par_1_44' title="bbox 539 4745 2058 4818">
     <span class='ocr_line' id='line_1_44' title="bbox 539 4745 2058 4818; baseline -0.001 -12"><span class='ocrx_word' id='word_1_276' title='bbox 539 4756 652 4806; x_wconf 87' lang='lat' dir='ltr'><strong><em>tum</em></strong></span> <span class='ocrx_word' id='word_1_277' title='bbox 696 4755 774 4805; x_wconf 90' lang='lat' dir='ltr'><strong><em>est</em></strong></span> <span class='ocrx_word' id='word_1_278' title='bbox 820 4747 1118 4806; x_wconf 90' lang='lat' dir='ltr'><strong><em>secundum</em></strong></span> <span class='ocrx_word' id='word_1_279' title='bbox 1160 4745 1574 4818; x_wconf 76' lang='lat' dir='ltr'><strong><em>providentiam</em></strong></span> <span class='ocrx_word' id='word_1_280' title='bbox 1602 4760 1731 4816; x_wconf 70' lang='lat' dir='ltr'><strong><em>qua:</em></strong></span> <span class='ocrx_word' id='word_1_281' title='bbox 1773 4763 1907 4816; x_wconf 86' lang='lat' dir='ltr'><strong><em>erga</em></strong></span> <span class='ocrx_word' id='word_1_282' title='bbox 1936 4746 2058 4804; x_wconf 84' lang='lat' dir='ltr'><strong><em>illos</em></strong></span> 
     </span>
    </p>
   </div>
   <div class='ocr_carea' id='block_1_45' title="bbox 537 4836 2056 4910">
    <p class='ocr_par' dir='ltr' id='par_1_45' title="bbox 537 4836 2056 4910">
     <span class='ocr_line' id='line_1_45' title="bbox 537 4836 2056 4910; baseline -0.003 -14"><span class='ocrx_word' id='word_1_283' title='bbox 537 4847 697 4896; x_wconf 88' lang='lat' dir='ltr'><strong><em>erat:</em></strong></span> <span class='ocrx_word' id='word_1_284' title='bbox 732 4841 791 4894; x_wconf 89' lang='lat' dir='ltr'><strong><em>in</em></strong></span> <span class='ocrx_word' id='word_1_285' title='bbox 821 4855 930 4910; x_wconf 91' lang='lat' dir='ltr'><strong><em>quo</em></strong></span> <span class='ocrx_word' id='word_1_286' title='bbox 960 4840 1126 4894; x_wconf 87' lang='lat' dir='ltr'><strong><em>etiam</em></strong></span> <span class='ocrx_word' id='word_1_287' title='bbox 1174 4840 1364 4907; x_wconf 89' lang='lat' dir='ltr'><strong><em>agitur</em></strong></span> <span class='ocrx_word' id='word_1_288' title='bbox 1404 4837 1468 4892; x_wconf 87' lang='lat' dir='ltr'><strong><em>de</em></strong></span> <span class='ocrx_word' id='word_1_289' title='bbox 1509 4837 1701 4906; x_wconf 88' lang='lat' dir='ltr'><strong><em>Crispo</em></strong></span> <span class='ocrx_word' id='word_1_290' title='bbox 1733 4836 2056 4907; x_wconf 86' lang='lat' dir='ltr'><strong><em>archisyna-</em></strong></span> 
     </span>
    </p>
   </div>
   <div class='ocr_carea' id='block_1_46' title="bbox 539 4926 2060 4999">
    <p class='ocr_par' dir='ltr' id='par_1_46' title="bbox 539 4926 2060 4999">
     <span class='ocr_line' id='line_1_46' title="bbox 539 4926 2060 4999; baseline -0.002 -15"><span class='ocrx_word' id='word_1_291' title='bbox 539 4945 700 4999; x_wconf 86' lang='lat' dir='ltr'><strong><em>gogo,</em></strong></span> <span class='ocrx_word' id='word_1_292' title='bbox 732 4929 832 4999; x_wconf 85' lang='lat' dir='ltr'><strong><em>qui</em></strong></span> <span class='ocrx_word' id='word_1_293' title='bbox 861 4945 981 4984; x_wconf 90' lang='lat' dir='ltr'><strong><em>cum</em></strong></span> <span class='ocrx_word' id='word_1_294' title='bbox 1015 4927 1140 4983; x_wconf 89' lang='lat' dir='ltr'><strong><em>aliis</em></strong></span> <span class='ocrx_word' id='word_1_295' title='bbox 1171 4927 1500 4996; x_wconf 86' lang='lat' dir='ltr'><strong><em>quibusdam</em></strong></span> <span class='ocrx_word' id='word_1_296' title='bbox 1531 4926 1763 4982; x_wconf 86' lang='lat' dir='ltr'><strong><em>credidit</em></strong></span> <span class='ocrx_word' id='word_1_297' title='bbox 1793 4932 1844 4980; x_wconf 90' lang='lat' dir='ltr'><strong><em>et</em></strong></span> <span class='ocrx_word' id='word_1_298' title='bbox 1872 4927 2060 4996; x_wconf 89' lang='lat' dir='ltr'><strong><em>bapti-</em></strong></span> 
     </span>
    </p>
   </div>
   <div class='ocr_carea' id='block_1_47' title="bbox 542 5013 2061 5087">
    <p class='ocr_par' dir='ltr' id='par_1_47' title="bbox 542 5013 2061 5087">
     <span class='ocr_line' id='line_1_47' title="bbox 542 5013 2061 5087; baseline -0.001 -14"><span class='ocrx_word' id='word_1_299' title='bbox 542 5025 696 5074; x_wconf 83' lang='lat' dir='ltr'><strong><em>zatus</em></strong></span> <span class='ocrx_word' id='word_1_300' title='bbox 724 5024 802 5072; x_wconf 90' lang='lat' dir='ltr'><strong><em>est</em></strong></span> <span class='ocrx_word' id='word_1_301' title='bbox 830 5034 843 5071; x_wconf 88' lang='lat'><strong>:</strong></span> <span class='ocrx_word' id='word_1_302' title='bbox 876 5017 1028 5087; x_wconf 86' lang='lat' dir='ltr'><strong><em>quod</em></strong></span> <span class='ocrx_word' id='word_1_303' title='bbox 1067 5018 1338 5073; x_wconf 87' lang='lat' dir='ltr'><strong><em>seditione</em></strong></span> <span class='ocrx_word' id='word_1_304' title='bbox 1388 5014 1644 5070; x_wconf 81' lang='lat' dir='ltr'><strong><em>Corinthi</em></strong></span> <span class='ocrx_word' id='word_1_305' title='bbox 1671 5021 1819 5070; x_wconf 90' lang='lat' dir='ltr'><strong><em>mota</em></strong></span> <span class='ocrx_word' id='word_1_306' title='bbox 1847 5013 2061 5071; x_wconf 86' lang='lat' dir='ltr'><strong><em>Paulus</em></strong></span> 
     </span>
    </p>
   </div>
   <div class='ocr_carea' id='block_1_48' title="bbox 543 5104 2062 5177">
    <p class='ocr_par' dir='ltr' id='par_1_48' title="bbox 543 5104 2062 5177">
     <span class='ocr_line' id='line_1_48' title="bbox 543 5104 2062 5177; baseline -0.002 -14"><span class='ocrx_word' id='word_1_307' title='bbox 543 5109 682 5164; x_wconf 90' lang='lat' dir='ltr'><strong><em>clam</em></strong></span> <span class='ocrx_word' id='word_1_308' title='bbox 703 5107 942 5163; x_wconf 88' lang='lat' dir='ltr'><strong><em>discessit</em></strong></span> <span class='ocrx_word' id='word_1_309' title='bbox 984 5124 1050 5162; x_wconf 91' lang='lat' dir='ltr'><strong><em>cu</em></strong></span> <span class='ocrx_word' id='word_1_310' title='bbox 1060 5123 1216 5177; x_wconf 88' lang='lat' dir='ltr'><strong><em>mque</em></strong></span> <span class='ocrx_word' id='word_1_311' title='bbox 1236 5108 1464 5161; x_wconf 89' lang='lat' dir='ltr'><strong><em>venisset</em></strong></span> <span class='ocrx_word' id='word_1_312' title='bbox 1487 5105 1761 5175; x_wconf 88' lang='lat' dir='ltr'><strong><em>Ephesum</em></strong></span> <span class='ocrx_word' id='word_1_313' title='bbox 1783 5121 1846 5159; x_wconf 93' lang='lat' dir='ltr'><strong><em>ac</em></strong></span> <span class='ocrx_word' id='word_1_314' title='bbox 1866 5104 2062 5176; x_wconf 89' lang='lat' dir='ltr'><strong><em>dispu-</em></strong></span> 
     </span>
    </p>
   </div>
   <div class='ocr_carea' id='block_1_49' title="bbox 545 5193 2060 5266">
    <p class='ocr_par' dir='ltr' id='par_1_49' title="bbox 545 5193 2060 5266">
     <span class='ocr_line' id='line_1_49' title="bbox 545 5193 2060 5266; baseline -0.001 -14"><span class='ocrx_word' id='word_1_315' title='bbox 545 5203 728 5263; x_wconf 88' lang='lat' dir='ltr'><strong><em>tasset,</em></strong></span> <span class='ocrx_word' id='word_1_316' title='bbox 760 5212 1000 5266; x_wconf 86' lang='lat' dir='ltr'><strong><em>egressus</em></strong></span> <span class='ocrx_word' id='word_1_317' title='bbox 1025 5203 1103 5253; x_wconf 90' lang='lat' dir='ltr'><strong><em>est</em></strong></span> <span class='ocrx_word' id='word_1_318' title='bbox 1129 5213 1142 5252; x_wconf 90' lang='lat'><strong>:</strong></span> <span class='ocrx_word' id='word_1_319' title='bbox 1176 5196 1244 5251; x_wconf 91' lang='lat' dir='ltr'><strong><em>de</em></strong></span> <span class='ocrx_word' id='word_1_320' title='bbox 1271 5194 1476 5266; x_wconf 89' lang='lat' dir='ltr'><strong><em>Apollo</em></strong></span> <span class='ocrx_word' id='word_1_321' title='bbox 1523 5195 1644 5249; x_wconf 87' lang='lat' dir='ltr'><strong><em>viro</em></strong></span> <span class='ocrx_word' id='word_1_322' title='bbox 1681 5193 1969 5263; x_wconf 85' lang='lat' dir='ltr'><strong><em>eloquente</em></strong></span> <span class='ocrx_word' id='word_1_323' title='bbox 1997 5211 2060 5251; x_wconf 87' lang='lat' dir='ltr'><strong><em>ac</em></strong></span> 
     </span>
    </p>
   </div>
   <div class='ocr_carea' id='block_1_50' title="bbox 545 5287 720 5358">
    <p class='ocr_par' dir='ltr' id='par_1_50' title="bbox 545 5287 720 5358">
     <span class='ocr_line' id='line_1_50' title="bbox 545 5287 720 5358; baseline 0.011 -17"><span class='ocrx_word' id='word_1_324' title='bbox 545 5287 720 5358; x_wconf 63' lang='lat' dir='ltr'><strong><em>nam.</em></strong></span> 
     </span>
    </p>
   </div>
   <div class='ocr_carea' id='block_1_51' title="bbox 397 5373 2063 5448">
    <p class='ocr_par' dir='ltr' id='par_1_51' title="bbox 397 5373 2063 5448">
     <span class='ocr_line' id='line_1_51' title="bbox 397 5373 2063 5448; baseline -0.001 -17"><span class='ocrx_word' id='word_1_325' title='bbox 397 5378 484 5432; x_wconf 88' lang='lat'><strong>28.</strong></span> <span class='ocrx_word' id='word_1_326' title='bbox 540 5380 616 5433; x_wconf 91' lang='lat' dir='ltr'><strong><em>De</em></strong></span> <span class='ocrx_word' id='word_1_327' title='bbox 647 5379 973 5448; x_wconf 84' lang='lat' dir='ltr'><strong><em>baptismate</em></strong></span> <span class='ocrx_word' id='word_1_328' title='bbox 1003 5385 1055 5432; x_wconf 91' lang='lat' dir='ltr'><strong><em>et</em></strong></span> <span class='ocrx_word' id='word_1_329' title='bbox 1099 5378 1339 5448; x_wconf 89' lang='lat' dir='ltr'><strong><em>Spiritus</em></strong></span> <span class='ocrx_word' id='word_1_330' title='bbox 1387 5375 1566 5431; x_wconf 85' lang='lat' dir='ltr'><strong><em>sancti</em></strong></span> <span class='ocrx_word' id='word_1_331' title='bbox 1592 5375 1736 5430; x_wconf 89' lang='lat' dir='ltr'><strong><em>dono</em></strong></span> <span class='ocrx_word' id='word_1_332' title='bbox 1762 5389 1866 5443; x_wconf 87' lang='lat' dir='ltr'><strong><em>per</em></strong></span> <span class='ocrx_word' id='word_1_333' title='bbox 1895 5373 2063 5430; x_wconf 81' lang='lat' dir='ltr'><strong><em>Pauli</em></strong></span> 
     </span>
    </p>
   </div>
   <div class='ocr_carea' id='block_1_52' title="bbox 540 5464 2063 5538">
    <p class='ocr_par' dir='ltr' id='par_1_52' title="bbox 540 5464 2063 5538">
     <span class='ocr_line' id='line_1_52' title="bbox 540 5464 2063 5538; baseline -0.001 -16"><span class='ocrx_word' id='word_1_334' title='bbox 540 5472 850 5522; x_wconf 79' lang='lat' dir='ltr'><strong><em>orationem</em></strong></span> <span class='ocrx_word' id='word_1_335' title='bbox 879 5467 1010 5522; x_wconf 89' lang='lat' dir='ltr'><strong><em>dato</em></strong></span> <span class='ocrx_word' id='word_1_336' title='bbox 1036 5468 1121 5522; x_wconf 88' lang='lat' dir='ltr'><strong><em>his</em></strong></span> <span class='ocrx_word' id='word_1_337' title='bbox 1149 5469 1247 5538; x_wconf 90' lang='lat' dir='ltr'><strong><em>qui</em></strong></span> <span class='ocrx_word' id='word_1_338' title='bbox 1271 5467 1479 5537; x_wconf 88' lang='lat' dir='ltr'><strong><em>Ephesi</em></strong></span> <span class='ocrx_word' id='word_1_339' title='bbox 1509 5464 1884 5526; x_wconf 86' lang='lat' dir='ltr'><strong><em>crediderant,</em></strong></span> <span class='ocrx_word' id='word_1_340' title='bbox 1916 5471 1966 5520; x_wconf 89' lang='lat' dir='ltr'><strong><em>et</em></strong></span> <span class='ocrx_word' id='word_1_341' title='bbox 1995 5465 2063 5521; x_wconf 87' lang='lat' dir='ltr'><strong><em>de</em></strong></span> 
     </span>
    </p>
   </div>
   <div class='ocr_carea' id='block_1_53' title="bbox 538 5553 2063 5628">
    <p class='ocr_par' dir='ltr' id='par_1_53' title="bbox 538 5553 2063 5628">
     <span class='ocr_line' id='line_1_53' title="bbox 538 5553 2063 5628; baseline -0.001 -14"><span class='ocrx_word' id='word_1_342' title='bbox 538 5557 718 5614; x_wconf 87' lang='lat' dir='ltr'><strong><em>salute</em></strong></span> <span class='ocrx_word' id='word_1_343' title='bbox 765 5559 995 5628; x_wconf 89' lang='lat' dir='ltr'><strong><em>populi:</em></strong></span> <span class='ocrx_word' id='word_1_344' title='bbox 1047 5559 1106 5612; x_wconf 89' lang='lat' dir='ltr'><strong><em>in</em></strong></span> <span class='ocrx_word' id='word_1_345' title='bbox 1139 5575 1249 5628; x_wconf 90' lang='lat' dir='ltr'><strong><em>quo</em></strong></span> <span class='ocrx_word' id='word_1_346' title='bbox 1296 5561 1564 5613; x_wconf 83' lang='lat' dir='ltr'><strong><em>narratur</em></strong></span> <span class='ocrx_word' id='word_1_347' title='bbox 1607 5554 1778 5610; x_wconf 87' lang='lat' dir='ltr'><strong><em>etiam</em></strong></span> <span class='ocrx_word' id='word_1_348' title='bbox 1827 5553 1892 5610; x_wconf 90' lang='lat' dir='ltr'><strong><em>de</em></strong></span> <span class='ocrx_word' id='word_1_349' title='bbox 1932 5555 2063 5624; x_wconf 81' lang='lat' dir='ltr'><strong><em>ﬁliis</em></strong></span> 
     </span>
    </p>
   </div>
   <div class='ocr_carea' id='block_1_54' title="bbox 505 5643 2064 5720">
    <p class='ocr_par' dir='ltr' id='par_1_54' title="bbox 505 5643 2064 5720">
     <span class='ocr_line' id='line_1_54' title="bbox 505 5643 2064 5720; baseline -0.001 -17"><span class='ocrx_word' id='word_1_350' title='bbox 505 5689 511 5694; x_wconf 86' lang='lat'><strong><em>.</em></strong></span> <span class='ocrx_word' id='word_1_351' title='bbox 538 5648 740 5718; x_wconf 72' lang='lat' dir='ltr'><strong><em>Scevas,</em></strong></span> <span class='ocrx_word' id='word_1_352' title='bbox 776 5655 824 5703; x_wconf 80' lang='lat' dir='ltr'><strong><em>et</em></strong></span> <span class='ocrx_word' id='word_1_353' title='bbox 855 5648 1005 5718; x_wconf 87' lang='lat' dir='ltr'><strong><em>quod</em></strong></span> <span class='ocrx_word' id='word_1_354' title='bbox 1033 5665 1146 5703; x_wconf 90' lang='lat' dir='ltr'><strong><em>non</em></strong></span> <span class='ocrx_word' id='word_1_355' title='bbox 1175 5654 1430 5720; x_wconf 90' lang='lat' dir='ltr'><strong><em>oporteat</em></strong></span> <span class='ocrx_word' id='word_1_356' title='bbox 1461 5647 1537 5705; x_wconf 85' lang='lat' dir='ltr'><strong><em>ad</em></strong></span> <span class='ocrx_word' id='word_1_357' title='bbox 1577 5643 1888 5702; x_wconf 87' lang='lat' dir='ltr'><strong><em>incredulos</em></strong></span> <span class='ocrx_word' id='word_1_358' title='bbox 1917 5661 2064 5702; x_wconf 85' lang='lat' dir='ltr'><strong><em>acce-</em></strong></span> 
     </span>
    </p>
   </div>
   <div class='ocr_carea' id='block_1_55' title="bbox 539 5735 2061 5814">
    <p class='ocr_par' dir='ltr' id='par_1_55' title="bbox 539 5735 2061 5814">
     <span class='ocr_line' id='line_1_55' title="bbox 539 5735 2061 5814; baseline 0.001 -20"><span class='ocrx_word' id='word_1_359' title='bbox 539 5737 692 5806; x_wconf 80' lang='lat' dir='ltr'><strong><em>dere,</em></strong></span> <span class='ocrx_word' id='word_1_360' title='bbox 738 5753 937 5810; x_wconf 86' lang='lat' dir='ltr'><strong><em>eosque</em></strong></span> <span class='ocrx_word' id='word_1_361' title='bbox 983 5741 1082 5814; x_wconf 79' lang='lat' dir='ltr'><strong><em>qui</em></strong></span> <span class='ocrx_word' id='word_1_362' title='bbox 1131 5755 1184 5796; x_wconf 85' lang='lat' dir='ltr'><strong><em>se</em></strong></span> <span class='ocrx_word' id='word_1_363' title='bbox 1231 5739 1595 5798; x_wconf 83' lang='lat' dir='ltr'><strong><em>reddiderunt</em></strong></span> <span class='ocrx_word' id='word_1_364' title='bbox 1629 5735 1736 5806; x_wconf 76' lang='lat' dir='ltr'><strong><em>ﬁde</em></strong></span> <span class='ocrx_word' id='word_1_365' title='bbox 1766 5737 2061 5810; x_wconf 87' lang='lat' dir='ltr'><strong><em>indignos:</em></strong></span> 
     </span>
    </p>
   </div>
   <div class='ocr_carea' id='block_1_56' title="bbox 2305 514 3825 598">
    <p class='ocr_par' dir='ltr' id='par_1_56' title="bbox 2305 514 3825 598">
     <span class='ocr_line' id='line_1_56' title="bbox 2305 514 3825 598; baseline 0.003 -24"><span class='ocrx_word' id='word_1_366' title='bbox 2305 537 2394 582; x_wconf 87' lang='grc' dir='ltr'><strong><em>νος</em></strong></span> <span class='ocrx_word' id='word_1_367' title='bbox 2504 517 2718 594; x_wconf 88' lang='grc' dir='ltr'>νύκτωρ</span> <span class='ocrx_word' id='word_1_368' title='bbox 2791 521 2911 581; x_wconf 84' lang='grc' dir='ltr'>τοῖς</span> <span class='ocrx_word' id='word_1_369' title='bbox 3003 514 3267 592; x_wconf 77' lang='grc' dir='ltr'><strong><em>ἀδελφοῖς</em></strong></span> <span class='ocrx_word' id='word_1_370' title='bbox 3371 519 3825 598; x_wconf 78' lang='grc' dir='ltr'>ὑπανεχώρησεν·</span> 
     </span>
    </p>
   </div>
   <div class='ocr_carea' id='block_1_57' title="bbox 2307 605 3823 687">
    <p class='ocr_par' dir='ltr' id='par_1_57' title="bbox 2307 605 3823 687">
     <span class='ocr_line' id='line_1_57' title="bbox 2307 605 3823 687; baseline 0.003 -26"><span class='ocrx_word' id='word_1_371' title='bbox 2307 605 2359 662; x_wconf 84' lang='grc' dir='ltr'><strong><em>έν</em></strong></span> <span class='ocrx_word' id='word_1_372' title='bbox 2437 607 2484 680; x_wconf 86' lang='grc' dir='ltr'>ᾦ</span> <span class='ocrx_word' id='word_1_373' title='bbox 2571 607 2698 683; x_wconf 87' lang='grc' dir='ltr'>περὶ</span> <span class='ocrx_word' id='word_1_374' title='bbox 2789 609 2890 677; x_wconf 73' lang='grc' dir='ltr'>τῆς</span> <span class='ocrx_word' id='word_1_375' title='bbox 2985 605 3248 687; x_wconf 69' lang='grc' dir='ltr'>φυλάκων</span> <span class='ocrx_word' id='word_1_376' title='bbox 3335 608 3640 673; x_wconf 76' lang='grc' dir='ltr'>κολάσεως.</span> <span class='ocrx_word' id='word_1_377' title='bbox 3719 609 3823 670; x_wconf 81' lang='grc' dir='ltr'>Καὶ</span> 
     </span>
    </p>
   </div>
   <div class='ocr_carea' id='block_1_58' title="bbox 2309 695 3826 778">
    <p class='ocr_par' dir='ltr' id='par_1_58' title="bbox 2309 695 3826 778">
     <span class='ocr_line' id='line_1_58' title="bbox 2309 695 3826 778; baseline 0.003 -26"><span class='ocrx_word' id='word_1_378' title='bbox 2309 695 2600 772; x_wconf 87' lang='grc' dir='ltr'>μετέπειτα</span> <span class='ocrx_word' id='word_1_379' title='bbox 2693 699 2819 774; x_wconf 82' lang='grc' dir='ltr'>περὶ</span> <span class='ocrx_word' id='word_1_380' title='bbox 2928 701 3028 769; x_wconf 74' lang='grc' dir='ltr'>τῆς</span> <span class='ocrx_word' id='word_1_381' title='bbox 3101 705 3197 756; x_wconf 91' lang='grc' dir='ltr'><strong><em>τοῦ</em></strong></span> <span class='ocrx_word' id='word_1_382' title='bbox 3273 697 3500 766; x_wconf 84' lang='grc' dir='ltr'>ἀσεϐοῦς</span> <span class='ocrx_word' id='word_1_383' title='bbox 3576 701 3826 778; x_wconf 87' lang='grc' dir='ltr'>Ἠρώδου</span> 
     </span>
    </p>
   </div>
   <div class='ocr_carea' id='block_1_59' title="bbox 2308 785 3464 871">
    <p class='ocr_par' dir='ltr' id='par_1_59' title="bbox 2308 785 3464 871">
     <span class='ocr_line' id='line_1_59' title="bbox 2308 785 3464 871; baseline 0.007 -29"><span class='ocrx_word' id='word_1_384' title='bbox 2308 794 2508 863; x_wconf 80' lang='grc' dir='ltr'>πικρᾶς</span> <span class='ocrx_word' id='word_1_385' title='bbox 2545 809 2603 844; x_wconf 91' lang='grc' dir='ltr'><strong><em>τε</em></strong></span> <span class='ocrx_word' id='word_1_386' title='bbox 2641 788 2733 844; x_wconf 76' lang='grc' dir='ltr'>καὶ</span> <span class='ocrx_word' id='word_1_387' title='bbox 2773 785 3032 865; x_wconf 76' lang='grc' dir='ltr'><strong><em>ὀλεθρίου</em></strong></span> <span class='ocrx_word' id='word_1_388' title='bbox 3059 798 3464 871; x_wconf 73' lang='grc' dir='ltr'><strong><em>καταστροφῆς.</em></strong></span> 
     </span>
    </p>
   </div>
   <div class='ocr_carea' id='block_1_60' title="bbox 2169 873 3825 955">
    <p class='ocr_par' dir='ltr' id='par_1_60' title="bbox 2169 873 3825 955">
     <span class='ocr_line' id='line_1_60' title="bbox 2169 873 3825 955; baseline 0.004 -23"><span class='ocrx_word' id='word_1_389' title='bbox 2169 878 2253 934; x_wconf 93' lang='grc' dir='ltr'>ιθ’.</span> <span class='ocrx_word' id='word_1_390' title='bbox 2305 877 2622 948; x_wconf 79' lang='grc' dir='ltr'>Ἀποστολὴ</span> <span class='ocrx_word' id='word_1_391' title='bbox 2705 873 2954 952; x_wconf 86' lang='grc' dir='ltr'>Βαρνάϐα</span> <span class='ocrx_word' id='word_1_392' title='bbox 3028 881 3119 936; x_wconf 71' lang='grc' dir='ltr'>καὶ</span> <span class='ocrx_word' id='word_1_393' title='bbox 3203 880 3422 937; x_wconf 75' lang='grc' dir='ltr'>Παύλου</span> <span class='ocrx_word' id='word_1_394' title='bbox 3515 881 3653 955; x_wconf 86' lang='grc' dir='ltr'>πρὸς</span> <span class='ocrx_word' id='word_1_395' title='bbox 3729 886 3825 938; x_wconf 91' lang='grc' dir='ltr'><strong><em>τοῦ</em></strong></span> 
     </span>
    </p>
   </div>
   <div class='ocr_carea' id='block_1_61' title="bbox 2308 967 3828 1050">
    <p class='ocr_par' dir='ltr' id='par_1_61' title="bbox 2308 967 3828 1050">
     <span class='ocr_line' id='line_1_61' title="bbox 2308 967 3828 1050; baseline 0.005 -28"><span class='ocrx_word' id='word_1_396' title='bbox 2308 967 2454 1024; x_wconf 87' lang='grc' dir='ltr'>θείου</span> <span class='ocrx_word' id='word_1_397' title='bbox 2494 967 2808 1043; x_wconf 84' lang='grc' dir='ltr'>Πνεύματος</span> <span class='ocrx_word' id='word_1_398' title='bbox 2875 969 2954 1033; x_wconf 80' lang='grc' dir='ltr'>εἷς</span> <span class='ocrx_word' id='word_1_399' title='bbox 3021 970 3257 1047; x_wconf 81' lang='grc' dir='ltr'>Κύπρον,</span> <span class='ocrx_word' id='word_1_400' title='bbox 3335 971 3433 1028; x_wconf 75' lang='grc' dir='ltr'><strong><em>ὅσα</em></strong></span> <span class='ocrx_word' id='word_1_401' title='bbox 3505 994 3564 1029; x_wconf 89' lang='grc' dir='ltr'><strong><em>τε</em></strong></span> <span class='ocrx_word' id='word_1_402' title='bbox 3639 971 3828 1050; x_wconf 71' lang='grc' dir='ltr'>εἰργά-</span> 
     </span>
    </p>
   </div>
   <div class='ocr_carea' id='block_1_62' title="bbox 2309 1056 3824 1137">
    <p class='ocr_par' dir='ltr' id='par_1_62' title="bbox 2309 1056 3824 1137">
     <span class='ocr_line' id='line_1_62' title="bbox 2309 1056 3824 1137; baseline 0.004 -25"><span class='ocrx_word' id='word_1_403' title='bbox 2309 1078 2470 1114; x_wconf 91' lang='grc' dir='ltr'>σαντο</span> <span class='ocrx_word' id='word_1_404' title='bbox 2536 1056 2598 1113; x_wconf 74' lang='grc' dir='ltr'><strong><em>,ἐν</em></strong></span> <span class='ocrx_word' id='word_1_405' title='bbox 2673 1058 2900 1133; x_wconf 78' lang='grc' dir='ltr'>ὀνόματι</span> <span class='ocrx_word' id='word_1_406' title='bbox 2967 1062 3212 1137; x_wconf 80' lang='grc' dir='ltr'>Χριστοῦ</span> <span class='ocrx_word' id='word_1_407' title='bbox 3253 1060 3330 1125; x_wconf 80' lang='grc' dir='ltr'><strong><em>εἰς</em></strong></span> <span class='ocrx_word' id='word_1_408' title='bbox 3406 1060 3658 1136; x_wconf 67' lang='grc' dir='ltr'>Ίελύμαν</span> <span class='ocrx_word' id='word_1_409' title='bbox 3732 1063 3824 1120; x_wconf 83' lang='grc' dir='ltr'><strong><em>τὸν</em></strong></span> 
     </span>
    </p>
   </div>
   <div class='ocr_carea' id='block_1_63' title="bbox 2314 1149 2510 1224">
    <p class='ocr_par' dir='ltr' id='par_1_63' title="bbox 2314 1149 2510 1224">
     <span class='ocr_line' id='line_1_63' title="bbox 2314 1149 2510 1224; baseline 0.015 -21"><span class='ocrx_word' id='word_1_410' title='bbox 2314 1149 2510 1224; x_wconf 79' lang='grc' dir='ltr'>μάγον.</span> 
     </span>
    </p>
   </div>
   <div class='ocr_carea' id='block_1_64' title="bbox 2201 1237 3829 1318">
    <p class='ocr_par' dir='ltr' id='par_1_64' title="bbox 2201 1237 3829 1318">
     <span class='ocr_line' id='line_1_64' title="bbox 2201 1237 3829 1318; baseline 0.003 -24"><span class='ocrx_word' id='word_1_411' title='bbox 2201 1239 2267 1295; x_wconf 78' lang='grc' dir='ltr'><strong><em>κ“.</em></strong></span> <span class='ocrx_word' id='word_1_412' title='bbox 2310 1237 2536 1296; x_wconf 75' lang='grc' dir='ltr'>Παύλου</span> <span class='ocrx_word' id='word_1_413' title='bbox 2587 1240 2831 1310; x_wconf 80' lang='grc' dir='ltr'>εὐθαλὴς</span> <span class='ocrx_word' id='word_1_414' title='bbox 2889 1237 3218 1297; x_wconf 86' lang='grc' dir='ltr'>διδασκαλία</span> <span class='ocrx_word' id='word_1_415' title='bbox 3294 1241 3373 1304; x_wconf 80' lang='grc' dir='ltr'><strong><em>είς</em></strong></span> <span class='ocrx_word' id='word_1_416' title='bbox 3449 1243 3676 1318; x_wconf 79' lang='grc' dir='ltr'>Χριστὸν</span> <span class='ocrx_word' id='word_1_417' title='bbox 3769 1241 3829 1299; x_wconf 81' lang='grc' dir='ltr'><strong><em>ἔκ</em></strong></span> 
     </span>
    </p>
   </div>
   <div class='ocr_carea' id='block_1_65' title="bbox 2307 1329 3826 1414">
    <p class='ocr_par' dir='ltr' id='par_1_65' title="bbox 2307 1329 3826 1414">
     <span class='ocr_line' id='line_1_65' title="bbox 2307 1329 3826 1414; baseline 0.003 -29"><span class='ocrx_word' id='word_1_418' title='bbox 2307 1351 2366 1386; x_wconf 89' lang='grc' dir='ltr'><strong><em>τε</em></strong></span> <span class='ocrx_word' id='word_1_419' title='bbox 2438 1329 2535 1386; x_wconf 86' lang='grc' dir='ltr'><strong><em>τοῦ</em></strong></span> <span class='ocrx_word' id='word_1_420' title='bbox 2609 1331 2788 1406; x_wconf 78' lang='grc' dir='ltr'>νόμον</span> <span class='ocrx_word' id='word_1_421' title='bbox 2861 1333 2950 1388; x_wconf 86' lang='grc' dir='ltr'>καὶ</span> <span class='ocrx_word' id='word_1_422' title='bbox 3027 1334 3255 1402; x_wconf 80' lang='grc' dir='ltr'>καθεξῆς</span> <span class='ocrx_word' id='word_1_423' title='bbox 3327 1338 3437 1389; x_wconf 89' lang='grc' dir='ltr'><strong><em>τῶν</em></strong></span> <span class='ocrx_word' id='word_1_424' title='bbox 3505 1339 3826 1414; x_wconf 76' lang='grc' dir='ltr'>προφητῶν,</span> 
     </span>
    </p>
   </div>
   <div class='ocr_carea' id='block_1_66' title="bbox 2310 1418 3828 1498">
    <p class='ocr_par' dir='ltr' id='par_1_66' title="bbox 2310 1418 3828 1498">
     <span class='ocr_line' id='line_1_66' title="bbox 2310 1418 3828 1498; baseline 0.005 -25"><span class='ocrx_word' id='word_1_425' title='bbox 2310 1420 2560 1493; x_wconf 77' lang='grc' dir='ltr'>ἱστορικὴ</span> <span class='ocrx_word' id='word_1_426' title='bbox 2624 1419 2714 1475; x_wconf 86' lang='grc' dir='ltr'>καὶ</span> <span class='ocrx_word' id='word_1_427' title='bbox 2774 1418 3129 1498; x_wconf 79' lang='grc' dir='ltr'>εὐαγγελικῆ,</span> <span class='ocrx_word' id='word_1_428' title='bbox 3187 1421 3238 1477; x_wconf 78' lang='grc' dir='ltr'>ἐν</span> <span class='ocrx_word' id='word_1_429' title='bbox 3287 1423 3332 1495; x_wconf 85' lang='grc' dir='ltr'>ᾧ</span> <span class='ocrx_word' id='word_1_430' title='bbox 3391 1421 3678 1494; x_wconf 83' lang='grc' dir='ltr'>ἐκλεκτική</span> <span class='ocrx_word' id='word_1_431' title='bbox 3735 1423 3828 1480; x_wconf 80' lang='grc' dir='ltr'>καὶ</span> 
     </span>
    </p>
   </div>
   <div class='ocr_carea' id='block_1_67' title="bbox 2311 1505 3831 1589">
    <p class='ocr_par' dir='ltr' id='par_1_67' title="bbox 2311 1505 3831 1589">
     <span class='ocr_line' id='line_1_67' title="bbox 2311 1505 3831 1589; baseline 0.005 -27"><span class='ocrx_word' id='word_1_432' title='bbox 2311 1505 2730 1583; x_wconf 81' lang='grc' dir='ltr'>συλλογιστική.</span> <span class='ocrx_word' id='word_1_433' title='bbox 2829 1511 2955 1585; x_wconf 78' lang='grc' dir='ltr'>Περὶ</span> <span class='ocrx_word' id='word_1_434' title='bbox 3057 1509 3394 1584; x_wconf 70' lang='grc' dir='ltr'><strong><em>μεταθέσεως</em></strong></span> <span class='ocrx_word' id='word_1_435' title='bbox 3479 1516 3579 1568; x_wconf 89' lang='grc' dir='ltr'><strong><em>τοῦ</em></strong></span> <span class='ocrx_word' id='word_1_436' title='bbox 3651 1511 3831 1589; x_wconf 85' lang='grc' dir='ltr'>κηρύ-</span> 
     </span>
    </p>
   </div>
   <div class='ocr_carea' id='block_1_68' title="bbox 2311 1597 3829 1677">
    <p class='ocr_par' dir='ltr' id='par_1_68' title="bbox 2311 1597 3829 1677">
     <span class='ocr_line' id='line_1_68' title="bbox 2311 1597 3829 1677; baseline 0.003 -25"><span class='ocrx_word' id='word_1_437' title='bbox 2311 1618 2525 1673; x_wconf 86' lang='grc' dir='ltr'>γματος</span> <span class='ocrx_word' id='word_1_438' title='bbox 2591 1598 2666 1661; x_wconf 84' lang='grc' dir='ltr'><strong><em>εἰς</em></strong></span> <span class='ocrx_word' id='word_1_439' title='bbox 2709 1599 2774 1654; x_wconf 83' lang='grc' dir='ltr'><strong><em>τὰ</em></strong></span> <span class='ocrx_word' id='word_1_440' title='bbox 2815 1597 2970 1672; x_wconf 73' lang='grc' dir='ltr'>ἔθνη,</span> <span class='ocrx_word' id='word_1_441' title='bbox 3012 1597 3267 1677; x_wconf 78' lang='grc' dir='ltr'><strong><em>διωγμοῦ</em></strong></span> <span class='ocrx_word' id='word_1_442' title='bbox 3327 1622 3384 1657; x_wconf 88' lang='grc' dir='ltr'><strong><em>τε</em></strong></span> <span class='ocrx_word' id='word_1_443' title='bbox 3449 1601 3626 1657; x_wconf 76' lang='grc' dir='ltr'>αὐτῶν</span> <span class='ocrx_word' id='word_1_444' title='bbox 3694 1599 3829 1675; x_wconf 83' lang='grc' dir='ltr'>ἐκεῖ,</span> 
     </span>
    </p>
   </div>
   <div class='ocr_carea' id='block_1_69' title="bbox 2310 1686 3042 1766">
    <p class='ocr_par' dir='ltr' id='par_1_69' title="bbox 2310 1686 3042 1766">
     <span class='ocr_line' id='line_1_69' title="bbox 2310 1686 3042 1766; baseline 0.01 -24"><span class='ocrx_word' id='word_1_445' title='bbox 2310 1687 2400 1742; x_wconf 83' lang='grc' dir='ltr'>καὶ</span> <span class='ocrx_word' id='word_1_446' title='bbox 2433 1686 2661 1766; x_wconf 76' lang='grc' dir='ltr'>ἀφίξεως</span> <span class='ocrx_word' id='word_1_447' title='bbox 2690 1687 2767 1751; x_wconf 86' lang='grc' dir='ltr'>εἷς</span> <span class='ocrx_word' id='word_1_448' title='bbox 2800 1690 3042 1749; x_wconf 80' lang='grc' dir='ltr'>Ἰκόνιον.</span> 
     </span>
    </p>
   </div>
   <div class='ocr_carea' id='block_1_70' title="bbox 2167 1780 3831 1859">
    <p class='ocr_par' dir='ltr' id='par_1_70' title="bbox 2167 1780 3831 1859">
     <span class='ocr_line' id='line_1_70' title="bbox 2167 1780 3831 1859; baseline 0.001 -24"><span class='ocrx_word' id='word_1_449' title='bbox 2167 1780 2269 1840; x_wconf 84' lang='grc' dir='ltr'>κα“.</span> <span class='ocrx_word' id='word_1_450' title='bbox 2308 1781 2498 1843; x_wconf 84' lang='grc' dir='ltr'><strong><em>Ὅπως</em></strong></span> <span class='ocrx_word' id='word_1_451' title='bbox 2574 1780 2625 1837; x_wconf 79' lang='grc' dir='ltr'><strong><em>έν</em></strong></span> <span class='ocrx_word' id='word_1_452' title='bbox 2718 1782 2928 1856; x_wconf 83' lang='grc' dir='ltr'>Ἰκονίῳ</span> <span class='ocrx_word' id='word_1_453' title='bbox 3000 1783 3329 1859; x_wconf 78' lang='grc' dir='ltr'>κηρύξαντες</span> <span class='ocrx_word' id='word_1_454' title='bbox 3403 1783 3496 1839; x_wconf 87' lang='grc' dir='ltr'><strong><em>τὸν</em></strong></span> <span class='ocrx_word' id='word_1_455' title='bbox 3573 1784 3831 1859; x_wconf 77' lang='grc' dir='ltr'>Χριστὸν,</span> 
     </span>
    </p>
   </div>
   <div class='ocr_carea' id='block_1_71' title="bbox 2310 1869 3829 1948">
    <p class='ocr_par' dir='ltr' id='par_1_71' title="bbox 2310 1869 3829 1948">
     <span class='ocr_line' id='line_1_71' title="bbox 2310 1869 3829 1948; baseline 0.002 -22"><span class='ocrx_word' id='word_1_456' title='bbox 2310 1870 2539 1927; x_wconf 82' lang='grc' dir='ltr'>πολλῶν</span> <span class='ocrx_word' id='word_1_457' title='bbox 2633 1893 2692 1928; x_wconf 88' lang='grc' dir='ltr'><strong><em>τε</em></strong></span> <span class='ocrx_word' id='word_1_458' title='bbox 2801 1873 3202 1932; x_wconf 76' lang='grc' dir='ltr'>πιστευσάντων</span> <span class='ocrx_word' id='word_1_459' title='bbox 3309 1869 3660 1948; x_wconf 70' lang='grc' dir='ltr'>ἐδιώχθησαν</span> <span class='ocrx_word' id='word_1_460' title='bbox 3774 1873 3829 1929; x_wconf 74' lang='grc' dir='ltr'>οἱ</span> 
     </span>
    </p>
   </div>
   <div class='ocr_carea' id='block_1_72' title="bbox 2312 1959 2636 2017">
    <p class='ocr_par' dir='ltr' id='par_1_72' title="bbox 2312 1959 2636 2017">
     <span class='ocr_line' id='line_1_72' title="bbox 2312 1959 2636 2017; baseline 0.009 -3"><span class='ocrx_word' id='word_1_461' title='bbox 2312 1959 2636 2017; x_wconf 81' lang='grc' dir='ltr'>ἀπόστολοι·</span> 
     </span>
    </p>
   </div>
   <div class='ocr_carea' id='block_1_73' title="bbox 2168 2049 3827 2130">
    <p class='ocr_par' dir='ltr' id='par_1_73' title="bbox 2168 2049 3827 2130">
     <span class='ocr_line' id='line_1_73' title="bbox 2168 2049 3827 2130; baseline 0.001 -26"><span class='ocrx_word' id='word_1_462' title='bbox 2168 2049 2275 2124; x_wconf 90' lang='grc' dir='ltr'>κβ’,</span> <span class='ocrx_word' id='word_1_463' title='bbox 2318 2051 2445 2122; x_wconf 77' lang='grc' dir='ltr'>Ηερὶ</span> <span class='ocrx_word' id='word_1_464' title='bbox 2539 2055 2637 2106; x_wconf 85' lang='grc' dir='ltr'><strong><em>τοῦ</em></strong></span> <span class='ocrx_word' id='word_1_465' title='bbox 2731 2050 2784 2107; x_wconf 82' lang='grc' dir='ltr'>ἐν</span> <span class='ocrx_word' id='word_1_466' title='bbox 2865 2051 3126 2127; x_wconf 74' lang='grc' dir='ltr'>Λύστροις</span> <span class='ocrx_word' id='word_1_467' title='bbox 3202 2051 3262 2110; x_wconf 72' lang='grc' dir='ltr'>έκ</span> <span class='ocrx_word' id='word_1_468' title='bbox 3335 2060 3558 2130; x_wconf 77' lang='grc' dir='ltr'>γενετῆς</span> <span class='ocrx_word' id='word_1_469' title='bbox 3633 2050 3827 2128; x_wconf 90' lang='grc' dir='ltr'>χωλοῦ</span> 
     </span>
    </p>
   </div>
   <div class='ocr_carea' id='block_1_74' title="bbox 2317 2139 3818 2219">
    <p class='ocr_par' dir='ltr' id='par_1_74' title="bbox 2317 2139 3818 2219">
     <span class='ocr_line' id='line_1_74' title="bbox 2317 2139 3818 2219; baseline 0.003 -25"><span class='ocrx_word' id='word_1_470' title='bbox 2317 2139 2554 2204; x_wconf 80' lang='grc' dir='ltr'>ίαθέντος</span> <span class='ocrx_word' id='word_1_471' title='bbox 2623 2140 2713 2197; x_wconf 82' lang='grc' dir='ltr'><strong><em>διά</em></strong></span> <span class='ocrx_word' id='word_1_472' title='bbox 2775 2147 2882 2199; x_wconf 89' lang='grc' dir='ltr'><strong><em>τῶν</em></strong></span> <span class='ocrx_word' id='word_1_473' title='bbox 2947 2142 3293 2201; x_wconf 73' lang='grc' dir='ltr'>ἀποστόλωνο</span> <span class='ocrx_word' id='word_1_474' title='bbox 3366 2141 3437 2200; x_wconf 88' lang='grc' dir='ltr'><strong><em>δι’</em></strong></span> <span class='ocrx_word' id='word_1_475' title='bbox 3493 2143 3626 2219; x_wconf 80' lang='grc' dir='ltr'>ὅπερ</span> <span class='ocrx_word' id='word_1_476' title='bbox 3697 2144 3818 2199; x_wconf 79' lang='grc' dir='ltr'>εἶνα</span> 
     </span>
    </p>
   </div>
   <div class='ocr_carea' id='block_1_75' title="bbox 2310 2229 3826 2310">
    <p class='ocr_par' dir='ltr' id='par_1_75' title="bbox 2310 2229 3826 2310">
     <span class='ocr_line' id='line_1_75' title="bbox 2310 2229 3826 2310; baseline 0.003 -24"><span class='ocrx_word' id='word_1_477' title='bbox 2310 2251 2368 2286; x_wconf 89' lang='grc' dir='ltr'><strong><em>τε</em></strong></span> <span class='ocrx_word' id='word_1_478' title='bbox 2435 2233 2568 2301; x_wconf 77' lang='grc' dir='ltr'>θεοῖ,</span> <span class='ocrx_word' id='word_1_479' title='bbox 2633 2233 2721 2289; x_wconf 89' lang='grc' dir='ltr'><strong><em>καὶ</em></strong></span> <span class='ocrx_word' id='word_1_480' title='bbox 2787 2241 3017 2308; x_wconf 76' lang='grc' dir='ltr'>μανῆναι</span> <span class='ocrx_word' id='word_1_481' title='bbox 3081 2241 3202 2297; x_wconf 89' lang='grc' dir='ltr'>τοῖς</span> <span class='ocrx_word' id='word_1_482' title='bbox 3249 2233 3549 2310; x_wconf 73' lang='grc' dir='ltr'>έγχωρίοις</span> <span class='ocrx_word' id='word_1_483' title='bbox 3615 2229 3826 2306; x_wconf 67' lang='grc' dir='ltr'>ἔδοξαν.</span> 
     </span>
    </p>
   </div>
   <div class='ocr_carea' id='block_1_76' title="bbox 2311 2319 3824 2398">
    <p class='ocr_par' dir='ltr' id='par_1_76' title="bbox 2311 2319 3824 2398">
     <span class='ocr_line' id='line_1_76' title="bbox 2311 2319 3824 2398; baseline 0.004 -22"><span class='ocrx_word' id='word_1_484' title='bbox 2311 2322 2473 2385; x_wconf 86' lang='grc' dir='ltr'>Ἔνθα</span> <span class='ocrx_word' id='word_1_485' title='bbox 2539 2319 2607 2391; x_wconf 82' lang='grc' dir='ltr'>δὴ</span> <span class='ocrx_word' id='word_1_486' title='bbox 2675 2323 2766 2379; x_wconf 87' lang='grc' dir='ltr'>καὶ</span> <span class='ocrx_word' id='word_1_487' title='bbox 2836 2322 3123 2398; x_wconf 82' lang='grc' dir='ltr'>μετέπειτα</span> <span class='ocrx_word' id='word_1_488' title='bbox 3162 2321 3440 2394; x_wconf 77' lang='grc' dir='ltr'>λιθάζεται</span> <span class='ocrx_word' id='word_1_489' title='bbox 3507 2325 3536 2378; x_wconf 87' lang='grc' dir='ltr'>ὁ</span> <span class='ocrx_word' id='word_1_490' title='bbox 3608 2321 3824 2382; x_wconf 76' lang='grc' dir='ltr'>Παῦλος</span> 
     </span>
    </p>
   </div>
   <div class='ocr_carea' id='block_1_77' title="bbox 2311 2411 3379 2489">
    <p class='ocr_par' dir='ltr' id='par_1_77' title="bbox 2311 2411 3379 2489">
     <span class='ocr_line' id='line_1_77' title="bbox 2311 2411 3379 2489; baseline 0.005 -23"><span class='ocrx_word' id='word_1_491' title='bbox 2311 2413 2459 2486; x_wconf 85' lang='grc' dir='ltr'><strong><em>παρά</em></strong></span> <span class='ocrx_word' id='word_1_492' title='bbox 2494 2416 2604 2468; x_wconf 89' lang='grc' dir='ltr'><strong><em>τῶν</em></strong></span> <span class='ocrx_word' id='word_1_493' title='bbox 2647 2413 3038 2489; x_wconf 79' lang='grc' dir='ltr'>ἀστυγειτόνων</span> <span class='ocrx_word' id='word_1_494' title='bbox 3081 2411 3379 2472; x_wconf 74' lang='grc' dir='ltr'>Ἰουδαίων.</span> 
     </span>
    </p>
   </div>
   <div class='ocr_carea' id='block_1_78' title="bbox 2167 2499 3840 2580">
    <p class='ocr_par' dir='ltr' id='par_1_78' title="bbox 2167 2499 3840 2580">
     <span class='ocr_line' id='line_1_78' title="bbox 2167 2499 3840 2580; baseline 0.004 -27"><span class='ocrx_word' id='word_1_495' title='bbox 2167 2499 2267 2573; x_wconf 91' lang='grc' dir='ltr'>κγ’.</span> <span class='ocrx_word' id='word_1_496' title='bbox 2307 2501 2430 2557; x_wconf 81' lang='grc' dir='ltr'><strong><em>Ὅτι</em></strong></span> <span class='ocrx_word' id='word_1_497' title='bbox 2509 2500 2570 2556; x_wconf 83' lang='grc' dir='ltr'><strong><em>οῦ</em></strong></span> <span class='ocrx_word' id='word_1_498' title='bbox 2644 2505 3061 2580; x_wconf 75' lang='grc' dir='ltr'>περιτέμνεσθαι</span> <span class='ocrx_word' id='word_1_499' title='bbox 3134 2503 3264 2567; x_wconf 84' lang='grc' dir='ltr'>τοὺς</span> <span class='ocrx_word' id='word_1_500' title='bbox 3494 2503 3658 2568; x_wconf 75' lang='grc' dir='ltr'>ἐθνῶν</span> <span class='ocrx_word' id='word_1_501' title='bbox 3735 2524 3840 2560; x_wconf 82' lang='grc' dir='ltr'>πι-</span> 
     </span>
    </p>
   </div>
   <div class='ocr_carea' id='block_1_79' title="bbox 2313 2589 3832 2670">
    <p class='ocr_par' dir='ltr' id='par_1_79' title="bbox 2313 2589 3832 2670">
     <span class='ocr_line' id='line_1_79' title="bbox 2313 2589 3832 2670; baseline 0.004 -26"><span class='ocrx_word' id='word_1_502' title='bbox 2313 2589 2655 2660; x_wconf 86' lang='grc' dir='ltr'>στεύσαντας,</span> <span class='ocrx_word' id='word_1_503' title='bbox 2756 2589 2994 2668; x_wconf 68' lang='grc' dir='ltr'>δόγματι</span> <span class='ocrx_word' id='word_1_504' title='bbox 3085 2593 3176 2650; x_wconf 84' lang='grc' dir='ltr'>καὶ</span> <span class='ocrx_word' id='word_1_505' title='bbox 3251 2593 3428 2670; x_wconf 84' lang='grc' dir='ltr'>κρίσει</span> <span class='ocrx_word' id='word_1_506' title='bbox 3502 2599 3610 2650; x_wconf 87' lang='grc' dir='ltr'><strong><em>τῶν</em></strong></span> <span class='ocrx_word' id='word_1_507' title='bbox 3683 2595 3832 2650; x_wconf 84' lang='grc' dir='ltr'>ἀπο-</span> 
     </span>
    </p>
   </div>
   <div class='ocr_carea' id='block_1_80' title="bbox 2313 2676 3830 2755">
    <p class='ocr_par' dir='ltr' id='par_1_80' title="bbox 2313 2676 3830 2755">
     <span class='ocr_line' id='line_1_80' title="bbox 2313 2676 3830 2755; baseline 0.003 -21"><span class='ocrx_word' id='word_1_508' title='bbox 2313 2676 2548 2735; x_wconf 86' lang='grc' dir='ltr'>στόλων·</span> <span class='ocrx_word' id='word_1_509' title='bbox 2628 2678 2681 2735; x_wconf 86' lang='grc' dir='ltr'><strong><em>έν</em></strong></span> <span class='ocrx_word' id='word_1_510' title='bbox 2781 2682 2827 2755; x_wconf 79' lang='grc' dir='ltr'>ᾧ</span> <span class='ocrx_word' id='word_1_511' title='bbox 2931 2679 3232 2754; x_wconf 84' lang='grc' dir='ltr'>Ἐπιστολή</span> <span class='ocrx_word' id='word_1_512' title='bbox 3323 2686 3431 2738; x_wconf 78' lang='grc' dir='ltr'><strong><em>τῶν</em></strong></span> <span class='ocrx_word' id='word_1_513' title='bbox 3506 2683 3830 2740; x_wconf 78' lang='grc' dir='ltr'>ἀποστόλων</span> 
     </span>
    </p>
   </div>
   <div class='ocr_carea' id='block_1_81' title="bbox 2313 2769 3828 2850">
    <p class='ocr_par' dir='ltr' id='par_1_81' title="bbox 2313 2769 3828 2850">
     <span class='ocr_line' id='line_1_81' title="bbox 2313 2769 3828 2850; baseline 0.005 -28"><span class='ocrx_word' id='word_1_514' title='bbox 2313 2769 2451 2844; x_wconf 86' lang='grc' dir='ltr'>πρὸς</span> <span class='ocrx_word' id='word_1_515' title='bbox 2521 2769 2651 2834; x_wconf 76' lang='grc' dir='ltr'>τοὺς</span> <span class='ocrx_word' id='word_1_516' title='bbox 2724 2769 2776 2843; x_wconf 72' lang='grc' dir='ltr'>ἐξ</span> <span class='ocrx_word' id='word_1_517' title='bbox 2854 2770 3021 2836; x_wconf 72' lang='grc' dir='ltr'>ἰθνῶν</span> <span class='ocrx_word' id='word_1_518' title='bbox 3095 2773 3221 2848; x_wconf 80' lang='grc' dir='ltr'>περὶ</span> <span class='ocrx_word' id='word_1_519' title='bbox 3318 2772 3395 2828; x_wconf 80' lang='grc' dir='ltr'>ὧν</span> <span class='ocrx_word' id='word_1_520' title='bbox 3499 2770 3828 2850; x_wconf 79' lang='grc' dir='ltr'>φυλακτέον.</span> 
     </span>
    </p>
   </div>
   <div class='ocr_carea' id='block_1_82' title="bbox 2314 2855 3832 2936">
    <p class='ocr_par' dir='ltr' id='par_1_82' title="bbox 2314 2855 3832 2936">
     <span class='ocr_line' id='line_1_82' title="bbox 2314 2855 3832 2936; baseline 0.003 -22"><span class='ocrx_word' id='word_1_521' title='bbox 2314 2856 2660 2934; x_wconf 74' lang='grc' dir='ltr'>Ἀντίῤῥησις</span> <span class='ocrx_word' id='word_1_522' title='bbox 2769 2859 2991 2916; x_wconf 81' lang='grc' dir='ltr'>Παύλου</span> <span class='ocrx_word' id='word_1_523' title='bbox 3101 2860 3238 2935; x_wconf 88' lang='grc' dir='ltr'>πρὸς</span> <span class='ocrx_word' id='word_1_524' title='bbox 3352 2855 3629 2936; x_wconf 76' lang='grc' dir='ltr'>Βαρνάϐαν</span> <span class='ocrx_word' id='word_1_525' title='bbox 3739 2858 3832 2918; x_wconf 74' lang='grc' dir='ltr'>διὰ</span> 
     </span>
    </p>
   </div>
   <div class='ocr_carea' id='block_1_83' title="bbox 2314 2947 2554 3021">
    <p class='ocr_par' dir='ltr' id='par_1_83' title="bbox 2314 2947 2554 3021">
     <span class='ocr_line' id='line_1_83' title="bbox 2314 2947 2554 3021; baseline -0.013 -17"><span class='ocrx_word' id='word_1_526' title='bbox 2314 2947 2554 3021; x_wconf 80' lang='grc' dir='ltr'>Μάρκον.</span> 
     </span>
    </p>
   </div>
   <div class='ocr_carea' id='block_1_84' title="bbox 2168 3030 3831 3113">
    <p class='ocr_par' dir='ltr' id='par_1_84' title="bbox 2168 3030 3831 3113">
     <span class='ocr_line' id='line_1_84' title="bbox 2168 3030 3831 3113; baseline 0.004 -23"><span class='ocrx_word' id='word_1_527' title='bbox 2168 3030 2268 3091; x_wconf 88' lang='grc' dir='ltr'>κδ’.</span> <span class='ocrx_word' id='word_1_528' title='bbox 2315 3035 2444 3111; x_wconf 77' lang='grc' dir='ltr'>Περὶ</span> <span class='ocrx_word' id='word_1_529' title='bbox 2519 3039 2884 3112; x_wconf 70' lang='grc' dir='ltr'>κατηχήσεως</span> <span class='ocrx_word' id='word_1_530' title='bbox 2975 3037 3276 3113; x_wconf 79' lang='grc' dir='ltr'>Τιμοθέου,</span> <span class='ocrx_word' id='word_1_531' title='bbox 3351 3040 3443 3096; x_wconf 81' lang='grc' dir='ltr'><strong><em>καὶ</em></strong></span> <span class='ocrx_word' id='word_1_532' title='bbox 3513 3044 3617 3108; x_wconf 78' lang='grc' dir='ltr'>τῆς</span> <span class='ocrx_word' id='word_1_533' title='bbox 3692 3039 3831 3097; x_wconf 82' lang='grc' dir='ltr'>κατὰ</span> 
     </span>
    </p>
   </div>
   <div class='ocr_carea' id='block_1_85' title="bbox 2311 3123 3828 3207">
    <p class='ocr_par' dir='ltr' id='par_1_85' title="bbox 2311 3123 3828 3207">
     <span class='ocr_line' id='line_1_85' title="bbox 2311 3123 3828 3207; baseline 0.005 -29"><span class='ocrx_word' id='word_1_534' title='bbox 2311 3123 2654 3200; x_wconf 75' lang='grc' dir='ltr'>ἀποκάλυψιν</span> <span class='ocrx_word' id='word_1_535' title='bbox 2768 3127 3000 3207; x_wconf 75' lang='grc' dir='ltr'>ἀφίξεως</span> <span class='ocrx_word' id='word_1_536' title='bbox 3114 3128 3334 3186; x_wconf 82' lang='grc' dir='ltr'>Παύλου</span> <span class='ocrx_word' id='word_1_537' title='bbox 3418 3129 3496 3194; x_wconf 74' lang='grc' dir='ltr'><strong><em>εἰς</em></strong></span> <span class='ocrx_word' id='word_1_538' title='bbox 3571 3128 3828 3188; x_wconf 85' lang='grc' dir='ltr'>Μακεδο-</span> 
     </span>
    </p>
   </div>
   <div class='ocr_carea' id='block_1_86' title="bbox 2311 3213 3829 3293">
    <p class='ocr_par' dir='ltr' id='par_1_86' title="bbox 2311 3213 3829 3293">
     <span class='ocr_line' id='line_1_86' title="bbox 2311 3213 3829 3293; baseline 0.005 -25"><span class='ocrx_word' id='word_1_539' title='bbox 2311 3213 2446 3286; x_wconf 86' lang='grc' dir='ltr'>νίαν,</span> <span class='ocrx_word' id='word_1_540' title='bbox 2514 3215 2566 3271; x_wconf 80' lang='grc' dir='ltr'>ἐν</span> <span class='ocrx_word' id='word_1_541' title='bbox 2629 3215 2674 3289; x_wconf 79' lang='grc' dir='ltr'>ᾧ</span> <span class='ocrx_word' id='word_1_542' title='bbox 2739 3217 2864 3293; x_wconf 85' lang='grc' dir='ltr'>περὶ</span> <span class='ocrx_word' id='word_1_543' title='bbox 2921 3217 3158 3282; x_wconf 80' lang='grc' dir='ltr'>πίστεως</span> <span class='ocrx_word' id='word_1_544' title='bbox 3215 3219 3306 3276; x_wconf 78' lang='grc' dir='ltr'><strong><em>καὶ</em></strong></span> <span class='ocrx_word' id='word_1_545' title='bbox 3366 3220 3643 3292; x_wconf 78' lang='grc' dir='ltr'>σωτηρίας</span> <span class='ocrx_word' id='word_1_546' title='bbox 3679 3220 3829 3284; x_wconf 86' lang='grc' dir='ltr'>τινὸς</span> 
     </span>
    </p>
   </div>
   <div class='ocr_carea' id='block_1_87' title="bbox 2311 3304 3828 3384">
    <p class='ocr_par' dir='ltr' id='par_1_87' title="bbox 2311 3304 3828 3384">
     <span class='ocr_line' id='line_1_87' title="bbox 2311 3304 3828 3384; baseline 0.003 -24"><span class='ocrx_word' id='word_1_547' title='bbox 2311 3306 2571 3379; x_wconf 84' lang='grc' dir='ltr'>γυναικὸς</span> <span class='ocrx_word' id='word_1_548' title='bbox 2647 3304 2870 3370; x_wconf 77' lang='grc' dir='ltr'>Λυδίας”</span> <span class='ocrx_word' id='word_1_549' title='bbox 2965 3309 3089 3384; x_wconf 85' lang='grc' dir='ltr'>περὶ</span> <span class='ocrx_word' id='word_1_550' title='bbox 3167 3309 3360 3373; x_wconf 76' lang='grc' dir='ltr'>ἱάσεως</span> <span class='ocrx_word' id='word_1_551' title='bbox 3431 3317 3535 3381; x_wconf 79' lang='grc' dir='ltr'><strong><em>τῆς</em></strong></span> <span class='ocrx_word' id='word_1_552' title='bbox 3610 3314 3828 3384; x_wconf 87' lang='grc' dir='ltr'>πνεῦμα</span> 
     </span>
    </p>
   </div>
   <div class='ocr_carea' id='block_1_88' title="bbox 2309 3397 3831 3474">
    <p class='ocr_par' dir='ltr' id='par_1_88' title="bbox 2309 3397 3831 3474">
     <span class='ocr_line' id='line_1_88' title="bbox 2309 3397 3831 3474; baseline 0.004 -24"><span class='ocrx_word' id='word_1_553' title='bbox 2309 3397 2562 3458; x_wconf 89' lang='grc' dir='ltr'>πύθωνος</span> <span class='ocrx_word' id='word_1_554' title='bbox 2619 3397 2855 3474; x_wconf 74' lang='grc' dir='ltr'>ἐχούσης</span> <span class='ocrx_word' id='word_1_555' title='bbox 2921 3397 3239 3472; x_wconf 79' lang='grc' dir='ltr'>παιδίσκης,</span> <span class='ocrx_word' id='word_1_556' title='bbox 3299 3397 3370 3456; x_wconf 85' lang='grc' dir='ltr'><strong><em>δι’</em></strong></span> <span class='ocrx_word' id='word_1_557' title='bbox 3428 3403 3494 3472; x_wconf 73' lang='grc' dir='ltr'>ἢν</span> <span class='ocrx_word' id='word_1_558' title='bbox 3548 3403 3640 3458; x_wconf 88' lang='grc' dir='ltr'>τὸν</span> <span class='ocrx_word' id='word_1_559' title='bbox 3675 3405 3831 3457; x_wconf 85' lang='grc' dir='ltr'>Βαῦ-</span> 
     </span>
    </p>
   </div>
   <div class='ocr_carea' id='block_1_89' title="bbox 2312 3482 3831 3567">
    <p class='ocr_par' dir='ltr' id='par_1_89' title="bbox 2312 3482 3831 3567">
     <span class='ocr_line' id='line_1_89' title="bbox 2312 3482 3831 3567; baseline 0.004 -27"><span class='ocrx_word' id='word_1_560' title='bbox 2312 3482 2409 3540; x_wconf 92' lang='grc' dir='ltr'><strong><em>λον</em></strong></span> <span class='ocrx_word' id='word_1_561' title='bbox 2473 3488 2758 3563; x_wconf 73' lang='grc' dir='ltr'>καθεῖρξαν</span> <span class='ocrx_word' id='word_1_562' title='bbox 2825 3489 2883 3543; x_wconf 78' lang='grc' dir='ltr'>οἱ</span> <span class='ocrx_word' id='word_1_563' title='bbox 2944 3487 3221 3547; x_wconf 81' lang='grc' dir='ltr'>δεσπόται.</span> <span class='ocrx_word' id='word_1_564' title='bbox 3264 3491 3393 3567; x_wconf 80' lang='grc' dir='ltr'>Περί</span> <span class='ocrx_word' id='word_1_565' title='bbox 3449 3495 3547 3547; x_wconf 86' lang='grc' dir='ltr'><strong><em>τοῦ</em></strong></span> <span class='ocrx_word' id='word_1_566' title='bbox 3588 3485 3831 3564; x_wconf 74' lang='grc' dir='ltr'>συμϐάν-</span> 
     </span>
    </p>
   </div>
   <div class='ocr_carea' id='block_1_90' title="bbox 2309 3576 3835 3654">
    <p class='ocr_par' dir='ltr' id='par_1_90' title="bbox 2309 3576 3835 3654">
     <span class='ocr_line' id='line_1_90' title="bbox 2309 3576 3835 3654; baseline 0.004 -23"><span class='ocrx_word' id='word_1_567' title='bbox 2309 3597 2403 3639; x_wconf 87' lang='grc' dir='ltr'><strong><em>τος</em></strong></span> <span class='ocrx_word' id='word_1_568' title='bbox 2443 3576 2554 3633; x_wconf 85' lang='grc' dir='ltr'>έκεῖ</span> <span class='ocrx_word' id='word_1_569' title='bbox 2592 3576 2818 3653; x_wconf 77' lang='grc' dir='ltr'>σεισμοῦ</span> <span class='ocrx_word' id='word_1_570' title='bbox 2857 3580 2946 3636; x_wconf 83' lang='grc' dir='ltr'>καὶ</span> <span class='ocrx_word' id='word_1_571' title='bbox 2987 3581 3286 3654; x_wconf 80' lang='grc' dir='ltr'>θαύματος,</span> <span class='ocrx_word' id='word_1_572' title='bbox 3333 3579 3446 3638; x_wconf 65' lang='grc' dir='ltr'>’καί</span> <span class='ocrx_word' id='word_1_573' title='bbox 3519 3582 3672 3642; x_wconf 77' lang='grc' dir='ltr'>ὅπως</span> <span class='ocrx_word' id='word_1_574' title='bbox 3734 3603 3835 3638; x_wconf 83' lang='grc' dir='ltr'>πι-</span> 
     </span>
    </p>
   </div>
   <div class='ocr_carea' id='block_1_91' title="bbox 2311 3666 3827 3747">
    <p class='ocr_par' dir='ltr' id='par_1_91' title="bbox 2311 3666 3827 3747">
     <span class='ocr_line' id='line_1_91' title="bbox 2311 3666 3827 3747; baseline 0.003 -26"><span class='ocrx_word' id='word_1_575' title='bbox 2311 3666 2534 3730; x_wconf 84' lang='grc' dir='ltr'>στεύσας</span> <span class='ocrx_word' id='word_1_576' title='bbox 2611 3670 2640 3724; x_wconf 83' lang='grc' dir='ltr'><strong>ὁ</strong></span> <span class='ocrx_word' id='word_1_577' title='bbox 2713 3669 3106 3746; x_wconf 75' lang='grc' dir='ltr'>εἱρκοτοφύλαξ</span> <span class='ocrx_word' id='word_1_578' title='bbox 3184 3669 3237 3727; x_wconf 80' lang='grc' dir='ltr'><strong><em>έν</em></strong></span> <span class='ocrx_word' id='word_1_579' title='bbox 3317 3671 3454 3747; x_wconf 77' lang='grc' dir='ltr'>αὐτῇ</span> <span class='ocrx_word' id='word_1_580' title='bbox 3528 3676 3598 3747; x_wconf 73' lang='grc' dir='ltr'><strong><em>τῇ</em></strong></span> <span class='ocrx_word' id='word_1_581' title='bbox 3672 3673 3827 3728; x_wconf 83' lang='grc' dir='ltr'>νυκτὶ</span> 
     </span>
    </p>
   </div>
   <div class='ocr_carea' id='block_1_92' title="bbox 2311 3753 3827 3838">
    <p class='ocr_par' dir='ltr' id='par_1_92' title="bbox 2311 3753 3827 3838">
     <span class='ocr_line' id='line_1_92' title="bbox 2311 3753 3827 3838; baseline 0.005 -26"><span class='ocrx_word' id='word_1_582' title='bbox 2311 3753 2607 3829; x_wconf 82' lang='grc' dir='ltr'>ἐϐαπτίσθη</span> <span class='ocrx_word' id='word_1_583' title='bbox 2722 3770 3069 3838; x_wconf 80' lang='grc' dir='ltr'>παραχρῆμα</span> <span class='ocrx_word' id='word_1_584' title='bbox 3144 3765 3458 3834; x_wconf 83' lang='grc' dir='ltr'>Πανέστιος,</span> <span class='ocrx_word' id='word_1_585' title='bbox 3534 3764 3640 3834; x_wconf 78' lang='grc' dir='ltr'>ὅτι,</span> <span class='ocrx_word' id='word_1_586' title='bbox 3716 3784 3827 3820; x_wconf 84' lang='grc' dir='ltr'>πα-</span> 
     </span>
    </p>
   </div>
   <div class='ocr_carea' id='block_1_93' title="bbox 2313 3846 3826 3929">
    <p class='ocr_par' dir='ltr' id='par_1_93' title="bbox 2313 3846 3826 3929">
     <span class='ocr_line' id='line_1_93' title="bbox 2313 3846 3826 3929; baseline 0.004 -26"><span class='ocrx_word' id='word_1_587' title='bbox 2313 3846 2677 3922; x_wconf 85' lang='grc' dir='ltr'>ρακληθέντες</span> <span class='ocrx_word' id='word_1_588' title='bbox 2787 3850 3017 3923; x_wconf 76' lang='grc' dir='ltr'>ἐξῆλθον</span> <span class='ocrx_word' id='word_1_589' title='bbox 3101 3853 3161 3908; x_wconf 81' lang='grc' dir='ltr'>έκ</span> <span class='ocrx_word' id='word_1_590' title='bbox 3248 3859 3347 3909; x_wconf 80' lang='grc' dir='ltr'><strong><em>τοῦ</em></strong></span> <span class='ocrx_word' id='word_1_591' title='bbox 3437 3852 3826 3929; x_wconf 83' lang='grc' dir='ltr'>δεσμωτηρίου</span> 
     </span>
    </p>
   </div>
   <div class='ocr_carea' id='block_1_94' title="bbox 2307 3938 2893 3998">
    <p class='ocr_par' dir='ltr' id='par_1_94' title="bbox 2307 3938 2893 3998">
     <span class='ocr_line' id='line_1_94' title="bbox 2307 3938 2893 3998; baseline 0.007 -5"><span class='ocrx_word' id='word_1_592' title='bbox 2307 3938 2432 3994; x_wconf 87' lang='grc' dir='ltr'>τότε</span> <span class='ocrx_word' id='word_1_593' title='bbox 2472 3939 2524 3994; x_wconf 79' lang='grc' dir='ltr'>οἱ</span> <span class='ocrx_word' id='word_1_594' title='bbox 2557 3939 2893 3998; x_wconf 76' lang='grc' dir='ltr'>ἀπόστολοι.</span> 
     </span>
    </p>
   </div>
   <div class='ocr_carea' id='block_1_95' title="bbox 2165 4028 3196 4107">
    <p class='ocr_par' dir='ltr' id='par_1_95' title="bbox 2165 4028 3196 4107">
     <span class='ocr_line' id='line_1_95' title="bbox 2165 4028 3196 4107; baseline 0.002 -25"><span class='ocrx_word' id='word_1_595' title='bbox 2165 4028 2432 4103; x_wconf 80' lang='grc' dir='ltr'>κε’.11ερὶ</span> <span class='ocrx_word' id='word_1_596' title='bbox 2543 4030 2781 4093; x_wconf 84' lang='grc' dir='ltr'>στάσεως</span> <span class='ocrx_word' id='word_1_597' title='bbox 2891 4029 3196 4107; x_wconf 71' lang='grc' dir='ltr'>γενομένης</span> 
     </span>
    </p>
   </div>
   <div class='ocr_carea' id='block_1_96' title="bbox 2305 4116 3377 4198">
    <p class='ocr_par' dir='ltr' id='par_1_96' title="bbox 2305 4116 3377 4198">
     <span class='ocr_line' id='line_1_96' title="bbox 2305 4116 3377 4198; baseline 0.006 -26"><span class='ocrx_word' id='word_1_598' title='bbox 2305 4116 2660 4191; x_wconf 89' lang='grc' dir='ltr'>κηρύγματος</span> <span class='ocrx_word' id='word_1_599' title='bbox 2768 4118 2968 4188; x_wconf 76' lang='grc' dir='ltr'>ἓνεκεν,</span> <span class='ocrx_word' id='word_1_600' title='bbox 3067 4127 3246 4198; x_wconf 76' lang='grc' dir='ltr'>φυγῆς</span> <span class='ocrx_word' id='word_1_601' title='bbox 3317 4141 3377 4178; x_wconf 85' lang='grc' dir='ltr'><strong><em>τε</em></strong></span> 
     </span>
    </p>
   </div>
   <div class='ocr_carea' id='block_1_97' title="bbox 2313 4209 3255 4284">
    <p class='ocr_par' dir='ltr' id='par_1_97' title="bbox 2313 4209 3255 4284">
     <span class='ocr_line' id='line_1_97' title="bbox 2313 4209 3255 4284; baseline 0.005 -22"><span class='ocrx_word' id='word_1_602' title='bbox 2313 4209 2560 4284; x_wconf 80' lang='grc' dir='ltr'>Βέροιαν,</span> <span class='ocrx_word' id='word_1_603' title='bbox 2599 4209 2844 4264; x_wconf 81' lang='grc' dir='ltr'>κάκεῖθεν</span> <span class='ocrx_word' id='word_1_604' title='bbox 2885 4210 2965 4274; x_wconf 78' lang='grc' dir='ltr'><strong><em>εἷς</em></strong></span> <span class='ocrx_word' id='word_1_605' title='bbox 3001 4213 3255 4282; x_wconf 74' lang='grc' dir='ltr'>Ἀθήνας.</span> 
     </span>
    </p>
   </div>
   <div class='ocr_carea' id='block_1_98' title="bbox 2165 4295 3831 4381">
    <p class='ocr_par' dir='ltr' id='par_1_98' title="bbox 2165 4295 3831 4381">
     <span class='ocr_line' id='line_1_98' title="bbox 2165 4295 3831 4381; baseline 0.001 -27"><span class='ocrx_word' id='word_1_606' title='bbox 2165 4299 2268 4363; x_wconf 91' lang='grc' dir='ltr'>κς’.</span> <span class='ocrx_word' id='word_1_607' title='bbox 2311 4297 2440 4372; x_wconf 78' lang='grc' dir='ltr'>Περὶ</span> <span class='ocrx_word' id='word_1_608' title='bbox 2505 4305 2606 4368; x_wconf 80' lang='grc' dir='ltr'><strong><em>τῆς</em></strong></span> <span class='ocrx_word' id='word_1_609' title='bbox 2655 4298 2706 4353; x_wconf 89' lang='grc' dir='ltr'><strong><em>έν</em></strong></span> <span class='ocrx_word' id='word_1_610' title='bbox 2766 4299 3026 4370; x_wconf 71' lang='grc' dir='ltr'>’Δθήναις</span> <span class='ocrx_word' id='word_1_611' title='bbox 3099 4295 3412 4374; x_wconf 80' lang='grc' dir='ltr'>ἐπιϐωμίου</span> <span class='ocrx_word' id='word_1_612' title='bbox 3452 4303 3692 4381; x_wconf 68' lang='grc' dir='ltr'>γραφῆς,</span> <span class='ocrx_word' id='word_1_613' title='bbox 3733 4321 3831 4379; x_wconf 90' lang='grc' dir='ltr'>φι-</span> 
     </span>
    </p>
   </div>
   <div class='ocr_carea' id='block_1_99' title="bbox 2309 4386 3836 4468">
    <p class='ocr_par' dir='ltr' id='par_1_99' title="bbox 2309 4386 3836 4468">
     <span class='ocr_line' id='line_1_99' title="bbox 2309 4386 3836 4468; baseline 0.001 -26"><span class='ocrx_word' id='word_1_614' title='bbox 2309 4386 2554 4468; x_wconf 85' lang='grc' dir='ltr'>λοσόφου</span> <span class='ocrx_word' id='word_1_615' title='bbox 2624 4408 2684 4444; x_wconf 83' lang='grc' dir='ltr'><strong><em>τε</em></strong></span> <span class='ocrx_word' id='word_1_616' title='bbox 2753 4389 3108 4462; x_wconf 85' lang='grc' dir='ltr'>κηρύγματος</span> <span class='ocrx_word' id='word_1_617' title='bbox 3183 4391 3275 4446; x_wconf 83' lang='grc' dir='ltr'><strong><em>καὶ</em></strong></span> <span class='ocrx_word' id='word_1_618' title='bbox 3351 4386 3623 4453; x_wconf 70' lang='grc' dir='ltr'>εὐσεϐείας</span> <span class='ocrx_word' id='word_1_619' title='bbox 3677 4389 3836 4448; x_wconf 78' lang='grc' dir='ltr'>Παύ-</span> 
     </span>
    </p>
   </div>
   <div class='ocr_carea' id='block_1_100' title="bbox 2312 4476 2437 4536">
    <p class='ocr_par' dir='ltr' id='par_1_100' title="bbox 2312 4476 2437 4536">
     <span class='ocr_line' id='line_1_100' title="bbox 2312 4476 2437 4536; baseline 0.032 -4"><span class='ocrx_word' id='word_1_620' title='bbox 2312 4476 2437 4536; x_wconf 89' lang='grc' dir='ltr'>λου.</span> 
     </span>
    </p>
   </div>
   <div class='ocr_carea' id='block_1_101' title="bbox 2166 4567 3836 4648">
    <p class='ocr_par' dir='ltr' id='par_1_101' title="bbox 2166 4567 3836 4648">
     <span class='ocr_line' id='line_1_101' title="bbox 2166 4567 3836 4648; baseline 0.002 -25"><span class='ocrx_word' id='word_1_621' title='bbox 2166 4568 2265 4638; x_wconf 84' lang='grc' dir='ltr'>κζ’.</span> <span class='ocrx_word' id='word_1_622' title='bbox 2311 4569 2445 4643; x_wconf 57' lang='lat' dir='ltr'><strong><em>Hegi</em></strong></span> <span class='ocrx_word' id='word_1_623' title='bbox 2515 4567 2720 4626; x_wconf 85' lang='grc' dir='ltr'>Ἀκύλα</span> <span class='ocrx_word' id='word_1_624' title='bbox 2782 4570 2874 4626; x_wconf 82' lang='grc' dir='ltr'><strong><em>καὶ</em></strong></span> <span class='ocrx_word' id='word_1_625' title='bbox 2932 4570 3298 4648; x_wconf 83' lang='grc' dir='ltr'>Πρισκίλλης.</span> <span class='ocrx_word' id='word_1_626' title='bbox 3357 4572 3592 4640; x_wconf 79' lang='grc' dir='ltr'>καὶτῆς</span> <span class='ocrx_word' id='word_1_627' title='bbox 3638 4574 3836 4646; x_wconf 81' lang='grc' dir='ltr'>Κοριν-</span> 
     </span>
    </p>
   </div>
   <div class='ocr_carea' id='block_1_102' title="bbox 2313 4657 3831 4736">
    <p class='ocr_par' dir='ltr' id='par_1_102' title="bbox 2313 4657 3831 4736">
     <span class='ocr_line' id='line_1_102' title="bbox 2313 4657 3831 4736; baseline 0.003 -25"><span class='ocrx_word' id='word_1_628' title='bbox 2313 4657 2442 4712; x_wconf 84' lang='grc' dir='ltr'>θίων</span> <span class='ocrx_word' id='word_1_629' title='bbox 2521 4657 2814 4730; x_wconf 81' lang='grc' dir='ltr'>ἀπειθείας,</span> <span class='ocrx_word' id='word_1_630' title='bbox 2881 4668 2981 4730; x_wconf 79' lang='grc' dir='ltr'><strong><em>τῆς</em></strong></span> <span class='ocrx_word' id='word_1_631' title='bbox 3049 4681 3108 4716; x_wconf 91' lang='grc' dir='ltr'><strong><em>τε</em></strong></span> <span class='ocrx_word' id='word_1_632' title='bbox 3166 4661 3304 4717; x_wconf 82' lang='grc' dir='ltr'>κατὰ</span> <span class='ocrx_word' id='word_1_633' title='bbox 3371 4660 3687 4736; x_wconf 85' lang='grc' dir='ltr'>πρόγνωσιν</span> <span class='ocrx_word' id='word_1_634' title='bbox 3743 4659 3831 4716; x_wconf 65' lang='grc' dir='ltr'>ἐπ’</span> 
     </span>
    </p>
   </div>
   <div class='ocr_carea' id='block_1_103' title="bbox 2312 4745 3828 4828">
    <p class='ocr_par' dir='ltr' id='par_1_103' title="bbox 2312 4745 3828 4828">
     <span class='ocr_line' id='line_1_103' title="bbox 2312 4745 3828 4828; baseline 0.001 -24"><span class='ocrx_word' id='word_1_635' title='bbox 2312 4745 2507 4810; x_wconf 77' lang='grc' dir='ltr'>αὐτοὺς</span> <span class='ocrx_word' id='word_1_636' title='bbox 2584 4745 2838 4814; x_wconf 84' lang='grc' dir='ltr'>εὐδοκίας</span> <span class='ocrx_word' id='word_1_637' title='bbox 2931 4755 3028 4806; x_wconf 93' lang='grc' dir='ltr'><strong><em>τοῦ</em></strong></span> <span class='ocrx_word' id='word_1_638' title='bbox 3120 4755 3256 4807; x_wconf 86' lang='grc' dir='ltr'>Θεοῦ</span> <span class='ocrx_word' id='word_1_639' title='bbox 3344 4748 3828 4828; x_wconf 78' lang='grc' dir='ltr'>ἀποκαλυφθείσης</span> 
     </span>
    </p>
   </div>
   <div class='ocr_carea' id='block_1_104' title="bbox 2313 4836 3828 4919">
    <p class='ocr_par' dir='ltr' id='par_1_104' title="bbox 2313 4836 3828 4919">
     <span class='ocr_line' id='line_1_104' title="bbox 2313 4836 3828 4919; baseline 0.001 -24"><span class='ocrx_word' id='word_1_640' title='bbox 2313 4836 2538 4912; x_wconf 60' lang='grc' dir='ltr'>Παύλῳ</span> <span class='ocrx_word' id='word_1_641' title='bbox 2615 4839 2669 4896; x_wconf 70' lang='grc' dir='ltr'>ἰν</span> <span class='ocrx_word' id='word_1_642' title='bbox 2746 4840 2792 4914; x_wconf 83' lang='grc' dir='ltr'>ᾧ</span> <span class='ocrx_word' id='word_1_643' title='bbox 2865 4841 2990 4916; x_wconf 83' lang='grc' dir='ltr'>περῖ</span> <span class='ocrx_word' id='word_1_644' title='bbox 3067 4841 3316 4917; x_wconf 82' lang='grc' dir='ltr'>Κρίσπου</span> <span class='ocrx_word' id='word_1_645' title='bbox 3364 4841 3828 4919; x_wconf 83' lang='grc' dir='ltr'>ἀρχισυναγώγου</span> 
     </span>
    </p>
   </div>
   <div class='ocr_carea' id='block_1_105' title="bbox 2309 4928 3832 5009">
    <p class='ocr_par' dir='ltr' id='par_1_105' title="bbox 2309 4928 3832 5009">
     <span class='ocr_line' id='line_1_105' title="bbox 2309 4928 3832 5009; baseline 0.001 -24"><span class='ocrx_word' id='word_1_646' title='bbox 2309 4928 2693 4994; x_wconf 86' lang='grc' dir='ltr'>πιστεύσαντος</span> <span class='ocrx_word' id='word_1_647' title='bbox 2769 4931 2863 4987; x_wconf 77' lang='grc' dir='ltr'><strong><em>σὺν</em></strong></span> <span class='ocrx_word' id='word_1_648' title='bbox 2937 4932 3142 5009; x_wconf 79' lang='grc' dir='ltr'>έτέροις</span> <span class='ocrx_word' id='word_1_649' title='bbox 3216 4933 3327 4990; x_wconf 81' lang='grc' dir='ltr'>τισὶ</span> <span class='ocrx_word' id='word_1_650' title='bbox 3430 4932 3521 4988; x_wconf 86' lang='grc' dir='ltr'>καὶ</span> <span class='ocrx_word' id='word_1_651' title='bbox 3632 4933 3832 5009; x_wconf 76' lang='grc' dir='ltr'>βαπτιο</span> 
     </span>
    </p>
   </div>
   <div class='ocr_carea' id='block_1_106' title="bbox 2309 5021 3826 5098">
    <p class='ocr_par' dir='ltr' id='par_1_106' title="bbox 2309 5021 3826 5098">
     <span class='ocr_line' id='line_1_106' title="bbox 2309 5021 3826 5098; baseline 0.001 -23"><span class='ocrx_word' id='word_1_652' title='bbox 2309 5021 2546 5084; x_wconf 85' lang='grc' dir='ltr'>σθέντος,</span> <span class='ocrx_word' id='word_1_653' title='bbox 2624 5022 2709 5077; x_wconf 84' lang='grc' dir='ltr'>’ὁτι</span> <span class='ocrx_word' id='word_1_654' title='bbox 2788 5022 3021 5086; x_wconf 74' lang='grc' dir='ltr'>στάσεως</span> <span class='ocrx_word' id='word_1_655' title='bbox 3095 5022 3415 5094; x_wconf 82' lang='grc' dir='ltr'>κινηθείσης</span> <span class='ocrx_word' id='word_1_656' title='bbox 3489 5021 3541 5077; x_wconf 85' lang='grc' dir='ltr'><strong><em>έν</em></strong></span> <span class='ocrx_word' id='word_1_657' title='bbox 3621 5023 3826 5098; x_wconf 87' lang='grc' dir='ltr'>Κορίν-</span> 
     </span>
    </p>
   </div>
   <div class='ocr_carea' id='block_1_107' title="bbox 2312 5109 3834 5187">
    <p class='ocr_par' dir='ltr' id='par_1_107' title="bbox 2312 5109 3834 5187">
     <span class='ocr_line' id='line_1_107' title="bbox 2312 5109 3834 5187; baseline 0.001 -23"><span class='ocrx_word' id='word_1_658' title='bbox 2312 5111 2409 5182; x_wconf 88' lang='grc' dir='ltr'><strong><em>θῳ,</em></strong></span> <span class='ocrx_word' id='word_1_659' title='bbox 2479 5111 2508 5165; x_wconf 85' lang='grc' dir='ltr'>ὁ</span> <span class='ocrx_word' id='word_1_660' title='bbox 2574 5109 2790 5175; x_wconf 81' lang='grc' dir='ltr'>Παῦλος</span> <span class='ocrx_word' id='word_1_661' title='bbox 2862 5113 3312 5187; x_wconf 78' lang='grc' dir='ltr'>ὑπανεχώρησεν,</span> <span class='ocrx_word' id='word_1_662' title='bbox 3382 5111 3556 5176; x_wconf 82' lang='grc' dir='ltr'>ἐλθών</span> <span class='ocrx_word' id='word_1_663' title='bbox 3621 5131 3680 5168; x_wconf 88' lang='grc' dir='ltr'><strong><em>τε</em></strong></span> <span class='ocrx_word' id='word_1_664' title='bbox 3753 5111 3834 5176; x_wconf 86' lang='grc' dir='ltr'><strong><em>εἱς</em></strong></span> 
     </span>
    </p>
   </div>
   <div class='ocr_carea' id='block_1_108' title="bbox 2311 5198 3830 5277">
    <p class='ocr_par' dir='ltr' id='par_1_108' title="bbox 2311 5198 3830 5277">
     <span class='ocr_line' id='line_1_108' title="bbox 2311 5198 3830 5277; baseline 0.001 -22"><span class='ocrx_word' id='word_1_665' title='bbox 2311 5200 2540 5277; x_wconf 76' lang='grc' dir='ltr'>Ἔφεσον</span> <span class='ocrx_word' id='word_1_666' title='bbox 2617 5201 2706 5255; x_wconf 77' lang='grc' dir='ltr'>καὶ</span> <span class='ocrx_word' id='word_1_667' title='bbox 2776 5198 3088 5277; x_wconf 77' lang='grc' dir='ltr'>διαλεχθεὶς</span> <span class='ocrx_word' id='word_1_668' title='bbox 3146 5200 3360 5275; x_wconf 68' lang='grc' dir='ltr'>ἐξῆλθε·</span> <span class='ocrx_word' id='word_1_669' title='bbox 3428 5199 3552 5277; x_wconf 80' lang='grc' dir='ltr'>περὶ</span> <span class='ocrx_word' id='word_1_670' title='bbox 3620 5200 3830 5257; x_wconf 83' lang='grc' dir='ltr'>Ἀπολ-</span> 
     </span>
    </p>
   </div>
   <div class='ocr_carea' id='block_1_109' title="bbox 2313 5284 3342 5365">
    <p class='ocr_par' dir='ltr' id='par_1_109' title="bbox 2313 5284 3342 5365">
     <span class='ocr_line' id='line_1_109' title="bbox 2313 5284 3342 5365; baseline 0.007 -23"><span class='ocrx_word' id='word_1_671' title='bbox 2313 5284 2397 5342; x_wconf 85' lang='grc' dir='ltr'>λὼ</span> <span class='ocrx_word' id='word_1_672' title='bbox 2435 5286 2628 5363; x_wconf 83' lang='grc' dir='ltr'>ἀνδρὸς</span> <span class='ocrx_word' id='word_1_673' title='bbox 2667 5286 2860 5365; x_wconf 89' lang='grc' dir='ltr'>λογίου</span> <span class='ocrx_word' id='word_1_674' title='bbox 2895 5311 2955 5346; x_wconf 89' lang='grc' dir='ltr'><strong><em>τε</em></strong></span> <span class='ocrx_word' id='word_1_675' title='bbox 2993 5291 3082 5345; x_wconf 85' lang='grc' dir='ltr'>καὶ</span> <span class='ocrx_word' id='word_1_676' title='bbox 3125 5294 3342 5349; x_wconf 84' lang='grc' dir='ltr'>πιστοῦ.</span> 
     </span>
    </p>
   </div>
   <div class='ocr_carea' id='block_1_110' title="bbox 2168 5375 3832 5453">
    <p class='ocr_par' dir='ltr' id='par_1_110' title="bbox 2168 5375 3832 5453">
     <span class='ocr_line' id='line_1_110' title="bbox 2168 5375 3832 5453; baseline 0.001 -22"><span class='ocrx_word' id='word_1_677' title='bbox 2168 5376 2274 5443; x_wconf 83' lang='grc' dir='ltr'>κη’.</span> <span class='ocrx_word' id='word_1_678' title='bbox 2322 5377 2449 5451; x_wconf 86' lang='grc' dir='ltr'><strong><em>ΙΙερὶ</em></strong></span> <span class='ocrx_word' id='word_1_679' title='bbox 2520 5377 2892 5452; x_wconf 71' lang='grc' dir='ltr'>βαπτίσματος</span> <span class='ocrx_word' id='word_1_680' title='bbox 2958 5378 3048 5434; x_wconf 80' lang='grc' dir='ltr'>καὶ</span> <span class='ocrx_word' id='word_1_681' title='bbox 3114 5385 3214 5448; x_wconf 71' lang='grc' dir='ltr'>τῆς</span> <span class='ocrx_word' id='word_1_682' title='bbox 3280 5383 3379 5434; x_wconf 88' lang='grc' dir='ltr'><strong><em>τοῦ</em></strong></span> <span class='ocrx_word' id='word_1_683' title='bbox 3447 5375 3602 5453; x_wconf 90' lang='grc' dir='ltr'>ἀγίου</span> <span class='ocrx_word' id='word_1_684' title='bbox 3666 5378 3832 5435; x_wconf 59' lang='lat' dir='ltr'><strong><em>uno.</em></strong></span> 
     </span>
    </p>
   </div>
   <div class='ocr_carea' id='block_1_111' title="bbox 2319 5463 3833 5544">
    <p class='ocr_par' dir='ltr' id='par_1_111' title="bbox 2319 5463 3833 5544">
     <span class='ocr_line' id='line_1_111' title="bbox 2319 5463 3833 5544; baseline 0.002 -25"><span class='ocrx_word' id='word_1_685' title='bbox 2319 5485 2487 5538; x_wconf 86' lang='grc' dir='ltr'>ματος</span> <span class='ocrx_word' id='word_1_686' title='bbox 2547 5463 2756 5542; x_wconf 81' lang='grc' dir='ltr'>δωρεᾶς</span> <span class='ocrx_word' id='word_1_687' title='bbox 2824 5464 3073 5538; x_wconf 80' lang='grc' dir='ltr'>δοθείσης</span> <span class='ocrx_word' id='word_1_688' title='bbox 3143 5465 3232 5523; x_wconf 74' lang='grc' dir='ltr'><strong><em>διὰ</em></strong></span> <span class='ocrx_word' id='word_1_689' title='bbox 3294 5473 3613 5544; x_wconf 79' lang='grc' dir='ltr'>προσευχῆς</span> <span class='ocrx_word' id='word_1_690' title='bbox 3684 5465 3833 5525; x_wconf 83' lang='grc' dir='ltr'>Ηαύ-</span> 
     </span>
    </p>
   </div>
   <div class='ocr_carea' id='block_1_112' title="bbox 2315 5552 3835 5633">
    <p class='ocr_par' dir='ltr' id='par_1_112' title="bbox 2315 5552 3835 5633">
     <span class='ocr_line' id='line_1_112' title="bbox 2315 5552 3835 5633; baseline 0 -23"><span class='ocrx_word' id='word_1_691' title='bbox 2315 5552 2418 5610; x_wconf 90' lang='grc' dir='ltr'><strong><em>λου</em></strong></span> <span class='ocrx_word' id='word_1_692' title='bbox 2489 5561 2611 5618; x_wconf 84' lang='grc' dir='ltr'>τοῖς</span> <span class='ocrx_word' id='word_1_693' title='bbox 2686 5554 2738 5611; x_wconf 74' lang='grc' dir='ltr'><strong><em>έν</em></strong></span> <span class='ocrx_word' id='word_1_694' title='bbox 2817 5557 3030 5633; x_wconf 84' lang='grc' dir='ltr'>Ἐφέσῳ</span> <span class='ocrx_word' id='word_1_695' title='bbox 3103 5557 3442 5626; x_wconf 68' lang='grc' dir='ltr'>πιστεύσασι,</span> <span class='ocrx_word' id='word_1_696' title='bbox 3536 5555 3628 5612; x_wconf 88' lang='grc' dir='ltr'><strong><em>καὶ</em></strong></span> <span class='ocrx_word' id='word_1_697' title='bbox 3710 5555 3835 5629; x_wconf 77' lang='grc' dir='ltr'>περὶ</span> 
     </span>
    </p>
   </div>
   <div class='ocr_carea' id='block_1_113' title="bbox 2313 5642 3832 5722">
    <p class='ocr_par' dir='ltr' id='par_1_113' title="bbox 2313 5642 3832 5722">
     <span class='ocr_line' id='line_1_113' title="bbox 2313 5642 3832 5722; baseline 0.001 -23"><span class='ocrx_word' id='word_1_698' title='bbox 2313 5643 2512 5708; x_wconf 72' lang='grc' dir='ltr'>ῗάσεως</span> <span class='ocrx_word' id='word_1_699' title='bbox 2549 5647 2647 5702; x_wconf 88' lang='grc' dir='ltr'><strong><em>τοῦ</em></strong></span> <span class='ocrx_word' id='word_1_700' title='bbox 2685 5642 2843 5701; x_wconf 87' lang='grc' dir='ltr'>λαοῦ·</span> <span class='ocrx_word' id='word_1_701' title='bbox 2911 5644 2964 5702; x_wconf 76' lang='grc' dir='ltr'>ἐν</span> <span class='ocrx_word' id='word_1_702' title='bbox 3029 5645 3076 5718; x_wconf 81' lang='grc' dir='ltr'>ᾧ</span> <span class='ocrx_word' id='word_1_703' title='bbox 3140 5647 3263 5722; x_wconf 80' lang='grc' dir='ltr'>περὶ</span> <span class='ocrx_word' id='word_1_704' title='bbox 3304 5650 3414 5703; x_wconf 87' lang='grc' dir='ltr'><strong><em>τῶν</em></strong></span> <span class='ocrx_word' id='word_1_705' title='bbox 3453 5645 3588 5702; x_wconf 77' lang='grc' dir='ltr'>υἱῶν</span> <span class='ocrx_word' id='word_1_706' title='bbox 3629 5648 3832 5716; x_wconf 82' lang='grc' dir='ltr'>Σκευᾶ,</span> 
     </span>
    </p>
   </div>
   <div class='ocr_carea' id='block_1_114' title="bbox 2315 5733 3838 5814">
    <p class='ocr_par' dir='ltr' id='par_1_114' title="bbox 2315 5733 3838 5814">
     <span class='ocr_line' id='line_1_114' title="bbox 2315 5733 3838 5814; baseline 0 -22"><span class='ocrx_word' id='word_1_707' title='bbox 2315 5735 2404 5792; x_wconf 80' lang='grc' dir='ltr'>καὶ</span> <span class='ocrx_word' id='word_1_708' title='bbox 2464 5734 2548 5794; x_wconf 72' lang='grc' dir='ltr'><strong><em>ὅτι</em></strong></span> <span class='ocrx_word' id='word_1_709' title='bbox 2609 5735 2670 5792; x_wconf 84' lang='grc' dir='ltr'><strong><em>ού</em></strong></span> <span class='ocrx_word' id='word_1_710' title='bbox 2733 5733 2817 5794; x_wconf 90' lang='grc' dir='ltr'><strong><em>δεῖ</em></strong></span> <span class='ocrx_word' id='word_1_711' title='bbox 2878 5741 3229 5814; x_wconf 83' lang='grc' dir='ltr'>προσχωρεῖν</span> <span class='ocrx_word' id='word_1_712' title='bbox 3297 5737 3546 5801; x_wconf 78' lang='grc' dir='ltr'>ἀπίστοις</span> <span class='ocrx_word' id='word_1_713' title='bbox 3602 5737 3696 5794; x_wconf 82' lang='grc' dir='ltr'>καὶ</span> <span class='ocrx_word' id='word_1_714' title='bbox 3738 5734 3838 5792; x_wconf 83' lang='grc' dir='ltr'>ἀν-</span> 
     </span>
    </p>
   </div>
   <div class='ocr_carea' id='block_1_115' title="bbox 3307 4031 3833 4108">
    <p class='ocr_par' dir='ltr' id='par_1_115' title="bbox 3307 4031 3833 4108">
     <span class='ocr_line' id='line_1_115' title="bbox 3307 4031 3833 4108; baseline 0 -20"><span class='ocrx_word' id='word_1_715' title='bbox 3307 4031 3360 4088; x_wconf 58' lang='lat' dir='ltr'><strong><em>iv</em></strong></span> <span class='ocrx_word' id='word_1_716' title='bbox 3462 4031 3833 4108; x_wconf 76' lang='grc' dir='ltr'>Θεσσαλονίκῃ</span> 
     </span>
    </p>
   </div>
   <div class='ocr_carea' id='block_1_116' title="bbox 3451 4121 3831 4179">
    <p class='ocr_par' dir='ltr' id='par_1_116' title="bbox 3451 4121 3831 4179">
     <span class='ocr_line' id='line_1_116' title="bbox 3451 4121 3831 4179; baseline -0.003 0"><span class='ocrx_word' id='word_1_717' title='bbox 3451 4121 3671 4179; x_wconf 85' lang='grc' dir='ltr'>Πούλου</span> <span class='ocrx_word' id='word_1_718' title='bbox 3747 4121 3831 4178; x_wconf 79' lang='grc' dir='ltr'>εἷς</span> 
     </span>
    </p>
   </div>
  </div>
