4160 6414
329 352 404 412 45

1366 354 1788 418 COMMENT.
1833 358 1914 418 IN
1957 356 2171 420 ACTA
2212 359 2822 426 APOSTOLORUM.
3713 382 3794 441 46

334 493 438 544 τῶν
492 488 848 564 συνεχόντων
917 490 1016 548 καὶ
1077 489 1520 566 κατεπειγόντων
1574 488 1742 565 μηδὲν
1785 491 2007 567 παραλι·

2137 497 2401 591 sisseait
2431 517 2658 570 eorum,
2691 521 2822 574 quas
2854 505 3157 563 cohaarent
3187 527 3254 566 ac
3309 521 3540 586 urgent,
3575 517 3636 572 in
3661 521 3790 591 qui-

341 584 478 646 πεῖν,
511 576 595 648 ag»
629 578 708 632 ὢν
742 579 781 644 ἡ
817 584 924 636 τοῦ
954 580 1315 658 κηρύγματος
1376 581 1593 652 θειότης
1651 579 1740 636 καὶ
1790 580 2024 653 ἀλήθεια

345 664 854 741 καταλαμϐάνεται.
911 671 1021 728 Καὶ
1069 670 1170 747 γὰρ
1222 669 1380 733 αὐτὸς
1415 671 1442 725 ὁ
1473 671 1706 742 Ἰωάνης
1733 670 1857 747 περὶ
1888 672 2025 726 πάν-

347 780 454 815 των
482 759 686 814 τούτων
722 755 1008 815 διέλαϐεν.
1044 759 1120 818 Οὐ
1173 761 1276 836 γὰρ
1316 759 1567 816 ἐνέλιπόν
1597 781 1650 815 τι
1683 757 1752 815 δι’
1786 761 1860 815 ὧν
1894 760 1929 831 ἤ
1962 783 2022 817 τε

347 848 484 904 κατᾶ
511 847 680 922 σάρκα
739 851 841 904 τοῦ
902 850 1088 926 Λόγου
1151 847 1443 923 οἷκονομία
1499 850 1807 906 πιστεύεται
1844 871 1903 906 τε
1932 849 2024 906 καί

352 937 797 1013 ἐπιγινώσκεται,
844 938 937 993 καὶ
992 940 1027 1008 ἡ
1087 940 1221 994 κατὰ
1273 940 1372 1007 τήν
1433 939 1686 1008 θειότητα
1724 938 1892 995 αὐτοῦ
1926 961 2021 1013 με-

353 1027 646 1104 γαλειότης
709 1024 1018 1100 διαλάμπει
1057 1049 1116 1084 τε
1171 1027 1263 1084 καὶ
1321 1027 1690 1106 ἐμφανίζεται.
1729 1052 1756 1080 α
1791 1029 1857 1083 Ὠ
1897 1029 2022 1084 Θεό-

351 1117 500 1196 φιλε.
530 1142 558 1169 n
583 1118 836 1193 Ἥγεμὼν
870 1118 941 1187 ἦν
973 1139 1132 1181 ουτος
1180 1117 1208 1172 ὁ
1260 1117 1548 1196 Θεόφιλος.
1599 1119 1688 1188 Μή
1735 1119 2020 1194 θαυμάσῃς

348 1208 406 1266 δὲ
439 1210 488 1266 εἰ
524 1211 701 1266 ’ἕνεκεν
749 1207 946 1286 ἀνδρὸς
1005 1209 1124 1274 ἒνὸς
1169 1209 1441 1282 τοσαύτην
1480 1208 1737 1285 φροντίδα
1785 1208 2016 1267 κατελεί-

347 1297 498 1368 ϐετο,
533 1302 610 1364 ὡς
639 1297 733 1356 δύο
766 1301 920 1372 αὐτῷ
975 1301 1177 1375 γράψαι
1217 1302 1601 1376 πραγματείας
1642 1299 2011 1376 ὁλοκλήρους.

347 1391 448 1445 Καὶ
483 1391 588 1468 γὰρ
620 1389 794 1469 φύλαξ
837 1389 905 1459 ἦν
936 1396 1038 1459 τῆς
1085 1397 1422 1459 Δεσποτικῆς
1471 1397 1660 1470 φωνῆς
1689 1397 1788 1459 τῆς
1820 1389 2014 1464 λεγού-

347 1501 473 1548 σης·
510 1503 537 1531 ιι
569 1478 686 1536 Οὐκ
743 1476 853 1534 ἔστι
914 1476 1136 1552 θέλημα
1189 1483 1288 1534 τοῦ
1346 1478 1556 1555 Πατρός
1600 1500 1727 1553 μου,
1758 1477 1847 1534 ἳνα
1877 1477 2012 1534 ἀπό-

346 1567 518 1638 ληται
541 1569 626 1631 εἷς
646 1572 753 1623 τῶν
783 1573 994 1641 μικρῶν
1013 1568 1245 1624 τούτων.
1274 1591 1302 1619 ››
1324 1600 1395 1611 -
1421 1589 1446 1622 ε
1473 1572 1653 1623 [Ιοιεῖν
1674 1588 1731 1623 τε
1752 1567 1840 1624 καὶ
1865 1565 2014 1623 διδά-

344 1674 518 1713 σκειν·
553 1681 582 1709 n
612 1658 704 1713 τὸν
732 1658 970 1712 παθόντα
1022 1655 1172 1732 λέγει
1229 1658 1319 1711 καὶ
1377 1659 1444 1711 τᾶ
1489 1658 1739 1732 θαύματα
1769 1676 2011 1730 πεποιη-

342 1748 515 1803 κέναιζ
577 1752 648 1802 ’Ἠ
707 1744 792 1802 δτι
849 1743 924 1801 δι’
985 1747 1058 1800 ὧν
1115 1742 1343 1820 ἔπραττε
1398 1749 1650 1822 παρῄνει,
1683 1747 1908 1822 «Ἄχρι
1941 1750 2008 1816 ἧς

340 1838 578 1913 ἡμέρας.
614 1859 643 1887 »δ
675 1836 752 1893 Τὸ
787 1836 931 1907 ἑξῆς·
993 1840 1166 1911 Ἄχρι
1206 1839 1272 1906 ἧς
1331 1837 1543 1909 ἡμέρας
1585 1834 1890 1914 ἀνελήφθη.
1923 1838 2005 1894 Τὰ
2039 1878 2086 1943 Β

340 1925 399 1982 δὲ
454 1926 655 1995 λοιπὰ,
713 1923 804 1980 διὰ
863 1925 1053 1998 μὲσου.
1113 1926 1193 1983 Τὸ
1225 1923 1305 1996 δὲ,
1356 1950 1385 1978 ‹‹
1421 1925 1832 2001 Ἐντειλάμενος
1889 1933 2006 1990 τοῖς

340 2015 684 2080 ἀποστόλοις
715 2013 805 2071 διὰ
835 2015 1152 2088 Πνεύματος
1199 2015 1384 2093 ἁγίου,
1410 2039 1440 2068 ››
1472 2014 1508 2086 ἢ
1541 2015 1625 2072 ὅτι
1673 2018 2012 2090 πνευματικὰ

337 2107 406 2162 τα
437 2105 758 2180 ἐντάλματα
810 2103 998 2176 δηλοῖ,
1050 2103 1203 2161 οὐδὲν
1245 2106 1512 2181 κοσμικόν
1564 2105 1937 2187 ἐπιφαίνοντα·
1971 2107 2006 2177 ἦ

337 2197 434 2251 ’ἱνα
490 2195 578 2250 καὶ
633 2196 696 2250 τὸ
756 2200 978 2269 Πνεῦμα
1029 2194 1307 2276 σύμφυτον
1359 2196 1535 2268 ἑαυτῷ
1575 2193 1896 2273 παραδείξη,
1931 2197 2008 2260 ὡς

339 2283 502 2341 οὐδὲν
533 2286 613 2340 ὧν
649 2285 754 2340 ὑπό
783 2289 920 2340 Θεοῦ
949 2283 1188 2340 τελεῖται
1216 2283 1474 2341 ἐλλεῖπον
1504 2283 1688 2361 ἔχοντι
1719 2293 1819 2356 τῆς
1849 2289 2006 2362 ἁγια-

338 2381 534 2444 συκῆς
569 2375 940 2438 ὑποστάσεως.
1003 2375 1070 2432 Τί
1131 2371 1187 2430 δὲ
1239 2375 1308 2430 τὰ
1363 2374 1707 2449 ἐντάλματα;
1739 2398 1768 2428 ‹‹
1799 2382 2009 2450 Πορευ-

339 2466 521 2530 θέντες
558 2465 932 2538 μαθητεύσατε
960 2464 1137 2518 πάντα
1183 2465 1252 2519 τα
1307 2459 1458 2535 ἔθνη,
1517 2464 1876 2536 βαπτίζοντες
1909 2465 2008 2520 αὐ-

333 2555 465 2617 τοὺς
522 2553 602 2615 εἷς
657 2553 721 2608 τὸ
778 2550 955 2626 ὄνομα
1006 2557 1102 2608 τοῦ
1151 2553 1390 2628 Πατρὸς,
1445 2553 1538 2608 καὶ
1599 2557 1698 2609 τοῦ
1729 2554 1883 2622 Υἳοῦ,
1914 2555 2002 2610 καὶ

329 2643 433 2700 to?)
467 2645 629 2720 ἁγίου
662 2642 996 2718 Πνεύματος.
1031 2668 1060 2695 ››
1120 2674 1188 2686 -
1247 2667 1276 2695 ‹‹
1312 2641 1623 2723 Ἀνελήφθη
1657 2667 1685 2694 ››
1735 2640 1793 2698 δὲ
1835 2633 2016 2714 εἶπεν,

331 2733 455 2803 οὔκ,
515 2726 734 2803 Ἀνέϐη⁹
793 2728 874 2787 ἔτι
926 2733 1032 2808 γὰρ
1095 2731 1171 2794 ὡς
1228 2731 1354 2805 περὶ
1414 2732 1707 2808 ἀνθρώπου
1753 2728 2004 2811 διαλέγε-

331 2845 440 2880 ται.

411 3050 440 3082 ι
476 3027 582 3088 Οἷς
614 3025 709 3081 καὶ
767 3022 1102 3100 παρέστησεν
1159 3024 1347 3080 ἑαυτὸν
1408 3028 1586 3096 ζῶντα
1647 3025 1784 3098 μετά
1812 3024 1876 3080 τὸ
1905 3045 2004 3080 πα·

333 3141 358 3166 «ι
395 3121 508 3180 θεῖν
531 3114 805 3191 adtingi»:
837 3112 1078 3178 πολλοῖς
1102 3114 1451 3189 τεκμηρίοις.
1480 3136 1511 3166 »

410 3300 784 3382 α’Δνελτςφθη
821 3323 846 3355 ι
906 3300 1096 3372 εἰπὼν,
1149 3301 1243 3356 ἳνα
1299 3301 1375 3375 μή
1436 3321 1524 3362 τις
1574 3298 1780 3376 νομίσῃ
1815 3297 2002 3375 ἑτέρου

334 3391 565 3465 δυνάμει
621 3395 784 3447 τοῦτο
843 3391 1112 3467 γενέσθαι,
1174 3389 1467 3464 ἐπήνεγκεν
1555 3388 1711 3454 εὐθὺς
1769 3388 1861 3444 καὶ
1914 3389 2000 3458 τὸ,

333 3483 442 3538 ἀπὸ
472 3489 574 3551 τῆς
607 3479 812 3542 οἱκείας
845 3479 1145 3541 αὐθεντίας.
1203 3500 1226 3528 ι
1270 3479 1368 3540 Οἷς
1397 3477 1486 3534 καὶ
1519 3479 1851 3555 παρέστησεν
1880 3479 2004 3533 ἑαυ-

335 3573 424 3626 τὸν
460 3575 660 3640 ζῶντα.
696 3595 717 3621 ι
750 3569 859 3627 Τὸν
901 3568 1062 3624 αὐτὸν
1095 3565 1153 3623 δὲ
1207 3565 1418 3630 δεικνὺς
1449 3566 1540 3622 καὶ
1572 3567 1882 3631 πεπονθότα
1913 3566 2005 3621 καὶ

334 3659 654 3730 ἀναστάντα,
705 3661 914 3734 συνῆψε
969 3663 1049 3731 τῷ
1106 3657 1277 3733 Λόγῳ·
1314 3680 1342 3708 ‹‹
1373 3657 1526 3715 Μετὰ
1570 3656 1632 3711 τὸ
1685 3658 1878 3712 παθεῖν
1907 3655 2007 3711 αὐ-

343 3749 462 3806 τδν.
492 3773 521 3800 »ι

414 3955 442 3980 η
476 3932 558 3983 Δι’
585 3930 808 4002 ἡμερῶν
845 3950 874 3978 ››
903 3921 960 3982 δὶ
989 3925 1111 3982 εἶπε
1141 3948 1170 3977 ι(
1203 3925 1625 3998 τεσσαράκοντα.
1669 3947 1698 3976 ››

409 4017 547 4086 Οὐκ,
581 4019 674 4076 Ἐν
705 4017 966 4091 ἡμέραιςο
1017 4014 1081 4070 οὗ
1141 4015 1246 4092 γὰρ
1305 4021 1510 4093 συνεχῆ
1543 4015 1644 4084 τὴν
1677 4014 1792 4088 μετ’
1823 4011 2000 4069 αὐτῶν

334 4103 628 4183 διατριϐήν
679 4107 939 4177 ἰποιεῖτο,
992 4106 1067 4168 ὠς
1105 4104 1196 4160 καὶ
1253 4106 1360 4181 πρὸ
1415 4109 1515 4160 τοῦ
1567 4105 1796 4173 πάθους,
1853 4101 2003 4160 ἀλλὰ

331 4198 760 4274 διεσταλμένως,
807 4198 922 4271 ἅμα
983 4197 1079 4272 μὶν
1135 4195 1222 4250 καὶ
1269 4193 1647 4270 ποθεινοτέραν
1682 4194 1870 4257 αὐτοῖς
1899 4196 2002 4264 τὴν

330 4291 528 4346 εαυτοῦ
612 4287 899 4368 ἐμφάνειαν
977 4285 1434 4364 παρασκευάζων,
1508 4279 1624 4360 ἅμα
1680 4280 1739 4340 δί
1793 4283 1895 4339 καῖ’
1935 4284 2000 4339 τὸ

329 4379 681 4454 ὑψηλότερον
711 4379 800 4433 καὶ
833 4377 1129 4450 θεοπρεπὲς
1157 4373 1324 4430 αὐτοῦ
1355 4373 1692 4453 ἐμφανίζων.

404 4494 434 4521 α
475 4468 883 4542 Ὀπτανόμενος
915 4467 1125 4528 αὐτοῖς.
1158 4489 1186 4516 ››

399 4559 566 4620 Τίνος
594 4556 770 4614 ἓνεκεν
804 4556 866 4612 οὗ
908 4561 1095 4627 πᾶσιν,
1145 4551 1293 4610 ἀλλὰ
1339 4558 1458 4616 τοῖς
1504 4549 1839 4616 ἀποστόλοις
1867 4551 1999 4630 ἐφά-

2135 587 2246 643 bus
2277 588 2553 646 divinitas
2583 607 2651 646 ac
2680 593 2894 649 veritas
2929 598 3372 667 praedicationis
3395 587 3791 678 comprehen-

2135 675 2314 732 ditur.
2345 679 2577 734 Etenim
2610 680 2736 752 ipse
2758 699 2994 754 quoque
3011 686 3269 745 Joannes
3290 691 3362 748 de
3382 693 3475 749 his
3509 675 3788 754 omnibus

2133 767 2434 824 disseruit.
2469 771 2594 824 Non
2628 771 2788 826 enim
2820 774 3128 846 quidpiam
3157 794 3362 835 eorum
3385 784 3784 856 reliquerunt,

2131 874 2237 928 per
2266 875 2397 929 quas
2429 860 2518 914 vel
2549 861 2916 933 dispensatio
2941 867 3113 921 Verbi
3138 869 3313 940 juxta
3342 889 3582 930 carnem
3599 877 3787 932 credi-

2131 952 2227 1002 tur
2258 953 2315 1002 et
2345 952 2840 1021 cognoscitur,vel
2873 957 3219 1026 magnitudo
3251 960 3438 1031 ipsius
3458 964 3630 1035 juxta
3644 967 3784 1023 divi-

2129 1037 2379 1093 nitatem
2410 1040 2638 1096 relucet
2675 1047 2734 1097 et
2764 1045 3199 1102 manifestatur.
3226 1073 3254 1099 «
3292 1051 3334 1106 Ο
3365 1053 3706 1126 Theophile.
3753 1081 3779 1108 υ

2128 1130 2451 1188 Praefectus
2483 1140 2610 1189 erat
2648 1134 2745 1190 hic
2785 1137 3166 1209 Theophilus.
3202 1144 3283 1197 Ne
3316 1150 3514 1201 autem
3545 1150 3781 1206 mireris

2129 1219 2178 1273 si
2210 1220 2388 1276 unius
2418 1222 2525 1276 viri
2553 1225 2742 1296 gratia
2771 1231 3002 1283 tantum
3036 1247 3194 1285 curae
3228 1237 3577 1307 susceperit,
3598 1245 3663 1292 ut
3691 1240 3778 1294 illi

2125 1308 2242 1364 duo
2274 1309 2506 1383 integra
2535 1312 2840 1371 volumina
2867 1315 3090 1373 laboris
3147 1320 3328 1391 plena
3357 1326 3777 1383 conscriberet.

2124 1398 2448 1454 Dominicaa
2481 1417 2739 1472 namque
2769 1405 2926 1459 vocis
2948 1405 3290 1463 observator
3319 1417 3445 1466 erat
3464 1430 3596 1483 quae
3620 1415 3777 1472 dice-

2122 1486 2225 1542 bat
2256 1504 2270 1543 :
2303 1511 2329 1538 «
2365 1491 2491 1545 Non
2529 1497 2618 1546 est
2645 1492 2917 1549 voluntas
2949 1497 3140 1552 Patris
3169 1500 3378 1566 mei,ut
3402 1510 3608 1573 pereat
3624 1521 3777 1560 unus

2121 1581 2478 1651 pusillorum
2510 1583 2762 1639 istorum
2783 1583 2825 1639 ⁵.
2854 1607 2880 1635 ›ι
2905 1617 2972 1627 -
2999 1608 3022 1638 α
3049 1589 3119 1642 Et
3159 1589 3353 1647 facere
3387 1597 3446 1648 et
3475 1593 3709 1651 docere.
3746 1618 3774 1646 ››

2120 1672 2267 1726 Eum
2299 1673 2400 1744 qui
2430 1689 2640 1745 passus
2663 1681 2753 1730 est
2785 1675 2930 1731 dicit
2959 1677 3136 1733 etiam
3164 1681 3452 1737 miracula
3475 1683 3733 1741 edidisse
3760 1704 3774 1754 ;

2118 1767 2219 1815 aut
2249 1762 2362 1817 hoc
2393 1763 2558 1830 dicit,
2588 1765 2871 1835 quoniam
2902 1783 3010 1838 per
3040 1784 3109 1824 ea
3139 1786 3272 1840 quas
3296 1771 3775 1843 operabaturad-

2119 1852 2417 1908 monebat.
2458 1875 2484 1904 ‹‹
2520 1855 2716 1926 Usque
2747 1856 2821 1910 ad
2855 1873 2988 1912 eum
3017 1858 3194 1914 diem.
3230 1883 3253 1913 ι
3293 1863 3445 1918 Ordo
3469 1870 3773 1936 est,usque

2119 1941 2194 1996 ad
2221 1959 2358 1998 eum
2391 1943 2549 1999 diem
2582 1962 2698 2017 quo
2730 1952 3072 2019 assumptus
3105 1955 3229 2004 est:
3290 1957 3506 2009 cmtera
3532 1971 3639 2025 per
3670 1971 3777 2025 pa-

2117 2033 2446 2088 renthesim
2479 2034 2961 2107 interponuntur.
2997 2039 3163 2104 Quod
3193 2045 3393 2097 autem
3418 2043 3534 2097 ait:
3577 2067 3597 2092 ι
3624 2043 3769 2100 Cum

2118 2123 2402 2195 apostolis
2423 2125 2806 2196 prmcepisset
2847 2143 2953 2198 per
2984 2128 3266 2199 Spiritum
3299 2136 3594 2198 sanctum,
3626 2156 3653 2183 ››
3679 2134 3768 2188 vel

2115 2213 2227 2268 hoc
2258 2213 2420 2279 dicit,
2455 2214 2792 2285 spiritualia
2821 2216 3164 2287 significans
3193 2217 3377 2275 fuisse
3436 2227 3758 2293 praacepta.

2115 2302 2267 2358 nihil
2292 2303 2574 2358 saeculare
2607 2321 2727 2375 prae
2761 2322 2823 2359 se
2852 2304 3126 2374 ferentia,
3159 2307 3246 2362 vel
3283 2308 3461 2364 etiam
3490 2316 3555 2364 ut
3587 2312 3772 2383 Spiri-

2115 2398 2241 2448 tum
2272 2392 2724 2448 connaturalem
2758 2393 2870 2449 sibi
2901 2393 3290 2464 demonstret,
3321 2403 3526 2470 utpote
3576 2401 3670 2454 cui
3703 2417 3773 2456 ex

2115 2482 2314 2538 divina
2347 2483 2650 2554 hypostasi
2682 2483 2834 2538 nihil
2861 2483 3016 2539 desit
3046 2501 3251 2541 eorum
3284 2503 3415 2556 quas
3460 2505 3494 2543 a
3525 2489 3643 2544 Deo
3675 2506 3773 2545 ex-

2112 2572 2264 2644 pleri
2295 2577 2568 2644 possunt.
2628 2573 2911 2638 Quasnam
2965 2579 3163 2629 autem
3225 2581 3367 2630 sunt
3422 2579 3776 2650 praecepta?

2119 2684 2140 2711 ι
2174 2663 2396 2717 Euntes
2427 2663 2475 2716 3
2509 2661 2720 2717 docete
2751 2678 2961 2718 omnes
3005 2668 3232 2735 gentes,
3280 2663 3648 2736 baptizantes
3675 2683 3776 2724 eos

2112 2751 2176 2806 in
2208 2751 2452 2806 nomine
2484 2751 2697 2816 Patris,
2725 2756 2782 2804 et
2813 2750 2969 2818 Filii,
2990 2757 3048 2806 et
3077 2752 3332 2824 Spiritus
3365 2757 3555 2809 sancti
3574 2754 3652 2810 ³.»
3678 2757 3775 2811 Ait

2112 2845 2333 2908 autem,
2368 2862 2396 2890 «
2430 2841 2786 2911 Assumptus
2839 2845 2949 2908 est,
3003 2861 3030 2892 ιι
3066 2858 3213 2908 non,
3264 2844 3555 2899 Ascendit
3589 2861 3602 2899 :
3631 2861 3770 2900 nam

2111 2930 2302 2986 adhuc
2332 2929 2405 2985 de
2438 2945 2506 2984 eo
2537 2933 2822 3000 tanquam
2849 2929 2922 2985 de
2954 2930 3197 2985 homine
3218 2930 3480 2987 disserit.

2181 3020 2224 3090 Ι,
2258 3022 2310 3075 3.
2345 3041 2373 3070 «
2407 3019 2634 3086 Quibus
2663 3019 2844 3074 etiam
2877 3019 3147 3075 exhibuit
3177 3020 3440 3093 seipsum
3477 3023 3766 3080 viventem

2111 3132 2140 3161 .‹
2173 3116 2490 3182 postquam
2521 3109 2648 3182 ipse
2677 3125 2889 3181 passus
2918 3109 3133 3178 fuerat,
3167 3111 3575 3182 compluribus
3597 3131 3768 3187 argu-

2111 3223 2139 3252 ‹‹
2173 3200 2416 3255 mentis.
2455 3219 2482 3250 ι

2179 3290 2326 3347 Cum
2357 3289 2638 3345 dixisset:
2672 3291 3029 3361 Assumptus
3062 3294 3172 3357 est,
3197 3307 3223 3339 ι
3261 3305 3338 3344 ne
3397 3290 3531 3361 quis
3562 3291 3770 3347 existi-

2107 3385 2300 3437 maret
2329 3379 2577 3436 alterius
2630 3379 2743 3436 hoc
2800 3378 3022 3435 factum
3082 3397 3212 3436 esse
3272 3379 3510 3448 virtute,
3568 3382 3768 3437 statim

2102 3471 2285 3526 etiam
2319 3470 2648 3542 subjunxit,
2681 3469 2842 3541 quod
2867 3470 3122 3541 proprias
3156 3473 3314 3526 esset
3349 3471 3720 3526 auctoritatis
3753 3489 3765 3526 :

2101 3560 2361 3628 «Quibus
2383 3561 2561 3616 etiam
2585 3559 3083 3631 exibuitseipsum
3105 3560 3455 3614 viventem.»
3476 3560 3764 3616 Eumdem

2100 3657 2300 3706 autem
2331 3649 2654 3706 ostendens
2677 3649 2777 3720 qui
2805 3664 3013 3720 passus
3045 3648 3238 3704 fuerat
3252 3665 3320 3704 ac
3333 3655 3767 3718 resurrexerat,

2103 3740 2368 3795 sermoni
2396 3737 2710 3810 conjunxit
2739 3736 2898 3809 quod
2933 3738 3223 3809 sequitur,
3258 3737 3506 3794 dicens:
3542 3761 3568 3788 «
3595 3740 3765 3794 Post-

2103 3845 2282 3901 quam
2315 3828 2442 3899 ipse
2482 3843 2693 3898 passus
2722 3826 2938 3882 fuerat.
2978 3847 3009 3876 »

2177 3941 2205 3969 ‹‹
2241 3920 2356 3973 Per
2386 3916 2512 3972 dies
2544 3915 2956 3988 quadraginta.
2987 3935 3014 3964 »

2173 4010 2300 4064 Non
2333 4007 2512 4062 dixit:
2546 4006 2613 4061 In
2635 4004 2843 4060 diebus
2870 4021 2884 4059 :
2908 4020 3103 4076 neque
3136 4005 3296 4060 enim
3321 4004 3603 4061 continue
3625 4022 3761 4062 cum

2101 4098 2248 4172 ipsis
2288 4095 2654 4160 versabatur,
2687 4093 3191 4166 quemadmodum
3222 4099 3360 4150 ante
3391 4096 3757 4167 passionem,

2103 4186 2207 4244 sed
2231 4185 2529 4243 differenti
2563 4183 2738 4240 modo
2767 4199 2782 4239 :
2813 4183 2992 4238 simul
3024 4183 3266 4254 quidem
3299 4189 3357 4238 et
3384 4183 3761 4240 desirabilio-

2102 4295 2229 4334 rem
2261 4278 2347 4334 eis
2375 4275 2633 4332 reddens
2665 4289 2833 4329 suam
2864 4271 3762 4346 apparitionem.simulquoque

2104 4367 2515 4425 sublimiorem
2531 4364 2838 4437 magisque
2861 4362 3126 4417 divinum
3140 4361 3402 4434 seipsum
3417 4363 3760 4420 ostendens.

2177 4480 2205 4508 «
2238 4460 2548 4530 Apparens
2577 4453 2720 4509 illis.
2766 4473 2795 4503 ι)

2175 4551 2363 4616 Quam
2422 4546 2495 4602 ob
2555 4560 2796 4601 causam
2854 4559 2974 4600 non
3029 4542 3306 4598 omnibus
3375 4543 3594 4614 palam,
3658 4543 3761 4601 sed

325 4672 393 4720 νη
422 4669 439 4719 ;
467 4650 592 4707 Ὀτι
625 4649 910 4726 φάντασμα
956 4643 1134 4716 ἔδοξεν
1197 4644 1258 4699 ἃν
1315 4648 1433 4707 τοῖς
1488 4639 1748 4706 πολλοῖς,
1781 4642 1884 4697 οὐκ
1915 4641 1994 4698 εἷ-

2119 4638 2392 4711 ιροειοιὶε
2425 4640 2656 4692 tantum
2688 4633 3172 4706 apparuit?Quia
3202 4631 3371 4706 vulgo
3403 4633 3760 4704 phantasma

326 4737 453 4796 δόσι
481 4739 546 4794 τὸ
579 4735 892 4813 ἀπόρρητον
923 4739 1022 4791 τοῦ
1081 4732 1412 4809 μυστηρίου.
1471 4730 1538 4788 Εἴ
1581 4731 1685 4807 γὰρ
1715 4731 1806 4786 καὶ
1837 4729 1990 4786 αὐτοὶ

326 4831 379 4885 οἱ
417 4829 664 4902 μαθηταὶ
718 4827 984 4897 ⁴ἠπίστουν
1014 4825 1115 4895 τήν
1149 4823 1330 4899 ἀρχὴν
1386 4822 1478 4877 καὶ
1523 4815 1911 4896 ἐθορυϐοῦντο,
1940 4819 1993 4875 τί

322 4920 458 4981 τοὺς
491 4917 743 4981 πολλοὺς
773 4917 918 4979 εἰκὸς
949 4915 1017 4985 ἦν
1072 4916 1261 4970 παθεῖν
1287 4932 1301 4982 ;
1362 4910 1459 4968 Διά
1486 4932 1571 4968 τοι
1600 4915 1762 4967 τοῦτο
1795 4909 1855 4966 ἐκ
1882 4915 1992 4966 τῶν

328 5010 578 5086 σημείων
613 5009 686 5064 ὧν
720 5003 916 5064 ἔλαϐον
951 5008 1113 5082 χάριν
1171 5009 1347 5060 ποιεῖν
1381 5003 1435 5059 οἱ
1464 5000 1789 5074 ἀπόστολοι,
1819 5002 1993 5076 ἀναμο

326 5096 568 5168 φίὸολον
601 5103 751 5154 ποιεῖ
777 5105 878 5168 τῆς
911 5095 1253 5156 ἀναστάσεως
1298 5093 1397 5162 τήν
1445 5088 1720 5162 ἀπόδειξιν
1751 5089 1843 5147 καὶ
1873 5111 1996 5146 κοι-

323 5165 445 5262 εξτςν·
505 5189 647 5246 ὥστε
703 5190 781 5262 μή
834 5165 953 5248 τοῖς
1007 5184 1131 5240 τότε
1187 5184 1379 5258 μόνον,
1429 5181 1562 5257 ὅπερ
1595 5179 1655 5236 ἐκ
1685 5183 1783 5247 τῆς
1815 5176 1994 5255 ὄψεως

325 5283 532 5357 ἔμελλε
589 5280 857 5359 γίνεσθαι,
914 5275 1066 5335 ἀλλὰ
1121 5276 1212 5333 καὶ
1263 5280 1396 5331 πᾶσι
1451 5279 1571 5337 τοῖς
1641 5273 1778 5348 μετά
1825 5277 1998 5329 ταῦτα

324 5378 557 5456 φανερὰν
588 5373 835 5453 γενέσθαι
864 5373 972 5442 τήν
999 5370 1315 5427 ἀνάστασιν.

396 5582 419 5610 ι
453 5556 560 5616 Καὶ
591 5555 774 5633 λόγων
806 5552 876 5611 τᾶ
904 5551 1032 5628 περὶ
1062 5555 1164 5621 τῆς
1191 5546 1472 5628 βασιλείας
1500 5551 1598 5603 τοῦ
1629 5549 1788 5605 Θεοῦ.
1825 5570 1854 5598 ››

378 5734 417 5772 ³
441 5735 644 5794 Matth.
677 5747 843 5795 xvm,
880 5729 972 5782 14.
1051 5722 1075 5758 ⁸
1107 5725 1306 5782 Matth.
1341 5737 1546 5792 xwi,
1583 5722 1669 5790 18,
1702 5722 1789 5778 19.

2101 4730 2291 4785 visum
2320 4724 2718 4796 fuisset,quod
2743 4722 3056 4796 ignorabat
3078 4737 3362 4778 arcanum
3387 4721 3759 4792 mysterium.

2102 4821 2247 4875 Nam
2279 4818 2326 4872 si
2364 4816 2476 4888 ipsi
2506 4829 2743 4886 quoque
2773 4811 3052 4883 discipuli
3086 4808 3566 4865 initioincreduli
3591 4815 3765 4865 erant

2102 4925 2170 4966 ac
2186 4901 2748 4975 turbabantur,quid
2770 4899 3095 4957 verisimile
3111 4904 3201 4956 est
3219 4897 3427 4972 vulgus
3441 4915 3760 4972 passurum

2103 4999 2285 5054 fuisse
2315 4995 2682 5067 ?Pr0pterea
2711 5008 2781 5047 ex
2812 4990 3018 5062 signis,
3050 4987 3123 5045 ad
3173 5005 3306 5061 quae
3363 4987 3596 5044 edenda
3624 5005 3764 5063 gra-

2104 5089 2250 5145 tiam
2283 5088 2643 5158 acceperunt
2669 5079 2943 5154 apostoli,
2977 5077 3374 5135 indubitatam
3408 5077 3607 5134 reddit
3661 5094 3760 5133 re-

2105 5175 2493 5234 surrectionis
2505 5167 3507 5239 demonstrationem,omnibusque
3529 5167 3766 5239 exposi-

2108 5275 2227 5325 tam
2260 5283 2274 5322 :
2309 5264 2458 5322 adeo
2487 5268 2704 5320 utnon
2758 5261 2852 5316 his
2903 5263 3154 5326 tantum,
3217 5257 3320 5329 qui
3372 5263 3516 5312 tunc
3571 5261 3763 5323 erant,

2106 5358 2267 5434 quod
2313 5357 2444 5431 ipso
2501 5356 2746 5426 aspectu
2792 5349 3060 5406 futurum
3110 5353 3256 5416 erat,
3319 5361 3522 5402 verum
3583 5344 3765 5401 etiam

2107 5448 2362 5524 posteris
2391 5444 2673 5503 omnibus
2701 5439 3020 5497 manifesta
3041 5439 3212 5494 ﬁeret
3237 5435 3618 5496 resurrectio.

2183 5562 2211 5592 (ι
2243 5540 2314 5594 Et
2335 5538 2592 5609 loquens
2621 5533 2694 5590 de
2723 5547 2907 5605 regno
2937 5530 3061 5586 Dei.
3097 5549 3124 5580 η

2399 5755 2433 5788 τ
