4160 6430
360 406 436 465 47
1463 406 1878 468 (ECUMENII
1923 407 2232 468 TRICGIE
2274 407 2630 474 EPISCOPI
3715 424 3792 483 48

443 545 592 600 Hinc
619 543 905 599 discimus
937 541 1097 614 quod
1128 541 1308 598 etiam
1339 547 1476 614 post
1524 543 2024 598 resurrectionem
2056 543 2110 611 Α

375 635 627 694 docebat
656 632 1003 704 discipulos.

443 749 471 776 ‹‹
507 727 576 779 Et
605 739 987 780 convescens.
1025 743 1054 772 »

445 813 632 869 Simul
665 813 847 868 edens
878 829 945 867 ac
969 811 1200 867 bibens.
1236 811 1461 868 Dicitur
1492 812 1653 867 enim
1702 807 2025 880 συναλίζων,

372 903 542 974 quasi
573 898 746 971 ἀλῶν,
807 902 920 956 hoc
976 906 1085 968 est,
1148 900 1273 956 sale
1334 906 1393 956 et
1441 918 1650 956 mensa
1695 901 2030 957 communi-

374 1009 537 1048 cans.

447 1104 476 1132 ‹‹
510 1080 799 1152 Praecepit
828 1079 914 1134 eis
945 1079 1016 1134 ab
1056 1079 1441 1152 Jerosolymis
1498 1097 1571 1135 ne
1632 1079 2030 1146 discederent,

381 1195 403 1222 ι
441 1171 545 1227 sed
575 1175 991 1241 exspectarent
1015 1169 1476 1241 promissionem
1512 1171 1724 1227 Patris.
1761 1192 1789 1220 »

445 1349 697 1405 Jubebat
721 1364 796 1403 ne
828 1348 899 1403 ab
931 1348 1358 1421 Hierosolymis
1389 1349 1768 1404 discederent
1795 1367 1806 1402 :
1830 1349 2034 1404 volens

379 1439 708 1495 ﬁrmiorem
744 1438 906 1493 reddi
941 1437 1097 1509 apud
1135 1440 1293 1510 ipsos
1319 1440 1772 1494 resurrectionis
1811 1456 2034 1494 sermo-

379 1545 519 1584 nem
543 1546 648 1600 per
681 1528 969 1583 miracula
1001 1545 1133 1598 quas
1183 1529 1449 1582 cruciﬁxi
1505 1529 1879 1584 invocatione
1932 1530 2034 1584 ﬁe-

379 1624 516 1673 rent
550 1635 562 1672 :
593 1634 700 1689 per
726 1616 1141 1672 tribulationes
1191 1617 1367 1672 etiam
1404 1634 1550 1688 quas
1601 1624 1949 1689 paterentur
2004 1635 2038 1674 θ.

379 1709 618 1775 Judaais,
645 1725 752 1764 nec
778 1714 977 1763 tamen
1012 1708 1084 1763 ab
1126 1709 1256 1777 ejus
1290 1709 1685 1780 amicitiaqui
1720 1710 2036 1764 cruciﬁxus

379 1799 576 1856 fuerat
591 1817 658 1854 ac
682 1805 1089 1854 resurrexerat
1115 1798 1459 1866 deﬁcerent,
1477 1799 1577 1853 sed
1604 1804 1648 1854 4
1674 1800 1813 1855 huic
1845 1801 2038 1871 potius

2213 544 2484 601 Ἐντεῦθεν
2549 551 2908 622 μανθάνομεν.
2965 549 3041 612 ὡς
3097 551 3188 606 καὶ
3246 554 3382 627 μετά
3427 555 3528 624 τήν
3563 555 3786 612 ἀνάστα-

2131 653 2212 686 σιν
2246 631 2495 691 ἐδίδασκε
2530 639 2659 699 τοὺς
2699 641 2966 711 μαθητὰς.

2203 746 2232 774 ‹‹
2265 725 2366 780 Καὶ
2398 724 2839 802 συναλιζόμενος.
2879 753 2900 780 ι

2206 815 2507 868 Συνεσθίων
2565 815 2656 871 καὶ
2715 817 2910 877 πίνων.
2971 820 3232 878 Τουτέστι
3285 831 3566 881 κοινωνῶν
3621 825 3794 898 ἁλῶν,

2131 908 2411 958 κοινωνῶν
2441 906 2732 978 τραπέζης.

2213 1103 2233 1132 ι
2274 1083 2645 1160 Ηαρήγγειλεν
2678 1085 2885 1156 αὐτοῖς,
2932 1090 3038 1145 ἀπὸ
3068 1090 3473 1165 Ἰεροσολύμων
3511 1097 3585 1167 μή
3623 1095 3794 1171 χωρί-

2137 1193 2166 1222 ‹‹
2201 1175 2402 1240 ζεσθαι,
2461 1171 2610 1228 ἀλλὰ
2665 1178 2980 1250 περιμένειν
3038 1181 3135 1248 τὴν
3193 1180 3520 1260 ἐπαγγελίαν
3553 1189 3650 1240 τοῦ
3682 1192 3797 1242 Ha-

2137 1283 2166 1312 ‹‹
2197 1259 2343 1333 τρός.
2374 1287 2395 1315 ι

2211 1351 2349 1444 ἀπὸ
2430 1353 2840 1444 Ἱεροσολύμων
2916 1359 2994 1430 μὴ
3076 1361 3397 1444 ἀφίστασθαι
3480 1365 3799 1444 παρηγγύα,

2143 1436 2484 1512 βουλόμενος
2527 1445 2596 1515 τῇ
2651 1441 2947 1520 προσεδρίᾳ
3001 1436 3349 1525 βεϐαιότερον
3405 1453 3494 1506 τὸν
3524 1436 3800 1518 τῆς-ἀνα-

2141 1527 2378 1582 στάσεως
2414 1530 2597 1594 αὐτοῖς
2659 1537 3098 1606 καταστήσασθαι
3157 1536 3350 1616 λόγον,
3409 1539 3498 1595 διὰ
3528 1547 3635 1596 τῶν
3669 1544 3798 1597 θαυ-

2144 1615 2352 1686 μάτων,
2388 1618 2422 1672 ἅ
2479 1617 2548 1673 δι’
2607 1620 2950 1692 ἐπικλήσεως
3008 1625 3216 1701 ἐγίνετο
3245 1633 3343 1683 τοῦ
3373 1631 3801 1704 σταυρωθέντος,

2145 1701 2233 1758 διά
2263 1711 2371 1760 τῶν
2406 1707 2650 1782 θλίψεων
2682 1712 2756 1765 ὼν
2790 1710 3033 1788 ἔπασχον
3071 1717 3165 1788 μὲν
3219 1718 3322 1772 ὑπὸ
3365 1725 3472 1774 τῶν
3503 1701 3778 1777 Ἰουδαίων

2145 1794 2244 1848 οὐκ
2312 1797 2605 1874 ἀφίσταντο
2665 1797 2721 1855 δὲ
2772 1809 2874 1872 τῆς
2928 1808 3026 1858 τοῦ
3087 1809 3491 1881 σταυρωθέντος
3541 1810 3630 1865 καὶ
3683 1781 3810 1865 διναῖ

383 1895 917 1944 commorerentur.
943 1887 1162 1952 Quodsi
1223 1889 1422 1942 statim
1492 1888 1564 1943 ab
1613 1889 2036 1961 Hierosolymis

2153 1887 2371 1946 στάντος
2405 1884 2614 1962 φιλίας,
2675 1889 2804 1946 ἀλλ’
2868 1892 3343 1967 ὑπεραπέθνησκον
3401 1899 3620 1957 τούτου.
3657 1899 3722 1956 Εἴ
3754 1896 3810 1954 δὲ

387 1977 828 2044 discessissent,
861 1976 1132 2047 nihilque
1167 1977 1375 2031 horum
1404 1977 1611 2032 fuisset
1631 1978 2034 2046 subsecutum,

386 2073 662 2138 suspecta
675 2073 834 2121 certe
864 2066 1074 2120 fuisset
1096 2068 1475 2121 resurrectio.
1497 2068 1790 2121 Praaterea
1803 2085 2038 2138 quoque

384 2156 560 2211 multi
592 2162 763 2210 erant
795 2155 1016 2208 ibidem
1049 2154 1352 2209 credituri.
1379 2155 1568 2210 Simul
1601 2158 1774 2211 etiam
1801 2173 2038 2228 exspec-

384 2251 508 2300 tare
542 2261 642 2299 eos
673 2242 1005 2315 Oportebat,
1056 2259 1130 2298 ne
1182 2244 1282 2313 qui
1335 2244 1605 2298 dicerent
1663 2246 1822 2315 quod
1881 2247 2040 2301 notis

384 2334 610 2389 relictis
641 2332 714 2387 ad
738 2338 1052 2387 extraneos
1094 2333 1433 2386 ostentandi
1489 2335 1578 2388 sui
1635 2335 1822 2406 gratia
1873 2352 2042 2390 acce-

387 2423 629 2488 debant,
661 2438 900 2476 rursum
933 2422 1112 2476 etiam
1157 2422 1298 2492 quia
1327 2421 1593 2478 nondum
1643 2424 1893 2495 Spiritus
1923 2425 2042 2479 vir—

391 2517 514 2567 tute
573 2511 808 2578 armati,
858 2510 1103 2564 inutiles
1161 2510 1554 2566 redderentur
1630 2512 1704 2567 ad
1779 2514 2039 2569 hostium

387 2615 762 2672 congressus.

458 2710 485 2738 ‹‹
519 2686 986 2741 Promissionem
1014 2685 1222 2741 Patris.
1261 2709 1286 2736 ››

456 2779 527 2831 Ει
557 2775 658 2830 ubi
691 2776 801 2830 hoc
823 2777 998 2830 Pater
1027 2776 1347 2846 promisit?
1403 2777 1665 2833 Dicimus
1712 2795 1848 2850 ergo
1881 2780 2042 2850 quod

382 2867 474 2922 vel
501 2880 608 2937 per
640 2864 937 2919 defectum
971 2871 1207 2935 oportet
1233 2864 1457 2920 dictum
1510 2867 1621 2922 hoc
1655 2868 1930 2940 intelligi,
1976 2877 2041 2924 ut

384 2955 776 3011 subaudiatur
797 2955 1135 3026 praepositio
1168 2953 1498 3028 &n6,sitque
1515 2973 1725 3013 sensus
1751 2976 1762 3012 :
1784 2961 2037 3030 Exspec-

385 3051 582 3102 tarent
611 3061 645 3100 a
667 3047 839 3100 Patre
874 3044 1358 3115 promissionem,
1389 3063 1565 3116 quam
1601 3047 1786 3114 vobis,
1821 3049 2037 3119 inquit,

383 3136 497 3191 feci
530 3134 601 3189 de
638 3134 858 3205 Spiritu
893 3139 1096 3189 sancto
1131 3153 1144 3200 ;
1178 3135 1270 3189 vel
1324 3135 1502 3190 etiam
1550 3136 1709 3206 quia,
1730 3138 1884 3192 sicut
1913 3138 2038 3208 ipse

387 3226 489 3291 ait,
545 3225 681 3290 Quae
734 3240 767 3278 a
824 3225 995 3279 Patre
1054 3224 1271 3290 audivi,
1334 3225 1460 3280 hinc
1508 3228 1798 3280 annuntio
1852 3228 2039 3299 vobis,

388 3313 576 3370 sancti
609 3329 847 3383 quoque
863 3313 1115 3383 Spiritus
1131 3313 1708 3383 promissio,etiamsi
1727 3317 2041 3387 peripsum

385 3403 542 3458 facta
573 3402 668 3468 sit,
701 3408 963 3456 attamen
1000 3417 1033 3454 a
1075 3404 1247 3455 Patre
1279 3408 1421 3456 erat.
1453 3403 1617 3467 Quod
1651 3405 1699 3458 si
1731 3413 1790 3458 et
1819 3405 1890 3459 ab
1921 3406 2049 3476 ipso

387 3492 607 3563 quaaris
638 3490 880 3561 Spiritu,
912 3489 1038 3544 Joel
1071 3490 1186 3544 ﬁde
1211 3489 1423 3562 dignus
1456 3497 1545 3545 est
1577 3493 1678 3562 qui
1710 3510 2049 3550 sermonem

385 3582 718 3648 conﬁrmet,
752 3580 957 3634 dicens
985 3595 996 3632 :
1031 3601 1058 3628 «
1087 3580 1399 3634 Effundam
1432 3579 1503 3634 de
1537 3581 1760 3653 Spiritu
1785 3599 1919 3639 meo
1946 3600 2046 3638 su-

382 3687 489 3743 per
521 3686 762 3725 omnem
785 3683 1028 3723 carnem
1053 3667 1093 3721 τ.
1129 3688 1158 3717 ›ι

458 3781 486 3811 ‹‹
518 3761 706 3825 Quam
739 3755 990 3813 audistis
1023 3772 1092 3811 ex
1124 3771 1238 3810 me.
1277 3778 1306 3806 »

452 3848 700 3915 Quando
732 3852 930 3902 autem
957 3845 1278 3900 audierunt
1314 3845 1342 3899 ‘I
1375 3847 1621 3912 Quando
1656 3848 1840 3904 dixit:
1869 3871 1897 3900 «
1923 3855 2042 3907 Ex-

377 3939 544 4011 pedit
562 3938 724 3992 vobis
758 3941 823 3991 ut
855 3951 959 4008 ego
991 3934 1243 4002 abeam;
1277 3934 1394 3990 nisi
1456 3937 1616 3991 enim
1650 3954 1755 4011 ego
1813 3939 2039 4008 abiero,

379 4027 722 4084 Paracletus
753 4043 871 4080 non
903 4025 1102 4079 veniet
1149 4023 1224 4078 ad
1278 4042 1378 4079 vos
1415 4024 1458 4079 ⁸.
1525 4048 1550 4075 ››
1611 4029 1989 4100 Rursumque
2025 4047 2038 4084 :

386 4138 409 4168 ι
444 4119 561 4188 Ego
591 4114 810 4186 rogabo
843 4115 1102 4179 Patrem,
1134 4117 1194 4166 et
1253 4112 1438 4168 alium
1471 4115 1846 4172 Paracletum
1877 4118 2043 4174 dabit

380 4205 546 4260 vobis
567 4205 608 4258 °.
644 4226 671 4254 »
723 4203 941 4257 Verum
995 4202 1042 4256 si
1103 4217 1414 4272 nunquam
1473 4203 1666 4259 adhuc
1722 4206 2041 4264 advenerat

383 4294 658 4367 Spiritus,
693 4291 992 4362 quomodo
1025 4290 1255 4345 dixerat
1301 4307 1318 4344 :
1355 4313 1382 4339 «
1435 4293 1696 4364 Accipite
1754 4295 2037 4367 Spiritum

383 4387 656 4438 sanctum
688 4379 784 4434 ‘0?
815 4398 841 4431 ο
865 4378 972 4434 Vel
1005 4380 1143 4450 quia
1175 4380 1289 4434 hoc
1347 4379 1594 4452 dixerat,
1657 4400 1904 4455 capaces
1935 4405 2038 4442 eos

379 4472 636 4528 reddens
666 4487 734 4526 ac
763 4469 1010 4524 idoneos
1041 4468 1116 4523 ad
1150 4469 1402 4540 Spiritus
1434 4473 1876 4544 susceptionem
1903 4493 1915 4530 :
1941 4494 2036 4533 ac-

375 4565 662 4634 ceperunt
682 4563 880 4615 autem
902 4557 1138 4628 quando
1170 4557 1497 4613 descendit.
1544 4561 1642 4616 Vel
1677 4563 1833 4633 quod
1864 4565 2033 4621 futu-

2150 1973 2304 2035 εὐθὺς
2357 1974 2739 2052 ἐχωρίσθησαν
2793 1983 3220 2060 Ἰεροσολύμων,
3253 1988 3342 2043 καὶ
3395 1990 3603 2045 τούτων
3652 1988 3806 2046 οὐδὲν

2152 2063 2621 2139 ἐπηκολούθησεν,
2680 2069 2921 2134 ὕποπτος
2981 2073 3042 2130 ἂν
3099 2078 3133 2145 ἡ
3193 2077 3480 2140 ἀνάστασις
3549 2081 3804 2155 ὑπῆρξεν.

2150 2152 2378 2217 ’Ἄλλως
2430 2178 2488 2210 τε
2519 2160 2607 2212 καὶ
2667 2159 2872 2216 πολλοὶ
2913 2165 3044 2230 ἦσαν
3100 2165 3151 2218 οἱ
3200 2164 3497 2240 μέλλοντες
3536 2152 3804 2225 πιστεύειν

2150 2243 2361 2299 αὐτόθι.
2397 2247 2549 2318 Ἀμα
2595 2246 2650 2304 δὲ
2708 2251 2796 2304 καὶ
2857 2245 2963 2306 ἔδει
3019 2257 3325 2328 περιμένειν
3360 2256 3575 2328 αὐτοὺς,
3609 2259 3697 2313 ἳνα
3729 2263 3804 2332 μή

2149 2353 2294 2395 τ.νες
2355 2333 2606 2408 Λέγωσιν,
2667 2341 2750 2394 δτι
2825 2343 2952 2403 τοὺς
3009 2347 3327 2420 γνωρίμους
3365 2347 3611 2424 ἀφέντες,
3665 2351 3810 2421 παρὰ

2150 2427 2266 2484 τοῖς
2296 2423 2466 2492 ξένοις
2497 2425 2663 2495 ἦλθον
2721 2429 3020 2504 κομπάσαι.
3079 2434 3233 2506 Ἀμα
3292 2433 3349 2490 δὲ
3386 2423 3475 2491 καὶ
3512 2440 3588 2510 μή
3623 2459 3709 2493 πω
3737 2441 3806 2512 τῇ

2153 2516 2249 2566 τοῦ
2281 2515 2596 2588 Ηνεύματός
2631 2523 3058 2593 θωρακισθέντες
3106 2521 3357 2598 δυνάμει,
3399 2524 3670 2603 ἄχρηστοι
3701 2550 3806 2584 κα-

2155 2603 2402 2666 θίσταντο
2436 2605 2494 2658 ἂν
2526 2607 2662 2680 πρὸς
2695 2611 2758 2662 τὰ
2783 2614 2889 2664 τῶν
2923 2611 3238 2668 ἀντιπάλων
3282 2615 3626 2689 συμπλοκάς.

2227 2717 2254 2744 ‹‹
2295 2693 2408 2760 Τήν
2439 2693 2762 2770 ἐπαγγελίαν
2796 2703 2894 2752 τοῦ
2926 2702 3159 2776 Πατρός.
3199 2727 3227 2755 ››

2227 2782 2328 2836 Καὶ
2365 2786 2470 2836 ποῦ
2519 2789 2681 2838 τοῦτο
2723 2787 2750 2839 ὁ
2786 2789 2971 2862 Ηατὴρ
3023 2789 3434 2867 ἕπηγγείλατος
3468 2797 3656 2869 Φαμὲν
3687 2795 3810 2866 οὗν,

2155 2868 2240 2924 ὅτι
2301 2871 2426 2938 ἤτοι
2481 2871 2848 2938 ἐλλειπτικῶς
2902 2885 3026 2947 τῆς,
3079 2879 3207 2945 ἀπὸ,
3265 2884 3570 2958 προθέσεως
3628 2883 3710 2941 δεῖ
3747 2889 3810 2942 τὸ

2156 2960 2319 3032 ῥητὸν
2352 2958 2738 3033 ἐκλαμϐάνειν,
2795 2964 2889 3020 ’ίνα
2941 2969 2997 3039 ᾖ,
3054 2973 3360 3044 περιμένειν
3423 2974 3528 3029 ἀπὸ
3567 2981 3664 3030 τοῦ
3697 2982 3805 3031 Ηα·

2152 3049 2280 3120 τρὸς
2309 3051 2407 3118 τήν
2443 3050 2790 3126 ἐπαγγελίαν,
2841 3057 2901 3125 ἣν
2958 3058 3084 3131 ὑμῖν
3147 3059 3495 3134 ἐποιησάμην
3523 3069 3619 3119 τοῦ
3651 3067 3806 3139 ἁγίου

2156 3139 2491 3212 Πνεύματος,
2550 3141 2585 3210 ἤ
2649 3144 2738 3198 καὶ
2799 3145 2905 3213 ὅτι,
2963 3148 3037 3209 ὡς
3086 3148 3245 3211 αὐτός
3295 3173 3479 3229 φησιν’
3539 3156 3606 3211 ’Ἄ
3664 3155 3812 3230 παρὰ

2083 3231 2250 3344 Οτοῦ
2287 3231 2493 3302 Πατρὸς
2555 3233 2787 3302 ἀκήκοα,
2846 3241 3011 3290 ταῦτα
3071 3238 3406 3314 ἀπαγγέλλω
3469 3243 3618 3315 ὑμῖν·
3652 3247 3738 3298 καὶ
3774 3249 3808 3315 ἡ

2154 3321 2249 3344 -Αῗῖ
2285 3318 2430 3344 L_-!-_.
2467 3326 2506 3344 Ιῖ
2549 3342 2561 3344 ,
2585 3323 2597 3339 Ῐ
2837 3323 2850 3342 Ἰ
3040 3326 3059 3344 \
3084 3327 3094 3344 I
3233 3329 3246 3344 Ω
3371 3331 3385 3344 ι
3424 3329 3447 3344 '\
3478 3338 3488 3344 .
3567 3334 3578 3344 ι
3659 3338 3681 3344 ...
3765 3336 3773 3344 ι

2153 3321 2251 3370 τοῦ
2282 3318 2435 3392 ἁγίου
2465 3323 2778 3394 Πνεύματος
2832 3323 3152 3401 ἐπαγγελία,
3203 3329 3248 3384 εἰ
3297 3331 3387 3385 καὶ
3420 3329 3488 3385 δι’
3524 3334 3686 3388 αὐτοῦ
3718 3336 3810 3407 γὲ-

2155 3426 2333 3478 γονεν,
2393 3406 2539 3463 ἀλλά
2594 3413 2681 3465 καὶ
2743 3414 2888 3486 παρά
2941 3421 3042 3469 τοῦ
3105 3419 3313 3492 ηατρὸς
3367 3421 3594 3493 ὑπῆρξεν
3659 3421 3812 3479 Εἷ’δὶ

2153 3496 2243 3549 καὶ
2275 3499 2402 3572 παρ’
2431 3497 2596 3552 αὐτοῦ
2649 3506 2834 3570 ζητεῖς
2877 3508 2976 3558 τοῦ
3010 3507 3345 3582 Ηνεῦματος,
3378 3510 3405 3563 ὁ
3444 3511 3606 3574 ’ίωὴλ
3649 3511 3811 3587 ἐλέγ-

2153 3606 2285 3659 γυοι·
2317 3589 2688 3644 πιστώσασθαι
2718 3590 2809 3645 τὸν
2861 3590 3052 3669 λόγον,
3103 3620 3129 3647 ‹‹
3163 3597 3399 3672 Ἐκχειῖι,
3431 3621 3669 3678 φασκιων,
3705 3603 3813 3658 ἀπὸ

2149 3677 2248 3729 τοῦ
2281 3675 2591 3748 Πνεύματός
2623 3699 2728 3751 μου
2759 3679 2847 3735 ἐπὶ
2881 3688 3050 3738 πᾶσαν
3086 3685 3279 3759 σάρκα.
3315 3709 3340 3738 ι

2226 3785 2253 3813 ‹‹
2283 3767 2380 3819 Ἦν
2411 3765 2678 3834 ἡκούσατὲ
2706 3789 2832 3841 μου.
2868 3795 2890 3825 ι

2222 3854 2363 3909 Πότε
2395 3851 2452 3909 δὲ
2481 3855 2719 3924 ἤκουσαν
2749 3877 2762 3927 ;
2794 3861 2922 3915 Ὃτε
2953 3856 3132 3936 ἔλεγεσ
3186 3889 3212 3915 ‹‹
3251 3865 3520 3941 Συμιεὲρεε
3561 3869 3687 3939 ὑμῖν
3720 3869 3818 3926 ’ἐνα

2149 3939 2258 4016 ἐγὼ
2289 3941 2535 4013 ἀπέλθω,
2592 3945 2682 4000 ἐὰν
2741 3948 2844 4024 γάρ
2902 3949 3010 4023 ἐγὼ
3044 3951 3121 4021 μή
3165 3939 3409 4016 ἀπέλθω,
3449 3939 3482 4010 6
3520 3963 3555 4010 ιι
3575 3958 3817 4030 λεάγλή-

2145 4051 2238 4092 τος
2273 4030 2372 4086 οὐκ
2412 4031 2690 4090 ἐλεύσεται
2721 4038 2857 4109 πρὸς
2909 4039 3071 4111 ὑμᾶς.
3099 4063 3124 4094 ιι
3190 4043 3291 4098 Καὶ
3351 4045 3542 4099 πάλιν·
3599 4077 3624 4098 ι.
3665 4051 3812 4126 Ἐγὼ

2145 4119 2410 4194 ἐρωτήσω
2439 4124 2530 4178 τὸν
2567 4125 2800 4200 Πατέρα,
2849 4127 2940 4181 καὶ
2990 4126 3162 4184 ἄλλον
3209 4133 3566 4206 Παράκλητον
3603 4119 3815 4211 πέμῷει

2148 4208 2297 4299 δμῖν.
2337 4235 2359 4264 ι
2395 4211 2558 4286 Ἀτάρ
2592 4213 2637 4267 εί
2685 4211 2916 4286 μηδέπω
2965 4221 3291 4294 παρεγένετο
3323 4224 3383 4277 τὸ
3417 4224 3657 4299 Ιινεύμα,
3690 4234 3816 4294 πῶς

2144 4293 2320 4394 ξλεγε·
2411 4298 2620 4394 Λάβετε
2650 4308 2868 4394 Πνεῦμα
2912 4307 3066 4394 ἅγιον
3094 4293 3165 4378 ;⁷ι
3224 4311 3260 4380 ἤ
3320 4310 3402 4367 ὅτι
3432 4293 3598 4370 τοῦτ-ο
3632 4313 3808 4394 ἔλεγε,

2145 4386 2422 4452 δεκτικοὺς
2452 4389 2648 4455 αὐτοὺς
2677 4392 2767 4447 καὶ
2799 4393 3144 4466 ἐπιτηδείους
3189 4407 3364 4456 ποιῶν
3395 4402 3470 4465 είς
3524 4405 3624 4472 τήν
3667 4386 3809 4462 ὑπ’οὲ

2144 4476 2320 4552 δοχήν
2350 4483 2448 4534 τοῦ
2481 4481 2817 4554 Πνεύματος’
2889 4481 3086 4541 ἔλαϐον
3151 4488 3209 4544 δὲ
3264 4491 3350 4546 ὅτε
3399 4494 3690 4563 κατῆλθεν.
3725 4499 3797 4556 Ἢ

2142 4568 2224 4622 ὃτι
2255 4571 2318 4624 τὸ
2345 4568 2552 4642 μέλλον
2587 4572 2662 4634 ὡς
2692 4571 2799 4644 ἤδη
2828 4577 3002 4650 παρὸν
3023 4577 3261 4656 εἴρηκεν.
3287 4585 3357 4640 ’Ἠ
3382 4585 3464 4639 ὅτι
3496 4591 3592 4640 τοῦ
3625 4588 3795 4643 [IVS-$-

367 4667 503 4707 rum
533 4656 818 4721 tanquam
840 4664 1105 4719 praesens
1137 4647 1302 4702 dixit.
1341 4649 1446 4704 Vel
1478 4651 1636 4721 quod
1655 4653 1908 4723 Spiritus
1932 4655 2028 4711 da-

2153 4677 2316 4750 ματος
2347 4661 2381 4728 ἡ
2415 4657 2584 4750 δόσις,
2632 4664 2680 4750 ἠγ
2725 4665 2820 4750 μὲν
2875 4647 3200 4742 καθαρτικὴ,
3261 4672 3294 4740 ἡ
3345 4669 3403 4726 δὲ
3447 4673 3798 4750 τελειωτική.

366 4742 580 4806 tio,aut
610 4738 916 4812 purgativa
941 4742 1030 4791 est
1055 4742 1158 4792 aut
1205 4737 1542 4808 perfectiva.
1604 4741 2029 4800 Consummata

369 4847 504 4902 ergo
527 4829 779 4900 Spiritus
811 4826 1186 4899 superventio
1223 4825 1283 4881 in
1316 4825 1704 4899 apostolos,et
1727 4849 1858 4902 quae
1887 4851 2025 4904 per-

370 4919 592 4974 fectum
631 4916 846 4984 reddit,
904 4915 1051 4970 adeo
1109 4920 1178 4970 ut
1233 4916 1383 4971 alios
1441 4933 1678 4989 quoque
1730 4923 2022 4992 perﬁciat,

375 5016 640 5077 tempore
672 5007 1053 5060 Pentecostes
1084 5004 1238 5059 facta
1269 5012 1376 5074 est,
1411 5023 1529 5060 non
1562 5015 1758 5063 autem
1784 5027 1852 5064 eo
1877 5029 2028 5083 pras-

374 5101 540 5150 sente
574 5094 733 5149 venit
765 5111 777 5149 :
812 5110 952 5148 nam
976 5093 1024 5146 si
1085 5098 1226 5148 tunc
1287 5095 1569 5150 Dominus
1624 5097 2024 5172 discessisset,

374 5185 627 5256 Spiritus
660 5200 792 5238 vero
826 5182 1167 5247 mansisset,
1201 5198 1322 5237 non
1355 5182 1564 5239 fuisset
1594 5191 1757 5241 tanta
1809 5205 2025 5244 conso-

373 5274 514 5328 latio
543 5273 718 5327 :adeo
753 5272 910 5326 enim
933 5272 984 5326 ei
1014 5271 1490 5336 adhzerebantmt
1511 5291 1660 5346 aegre
1680 5275 2026 5349 divellipos-

373 5369 525 5420 sent.
563 5365 685 5418 Non
718 5363 916 5417 statim
974 5369 1173 5416 autem
1226 5361 1535 5417 descendit
1594 5365 1869 5434 Spiritus,
1921 5370 2025 5424 sed

369 5459 506 5526 post
534 5458 664 5507 octo
697 5451 966 5507 fortassis
992 5457 1095 5507 aut
1125 5468 1336 5507 novem
1386 5451 1534 5521 dies,
1595 5459 1662 5508 ut
1713 5455 2023 5524 paululum

367 5540 755 5611 constristati,
787 5540 842 5595 ei
873 5539 936 5595 in
967 5539 1262 5595 desiderio
1292 5557 1360 5596 ac
1384 5541 1742 5598 necessitate
1775 5547 2022 5615 promis.

434 5720 458 5754 ⁷
485 5721 610 5778 Joel
638 5737 698 5788 ιι,
729 5722 818 5775 28.

896 5719 922 5755 ⁸
946 5721 1113 5778 Joan.
1148 5738 1260 5791 xw,
1287 5721 1344 5776 7.
1421 5720 1443 5756 ⁸
1470 5721 1639 5778 Joan.
1671 5739 1785 5792 xw,
1825 5729 1910 5784 16.

2135 4745 2200 4798 'd
2235 4745 2326 4798 οὗν
2359 4745 2544 4801 τελεία
2599 4749 2688 4804 καὶ
2745 4749 3114 4826 τελειοποιὸς,
3170 4758 3309 4813 ὥστε
3339 4762 3425 4815 καὶ
3463 4761 3682 4837 ἑτέρους
3712 4745 3807 4821 τέ-

2139 4835 2458 4909 λειοποιεῖν,
2507 4845 2603 4894 τοῦ
2654 4844 2985 4917 Πνεύματος,
3047 4855 3160 4912 τοῖς
3221 4851 3555 4920 ἀποστόλοις
3583 4855 3802 4935 ἐπιφοί-

2136 4945 2313 4995 τησις,
2373 4930 2508 4983 κατὰ
2563 4931 2654 4985 τὸν
2712 4935 2900 5009 καιρὸν
2958 4944 3058 5006 τῆς
3115 4944 3498 5013 Ηεντηκοστῆς
3547 4948 3794 5022 γέγονεν,

2140 5014 2240 5070 οὐκ
2291 5015 2430 5086 ἦλθε
2487 5016 2543 5074 δὲ
2601 5025 2868 5095 παρόντος
2921 5025 3106 5095 αὐτοῦ,
3141 5028 3247 5100 ὅτι,
3290 5031 3336 5085 εἷ’
3365 5033 3393 5087 ὁ
3429 5035 3522 5106 μὲν
3554 5014 3792 5108 dit-ﬁliis,

2143 5106 2199 5159 τὸ
2249 5103 2305 5160 δὲ
2370 5105 2597 5180 ἔμεινεν,
2649 5112 2752 5166 οὐκ
2815 5114 2882 5184 ἧν
2940 5122 3203 5174 τοσοῦτον
3256 5121 3318 5175 τὸ
3374 5130 3476 5191 τῆς
3536 5145 3789 5200 παραμυ-

2137 5194 2291 5287 θίαςί
2342 5196 2560 5273 Σφόδρα
2611 5201 2714 5276 γὰρ
2771 5203 2940 5259 αὐτοῦ
3003 5203 3463 5274 δυσαποσπάστως
3501 5194 3792 5287 εἶχονίυύ

2135 5283 2375 5349 κατῆλθε
2415 5284 2475 5373 δὲ,
2517 5289 2580 5342 τὸ
2626 5295 2842 5364 Πνεῦμα
2888 5294 3108 5368 εὐθέως,
3159 5297 3309 5354 ἀλλὰ
3348 5302 3482 5373 μετᾶ
3515 5275 3658 5358 ὀκτὼ
3698 5328 3797 5362 τυ-

2135 5373 2236 5468 χὸν
2279 5374 2313 5443 ἢ
2364 5372 2511 5430 ἐννέα
2560 5376 2794 5454 ἡμέρας,
2832 5379 2944 5453 ἵνα,
2993 5385 3084 5439 καὶ
3133 5389 3328 5461 μικρὸν
3392 5390 3800 5468 ἀθυμήσαντες,

2132 5459 2224 5515 καί
2252 5461 2303 5516 ἐν
2339 5461 2598 5538 ἐπιθυμίᾳ
2638 5468 2729 5522 καὶ
2758 5473 2948 5550 ’χρείᾳ
2975 5480 3078 5543 τῆς
3136 5459 3459 5554 ἐπαγγελίας
3493 5459 3799 5539 καταστοὶνζ

2128 5571 2239 5620 τες,
2271 5555 2510 5627 καθαρὰν
2569 5558 2659 5610 καὶ
2720 5560 3122 5636 ἀπηρτιτμένην
3165 5563 3420 5636 δέξωνται
3451 5572 3551 5641 τὴν
3597 5572 3685 5628 ἐπὶ
3719 5578 3790 5650 τῇ

1993 5731 2038 5767 ¹⁰
2064 5733 2242 5789 Joan.’
2264 5751 2359 5802 xv,
2393 5737 2481 5793 22.
