4160 6474
361 438 440 498 ιθ
1351 437 1757 500 COMMENT.
1806 437 1896 498 IN
1940 435 2146 498 ACTA
2188 434 2799 500 APOSTOLORUM.
3718 444 3801 502 50

370 569 644 646 παρουσίᾳ
671 568 906 642 ἡδονήν.
937 567 1162 626 Ῥλλως
1195 566 1252 625 δὲ
1281 566 1391 626 ἔδει
1431 571 1483 626 ἐν
1545 571 1761 647 οὐρανῷ
1809 572 2042 650 φανῆναι

2173 571 2345 627 sionis
2375 571 2708 630 constituti.
2739 587 2956 644 purum
2987 588 3054 628 ac
3083 572 3413 645 perfectum
3471 574 3812 646 reciperent

374 662 474 730 τήν
518 657 796 734 ὑμετέραν
862 660 1046 735 φύσιν.
1107 659 1200 716 καὶ
1254 660 1350 724 τὰς
1403 659 1753 738 καταλλαγὰς
1810 660 2047 736 γενέσθαι

373 751 814 824 ἀπηρτισμένας,
857 751 971 826 ικαὶ
1022 750 1147 807 τότε
1200 749 1377 816 ἐλθεῖν
1430 752 1493 806 τὸ
1543 753 1783 826 Πνεῦμα.
1851 749 2047 806 Σκόπει

387 839 586 911 δὲ,⁹ἱνα
615 839 786 896 πάλιν
823 841 963 915 μετᾶ
1003 841 1106 910 τήν
1166 841 1439 915 ἀνάληψιν
1502 842 1579 915 μὴ
1634 841 1870 918 φύγωσι,
1929 843 2046 901 πῶς

385 935 461 1006 τῇ
516 927 831 1006 προσδοκίᾳ
894 930 1065 997 ταύτῃ
1120 929 1362 1006 καθάπερ
1418 930 1528 985 τινὶ
1586 927 1772 1004 δεσμῷ
1825 930 2046 1004 κατέχει

384 1022 589 1082 πάδτας
617 1020 819 1084 αὐτοὺς
847 1021 1041 1078 ἐκεῖσε.

639 1224 665 1252 ιι
697 1200 822 1258 Ὅτι
854 1196 1114 1270 Ἰωάννης
1147 1197 1242 1272 μὶν
1270 1193 1558 1253 ἐϐάπτισεν
1589 1194 1765 1252 ὕδατι.
1803 1220 1831 1248 ››

463 1289 622 1363 Παρὰ
647 1291 748 1359 τὴν
779 1289 960 1364 ἀρχὴν
1015 1289 1068 1343 οἱ
1128 1285 1430 1344 ἀπόστολοι
1490 1286 1647 1342 ὕδατι
1703 1282 2044 1355 ἐϐαπτίσθη-

387 1401 513 1444 σαν,
555 1381 693 1448 μετὰ
736 1383 903 1436 ταῦτα
962 1376 1020 1433 δὲ
1085 1377 1175 1434 καὶ
1225 1379 1370 1455 ἁγίῳ
1427 1375 1724 1448 Πνεύματι.
1787 1377 2046 1439 Ἐνταῦθα

388 1474 643 1547 φανερῶς
678 1466 785 1538 ἢδη
837 1469 898 1522 τὸ
958 1467 1099 1542 πρὸς
1154 1468 1410 1524 Ἰωάννου
1470 1466 1635 1522 αὐτοῦ
1692 1461 2043 1538 ὗπερϐαλλον

389 1563 650 1631 παριστᾷ,
683 1559 789 1633 οὐχ
821 1560 895 1620 ὡς
927 1553 1016 1612 ὅτε
1057 1556 1264 1632 ἔλεγεν.
1328 1579 1357 1609 ‹‹
1386 1557 1444 1612 Ὀ
1507 1556 1830 1632 μικρότερος
1874 1552 1926 1609 ἐν
1974 1558 2043 1627 τῇ

384 1646 644 1721 βασιλέα
673 1653 777 1701 τῶι
812 1647 1080 1720 οὐρανῶν,
1117 1647 1314 1719 μείζων
1349 1645 1602 1703 Ἰωάννου
1634 1643 1798 1701 ἐστίν.
1835 1667 1863 1696 ››

453 1766 482 1790 ιι
517 1747 698 1808 Ὑμεῖς
745 1739 799 1793 δὲ
864 1740 1296 1814 βαπτισθήσεσθε
1350 1737 1403 1794 ἐν
1460 1737 1735 1812 ῙΙνεύματι
1791 1735 1927 1812 ἁγίῳ
1979 1735 2042 1792 οὐ

384 1857 412 1880 ‹‹
454 1832 590 1902 μετὰ
625 1830 832 1890 mili:
863 1829 1064 1892 ταύτας
1093 1828 1322 1904 ἡμέρας,
1357 1851 1386 1880 ιι

2155 660 2218 716 in
2247 661 2375 733 ejus
2397 662 2658 718 adventu
2680 662 2983 736 gaudium.
3008 664 3051 720 5
3079 665 3373 720 Praeterea
3403 669 3602 721 autem
3630 683 3809 738 opor-

2154 749 2313 806 tebat
2333 751 2396 807 in
2418 753 2564 808 caelo
2585 758 2852 808 nostram
2868 769 3212 824 comparere
3240 760 3536 820 naturam,
3572 771 3639 810 ac
3672 772 3811 826 per-

2153 839 2367 897 fectam
2392 843 2520 898 ﬁeri
2547 843 3118 910 reconciliationem,
3144 859 3211 898 ac
3239 850 3380 898 tunc
3398 845 3596 899 venire
3618 844 3811 916 Spiri—

2155 933 2631 990 tum.Considera
2650 940 2872 1001 autem,
2894 950 2970 988 ne
3001 950 3239 988 rursum
3271 938 3404 1004 post
3434 940 3807 1006 assumptum

2152 1020 2472 1077 Dominum
2503 1023 2754 1096 fugiant,
2815 1022 3114 1095 quomodo
3174 1022 3286 1077 hac
3341 1022 3808 1093 exspectatione,

2153 1113 2438 1181 tanquam
2465 1115 2676 1168 catena
2696 1112 2953 1183 quadam
2984 1128 3193 1167 omnes
3221 1127 3322 1167 eos
3350 1110 3474 1165 illic
3531 1112 3807 1167 retineat.

2225 1198 2269 1266 l,
2305 1203 2356 1255 5.
2393 1224 2420 1251 ‹‹
2457 1201 2604 1267 Quia
2625 1203 2884 1258 Joannes
2915 1203 3157 1273 quidem
3190 1199 3506 1272 baptizavit
3535 1216 3709 1271 aqua.
3745 1221 3774 1250 »

2224 1292 2494 1362 Apostoli
2528 1293 2590 1348 in
2622 1293 2792 1348 initio
2857 1310 3011 1362 aqua
3066 1291 3345 1364 baptizati
3397 1296 3556 1360 sunt,
3605 1294 3813 1362 postea

2152 1395 2287 1434 vero
2347 1383 2526 1437 etiam
2589 1388 2791 1438 sancto
2849 1382 3090 1454 Spiritu.
3154 1381 3258 1436 Hic
3309 1380 3435 1452 jam
3493 1379 3810 1435 manifeste

2154 1486 2322 1525 suam
2356 1486 2536 1543 supra
2563 1473 2853 1528 Joannem
2895 1471 3269 1527 demonstrat
3323 1469 3674 1541 potentiam,
3706 1485 3806 1524 ve-

2150 1559 2262 1614 luti
2295 1563 2532 1632 quando
2565 1561 2836 1617 dicebat:
2898 1582 2927 1610 ‹‹
2960 1561 3068 1626 Qui
3131 1560 3328 1616 minor
3380 1564 3472 1614 est
3512 1557 3574 1613 in
3621 1575 3804 1630 regno

2153 1653 2459 1722 caelorum,
2491 1655 2685 1727 major
2713 1659 2942 1710 Joanne
2969 1660 3059 1709 est
3083 1656 3147 1708 ίί.
3188 1675 3215 1704 ››

2225 1764 2252 1793 ‹‹
2289 1745 2401 1799 Vos
2435 1749 2634 1799 autem
2666 1743 3111 1816 baptizabimini
3153 1742 3378 1816 Spiritu
3436 1747 3639 1798 sancto
3685 1758 3810 1798 non

2154 1854 2182 1882 ‹‹
2215 1838 2349 1904 post
2377 1833 2599 1890 multos
2629 1834 2738 1890 hos
2768 1833 2914 1889 dies.
2955 1856 2976 1883 ι

468 1923 926 1988 Benace-(3:005.
956 1919 1127 1987 εἶπεν,
1179 1917 1307 1973 ἀλλ’
1339 1917 1402 1972 οὐ
1434 1916 1708 1988 Βαπτίσω,
1755 1917 1818 1971 τὸ
1865 1914 2032 1989 ἀκόμ-

2227 1923 2887 1994 Baptizabimini.dixit;
2913 1920 3806 1994 non,Baptizabo,mansuetudi~

395 2030 615 2064 ιταστον
651 2006 1024 2079 μεταδιώκων.
1057 2007 1282 2066 ’ΔΛλιυς
1335 2028 1395 2062 τε
1442 2006 1531 2061 καί
1579 2006 1838 2063 Ἰωάννου
1879 2008 2039 2059 τοῦτο

379 2098 835 2171 προδιδάξαντος,
868 2119 921 2152 εν
966 2103 1047 2170 τῷ
1106 2098 1296 2153 εῗπεῖν⁶
1347 2123 1366 2146 ο
1403 2095 1577 2158 Αὐτὸς
1636 2096 1774 2166 ὑμᾶς
1843 2093 2042 2169 βαπτί-

373 2211 458 2244 σει
495 2188 549 2242 ἐν
584 2188 858 2260 live-Spain
890 2187 1037 2262 ἁγίῳ
1094 2187 1182 2241 καὶ
1241 2185 1395 2259 πυρὶ,
1427 2207 1452 2233 »
1511 2187 1736 2257 περιττή
1791 2181 1861 2238 δι’
1919 2185 2039 2238 ἑαυ-

364 2284 470 2333 τοῦ
505 2281 822 2353 προσθήκη.
858 2278 1045 2353 Χωρῖς
1077 2275 1134 2332 δὲ
1189 2274 1384 2338 ὕδατος
1433 2275 1494 2330 οὗ
1552 2276 1803 2350 βαπτίζει
1855 2271 1908 2328 ἐν
1961 2277 2042 2344 τῷ

372 2369 619 2440 ὑπερώῳ
660 2368 846 2441 χάριτι
879 2387 892 2436 ;
924 2367 1013 2421 καὶ
1063 2368 1167 2440 γὰρ
1223 2368 1286 2420 τὸ
1333 2367 1662 2440 κυριώτερον
1715 2365 1778 2419 τὸ
1831 2361 2045 2435 Πνεῦμά

371 2457 518 2527 ἐστι,
556 2455 606 2512 δ’
639 2458 702 2512 οὗ
725 2459 906 2512 καὶτὸ
961 2454 1108 2530 ὕδωρ
1167 2456 1388 2530 ἐνεργεῖ.
1449 2455 1601 2512 Ἐπεὶ
1658 2456 1748 2510 καὶ
1810 2453 2045 2526 Χριστὸς

371 2549 542 2612 αὐτὸς
581 2547 818 2622 Χριστὸς
849 2546 973 2602 ἄνευ
1008 2547 1196 2601 ἐλαίου
1227 2546 1436 2620 γέγονε.

460 2752 492 2778 ιι
524 2728 595 2784 Οἱ
627 2727 724 2800 μὲν
758 2727 855 2780 οὗν
885 2723 1234 2789 συνελθόντες
1265 2724 1564 2801 ἐπηρώτων
1616 2723 1801 2785 αὐτὸν,
1855 2721 2049 2794 λὲγον-

376 2843 404 2870 ι(
435 2837 546 2879 τεςσ
577 2817 769 2884 Κύριε,
803 2816 852 2870 εἱ
880 2815 936 2870 ὲν
990 2818 1072 2886 τῷ
1129 2814 1320 2888 ’χρόνῳ
1377 2813 1558 2885 τούτῳ
1605 2811 2049 2872 ἀποκαθιστάνεις

391 2933 418 2963 ο
448 2911 553 2976 τήν
584 2905 867 2981 βασιλείαν
898 2911 977 2978 τῷ
1007 2904 1228 2981 Ἰσραήλ
1257 2923 1270 2972 ;
1302 2929 1330 2955 ››

462 2997 669 3053 Σκόπει
700 2995 948 3060 ἐνταῦθα.
982 2995 1135 3052 Ἐπεὶ
1194 2994 1301 3068 πρὸ
1351 2997 1448 3048 τοῦ
1495 2992 1700 3056 πάθους
1754 2991 2048 3065 ἠρώτησαν

384 3090 454 3144 τα
491 3087 624 3160 περὶ
656 3085 964 3147 συντελείας
995 3089 1092 3141 τοῦ
1121 3084 1355 3157 κόσμου,
1415 3083 1514 3139 οὐκ
1559 3077 1637 3138 ἔτι
1689 3083 1811 3154 περὶ
1857 3079 2052 3135 τούτου

385 3179 768 3248 ἐπερωτῶσιν·
836 3172 986 3230 ἀλλὰ
1041 3174 1166 3247 περὶ
1227 3172 1509 3248 βασιλείας
1566 3177 1862 3244 κοσμικῆς.
1933 3172 2053 3226 Ἔτι

384 3269 490 3342 γὰρ
550 3263 910 3338 ἀτελέστερον
972 3261 1257 3319 διεγειντο.
1316 3263 1492 3333 Ὀμοῦ
1577 3258 1635 3315 δὲ
1710 3258 2056 3322 συνελθόντες

395 3350 783 3426 ἧρώτων,⁹ἱνα
831 3355 910 3423 τῷ
961 3354 1166 3421 πΛήθει
1220 3347 1640 3416 δυσωπήσωσιν.
1701 3348 2054 3407 Ἀκούσαντες

396 3443 456 3498 δὲ
480 3443 590 3518 πρὸ
620 3443 719 3497 τοῦ
751 3443 976 3510 πάθους,
1020 3439 1103 3495 ὅτι
1135 3437 1313 3503 οὐδεῖς
1345 3437 1463 3494 οἶδε
1483 3440 1582 3507 τήν
1628 3437 1862 3511 ἡμέραν,
1904 3432 2057 3509 ὅμως

1285 3529 1436 3587 Ἐπεὶ
1492 3530 1596 3605 γὰρ
1677 3527 1916 3596 ἥκουσαν
1972 3526 2057 3580 ὅτι

397 3622 670 3696 μέλλουσι
731 3616 1031 3692 λαμϐάνειν
1088 3622 1152 3675 τὸ
1214 3622 1459 3691 Πνεῦμα,
1519 3619 1593 3680 ὡς
1651 3615 1792 3687 ἄξιοι
1859 3615 2056 3670 λοιπὸν

398 3711 602 3781 ἤθελον
635 3713 850 3777 μαθεῖν,
880 3711 974 3766 καὶ
1005 3709 1393 3784 ἀπαλλαγῆναι
1441 3713 1550 3763 τῶν
1603 3705 1884 3785 δυσχερῶν
1937 3705 2060 3761 ἐπε-

392 3535 483 3589 καὶ
546 3536 643 3586 νῦν
698 3529 867 3586 πάλιν
926 3530 1201 3604 ἐρωτῶσιν

413 3801 637 3871 θ’ἷιμυυν.
667 3801 783 3856 Οὐκ
812 3803 966 3856 εἷπον
1000 3798 1081 3870 δὲ,
1115 3801 1251 3857 Πότε
1279 3818 1293 3868 ;
1324 3798 1472 3854 ἀλλ’.
1525 3797 1589 3854 Ei
1641 3796 1692 3851 ἦν
1741 3800 1823 3866 τῷ
1877 3794 2079 3868 χρόνῳ⁴

419 3888 704 3960 τούτοιμῖ
737 3893 871 3957 νῦν;
925 3887 1108 3965 φασίν.
1162 3887 1354 3949 Οὓτως
1416 3884 1719 3959 ἐπεθύμουν
1774 3885 1871 3951 τήν
1921 3881 2062 3954 ἡμὲ-

409 3998 528 4051 ραν.
566 3979 721 4051 Ἐμοὶ
755 3976 813 4032 δὲ
854 3976 1006 4033 δοκεῖ
1063 3974 1188 4032 οὐδὲ
1249 3976 1616 4052 τετρανῶσθαί
1677 3995 1795 4034 πως
1846 3973 2062 4040 αὐτοῖς,

401 4068 456 4121 τί
487 4069 609 4123 ποτ’
655 4068 721 4136 ἦν
780 4070 816 4137 ἡ
875 4065 1146 4143 βασιλεία.
1217 4066 1387 4125 Οὔπω
1442 4069 1544 4141 γὰρ
1601 4067 1667 4135 ἦν
1728 4060 1943 4135 διδάξαν
2000 4060 2063 4114 τὸ

399 4162 645 4231 Πνεῦμα.
683 4157 855 4214 Εἶπον
891 4156 948 4212 δὲ
1005 4159 1093 4220 τὸ,
1147 4185 1170 4209 «
1203 4156 1705 4223 Ἀποκαθιστάνεις,
1736 4176 1762 4204 n
1808 4152 1892 4207 ὅτι
1945 4149 2066 4222 μεί-

401 4253 536 4316 ζονα
568 4244 770 4301 λοιπὸν
802 4246 926 4321 περὶ
956 4247 1127 4302 αὐτοῦ
1184 4245 1563 4323 ἐφαντάζοντο.
1613 4244 1707 4298 Διὸ
1739 4253 1756 4315 ζ
1760 4241 1850 4296 καὶ
1906 4240 2067 4303 αὐτὸς

400 4338 699 4410 ἆνημὲνως
731 4337 917 4399 αὐτοῖς
973 4334 1268 4411 διελέγετο.
1327 4335 1406 4393 Οὐ
1455 4335 1558 4412 γὰρ
1617 4333 1791 4402 εἶπεν,
1849 4327 1989 4389 Οὐδὲ
2037 4330 2066 4385 ὁ

397 4429 528 4488 Υιός
565 4424 732 4494 οἶδεν,
763 4425 913 4491 ἀλλ’,
942 4451 969 4478 ‹‹
1004 4427 1136 4502 Οὐχ
1164 4427 1316 4500 ὑμῶν
1349 4425 1481 4482 ἐστι.
1522 4448 1550 4475 »ι
1584 4423 1687 4479 Καὶ
1716 4423 1808 4476 ἳνα
1837 4421 1914 4494 μή
1937 4421 2066 4474 ἀθυ-

401 4520 682 4589 μτςσωσιν,
714 4517 1004 4593 ἐπήγαγεν.
1041 4544 1065 4569 ιι
1096 4514 1273 4573 Ἀλλᾶ
1328 4513 1568 4589 λήψεσθε
1608 4511 1863 4584 δύναμιν,
1897 4532 1924 4564 ι
1975 4511 2065 4565 καὶ

398 4609 468 4662 τα
498 4607 649 4677 ἑξῆς.
711 4606 816 4663 Καὶ
872 4606 1066 4662 ἐκεῖνοι
1141 4607 1234 4680 μὲν
1294 4605 1356 4660 οὖ
1412 4603 1537 4680 περῖ
1602 4605 1701 4672 τῆς
1758 4599 2066 4663 συντελείας

2151 2026 2289 2065 nem
2322 2011 2690 2083 amplectens
2718 2017 2777 2066 et
2805 2011 3204 2085 arrogantiam
3245 2010 3514 2082 fugiens:
3549 2025 3803 2082 praeser-

2151 2102 2257 2156 tim
2287 2119 2424 2156 cum
2468 2103 2724 2158 Joannes
2782 2102 2948 2174 prius
3007 2101 3118 2156 hoc
3173 2100 3494 2166 docuisset,
3555 2097 3800 2152 dicens:

2153 2214 2179 2240 «
2213 2193 2345 2262 Ipse
2377 2210 2478 2248 vos
2508 2191 2828 2263 baptizabit
2859 2191 2918 2244 in
2948 2191 3166 2261 Spiritu
3201 2193 3404 2244 sancto
3429 2193 3488 2242 et
3525 2187 3647 2258 igni
3672 2185 3737 2252 η,
3773 2203 3799 2235 ι

2154 2283 2524 2354 superﬂuum
2558 2287 2715 2337 esset
2744 2287 2808 2336 ut
2838 2281 2967 2352 ipse
2998 2282 3109 2335 Per
3135 2279 3398 2350 seipsum
3415 2275 3682 2332 adderet.
3709 2276 3812 2329 Ve-

2159 2389 2293 2427 rum
2356 2389 2556 2428 annon
2617 2389 2724 2443 per
2775 2371 3024 2443 gratiam
3081 2368 3336 2440 baptizat
3388 2368 3450 2422 in
3505 2363 3810 2420 caenaculo

2157 2462 2381 2533 absque
2404 2462 2596 2533 aqua?
2621 2462 2858 2532 Utique,
2891 2477 3028 2515 nam
3064 2459 3315 2530 Spiritus
3365 2455 3664 2511 efficacior
3702 2458 3813 2517 est,

2155 2571 2262 2625 per
2285 2571 2462 2624 quem
2524 2553 2703 2607 etiam
2754 2567 2911 2622 aqua
2968 2554 3264 2622 operatur,
3332 2542 3818 2618 quandoquidem

2158 2645 2286 2714 iqse
2320 2660 2558 2714 quoque
2591 2642 2859 2697 Christus
2893 2641 3117 2710 absque
3151 2637 3281 2692 oleo
3313 2637 3595 2690 inunctus
3635 2641 3743 2688 est.

2230 2736 2271 2798 Ι,
2306 2737 2356 2787 6.
2394 2755 2424 2787 ‹‹
2461 2737 2664 2804 Itaque
2706 2730 3042 2804 congregati
3075 2725 3527 2800 interrogabant
3563 2739 3699 2779 eum
3723 2722 3820 2778 di-

2163 2848 2190 2876 ‹‹
2226 2833 2462 2880 centes:
2496 2825 2748 2881 Domine
2778 2839 2919 2878 num
2953 2822 3015 2876 in
3065 2826 3331 2891 tempore
3385 2818 3498 2873 hoc
3545 2816 3816 2873 restituis

2169 2936 2190 2964 ι
2225 2933 2472 2989 regnum
2503 2914 2757 2971 lsraeli?
2790 2936 2818 2964 »

2235 3005 2556 3060 Considera
2612 3004 2728 3059 hic.
2791 3001 3084 3068 Quoniam
3141 3003 3276 3054 ante
3344 2996 3686 3069 passionem
3746 2993 3818 3049 de

2166 3097 2373 3152 mundi
2389 3095 2904 3152 consummatione
2928 3095 3583 3164 interrogaverant,non
3600 3088 3728 3160 jam
3747 3084 3820 3139 de

2166 3189 2275 3243 hoc
2316 3189 2703 3259 interrogant,
2766 3185 2869 3239 sed
2920 3183 2991 3239 de
3046 3180 3352 3237 mundano
3409 3194 3612 3249 regno.
3678 3177 3824 3230 Nam

2095 3308 2139 3376 C
2169 3278 2364 3333 adhuc
2387 3275 2793 3348 imperfectius
2817 3272 3011 3330 aﬂ‘ecti
3041 3276 3211 3326 erant
3239 3267 3426 3323 Simul
3457 3271 3653 3321 autem
3680 3281 3825 3319 con-

2169 3369 2391 3442 gregati
2427 3367 2891 3440 interrogabant,
2925 3371 2991 3418 ut
3012 3360 3398 3418 multitudine
3423 3361 3739 3412 exorarent
3759 3371 3829 3410 ac

2162 3459 2492 3514 ﬂecterent.
2525 3458 2671 3512 Cum
2702 3465 2904 3512 autem
2949 3459 3086 3509 ante
3122 3449 3466 3522 passionem
3497 3445 3829 3505 audissent.

2164 3548 2321 3620 quod
2351 3548 2554 3602 nullus
2585 3546 2742 3601 diem
2776 3549 2997 3607 nosset,
3036 3557 3196 3596 nunc
3238 3545 3439 3593 tamen
3474 3550 3710 3590 rursum
3736 3533 3832 3586 in-

2165 3643 2486 3709 terrogant.
2523 3636 2670 3701 Quia
2729 3635 2888 3689 enim
2947 3630 3264 3687 audierant
3316 3625 3479 3698 quod
3540 3622 3826 3696 Spiritum

2168 3735 2370 3782 essent
2398 3725 2718 3796 accepturi.
2757 3730 3039 3793 tanquam
3088 3722 3214 3791 jam
3273 3716 3458 3789 digni.
3511 3713 3663 3768 scire
3715 3712 3826 3766 hoc

2165 3816 2443 3872 volebant
2487 3821 2545 3869 et
2566 3812 3045 3868 haesitationibus
3069 3808 3311 3864 liberari
3338 3804 3679 3877 cupiebant.
3697 3803 3823 3856 Non

2167 3913 2365 3962 autem
2398 3906 2712 3961 dixerunt:
2746 3899 2991 3967 Quando
3014 3898 3041 3954 ?
3073 3916 3099 3952 s
3140 3896 3214 3950 d:
3247 3897 3395 3950 Num
3446 3893 3507 3946 in
3557 3899 3824 3961 tempore

2168 3995 2308 4052 hoc?
2325 4002 2520 4051 utrum
2547 3986 3191 4062 nunc?inquiunt;adeo
3207 3985 3361 4039 diem
3380 3979 3824 4038 desiderabant.

2169 4090 2351 4142 Porro
2375 4085 2650 4139 videntur
2681 4080 2822 4137 mihi
2859 4092 3236 4150 nequaquam
3272 4071 3584 4146 perspicue
3608 4084 3826 4140 cogno-

2170 4178 2322 4233 visse
2355 4175 2499 4248 quid
2533 4179 2691 4230 esset
2740 4187 3010 4244 regnum.
3074 4165 3346 4223 Nondum
3407 4162 3567 4217 enim
3627 4159 3834 4214 aderat

2172 4246 2425 4337 Spiritus
2453 4263 2552 4335 qui
2586 4278 2687 4317 eos
2718 4261 2982 4316 doceret.
3018 4257 3307 4312 Dixerunt
3335 4257 3556 4314 autem,
3583 4273 3608 4298 «ι
3644 4246 3836 4302 Resti-

2174 4357 2290 4412 tuis
2317 4372 2330 4410 :
2356 4377 2385 4406 »
2411 4370 2550 4409 nam
2571 4350 2939 4424 majorajam
2965 4347 3038 4402 de
3061 4347 3191 4417 ipso
3226 4339 3674 4412 concipiebant:
3704 4335 3837 4391 ideo

2175 4447 2355 4502 etiam
2392 4445 2518 4516 ipse
2551 4442 2818 4514 apertius
2851 4454 2986 4493 cum
3019 4436 3106 4491 eis
3138 4430 3490 4489 disserebat.
3525 4430 3651 4483 Non
3677 4427 3838 4481 enim

2174 4536 2344 4600 dixit,
2374 4536 2575 4605 Neque
2599 4531 2781 4586 Filius
2801 4525 3126 4593 novit,sed:
3153 4547 3180 4575 «
3207 4524 3332 4578 Non
3365 4525 3455 4575 est
3486 4522 3747 4572 vestrum
3801 4536 3829 4564 ι)

2175 4630 2245 4684 Et
2273 4646 2348 4684 ne
2380 4625 2930 4686 constristarentur,
2993 4614 3338 4688 subjunxit:
3372 4611 3421 4666 6
3461 4632 3489 4661 «
3525 4607 3638 4664 Sed
3678 4605 3836 4662 acci-

401 4697 731 4770 ἠρώτησαν,
765 4696 921 4758 αὐτὸς
981 4693 1038 4751 δὲ
1079 4697 1108 4751 ὅ
1145 4695 1244 4751 οὐκ
1299 4695 1592 4768 ἠρώτησαν
1657 4689 1918 4748 διδάσκει·
1980 4691 2055 4745 ὅτι

2179 4721 2357 4792 pietis
2387 4719 2684 4783 virtutem,
2721 4736 2750 4764 »
2783 4718 2840 4767 et
2865 4683 3204 4766 caeteraJEt
3233 4704 3320 4759 illi
3339 4701 3578 4774 quidem
3603 4698 3675 4752 de
3699 4712 3835 4792 con-

408 4787 641 4862 ἆρὶστου
675 4782 1004 4842 διδασκάλου
1038 4786 1173 4855 ἐστὶ,
1210 4787 1286 4860 μὴ
1320 4785 1351 4840 ἃ
1383 4784 1678 4861 βούλονται
1713 4785 1765 4840 οἱ
1803 4781 2064 4856 μαθηταῖ,

409 4875 540 4930 ἀλλ’
577 4872 611 4928 ἄ
669 4873 928 4953 συμφέρει
992 4879 1205 4949 μαθεῖν,
1261 4871 1550 4932 διδάσκειν,
1612 4873 1709 4928 Διά
1763 4893 1848 4926 τοι
1905 4875 2068 4924 τοῦτο

411 4965 478 5020 οὐ
513 4965 657 5039 πρὸς
687 4965 785 5034 τήν
835 4964 1102 5040 ἐρώτησιν
1163 4965 1494 5036 ἀπήντησεν,
1554 4965 1630 5026 ὡς
1685 4959 1854 5036 μηδὲν
1901 4957 2070 5036 ἓχου-

406 5076 502 5109 σαν
562 5054 835 5130 χρηστὸν,
891 5052 1037 5110 ἀλλὰ
1091 5055 1154 5110 τὸ
1239 5059 1556 5129 κατεπεῖγον
1635 5050 1903 5108 ἐδίδασκε·
1947 5039 2070 5105 ῑτοῦ

403 5143 729 5217 Πνεύματος
761 5145 862 5219 γὰρ
893 5145 961 5214 ἦν
993 5143 1156 5221 χρεία
1189 5143 1430 5217 μάλιστα
1461 5145 1650 5207 αὐτοῖς
1676 5143 1821 5200 τότε.

476 5438 507 5467 ιι
540 5414 689 5471 Εἷπε
718 5410 779 5469 δὲ
827 5414 968 5489 πρὸς
1022 5413 1243 5478 αὐτούς’
1301 5415 1429 5489 Οὐχ
1488 5415 1642 5487 ὑμῶν
1703 5410 1813 5468 ἐστι
1869 5413 2070 5486 γνῶναι

407 5527 436 5558 α
472 5504 712 5580 χρόνους
745 5505 780 5574 ἢ
812 5504 1058 5581 καιρούς.
1094 5528 1123 5557 ››

479 5599 777 5671 Ηανταχοῦ
799 5601 905 5665 τῆς
931 5597 1042 5650 τῶν
1101 5592 1418 5667 μελλόντων
1468 5594 1671 5655 αὐτοὺς
1731 5588 2071 5667 ἀποτειχίζει

485 5782 529 5817 ¹¹
560 5780 770 5839 Matth.
801 5795 882 5849 xx,
922 5777 1012 5834 li.
1091 5775 1136 5812 “
1163 5776 1365 5833 Matth.
1396 5793 1485 5848 ιιι,
1517 5779 1606 5832 Η.

2180 4807 2583 4865 summatione
2613 4819 2733 4858 non
2766 4800 3230 4870 interrogarunt,
3263 4793 3390 4864 ipse
3417 4804 3552 4843 vero
3576 4785 3750 4841 docet
3770 4783 3829 4837 id

2181 4899 2339 4972 quod
2368 4914 2489 4953 non
2520 4894 2980 4964 interrogarunt.
3016 4883 3319 4956 Siquidem
3350 4877 3559 4951 optimi
3614 4891 3833 4947 praece-

2181 4991 2328 5047 toris
2347 4992 2437 5044 est
2456 4985 2670 5041 docere
2692 4998 2814 5037 non
2838 4996 2969 5050 quas
2992 4973 3271 5046 discipuli
3304 4971 3530 5027 discere
3563 4965 3833 5037 cupiunt,

2183 5079 2285 5138 sed
2318 5094 2451 5150 quia
2480 5074 2568 5129 eis
2597 5071 2772 5129 utilia
2802 5073 2960 5124 sunt.
3007 5067 3331 5136 Propterea
3387 5053 3840 5127 interrogationi

2180 5187 2304 5225 non
2334 5143 2678 5238 respondet,
2712 5165 2780 5216 ut
2827 5175 2959 5230 qum
3020 5153 3174 5210 nihil
3228 5151 3478 5207 haberet
3530 5143 3831 5210 utilitatis,

2182 5258 2288 5315 sed
2318 5237 2477 5329 quod
2503 5251 2692 5325 magis
2722 5247 2971 5321 urgebat
2999 5243 3238 5299 docuit:
3296 5237 3520 5311 Spiritu
3574 5247 3837 5302 namque

2182 5353 2324 5403 tunc
2364 5343 2620 5402 maxime
2654 5339 2775 5394 illis
2805 5353 2956 5409 opus
2985 5337 3132 5390 erat.

2253 5443 2299 5508 Ι,
2333 5440 2385 5491 ’7.
2420 5457 2448 5486 ιι
2485 5431 2642 5488 Dixit
2671 5433 2871 5485 autem
2904 5425 3028 5481 eis:
3063 5425 3192 5479 Non
3222 5425 3313 5476 est
3349 5422 3612 5474 vestrum
3660 5425 3840 5470 nosse

2183 5551 2212 5581 «
2245 5534 2517 5598 tempora
2540 5521 2632 5577 vel
2659 5525 2995 5590 temporum
3028 5510 3528 5587 Opportunitates.
3563 5528 3592 5557 »

2259 5590 2486 5688 Ubique
2540 5612 2877 5668 futurarum
2942 5603 3280 5677 cognitione
3361 5613 3564 5653 rerum
3645 5590 3839 5663 privat
