4160 6416
327 478 403 538 53
1351 481 1764 546 COMMENT.
1811 479 1891 540 IN
1935 478 2136 539 ACTA
2186 477 2795 541 APOSTOLORUM.
3702 483 3781 541 54

339 610 624 687 δεόμενος,
677 635 778 670 και
837 615 1034 671 ἳππων
1085 617 1148 673 τὸ
1195 617 1370 691 τάχος
1435 615 1584 688 αὖτῷ
1636 614 2005 670 κατανυόντων

2129 631 2265 669 vero
2295 631 2498 670 servus
2522 621 2668 682 erat,
2701 615 2956 686 ideoque
2989 631 3225 672 sursum
3256 615 3485 673 ferente
3509 618 3782 674 vehiculo

342 709 438 769 τῆς
469 702 584 758 ἂνω
615 705 876 777 πορείας.
913 705 1010 760 Διὸ
1071 705 1162 760 καὶ
1219 704 1304 761 ἐπ’
1361 705 1569 762 ἐκείνου
1629 705 1724 775 μὶν
1774 701 2011 773 εἴρηται·

349 790 541 865 Ἀνὲϐη
599 795 801 858 Ἠλίας
857 795 915 851 ἐν
977 802 1288 872 συσσεισμῷ
1349 798 1427 860 ὡς
1480 797 1556 859 είς
1607 797 1699 852 τὸν
1755 793 2010 870 οὐρανόν.

344 884 470 942 Ἐπὶ
501 882 559 940 δὶ
581 891 682 941 τοῦ
715 886 951 961 Κυρίου,
1012 887 1095 943 τό·
1159 888 1542 962 Ηορευομὲνου
1589 885 1756 942 αὐτοῦ
1789 885 1865 946 εἷς
1922 885 2014 940 τὸν

346 973 592 1050 οὐρανόν.
629 977 737 1030 Δύο
773 973 832 1032 δὲ
863 974 1056 1052 ἄνδρες
1112 975 1475 1056 λευχείμονες
1533 980 1854 1032 πιστοῦνται
1911 977 2012 1044 τὴν

347 1063 421 1126 είς
482 1065 750 1136 οὐρανοὺς
808 1067 1242 1122 ἀποκατάστασιν
1331 1071 1430 1123 τοῦ
1487 1066 1715 1141 Κυρίου,
1779 1063 1868 1120 διὰ
1922 1065 2007 1133 τὸ,

349 1177 377 1205 ‹‹
411 1155 535 1210 Ἐπέ
569 1152 669 1210 δύο
698 1155 736 1226 ἤ
769 1161 940 1232 τριῶν
969 1157 1256 1231 μαρτύρων
1282 1156 1376 1212 τὸν
1434 1154 1600 1232 λόγον
1654 1155 2009 1210 καθίστασθαι

349 1238 596 1319 βέϐαιον.
636 1270 662 1296 η

417 1358 444 1384 ε(
480 1334 585 1391 Καὶ
619 1335 694 1396 ὡς
751 1334 1083 1406 ἀτενίζοντες
1141 1338 1300 1406 ἦσαν,
1355 1335 1433 1399 sic
1484 1335 1576 1391 τὸν
1633 1336 1856 1410 οὐρανὸν
1906 1356 2005 1392 πο-

349 1443 372 1472 ι
406 1426 710 1496 ρευομὲνου
737 1425 923 1492 αὐτοῦ,
954 1426 1048 1480 καὶ
1073 1422 1191 1480 ἰδοὺ
1214 1422 1399 1500 ἂνδρες
1426 1422 1523 1480 δύο
1553 1428 2005 1502 παρειστήκεισαν

343 1536 372 1563 α
400 1512 589 1575 αὐτοῖς
620 1512 672 1568 ἐν
706 1513 896 1583 ἐσθῆτι
927 1513 1120 1589 λευκῇ.
1156 1539 1185 1568 ››

412 1599 644 1670 νΑνδρες
676 1600 765 1658 διὰ
806 1605 907 1674 τήν
963 1602 1231 1680 ἐνεργειαν
1293 1605 1345 1660 οἱ
1402 1605 1623 1680 ἄγγελοι
1683 1605 2005 1684 φαινόμενοι

338 1692 776 1766 γρηματίζουσι,
811 1694 949 1748 κατᾶ
1001 1694 1065 1748 τὸ
1119 1694 1370 1770 συγγενὲς
1425 1695 1524 1750 τοῦ
1583 1695 2006 1770 ὁράματος,ἳνα

340 1793 417 1853 μή
451 1779 638 1837 τέλεον
677 1781 995 1854 ἐκπλήξωσι
1024 1783 1152 1848 τοὺς
1211 1782 1322 1856 ἤδη
1377 1789 1460 1858 τῷ
1505 1785 1635 1858 ξένῳ
1663 1790 1766 1855 τῆς
1795 1783 2002 1855 ἀναλή-

339 1874 488 1943 ψεως
518 1869 1034 1946 ἐκπεπληγμένους.

2125 710 2394 778 egens.et
2415 705 2585 777 equis
2605 706 2704 777 qui
2719 706 3090 761 velocitatem
3114 705 3348 762 itineris
3367 707 3454 761 illi
3481 713 3781 780 pararent.

2122 794 2348 850 Idcirco
2381 796 2558 851 etiam
2591 795 2664 852 de
2693 797 2805 851 hoc
2837 796 3062 852 dictum
3091 801 3182 851 est
3224 813 3237 851 :
3294 797 3578 853 Ascendit
3625 798 3784 854 Elias

2123 883 2184 939 in
2219 884 2454 940 turbine
2487 893 2771 956 tanquam
2804 886 2865 941 in
2898 886 3112 942 malum
3147 905 3162 953 ;
3195 886 3268 942 de
3311 887 3562 942 Domino
3593 904 3728 944 vero
3765 905 3779 944 :

2123 975 2311 1029 Eunte
2338 974 2440 1028 illo
2477 975 2537 1029 in
2569 976 2803 1030 cmlum.
2842 977 2966 1030 Duo
2997 981 3195 1032 autem
3229 976 3338 1030 viri
3383 976 3536 1031 albis
3585 977 3780 1032 induti

2119 1064 2482 1119 confirmant
2505 1065 2738 1119 Domini
2771 1065 2830 1120 in
2863 1065 3043 1121 cmlos
3069 1065 3506 1120 restitutionem
3535 1073 3779 1138 propter

2119 1151 2177 1206 id
2212 1152 2370 1223 quod
2401 1152 2658 1209 dicitur:
2695 1176 2721 1202 α
2748 1155 2861 1209 Per
2889 1154 3041 1210 duos
3070 1160 3172 1210 aut
3216 1160 3337 1210 tres
3369 1160 3550 1211 testes
3581 1171 3776 1210 sermo

2118 1241 2328 1297 firmus
2351 1244 2738 1298 constituitur
2768 1243 2832 1299 ‘7.
2872 1268 2893 1293 ι

2187 1331 2231 1400 Ι,
2267 1335 2356 1388 10.
2390 1356 2417 1382 ‹‹
2443 1333 2709 1405 Cumque
2739 1334 2989 1389 intentis
3020 1340 3221 1390 essent
3249 1334 3642 1401 oculis,eunte
3669 1335 3774 1391 illo

2114 1443 2144 1473 ‹‹
2177 1422 2239 1477 in
2272 1423 2486 1478 caelum
2519 1437 2533 1478 :
2566 1431 2622 1478 et
2652 1441 2791 1481 ecce
2822 1425 2937 1480 duo
2969 1425 3075 1480 viri
3134 1425 3453 1481 astiterunt
3512 1425 3659 1496 ipsis
3711 1426 3774 1480 in

2112 1535 2142 1564 ‹‹
2173 1517 2333 1568 veste
2370 1513 2506 1569 alba
2530 1535 2556 1562 »ι

2182 1602 2391 1676 Angeli
2424 1610 2780 1675 apparentes
2811 1609 3055 1676 propter
3083 1605 3489 1676 Operationem
3522 1605 3629 1660 viri
3657 1623 3772 1678 ap-

2112 1691 2438 1762 pellantur,
2462 1693 2638 1763 juxta
2666 1693 2910 1748 visionis
2943 1693 3353 1766 cognationem
3382 1710 3495 1748 :ne
3526 1695 3773 1750 omnino

2111 1787 2570 1837 consternarent
2597 1799 2699 1838 eos
2730 1783 2831 1854 qui
2877 1783 3007 1856 jam
3048 1784 3307 1840 novitate
3341 1783 3772 1856 assumptionis

2111 1869 2373 1942 perculsi
2407 1877 2597 1927 erant.

412 1983 440 2013 ι
471 1958 542 2018 0³ἷ
592 1963 684 2017 καὶ
743 1964 917 2019 εἶπον
976 1960 1202 2040 ’Ἄνδρες
1253 1962 1570 2034 Γαλιλαῖοι,
1621 1963 1677 2020 τί
1738 1963 2000 2034 ἒστήκατε

2183 1984 2211 2012 ‹‹
2237 1961 2279 2027 l,
2315 1964 2401 2016 Η.
2435 1961 2542 2027 Qui
2575 1967 2634 2018 et
2665 1962 2981 2018 dixerunt:
3007 1964 3126 2019 Viri
3150 1963 3399 2031 Galilaai,
3424 1964 3566 2037 quid
3597 1966 3768 2021 statis

338 2073 366 2102 ι(
398 2046 775 2122 ἐμϐλέποντες
806 2053 883 2116 εἷς
909 2056 1001 2110 τὸν
1032 2053 1258 2128 οὐρανόν
1290 2074 1303 2124 ;
1341 2079 1368 2107 ››

413 2137 642 2216 Ἀνδρες
720 2141 974 2219 ἀνδράσιν
1031 2142 1292 2214 ἐλάλουν,
1349 2145 1440 2200 καὶ
1500 2142 1654 2220 ὅμως
1713 2143 1813 2199 οὐκ
1859 2145 1994 2213 ἦσαν

336 2229 636 2303 ὁμοοῦσιοι
665 2231 962 2303 ἀλλήλοις.

413 2341 440 2374 ι
471 2320 649 2383 Οὗτος
679 2322 709 2376 ὁ
741 2323 952 2393 Ἰησοῦς
987 2324 1015 2378 ὁ
1044 2321 1375 2401 ἀναληφθεὶς
1403 2323 1494 2402 ἀφ’
1553 2324 1706 2398 ὑμῶν
1766 2323 1845 2385 είς
1899 2323 1990 2378 τὸν

334 2435 362 2461 κ
391 2408 646 2484 οὐρανὸν,
675 2412 851 2474 οὓτως
877 2411 1179 2483 ἐλεύσεται,
1213 2414 1271 2468 ὅν
1301 2414 1505 2490 τρόπον
1559 2413 1847 2478 ἐθεάσασθε
1893 2413 1992 2467 αὖ·

332 2522 361 2549 α
391 2499 489 2554 τὸν
517 2500 888 2575 πορευόμενον
911 2501 989 2565 εἷς
1023 2503 1110 2557 τὸν
1141 2501 1388 2578 οὐρανόν.
1424 2526 1452 2555 ››

404 2593 522 2646 Ἵνα
557 2592 634 2662 μή
670 2586 1011 2666 θορυϐῶνται
1063 2593 1115 2647 οἱ
1177 2593 1440 2667 μαθηταὶ,
1497 2593 1588 2648 καὶ
1646 2592 1721 2654 ὡς
1771 2591 2000 2668 οἷχομὲ-

331 2699 430 2733 νου
489 2684 591 2734 τοῦ
649 2677 1006 2751 διδασκάλου,
1055 2682 1146 2738 καὶ
1201 2687 1299 2738 τοῦ
1359 2682 1614 2757 σώματος
1662 2685 1810 2756 αὐτῷ
1857 2680 2003 2758 διαρ-

338 2769 586 2844 ῥυέντος,
622 2771 938 2828 ἀνέλπιστοι
973 2773 1170 2830 λοιπὸν
1204 2773 1303 2830 ὦσι
1335 2781 1438 2844 τῆς
1496 2773 1580 2830 ἐπ’
1630 2775 1782 2847 αὐτῷ
1828 2795 2002 2849 προσ-

339 2856 553 2930 δοκίας,
588 2862 680 2916 καὶ
714 2859 802 2917 διὰ
834 2867 997 2919 τοῦτο
1050 2861 1224 2927 ἄλλος
1271 2861 1532 2943 ἀλλαχοῦ
1577 2861 2003 2919 διάσκεδασθῶσι

339 2947 524 3022 δειλίᾳ
565 2951 658 3006 καὶ
720 2948 894 3031 $66.9-
958 2953 1157 3009 τούτου
1214 2953 1379 3030 χάριν
1439 2953 1751 3032 ἐφίστανται
1810 2954 1861 3008 οἱ
1911 2952 2006 3008 ἄν-

341 3037 486 3115 δρες,
519 3039 615 3095 καὶ
646 3043 748 3111 τήν
777 3040 854 3104 εἷς
909 3041 1132 3118 οὐρανὸν
1193 3040 1389 3098 ἄνοδον
1446 3043 1632 3107 αὐτοῖς
1681 3041 2003 3115 δηλοῦντες,

340 3128 430 3183 καὶ
463 3129 568 3198 τήν
627 3133 729 3185 τοῦ
777 3128 1271 3205 προσειλημμένου
1317 3133 1575 3206 σώματος
1627 3131 1897 3207 διαμονήν
1947 3153 2006 3186 τε

338 3219 430 3274 καὶ
456 3219 760 3294 σωτηρίαν,
794 3216 864 3274 δι’
896 3219 971 3275 ὧν
1028 3242 1206 3298 φασιν.
1249 3221 1422 3284 Οὗτος
1475 3223 1503 3276 ὁ
1561 3223 1776 3293 Ἰησοῦς
1831 3221 2005 3285 οὕτως

341 3307 622 3363 ἰΑεῦσεται
653 3306 838 3364 πάλιν.
892 3309 991 3366 Διᾶ
1039 3307 1098 3366 δὲ
1151 3315 1250 3366 τοῦ
1317 3311 1509 3368 εἰπεῖν’
1570 3311 1640 3370 Τί
1689 3313 2003 3383 ὲστήκατες

342 3397 778 3474 ὑπαγορεῦουσιν
861 3399 1072 3470 αὐτοῖς,
1131 3407 1232 3470 τῆς
1291 3401 1417 3476 περὶ
1475 3406 1639 3458 τοῦτο
1701 3400 2002 3480 ἀφεμένους

339 3486 639 3566 ἀσχολίας,
671 3489 810 3562 πρὸς
834 3489 933 3558 τὴν
989 3488 1360 3565 Ἰερουσαλὴμ
1417 3489 1832 3566 παραγενέσθαι,
1867 3491 2004 3547 κατᾶ

342 3577 404 3631 τὸ
436 3581 535 3632 τοῦ
567 3577 772 3654 Κυρίου
803 3577 1198 3656 παράγγελμα,
1258 3580 1342 3650 τὸ,
1403 3581 1544 3638 Ἀπὸ
1602 3578 2006 3655 Ἰεροσολύμων

350 3668 426 3737 μή
460 3667 814 3741 χωρίζεσθαι.
849 3668 942 3723 Διὸ
983 3669 1073 3724 καὶ
1132 3670 1588 3748 παραγενόμενοι,
1621 3669 1701 3726 ἔτι
1763 3670 2003 3745 ὑπότρο-

360 3775 457 3826 μοι
483 3751 625 3816 ὄντες
653 3754 744 3812 διὰ
775 3759 875 3828 τὴν
898 3761 996 3813 τοῦ
1028 3755 1360 3814 διδασκάλου
1419 3758 1708 3828 ἀπουσίαν,
1779 3760 1880 3815 οὐκ
1928 3759 2005 3822 εἰς

359 3844 461 3911 τήν
487 3841 641 3898 πόλιν
666 3843 1079 3926 ἀνεστρέφοντο,
1137 3845 1268 3902 ἀλλ’
1321 3847 1397 3910 είς
1449 3849 1512 3904 τὸ
1573 3849 1816 3922 ὑπερῶον
1883 3846 2005 3903 ἀνέ-

353 3927 547 4003 ϐησαν,
601 3935 675 3996 ὡς
733 3936 806 3997 εἷς,
885 3934 1286 4016 ἀσφαλέστερον
1355 3936 1447 3993 καὶ
1531 3938 1760 4017 κρύφιον
1816 3937 2003 3994 τόπον.

348 4023 509 4098 Λέγει
569 4021 627 4079 δὲ
691 4026 720 4080 ὁ
752 4027 1171 4101 Χρυσόστομος,
1233 4027 1308 4089 ὡς
1365 4026 1417 4082 ἐν
1473 4025 1654 4102 ἡμέρᾳ
1714 4022 2006 4083 Σαϐϐάτου

346 4113 568 4190 γέγονεν
596 4116 632 4184 ἠ
664 4113 956 4190 ἀνάληψις.
991 4116 1086 4171 Διὸ
1142 4117 1233 4172 καὶ
1294 4116 1714 4191 ἐπισημαίνεται
1741 4118 1826 4187 τὸ,
1862 4115 2006 4174 Σαϐ-

344 4198 519 4258 ϐάτου
564 4201 696 4281 ἕχον
753 4201 896 4260 ὁδόν·
925 4203 1014 4260 ’ίνα
1078 4207 1152 4279 μή
1215 4202 1440 4276 δόξωσιν
1496 4207 1571 4266 ὡς
1626 4205 1678 4261 ἐν
1735 4201 2009 4280 Σαϐϐάτῳ

339 4291 560 4348 πλείονι
591 4300 694 4362 τῆς
726 4290 1019 4364 διατάξεως
1045 4301 1148 4365 τῆς
1175 4295 1282 4350 ἀπὸ
1313 4299 1410 4350 τοῦ
1461 4296 1634 4370 νόμου
1665 4297 2009 4371 χρησάμενοι

339 4387 590 4456 πεζοπορ
602 4382 672 4453 ίᾳ.

415 4496 444 4524 ι(
476 4473 618 4528 Τότε
661 4473 997 4548 ὑπέστρεψαν
1030 4473 1107 4536 είς
1133 4473 1502 4550 Ἰερουσαλήμ
1549 4475 1656 4532 ἀπὸ
1715 4476 1880 4549 ὅρους
1910 4482 2010 4533 τοῦ

347 4584 374 4616 α
405 4559 758 4634 καλουμένου
799 4561 1118 4633 Ἐλαιῶνος,
1152 4563 1183 4619 ὅ
1236 4564 1379 4622 ἐστιν
1436 4564 1600 4644 ἐγγὺς
1647 4564 2012 4641 Ἰερουσαλὴμ

345 4676 372 4704 ιι
417 4645 719 4708 Σαϐϐάτου
748 4648 877 4732 ἔχον
910 4650 1053 4709 ὁδόν.
1083 4677 1112 4704 ι)

2108 2073 2135 2100 ‹‹
2170 2051 2476 2106 intuentes
2503 2052 2563 2107 in
2583 2053 2796 2108 ccelum
2818 2054 2847 2108 ?
2866 2075 2894 2104 »

2179 2143 2296 2196 Viri
2324 2143 2466 2198 viris
2505 2141 2924 2214 loquebantur.
2959 2161 3070 2200 nec
3115 2149 3313 2201 tamen
3345 2145 3560 2202 similis
3591 2151 3763 2202 erant

2102 2231 2471 2288 substantiae.

2176 2344 2203 2371 ι(
2231 2321 2333 2376 Hic
2361 2323 2530 2378 Jesus
2559 2323 2662 2394 qui
2684 2327 3027 2395 assumptus
3057 2330 3148 2380 est
3175 2341 3210 2380 a
3238 2324 3402 2380 vobis
3431 2325 3494 2381 in
3515 2325 3754 2395 caelum,

2107 2411 2238 2466 «ita
2261 2410 2457 2467 veniet
2477 2412 2983 2483 quemadmodum
3007 2413 3238 2470 vidistis
3273 2431 3408 2471 eum
3431 2402 3676 2472 euntem
3707 2417 3769 2471 in

2107 2523 2137 2551 ‹‹
2170 2501 2406 2560 coelum.
2429 2522 2458 2551 »

2183 2594 2264 2648 Ne
2297 2592 2614 2650 turbentur
2635 2592 2936 2666 discipuli,
2968 2594 3218 2652 etveluti
3244 2601 3533 2668 pereunte
3555 2596 3601 2653 8
3628 2613 3778 2670 prai-

2111 2686 2351 2753 ceptore
2383 2698 2450 2738 ac
2481 2681 2792 2739 difﬂuente
2823 2683 2911 2738 illi
2945 2700 3214 2756 corpore,
3244 2701 3347 2757 spe
3379 2684 3786 2741 destituantur

2119 2773 2180 2827 in
2211 2778 2514 2845 posterum
2549 2789 2665 2844 qua
2698 2775 3134 2845 exspectandus
3166 2781 3312 2841 erat,
3361 2783 3422 2832 et
3463 2784 3781 2850 propterea

2118 2862 2274 2918 alius
2305 2863 2422 2918 alio
2446 2862 2824 2936 dispergatur
2879 2870 3044 2920 metu
3099 2881 3165 2920 ac
3223 2866 3477 2922 timore:
3521 2867 3595 2922 ob
3627 2866 3780 2923 hanc

2120 2968 2362 3008 causam
2409 2952 2737 3008 adveniunt
2781 2953 2912 3022 viri,
2956 2960 3016 3009 et
3072 2971 3388 3010 ascensum
3441 2956 3503 3010 in
3562 2956 3778 3012 cmlum

2120 3043 2267 3114 ipsis
2299 3043 2754 3098 manifestantes
2787 3049 2843 3098 et
2875 3043 3142 3115 corporis
3182 3045 3660 3115 permanentiam
3710 3061 3788 3101 ac

2120 3131 2376 3187 salutem
2409 3131 2502 3186 his
2533 3131 2729 3186 verbis
2761 3132 2979 3204 quibus
3005 3133 3215 3188 dicunt
3249 3149 3262 3188 :
3313 3135 3420 3189 Hic
3478 3135 3648 3190 Iesus
3704 3135 3790 3190 ita

2120 3237 2357 3276 rursum
2388 3221 2612 3275 veniet.
2645 3223 2758 3276 Per
2778 3222 2892 3277 hoc
2922 3228 3121 3278 autem
3153 3222 3314 3294 quod
3372 3223 3577 3279 aiunt:
3633 3224 3783 3292 Quid

2121 3311 2288 3366 statis
2311 3309 2688 3366 ?admonent
2709 3310 2846 3366 illos
2877 3315 2963 3380 ut,
2994 3311 3204 3367 relicta
3263 3328 3406 3368 cura
3461 3311 3535 3367 de
3595 3329 3666 3368 ea
3693 3330 3779 3382 re,

2117 3398 2486 3470 Jerosolyma
2514 3399 2781 3455 redirent
2793 3399 2966 3472 juxta
2999 3400 3235 3455 Domini
3268 3405 3779 3473 praaceptum,quo

2117 3489 2348 3545 dixerat
2383 3506 2396 3544 :
2429 3488 2516 3544 Ab
2547 3489 2930 3560 Jerosolymis
2971 3506 3046 3545 ne
3104 3489 3501 3546 discederent.
3553 3490 3780 3547 Idcirco

2117 3580 2298 3636 etiam
2329 3596 2467 3635 cum
2500 3595 2568 3634 eo
2600 3579 3017 3646 accessissent,
3037 3578 3232 3636 adhuc
3263 3579 3572 3636 subtimidi
3600 3598 3783 3654 prop-

2117 3675 2208 3724 ter
2231 3669 2615 3740 praaceptoris
2648 3669 3004 3736 absentiam,
3039 3669 3101 3724 in
3136 3671 3371 3726 civitate
3419 3688 3543 3726 non
3586 3688 3781 3727 versa-

2116 3757 2465 3823 bantur,sed
2492 3758 2552 3813 in
2606 3759 2977 3814 caenaculum
3037 3759 3460 3829 ascenderunt,
3494 3765 3780 3833 tanquam

2117 3846 2180 3900 in
2212 3845 2496 3900 tutiorem
2528 3851 2586 3900 et
2610 3845 2914 3902 occultum
2947 3847 3167 3902 locum.
3207 3847 3354 3903 Dicit
3378 3854 3576 3905 autem
3595 3850 3780 3922 Chry-

2117 3939 2414 3991 sostomus
2429 3935 2587 4006 quod
2604 3934 2699 3991 die
2722 3935 2962 3991 Sabbati
2982 3936 3137 3992 facta
3160 3942 3252 3992 est
3281 3938 3776 4009 assumptio.Ideo

2119 4025 2299 4081 etiam
2333 4030 2693 4081 annotatur:
2728 4025 2816 4082 Ad
2847 4025 3082 4082 Sabbati
3132 4026 3248 4082 iter
3280 4042 3293 4081 :
3327 4043 3403 4082 ne
3445 4027 3776 4098 videantur,

2118 4113 2395 4185 Sabbato,
2426 4115 2641 4188 majori
2670 4116 2764 4171 usi
2796 4115 3056 4188 pedestri
3090 4116 3304 4172 itinere
3334 4133 3514 4189 quam
3568 4134 3604 4174 ιι
3646 4117 3777 4190 lege

2119 4207 2516 4262 constitutum
2547 4210 2726 4264 esset.

2191 4477 2237 4544 Ι,
2268 4479 2352 4531 12.
2387 4497 2415 4527 α
2449 4476 2610 4530 Tunc
2640 4473 2862 4530 reversi
2923 4477 3063 4531 sunt
3109 4475 3440 4532 Jerusalem
3499 4493 3533 4533 a
3574 4481 3780 4534 monte

2124 4587 2154 4617 ‹‹
2187 4567 2288 4638 qui
2336 4570 2578 4621 vocatur
2634 4565 2869 4632 Oliveti,
2923 4565 3024 4636 qui
3085 4570 3176 4622 est
3224 4567 3398 4637 juxta
3453 4566 3782 4624 Jerusalem

2127 4678 2149 4708 ιι
2185 4657 2447 4727 (nempe)
2478 4655 2552 4711 ad
2583 4655 2822 4711 Sabbati
2846 4655 2980 4712 iter.
3015 4678 3043 4706 »

417 4739 628 4797 Μίλιον
658 4735 730 4808 ἔν,
762 4730 921 4809 ἡντοῦ
946 4737 1240 4799 Σαϐϐάτου
1271 4740 1421 4814 ὁδὸς,
1463 4743 1537 4807 ὥς
1567 4767 1730 4824 φησιν
1789 4745 2002 4823 Ὠριγέ-

2190 4746 2386 4802 Unum
2416 4743 2696 4811 milliare,
2731 4743 2891 4814 quod
2927 4743 3041 4799 iter
3095 4749 3223 4800 erat
3269 4745 3529 4813 Sabbati,
3587 4749 3654 4800 ut
3699 4745 3785 4801 ait

342 4851 443 4898 ν·ι,ς
496 4829 549 4885 ἐν
611 4835 691 4900 τῷ
743 4832 978 4904 πέμπτῳ
1039 4839 1386 4908 Στρωματεῖ,
1449 4831 1744 4914 δισχιλίων
1798 4843 2003 4914 πηχῶν

348 4920 598 4992 ὑπῆρχε.
627 4919 731 4976 Καὶ
764 4918 1032 4993 μᾶλλονὴ
1074 4922 1205 4998 ἁγία
1237 4926 1406 4994 σκηνή
1465 4924 1558 4980 καὶ
1615 4920 1856 4989 κιϐωτὸς
1914 4948 2009 4982 το-

346 5013 547 5065 σοῦτον
584 5005 862 5084 διάστημα
903 5007 1288 5086 προελάμϐανε
1345 5014 1446 5084 τήν
1501 5009 1884 5090 παρεμϐολὴν,
1915 5019 2007 5072 καὶ

344 5100 459 5154 ἀπὸ
508 5099 777 5155 succisos
833 5097 1208 5175 διαστήματος
1267 5100 1544 5174 ἐσκήνουν.
1606 5107 1672 5162 ‘0
1729 5102 2008 5179 διάστημα

341 5189 472 5258 ἐξῆν
504 5193 625 5250 τοῖς
652 5193 1016 5263 προσκυνοῦσι
1068 5192 1168 5261 τήν
1200 5191 1358 5269 ἁγίαν
1410 5194 1614 5265 σκηνὴν
1677 5191 1918 5269 βαδίζειν
1952 5195 2005 5252 ἐν

341 5273 649 5351 Σαϐϐάτῳ.

414 5486 444 5514 α
481 5459 588 5518 Καὶ
619 5459 713 5516 ὅτε
741 5457 1020 5530 εἰσῆλθον,
1047 5456 1313 5530 ἀνέϐησαν
1374 5461 1451 5524 είς
1501 5463 1564 5518 τὸ
1624 5461 1888 5538 ὑπερῷον,
1941 5464 2005 5520 οὗ

343 5578 370 5601 «ι
405 5551 550 5620 ἦσαν
585 5552 1012 5625 καταμένοντες,
1041 5551 1072 5606 ὃ
1101 5571 1158 5606 τε
1190 5551 1416 5628 Πέτρος,
1445 5552 1538 5608 καὶ
1569 5548 1854 5624 Ἰάκωϐος,
1913 5555 2006 5610 καὶ

344 5667 373 5694 κ
410 5643 694 5714 Ἰωάννης,
727 5642 817 5698 καὶ
852 5637 1129 5716 1Δνδρὲας,
1164 5639 1448 5705 Φίλιππος
1477 5642 1569 5697 καὶ
1608 5647 1828 5718 Θωμᾶς,
1861 5645 2006 5721 Βαρ-

419 5829 463 5866 ίτ
496 5830 670 5889 Deut.
702 5847 825 5898 nx,
859 5831 949 5886 15.

2121 4835 2404 4907 Origenes
2437 4833 2645 4905 quinto
2703 4837 3056 4907 Στρωματῶν
3107 4835 3226 4891 sive
3283 4835 3780 4904 Miscellaneorum,

2121 4923 2376 4980 duorum
2407 4922 2666 4979 millium
2700 4922 3038 4979 cubitorum
3089 4929 3237 4981 erat.
3296 4923 3483 4997 quue
3541 4925 3784 4998 potissi-

2120 5031 2306 5081 mum,
2339 5013 2500 5086 quod
2531 5017 2801 5070 sanctum
2841 5013 3293 5071 tabernaculum
3324 5021 3384 5071 et
3430 5031 3570 5071 arca
3617 5020 3782 5071 tanto

2119 5105 2441 5162 interstitio
2484 5109 2818 5160 castrorum
2876 5104 3151 5160 ordinem
3199 5104 3596 5178 praecedebat,
3628 5111 3690 5162 et
3749 5121 3785 5161 a

2119 5201 2284 5252 tanto
2315 5193 2626 5250 intervallo
2654 5195 2912 5250 tentoria
2942 5194 3226 5267 ﬁgebant,
3259 5212 3378 5266 quo
3410 5195 3604 5268 spatio
3635 5195 3780 5252 lice-

2116 5286 2221 5342 bat
2242 5285 2335 5340 his
2367 5285 2468 5356 qui
2501 5283 2910 5340 castrametati
2967 5289 3158 5353 erant,
3192 5290 3465 5341 sanctum
3497 5283 3779 5342 taberna-

2117 5375 2319 5433 culum
2349 5373 2602 5430 Sabbato
2629 5372 2934 5429 accedere.

2188 5465 2685 5533 1,13,”.«Etcum
2705 5462 3492 5532 introissent,ascenderunt
3506 5464 3568 5520 in
3586 5480 3784 5522 caena-

2119 5553 2484 5618 cculum,ubi
2507 5551 2833 5609 manebant
2854 5557 2913 5608 et
2931 5555 3142 5611 Petrus
3167 5553 3584 5624 etJacobus,et
3605 5555 3780 5611 Joan-

2118 5669 2144 5699 ‹‹
2153 5663 2260 5704 nes
2274 5650 2334 5702 et
2345 5642 2946 5715 Andreas,Philippus
2960 5644 3776 5711 etThomas,Bartholomwus
