4160 6434
420 355 497 415 55
1546 355 1970 418 ΟΞΟΠΜΕΝΙΙ
2016 353 2072 414 Τ⁴

2190 353 2320 416 ΞΟΔΕ
2361 355 2716 421 EPISCOPI
3763 363 3842 425 56

429 516 456 542 ι(
496 499 554 546 et
585 494 916 561 Matlhmus,
953 493 1206 550 Jacobus
1239 494 1466 566 Alphmi
1503 502 1562 550 et
1604 495 1808 549 Simon
1842 490 2067 546 Zelotcs

2210 523 2235 550 (ι
2272 493 2575 570 οολομαῖος
2623 498 2713 550 καὶ
2772 497 3070 569 Μπθαῖος,
3133 492 3402 559 Ἰάκωϐος
3433 495 3703 577 Ἀλφαίου
3755 500 3850 554 καὶ

429 605 448 632 ι
485 586 542 636 et
567 581 745 638 Judas
774 582 996 639 Jacobi.
1032 584 1099 638 Hi
1133 600 1342 639 omnes
1403 588 1574 639 erant
1630 586 2076 656 perseverantes

421 694 450 721 «
480 673 847 727 unanimiter
885 673 947 728 in
1001 675 1280 729 oratione
1342 679 1399 728 et
1447 673 1881 736 obsecratione,
1941 686 2075 724 cum

424 780 452 808 α
481 759 832 815 mulieribus
892 766 950 816 et
980 763 1162 818 Maria
1189 763 1370 818 Matre
1400 763 1558 831 Jesu,
1593 777 1847 832 cumque
1877 758 2075 814 fratri-

427 871 446 897 ι
484 848 594 904 bus
619 850 826 922 ipsius.
867 872 896 901 ι)

492 1029 726 1096 Petrus,
772 1028 1177 1102 interpretans
1224 1029 1312 1085 vel
1373 1025 2075 1102 cognoscens:Jacobus,

426 1117 850 1189 supplantator
879 1119 1604 1192 laboris..loannes,gratia
1621 1119 1722 1175 Dei
1754 1136 1766 1172 :
1791 1117 2078 1178 Andreas.

422 1207 640 1262 decens
670 1209 936 1279 potentia
965 1210 1076 1278 vel,
1101 1210 1532 1266 condemnatus
1567 1226 1580 1266 :
1635 1209 1969 1280 Philippus,
2016 1224 2082 1261 os

422 1296 732 1352 viduarum
765 1299 857 1353 vel
889 1317 954 1353 os
1001 1299 1334 1371 lampadis:
1370 1301 1644 1367 Thomas,
1691 1299 1941 1370 abyssus
1992 1296 2083 1350 vel

421 1387 698 1459 geminus
731 1405 835 1443 seu
878 1388 1116 1444 dubius.
1179 1389 1673 1459 Bartholomaeus,
1735 1388 1895 1443 filius
1955 1387 2084 1458 ejus

423 1476 526 1547 qui
559 1477 870 1549 suspendit
895 1495 1080 1549 aquas
1115 1495 1127 1532 :
1163 1479 1492 1546 Matthmus,
1527 1479 1819 1533 donatus:
1853 1479 1901 1532 θ
1923 1477 2084 1532 Jaco-

423 1565 532 1620 bus
565 1567 818 1638 Alphmi,
849 1568 1273 1640 supplantatio.
1305 1569 1507 1624 Simon
1535 1569 1784 1636 Zelotes,
1817 1566 2086 1639 discipli-

424 1672 502 1709 na
533 1655 664 1710 vitae
691 1673 702 1709 :
735 1656 908 1712 Iudas
938 1656 1160 1725 Jacobi,
1197 1658 1294 1712 hic
1353 1663 1412 1712 et
1467 1657 1796 1713 Thaddaeus
1828 1656 2084 1711 vocaba-

427 1751 540 1799 tur.
582 1745 911 1817 Discipulos
947 1747 1305 1802 nominatim
1364 1753 1659 1812 recenset,
1718 1752 1782 1800 ut
1811 1746 2086 1801 ostendat

428 1835 608 1906 quod,
633 1853 767 1890 cum
800 1838 1098 1908 passionis
1131 1845 1395 1909 tempore
1445 1838 1593 1909 lapsi
1652 1843 1871 1893 essent.
1905 1836 2083 1892 Judas

427 1924 669 1994 quidem
719 1926 983 1997 seipsum
1041 1943 1076 1982 a
1133 1927 1313 1982 choro
1372 1927 1778 1999 apostolorum
1837 1926 2081 1981 omnino

430 2013 666 2084 dejecit.
701 2015 910 2070 Petrus
947 2033 1076 2071 vero
1109 2021 1168 2070 et
1197 2015 1372 2070 simul
1403 2023 1547 2080 erat,
1573 2023 1632 2070 et
1660 2033 1693 2071 a
1719 2021 2079 2088 prazceptore

427 2118 530 2172 per
561 2105 778 2158 trinam
810 2105 1341 2177 interrogationem
1383 2112 1691 2160 revocatus
1724 2104 2006 2170 εει.ουοά
2030 2104 2077 2158 si

420 2194 796 2250 Joannemin
831 2212 939 2251 sua
961 2198 1264 2268 accepisse
1314 2199 1528 2252 Christi
1581 2200 1822 2252 Matrem
1878 2196 2080 2268 prodi—

425 2291 549 2338 tum
584 2285 628 2318 ¹⁵
659 2290 767 2347 est,
796 2291 960 2340 certe
994 2303 1128 2341 cum
1160 2287 1418 2342 Joannes
1449 2303 1569 2341 una
1607 2303 1743 2341 cum
1792 2286 2078 2358 apostolis

418 2373 673 2440 adesset,
700 2374 878 2429 etiam
913 2376 1042 2445 ipsa
1086 2375 1266 2430 simul
1325 2376 1548 2432 aderat.
1610 2408 1677 2416 --
1736 2377 1864 2431 Alio
1895 2377 2074 2444 modo_

425 2464 552 2517 Non
591 2463 812 2517 frustra
852 2463 1281 2534 discipulorum
1344 2465 1487 2520 facit
1541 2465 1912 2537 catalogum:
1973 2464 2075 2521 sed

419 2551 832 2606 demonstrare
891 2552 1096 2607 volens
1146 2553 1302 2624 quod
1384 2554 1712 2609 humanum
1771 2553 2077 2626 quidpiam

414 2640 574 2713 passi
608 2648 801 2703 erant.
828 2647 887 2696 at
927 2659 1048 2697 non
1083 2642 1144 2696 in
1178 2643 1349 2714 lapsu
1372 2650 1844 2714 permanserant.
1880 2644 2075 2714 Siqui-

422 2729 554 2784 dem
590 2732 801 2785 Petrus
825 2729 925 2801 qui
951 2739 1285 2802 negaverat,
1341 2733 1564 2788 amaris
1590 2733 1871 2804 lacrymis
1905 2750 1938 2788 a
1969 2749 2079 2788 ne-

425 2821 662 2891 gatione
693 2820 1001 2876 absolutus
1024 2822 1316 2888 est,veluti
1341 2839 1409 2876 ex
1428 2823 1539 2877 hoc
1558 2823 1943 2877 manifestum
1963 2827 2071 2889 est,

421 2909 580 2979 quod
612 2909 788 2980 paulo
823 2915 957 2981 post
986 2910 1280 2966 creditum
1313 2911 1391 2966 sit
1433 2911 1546 2982 ipsi
1581 2912 1871 2967 rationale
1899 2911 2070 2968 ovile.

415 2997 668 3052 Thomas
702 2999 804 3068 qui
859 2999 1207 3055 incredulus
1254 2999 1466 3069 fuerat,
1529 2999 1600 3054 ab
1654 3000 2071 3055 incredulitate

415 3093 658 3142 sanatus
691 3093 798 3155 est,
821 3088 1163 3144 vulneribus
1191 3106 1258 3144 ac
1289 3089 1474 3144 latere
1501 3089 1779 3144 manibus
1802 3097 2072 3145 contrec-

409 3177 570 3234 tatis.
608 3183 808 3249 ltaque
839 3195 975 3233 cum
1011 3179 1111 3234 alii
1148 3196 1357 3235 omnes
1390 3180 1569 3234 simul
1626 3185 1847 3248 essent,
1907 3180 2068 3236 solus

409 3267 783 3322 desideratus
811 3274 901 3322 est
927 3268 1128 3325 Judas.
1163 3271 1232 3322 Et
1281 3269 1462 3324 Maria
1497 3270 1596 3324 Dei
1631 3271 1812 3324 Mater
1841 3270 2065 3338 aderat,

411 3356 904 3428 quandoquidem
936 3363 996 3412 et
1023 3359 1303 3422 Joannes,
1338 3359 1439 3427 qui
1472 3358 1625 3413 hanc
1658 3361 1719 3412 in
1762 3376 1868 3414 sua
1899 3376 2068 3414 acce-

409 3453 596 3517 perat,
634 3453 692 3500 et
720 3447 935 3501 fratres
966 3446 1234 3500 aderant.
1270 3447 1419 3511 Quid
1454 3449 1501 3500 si
1552 3454 1609 3502 et
1637 3449 1850 3519 Joseph
1885 3467 2066 3520 spon-

410 3553 510 3590 sus
543 3535 603 3589 in
635 3535 776 3590 vivis
809 3541 954 3604 erat,
989 3535 1194 3606 utique
1237 3535 1444 3590 aderat
1473 3542 1532 3590 et
1584 3537 1711 3608 ipse
1740 3554 1752 3591 :
1809 3539 2066 3594 maxime

408 3631 602 3680 autem
634 3625 750 3691 hic,
776 3624 898 3694 qui,
933 3624 1345 3678 dubitantibus
1379 3624 1519 3679 filiis
1579 3626 1725 3695 suis,
1757 3644 2064 3698 nunquam

410 3715 569 3769 circa
609 3713 1124 3784 dispensationem
1184 3713 1494 3769 dubitavit.
1538 3715 1648 3770 Sed
1684 3717 2064 3772 manilestum

413 3809 504 3858 est
534 3801 696 3873 quod
739 3801 1094 3874 jamdudum
1159 3811 1428 3859 mortuus
1488 3810 1649 3860 erat:
1684 3806 1822 3876 quia
1868 3823 2064 3878 neque

411 3892 538 3964 ipse
566 3899 705 3947 tunc
738 3892 961 3962 aderat,
1020 3909 1153 3947 cum
1215 3894 1448 3967 cognati
1510 3896 1708 3950 Jesum
1751 3896 2063 3952 docentem

409 3982 609 4038 videre
641 3989 947 4055 cuperent.
1002 3983 1148 4046 Quid
1193 3985 1353 4039 enim
1385 3985 1470 4038 ait
1498 3984 1575 4038 ?«
1624 3987 1806 4040 Mater
1849 3993 1951 4040 tua
2007 3992 2067 4042 et

404 4075 621 4130 fratres
654 4075 739 4128 tui
763 4081 1043 4144 quaerunt
1072 4080 1127 4131 te
1157 4075 1302 4130 foris
1337 4074 1403 4143 ιθ,
1438 4097 1466 4125 ››
1502 4092 1624 4130 non
1664 4083 1861 4132 autem
1893 4076 2062 4132 addi-

406 4169 505 4217 tur
538 4180 550 4217 :
584 4164 655 4217 Et
683 4169 852 4234 pater
887 4169 1042 4218 tuus.

1065 4254 1293 4309 CAPUT
1327 4254 1398 4308 II.

405 4345 560 4399 Petri
589 4345 779 4398 concio
809 4345 882 4398 ad
911 4359 999 4398 eos
1031 4345 1231 4413 quzbus
1282 4352 1473 4399 notum
1517 4352 1635 4400 erat
1689 4347 1755 4401 de
1811 4353 1984 4402 morte
2014 4354 2064 4402 et

479 4417 794 4487 apostolatu
823 4416 980 4470 Judze
1007 4415 1316 4484 proditoris
1347 4419 1436 4470 εἰη
1468 4434 1576 4487 quo
1607 4425 1885 4472 narratur
1898 4421 2062 4473 etiam

480 4485 546 4541 de
576 4489 819 4541 Matt/lia:
848 4487 1252 4559 substitutione.
1287 4490 1385 4558 qui
1435 4485 1540 4559 per
1571 4492 1873 4544 orationem
1903 4492 2064 4545 sorti-

482 4566 568 4614 tus
591 4566 672 4613 est
699 4558 1064 4629 apostolatum
1092 4561 1277 4628 gratia
1300 4561 1416 4614 Dei.

480 4649 527 4712 I,
561 4651 647 4703 15.
675 4669 702 4696 «
720 4649 789 4701 Et
810 4648 870 4702 in
895 4646 1104 4702 diebus
1127 4647 1247 4702 illis
1280 4664 1527 4721 surgens
1550 4649 1759 4704 Petrus
1781 4651 1842 4704 in
1865 4649 2062 4706 medio

413 4738 884 4810 udiscipulorum
911 4737 1332 4809 dixit,eratque
1355 4739 1526 4794 turba
1540 4739 1854 4795 hominum
1877 4741 2058 4796 simul

409 4851 439 4879 ‹‹
471 4829 594 4884 fere
623 4834 864 4883 centum
895 4827 1119 4899 viginti.
1154 4849 1182 4877 »
1319 4831 1324 4834 '

481 4917 677 4988 Surgit
693 4918 1048 4982 Petrus,non
1069 4917 1702 4989 Jacobus,ettanquam
1718 4920 2061 4987 ferventior,

411 5009 469 5059 et
502 5004 662 5058 velut
692 5004 741 5058 is
773 5005 864 5058 cui
899 5004 1332 5075 discipulorum
1365 5009 1466 5062 10
1491 5009 1877 5077 praasidentia
1899 5026 2064 5064 com-

409 5095 595 5149 missa
651 5100 797 5150 erat.
831 5096 1124 5150 Praeterea
1155 5112 1392 5166 quoque
1451 5097 1701 5153 Iacobus
1760 5099 2066 5154 modestus

411 5190 558 5244 erat.
584 5183 839 5237 orationi
859 5199 927 5238 ac
944 5185 1127 5253 quieti
1164 5186 1349 5258 magis
1381 5192 1576 5256 aptus,
1610 5187 1841 5242 caateris
1863 5187 2066 5242 videli-

411 5279 505 5328 cet
528 5272 764 5344 negotia
796 5274 1475 5345 tractantibus.ldeoque
1506 5276 2068 5346 Jerosolymitanam

413 5360 856 5433 praesidentiam
884 5361 1381 5417 illicedunt.Vide
1409 5370 1608 5418 autem
1633 5365 1931 5435 quomodo
1945 5366 2074 5420 uni-

411 5467 580 5506 versa
591 5449 881 5505 communi
895 5450 1133 5506 decreto
1149 5451 1520 5518 faciat,etnon
1536 5469 1607 5508 ex
1619 5454 1866 5524 primatu
1880 5471 2074 5527 neque

415 5557 524 5598 sua
539 5540 912 5596 auctoritate.
937 5540 1186 5596 Centum
1203 5547 1403 5597 autem
1416 5543 1621 5614 viginti
1637 5543 1815 5599 simul
1828 5543 2078 5602 aderant

490 5694 538 5732 ‘8
564 5696 733 5753 Joan.
765 5711 881 5764 xix,
916 5696 1007 5766 26,
1035 5698 1123 5752 27.
1157 5696 1202 5732 "
1232 5698 1434 5753 Matth.
1463 5715 1566 5768 xu,
1598 5701 1688 5756 49.

2185 617 2213 646 ‹‹
2268 589 2456 664 Σίμων
2505 587 2532 641 6
2585 584 2875 656 Ζηλωτῆς,
2933 585 3023 640 καὶ
3080 585 3289 649 Ἰούδας
3349 582 3638 644 Ἰακώϐου.
3673 587 3846 646 Οὗτοι

2183 706 2213 735 κ
2246 680 2436 738 πάντες
2517 679 2650 746 ἦσαν
2730 681 3263 751 προσκαρτεροῦντες
3343 674 3701 750 ὁμοθυμαδὸν
3775 682 3848 752 τῇ

2187 795 2216 824 ‹‹
2247 770 2534 846 προσευχῇ
2568 766 2659 820 καὶ
2718 768 2788 829 τῇ
2843 761 3050 835 δεήσει,
3106 766 3198 820 σὺν
3254 767 3464 842 γυναιξὶ
3515 768 3604 822 καὶ
3663 768 3854 842 Μαρίᾳ

2183 883 2213 912 ‹‹
2245 862 2314 931 τῇ
2347 855 2535 931 Μητρὶ
2591 859 2688 910 τοῦ
2719 855 2923 924 Ἰησοῦ,
2979 854 3070 909 καὶ
3129 855 3220 910 σὺν
3275 861 3392 916 τοῖς
3444 852 3706 936 ἀδελφοῖς
3750 856 3843 911 αὐ-

2184 974 2214 1002 ‹‹
2244 951 2359 1003 τοῦ.
2391 969 2420 999 ››

2258 1036 2482 1110 Ηὲτρος,
2543 1031 2789 1089 ἐπιλύων
2867 1030 2904 1101 ἤ
2964 1031 3232 1109 ἐπιγνούς.
3298 1031 3581 1109 Ἰάκωϐος,
3636 1057 3854 1112 πτερνι-

2190 1130 2323 1198 στῆς
2361 1127 2553 1182 πόνου.
2586 1124 2859 1194 Ἰωάννης,
2919 1123 3084 1200 χάρις
3144 1127 3296 1178 Θεοῦ.
3360 1121 3628 1198 Ἀνδρέας,
3689 1123 3855 1181 δύνα-

2192 1239 2283 1293 μις
2317 1217 2616 1291 εὐπρεπὴς,
2663 1214 2698 1282 ἤ
2757 1214 3240 1288 κατοκρινόμενος.
3299 1211 3604 1285 Φίλιππος,
3673 1215 3855 1288 στόμα

2186 1313 2403 1384 χηρῶν,
2436 1308 2471 1374 ἢ
2506 1305 2684 1377 στόμα
2714 1300 3027 1375 λαμπαδος.
3067 1309 3290 1376 Θωμᾶς,
3333 1299 3564 1366 ἄϐυσσος
3593 1304 3628 1374 ἢ
3693 1302 3853 1359 δίδυ-

2191 1418 2311 1472 μος.
2350 1393 2789 1470 Βαρθολομαῖος,
2824 1393 2940 1454 υἱὸς
2971 1395 3246 1466 κρεμάσας
3285 1391 3475 1449 ὕδατα.
3533 1397 3848 1464 Ματθαῖος,

2189 1483 2595 1560 δεδωρημὲνος.
2656 1477 2914 1543 Ἰάκωϐος
2965 1480 3258 1562 Ἁλφαίου,
3325 1483 3679 1558 πτερνισμός.
3742 1483 3844 1539 Σίο

2193 1571 2691 1651 μωνὸΖηλωτ-ὴς,
2755 1572 2990 1646 μάθησις
3052 1577 3222 1641 ζωῆς.
3284 1570 3493 1633 Ἰούδας
3554 1569 3844 1643 Ἰακώϐου,

2191 1666 2350 1725 οὗτος
2380 1664 2467 1718 καὶ
2505 1658 2772 1722 Θαδδαῖος
2806 1658 3076 1716 ἐκαλεῖτο.
3145 1659 3445 1736 Καταλὲγει
3501 1661 3630 1726 τοὺς
3663 1665 3853 1737 μαθη-

2189 1755 2286 1818 τὰς
2316 1752 2600 1826 ὀνομαστί,
2631 1752 2717 1805 ἳνα
2751 1748 2915 1824 δείξῃ,
2969 1749 3044 1810 ὡς
3102 1748 3402 1829 σφαλέντας
3442 1752 3567 1826 περὶ
3626 1754 3689 1808 τὸ
3746 1753 3861 1809 πά-

2191 1845 2304 1908 θος,
2337 1837 2545 1901 Ἷούδας
2576 1841 2669 1914 μὲν
2697 1841 2870 1909 πάντη
2905 1839 3092 1894 ἑαυτὸν
3150 1833 3312 1908 ἔξωσε
3371 1845 3467 1896 τοῦ
3500 1846 3676 1919 χοροῦ
3734 1849 3848 1898 τῶν

2197 1929 2542 1986 ἀποστόλων.
2576 1931 2633 1983 '0
2665 1926 2721 1984 δὲ
2779 1927 2982 2003 Πέτρος
3037 1928 3127 1983 καὶ
3180 1937 3362 1998 συνῆν,
3420 1931 3509 1984 καὶ
3552 1931 3686 2001 πρὸς
3745 1938 3846 1987 τοῦ

2198 2018 2530 2076 διδασκάλου
2563 2017 2652 2074 διὰ
2707 2022 2803 2074 τοῦ
2861 2023 3084 2094 τρισσοῦ
3138 2025 3238 2087 τῆς
3286 2017 3608 2093 ἐρωτήσεως
3651 2020 3849 2076 ἀνακε-

2195 2108 2418 2182 κληται.
2456 2108 2513 2165 Εἰ
2548 2105 2606 2162 δε
2635 2109 2734 2176 τήν
2765 2111 2865 2163 τοῦ
2921 2107 3160 2181 Χριστοῦ
3223 2110 3450 2182 Μητὲρα
3507 2104 3698 2164 λαϐεῖν
3753 2111 3854 2166 τὸν

2195 2200 2206 2221 ,
2303 2198 2314 2215 ο
2604 2194 2628 2214 ν
2930 2194 2944 2216 ν
3053 2197 3065 2213 ς
3125 2192 3179 2216 ΜΝ
3331 2195 3344 2214 ν
3439 2198 3448 2217 υ
3534 2195 3562 2213 ν
3775 2199 3787 2218 ο

2215 2202 2444 2269 Ιωαννην
2471 2197 2871 2272 ἀναγεγραπται
2902 2217 2977 2256 εις
3010 2217 3076 2251 τα
3129 2205 3259 2264 aeta,
3319 2193 3428 2251 αλλ
3502 2218 3592 2250 ουν
3645 2219 3861 2272 παρον-

2192 2309 2284 2350 τος
2328 2290 2577 2342 Ἰωάννου
2633 2290 2750 2347 τοῖς
2806 2282 3165 2354 ἀποστόλοις,
3216 2286 3306 2339 καὶ
3347 2285 3484 2355 αύτή
3538 2293 3858 2362 συμπαρῆν.

2190 2409 2258 2422 --
2290 2374 2537 2436 νΑλλως.
2575 2375 2652 2433 Οὐ
2707 2377 2885 2448 μάτην
2935 2374 3027 2428 τὸν
3077 2371 3387 2451 καταλογον
3446 2381 3682 2430 ποιεῖται
3741 2381 3859 2432 τῶν

2194 2472 2474 2540 μαθητῶν,
2507 2463 2654 2520 ἀλλὰ
2688 2462 3026 2539 βουλόμενος
3058 2470 3404 2538 παραστῆσαι
3459 2465 3549 2519 καὶ
3598 2469 3705 2520 τῶν
3737 2486 3848 2521 πα-

2191 2560 2393 2621 θόντων
2427 2556 2520 2628 μὲν
2554 2577 2627 2623 τι,
2661 2555 2747 2608 καὶ
2795 2555 2872 2627 μὴ
2907 2553 3380 2626 ἐναπομεινοὶντων
3443 2551 3499 2609 δὲ
3550 2560 3629 2627 τῷ
3687 2556 3850 2610 πτώ-

2193 2645 2430 2720 ματι.Ὁ
2492 2645 2586 2717 μὲν
2644 2643 2748 2720 γὰρ
2808 2642 3176 2716 ἀρνησαμενος
3238 2641 3465 2717 Πέτρος,
3509 2650 3690 2718 πικρῷ
3746 2642 3842 2699 δα-

2186 2737 2336 2810 κρύῳ
2364 2735 2463 2802 τήν
2494 2732 2717 2806 ἄρνησιν
2768 2729 3100 2800 ἀπελόσατο,
3163 2731 3235 2794 ὠς
3270 2729 3463 2802 δῆλον,
3523 2733 3616 2813 ἀφ’
3646 2735 3719 2788 ὧν
3757 2757 3848 2809 μι-

2184 2827 2311 2899 κρὸν
2346 2825 2568 2899 ὓστερον
2599 2823 2661 2878 τὸ
2695 2820 2917 2895 λογικὸν
2950 2822 3260 2878 πιστεύεται
3326 2824 3599 2896 ποίμνιον.
3658 2825 3718 2880 Ὀ
3784 2823 3844 2880 δὲ

2183 2915 2488 2985 ἀπιστήσας
2519 2918 2743 2985 Θωμᾶς,
2777 2911 2898 2982 ἰάθη
2932 2913 3030 2980 τὴν
3083 2910 3338 2967 ἀπιστίαν
3395 2917 3464 2986 τῇ
3517 2911 3842 2993 ψηλαφήσει

2181 3009 2289 3060 τῶν
2323 3008 2528 3078 χειρῶν
2554 3001 2879 3074 τραυμάτων
2914 3000 3002 3055 καὶ
3035 3007 3134 3069 τῆς
3192 2999 3452 3073 πλευρᾶς.
3509 3005 3668 3057 Ὥστε
3698 3023 3838 3057 παν-

2183 3116 2290 3150 των
2316 3092 2578 3148 συνόντων
2610 3096 2717 3145 τῶν
2746 3087 2957 3157 ἄλλων,
2993 3090 3156 3163 μόνος
3214 3088 3540 3146 ἀπελείπετο
3597 3089 3836 3154 Ἰουδας.

2109 3224 2152 3291 C
2183 3183 2285 3240 Καὶ
2321 3183 2507 3256 Μαρία
2529 3179 2586 3236 δὲ
2612 3182 2646 3250 ἡ
2680 3181 2944 3240 Θεοττίκος
2978 3187 3175 3250 παρῆν·
3226 3178 3341 3234 ἐπεὶ
3395 3181 3483 3235 καὶ
3547 3181 3575 3235 ὁ
3633 3181 3838 3252 ταύτην

2331 3270 2350 3291 Ἣ
2408 3267 2438 3291 ρ
2457 3272 2469 3289 \
2582 3271 2595 3290 ν
2704 3271 2715 3285 ⁸
2758 3267 2811 3291 ,νδ
2905 3271 2939 3291 ’1
3017 3269 3022 3279 ¹
3284 3271 3298 3289 \
3365 3271 3378 3291 (
3437 3267 3490 3291 9'.‘
3529 3272 3545 3291 Ἀ
3643 3273 3654 3288 \

2179 3267 2518 3347 παραλαϐὼν
2552 3271 2628 3332 εἰς
2659 3271 2726 3325 τὰ
2758 3267 2870 3324 ἴδια
2905 3269 3172 3340 Ἰωάννης,
3209 3271 3299 3324 καὶ
3333 3271 3383 3325 ol
3425 3267 3656 3350 ἀδελφοί
3690 3292 3834 3347 παρ-

2176 3364 2330 3430 ῆσαν.
2366 3358 2520 3417 Είδὲ
2565 3359 2656 3414 καὶ
2687 3360 2890 3438 Ἰωσήφ
2951 3359 2978 3413 6
3041 3360 3290 3431 μνηστήρ
3349 3356 3469 3429 ἔζη,
3528 3368 3708 3434 παρῆν
3768 3359 3831 3416 ἄν

2175 3453 2263 3506 καὶ
2300 3447 2479 3510 αὐτός.
2514 3449 2617 3505 Καὶ
2653 3446 2892 3522 μαλιστα
2941 3448 3102 3509 οὗτος
3161 3449 3188 3502 6
3251 3445 3392 3521 μηδὲ
3444 3471 3597 3516 ποτε,
3647 3449 3831 3525 ὥσπερ

2178 3540 2229 3594 οἱ
2262 3537 2310 3608 ἐξ
2347 3537 2530 3606 αὐτοῦ,
2588 3537 2714 3610 περὶ
2780 3538 2879 3604 τήν
2938 3535 3256 3607 οἰκονομίαν
3315 3533 3615 3598 ἐνδοιάσας.
3649 3534 3834 3594 Ἀλλὰ

2177 3629 2347 3701 δῆλον
2377 3630 2462 3684 ’ὁτι
2493 3628 2664 3683 παλαι
2702 3625 2990 3696 ἐτεθνήκει.
3027 3626 3174 3684 Ἐπεὶ
3213 3624 3354 3700 μηδὲ
3387 3629 3478 3683 ὅτε
3535 3625 3834 3684 διδάσκον-

2173 3741 2239 3775 τα
2292 3719 2383 3774 τὸν
2426 3722 2636 3788 Ἰησοῦν
2688 3717 2872 3786 ἡξίουν
2925 3716 2978 3770 οἱ
3032 3724 3302 3794 συγγενεῖς
3362 3717 3673 3784 θεάσασθαι,
3732 3721 3830 3774 καὶ

2173 3809 2334 3870 αὐτὸς
2362 3814 2564 3883 παρῆν.
2598 3806 2664 3863 Τί
2693 3809 2794 3881 γάρ
2826 3828 2990 3886 φησιν
3036 3825 3049 3876 ;
3084 3831 3110 3858 ‹‹
3161 3812 3219 3861 Ἢ
3257 3808 3443 3883 μήτηρ
3475 3829 3572 3862 σου
3625 3807 3714 3862 καὶ
3771 3809 3829 3863 οἳ

2172 3896 2403 3978 ἀδελφοί
2435 3917 2530 3952 σου
2558 3895 2786 3967 ζητοῦσί
2822 3917 2879 3950 σε
2910 3894 3033 3966 ἔξω,
3069 3921 3096 3947 »
3124 3894 3252 3951 ἀλλ’
3285 3895 3442 3975 οὐχὶ,
3490 3896 3594 3955 Καὶ
3629 3898 3658 3952 6
3715 3919 3824 3953 πα-

2173 3991 2300 4062 τήρ.

2805 4257 3072 4314 ΚΕΦΑΛ.
3108 4257 3186 4313 Β“.

2173 4351 2369 4424 Πὲιρου
2412 4344 2673 4424 διαλογοῇς
2752 4345 2891 4424 πρρς
2976 4345 3115 4424 τοὺς.
3189 4347 3620 4424 μαᾼθητευθ-ἐντας
3698 4349 3826 4424 περ).

2245 4415 2472 4487 θανατου
2504 4415 2599 4473 καῖ
2627 4415 2945 4494 ἀποστόλῇς
2978 4415 3155 4494 Ἰούδα
3187 4415 3284 4494 τοῦ
3324 4415 3634 4494 -προδὸτουο
3696 4419 3747 4474 ἐν
3770 4415 3828 4494 ’ᾧ

2241 4493 2365 4567 περὶ
2409 4492 2825 4579 ’ἀντεισαγωγῆς
2887 4491 3134 4545 Ματθίου
3193 4487 3573 4564 κληρωθὲντος
3633 4487 3828 4566 χάριτί

2089 4598 2136 4662 D
2241 4561 2374 4622 Θεὸῦ
2405 4561 2496 4618 διὰ
2521 4561 2856 4637 προσευχῆς.

2246 4680 2272 4707 α
2307 4653 2413 4711 Καὶ
2443 4651 2494 4706 ἐν
2542 4656 2660 4712 ταῖς
2689 4651 2923 4724 ἡμέραις
2950 4649 3173 4712 ταύταις
3231 4649 3456 4714 ἀναστὰς
3521 4651 3722 4727 Ηὲτρος
3769 4652 3824 4708 ἐν

2167 4772 2196 4801 ‹‹
2235 4744 2382 4819 μὲσῳ
2412 4747 2519 4799 τῶν
2552 4744 2807 4812 μαθητῶν
2859 4740 3020 4795 εἶπεν·
3065 4740 3130 4808 ἦν
3189 4761 3249 4795 τε
3304 4740 3482 4819 ὄχλος
3537 4741 3829 4815 ὀνομάτων

2169 4863 2197 4889 ‹‹
2230 4834 2318 4890 ἐπὶ
2348 4833 2410 4888 τὸ
2441 4831 2572 4886 αὐτὸ
2611 4830 2685 4892 ὡς
2721 4829 2907 4884 ἑκατὸν
2938 4826 3158 4883 εἷ’κοσιν.
3196 4852 3223 4879 ››

2244 4921 2549 4980 Ἀνίσταται
2584 4921 2612 4974 ὁ
2646 4918 2871 4992 Ηὲτρος,
2901 4917 3010 4996 οὐχ
3043 4919 3071 4972 ὁ
3107 4913 3385 4989 Ἰάκωϐος,
3446 4920 3536 4974 καὶ
3595 4921 3671 4982 ὡς
3703 4924 3831 4996 θερ-

2177 5014 2426 5090 μότερος,
2480 5010 2571 5066 καὶ
2626 5009 2700 5070 ὡς
2752 5009 2851 5077 τήν
2901 5007 3232 5082 προστασίαν
3289 5012 3397 5064 τῶν
3431 5012 3688 5082 μαθητῶν
3738 5009 3830 5088 ἐγ-

2174 5095 2862 5182 κεχειρισμένος.’Άλλων
2917 5119 2976 5152 τε
3034 5097 3124 5152 καὶ
3183 5096 3432 5167 ἐπιεικὴς
3459 5099 3582 5169 ἦνὸ
3637 5099 3829 5158 Ἰάκω-

2178 5187 2296 5260 ϐος,
2329 5193 2419 5246 καὶ
2455 5187 2668 5263 μᾶλλον
2693 5191 2762 5260 τῇ
2797 5189 3082 5262 προσευχῇ
3113 5186 3203 5240 καὶ
3235 5190 3304 5252 τῆ
3361 5188 3572 5263 ἡσυχίᾳ
3631 5187 3835 5266 ὠφέλι-

2183 5301 2308 5354 μος,
2338 5285 2445 5334 τῶν
2481 5276 2670 5332 ἄλλων
2730 5272 2992 5344 δηλονότι
3050 5275 3540 5353 μεταχειριζόντων
3600 5279 3662 5332 τὸ
3692 5283 3832 5351 πρᾶ-

2177 5391 2312 5446 γμα.
2349 5371 2441 5424 Διὸ
2473 5366 2562 5422 καὶ
2621 5373 2720 5434 τῆς
2783 5364 2838 5419 ἐν
2892 5361 3306 5438 Ἰεροσολύμοις
3363 5365 3514 5439 αύτῷ
3569 5365 3834 5441 καθέδρας

2181 5461 2632 5534 παραχωροῦσιν.
2688 5455 2830 5529 Ὅρα
2887 5450 2945 5508 δὲ
2995 5452 3171 5509 πάντα
3227 5456 3364 5511 κατὰ
3423 5462 3610 5525 κοινῆς
3674 5457 3838 5513 αὐτὸν

2184 5549 2416 5628 γνώμης
2446 5551 2728 5614 ποιοῦντα,
2758 5545 2846 5599 καὶ
2883 5543 2984 5599 οὐκ
3013 5543 3264 5620 ἀρχικῶς
3321 5543 3445 5602 οὐδὲ
3505 5547 3642 5623 μετὰ
3694 5545 3841 5619 ἐξου-
