4160 6448
387 389 461 448 57
1374 390 1780 452 COMMENT.
1827 387 1907 450 IN
1954 385 2158 448 ACTA
2203 384 2820 450 APOSTOLORUM.
3753 389 3831 448 58

394 521 526 582 σίας.
561 521 797 578 Ἑκατὸν
856 519 917 576 δὶ
975 519 1156 578 εἴκοσι
1214 526 1571 598 συμπαρῆσαν
1632 523 1738 578 ἀπὸ
1793 527 1901 576 τῶν
1962 542 2049 575 πι-

2180 539 2249 576 ex
2272 521 2366 576 his
2392 522 2493 592 qui
2515 523 2764 578 Domino
2788 521 3501 593 crediderant.Siquidem
3524 529 3832 594 etscptua-

402 611 736 666 στευσαντων
769 616 854 683 τῷ
884 611 1104 684 Κυρίῳ.
1157 614 1326 669 Ἦσαν
1385 613 1488 690 γὰρ
1546 613 1637 668 καὶ
1690 607 2072 685 ἑϐδομήκοντα

395 703 488 756 καὶ
539 698 924 768 πεντακόσιοι,
987 699 1084 762 οῦς
1141 700 1232 754 καὶ
1291 700 1592 757 ἀναστάντα
1645 699 1791 773 λέγει
1850 699 2069 760 Ηαῦλος

403 791 694 854 Θεάσασθαι
723 789 825 844 τὸν
860 789 1090 864 Κύριον.
1152 787 1316 845 Ἀλλ’
1355 789 1497 853 εἰκὸς
1553 789 1781 852 τούτους
1826 793 1935 844 τῶν
1978 787 2072 865 ἐγ-

397 881 730 952 κριτοτὲρων
784 879 930 934 εἶναι
982 880 1072 934 καὶ
1137 884 1246 935 τῶν
1297 881 1434 956 πρὸς
1489 883 1552 936 τὸ
1609 878 2068 956 παρρησιάζεσθαι

402 970 772 1044 θερμοτὲρων.

482 1055 760 1131 «Ἀνδρες
820 1055 1078 1134 ἀδελφοὶ,
1137 1055 1245 1115 ἔδει
1302 1057 1672 1131 πληρωθῆναι
1723 1059 1821 1128 τὴν
1879 1057 2066 1134 Γραφή

405 1174 432 1200 ι(
466 1147 697 1218 ταύτην,
730 1147 797 1218 ἢν
827 1154 1057 1223 προεῖπε
1095 1148 1159 1203 τὸ
1191 1153 1406 1220 Πνεῦμα
1460 1149 1524 1204 τὸ
1581 1151 1733 1224 ἅγιον
1793 1143 1882 1202 διὰ⁵
1941 1147 2068 1203 στό-

406 1265 434 1290 «ι
475 1259 647 1311 ματος
679 1235 862 1296 Δαυίδ.
889 1263 917 1291 ιι

483 1330 894 1404 Παραμυθεῖται
950 1329 1148 1392 αὐτοὺς
1203 1329 1310 1384 ἀπὸ
1367 1337 1467 1398 τῆς
1527 1328 1905 1406 προρρήσεως.
1962 1327 2066 1384 Καὶ

398 1417 460 1473 οὗ
498 1418 674 1495 λέγει,
702 1419 803 1475 Ἦν
834 1416 999 1474 Δαυὶδ
1032 1420 1208 1489 εἶπεν,
1240 1416 1408 1486 ἀλλὰ,
1442 1420 1513 1474 Τὸ
1545 1423 1766 1491 Πνεῦμα
1796 1419 1858 1473 τὸ
1908 1417 2062 1494 ἅγιον

400 1506 494 1563 διὰ
525 1509 800 1580 στόματος
832 1505 1017 1564 Δαυίδ.
1052 1504 1183 1566 Τίδὶ
1211 1508 1374 1564 τοῦτο
1406 1508 1511 1577 ἧν;
1542 1511 1682 1566 ’Όσα
1705 1508 1733 1562 ὁ
1766 1508 1852 1582 ρη¹
1880 1505 2062 1582 mpli-

397 1619 493 1674 χει
521 1595 768 1671 ψαλμός·
808 1599 883 1652 ὧν
939 1598 1031 1653 καὶ
1093 1597 1258 1660 αὐτὸς
1321 1599 1515 1672 μικρὸν
1567 1599 1788 1653 ὃπισθεν
1850 1616 2065 1670 μνημο·

396 1687 599 1744 νεύσει.
636 1686 768 1761 Περὶ
803 1683 982 1743 ’ἰούδα
1040 1683 1100 1742 δὲ
1158 1687 1350 1752 εἰπὼν,
1407 1685 1665 1749 ἐπιεικῶς
1723 1687 1836 1760 ἅμα
1898 1706 2065 1759 μετα-

401 1775 706 1852 χειρίζεται
737 1775 825 1831 καὶ
855 1775 1408 1855 ἀφιλαπεχθημόνως
1432 1777 1525 1832 τὸν
1571 1775 1764 1849 λόγον.
1824 1773 1903 1834 Οὐ
1957 1775 2060 1852 γὰρ

2178 609 2343 681 ginta
2374 616 2562 676 erant,
2598 616 2656 665 et
2687 611 2994 683 quingenti
3036 626 3184 680 quos
3217 609 3300 665 ait
3342 611 3562 665 Paulus
3610 610 3832 666 vidisse

2178 699 2496 754 Dominum
2529 706 2842 772 postquam
2875 705 3280 755 resurrexerat
3309 698 3374 756 ²⁰.
3406 699 3516 755 Sed
3541 700 3650 754 hos
3677 700 3827 754 veri-

2179 788 2374 844 simile
2407 796 2498 845 est
2527 806 2598 845 ex
2628 791 2721 846 his
2752 791 2936 846 fuisse
2969 789 3070 860 qui
3101 789 3289 862 magis
3319 789 3633 861 approbati
3658 794 3831 844 erant

2179 883 2237 931 et
2265 877 2340 932 ad
2369 877 2621 935 liberius
2651 878 3022 950 loquendum
3050 879 3458 933 ferventiores.

2248 1056 2287 1111 l.
2324 1058 2408 1112 16.
2443 1081 2471 1109 ‹‹
2509 1060 2629 1114 Viri
2656 1059 2894 1128 fratres,
2946 1059 3210 1131 oportuit
3258 1057 3625 1129 Scripturam
3675 1059 3831 1115 hanc

2173 1166 2202 1195 «
2237 1145 2496 1218 impleri,
2531 1164 2710 1220 quam
2741 1147 3017 1220 praedixit
3041 1148 3294 1220 Spiritus
3321 1153 3562 1203 sanctus
3612 1163 3718 1218 per
3764 1165 3830 1203 os

2181 1255 2212 1285 α
2245 1237 2446 1292 David.
2481 1264 2506 1289 υ

2245 1329 2600 1386 Consolatur
2620 1348 2722 1387 eos
2745 1349 2780 1387 a
2799 1331 3133 1403 prophetia.
3158 1332 3273 1386 Nec
3287 1330 3371 1385 ait
3395 1346 3407 1383 :
3441 1330 3628 1394 Quam
3653 1327 3834 1383 David

2171 1417 2342 1485 dixit,
2374 1419 2478 1475 sed
2509 1420 2763 1491 Spiritus
2796 1426 3036 1476 sanctus
3063 1437 3167 1491 per
3199 1437 3266 1474 os
3297 1418 3497 1474 David.
3546 1419 3835 1483 Quaenam

2172 1513 2371 1563 autem
2394 1509 2520 1564 hinc
2540 1510 2752 1566 erant?
2772 1511 3154 1580 Qumcunque
3179 1509 3444 1580 psalmus
3466 1507 3833 1564 centesimus

2171 1603 2408 1652 octavus
2440 1600 2710 1655 continet
2735 1616 2748 1654 :
2781 1615 3038 1670 quorum
3071 1598 3252 1654 etiam
3277 1603 3410 1670 post
3437 1613 3629 1669 pauca
3657 1595 3836 1650 faciet

2170 1688 2560 1744 mentionem.
2575 1695 2647 1744 Ue
2669 1689 2820 1745 Juda
2841 1696 3041 1744 autem
3065 1687 3616 1760 loquens,modeste
3649 1685 3831 1739 simul

2169 1782 2228 1833 et
2255 1777 2480 1848 absque
2511 1779 2673 1834 omni
2705 1779 2930 1835 invidia
2962 1785 3174 1835 tractat
3203 1793 3564 1834 sermonem.
3625 1776 3827 1845 Neque

399 1865 579 1938 λέγει,
613 1870 720 1919 Τοῦ
749 1865 1080 1938 καταράτου,
1137 1864 1234 1920 τοῦ
1277 1870 1499 1940 μιαροῦ,
1560 1863 1688 1920 ἀλλ’
1747 1865 1937 1926 ἁπλῶς
1991 1865 2049 1920 τὸ

652 1956 663 1975 Ι
825 1953 848 1975 δ
894 1952 916 1975 \
968 1960 990 1971 υ
1071 1956 1125 1975 ‘n
1327 1955 1341 1973 ἱ
1455 1953 1498 1975 Μ
1605 1957 1617 1975 \
1721 1954 1796 1975 nr
1993 1953 2010 1975 ἓ

2169 1866 2330 1921 enim
2364 1868 2793 1924 exsecrandum
2827 1875 2992 1924 vocat
3017 1874 3120 1924 aut
3149 1872 3493 1929 scelestum,
3537 1863 3641 1920 sed
3674 1864 3827 1918 sim-

2164 1955 2396 1975 _l!_:n_,,
2527 1974 2534 1975 ,
2569 1959 2582 1975 I
2621 1960 2642 1975 ρ-
2717 1965 2726 1975 .
2942 1965 2952 1975 ι
2994 1957 3004 1968 ο
3076 1958 3112 1975 ι·
3167 1963 3208 1975 κ.
3273 1959 3339 1975 σιμ
3375 1973 3444 1975 η--
3494 1953 3640 1975 _._-_J
3682 1952 3788 1975 ___L

393 1956 763 2031 γεγενημένον
820 1952 1009 2024 δηλοῖ.
1071 1955 1389 2030 Ἐπαγαγὼν
1451 1953 1509 2010 δὲ
1564 1957 1650 2020 τὸ,
1719 1954 1893 2016 Οὗτος
1954 1953 2046 2027 μὲν

393 2043 491 2098 οὖν
525 2045 790 2111 ἐκτήσατο
821 2042 1030 2120 χωρίον
1059 2042 1122 2098 ἐκ
1181 2048 1377 2118 μισθοῦ
1407 2051 1508 2113 τῆς
1557 2040 1789 2113 ἀδικίας,
1831 2043 1922 2098 καὶ
1962 2041 2047 2098 ὅτι

391 2133 613 2205 πρηνής
643 2131 930 2206 γενόμενος
963 2129 1247 2201 ἐλάκησεν,
1279 2129 1428 2200 ἤτοι,
1479 2128 1790 2207 διεσχίσθη,
1839 2132 1904 2186 τὸ
1955 2131 2047 2204 μὲν

391 2224 702 2289 κτήσασθαι
729 2221 828 2275 οὐκ
857 2220 933 2281 εἰς
961 2221 1053 2276 τὸν
1097 2218 1304 2276 Ἰούδαν
1345 2220 1623 2300 ἀναφέρων
1671 2218 1908 2295 εἶ’ρηκεν.
1967 2220 2043 2278 Οὗ

389 2313 500 2386 γὰρ
531 2311 700 2372 αὐτὸς
731 2309 976 2382 ὠνήσατο
1007 2312 1068 2366 τὸ
1116 2312 1346 2387 χωρίον,
1405 2309 1532 2366 ἀλλ’
1592 2311 1643 2366 οἱ
1699 2313 1883 2385 ἱερεῖς,
1938 2310 2045 2366 ἀπὸ

387 2405 503 2455 τῶν
533 2401 799 2476 ῥιςςέντων
836 2401 923 2456 ὑπ’
953 2400 1119 2456 αὐτοῦ
1151 2401 1423 2477 ἀργυρίων
1473 2399 1525 2455 ἐν
1574 2405 1654 2473 τῷ
1699 2404 1833 2471 ναῷ.
1889 2399 2043 2456 Ἐπεὶ

388 2487 448 2544 δὲ
484 2491 684 2561 μισθὸς
715 2494 882 2545 ταῦτα
910 2492 1010 2558 τῆς
1040 2489 1344 2564 προδοσίας
1404 2487 1604 2559 Ἰούδα,
1652 2488 1839 2561 ἐκείνῳ
1885 2489 1975 2544 καὶ
2005 2490 2040 2558 ἡ

387 2589 586 2646 κτῆσις
622 2578 921 2655 λογίζεται.
955 2579 1058 2637 Καὶ
1111 2579 1301 2652 πάλιν,
1352 2577 1467 2634 ἐπεὶ
1523 2578 1600 2641 εἷς
1653 2579 1829 2658 ταφὴν
1881 2582 2043 2634 τοῦτο

389 2670 726 2746 ἀφώρισται,
812 2669 1172 2745 πεπλήρωται
1231 2671 1266 2738 ἡ
1328 2671 1534 2747 Γραφή.
1587 2669 1688 2738 Τὸ,
1756 2693 1783 2720 ιι
1841 2667 1947 2724 Καὶ
2006 2669 2042 2738 ἠ

386 2758 621 2823 ἔπαυλις
671 2763 845 2817 αὐτοῦ
927 2761 1302 2836 ἧρημωμὲνη.
1336 2789 1362 2815 ››
1423 2763 1483 2816 Τί
1538 2763 1638 2836 γὰρ
1710 2757 2045 2837 ἐρημότερον

383 2852 573 2931 τάφων
603 2871 617 2919 ;
650 2853 748 2908 Διὶ
778 2850 836 2907 δὲ
872 2856 967 2907 τοῦ
1025 2852 1214 2919 εἴπεῖν,
1283 2853 1502 2928 Πρηνὴς
1561 2847 1854 2926 γενόμενος
1915 2849 2044 2906 ἔλά-

383 2963 526 3011 κησε
559 2945 751 3014 μέσος,
784 2940 980 3012 ἔδειξεν
1022 2943 1108 2997 ὅτι
1165 2936 1280 3013 ἅμα
1336 2946 1414 3012 τῷ
1461 2940 1778 3014 προδοῦναι,
1829 2939 1890 2997 ἐκ
1944 2947 2042 3011 τῆς

383 3031 520 3108 ἄγαν
559 3029 866 3105 ὁλιγωρῖας
894 3031 984 3086 καὶ
1031 3031 1297 3105 ῥᾳθυμίας
1349 3029 1627 3105 ἐχρήσατο
1673 3027 1742 3086 δι’
1791 3032 2044 3108 ἀπογνώ-

383 3142 523 3182 σεως
555 3125 637 3191 τῷ
666 3121 905 3194 τοιούτῳ
943 3119 1112 3178 τὲλει.
1167 3123 1407 3197 Ἀγχόνῃ
1461 3117 1518 3175 δὲ
1566 3119 1917 3198 χρησάμενον
1968 3120 2044 3175 εί-

383 3211 604 3265 πόντων
633 3215 742 3266 τῶν
770 3211 932 3283 ἱερῶν
969 3207 1340 3285 Εὐαγγελίων,
1391 3209 1438 3264 εἰ
1489 3209 1648 3272 οὗτος
1694 3213 1806 3281 νῦν,
1856 3217 2040 3285 πρηνῆ

2159 1955 2400 2026 pliciter
2427 1959 2586 2028 quod
2616 1960 2838 2013 factum
2872 1965 2962 2014 est
2991 1957 3234 2013 indicat.
3270 1959 3453 2012 Porro
3486 1953 3646 2026 quod
3678 1952 3827 2008 sub-

2148 2044 2450 2115 junxerit:
2486 2048 2590 2102 Hic
2621 2048 2822 2120 itaque
2854 2047 3105 2119 adeptus
3138 2052 3229 2103 est
3272 2045 3567 2118 praadium
3603 2060 3633 2098 e
3667 2059 3824 2097 mer-

2155 2133 2299 2189 cede
2317 2136 2913 2208 iniquitatis.etquod
2928 2137 3253 2208 praecipitio
3284 2135 3520 2206 crepuit
3535 2138 3637 2188 aut
3654 2132 3830 2186 diiTra

2155 2230 2285 2278 ctus
2299 2226 2583 2296 est:prius
2597 2227 3084 2298 quidem,nempe
3097 2225 3379 2297 adeptum
3398 2239 3527 2278 esse
3541 2220 3826 2293 praedium

2154 2329 2277 2368 non
2298 2313 2370 2368 ad
2393 2314 2605 2370 Judam
2629 2317 2899 2371 referens
2922 2315 3301 2385 dixit.Neque
3327 2312 3488 2368 enim
3520 2312 3648 2382 ipse
3672 2328 3822 2382 pra:-

2155 2403 2322 2460 dium
2347 2406 2493 2460 emit
2522 2406 2626 2462 sed
2643 2405 2981 2461 sacerdotes
2997 2423 3065 2461 ex
3078 2405 3377 2477 argenteis
3396 2419 3546 2474 quos
3560 2404 3585 2457 J
3595 2402 3738 2457 udas
3763 2403 3824 2456 in

2153 2495 2376 2567 templo
2391 2496 2923 2568 abjeceratzverum
2943 2497 3086 2567 quia
3098 2496 3184 2550 illi
3199 2499 3611 2550 erantmerces
3626 2493 3828 2564 prodi-

2153 2585 2335 2639 tionis
2354 2586 2846 2658 Judapossessio
2863 2602 3101 2658 quoque
3115 2590 3425 2656 reputatur
3439 2583 3650 2654 ipsius.
3670 2584 3818 2636 Itur-

2153 2674 2884 2747 sumque,quiaprredium
2898 2675 2962 2729 in
2978 2675 3348 2746 sepulturam
3364 2678 3705 2745 separatum
3727 2676 3820 2725 est

2153 2764 2450 2834 completa
2480 2771 2571 2820 est
2591 2765 2894 2838 Seriptura
2915 2782 3046 2836 quas
3069 2765 3152 2819 ait
3177 2780 3189 2818 :
3215 2791 3239 2815 κ
3262 2761 3662 2818 Commoratio
3679 2762 3810 2832 ejus

2153 2853 2390 2910 deserta
2419 2860 2512 2910 est
2541 2856 2607 2909 ³⁸.
2643 2879 2668 2905 »
2702 2855 2853 2921 Quid
2881 2855 3044 2910 enim
3076 2853 3369 2925 sepulcris
3395 2852 3580 2924 magis
3602 2851 3812 2906 deser-

2153 2949 2279 2999 tum
2307 2944 2440 2999 est?
2468 2947 2580 3000 Per
2609 2946 2721 3001 hoc
2760 2952 2958 3000 autem
2992 2943 3152 3016 quod
3183 2945 3284 3006 ait,
3311 2941 3646 3012 Prmcipitio
3671 2957 3808 2998 cree-

2154 3035 2284 3106 puit
2314 3035 2584 3090 medius:
2616 3034 2878 3090 ostendit
2907 3035 3066 3106 quod
3091 3032 3272 3088 simul
3307 3039 3371 3086 ut
3400 3030 3817 3103 prodiditpraa

2153 3123 2539 3179 nimiaanimi
2561 3125 3059 3196 pusillanimitate
3081 3130 3139 3178 et
3162 3121 3436 3178 socordia
3459 3120 3560 3176 tali
3581 3121 3698 3174 ﬁne
3715 3136 3822 3191 per

2154 3212 2636 3285 desperationem
2655 3230 2797 3268 usus
2819 3219 2926 3268 est.
2959 3216 3178 3267 Verum
3205 3228 3339 3265 cum
3365 3227 3537 3265 sacra
3562 3211 3822 3279 Evangr-

387 3303 635 3375 γενέσθαι
668 3299 849 3366 αὐτὸν,
880 3301 970 3356 καὶ
1022 3300 1121 3356 ὅσα
1180 3299 1324 3370 ἑξῆς,
1387 3301 1705 3376 ἀναγράφει,
1764 3298 1920 3357 οὐδὲν
1972 3301 2048 3363 εἷς

2164 3302 2240 3357 lia
2269 3303 2471 3358 dicant
2501 3303 2920 3375 praafocatione
2950 3308 3054 3356 aut
3082 3300 3408 3372 suspendio
3446 3314 3644 3361 usum,
3681 3297 3824 3352 licet

385 3387 714 3468 διαρωνίαν.
810 3391 1155 3468 Ἀμφότιρον
1235 3390 1337 3465 γὰρ
1397 3389 1611 3465 γέγονε,
1671 3388 2051 3467 διαρῥαγὲντος

381 3484 478 3534 τοῦ
507 3476 796 3534 καλωδίου
829 3479 916 3556 ὑφ’
949 3477 1012 3533 οὗ
1061 3481 1096 3549 ἡ
1157 3479 1394 3555 ἀγχόνη,
1455 3480 1544 3534 καὶ
1607 3479 1755 3535 οὓτω
1806 3485 2052 3556 πρηνοῦς

388 3569 610 3640 ἑπὶγῆς
635 3570 1060 3644 κατενεχθέντος
1092 3571 1180 3624 καὶ
1241 3568 1638 3640 λελακηκότος.
1695 3572 1783 3626 Ἐν
1837 3571 1950 3643 ὅσῳ
1995 3568 2052 3635 δὲ

389 3663 557 3713 ταῦτα
591 3659 724 3730 μετὶ
791 3659 846 3729 μ’
913 3659 1125 3731 ἡμέρας
1181 3661 1305 3731 περὶ
1365 3659 1531 3714 αὐτοῦ
1589 3656 1934 3734 διεξηγεῖται,
1987 3663 2050 3716 τὸ

399 3750 738 3820 παραχρῆμα
799 3753 900 3817 τῆς
942 3743 1240 3822 προδοσίας
1296 3750 1465 3802 ταῦτα
1517 3745 1764 3822 γενέσθαι
1823 3749 2050 3802 πιστοῦ-

401 3855 509 3889 ται.

464 4038 488 4068 ι
526 4016 654 4089 Περὶ
683 4013 861 4072 Ἰούδα
891 4019 988 4071 τοῦ
1043 4014 1341 4092 γενομένου
1399 4013 1610 4090 ὁδηγοῦ
1668 4020 1784 4076 τοῖς
1838 4013 2049 4070 συλλα-

385 4132 416 4157 σ(
468 4099 628 4160 δοῦσι
685 4106 778 4160 τὸν
838 4107 1076 4175 Ἰησοῦν,
1134 4105 1219 4160 δτι
1277 4106 1764 4178 κατηριθμημένος
1820 4105 1886 4174 ἦν
1948 4104 2041 4159 σὺν

386 4221 413 4246 ο
450 4197 613 4267 ἡμῖν,
644 4199 733 4249 καί
766 4193 937 4270 ἔλαχε
964 4195 1057 4250 τὸν
1090 4191 1302 4269 κλῆρον
1350 4201 1450 4262 τῆς
1500 4191 1774 4256 διακονίας
1814 4194 2041 4266 ταύτης.

449 4281 527 4340 ΟΥ
605 4303 626 4318 ρ
866 4283 891 4302 ν
1301 4303 1319 4314 _
1435 4283 1447 4304 ι
1578 4281 1592 4302 ν
1756 4287 1781 4298 ~
2013 4288 2038 4298 ,.

386 4311 409 4334 ι
504 4303 625 4344 ατο,
679 4283 772 4356 μὲν
829 4303 921 4338 ουν
983 4281 1248 4353 ἐκτήσατο
1306 4304 1510 4360 χωριον
1575 4303 1635 4338 εκ
1687 4303 1785 4338 του
1846 4286 2042 4358 μισθου

384 4397 410 4419 ιι
444 4379 546 4441 τῆς
589 4371 824 4442 ἀδικίας,
881 4372 970 4428 καὶ
1027 4374 1244 4448 πρηνής
1301 4373 1592 4449 γενόμενος
1651 4370 1885 4444 ἐλάκησε
1946 4374 2043 4446 μὲ-

384 4487 414 4516 α
449 4485 567 4528 σος,
600 4463 692 4518 καὶ
724 4463 951 4539 ἐξεχ·3θη
988 4462 1157 4518 πάντα
1211 4464 1278 4518 τὰ
1336 4460 1635 4540 σπλάγχνα
1689 4462 1875 4520 αὐτου.
1937 4462 2040 4520 Καὶ

376 4578 408 4604 ‹‹
450 4553 695 4626 γνωστὸν
745 4551 956 4626 ἰγένετο
1013 4558 1144 4607 πᾶσι
1201 4556 1318 4614 τοῖς
1374 4554 1721 4607 κατοικοῦσιν
1767 4552 2039 4626 Ἰερουσα-

2161 3393 2258 3450 hic
2289 3395 2722 3465 praecipitatum
2782 3394 2966 3449 fuisse
3021 3397 3269 3460 asserat,
3331 3397 3389 3446 et
3445 3405 3817 3461 quascunque

2161 3483 2446 3556 deinceps
2468 3489 2808 3548 narrantur,
2842 3483 2993 3537 nihil
3025 3499 3096 3538 ex
3126 3483 3238 3536 hoc
3261 3479 3648 3536 dissonantia
3669 3495 3818 3533 con-

2159 3574 2468 3645 sequitur:
2499 3581 2819 3644 utrumque
2853 3573 3014 3628 enim
3071 3572 3290 3627 factum
3344 3576 3454 3626 est.
3507 3569 3819 3623 Confracto

2157 3678 2419 3734 namque
2444 3663 2715 3718 funiculo
2738 3679 2858 3734 quo
2883 3662 3238 3734 prmfocatus
3261 3666 3409 3720 erat.
3437 3659 3520 3714 ita
3547 3657 3821 3730 prmcipi-

2157 3754 2238 3808 tio
2261 3754 2323 3808 in
2348 3759 2568 3809 terram
2589 3753 2815 3809 decidit
2835 3769 2903 3808 ac
2925 3752 3432 3824 crepuit.Interim
3456 3756 3657 3805 autem
3680 3747 3821 3802 dum

2156 3842 2285 3898 haec
2316 3849 2452 3914 post
2484 3843 2879 3914 quadraginta
2909 3841 3036 3897 dies
3068 3841 3141 3896 de
3172 3858 3240 3897 eo
3269 3846 3613 3905 narrantur,
3636 3837 3824 3910 proti-

2154 3947 2270 3986 nus
2304 3932 2432 3986 haac
2466 3947 2501 3987 a
2528 3931 2868 4002 proditione
2898 3931 3056 3985 facta
3085 3929 3269 3985 fuisse
3301 3928 3637 3984 conﬁrmat.

2226 4024 2320 4077 11
2354 4043 2382 4072 ιι
2421 4023 2466 4082 Ι.
2501 4023 2678 4075 16-20.
2715 4021 2794 4076 De
2823 4019 2973 4075 Juda
3000 4019 3103 4090 qui
3136 4018 3250 4073 fuit
3289 4017 3406 4074 dux
3461 4016 3696 4070 itineris
3727 4015 3820 4070 his

2155 4133 2184 4165 α
2214 4112 2316 4184 qui
2342 4109 2932 4183 comprehenderunt
2963 4111 3189 4172 Jesum.
3217 4109 3360 4180 qnia
3383 4112 3821 4163 annumeratus

2156 4223 2178 4253 ι
2215 4207 2343 4257 erat
2385 4200 2717 4256 nobiscum.
2753 4205 2812 4255 et
2833 4199 3078 4255 sortitus
3105 4205 3232 4254 erat
3253 4204 3472 4254 sortem
3497 4195 3821 4252 ministerii

2155 4315 2176 4342 ι
2213 4292 2415 4364 hujus,
2457 4291 2765 4362 Siquidem
2797 4290 2894 4345 hic
2949 4290 3200 4361 adeptus
3249 4295 3340 4345 est
3394 4287 3688 4360 prmdium
3747 4285 3820 4340 de

2150 4404 2180 4432 ‹‹
2213 4379 2490 4436 mercede
2521 4380 2879 4450 iniquitatis,
2914 4385 2972 4435 et
2995 4395 3218 4450 pronus
3262 4378 3496 4450 crepuit
3554 4375 3817 4455 medius,

2149 4493 2178 4522 ιι
2216 4477 2275 4526 et
2303 4473 2496 4525 eﬂ‘usa
2525 4475 2666 4525 sunt
2695 4470 2897 4524 omnia
2959 4468 3183 4524 viscera
3226 4469 3379 4540 ejus.
3429 4469 3498 4522 Et
3553 4466 3821 4527 innotuit

2153 4582 2178 4614 ιι
2208 4560 2491 4617 omnibus
2516 4559 2926 4616 habitantibus
2955 4560 3306 4627 Jerusalem,
3342 4560 3424 4614 ita
3452 4564 3517 4614 ut
3545 4557 3814 4630 appella-

378 4671 408 4695 κ
449 4644 598 4715 λήμ,
655 4644 794 4698 ὥστε
847 4651 1124 4714 κληθῆναι
1181 4643 1243 4698 τὸ
1293 4645 1504 4720 χωρίον
1565 4643 1735 4699 ἐκεῖνο
1804 4647 1872 4717 τῇ
1927 4642 2042 4716 ἰδίᾳ

2164 4673 2184 4700 κ
2219 4656 2384 4707 retur
2413 4649 2703 4722 praadium
2739 4649 2889 4704 illud
2921 4650 3160 4721 pr0prio
3208 4649 3451 4703 illorum
3501 4647 3811 4710 idiomate.

379 4761 409 4786 α
447 4731 724 4804 διαλέκτῳ
783 4732 985 4805 αὐτῶν,
1046 4732 1391 4808 Ἀκελγαμὰ,
1475 4732 1746 4799 τουτέστι,
1832 4733 2044 4807 Χωρίον

381 4848 407 4870 ει
440 4820 702 4896 α’ίματος.
737 4821 1040 4897 Γέγραπται
1071 4823 1173 4898 γὰρ
1205 4820 1258 4877 ἐν
1308 4817 1494 4897 βίϐλῳ
1541 4821 1814 4896 Ψαλμῶν.
1877 4829 2045 4893 Γενη·

381 4941 411 4966 (ι
452 4915 608 4983 Θήειω
636 4915 672 4983 ἡ
702 4910 927 4976 ἔπαυλις
958 4914 1130 4969 αὐτοῦ
1160 4908 1397 4989 ἔρημος,
1430 4913 1521 4968 καὶ
1556 4915 1632 4988 μή
1687 4911 1825 4969 ἔστω
1857 4915 1886 4970 ὁ
1915 4935 2044 4970 κατ-

383 5028 410 5053 ιι
450 5008 620 5057 οικῶν
668 5003 721 5058 ἐν
771 5002 931 5077 αὐτῇ,
993 5002 1084 5058 καὶ
1141 5003 1241 5072 τὴν
1301 5001 1603 5073 ἐπισκοπὴν
1656 5003 1822 5059 αὐτοῦ
1879 4999 2043 5059 λάϐοι

381 5119 412 5146 α
446 5091 653 5168 ἔτερος,
690 5117 720 5146 ιι

453 5185 518 5239 ’0
550 5180 760 5246 Ἰούδας
808 5181 909 5238 οὐκ
966 5181 1257 5238 ἔναπὲθανι
1307 5187 1377 5258 τῇ
1436 5183 1675 5262 ἀγχόνῃ,
1735 5181 1863 5240 ἀλλ’
1917 5183 2042 5239 ἐπι-

378 5267 511 5340 ϐίω,
544 5272 896 5346 κατενεχθεῖς
951 5270 1060 5345 πρὸ
1114 5272 1210 5326 τοῦ
1269 5271 1655 5349 ἀποπνιγῆναι,
1719 5273 1820 5329 Καὶ
1877 5277 2040 5328 τοῦτο

376 5360 645 5432 δηλοῦσιν
707 5362 763 5416 αἱ
814 5364 926 5416 τῶν
986 5359 1311 5415 ἀποστόλων
1371 5363 1618 5436 Πράξεις,
1679 5359 1764 5416 ὅτι
1821 5364 2038 5438 πρηνὴς

374 5453 673 5527 γενόμενος
730 5449 980 5522 ἕλάκησε
1065 5451 1246 5523 μέσος.
1321 5455 1496 5506 Τοῦτο
1579 5447 1638 5506 δὶ
1717 5451 2039 5531 σαφέστερον

447 5697 493 5736 ὀ
522 5699 546 5759 ι
574 5701 704 5760 Cor.
736 5713 844 5768 xv,
879 5696 916 5751 6
949 5709 1120 5768 seqq.

1197 5694 1242 5733 ²¹
1273 5692 1429 5751 Psal.
1462 5711 1656 5768 uvm,
1687 5697 1796 5766 26;
1827 5697 1956 5754 Act.
1988 5713 2029 5768 ι,
2061 5701 2150 5756 20.

2159 4761 2188 4790 «
2223 4740 2604 4805 Hacaldema,
2636 4741 2751 4794 hoc
2781 4745 2892 4804 est,
2925 4743 3078 4812 Ager
3134 4737 3462 4811 sanguinis.
3516 4737 3814 4808 Scriptum

2157 4851 2184 4878 «
2220 4835 2311 4884 est
2340 4829 2502 4884 enim
2535 4829 2597 4884 in
2628 4829 2781 4884 libro
2814 4828 3185 4884 Psalmorum
3217 4844 3230 4882 :
3265 4827 3390 4882 Fiat
3418 4825 3808 4881 commoratio

2156 4919 2340 4991 «ejus
2370 4919 2626 4988 deserta,
2662 4924 2721 4974 et
2772 4935 2892 4973 non
2950 4917 3028 4972 sit
3073 4917 3175 4988 qui
3218 4916 3444 4972 habitet
3493 4917 3556 4971 in
3607 4932 3697 4986 ea,
3752 4921 3812 4970 et

2160 5029 2181 5057 ι
2217 5009 2626 5081 episcopatum
2659 5010 2788 5081 ejus
2819 5007 3074 5080 accipiat
3101 5007 3253 5064 alter
3281 5007 3347 5062 ³³.
3380 5025 3413 5060 ιο

2185 5189 2212 5243 J
2220 5187 2364 5245 udas
2379 5188 2701 5261 suspendio
2716 5205 2746 5243 e
2762 5189 3010 5244 vitanon
3025 5187 3433 5255 discessit,sed
3449 5187 3802 5258 supervixit:

2152 5277 2421 5349 dejectus
2435 5284 2523 5333 est
2537 5279 2695 5334 enim
2714 5279 3060 5350 priusquam
3077 5277 3499 5350 praefocaretur
3515 5296 3530 5334 :
3544 5275 3724 5347 idque
3743 5291 3808 5329 a-

2148 5367 3108 5439 postolorumActaindicantquod
3126 5364 3817 5438 pronuscrepuitmedius

2150 5457 2270 5512 Hoc
2289 5463 2490 5515 autem
2515 5457 2755 5530 planius
2777 5457 3016 5529 scripsit
3048 5457 3259 5528 Papias
3287 5457 3530 5512 Joannis
3552 5456 3809 5527 apostoli

2229 5699 2278 5737 ³³
2310 5700 2466 5759 Psal.
2499 5717 2648 5770 cvm.
2678 5702 2732 5760 8.
