4160 6476
353 467 429 526 59
1439 461 1873 527 CECUMENII
1917 459 2230 521 TRlCC/E
2273 458 2629 520 EPISCOPI
3696 463 3779 524 60

357 599 707 672 discipulus,
740 600 983 655 dicens:
1018 599 1106 654 Ad
1136 615 1419 672 magnum
1453 599 1779 672 impietatis
1811 614 2000 652 exem-

2116 592 2323 668 ἱστορεῖ
2355 592 2569 658 Παπίας
2597 594 2623 648 6
2658 595 2910 652 Ἰωάννου
2965 598 3061 649 τοῦ
3121 592 3436 650 ἀποστόλου
3497 596 3776 668 μαθητὴς,

358 689 524 760 plum
556 691 615 744 in
648 690 759 745 hoc
787 689 1013 745 mundo
1045 690 1376 761 permansit
1403 690 1605 745 Judas.
1657 691 1723 743 1n
1778 694 2006 743 tantum

357 781 513 833 enim
540 797 782 851 corpore
807 780 1049 835 inﬂatus
1072 787 1138 834 ut
1159 779 1431 853 progredi
1463 797 1584 835 non
1614 783 1836 851 posset,
1870 793 2004 833 cum

355 885 564 923 currus
595 870 706 924 levi
737 886 914 924 cursu
947 871 1354 940 pertransiret.
1391 886 1569 923 curru
1627 882 2005 938 compressus

351 963 460 1021 est.
494 960 576 1014 ita
606 966 670 1013 ut
699 959 1092 1013 funderentur
1123 959 1250 1029 ejus
1283 959 1586 1013 intestina.
1647 958 1778 1013 Alio
1820 957 2001 1010 modo.

350 1048 607 1119 Corpore
641 1048 798 1102 enim
833 1047 978 1102 adeo
1013 1048 1256 1102 inflatus
1287 1054 1395 1115 est,
1443 1053 1510 1102 ut
1563 1063 1757 1117 neque
1804 1050 2006 1117 posset

351 1137 628 1209 progredi
660 1153 777 1207 qua
808 1155 1015 1192 currus
1048 1138 1156 1192 levi
1191 1155 1367 1193 cursu
1427 1135 1848 1208 pertransibat,
1883 1135 2001 1189 imo

350 1242 425 1281 ne
458 1226 650 1281 solum
685 1226 924 1296 quidem
955 1228 1166 1298 capitis
1199 1234 1414 1281 tumor.
1452 1225 1752 1298 Siquidem
1788 1231 1846 1279 et
1865 1223 2001 1296 pal-

349 1315 566 1387 pebras
597 1316 904 1371 oculorum
937 1319 1068 1386 ejus
1098 1316 1244 1371 adeo
1279 1317 1635 1371 intumuisse
1688 1315 1904 1380 ferunt,
1937 1317 2004 1367 ut

349 1405 554 1461 lumen
587 1407 830 1460 omnino
860 1405 1057 1461 videre
1089 1423 1208 1460 non
1240 1413 1460 1477 posset.
1495 1405 1650 1461 oculi
1680 1421 1815 1458 vero
1841 1403 2003 1458 illius

348 1509 544 1566 neque
595 1491 879 1568 διόπτρας,
932 1513 1148 1568 nempe
1198 1497 1581 1552 instrumenti
1635 1495 2001 1550 medicorum

349 1585 714 1640 adminiculo
737 1602 1023 1656 apparere
1047 1593 1312 1656 possent,
1327 1593 1491 1641 tanta
1506 1584 1908 1656 profunditate
1928 1583 2000 1638 ab

350 1675 625 1730 exteriori
647 1682 888 1746 aspectu
911 1681 1082 1730 erant
1101 1676 1386 1745 separati:
1414 1675 1670 1748 genitale
1689 1692 1823 1730 vero
1839 1673 2001 1728 illius

349 1764 689 1820 membrum
713 1781 949 1819 omnem
975 1764 1298 1820 excedebat
1319 1765 1767 1820 obscamitatem
1794 1780 1860 1818 ac
1884 1778 1999 1817 ma-

349 1854 744 1927 gnitudinem.
779 1859 957 1910 Porro
985 1855 1182 1910 sanies
1215 1871 1281 1910 ac
1311 1871 1542 1910 vermes
1565 1853 1996 1909 contumeliose

349 1944 721 1999 confluentes
743 1961 811 1999 ex
835 1951 956 1999 toto
988 1945 1176 2015 ipsius
1198 1961 1442 2015 corpore
1461 1943 1809 1999 ferebantur
1829 1958 1994 2015 egre-
2029 1970 2084 2036 Β

350 2033 602 2099 dientes,
638 2051 744 2104 per
775 2035 902 2089 sola
930 2035 1061 2090 loca
1092 2035 1432 2089 secretoria.
1467 2035 1608 2088 Post
1637 2033 1826 2088 multa
1867 2048 1998 2087 vero

347 2128 649 2179 tormenta
675 2129 734 2178 et
753 2124 1035 2189 ultiones,
1057 2141 1241 2195 quum
1265 2123 1325 2178 in
1344 2140 1450 2178 suo
1472 2122 1793 2194 praedio,ut
1812 2123 2002 2186 aiunt,

349 2221 622 2271 mortuus
653 2222 832 2283 esset,
864 2217 1176 2287 praafetore
1207 2217 1498 2287 praedium
1532 2215 1677 2270 illud
1703 2215 2004 2270 desertum

348 2305 700 2375 permansit,
725 2310 784 2360 et
813 2322 935 2360 non
967 2305 1300 2361 habitatum
1331 2321 1520 2376 usque
1552 2306 1614 2360 in
1644 2304 2005 2360 hodiernum

357 2394 534 2449 diem.
571 2395 683 2449 Sed
702 2411 898 2465 neque
923 2395 998 2450 ad
1020 2395 1129 2450 hoc
1151 2411 1339 2466 usque
1357 2401 1592 2466 tempus
1614 2395 1810 2450 locum
1833 2393 2005 2449 illum

358 2483 676 2554 quisquam
702 2485 1009 2554 prasterire
1055 2489 1270 2555 potest,
1321 2484 1438 2538 nisi
1486 2484 1777 2539 obturatis
1825 2500 2005 2539 manu

357 2572 625 2627 naribus.
671 2573 938 2645 Suggerit
993 2579 1192 2629 autem
1255 2574 1440 2628 Lucas
1491 2573 1603 2628 hoc
1659 2573 1790 2628 loco
1842 2571 2005 2628 Iuda:

357 2662 720 2733 supplicium
764 2663 925 2733 quod
984 2664 1184 2718 statim
1247 2663 1629 2718 subsecutum
1690 2668 1797 2718 est.
1861 2665 2005 2718 Nam

350 2752 814 2810 imbecilliorum
847 2755 1061 2809 animae
1093 2753 1486 2826 praesentibus
1527 2754 1874 2810 refenantur
1900 2771 2004 2826 po-

353 2844 680 2900 tissimum.
718 2847 896 2900 Auxit
924 2852 1122 2902 autem
1147 2852 1478 2916 peccatum,
1501 2846 1601 2902 l2
1629 2863 1841 2901 vocans
1870 2862 2005 2901 eum

354 2935 760 3004 proditorem:
823 2935 1181 3007 supplicium
1251 2952 1408 3002 vero,
1467 2953 1602 2991 cum
1661 2936 1774 2991 hoc
1826 2936 2005 2991 etiam

353 3023 524 3077 illum
551 3040 792 3095 passum
817 3041 948 3080 esse
962 3031 1408 3080 commemorat.
1433 3025 1789 3081 Hacaldema
1806 3032 2002 3080 autem

353 3113 575 3168 dictum
610 3131 739 3170 esse
771 3115 1083 3186 praedium,
1118 3132 1239 3170 non
1290 3131 1325 3170 a
1369 3115 1538 3184 Juda,
1594 3115 1696 3171 sed
1726 3133 1761 3170 a
1786 3116 2005 3171 Judaais

350 3202 629 3257 intendit.
691 3206 834 3258 Nam
893 3206 1022 3260 ait:
1081 3203 1327 3274 Proprio
1385 3204 1628 3258 illorum
1698 3204 2000 3272 idiomate,

348 3308 564 3363 nempe
595 3293 814 3348 Judaeis
844 3293 1225 3365 iniquitatem
1261 3294 1700 3349 attestantibus.

418 3382 464 3448 Ι,
497 3385 685 3436 21-25.
724 3403 748 3434 α
785 3385 1030 3454 Oportet
1054 3384 1236 3456 igitur
1264 3390 1329 3440 ut
1355 3401 1426 3438 ex
1456 3383 1549 3438 his
1578 3385 1720 3438 viris
1761 3384 1862 3454 qui
1893 3400 2002 3439 no-

352 3492 379 3520 «ι
398 3469 632 3526 hiscum
663 3472 876 3527 versati
905 3478 1045 3527 sunt
1064 3474 1225 3527 omni
1249 3479 1662 3543 tempore,quo
1685 3472 1926 3528 intravit
1945 3477 2006 3527 et

351 3581 378 3608 ‹‹
405 3559 582 3614 exivit
613 3561 770 3615 inter
797 3578 907 3616 nos
939 3561 1228 3616 Dominus
1257 3563 1445 3626 Jesus,
1475 3577 1719 3616 exorsus
1748 3579 1783 3616 a
1811 3561 2003 3632 bapti-

350 3669 378 3696 α
410 3655 598 3703 smate
618 3649 1077 3721 Joannis,usque
1101 3651 1174 3705 ad
1189 3667 1324 3704 eum
1348 3649 1507 3706 diem
1521 3666 1638 3720 quo
1662 3655 2004 3721 assumptus

352 3758 381 3786 «
413 3743 504 3792 est
533 3755 566 3793 a
595 3739 789 3805 nobis,
840 3756 997 3795 unus
1046 3740 1344 3811 quispiam
1392 3741 1789 3795 constituatur
1836 3740 2003 3795 testis

347 3850 377 3879 «
411 3829 871 3883 resurrectionis
930 3830 1059 3900 ejus
1115 3829 1449 3884 nobiscum.
1512 3831 1583 3884 Et
1667 3834 2006 3885 statuerunt

350 3938 380 3968 α
413 3916 580 3980 duos,
612 3919 828 3989 Joseph
861 3919 962 3989 qui
993 3925 1236 3975 vocatur
1265 3919 1572 3984 Barsabas,
1635 3919 1736 3990 qui
1787 3935 2001 3991 cogno-

349 4029 371 4060 ο
391 4008 654 4064 minatus
668 4014 759 4065 est
769 4011 1055 4074 Justus,et
1067 4011 1433 4066 Mathiamzet
1447 4015 1685 4066 orantes
1702 4008 2000 4065 dixerunt:

347 4121 374 4148 «
409 4101 513 4166 Tu,
547 4099 816 4156 Domine.
851 4099 952 4170 qui
982 4099 1160 4154 corda
1199 4099 1356 4154 nosti
1415 4099 1704 4164 omnium,
1755 4098 2002 4152 ostende

348 4210 374 4237 ‹‹
399 4193 601 4241 utrum
635 4204 704 4241 ex
725 4187 818 4242 his
837 4187 1069 4242 duobus
1101 4187 1375 4258 elegeris,
1407 4191 1473 4241 ut
1501 4187 1754 4258 accipiat
1782 4192 2004 4242 sortem

350 4300 377 4326 «ι
405 4275 724 4331 ministerii
742 4275 923 4347 hujus
945 4276 1495 4347 apostolatus,unde
1519 4276 2002 4347 praevaricatione

350 4389 376 4416 ‹‹
415 4365 635 4422 excidit
661 4365 865 4435 Judas,
897 4367 1284 4438 progrediens
1307 4367 1367 4421 in
1396 4367 1593 4422 locum
1626 4384 1820 4424 suum.
1857 4390 1884 4417 »

420 4459 564 4512 Rem
588 4457 707 4512 illis
729 4457 1134 4512 communicat
1157 4474 1232 4511 ne
1249 4457 1311 4512 in
1333 4473 1592 4530 pugnam
1616 4457 1844 4524 evadat,
1860 4457 2000 4512 etin

348 4546 794 4602 contentionem
809 4547 1048 4602 incidan
1059 4548 1425 4618 t.Pr0pterea
1435 4563 1672 4618 quoque
1685 4546 2000 4618 incipiens:

351 4636 467 4689 Viri
497 4635 711 4692 fratres
744 4637 1007 4708 (inquit),
1041 4641 1276 4708 oportet
1318 4637 1452 4708 eligi
1485 4653 1519 4692 a
1548 4637 1735 4705 vobis,
1793 4637 2000 4692 multi-

2117 677 2316 755 λέγων’
2353 680 2506 757 Μέγα
2531 678 2778 746 ἀσεϐείας
2809 681 3114 759 ὑπόδειγμα
3147 683 3198 740 έν
3225 684 3404 757 τούτῳ
3450 690 3529 757 τῷ
3578 685 3775 759 κόσμῳ

2114 773 2512 844 περιεπάτησεν
2571 770 2800 835 Ἰούδας,
2863 773 3136 847 Πρησθεὶς
3189 773 3292 849 γὰρ
3365 772 3454 828 ἐπὶ
3510 778 3772 830 τοσοῦτον

2113 859 2213 927 τήν
2246 859 2438 935 σάρκα,
2471 859 2610 916 ὥστε
2653 863 2730 934 μή
2785 859 3040 916 δύνασθαι
3102 859 3360 931 διελθεῖν,
3405 863 3622 935 ἀμάξης
3679 864 3773 939 ῥᾳ-

2115 945 2246 1009 δίως
2277 945 2667 1024 διερχομένης,
2703 951 2806 1005 ὑπὸ
2833 958 2933 1019 τῆς
2965 951 3179 1024 ἁμάξης
3225 950 3472 1022 ἐπιέσθη,
3529 952 3670 1008 ὥστε
3700 953 3770 1008 τὰ

2112 1030 2308 1110 ἔγκατα
2366 1039 2532 1094 αὐτοῦ
2588 1038 2977 1109 ἐκκενωθῆναι.
3051 1073 3121 1082 -
3177 1039 3420 1103 Ἄλλως.
3479 1042 3764 1113 Ἐπρησθη

2111 1125 2213 1201 γᾶρ
2269 1127 2356 1182 ἐπὶ
2412 1132 2668 1184 τοσοῦτον
2727 1130 2824 1198 τῆν
2883 1128 3074 1205 σάρκα,
3134 1129 3273 1184 ὣστε
3361 1127 3502 1204 μηδὲ
3569 1131 3769 1194 ὁπόθεν

2113 1218 2288 1290 ἅμαξα
2321 1216 2523 1295 ῥᾳδίως
2568 1217 2866 1296 διέρχεται,
2927 1219 3129 1276 ἐκεῖνον
3189 1219 3445 1286 δύνασθαι
3507 1219 3769 1290 διελθεῖν,

2110 1305 2258 1364 ἀλλά
2290 1307 2432 1380 μηδέ
2462 1309 2622 1364 αὐτὸν
2657 1311 2823 1382 μόνον
2854 1311 2948 1365 τὸν
2996 1317 3096 1379 τῆς
3155 1309 3402 1384 κεφαλῆς
3458 1306 3642 1385 ὄγκον.
3688 1310 3771 1368 Τά

2117 1397 2212 1470 μὲν
2245 1399 2349 1473 γὰρ
2381 1397 2630 1476 βλέφαρα
2655 1405 2764 1454 τῶν
2812 1397 3114 1477 ὀφθαλμῶν
3165 1399 3330 1454 αὐτοῦ
3388 1419 3517 1478 φασι
3570 1403 3764 1455 τοσοῦ-

2109 1507 2204 1541 τον
2237 1483 2533 1560 ἐξοιδῆσαι,
2566 1488 2640 1550 ὡς
2672 1489 2834 1543 αὐτὸν
2867 1489 2963 1561 μὲν
2996 1485 3234 1553 καθόλου
3263 1490 3326 1544 τὸ
3358 1493 3474 1567 φῶς
3504 1489 3582 1562 μὴ
3645 1487 3772 1564 βλέ-

2110 1605 2250 1641 πειν.
2285 1584 2427 1647 Τοὺς
2453 1584 2778 1659 ὀφθαλμοὺς
2807 1583 2864 1641 δὲ
2921 1586 3086 1641 αὐτοῦ
3150 1583 3291 1659 μηδὲ
3351 1587 3454 1642 ὑπὸ
3515 1588 3770 1662 ἱατρικῆς

2112 1670 2372 1749 διόπτρας
2433 1675 2661 1754 ὀφθῆναι
2721 1673 2999 1746 δύνασθαι,
3051 1682 3308 1732 τοσοῦτον
3368 1678 3534 1751 βάθος
3606 1679 3765 1753 εἶχον

2113 1763 2217 1818 ἀπὸ
2242 1771 2342 1833 τῆς
2369 1761 2562 1837 ἔξωθεν
2592 1766 2930 1845 έπιφανείαςυ
2961 1767 3024 1822 τὸ
3077 1765 3135 1822 δὲ
3185 1765 3391 1823 αἰδοῖον
3443 1769 3612 1824 αὐτοῦ
3659 1767 3766 1822 πά-

2114 1874 2213 1922 σης
2247 1856 2340 1925 μὲν
2373 1853 2641 1929 αἰσχύνης
2694 1853 3018 1931 ἀηδέστερον
3067 1855 3158 1912 καὶ
3221 1863 3405 1930 μεῖζον
3461 1856 3766 1931 φαίνεσθαι.

2114 1942 2380 2014 Φέρεσθαι
2439 1941 2497 1998 δὲ
2555 1944 2741 2014 αὐτοῦ,
2799 1946 2928 2009 τοὺς
2983 1945 3042 2001 ἐκ
3100 1947 3297 2008 παντὸς
3352 1951 3448 2002 τοῦ
3513 1947 3770 2019 σώματος

2115 2033 2676 2108 συρῥέονταςίχῶράς
2728 2055 2787 2089 τε
2842 2035 2932 2090 καὶ
2992 2035 3287 2104 σκώληκας
3347 2037 3422 2098 εἷς
3483 2031 3639 2110 ὕϐριν
3701 2033 3774 2090 δι’

2115 2122 2294 2178 αὐτῶν
2331 2125 2497 2197 μόνον
2526 2130 2634 2180 τῶν
2665 2125 2999 2202 ἀναγκαίων.
3035 2127 3181 2182 Μετά
3227 2125 3286 2182 δὲ
3332 2124 3548 2190 πολλὰς
3601 2127 3774 2202 βασά-

2114 2232 2236 2273 νους
2261 2212 2352 2266 καὶ
2382 2212 2677 2285 τιμωρίας,
2708 2212 2760 2267 ἐν
2805 2211 2930 2284 ἰδίῳ
2987 2215 3115 2291 φασὶ
3163 2215 3361 2290 χωρίῳ
3411 2213 3776 2286 τελευτήσαν-

2113 2325 2231 2373 τος,
2263 2303 2370 2359 ἀπὸ
2399 2311 2499 2373 τῆς
2531 2305 2712 2380 ὀσμῆς
2743 2301 2950 2381 ἔρημόν
3000 2328 3057 2362 τε
3111 2308 3201 2362 καὶ
3250 2307 3510 2378 ἀοίκητον
3559 2307 3621 2362 τὸ
3648 2326 3774 2382 χω-

2119 2392 2234 2468 ρίον
2270 2391 2437 2467 μέχρι
2473 2400 2574 2462 τῆς
2603 2398 2696 2448 νῦν
2725 2394 2987 2469 γενέσθαι.
3041 2393 3201 2451 Ἀλλ’
3264 2393 3389 2450 οὐδὲ
3450 2395 3617 2471 μέχρι
3667 2402 3772 2465 τῆς

2118 2481 2359 2554 σήμερον
2390 2478 2645 2536 δύνασθαί
2674 2503 2794 2536 τινα
2825 2481 3024 2539 ἐκεῖνον
3083 2485 3176 2540 τὸν
3233 2485 3402 2540 τόπον
3458 2486 3772 2565 παρελθεῖν,

2117 2567 2205 2624 ἐὰν
2251 2571 2328 2642 μὴ
2358 2569 2454 2631 τὰς
2487 2569 2638 2646 ῥῖνας
2665 2576 2787 2634 ταῖς
2848 2573 3034 2647 χερσὶν
3081 2573 3370 2652 ἐπιφράξῃ.
3423 2579 3774 2652 Μνημονεύει

2119 2655 2176 2712 δὲ
2207 2659 2235 2713 6
2267 2664 2480 2722 Λουκᾶς
2512 2659 2734 2725 ἐνταῦθα
2759 2666 2856 2717 τοῦ
2885 2663 3090 2727 πάθους
3119 2668 3216 2719 τοῦ
3261 2662 3438 2721 Ἰούδα
3487 2672 3584 2723 τοῦ
3633 2691 3775 2745 παρ-

2118 2747 2328 2804 αυτίκα.
2380 2753 2498 2807 Τῶν
2553 2751 2653 2825 γὰρ
2713 2751 3101 2828 ἀσθενεστέρων
3157 2756 3212 2808 αἱ
3269 2757 3441 2830 ψυχαὶ
3503 2765 3617 2823 τοῖς
3675 2783 3779 2816 πα-

2119 2841 2271 2914 ροῦσι
2339 2837 2578 2910 μάλιστα
2637 2841 3080 2918 σωφρονίζονται.
3168 2841 3378 2917 Ηῦξησε
3436 2844 3492 2902 δὲ
3550 2848 3613 2904 ού
3667 2853 3770 2921 τὴν

2118 2927 2409 3003 ἁμαρτίαν,
2469 2927 2746 3004 προδότην
2801 2930 2962 2988 αὐτὸν
3016 2932 3381 3004 ἀποκαλέσας,
3455 2935 3606 2993 ἀλλά
3667 2941 3772 3009 τὴν

2114 3017 2405 3091 τιμωρίαν,
2441 3017 2526 3074 ὅτι
2563 3016 2690 3075 τόδε
2747 3021 2839 3075 καὶ
2890 3018 3017 3076 τόδε
3062 3017 3226 3077 ἔπαθε
3279 3021 3512 3094 διεξιών.
3571 3028 3775 3085 Ἀκιλ-

2119 3103 2266 3178 δαμά
2296 3102 2353 3160 δὲ
2383 3106 2447 3160 τὸ
2477 3107 2687 3182 χωρίον
2718 3107 2825 3183 οὐχ
2857 3108 2960 3163 ὑπὸ
2989 3114 3087 3164 τοῦ
3119 3107 3317 3180 Ἰούδα,
3352 3111 3478 3168 ἀλλ’
3528 3115 3632 3170 ὑπὸ
3661 3119 3773 3170 τῶν

2119 3194 2396 3252 Ἰουδαίων
2425 3195 2743 3267 κεκλῆσθαι.
2771 3198 2917 3270 Φησὶ
2975 3200 3099 3276 γάρ’
3161 3203 3245 3275 Τῇ
3303 3199 3417 3274 ἰδίᾳ
3473 3200 3766 3278 διαλέκτῳ,

2123 3286 2540 3362 μαρτυρούντων
2576 3286 2856 3345 Ἰουδαίων
2891 3289 2954 3344 τὸ
2975 3290 3374 3366 παρανόμημα.

2189 3400 2216 3427 ‹‹
2253 3381 2344 3431 Δεῖ
2373 3373 2466 3431 οὖν
2495 3374 2860 3440 συνελθὸντων
2893 3381 3030 3451 ἡμῖν
3075 3377 3281 3457 ἀνδρῶν
3333 3382 3384 3436 έν
3426 3384 3585 3439 παντὶ
3631 3384 3776 3463 χρό-

2115 3489 2142 3517 ‹‹
2173 3487 2268 3538 νῳ,
2301 3463 2354 3520 έν
2384 3464 2430 3538 ᾧ
2460 3464 2710 3534 εἰσῆλθεν
2760 3469 2848 3523 καὶ
2911 3466 3133 3538 ἐξῆλθεν
3167 3468 3248 3546 ἐφ’
3315 3474 3464 3545 ἡμᾶς
3495 3474 3522 3528 6
3572 3474 3775 3548 Κύριος

2115 3578 2145 3608 ‹‹
2181 3557 2414 3626 Ἰησοῦς,
2465 3556 2766 3630 ἀρξάμενος
2823 3558 2931 3613 ἀπὸ
2986 3564 3085 3615 τοῦ
3142 3561 3524 3636 βαπτίσματος
3585 3564 3779 3622 Ἰωάν-

2117 3667 2146 3697 ι(
2171 3665 2290 3712 νου,
2322 3641 2426 3706 ἕως
2454 3651 2557 3713 τῆς
2590 3647 2821 3720 ἡμέρας,
2856 3646 2924 3715 ἧς
2951 3643 3232 3722 ἀνελήφθη
3266 3649 3360 3729 ἀφ’
3416 3653 3598 3724 ἡμῶν,
3635 3654 3782 3727 μάρ-

2114 3757 2143 3784 (ι
2170 3754 2306 3808 τυρα
2334 3741 2435 3799 τῆς
2466 3733 2806 3798 ἀναστάσεως
2849 3735 3015 3793 αὐτοῦ
3062 3737 3305 3814 γενέσθαι
3353 3739 3447 3795 σὺν
3503 3742 3631 3816 ὑμῖν
3678 3742 3775 3799 ἕνα

2115 3823 2398 3880 «τούτων.
2433 3825 2537 3881 Καὶ
2579 3822 2806 3896 ἔστησαν
2865 3824 2986 3895 δύο,
3046 3829 3274 3906 ἰωσῆφ,
3334 3829 3428 3884 τὸν
3487 3829 3773 3906 καλουμε-

2119 3935 2143 3968 ο
2175 3934 2267 3968 νον
2301 3910 2610 3990 Βαρσαϐἆν,
2647 3914 2705 3977 ὅς
2738 3913 3018 3986 ἐπεκλήθη
3054 3917 3312 3986 Ἰοῦστος,
3344 3919 3433 3974 καὶ
3495 3912 3765 3980 Ματθίαν.

2114 4029 2142 4056 ‹‹
2178 4003 2276 4058 Καὶ
2307 4005 2735 4078 προσευξάμενοι
2789 4006 2964 4061 εἶπον·
3029 4007 3126 4075 Σὺ,
3187 4008 3374 4082 Κύριε,
3423 4008 3765 4088 καρδιογνώ-

2117 4114 2142 4146 α
2174 4113 2274 4147 στα
2304 4093 2545 4162 πάντων,
2577 4090 2854 4165 ἀνάδειξον
2907 4093 2966 4152 ὅν
3017 4093 3240 4167 ἐξελέξω
3287 4097 3348 4153 έκ
3393 4099 3602 4156 τούτων
3656 4108 3767 4159 τῶν

2120 4203 2142 4232 ε
2177 4179 2300 4252 δύο,
2331 4181 2424 4238 ἓνα
2455 4179 2645 4238 λαϐεῖν
2690 4183 2784 4240 τὸν
2830 4183 3038 4260 κλῆρον
3085 4194 3186 4257 τῆς
3237 4184 3514 4252 διακονίας
3560 4192 3771 4263 ταύτης

2118 4295 2140 4323 ι
2173 4270 2264 4327 καὶ
2294 4271 2631 4342 ἀποστολῆς,
2663 4272 2712 4343 ἐξ
2773 4274 2842 4344 ἦς
2893 4269 3106 4352 παρέϐη
3168 4275 3374 4340 Ἰούδας
3431 4283 3765 4356 πορευθῆναι

2113 4384 2142 4414 ‹‹
2166 4361 2244 4423 εἷς
2268 4362 2362 4417 τὸν
2388 4363 2558 4418 τόπον
2583 4363 2676 4418 τὸν
2711 4360 2872 4421 ἴδιον.
2905 4388 2934 4418 ››

2186 4452 2597 4508 Ἀνακοινοῦται
2625 4454 2839 4523 αὐτοῖς,
2879 4452 2970 4508 ’ίνα
3003 4456 3080 4528 μή
3129 4456 3192 4511 τὸ
3251 4463 3481 4534 πρᾶγμα
3538 4463 3771 4537 περιμά-

2112 4559 2292 4618 χητον
2322 4540 2571 4619 γένηται,
2621 4543 2712 4599 καὶ
2774 4544 2853 4606 εἲς
2909 4544 3248 4622 φιλονεικίαν
3309 4549 3606 4622 ἐμπέσωσι.
3670 4551 3772 4607 Διά

2111 4637 2273 4689 τοῦτο
2326 4634 2417 4688 καὶ
2471 4633 2808 4709 ἀρχόμενος,
2865 4633 3057 4710 ἀνδρες
3141 4635 3391 4714 ἀδελφοὶ,
3465 4642 3622 4718 φησὶ,
3687 4639 3774 4697 δεῖ

348 4725 541 4780 tudini
567 4726 865 4798 judicium
896 4727 1272 4797 permittens,
1305 4725 1602 4796 simulque
1634 4731 1692 4780 et
1749 4742 1849 4781 eos
1900 4725 2000 4797 qui

2116 4722 2426 4794 ἐκλέξασθαι
2458 4723 2507 4794 ἐξ
2562 4725 2739 4797 ὑμῶν,
2790 4726 2871 4798 τῷ
2921 4724 3124 4796 πλήθει
3176 4713 3297 4796 τήν
3327 4713 3506 4804 κρίσιν
3559 4731 3771 4808 ἐπιτρέο

348 4815 636 4888 eligerent
664 4815 1037 4871 venerandos
1067 4815 1342 4883 reddens,
1386 4821 1445 4870 et
1484 4815 1748 4886 seipsum
1779 4815 1999 4871 invidia

344 4905 608 4962 liberans
632 4923 770 4980 erga
799 4907 936 4962 illos
969 4923 981 4961 :
1013 4913 1137 4962 tum
1171 4907 1313 4977 quia
1341 4906 1471 4961 ﬁeri
1503 4906 1838 4977 oportebat,
1870 4912 1997 4962 tum

347 4996 505 5067 quod
535 4997 883 5067 prophetam
919 4996 1166 5052 inducat
1195 4997 1493 5052 dicentem
1529 5011 1541 5049 :
1575 4996 1997 5068 Episcopatum

344 5087 476 5156 ejus
502 5085 758 5156 accipiat
786 5085 954 5141 alter.
1002 5087 1045 5139 E
1077 5086 1294 5156 quibus
1342 5089 1541 5140 autem
1591 5085 1875 5156 Oportet?
1918 5086 2000 5138 Ex

345 5175 440 5229 his
473 5175 574 5245 qui
607 5174 697 5228 sui
731 5175 1146 5245 probationem
1177 5173 1558 5246 praebuerant
1589 5179 1858 5246 tempore
1880 5191 1998 5244 quo

346 5264 504 5335 apud
538 5263 700 5335 ipsos
728 5264 964 5320 fuerant
992 5263 1351 5341 congregati.
1385 5263 1523 5319 Ideo
1554 5281 1750 5334 neque
1800 5264 1921 5320 ait:
1956 5265 1998 5320 E

345 5355 696 5421 mansuetis,
726 5369 805 5408 ne
836 5359 1081 5409 caeteros
1134 5352 1534 5418 contristaret,
1586 5353 1746 5408 visus
1791 5359 2000 5408 contu-

347 5443 528 5500 melia
559 5443 816 5498 afﬁcere.
852 5443 1095 5498 Addidit
1122 5447 1360 5497 autem:
1394 5464 1422 5491 «
1456 5443 1712 5497 Exorsus
1743 5458 1778 5496 a
1801 5441 1998 5513 bapti-

345 5541 534 5593 smate
565 5535 890 5590 Joannis.»
925 5537 1068 5590 Nam
1112 5552 1242 5605 qum
1301 5538 1438 5589 ante
1488 5534 1601 5588 hoc
1653 5539 1784 5589 acta
1830 5540 2000 5591 erant

344 5627 548 5683 nullus
580 5627 848 5698 ipsorum
882 5631 1126 5681 noverat
1155 5625 1256 5695 qui
1286 5624 1598 5679 didicisset
1636 5641 1703 5680 ac
1736 5642 1998 5697 presens

341 5719 576 5787 fuisset,
609 5716 728 5773 nisi
760 5722 991 5772 tantum
1021 5717 1073 5772 is
1105 5715 1205 5787 qui
1235 5717 1397 5788 ipsos
1430 5715 1706 5788 elegerat,
1742 5716 1846 5771 sed
1892 5733 2001 5789 per

344 5809 630 5880 Spiritum
654 5807 981 5864 discebant.
1005 5808 1236 5862 Testem
1264 5822 1402 5862 vero
1434 5804 1579 5860 dicit
1605 5807 1998 5863 resurrectio-

2109 4835 2252 4885 πων,
2304 4813 2396 4868 καὶ
2455 4815 2569 4885 ἅμα
2625 4814 2714 4869 καὶ
2771 4813 2898 4876 τοὺς
2967 4815 3366 4891 ἐκλεγομένους
3449 4817 3766 4894 αἰδεσίμους

2110 4908 2308 4971 ποιῶν,
2341 4903 2432 4958 καὶ
2465 4903 2668 4958 έαῦτῶν
2701 4902 3072 4960 ἀπαλλάσσων
3127 4913 3228 4975 τῆς
3289 4907 3426 4982 πρὸς
3482 4909 3611 4974 τοὺς
3668 4909 3764 4966 ἂ).-

2111 4991 2242 5055 λους
2273 4992 2589 5068 ἀπεχθείας.
2619 4992 2718 5047 Καὶ
2750 4992 2834 5049 ὅτι
2879 4996 2974 5067 μὲν
3029 4989 3140 5050 ἔδει
3196 4998 3462 5070 γενέσθαι,
3521 4999 3609 5054 καὶ
3669 5001 3764 5056 τὸν

2110 5085 2401 5158 προφήτην
2462 5083 2666 5158 εἰσάγει
2725 5081 2975 5159 λέγοντα’
3031 5086 3145 5156 Τῆν
3221 5084 3524 5158 ἐπισκοπὴν
3601 5088 3768 5145 αὐτοῦ

2113 5168 2277 5228 λάϐοι
2307 5171 2516 5250 ἔτερος.
2552 5174 2647 5231 Ἐκ
2673 5173 2838 5230 τίνων
2872 5172 2929 5230 δὲ
2960 5172 3078 5245 δεῖ;
3111 5178 3188 5233 Ex
3218 5179 3327 5232 τῶν
3362 5175 3453 5233 διὰ
3493 5186 3592 5249 τῆς
3642 5201 3766 5236 συν-

2112 5260 2377 5323 ελεύσεως
2419 5270 2519 5334 τῆς
2572 5263 2710 5338 πρὸς
2768 5263 2962 5326 αὐτοὺς
3031 5269 3112 5338 τῷ
3168 5265 3359 5341 χρόνῳ
3411 5271 3767 5346 παρασχομέο

2109 5373 2217 5407 νων
2248 5352 2310 5408 τὸ
2343 5350 2598 5426 δοκίμιον
2629 5353 2840 5412 ἑαυτοῦ,
2875 5355 2968 5410 Διὸ
2995 5351 3142 5423 οὐδὲ,
3176 5358 3269 5412 Ἐκ
3324 5361 3432 5412 τῶν
3486 5359 3765 5432 ἐπιεικῶν,

2110 5442 2281 5512 εἶπεν,
2311 5443 2405 5498 ἳνα
2439 5444 2515 5516 μή
2545 5443 2673 5505 τοὺς
2713 5441 2921 5505 ἄλλους
2977 5442 3224 5520 λυπήσῃ,
3278 5443 3516 5522 ὑϐρίζειν
3559 5445 3765 5516 δοκῶν,

2112 5532 2442 5605 Ἀρξάμενος
2503 5529 2560 5587 δὲ
2618 5532 2974 5608 προσέθηκεν·
3011 5556 3036 5586 υ
3094 5535 3232 5592 Ἀπὸ
3282 5540 3382 5590 τοῦ
3445 5538 3771 5612 βαπτίσμα-

2107 5642 2202 5683 τος
2234 5622 2510 5679 Ἰιυάννου.
2549 5646 2577 5673 n
2607 5623 2689 5679 Τά
2718 5622 2822 5699 γὰρ
2884 5624 3008 5699 περὶ
3066 5623 3289 5696 τούτου,
3353 5625 3530 5683 αὐτῶν
3590 5626 3776 5693 οὐδεὶς

2107 5707 2229 5785 ᾔδει
2267 5710 2451 5782 μαθὼν
2479 5711 2570 5766 καὶ
2596 5712 2804 5786 παγὼν,
2837 5711 2883 5768 εἶ
2940 5715 3016 5788 μὴ
3074 5713 3241 5787 μόνος
3295 5714 3324 5769 6
3384 5713 3768 5792 ἐκλεξάμενος,

2108 5797 2256 5856 ἀλλὰ
2290 5799 2564 5876 Πνεύματι
2593 5800 2925 5876 ἐμάνθανον.
2983 5808 3096 5874 Τῆς
3147 5803 3490 5870 ἀναστάσεως
3531 5795 3598 5864 δέ
3637 5829 3773 5886 φησι
