4160 6452
378 474 450 536 61
1361 471 1771 534 COMMENT.
1818 472 1900 532 IN
1945 470 2155 532 ACTA
2198 471 2814 536 APOSTOLORUM.
3745 479 3826 538 62

386 608 653 682 μάρτυρα.
686 609 883 664 Τοῦτο
921 605 1028 681 γὰρ
1093 603 1336 680 μάλιστα
1392 611 1492 674 τῆς
1553 609 1734 676 Ἰησοῦ
1797 603 2038 674 θεότητος

2173 607 2287 661 nis.
2318 609 2460 662 Nam
2483 607 2594 665 hoc
2625 608 2953 664 divinitatis
2980 611 3114 665 Jesu
3147 611 3526 683 potissimum
3573 619 3700 668 erat
3735 614 3829 667 tir-

383 697 446 751 τὸ
476 696 805 776 κεφάλαιον,
851 696 1004 754 Ἐπεὶ
1063 696 1155 750 καὶ
1215 699 1321 751 τῶν
1378 694 1668 768 θαυμάτων
1724 692 1892 748 αὐτοῦ
1944 696 2050 749 τῶν

388 789 497 859 πρὸ
527 791 622 843 τοῦ
649 788 888 856 πάθους,
920 783 1137 841 πολλοὶ
1166 786 1302 854 ἦσαν
1361 785 1631 859 μάρτυρες
1687 783 1777 839 καὶ
1803 786 1912 838 τῶν
1965 803 2054 839 τε-

389 876 662 950 θεαμένων
745 877 1016 933 ἀπίστων.
1111 874 1492 950 Ἀναπληροῦν
1541 872 1599 928 δὲ
1656 874 1748 930 τὸν
1824 872 2055 948 ἀριθμὸν

393 965 654 1023 ἔσπευδον
681 971 792 1024 τῶν
829 963 1180 1037 ἀποστόλων,
1213 965 1292 1020 ἱνα
1323 966 1401 1037 μὴ
1463 967 1498 1034 ἡ
1558 968 1660 1019 τοῦ
1719 959 2052 1017 διδασκάλου

393 1054 599 1131 ἐκλογὴ
631 1053 818 1127 ὥσπερ
851 1052 1348 1131 ἠκρωτηριασμένη
1511 1051 1660 1131 Οὐχὶ
1717 1050 1965 1113 πολλοὺς
1996 1049 2053 1106 δὲ

392 1145 650 1216 ἔστησαν,
682 1143 831 1201 ἀλλᾶ
861 1143 958 1200 δύο
991 1144 1212 1218 μόνους,
1262 1142 1351 1198 ’ἰνα
1410 1144 1486 1216 μὴ
1551 1143 1752 1216 μείζων
1780 1143 1816 1212 ἡ
1848 1141 2053 1215 ἀθυμία

390 1238 646 1312 γένηται,
699 1233 929 1291 πολλῶν
984 1231 1457 1308 ἀπεκλεγομένων.
1522 1225 1806 1305 Βαρσαϐἆς
1865 1229 1923 1286 δὲ
1959 1232 2050 1286 καὶ

392 1328 600 1404 Ἰωσὴφ
631 1325 723 1380 καὶ
768 1326 1028 1394 Ἰοῦστος,
1086 1324 1122 1393 ἢ
1184 1320 1479 1393 διαστολῆς
1538 1321 1780 1394 ὀνόματα
1810 1322 1843 1391 ἢ
1879 1342 2051 1377 σπου-

391 1413 519 1484 δῆς.
582 1415 860 1489 Εὗκαίρως
917 1411 974 1469 δέ
1029 1410 1478 1490 καρδιογνώστην
1533 1409 1783 1466 καλοῦσι’
1843 1411 1936 1466 καὶ
1985 1412 2047 1466 οῦ

391 1503 674 1580 λέγουσιν,
706 1502 980 1573 ’δκλεξαμ
1012 1500 1182 1566 ἀλλὰ,
1219 1499 1520 1574 Ἀνάδειξον
1585 1501 1678 1555 τὸν
1734 1498 2045 1578 ἐκλεγέντα.

388 1594 571 1648 Πάντα
600 1593 703 1669 γαρ
734 1592 990 1668 ἔγνωσται
1023 1593 1114 1648 καὶ
1145 1591 1377 1666 ὥρισται
1431 1590 1575 1664 παρὰ
1621 1594 1701 1662 τῷ
1760 1591 1900 1662 Θεῷ,
1956 1592 2046 1646 καὶ

388 1683 502 1756 πρὸ
530 1688 641 1738 τῶν
698 1680 1046 1754 ἐνθυμήσεων
1108 1684 1292 1752 ἡμῶν.
1352 1678 1573 1754 Κλῆρον
1637 1675 1694 1734 δε
1749 1675 1930 1745 καλεῖ,
1983 1679 2048 1735 τὸ

388 1777 496 1826 πᾶν
529 1779 633 1842 τῆς
662 1775 760 1827 τοῦ
812 1775 948 1826 Θεοῦ
1004 1768 1421 1850 φιλανθρωπίας
1477 1766 1686 1829 δεικνὺς
1738 1767 1828 1823 καὶ
1886 1767 2049 1824 ἐκλο-

391 1869 524 1939 γῆς,
555 1861 782 1917 καὶτῶν
812 1859 1060 1916 παλαιῶν
1117 1858 1571 1932 ἀναμιμνήσκων,
1632 1855 1717 1912 ὅτι
1773 1855 1864 1912 καὶ
1920 1858 2047 1920 τοὺς

391 1949 616 2011 λευΐτας
646 1950 823 2012 οὕτως
866 1949 1247 2024 ἐκληρώσατο.
1304 1945 1636 2023 Ὧρισμένως
1670 1943 1750 2016 δέ,
1781 1950 1892 2016 Τῆς
1925 1944 2044 2002 δια·
2083 1969 2126 2035 Β

385 2039 577 2101 κονίας
611 2039 838 2109 ταύτης,
907 2039 1089 2114 φησίν·
1141 2039 1275 2107 ἦσαν
1326 2038 1430 2113 γὰρ
1483 2036 1574 2092 καὶ
1622 2035 1811 2092 ἄλλαι.
1868 2036 2047 2094 Τόπον

387 2128 446 2186 δὲ
509 2127 669 2199 ἴδιον,
729 2130 855 2199 ἤτοι
907 2130 1008 2198 τήν
1058 2127 1302 2204 ἀγχόνην
1379 2125 1560 2195 καλεῖ,
1624 2124 1922 2199 τουτέστιν,
1977 2127 2044 2196 ἧς

385 2217 536 2290 ἄξιον
598 2219 786 2274 ἑαυτὸν
846 2215 1237 2294 παρεσκεύασεν
1285 2217 1312 2271 ὁ
1348 2212 1554 2280 Ἰούδας
1602 2213 1691 2271 διὰ
1743 2221 1845 2285 τῆς
1899 2235 2045 2290 προ-

389 2308 604 2375 δοσίας.
641 2314 712 2370 'li
745 2313 829 2368 δτι
858 2314 956 2367 τοῦ
1003 2307 1184 2367 Ἰούδα
1213 2307 1620 2383 ἐξαπωσμένου,
1685 2309 1846 2370 οὗτος
1901 2306 2042 2364 ἴδιον

386 2401 586 2477 σχοίη,
615 2402 716 2468 τήν
747 2399 952 2456 ἐκείνου
982 2395 1284 2472 λαμϐάνων
1314 2397 1642 2469 ἐπισκοπήν.

455 2515 487 2542 ‹‹
523 2490 623 2545 Καὶ
671 2485 881 2545 ’ἔδωκαν
937 2487 1182 2564 κλήρους
1233 2488 1430 2557 αὐτῶν,
1487 2487 1580 2544 καὶ
1631 2487 1813 2543 ἔπεσεν
1843 2489 1872 2542 ὁ
1902 2489 2045 2558 κλῆ-

383 2605 414 2633 α
449 2579 669 2656 ροςέπὶ
727 2576 995 2647 Ματθίαν,
1052 2577 1144 2632 καὶ
1202 2577 1682 2656 συγκατεψηφίσθη
1746 2577 1879 2650 μετᾶ
1933 2581 2041 2632 τῶν

390 2696 410 2721 ι
451 2666 642 2725 ἕνδεκα
669 2667 1015 2724 ἀποστόλων.
1052 2691 1081 2719 ››

457 2759 623 2817 Οὕτω
679 2756 866 2813 τέλεον
920 2755 1346 2832 κατηρτισμένοι
1397 2753 1615 2832 κλήρῳ,
1673 2757 1765 2812 καὶ
1827 2756 1888 2812 οὐ
1945 2777 2042 2828 ση-

388 2850 533 2922 μείῳ
590 2849 686 2904 τὸν
744 2847 889 2917 ἄξιον
955 2845 1328 2921 μανθάνουσιν.
1388 2845 1499 2902 Οὐκ
1554 2844 1820 2920 ἀδόκιμον
1883 2843 1940 2901 δὲ
1979 2847 2042 2903 τὸ

382 2943 483 2993 τοῦ
512 2936 755 3011 κληροῦ.
789 2937 851 2993 Εἰ
883 2935 985 3014 γὰρ
1019 2935 1109 2992 ἐπὶ
1165 2939 1266 2989 τοῦ
1316 2936 1472 2990 Ἰωνᾶ
1522 2935 1734 3011 ἴσχυσε,
1795 2933 2039 3012 χυδαίων

377 3027 692 3102 ἀνθρώπων
724 3023 1197 3101 κληρωσαμένων,
1225 3025 1278 3080 τί
1307 3024 1368 3080 ἄν
1399 3024 1485 3080 ἐπὶ
1517 3025 1686 3102 ἁγίων
1744 3026 1837 3081 καὶ
1866 3047 2040 3101 προσ-

380 3121 525 3196 ευχῇ
575 3118 640 3173 τὸ
726 3120 956 3192 πρᾶγμα
1015 3115 1464 3191 ἐπιτρεψάντωνς
1531 3115 1595 3172 Ei
1651 3118 1751 3191 γὰρ
1819 3115 2035 3174 ἐκείνων

379 3207 517 3278 ὀρθὴ
548 3207 751 3282 γνώμη
787 3205 928 3278 μόνη
960 3203 1282 3276 κατηύθυνε,
1315 3202 1517 3278 πολλῷ
1578 3203 1792 3278 μᾶλλον
1848 3205 2038 3270 ἐνθέων

376 3293 616 3371 ἀνδρῶν,

1022 3390 1257 3444 ΚΕΦΑΛ
1270 3431 1282 3445 .
1322 3388 1396 3446 Γ’.

379 3479 513 3555 Περὶ
591 3477 736 3543 θείας
818 3480 917 3533 τοῦ
1002 3477 1166 3554 ἁγίου
1240 3476 1560 3550 Πνεῦματος
1639 3475 2038 3558 ἐπιφοιτήσεως

455 3567 508 3622 ἐν
593 3567 774 3642 ἡμέρᾳ
853 3570 1283 3642 Πεντηκοστῆς-
1345 3564 1662 3642 γενομένηςῄ
1751 3565 1828 3628 είς
1910 3566 2037 3642 τοὺς

457 3636 913 3729 mundanam“-
950 3636 1021 3692 ἐν
1088 3636 1133 3708 ᾧ
1219 3636 1424 3724 Πέτρου
1477 3636 1839 3729 ’κμτήχησις
1913 3639 2037 3729 περί

464 3712 654 3784 toﬁ-too
708 3711 767 3766 ἐκ
846 3714 954 3784 τῶν
1046 3710 1362 3784 προφητῶν·
1448 3710 1572 3784 περὶ
1653 3710 1864 3784 πᾶθους
1948 3710 2038 3766 καὶ

470 3783 792 3843 ἀναστασεως
839 3783 962 3855 ,καὶ
1043 3775 1371 3855 ἀναλήψεως
1452 3775 1691 3855 Χριστοῦ
1727 3825 1741 3851 ,
1829 3779 2036 3855 δωρεᾶς

463 3875 522 3909 τε
581 3859 670 3930 τοῦ
751 3854 916 3930 ἁγίου
998 3852 1372 3930 Πνεύ-ματος,ῌ
1398 3855 1522 3930 περὶ
1606 3854 1841 3930 πίστεως
1914 3852 2036 3930 ’τῷν

463 3875 522 3909 τε
581 3876 670 3909 του
751 3873 911 3930 αγιου
998 3873 1339 3919 υνευματος,
1398 3873 1522 3908 πει
1606 3873 1841 3916 πιστεως
1928 3873 2036 3910 των

457 3926 758 4000 παρόντων,
831 3925 922 4000 καὶ
978 3933 1079 3995 τῆς
1135 3923 1223 4000 διὰ
1278 3928 1376 4000 τοῦ
1452 3873 1844 4000 βαπτίσματος
1937 3925 2036 3982 αὖ-

448 3997 558 4077 τῶν
645 3998 981 4077 σωτηρίας-μ
1059 3998 1182 4077 περί
1267 3997 1527 4077 ῥμονοίας
1639 3997 2035 4077 κοινωφελοῦς,

449 4072 542 4126 καὶ
569 4069 886 4144 προσθήκης
914 4073 1024 4125 τῶν
1057 4069 1445 4127 πίστευόντων.

846 3714 956 3786 τῶν
1046 3714 1362 3786 ῖτρορητῶν·

456 4187 477 4212 ι
515 4160 622 4216 Καὶ
680 4157 731 4214 ἐν
799 4163 879 4232 τῷ
962 4159 1424 4235 συμπληροῦσθαι
1508 4160 1606 4227 τήν
1661 4159 1872 4234 ἡμέραν
1936 4164 2038 4227 τῆς

378 4277 409 4305 ε(
475 4257 878 4323 Πεντηκοστῆς,
945 4250 1081 4320 ἦσαν
1133 4245 1364 4314 ἅπαντες
1424 4248 1776 4324 ὁμοθυμαδὸν
1831 4249 1920 4306 ἐπὶ
1970 4252 2034 4308 τὸ

375 4369 402 4393 (ι
441 4341 598 4398 αὐτό.
685 4343 784 4396 Καὶ
839 4341 1044 4416 ἐγένετο
1129 4341 1281 4422 ἅφνω
1341 4341 1400 4398 ἐκ
1446 4347 1544 4398 τοῦ
1600 4340 1830 4418 οῦρανοῦ
1889 4343 2033 4418 ἦχος

370 4461 398 4485 ιι
437 4433 625 4508 ὥσπερ
675 4431 977 4512 φερομένης
1034 4439 1209 4504 πνοῆς
1279 4433 1461 4507 βιαίας
1494 4477 1509 4502 ,
1567 4432 1658 4488 καὶ
1713 4431 2031 4508 ἐπλήρωσεν

372 4550 402 4576 κ
441 4521 579 4578 ὅλον
606 4522 700 4577 τὸν
733 4524 902 4593 οἷκον,
935 4521 998 4578 οῦ
1039 4523 1176 4591 ἦσαν
1233 4523 1560 4594 καθήμενοι.
1621 4521 1720 4576 Καὶ
1778 4519 2034 4599 ὤφθησαν

369 4639 398 4666 «ι
437 4611 633 4676 αὐτοῖς
663 4608 1110 4688 διαμεριζόμεναι
1139 4609 1386 4688 γλῶσσαι
1435 4611 1564 4667 ὡσεὶ
1622 4611 1815 4685 πυρός.
1864 4611 2032 4669 Ἐκά-

2164 703 2554 754 mamentum.
2582 698 2887 770 Siquidem
2918 700 3347 756 miraculorum
3373 701 3503 773 ejus
3525 719 3660 773 quin
3683 710 3824 758 ante

2164 786 2506 857 passionem
2537 788 2694 844 edita
2739 793 2929 856 erant,
2991 789 3164 844 multi
3197 797 3377 846 testes
3427 799 3598 847 erant
3639 793 3819 848 etiam

2164 875 2612 933 ineredulorum
2645 878 2747 950 qui
2778 878 3066 934 viderant.
3102 879 3427 935 Studebant
3451 887 3650 936 autem
3682 897 3820 954 apo-

2164 964 2451 1021 stolorum
2474 967 2710 1039 explere
2736 984 3077 1036 numerum,
3100 986 3176 1024 ne
3200 971 3579 1041 praeceptoris
3601 971 3816 1028 electio

2163 1053 2342 1110 veluti
2374 1057 2584 1111 mutila
2606 1063 2761 1113 esset
2791 1065 2851 1114 et
2871 1058 3236 1130 imperfecta.
3264 1061 3480 1115 Verum
3513 1077 3630 1115 non
3657 1060 3816 1116 mul-

2163 1145 2254 1196 tos
2285 1147 2639 1210 statuerunt,
2663 1143 2765 1199 sed
2790 1143 2948 1200 solos
2966 1145 3136 1209 duos,
3158 1162 3232 1200 ne
3257 1145 3448 1218 major
3467 1154 3816 1202 causaretur

2163 1229 2422 1298 tristitia,
2453 1232 2781 1288 multorum
2821 1234 3170 1305 rejectione.
3239 1235 3526 1291 Barsabas
3584 1252 3722 1291 vero
3757 1242 3818 1291 et

2159 1320 2374 1391 Joseph
2407 1337 2474 1376 ac
2498 1322 2719 1390 Justus,
2750 1323 3261 1379 veldistinctionis
3288 1325 3535 1380 nomina
3563 1331 3702 1380 sunt
3723 1325 3815 1380 vel

2159 1408 2412 1464 virtutis.
2437 1411 2781 1482 Opportune
2803 1418 3003 1468 autem
3025 1413 3298 1468 cordium
3325 1419 3535 1469 vocant
3557 1415 3818 1487 cognito-

2158 1515 2322 1554 rem:
2356 1515 2468 1554 nec
2489 1498 2733 1556 dicunt:
2793 1501 2977 1575 Elige,
3027 1504 3126 1558 13
3161 1503 3263 1558 sed
3324 1521 3503 1574 quem
3564 1503 3814 1576 elegeris

2159 1589 2424 1646 ostende.
2458 1592 2670 1647 Umnia
2701 1609 2960 1665 namque
2991 1610 3026 1648 a
3049 1594 3166 1649 Deo
3195 1595 3432 1667 cognita
3461 1601 3601 1650 sunt
3621 1612 3687 1650 ac
3711 1594 3816 1650 de-

2162 1678 2353 1745 ﬁnita,
2367 1679 2545 1735 etiam
2564 1682 2914 1753 priusquam
2935 1683 3135 1738 animo
3149 1683 3814 1755 concipiamus.Sortem

2158 1774 2447 1839 praeterea
2476 1771 2757 1842 appellat,
2786 1776 2844 1826 et
2865 1789 2988 1828 rem
3011 1789 3251 1828 omnem
3275 1773 3600 1829 ostendens
3617 1772 3817 1846 benig-

2157 1858 2363 1915 nitatis
2389 1876 2456 1914 ac
2479 1859 2791 1916 electionis
2814 1879 2942 1917 esse
2970 1861 3205 1931 divina},
3230 1869 3288 1918 et
3311 1869 3577 1918 veterum
3608 1862 3816 1918 admo—

2157 1964 2330 2016 nens,
2365 1949 2648 2020 quoniam
2680 1957 2738 2005 et
2766 1951 2974 2007 levitas
2999 1956 3080 2007 ita
3113 1960 3272 2008 sorte
3300 1953 3496 2026 elegit.
3527 1953 3820 2008 Determi-

2155 2044 2293 2092 nate
2323 2045 2522 2094 autem
2581 2041 2683 2108 ait,
2744 2042 3053 2098 Ministerii
3096 2043 3278 2115 hujus
3309 2060 3321 2097 :
3356 2049 3527 2099 erant
3557 2043 3717 2098 enim
3760 2046 3818 2097 et

2155 2126 2274 2183 alia
2330 2127 2530 2184 locum
2587 2146 2726 2186 vero
2784 2148 2980 2201 suum,
3021 2139 3126 2188 aut
3181 2132 3571 2205 suspendium
3621 2137 3812 2196 vocat,

2154 2215 2267 2271 hoc
2299 2223 2407 2284 est,
2441 2235 2556 2289 quo
2590 2236 2720 2275 sese
2757 2220 3002 2292 dignum
3044 2220 3307 2276 reddidit
3333 2221 3512 2276 Judas
3542 2238 3650 2292 per
3678 2237 3815 2292 pro-

2153 2307 2464 2378 ditionem,
2507 2309 2597 2365 vel
2629 2311 2788 2382 quod
2846 2310 3087 2384 repulso
3118 2311 3289 2377 Juda,
3338 2312 3434 2367 hic
3487 2329 3662 2367 suum
3711 2318 3816 2368 aut

2154 2397 2460 2468 proprium
2492 2398 2707 2455 habeat
2735 2400 2932 2456 locum
2964 2407 3206 2473 accepto
3237 2400 3402 2456 illius
3435 2402 3802 2473 episcopatu.

2226 2487 2268 2555 Ι,
2301 2489 2390 2544 26.
2427 2508 2452 2540 α
2484 2489 2555 2543 Et
2584 2487 2879 2546 dederunt
2909 2496 3100 2546 sortes
3156 2490 3444 2563 ipsorum,
3478 2491 3812 2562 ceciditque

2155 2598 2182 2626 ‹‹
2217 2593 2346 2632 sors
2377 2594 2556 2650 super
2583 2579 2888 2646 Matthiam
2923 2597 2937 2635 :
2971 2586 3032 2636 et
3084 2580 3379 2653 suffragiis
3433 2580 3671 2637 additus
3723 2587 3813 2636 est

2155 2687 2183 2715 ‹‹
2216 2664 2496 2722 undecim
2527 2669 2831 2740 apostolis.
2868 2693 2892 2722 ι

2224 2756 2370 2812 Cum
2400 2757 2672 2813 nondum
2703 2758 2950 2830 perfecti
2983 2759 3124 2827 sint,
3173 2775 3309 2816 eum
3333 2760 3434 2832 qui
3493 2760 3707 2827 dignus
3739 2760 3816 2816 sit

2154 2851 2312 2900 sorte
2326 2850 2519 2901 etnon
2542 2846 2830 2904 miraculo
2853 2849 3110 2906 discunt.
3138 2850 3262 2905 Non
3279 2855 3578 2905 estautem
3599 2851 3817 2922 impro-

2150 2932 2414 2991 bandum
2437 2936 2596 3007 quod
2615 2943 2771 2993 sorte
2787 2937 2875 2993 ιιι.
2901 2940 3044 2994 Nam
3072 2939 3121 2994 si
3145 2938 3216 2994 de
3240 2940 3388 2994 Jona
3409 2939 3585 2995 “vim
3605 2941 3812 2996 habuit

2151 3039 2287 3079 cum
2310 3023 2525 3096 abjecti
2549 3041 2617 3081 ac
2640 3026 2871 3098 profani
2913 3027 3184 3082 homines
3207 3034 3430 3084 sortem
3478 3029 3808 3099 mitterent,

2150 3115 2436 3186 quidnam
2450 3115 2522 3170 de
2535 3117 2757 3172 sanctis
2773 3118 2875 3188 qui
2898 3134 3024 3172 rem
3039 3119 3294 3174 orationi
3314 3119 3502 3190 permi
3513 3126 3812 3176 ttuntsen-

2149 3203 2420 3260 tiendum
2434 3204 2566 3260 est?
2578 3207 2810 3262 Etenim
2827 3207 2874 3262 si
2891 3207 3018 3263 sola
3036 3224 3206 3263 mens
3221 3208 3322 3262 illo
3331 3225 3459 3263 rum
3473 3214 3636 3264 recta
3644 3210 3808 3281 juste

2148 3297 2453 3366 negotium
2474 3294 2715 3365 direxit,
2738 3295 2927 3350 multo
2959 3296 3146 3370 magis
3168 3295 3504 3352 divinorum
3522 3297 3806 3354 virorum.

2797 3387 3030 3444 CAPUT
3057 3390 3156 3444 ΙΙΙ.

2149 3478 2227 3532 De
2255 3475 2451 3533 divina
2479 3478 2726 3548 Spiritus
2753 3479 2935 3534 sancti
2961 3481 3385 3549 superventione
3414 3480 3504 3536 die
3549 3481 3809 3539 Penteco-

2219 3573 2322 3622 stes
2347 3570 2503 3640 facta
2530 3584 2693 3638 super
2728 3584 2817 3624 eos
2844 3571 2943 3638 qui
2964 3569 3333 3636 crediderant,
3364 3572 3424 3624 in
3474 3586 3582 3640 quo
3640 3574 3808 3628 etiam

2226 3641 2369 3714 Petri
2420 3639 2678 3694 doctrina
2701 3657 2729 3694 e
2751 3641 3039 3712 prophetis
3096 3644 3455 3714 continetur,
3483 3639 3685 3714 nempe
3742 3645 3809 3699 de

2211 3712 2488 3783 passione,
2518 3714 2918 3766 resurrectione
2937 3719 2987 3767 et
3012 3717 3379 3783 assumptione
3398 3713 3602 3768 Christi
3615 3712 3807 3770 'dono-

2219 3798 2324 3852 que
2353 3782 2598 3852 Spiritus
2644 3783 2828 3838 sancti
2855 3800 2877 3857 ,ς
2931 3784 2996 3839 de
3022 3785 3131 3852 ﬁde
3181 3782 3234 3857 et
3288 3785 3464 3840 salute
3493 3802 3680 3841 eorum
3711 3790 3811 3857 qui

2210 3859 2506 3922 praesentes
2534 3861 2692 3908 erant
2729 3871 2830 3924 per
2860 3855 3154 3924 baptisma.
3187 3856 3254 3910 de
3274 3873 3534 3912 consensu
3573 3860 3633 3912 in
3665 3855 3807 3914 cam-

2216 3940 2435 3979 munem
2457 3924 2779 3993 utilitatem,
2803 3932 2855 3980 et
2877 3929 3226 3996 appositione
3257 3929 3621 3983 credentium.

2221 4179 2248 4207 «
2283 4158 2353 4212 Et
2381 4173 2517 4213 cum
2550 4157 2951 4229 compleretur
3011 4157 3139 4214 dies
3199 4157 3603 4225 Pentecostes,
3638 4166 3812 4215 erant

2150 4267 2179 4296 «
2203 4263 2413 4302 omnes
2452 4248 2822 4303 unanimiter
2859 4247 2922 4303 in
2953 4246 3164 4304 eodem
3195 4247 3348 4303 loco.
3385 4247 3453 4303 Et
3495 4248 3687 4304 factus
3721 4256 3814 4306 est
3865 4285 3871 4288 -

2148 4356 2178 4384 ‹‹
2211 4340 2457 4406 repente
2473 4335 2544 4390 de
2563 4335 2709 4390 caalo
2726 4335 2958 4390 sonitus
2973 4341 3257 4405 tanquam
3272 4335 3501 4406 impetu
3512 4335 3807 4392 venientis

2146 4444 2175 4473 «
2207 4423 2384 4480 ﬂatus
2415 4424 2808 4489 vehementis,
2843 4429 2901 4479 et
2931 4424 3178 4496 replevit
3203 4429 3388 4479 totam
3419 4423 3664 4480 domum
3698 4426 3801 4481 ubi

2145 4539 2172 4566 ‹‹
2206 4523 2376 4572 erant
2407 4517 2704 4586 sedentes,
2738 4525 2798 4573 et
2825 4523 3232 4590 apparuerunt
3270 4517 3392 4573 illis
3444 4517 3645 4573 divisa)
3700 4521 3802 4575 14

2144 4632 2172 4661 ‹‹
2206 4609 2426 4684 lingua:
2457 4611 2519 4665 in
2547 4609 2792 4666 modum
2819 4610 2995 4682 ignis,
3029 4610 3300 4683 seditque
3335 4627 3515 4683 super
3537 4611 3804 4685 singulos

365 4730 395 4756 α
435 4701 557 4757 θισέ
608 4723 666 4757 τε
724 4700 808 4778 ἐφ’
857 4697 946 4756 ’ἕνα
1001 4698 1224 4757 ἕκαστον
1279 4700 1482 4773 αὐτῶν,
1530 4701 1622 4757 καὶ
1682 4699 2033 4773 ἐπλήσθησαν

2163 4705 2536 4755 ιθοινιιωεθι
2562 4700 2775 4772 repleti
2820 4705 2961 4755 sunt
3024 4717 3234 4756 omnes
3291 4701 3513 4772 Spiritu
3574 4706 3804 4769 sancto,

367 4819 397 4845 «ι’
436 4789 674 4855 ἅπαντες
754 4792 1074 4865 Πνεῦματος
1161 4791 1344 4868 ἁγίου,
1402 4791 1491 4846 καὶ
1551 4790 1785 4869 ἤρξαντο
1843 4789 2032 4848 λαλεῖν

363 4911 392 4936 α
426 4884 676 4955 ἑταιραις
702 4880 1004 4958 γλώσσαις,
1041 4906 1064 4933 ι

440 4997 470 5024 σι
529 4973 618 5029 Ἐν
676 4976 754 5044 τῷ
804 4973 1265 5048 συμπληροῦσθαι
1323 4972 1422 5040 τὴν
1478 4969 1689 5046 ἡμέραν
1745 4977 1846 5041 τῆς
1905 4977 2031 5028 Πεν-

354 5067 668 5132 τηκοστῆς.
703 5083 733 5112 ››
791 5057 1074 5131 Τουτέστι,
1145 5061 1282 5134 πρὸς
1341 5065 1410 5134 τῇ
1468 5063 1843 5136 Πεντηκιοστῇ,
1902 5063 2026 5137 περὶ

355 5153 533 5221 αὐτὴν
567 5149 678 5219 ἤδη
711 5151 808 5220 τήν
866 5150 1088 5225 ἑορτήν,
1120 5151 1215 5206 δττ
1263 5151 1455 5226 καιρὸς
1513 5150 1713 5226 ὡρίμῳ
1741 5152 1821 5222 τῷ
1865 5173 2026 5208 πνευ-

358 5247 582 5318 ματικῴ
635 5242 777 5318 θέρει
833 5241 897 5297 τὸ
948 5239 1210 5314 δρέπανον
1270 5242 1584 5317 ἐπαγαγεῖν,
1640 5241 1732 5298 ὅτε
1782 5241 1871 5298 διὰ
1927 5245 2025 5313 τήν

354 5334 557 5409 ἑορτὴν
590 5330 795 5389 πολλοὶ
827 5338 1079 5407 παρῆσαν
1107 5331 1199 5386 γαὶ
1229 5336 1338 5387 τῶν
1382 5332 1805 5407 παυρωσάντων
1835 5333 2021 5405 αὐτὸν,

351 5427 445 5482 καὶ
474 5425 564 5482 ἳνα
593 5419 922 5498 λαμϐάνωσι
952 5429 1054 5492 τῆς
1085 5421 1290 5478 ἑαυτῶν
1350 5424 1666 5504 μιαιφονίας
1718 5425 1809 5480 τὸν
1862 5423 2023 5501 ἔλεγ-

349 5538 474 5598 χον.
509 5518 696 5598 Ἀφνω
746 5513 808 5571 δὲ
868 5515 1017 5588 ἦχος
1076 5511 1165 5566 καὶ
1225 5513 1327 5568 οὐκ
1373 5512 1786 5584 ἀνεπαισθήτως
1833 5516 1868 5584 ἡ
1923 5519 2021 5571 τοῦ

347 5608 655 5680 Ilva-Suam;
685 5604 1076 5682 ἆπιφοίτησις,
1135 5603 1226 5657 καὶ
1260 5600 1322 5658 lx
1368 5606 1466 5658 τοῦ
1523 5603 1774 5680 οὐρανοῦ,
1822 5604 1912 5661 ἳνα
1942 5608 2020 5678 τῷ

342 5699 439 5776 μιν
469 5698 645 5778 ἀθρόῳ
701 5691 1050 5766 καταπλήξῃ
1103 5691 1193 5748 καὶ
1243 5688 1580 5769 διαναστήσῃ
1640 5693 1885 5770 μᾶλλον,
1927 5695 2018 5752 καὶ

404 5888 448 5927 ⁸³
472 5891 594 5952 Ion.
627 5909 666 5966 ι,
702 5894 729 5952 1
773 5893 971 5955 θεείου

2147 4811 2173 4840 ‹‹
2206 4794 2630 4862 coeperuntque
2657 4789 2824 4861 loqui
2862 4790 2997 4845 aliis
3028 4789 3270 4862 linguis.
3305 4810 3332 4842 η

2217 4988 2239 5016 ε
2263 4970 2410 5025 Cum
2441 4969 2840 5041 compleretur
2889 4969 3017 5025 dies
3062 4971 3464 5026 Pentecostes.
3502 4992 3530 5020 »
3562 4973 3682 5028 Hoc
3711 4978 3803 5028 est

2137 5059 2297 5115 circa
2328 5061 2745 5127 Pentecosten,
2769 5060 2927 5115 circa
2953 5059 3151 5130 ipsum
3193 5061 3322 5131 jam
3352 5059 3571 5117 festum
3608 5078 3622 5116 :
3656 5078 3792 5117 cum

2137 5153 2373 5220 tempus
2432 5154 2592 5204 esset
2647 5154 2898 5205 maturae
2957 5149 3140 5204 messi
3197 5149 3496 5222 spirituali
3575 5151 3792 5208 falcem

2136 5238 2496 5296 immittere:
2531 5239 2770 5310 quando
2805 5243 3047 5310 propter
3074 5238 3293 5294 festum
3342 5240 3518 5295 multi
3541 5239 3796 5297 aderant

2135 5328 2315 5384 etiam
2347 5344 2554 5383 eorum
2587 5327 2688 5399 qui
2720 5328 2917 5399 ipsum
2958 5328 3400 5394 cruciﬁxerant,
3433 5336 3492 5384 et
3530 5335 3597 5384 ut
3625 5331 3790 5386 acci-

2131 5418 2534 5490 perentcaedis
2546 5433 2583 5473 a
2597 5433 2659 5473 se
2674 5421 3025 5489 perpetrata
3045 5417 3139 5472 inc
3148 5419 3536 5490 repationem.
3562 5421 3791 5490 Repen-

2131 5509 2259 5565 tino
2291 5515 2490 5566 autem
2514 5509 2711 5564 sonitu
2744 5514 2803 5563 et
2830 5524 2952 5564 non
2980 5509 3414 5566 insensibiliter
3460 5511 3651 5566 factus
3702 5517 3793 5565 est

2129 5615 2403 5655 accessus
2434 5597 2709 5671 Spiritus,
2741 5603 2802 5654 et
2837 5597 2912 5654 de
2971 5599 3142 5668 caalo,
3175 5605 3241 5654 ut
3289 5599 3486 5655 subita
3540 5597 3783 5670 quidem

2127 5692 2611 5750 consternatione
2669 5696 2728 5748 et
2781 5692 2970 5766 magis
3019 5693 3322 5763 excitaret,
3353 5697 3412 5748 et
3437 5706 3644 5748 omnes
3702 5689 3779 5743 ad
