4160 6488
379 401 458 460 63
1504 392 1936 456 (ECUMENII
1982 394 2293 458 TRICC/E
2336 395 2687 458 EPISCOPI
3723 399 3804 458 64

383 535 885 594 concurrendumi
904 532 1265 604 impelleret:
1283 531 1652 586 sensibiliter
1666 548 1797 586 vero
1812 532 2035 588 utmira

2156 531 2352 592 πάντας
2385 531 2708 607 συνδραμεῖν
2747 531 3127 606 παρασκυάσῃ.
3184 530 3278 601 Τῷ
3336 526 3395 584 δὶ
3455 529 3573 601 μετ’
3609 526 3805 598 αίσθή-

382 628 584 682 culum
601 623 1151 695 confirmaretquod
1165 624 1328 678 omni
1345 628 1571 678 careret
1586 623 2039 678 calumniaNam

382 717 430 770 si
453 719 559 771 hoc
587 717 764 771 etiam
788 716 941 769 facto
957 716 1156 768 sonitu
1174 712 1654 784 percalumniam
1684 711 1759 767 ad
1782 712 2037 766 ebrieta-

379 811 499 861 tem
528 805 884 871 referebant,
900 805 1042 875 quid
1063 821 1185 858 non
1207 803 1495 858 dixissent
1514 803 1654 857 siita
1675 803 1894 857 factum
1916 819 2037 858 non

386 895 582 951 esset?
601 897 680 950 De
699 895 845 950 cmlo
868 900 1067 949 autem
1092 910 1226 948 cum
1249 893 1436 947 multo
1466 893 1712 964 impetu,
1740 891 2035 962 siquidem

379 988 492 1042 hoc
511 987 848 1058 significare
865 986 986 1040 vult
1003 1002 1108 1056 per
1121 985 1531 1039 vehementem
1547 983 1751 1039 flatum
1767 989 2038 1038 utosten-

378 1077 480 1132 dat
500 1093 649 1146 opus
681 1076 866 1130 fuisse
898 1075 1027 1146 ejus
1058 1073 1160 1145 qui
1192 1075 1253 1129 in
1277 1074 1488 1129 coelum
1522 1080 1862 1145 assumptus
1886 1079 2030 1140 erat,

377 1171 436 1221 et
459 1165 669 1220 divinae
719 1165 1047 1236 potestatis.
1101 1163 1612 1229 Quemadmodum
1645 1163 1823 1218 etiam
1858 1179 2036 1234 super

378 1272 542 1310 mare
560 1255 822 1310 Rubrum
847 1253 1581 1308 flabatvehemensventus
1599 1253 2031 1322 auster’,.Bene

379 1351 576 1400 autem
595 1345 652 1398 in
670 1344 760 1398 his
782 1343 1058 1398 omnibus
1080 1360 1186 1414 per
1203 1342 1656 1397 similitudinem
1673 1341 1906 1396 locutus
1920 1347 2027 1409 est,

380 1450 596 1504 nempe
619 1429 822 1504 ὥσπερ,
841 1433 876 1486 i.
905 1438 1274 1502 tanquam.et
1294 1430 1419 1484 ὡσεὶ
1441 1429 1680 1503 πυρός,ἱ.
1705 1433 1764 1484 in
1786 1430 2030 1485 modum

376 1523 551 1594 ignis,
576 1539 651 1578 ne
679 1522 962 1577 sensibile
980 1520 1284 1592 quidpiam
1305 1521 1375 1575 de
1395 1521 1613 1591 Spiritu
1637 1520 2028 1576 existimetur.

376 1612 641 1683 Replevit
664 1613 840 1666 etiam
866 1611 1039 1666 flatus
1063 1616 1238 1665 totam
1261 1611 1519 1672 domum,
1548 1610 1607 1664 in
1632 1611 1878 1681 piscina:
1901 1627 2030 1666 mo-

375 1718 503 1756 rem
536 1702 826 1772 implens:
854 1699 1340 1771 quandoquidem
1363 1699 1721 1770 promissum
1756 1701 1935 1754 etiam
1958 1701 2026 1755 il-

375 1790 452 1844 lis
475 1796 637 1844 erat:
663 1813 688 1839 ‹‹
715 1789 1159 1860 Baptizabimini
1183 1788 1403 1860 Spiritu
1421 1789 1633 1844 Sancto
1657 1795 1714 1844 et
1736 1789 1855 1861 igni
1875 1789 1921 1824 ²⁴
1949 1806 1962 1843 :
2000 1812 2026 1839 ››

382 1880 560 1935 etiam
583 1880 694 1934 hoc
724 1879 1104 1934 abundantius
1123 1879 1356 1950 signum
1382 1885 1586 1934 eratac
1617 1879 2026 1935 vehementiaa.
2067 1912 2114 1977 Β

384 1969 541 2040 Ignis
574 1985 707 2024 vero
737 1986 857 2024 non
892 1968 1136 2040 replevit
1165 1969 1407 2022 domum
1459 1985 1534 2023 ne
1569 1968 1815 2022 omnino
1851 1974 2038 2023 terre-

383 2065 494 2124 ret,
520 2076 585 2113 ac
616 2058 888 2113 videntes
909 2058 1110 2130 fugere
1142 2057 1546 2129 compelleret.
1585 2064 1642 2113 et
1671 2059 1752 2112 ita
1778 2057 1928 2112 nihil
1955 2063 2041 2112 te-

385 2148 526 2203 stari
552 2154 794 2217 possent
813 2164 1019 2202 eorum
1044 2165 1174 2218 quae
1205 2147 1584 2217 postmodum
1608 2153 1738 2202 acta
1770 2147 2038 2208 suntsed

384 2237 667 2292 dividitur
697 2237 948 2308 Spiritus
980 2237 1037 2290 in
1064 2236 1296 2308 linguas
1327 2236 1547 2307 igneas,
1581 2236 1920 2306 residetque
1945 2253 2039 2291 su-

380 2344 488 2399 per
518 2326 782 2393 singulos
815 2343 1044 2393 eorum,
1079 2342 1295 2397 nempe
1327 2332 1568 2381 centum
1608 2331 1662 2379 et
1696 2326 1899 2398 viginti
1933 2326 2034 2396 qui

379 2416 441 2470 in
465 2415 641 2470 domo
674 2415 1033 2469 residebant.
1077 2414 1383 2485 Siquidem
1418 2431 1487 2468 ex
1519 2431 1640 2469 una
1683 2414 1880 2470 radice
1913 2419 2040 2468 erat

377 2504 568 2576 gratia
600 2503 888 2558 Paracleti
921 2503 982 2557 in
1014 2504 1176 2557 varia
1235 2503 1391 2557 dona
1450 2503 1654 2570 divisa,
1717 2503 2037 2575 linguaque

379 2610 527 2664 opus
563 2597 689 2647 erat
713 2609 844 2662 qua:
903 2593 1004 2647 Dei
1055 2592 1353 2663 magnalia
1411 2591 1756 2652 declararet.
1795 2609 1927 2663 quas
1974 2593 2036 2647 in

379 2681 624 2737 modum
682 2681 834 2753 ignis
893 2681 1170 2736 universa
1227 2682 1623 2753 repugnantia
1688 2682 2033 2753 corriperet.

377 2773 559 2826 Porro
594 2771 655 2825 in
679 2771 875 2842 specie
907 2771 1080 2843 ignis,
1117 2787 1257 2826 nam
1291 2771 1545 2841 Spiritus
1595 2788 1831 2842 quoque
1881 2772 2035 2826 Deus

378 2865 469 2915 est
495 2862 671 2926 (Deus
703 2866 900 2915 autem
935 2867 1138 2915 noster
1169 2860 1321 2932 ignis
1353 2877 1712 2915 consumens
1744 2867 1834 2915 est
1856 2861 1945 2931 25),
1979 2867 2037 2916 et

375 2955 445 3004 ut
475 2950 933 3005 similitudinem
965 2956 1192 3005 natura)
1223 2950 1662 3005 demonstraret
1681 2967 1811 3006 cum
1839 2953 2031 3017 Patre,

381 3039 481 3109 qui
515 3040 597 3094 ita
629 3040 770 3095 Mosi
795 3039 856 3094 in
888 3039 1034 3094 rubo
1067 3045 1332 3110 apparet.
1367 3041 1662 3094 Praeterea
1693 3056 1872 3111 super
1912 3039 2034 3094 sin-

376 3129 545 3201 gulos
577 3129 762 3193 sedet,
799 3128 1182 3183 stabilitatem
1211 3145 1278 3184 ac
1310 3129 1785 3199 permanentiam
1805 3128 2033 3200 signifi-

376 3234 538 3273 cans.
575 3218 759 3273 Dictio
811 3218 969 3272 enim
1025 3240 1047 3269 ι
1076 3218 1254 3278 Sedit.
1281 3238 1302 3266 υ
1356 3218 1512 3272 idem
1549 3218 1843 3289 significat
1873 3217 2031 3288 quod

375 3309 707 3378 permansit
739 3312 798 3362 et
830 3308 1134 3378 requievit.
1169 3306 1493 3362 Considera
1537 3324 1672 3362 vero
1714 3325 1844 3379 qum
1876 3307 2032 3379 apud

379 3398 686 3464 Joannem,
719 3403 785 3451 ut
814 3397 886 3452 ab
919 3415 1036 3451 uno
1069 3397 1309 3451 homine
1338 3399 1430 3453 l5
1469 3404 1946 3468 cognosceretur,
1971 3397 2031 3451 in

380 3487 626 3541 modum
658 3485 949 3540 columbaa
980 3486 1232 3550 videtur,
1269 3486 1639 3540 descendens
1663 3504 1840 3557 super
1861 3491 2037 3557 caput

377 3575 614 3631 Christi.
633 3575 877 3639 Quando
892 3582 1090 3630 autem
1108 3575 1552 3629 multitudinem
1570 3582 1750 3629 totam
1773 3577 2034 3630 converti

379 3663 710 3736 Oportebat.
751 3670 1030 3734 tanquam
1063 3665 1215 3736 ignis
1273 3666 1452 3734 Inque
1492 3671 1762 3734 poterant
1809 3665 2033 3719 Hebraei

379 3772 451 3810 ex
487 3754 674 3808 Veteri
708 3769 944 3824 quoque
976 3755 1352 3807 Testamento
1398 3753 1469 3808 de
1525 3754 1637 3808 Deo
1679 3754 2034 3823 intelligere,

379 3844 537 3915 quod
569 3844 718 3916 ignis
751 3861 1112 3898 consumens
1145 3851 1317 3898 esset.
1365 3846 1658 3898 Praeterea
1689 3844 1867 3899 etiam
1893 3843 2033 3899 dum

379 3933 652 4004 discipuli
669 3933 920 3987 orationi
940 3941 993 3987 et
1009 3933 1402 3987 obsecrationi
1423 3939 1759 4004 mutua-que
1773 3934 2037 3988 dilectio-

377 4023 437 4076 ni
466 4022 897 4088 incumberent,
927 4029 1064 4076 tunc
1094 4023 1254 4076 venit
1274 4022 1347 4076 ad
1368 4038 1468 4076 eos
1489 4022 1742 4092 Spiritus
1767 4029 2031 4078 sanctus.

448 4113 518 4177 Il,
541 4113 592 4164 4.
629 4133 656 4158 ‹‹
688 4113 870 4165 Prout
899 4111 1026 4180 ipse
1059 4111 1311 4181 Spiritus
1368 4109 1546 4163 dabat
1598 4110 1798 4181 eloqui
1832 4111 1973 4165 illis.
2007 4133 2033 4160 »ι

447 4201 632 4253 Erant
652 4201 812 4253 enim
845 4199 1006 4252 scita:
1027 4199 1351 4268 brevesque
1381 4199 1713 4267 sententias,
1742 4217 1890 4270 quas
1921 4200 2037 4255 lin-

376 4290 507 4363 guis
539 4287 714 4342 variis
748 4286 1145 4358 proferebant.

447 4381 516 4435 ll.
640 4403 666 4428 ‹‹
699 4382 881 4434 Erant
906 4384 1103 4434 autem
1133 4379 1517 4450 Jerosolymis
1563 4380 1903 4437 habitantes
1932 4383 2031 4438 Ju-

380 4497 406 4522 «ι
444 4471 579 4534 dari.
603 4470 709 4524 viri
742 4470 1005 4542 religiosi
1039 4487 1108 4524 ex
1139 4469 1302 4524 omni
1335 4470 1579 4524 natione
1641 4487 1846 4527 eorum
1905 4489 2037 4544 quaa

379 4583 406 4610 «
442 4567 583 4616 sunt
613 4560 721 4616 sub
755 4560 919 4616 cmlo.
961 4584 981 4608 ι

451 4653 617 4718 Quod
649 4654 906 4726 religiosi
935 4658 1134 4709 essent
1164 4670 1233 4708 ex
1265 4671 1332 4709 eo
1381 4654 1662 4722 ostendit,
1691 4657 1850 4727 quod
1894 4657 2035 4712 reli-
2068 4637 2111 4700 Ι)

379 4747 490 4802 ctis
520 4748 749 4818 patriis,
784 4746 1285 4818 possessionibus,
1319 4747 1714 4819 domibusque
1746 4749 2029 4819 dimissis,

374 4837 745 4909 Jerosolyma
774 4837 1066 4909 eligerent
1121 4837 1408 4906 habitare,
1463 4843 1526 4892 ut
1574 4839 1748 4909 juxta
1781 4842 2032 4911 patriam

374 4925 566 4997 legem
591 4932 677 4980 ter
698 4928 760 4981 in
781 4943 940 4981 anno
972 4931 1518 4997 possentapparere
1533 4944 1734 4983 coram
1759 4930 2009 4984 Domino

449 5015 518 5082 II,
555 5018 585 5069 6
622 5017 706 5070 12.
741 5039 768 5065 ‹‹
802 5018 978 5071 Facta
1006 5033 1138 5071 vero
1173 5016 1281 5070 hac
1335 5033 1473 5072 voce
1505 5018 1786 5072 convenit
1833 5020 2033 5074 multi-

377 5127 404 5153 ‹‹
441 5104 608 5170 tudo,
642 5110 700 5159 et
730 5104 978 5159 confusa
1001 5109 1108 5171 est,
1143 5104 1301 5174 quod
1325 5105 1603 5160 audirent
1626 5108 2034 5179 unusquisqus

382 5197 646 5269 «lingua
704 5214 811 5252 sua
863 5197 998 5251 illos
1055 5197 1390 5268 loquentes.
1453 5199 1786 5270 Stupebant
1836 5207 2034 5256 autem

385 5308 407 5333 α
444 5303 654 5341 omnes
668 5292 727 5341 et
758 5286 1150 5349 mirabantur,
1174 5286 1440 5342 dicentes
1460 5287 1756 5344 intersese
1783 5306 1795 5342 :
1829 5289 2035 5346 Nonne

383 5393 406 5424 ι
445 5391 581 5430 ecce
614 5391 823 5430 omnes
853 5376 949 5429 isti
983 5376 1083 5445 qui
1117 5375 1444 5446 loquuntur
1475 5376 1702 5432 Galilaai
1748 5385 1887 5434 sunt
1917 5380 1944 5435 ?
1968 5383 2038 5435 Et

380 5486 408 5514 ‹‹
435 5464 732 5535 quomodo
762 5481 870 5520 nos
893 5465 1169 5520 audimus
1201 5481 1300 5519 eos
1317 5466 1557 5537 propria
1570 5467 2039 5543 quisquelingua

385 5575 414 5606 «
444 5560 651 5610 nostra
687 5555 751 5610 in
783 5571 901 5627 qua
929 5554 1053 5610 nati
1111 5571 1318 5611 sumus
1343 5554 1370 5610 ?
1427 5556 1652 5624 Parthi,
1685 5563 1744 5614 et
1772 5559 1946 5628 Medi,
1979 5567 2039 5617 et

2152 641 2306 691 σεως,
2351 622 2426 686 ὡς
2482 621 2542 677 ἂν
2593 616 2929 692 ἀδιάϐλητον
2977 620 3042 676 τὸ
3100 623 3281 694 θαῦμα
3337 619 3674 693 καταστήσῃ.
3737 617 3804 674 Εἴ

2147 710 2248 783 γὰρ
2280 712 2370 765 καὶ
2400 710 2596 766 τούτου
2654 712 2961 788 γενομέμου
3021 708 3099 770 εἶς
3162 708 3328 783 μέθην
3382 708 3446 763 τὸ
3503 703 3806 782 παράδοξον

2149 795 2520 870 ἐνδιέϐαλλον,
2552 801 2604 855 τί
2638 801 2736 855 οὐκ
2761 798 2821 854 ἃν
2857 801 3008 854 εἷπον
3073 800 3147 871 μή
3218 797 3394 859 οὕτως
3455 795 3749 873 γενομένου
3788 815 3802 867 ;

2147 889 2243 942 Ἐκ
2271 893 2368 943 τοῦ
2399 889 2628 964 οὐρανοῦ
2660 887 2717 945 δὲ
2752 890 2886 964 μετᾶ
2949 887 3171 956 πολλῆς
3222 895 3322 956 τῆς
3383 886 3585 962 ῥύμης.
3621 889 3803 943 Τοῦτο

2149 977 2250 1054 γὰρ
2283 976 2371 1033 δια
2395 986 2495 1048 τῆς
2531 981 2710 1055 βιαίας
2758 985 2932 1049 πνοῆς
2968 978 3228 1053 βούλεται
3259 975 3486 1048 δηλοῦν,
3507 975 3596 1031 ’ἕνα
3630 973 3802 1050 δείξῃ,

2148 1067 2231 1122 ὅτι
2277 1073 2373 1123 τοῦ
2450 1069 2526 1131 εἰς
2600 1070 2860 1145 οὐρανοὺς
2911 1066 3312 1147 ἀναληφθέντος
3359 1069 3422 1122 τὸ
3479 1065 3659 1141 ἔργον,
3707 1067 3807 1121 καὶ

2145 1163 2246 1226 τῆς
2305 1163 2490 1228 θεῖκῆς
2549 1157 2855 1230 δυνάμεως·
2921 1159 2995 1219 ὡς
3081 1158 3173 1212 καὶ
3226 1155 3312 1211 ἐπὶ
3370 1163 3471 1226 τῆς
3532 1157 3800 1230 Ἐρυθρᾶς

2147 1245 2427 1318 θαλάσσης
2482 1249 2545 1303 τὸ
2587 1249 2764 1324 βίαιον
2822 1253 3034 1322 πνεῦμα
3116 1251 3214 1303 τοῦ
3258 1247 3438 1302 νότου.
3497 1243 3692 1308 Καλῶς
3743 1243 3803 1300 δὲ

2147 1335 2233 1390 ἐπὶ
2265 1337 2475 1392 πάντων
2531 1338 2758 1406 τούτων,
2790 1339 2858 1393 τὰ
2905 1339 3043 1393 κατά
3098 1332 3423 1411 παραϐολὴν
3474 1335 3559 1408 τὸ,
3592 1331 3803 1410 ὥσπερ,

2146 1426 2314 1504 φημὶ,
2341 1426 2431 1480 καὶ
2462 1428 2548 1497 τὸ,
2593 1428 2721 1482 ὡσεῖ
2753 1428 2944 1500 πυρὸς,
3001 1425 3086 1480 ἵνα
3119 1429 3194 1499 μὴ
3248 1425 3507 1492 αἰσθητόν
3565 1445 3620 1479 τι
3677 1423 3807 1499 περὶ

2146 1519 2244 1569 τοῦ
2302 1517 2611 1589 Ιίνεύματος
2670 1519 2933 1592 νομισθῇ.
3000 1513 3332 1590 Ἐπλήρωσε
3381 1513 3440 1570 δὲ
3497 1516 3590 1569 τὸν
3648 1516 3802 1569 οἷκον

2147 1603 2277 1660 ὅλον
2309 1608 2344 1675 ἡ
2373 1609 2538 1677 πνοὴ,
2570 1602 2970 1681 κολυμϐήθρας
3031 1603 3184 1675 δίκην
3233 1604 3644 1678 ἀναπληροῦσα,
3680 1603 3798 1659 ἐπεὶ

2143 1695 2234 1749 καὶ
2261 1692 2569 1772 ἐπήγγελτο
2599 1698 2810 1757 αὐτοῖς,
2841 1719 2870 1747 ‹‹
2899 1697 2988 1752 Ἐν
3033 1695 3304 1768 ΙΙνεύματι
3365 1695 3805 1769 βαπτισθήσεσθε

2142 1785 2230 1839 καὶ
2262 1785 2416 1855 πυρί.
2450 1811 2476 1838 n
2514 1787 2617 1842 Καὶ
2647 1788 2745 1856 τῆς
2795 1784 3082 1861 δαψιλείας
3140 1783 3198 1840 δὲ
3251 1788 3413 1840 τοῦτο
3471 1786 3801 1859 τεκμήριον,

2142 1874 2233 1929 καὶ
2291 1881 2394 1944 τῆς
2454 1873 2851 1955 σφοδρότητος.
2915 1879 3028 1950 Πῦρ
3088 1875 3151 1950 γὲ
3208 1873 3308 1929 οὐκ
3362 1871 3653 1949 ἐπλήρωσε
3708 1874 3804 1928 τὸν

2397 1964 2487 2019 ἳνα
2548 1967 2623 2039 μή
2699 1966 2873 2036 πάντη
2962 1965 3221 2038 ἐκστήσῃ,
3282 1962 3372 2019 καὶ
3431 1969 3620 2040 φυγεῖν
3675 1964 3807 2023 τοὺς

2147 2055 2385 2125 ὁρῶντας
2445 2055 2852 2128 παρασκευάση,
2942 2051 3111 2128 μηδὲν
3194 2048 3424 2129 ἔχοντας
3513 2058 3809 2127 μαρτυρεῖν

2143 2147 2250 2197 τῶν
2288 2144 2422 2215 μετὰ
2458 2148 2624 2198 ταῦτα
2660 2142 2996 2221 γενομένων.
3050 2144 3352 2213 Μερίζεται
3403 2139 3459 2197 δὲ
3507 2141 3584 2204 είς
3617 2140 3813 2219 γλώσ-

2147 2253 2240 2294 σας
2305 2235 2473 2306 πυρὸς
2529 2234 2590 2288 τὸ
2649 2238 2892 2308 Πνεῦμα,
2977 2233 3067 2287 καὶ
3150 2231 3474 2303 ἐπικαθηται
3554 2230 3635 2311 ἐφ’
3713 2229 3812 2286 ἕνα

2143 2319 2391 2391 ἕκαστον,
2449 2327 2558 2378 τῶν
2629 2325 2819 2379 ἑκατὸν
2885 2321 3055 2378 ε”κοσι
3125 2320 3404 2394 δηλονότι,
3455 2322 3506 2377 οἳ
3573 2322 3660 2376 καὶ
3723 2325 3809 2392 τῷ

2146 2410 2284 2483 οἴκῳ
2325 2409 2725 2487 προσήδρευον.
2787 2415 2881 2469 Ἐκ
2932 2419 3058 2484 μιᾶς
3089 2413 3190 2487 γὰρ
3248 2413 3314 2478 ἦν
3378 2411 3534 2487 ῥίζης
3566 2413 3600 2479 ἡ
3635 2411 3802 2489 χάρις

2143 2505 2241 2554 τοῦ
2280 2499 2649 2575 Παρακλήτου
2683 2501 2757 2564 εῗς
2791 2499 3026 2582 διάφορα
3081 2503 3398 2576 χαρίσματα
3444 2500 3803 2574 μεριζομένη.

2146 2587 2249 2644 Καὶ
2283 2589 2543 2665 γΑώσσης
2574 2586 2680 2644 ἔδει
2711 2589 3014 2664 τρανούσης
3074 2591 3140 2644 τὰ
3197 2588 3460 2665 μεγαλεῖα
3516 2590 3611 2643 τοῦ
3641 2593 3808 2654 Θεοῦ,

2145 2678 2315 2752 πυρὸς
2347 2675 2503 2747 δίκην
2537 2676 2938 2750 ἀναλισκούσης
2991 2685 3093 2733 πᾶν
3150 2680 3212 2734 τὸ
3265 2680 3558 2735 ἀντίθετον.
3623 2680 3806 2752 Πυρὸς

2147 1965 2316 2030 οῗκον,

2150 2765 2173 2785 Ν
2357 2765 2434 2800 ’7‘-
2555 2771 2562 2781 '
2734 2771 2748 2790 ς
2845 2772 2857 2788 \
3036 2775 3057 2786 υ
3300 2772 3312 2787 ἢ
3501 2771 3515 2790 \
3572 2771 3593 2788 η
3708 2791 3720 2802 .
3784 2769 3799 2787 I

2146 2771 2203 2822 οὶ
2244 2767 2294 2822 ἐν
2328 2787 2480 2838 ε.οει,
2533 2771 2617 2824 ὁτι
2664 2792 2750 2824 και
2805 2792 2867 2825 το
2931 2774 3165 2842 ίΙνευμα,
3225 2777 3376 2838 Θεος,
3426 2792 3516 2826 και
3581 2791 3660 2825 ινα
3710 2791 3803 2824 και

2145 2855 2237 2912 διὰ
2265 2857 2461 2914 τούτου
2485 2859 2548 2913 τὸ
2582 2861 2819 2938 ὁμοφυὲς
2853 2861 2986 2934 πρὸς
3022 2861 3115 2915 τὸν
3187 2861 3398 2936 Πατέρα
3455 2861 3798 2936 παραστήσῃ,

2144 2945 2203 3006 ’ὀς
2237 2947 2380 3002 οὕτω
2419 2951 2498 3019 τῷ
2547 2953 2756 3023 Μωυσῇ
2817 2947 2904 3003 ἐπὶ
2950 2955 3048 3004 τοῦ
3106 2949 3272 3024 βάτου
3325 2949 3627 3004 ὀπτάνεται.
3681 2949 3800 3028 ’ltcp'

2140 3034 2230 3089 ἓνα
2290 3033 2346 3090 δὲ
2400 3033 2628 3092 ἕκαστον
2689 3039 2944 3107 κάθηται,
2999 3039 3058 3093 τὸ
3137 3035 3350 3113 ἑδραῖον
3411 3039 3500 3094 καὶ
3564 3041 3795 3112 μόνιμον

2142 3122 2366 3194 δηλοῦν.
2427 3126 2504 3182 Τὸ
2562 3127 2687 3202 γὰρ,
2752 3151 2779 3180 ι(
2836 3128 3106 3192 Ἐκάθισε,
3141 3152 3168 3178 ››
3225 3129 3311 3195 τὸ,
3367 3128 3658 3202 παρέμεινε
3706 3129 3799 3183 καὶ

2144 3214 2567 3285 ἐπανεπαύσατο,
2625 3216 2898 3286 σημαίνει.
2985 3217 3185 3272 Σκόπει
3265 3215 3320 3272 δὲ
3386 3217 3470 3272 ὅτι
3543 3217 3631 3273 ἐπὶ
3701 3219 3800 3290 μὲν

2627 3303 2833 3378 μέλλον
2918 3306 3190 3381 ἀνθρώπῳ
3264 3311 3588 3382 γνωσθῆναι,
3667 3307 3799 3362 ὡσεὶ

2140 3395 2429 3469 περιστερᾶ
2461 3392 2743 3469 βλέπεται,
2777 3399 2846 3468 τῇ
2897 3394 3112 3474 κεφαλῇ
3169 3401 3266 3450 τοῦ
3326 3399 3564 3470 Χριστοῦ
3623 3395 3797 3452 ἐπιόν.

2138 3485 2268 3539 ’Ὁτε
2327 3480 2383 3537 δὲ
2449 3481 2665 3553 πλῆθος
2717 3482 2847 3538 ὅλον
2904 3483 3300 3562 ἐπιστραφῆναι
3346 3483 3474 3555 ἔδει,
3544 3487 3618 3546 ὡς
3664 3490 3800 3559 πῦρ.

2142 3571 2250 3627 Καὶ
2281 3571 2309 3625 ὃ
2342 3572 2499 3646 εἶχον
2524 3571 2582 3626 ἐκ
2612 3571 2854 3627 παλαιοῦ
2874 3568 3122 3647 Ἑϐραῖοι
3179 3575 3304 3646 περὶ
3370 3580 3504 3630 Θεοῦ
3563 3572 3803 3630 διανοεῖ-

2141 3663 2286 3729 σθαι,
2320 3662 2402 3716 δτι
2433 3667 2541 3736 πῦρ
2583 3662 2693 3718 ἐστι
2752 3662 3165 3720 καταναλίσκον.
3224 3663 3402 3722 Ἀλλὰ
3459 3667 3548 3721 καὶ
3604 3666 3693 3722 ὅτε
3722 3670 3798 3741 τῇ

2139 3756 2425 3830 προσευχῇ
2456 3751 2923 3828 προσεκαρτέρουν
2957 3755 3008 3808 οἱ
3039 3757 3279 3827 μαθηται
3312 3756 3397 3810 καὶ
3461 3759 3529 3829 τῇ
3591 3753 3801 3826 δεήσει,

2138 3841 2228 3897 καὶ
2259 3845 2326 3915 τῇ
2359 3843 2495 3916 πρὸς
2526 3840 2813 3913 ἀλλήλους
2855 3843 3061 3918 ἀγάπῃ,
3093 3843 3218 3900 τότε
3249 3846 3434 3906 αὐτοῖς
3463 3846 3526 3901 τὸ
3579 3849 3802 3920 Πνεῦμα

2138 3931 2200 3986 τὸ
2233 3932 2387 4008 ἅγιον
2416 3932 2790 4008 παραγίνεται.

2145 3303 2396 3360 Ἰωάννου
2465 3305 2537 3359 ἓ.νῖ

2215 4134 2240 4161 ‹‹
2277 4110 2472 4173 Καθὼς
2503 4111 2564 4165 τὸ
2597 4113 2816 4184 Πνεῦμα
2846 4109 3028 4167 ἐδίδου
3061 4113 3251 4176 αὐτοῖς
3280 4113 3732 4194 ἀποφθέγγεσθαι.
3772 4140 3804 4168 ››

2216 4199 2639 4276 Ἀποφθέγματα
2702 4201 2805 4278 γὰρ
2862 4203 3018 4272 ἦσαν,
3080 4203 3112 4258 ἃ
3165 4209 3287 4266 ταῖς
3350 4203 3631 4278 γλώσσαις
3677 4211 3802 4269 ταῖς

2143 4285 2430 4364 διαφόροις
2463 4287 2783 4367 προέφερον,

2213 4401 2241 4430 ‹‹
2277 4379 2443 4432 Ἦσαν
2495 4374 2552 4432 δὲ
2609 4376 2660 4432 ἐν
2719 4378 3086 4454 Ἰερουσαλῆμ
3113 4384 3490 4442 κατοικοῦντες
3543 4379 3802 4438 Ἰουδαῖοι

2146 4492 2173 4521 «
2206 4465 2394 4544 ἄνδρες
2423 4463 2678 4530 εὐλαϐεῖς
2736 4468 2843 4524 ἀπὸ
2897 4471 3100 4532 παντὸς
3157 4469 3343 4532 ἔθνους
3400 4476 3510 4527 τῶν
3574 4473 3677 4528 ὑπὸ
3707 4473 3803 4528 τὸν

2143 4582 2172 4611 ι(
2208 4556 2460 4629 οὐρανόν.
2493 4580 2518 4610 ι

2211 4673 2327 4722 *Οτι
2361 4661 2612 4730 εὐλαϐεῖς
2672 4665 2904 4724 δείκνυσι
2970 4671 3054 4737 τὸ,
3109 4671 3204 4732 τὰς
3260 4667 3524 4746 πατρίδας
3568 4671 3804 4728 καταλι-

2141 4758 2360 4826 πόντας,
2419 4758 2510 4813 καὶ
2564 4761 2783 4830 κτήσεις
2841 4761 3072 4837 ἀφέντας
3130 4762 3220 4814 καὶ
3279 4761 3477 4830 οἰκίας,
3537 4765 3636 4832 τὴν
3713 4766 3807 4822 Ἰε-

2145 4849 2442 4922 ρουσαλὴμ
2497 4845 2710 4903 ἑλέσθαι
2795 4855 3090 4916 κατοικεῖν,
3146 4849 3238 4905 ’ἱνα
3289 4849 3462 4926 ἔχωσι
3520 4854 3657 4908 κατὰ
3703 4855 3801 4910 τὸν

2142 4939 2369 5012 πάτριον
2391 4936 2571 5015 ’νόμον
2590 4939 2709 5013 τρὶς
2741 4943 2838 4994 τοῦ
2864 4937 3113 4994 ἐνιαυτοῦ
3137 4941 3460 4996 ὀπτάνεσθαι
3493 4947 3626 5015 Θεῷ.

2215 5052 2242 5080 ‹‹
2291 5027 2591 5101 Γενομένης
2652 5026 2709 5083 Si
2764 5032 2866 5094 τῆς
2925 5037 3114 5108 φωνῆς
3172 5031 3398 5102 ταύτης,
3447 5031 3683 5102 συνῆλτε
3735 5035 3801 5089 τὸ

2147 5139 2175 5170 ‹‹
2207 5114 2441 5185 πλῆθος,
2472 5116 2563 5171 καὶ
2627 5117 2918 5193 συνεχύθη,
2954 5119 3035 5173 ὅτι
3091 5117 3292 5188 ⁴ἤκουον
3347 5121 3428 5180 εἷς
3475 5118 3701 5185 ’ἕκαστος
3731 5126 3802 5197 τῇ

2146 5229 2173 5257 ‹‹
2237 5203 2351 5274 ὶδίᾳ
2413 5201 2683 5279 διαλέκτῳ
2729 5204 3045 5261 λαλούντων
3102 5207 3304 5264 αὐτῶν.
3370 5209 3673 5280 Ἐξίσταντο
3742 5210 3804 5268 δὶ

2145 5318 2175 5348 ι(
2210 5296 2406 5358 πάντες
2446 5295 2537 5350 καὶ
2597 5295 2925 5369 ἐθαύμαζον,
2987 5295 3239 5374 λέγοντες
3298 5301 3436 5373 πρὸς
3491 5298 3802 5372 ἀλλήλους·

2145 5410 2173 5436 ι(
2208 5384 2323 5442 Οὐκ
2355 5383 2472 5440 ἰδοῦ
2522 5388 2720 5449 πάντες
2769 5385 2923 5442 οὗτοί
2981 5387 3114 5443 εἰσιν
3174 5389 3226 5444 οἱ
3282 5387 3587 5455 λαλοῦντες
3644 5393 3809 5449 Γαλι-

2145 5499 2174 5526 ‹‹
2210 5471 2358 5528 λαῐοι
2396 5475 2538 5543 ςΚαὶ
2570 5481 2688 5540 πῶς
2735 5479 2898 5550 ἡμεῖς
2957 5476 3254 5553 ἀκούομεν,
3306 5476 3528 5542 ἕκαστος
3570 5487 3639 5548 τῇ
3691 5481 3807 5556 ἰδίᾳ

2147 5585 2176 5614 ‹‹
2210 5560 2480 5636 διαλέκτῳ
2536 5565 2698 5637 ἡμῶν
2755 5563 2808 5621 ἐν
2861 5565 2900 5638 ᾗ
2951 5563 3363 5642 έγεννήθημενς
3425 5570 3656 5646 Πάρθοι,
3711 5573 3802 5628 καὶ

457 5707 505 5745 ⁸³
534 5709 716 5768 Exod.
749 5725 862 5779 xxv,
895 5712 980 5764 21'
1061 5708 1107 5744 "
1137 5708 1340 5768 Matth.
1373 5725 1462 5776 ιιι,
1497 5710 1583 5766 tt.
1662 5710 1709 5746 ’⁵
1739 5712 1908 5770 Deut.
1943 5731 2021 5787 iv,

2153 5735 2168 5787 ;
2203 5717 2380 5774 Hebr.
2415 5735 2518 5791 xu,
2549 5722 2638 5776 29.
