4160 6416
289 392 367 454 65
1285 392 1697 456 COMMENT.
1745 392 1826 454 IN
1868 389 2074 453 ACTA
2114 389 2733 455 APOSTOLORUM.
3654 399 3733 462 66

296 556 326 584 ει
356 525 561 601 Πῆδοι,
605 527 703 583 καὶ
764 526 1101 604 Ἕλαμῖται,
1156 528 1250 585 καὶ
1309 529 1361 585 οἱ
1416 532 1801 589 κατοικοῦντες
1866 528 1963 598 τὴν

2085 545 2111 577 ε
2142 524 2436 594 Elamitae,
2462 532 2520 583 et
2538 527 2903 587 habitatores
2923 533 3735 607 MeSOpotamiteJudmteque

298 618 816 694 αΜισοποταμίαν,
880 618 1154 677 Ἰουδαίαν
1242 640 1303 675 τε
1379 618 1470 675 καὶ
1546 616 1965 677 Καππαδοκίαν.

301 734 331 763 ει
362 711 563 766 Πόντον
588 710 678 765 καὶ
713 711 819 780 τὴν
852 710 1068 779 Ἀσίαν,
1100 709 1341 786 Φρυγίαν
1370 730 1429 767 τε
1473 709 1565 765 καὶ
1615 710 1963 788 Παμφυλίαν.

301 826 331 854 ι(
364 798 642 879 Αἴγυπτον
673 806 769 854 καί
799 799 871 855 τὰ
903 798 1044 875 μὲρη
1105 805 1206 868 τῆς
1258 793 1471 871 Λιϐύης
1525 805 1626 869 τῆς
1682 799 1822 854 κατᾶ
1851 804 1966 853 Κυ-

304 915 337 944 σι
369 893 564 965 ρήνην,
594 889 688 945 καὶ
721 889 778 944 οἱ
817 886 1216 964 ἐπιδημοῦντες
1264 889 1561 961 Ῥωμαῖοι,
1619 884 1877 946 Ἰουδαῖοί
1910 908 1968 944 τε

304 1004 337 1033 ει
377 979 471 1035 καὶ
530 976 904 1054 προσήλυτοι,
964 984 1179 1054 Κρῆτες
1229 979 1324 1034 καὶ
1380 972 1638 1055 Ἄραϐες,
1695 977 1967 1050 ἀκούομεν

304 1096 334 1122 ο
370 1066 694 1125 λαλούντων
752 1068 935 1124 αότῶν
994 1072 1115 1131 ταῖς
1197 1067 1493 1143 ἡμετέραις
1568 1066 1846 1146 γλώσσαις
1901 1067 1968 1122 τὰ

303 1185 334 1215 ιι
396 1157 668 1234 μεγαλεῖα
722 1161 824 1215 τοῦ
882 1162 1019 1214 Θεοῦ
1102 1158 1413 1230 Ἑξίσταντο
1489 1155 1547 1213 δὲ
1600 1157 1818 1227 πάντες,
1873 1157 1966 1213 καὶ

305 1276 338 1303 α
370 1246 698 1323 διηπόρουν,
753 1246 930 1310 ἄλλος
987 1246 1127 1324 πρᾶς
1202 1245 1379 1304 ἄλλον
1448 1244 1715 1322 λέγοντες·
1776 1247 1842 1304 Τί
1908 1244 1968 1302 ἂν

309 1363 341 1391 ιι
370 1338 526 1393 θέλοι
548 1342 715 1393 τοῦτο
744 1343 880 1393 εἶναι
917 1356 931 1407 ;
966 1360 996 1389 ››

384 1426 669 1506 Συνεχύθη
731 1427 795 1482 τὸ
852 1424 1093 1498 πλῆθος,
1139 1423 1268 1496 ἤτοι
1329 1423 1609 1506 ἐταράχθη
1647 1470 1663 1497 ,
1716 1424 1963 1488 εἰκότως·

312 1516 569 1589 ἐνόμιζον
626 1516 731 1593 γὰρ
807 1515 1069 1592 παρέχειν
1125 1516 1317 1578 αὐτοῖς
1372 1516 1692 1594 πράγματα,
1753 1513 1844 1571 διὰ
1901 1515 1967 1572 τὰ

306 1606 451 1662 κατὰ
482 1609 583 1660 τοῦ
612 1609 858 1680 Χριστοῦ
886 1603 1252 1678 τολμηθέντα,
1287 1606 1379 1661 καὶ
1421 1604 1485 1661 τὸ
1538 1602 1777 1667 συνειδὸς
1834 1627 1969 1662 κατ-

310 1697 479 1752 ἑσειεν
507 1695 685 1750 αὐτῶν
719 1696 816 1756 τὰς
848 1698 1053 1775 ψυχας.
1088 1695 1187 1751 Καὶ
1242 1695 1294 1750 οἱ
1329 1695 1424 1768 μὶν
1458 1695 1738 1774 μιαλφόνοι
1769 1692 1965 1758 οὕτως⁵

312 1786 366 1840 οἱ
397 1783 459 1840 δὲ
489 1779 747 1845 εὐλαϐεῖς
803 1783 1125 1857 ἐθαύμαζον.
1192 1782 1523 1846 Γαλιλαίους
1584 1785 1679 1859 μὲν
1708 1784 1966 1860 ἐπιγινώ·

310 1896 532 1931 σκοντες
594 1874 816 1940 αὐτοὺς,
873 1880 996 1936 ταῖς
1055 1870 1112 1929 δὲ
1176 1874 1430 1948 πατρίοις
1465 1871 1727 1951 γλόσσαις
1794 1873 1969 1931 αὐτῶν

308 1961 648 2025 λαλοῦντας.
712 1961 871 2021 Ἀλλ’
927 1964 978 2019 ol
1030 1964 1125 2037 μὶν
1173 1960 1478 2020 ἀποστολοι
1544 1958 1742 2039 ᾔδεσαν
1788 1964 1822 2019 ’ἁ
1883 1966 1970 2020 λέ-

309 2075 527 2132 γουσιν,
559 2053 649 2109 δτι
676 2058 744 2109 τὰ
776 2053 1038 2130 μεγαλεῖα
1094 2057 1191 2108 τοῦ
1257 2057 1414 2123 Θεοῦ,
1445 2052 1628 2117 ποίαις
1669 2049 1727 2108 δὲ
1783 2052 1969 2131 γλώσο

314 2165 435 2205 σαις
469 2144 575 2199 οὐκ
602 2140 819 2219 ᾔδεσαν,
851 2143 897 2198 εἰ
933 2150 1007 2217 μῆ
1045 2145 1097 2198 οἱ
1130 2143 1420 2205 ἀκούοντες
1450 2139 1639 2216 ἄνδρες
1696 2138 1970 2213 εὐλαϐεῖς,

314 2237 440 2290 οἷον
470 2236 500 2291 ὁ
532 2235 751 2305 Σκύθης
780 2236 973 2311 τυχὸν,
1004 2235 1039 2304 ἢ
1075 2235 1103 2290 ὁ
1135 2231 1301 2297 Ἰνδὸς
1335 2232 1418 2289 ὅτι
1460 2235 1740 2304 Σκυθιστὶ,
1774 2234 1810 2304 ἢ
1852 2231 1972 2290 δια-

316 2323 502 2398 λέιτφ
531 2320 715 2383 Ἰνδῶν
741 2325 792 2379 οἱ
823 2322 1128 2379 ἀπόστολοι
1157 2325 1502 2402 φθέγγονται.

377 2621 407 2648 ει
458 2597 682 2672 ⁴Βτεροι
742 2593 801 2651 δὲ
858 2593 1221 2666 χλευάζοντες
1280 2589 1492 2672 ἔλεγον,
1551 2593 1639 2651 ὅτι
1695 2591 1972 2660 Γλεύκους

306 2710 335 2738 κ
371 2683 795 2761 μεμεστωμένοι
826 2684 982 2744 εἰσίν,
1014 2709 1042 2736 ››

373 2779 550 2836 Ἦσαν
610 2775 667 2833 δὲ
718 2777 809 2833 καί
865 2797 1005 2839 τινες
1070 2781 1179 2832 τῶν
1257 2773 1563 2849 συνιέντων,
1618 2775 1969 2853 χυδαιότεροι

306 2863 463 2936 ἴσως,
510 2866 624 2921 ἀπὸ
673 2866 844 2939 μέοης
902 2866 970 2922 τὰ
1023 2863 1329 2939 τελούμενα
1386 2867 1524 2922 εἶναι
1582 2867 1967 2946 χλευάζοντες.

306 2954 367 3011 Εἰ
399 2956 509 3033 γὰρ
544 2957 626 3028 μή
661 2955 929 3025 συνίεσαν,
983 2951 1095 3010 οὐδ’
1152 2953 1212 3009 ἂν
1269 2954 1347 3018 εἷς
1405 2954 1574 3029 μέθην
1622 2954 1687 3009 τὸ
1739 2960 1970 3032 πρᾶγμα

303 3041 632 3101 διέϐαλλον.
674 3044 739 3101 Εἰ
794 3042 851 3099 δὲ
910 3042 1225 3100 λαλούντων
1279 3043 1460 3100 αὐτῶν
1514 3051 1775 3111 συνίεσαν,
1806 3042 1968 3119 ἐρεῖς,

307 3140 426 3196 πῶς
484 3132 549 3189 ἃν
610 3133 904 3214 χλευάζειν
956 3132 1317 3209 ἐτόλμησαν;
1401 3131 1558 3190 ⁹Λλλ⁹
1615 3136 1650 3203 ἡ
1709 3134 1872 3190 κακία
1917 3132 1968 3205 ἐξ

308 3219 779 3299 ὑπερϐαλλούσης
835 3223 1122 3298 πονηρίας,
1200 3220 1415 3285 οὐδενός
1502 3223 1645 3279 ἐστιν
1699 3222 1878 3279 ἄλλου
1930 3224 1965 3295 ἢ

2078 636 2106 665 ‹‹
2140 619 2199 670 et
2227 615 2637 688 Cappadociae»,
2673 620 2844 675 Ponti
2905 628 2963 676 et
3020 624 3194 687 Asiae,
3256 624 3645 698 Phrygiaeque
3676 631 3736 681 et

2078 724 2103 756 ι
2138 706 2525 778 Pamphylia),
2557 708 2784 780 Egypti
2818 714 2876 764 et
2924 712 3181 783 partium
3216 714 3409 785 Libya:
3441 716 3569 786 ejus
3601 732 3735 786 qum

2077 816 2106 845 ‹‹
2139 800 2230 849 est
2257 794 2514 852 ﬁnitima
2543 798 2806 869 Cyrenm,
2842 805 2901 855 et
2935 799 3059 856 illic
3109 811 3415 859 versantes
3458 804 3734 871 Romani,

2080 904 2109 934 «
2136 883 2444 956 Judmique
2467 892 2526 942 et
2555 889 2862 962 proselyti,
2884 890 3087 947 Cretes
3120 898 3180 947 et
3208 893 3430 949 Arabes
3460 894 3736 950 audimus

2077 996 2105 1025 ‹‹
2138 990 2239 1030 eos
2270 974 2585 1048 loquentes
2615 980 2835 1035 nostris
2866 980 3086 1054 linguis
3119 983 3416 1056 magnalia
3445 985 3567 1040 Dei.
3601 984 3739 1040 Stu-

2078 1086 2108 1116 ‹‹
2136 1065 2359 1137 pebant
2386 1081 2585 1123 autem
2620 1086 2830 1125 omnes
2860 1085 2929 1125 ac
2965 1071 3438 1141 admirabantur,
3479 1073 3632 1129 alius
3663 1073 3739 1128 ad

2076 1175 2104 1204 «
2129 1154 2315 1210 alium
2349 1154 2618 1213 dicentes
2655 1175 2668 1212 :
2701 1158 2994 1224 Quidnam
3025 1161 3151 1216 vult
3180 1162 3291 1217 hoc
3323 1178 3453 1218 esse
3484 1162 3513 1217 ?
3543 1185 3570 1212 ››

2147 1426 2403 1483 Confusa
2477 1433 2568 1484 est
2650 1429 2903 1485 multido
2987 1431 3107 1487 sive
3193 1432 3475 1497 turbata.
3553 1434 3735 1507 idque

2076 1515 2291 1571 merito
2326 1532 2339 1571 :
2373 1516 2797 1573 existimabant
2828 1520 2984 1575 enim
3038 1521 3197 1591 quod
3245 1523 3546 1594 negotium
3614 1523 3738 1579 illis

2075 1606 2463 1669 facesserent.
2497 1607 2571 1663 ob
2604 1624 2672 1663 ea
2704 1627 2835 1680 qum
2858 1612 3143 1667 advr'rsus
3175 1612 3475 1668 Christum
3516 1618 3741 1671 temere

2077 1696 2523 1755 commiserant.
2566 1698 2640 1752 ob
2687 1715 2819 1769 quas
2882 1702 3061 1756 etiam
3113 1703 3480 1759 conscientia
3533 1720 3740 1760 eorum

2078 1785 2310 1840 animas
2341 1788 2739 1843 concutiebat.
2792 1795 2856 1843 iit
2888 1790 3201 1846 homicida:
3258 1792 3500 1863 quidem
3560 1795 3642 1848 ita
3673 1811 3734 1849 se

2079 1875 2398 1930 habebant.
2432 1876 2711 1950 Religiosi
2744 1895 2880 1933 vero
2911 1879 3389 1949 admirabantur,
3421 1899 3557 1937 cum
3599 1883 3736 1938 illos

2082 1965 2356 2022 Galilaeos
2389 1982 2516 2022 esse
2543 1978 2993 2040 cognoscerent.
3027 1976 3086 2026 et
3118 1977 3315 2027 tamen
3347 1973 3554 2044 patriis
3577 1974 3739 2045 ipso-

2082 2070 2216 2109 rum
2248 2054 2469 2128 linguis
2511 2055 2919 2128 loquerentur.
2959 2060 3167 2115 Verum
3204 2061 3459 2132 apostoli
3494 2062 3736 2132 quidem

2081 2153 2372 2200 noverant
2392 2162 2524 2216 qum
2546 2146 2832 2214 dicerent,
2849 2164 3063 2220 nempe
3082 2150 3239 2220 quod
3265 2151 3582 2222 magniﬁca
3601 2153 3732 2206 Dei:

2083 2232 2300 2303 quibus
2331 2240 2529 2288 autem
2564 2233 2782 2306 linguis
2805 2251 2874 2290 ea
2895 2235 3433 2307 loquerentur,non
3456 2247 3743 2295 noverant

2083 2322 2199 2376 nisi
2225 2321 2333 2376 viri
2390 2322 2652 2396 religiosi
2679 2325 2780 2394 qui
2822 2324 3163 2395 audiebant,
3196 2334 3339 2399 puta
3396 2329 3610 2400 Scytha
3634 2331 3749 2386 for-

2083 2411 2259 2466 tassis
2286 2416 2389 2467 aut
2417 2412 2620 2480 Indus,
2653 2414 2754 2468 10
2789 2414 2948 2485 quod
2981 2415 3253 2488 Scythica
3303 2422 3406 2472 aut
3458 2418 3743 2475 Indorum

2080 2499 2287 2573 lingua
2316 2500 2585 2573 Apostoli
2621 2500 3030 2574 loquerentur.

2157 2609 2182 2643 ε
2214 2589 2330 2644 Alii
2355 2596 2553 2645 autem
2586 2590 2907 2647 irridentes
2938 2592 3250 2650 dicebant:
3284 2596 3474 2652 Musto
3507 2596 3740 2670 impleti

2081 2699 2111 2729 ι(
2155 2685 2312 2734 sunt.
2349 2700 2377 2728 »

2152 2767 2545 2824 Erantautem
2570 2773 2629 2824 et
2648 2770 2923 2825 nonnulli
2951 2787 3159 2827 eorum
3180 2773 3281 2843 qui
3301 2774 3741 2849 intelligebant,

2081 2855 2438 2927 abjectiores
2474 2858 2765 2927 fortassis,
2799 2860 2957 2931 quod
2990 2860 3332 2930 irridentes,
3367 2881 3436 2920 ea
3457 2882 3588 2936 qua:
3630 2866 3740 2920 fle-

2080 2945 2228 3001 bant
2258 2947 2566 3002 ebrietatis
2597 2965 2728 3004 esse
2762 2949 3049 3006 dicerent.
3084 2953 3204 3007 Nisi
3238 2954 3399 3009 enim
3442 2955 3742 3027 intellige-

2078 3042 2236 3099 rent,
2269 3053 2397 3091 rem
2428 3038 2618 3109 ipsam
2644 3055 3022 3111 nequaquam
3055 3040 3127 3096 ad
3147 3041 3493 3099 ebrietatem
3518 3045 3740 3100 calum-

2080 3124 2321 3180 niantes
2353 3126 2665 3182 referrent.
2690 3128 2906 3184 Verum
2935 3129 3096 3185 dices
3121 3146 3133 3183 :
3159 3130 3215 3186 Si
3240 3131 3401 3204 ipsos
3424 3133 3739 3204 loquentes

2079 3213 2512 3287 intelligebant.
2549 3233 2811 3287 quonam
2852 3218 3027 3273 modo
3071 3218 3324 3277 irridere
3378 3221 3740 3278 audebant?

309 3291 482 3386 μάνής
513 3321 617 3383 τῆς
648 3291 986 3393 διαστροφῆς
1017 3311 1209 3383 αὐτῆς,
1235 3312 1387 3375 ὅπως
1437 3311 1524 3369 ὅτι
1555 3309 1761 3384 δήποτε
1810 3311 1962 3368 ἀνευ-

2082 3304 2193 3359 Sed
2224 3305 2453 3360 malitia
2482 3322 2616 3377 quae
2640 3322 2709 3360 ex
2730 3307 2916 3362 nimia
2936 3309 3223 3379 pravitate
3246 3316 3357 3377 est,
3383 3326 3418 3367 a
3439 3312 3738 3369 nulloalio

308 3405 479 3477 ροῦσα
500 3404 566 3459 τό
598 3404 774 3479 παρὸν
804 3399 1197 3479 διακρούσηται
1218 3408 1438 3461 ὐποῖον
1467 3404 1559 3458 καὶ
1599 3407 1694 3459 τοῦ
1725 3404 1964 3478 Χριστοῦ

302 3496 878 3570 θαυματουργοῦντος,
918 3493 1016 3548 οὐκ
1047 3493 1203 3573 εἶχον
1255 3493 1350 3567 μὶν
1409 3486 1783 3572 ἀμφιϐάλλειν
1831 3494 1966 3567 πρὸς

305 3585 408 3653 τὴν
456 3582 748 3657 ἐνέργειαν,
809 3587 890 3655 τῷ
949 3579 1007 3638 δὶ
1055 3578 1395 3653 Βεελζεὸοὺλ
1466 3582 1794 3656 μεμηνότως
1876 3581 1966 3638 ἒπ-

307 3672 612 3750 εγράφοντο
639 3672 704 3728 τὸ
776 3676 1026 3751 πρᾶγμα.
1083 3672 1284 3730 Ἐθνῶν
1342 3668 1399 3728 δὲ
1459 3672 1733 3748 μέμνηται
1793 3670 1966 3728 πολε-

322 3760 465 3832 μίων
517 3765 629 3823 τοῖς
671 3758 996 3830 ³1ουῗαίοις,
1056 3765 1314 3837 Κρητῶν,
1365 3755 1638 3836 ’Δράϐων,
1717 3761 1809 3817 καὶ
1858 3765 1966 3816 τῶν

316 3846 530 3916 ἄλλων,
561 3850 629 3905 ὧν
658 3855 781 3912 ταῖς
814 3849 1092 3929 γλώσσαις
1121 3848 1444 3920 λαλοῦντες,
1478 3844 1762 3925 σύμϐολον
1799 3853 1963 3906 τοῦτο

308 3938 661 4013 παρείχοντο,
694 3940 770 4001 ὡς
802 3940 1017 3996 πάντων
1049 3938 1258 3996 τούτων
1286 3944 1357 4015 τῇ
1383 3940 1565 3997 πίστει
1602 3942 1964 4014 κρατήσουσιν

304 4032 603 4103 Πωταχοῦ
624 4026 684 4084 δὲ
719 4030 857 4103 μετᾶ
883 4031 984 4097 τῆς
1010 4026 1209 4104 ἀρετῆς
1240 4030 1274 4098 ἡ
1311 4028 1618 4108 μοχθηρία.
1649 4030 1717 4087 Οἱ
1752 4029 1846 4105 μὲν
1877 4028 1962 4085 εύ-

304 4111 498 4179 λαδεῖς
530 4117 859 4193 ἐθαύμαζον,
879 4117 936 4172 οἱ
957 4114 1016 4173 δὲ
1046 4115 1364 4194 ἐχλεύαζον.
1392 4119 1534 4193 Ὀρη
1569 4114 1627 4173 δὲ
1646 4120 1746 4188 τήν
1780 4119 1960 4174 ἄνοιαν

301 4212 416 4262 τῶν
480 4205 882 4282 χλευαζόντων.
942 4205 1243 4275 Γλεύκους,
1301 4207 1428 4286 φασῖ
1468 4251 1482 4277 ,
1543 4207 1960 4282 μεμεστωμένοι

301 4295 431 4355 eici.
469 4298 571 4353 Καί
601 4296 773 4353 τοιού
826 4296 1027 4354 τούτου
1085 4296 1275 4372 καιρὸς
1331 4296 1418 4366 ἦν.
1480 4299 1826 4369 Πεντηκοστὴ
1856 4299 1960 4373 γὰρ

296 4389 388 4457 ἦν,
448 4385 539 4442 ὅτε
607 4384 840 4463 γλεῦκος
896 4386 998 4442 ούκ
1053 4383 1188 4444 ἔστι.
1248 4387 1484 4448 Γλεῦκος
1542 4388 1648 4462 γὰρ
1698 4387 1901 4463 κυρίως
1933 4388 1961 4442 ὁ

294 4477 391 4533 ἀπ’
422 4476 599 4545 αὐτῆς
628 4483 732 4546 τῆς
770 4474 942 4547 ληνοῦ
977 4473 1186 4551 γλυκὺς
1244 4473 1382 4551 ῥέων
1433 4476 1603 4538 οἶνος.
1662 4474 1841 4533 Ἀλλᾶ
1869 4476 1961 4532 καὶ

290 4569 329 4637 ἡ
364 4566 488 4642 ὥρα
518 4567 680 4641 τρίτη
704 4566 795 4636 ἦν,
825 4563 879 4620 ἐν
920 4568 957 4640 ᾗ
989 4564 1249 4630 ἀπίθανον
1312 4564 1552 4638 μεθύειν,
1583 4565 1672 4619 καὶ
1725 4564 1962 4637 μάλιστα

2074 3410 2255 3466 quam
2287 3394 2360 3449 ab
2394 3395 2525 3467 ipsa
2568 3397 2954 3467 perversitate
3014 3399 3287 3470 procedit
3319 3417 3332 3456 :
3394 3407 3459 3456 ut
3493 3419 3738 3474 quoquo

2070 3493 2248 3549 modo
2280 3494 2544 3550 inveniat
2569 3512 2686 3566 quo
2720 3512 2983 3567 praesens
3028 3496 3255 3553 bonum
3328 3499 3608 3556 obturbet
3665 3518 3734 3558 ac

2069 3583 2340 3655 repellat.
2376 3583 2558 3649 Quale.
2591 3584 2769 3640 etiam
2801 3591 2928 3641 erat
2959 3587 3119 3658 quod
3153 3588 3385 3643 Christo
3442 3590 3734 3647 miracula

2070 3674 2303 3737 edente,
2338 3691 2462 3730 non
2492 3681 2768 3747 poterant
2797 3677 3040 3749 quidem
3072 3679 3374 3753 ambigere
3427 3698 3585 3737 eirea
3616 3682 3731 3738 vim

2071 3769 2131 3818 et
2151 3762 2478 3820 efficaciam
2503 3764 2828 3837 signorum,
2855 3766 3343 3825 sedinsanientes
3356 3786 3480 3825 rem
3504 3772 3729 3828 Beelze-

2070 3851 2173 3907 bul
2204 3851 2584 3908 ascribebant
2604 3852 2671 3908 εδ.
2725 3854 3003 3909 Gentium
3034 3861 3236 3912 autem
3291 3860 3569 3914 meminit
3597 3877 3729 3932 quas

2068 3944 2288 4000 Judaais
2302 3945 2504 4000 hostes
2527 3951 2718 4008 erant.
2740 3952 2884 4018 puta
2904 3948 3165 4015 Cretum,
3189 3948 3471 4019 Arabum,
3506 3957 3565 4007 et
3582 3952 3728 4007 alio-

2069 4050 2223 4099 rum,
2258 4050 2513 4105 quorum
2547 4034 2768 4109 linguis
2797 4034 3133 4107 loquentes,
3168 4038 3404 4108 signum
3436 4041 3549 4096 hoc
3579 4058 3726 4113 pras-

2068 4122 2309 4189 bebant,
2343 4123 2501 4195 quod
2548 4123 2655 4179 hos
2705 4141 2916 4181 omnes
2960 4125 3077 4181 ﬂde
3139 4129 3474 4199 superaturi
3508 4135 3729 4187 essent.

2072 4210 2300 4283 Ubique
2334 4216 2534 4268 autem
2565 4229 2694 4268 sese
2723 4213 2925 4270 virtuti
2965 4214 3259 4272 admiscet
3288 4219 3561 4289 nequitia
3593 4235 3607 4273 :
3650 4220 3731 4292 pii

2069 4300 2368 4372 siquidem
2400 4301 2875 4370 admirabantur,
2905 4304 3008 4359 alii
3039 4320 3175 4360 vero
3199 4305 3548 4362 irridebant.
3586 4308 3728 4364 Vide

2068 4396 2269 4446 autem
2301 4391 2667 4446 dementiam
2724 4391 3128 4450 irridentium.
3189 4396 3377 4450 Musto
3427 4396 3727 4469 inquiunt,

2067 4483 2301 4555 impleti
2334 4490 2493 4540 sunt.
2525 4485 2705 4557 Atqui
2735 4486 2915 4558 hujus
2940 4493 3173 4560 tempus
3203 4505 3324 4544 non
3359 4495 3506 4546 erat.
3535 4490 3729 4562 Siqui-

2066 4573 2203 4629 dem
2235 4575 2616 4630 Pentecostes
2643 4580 2881 4647 tempus
2914 4583 3042 4632 erat
3065 4578 3303 4649 quando
3352 4578 3587 4635 nullum
3637 4587 3729 4636 est

290 4656 631 4732 ἀνθρώπους
683 4653 734 4710 ἐν
788 4653 1058 4716 κινδύνοις
1114 4654 1205 4710 καὶ
1263 4648 1458 4733 φόϐοις
1516 4650 1694 4718 ὄντας.
1752 4656 1956 4711 Λοιπὸν

2078 4668 2343 4717 mustum.
2384 4664 2639 4718 Mustum
2659 4680 2919 4736 namque
2941 4648 3113 4721 dulce
3135 4667 3338 4722 vinum
3366 4674 3457 4723 est
3473 4669 3632 4740 quod
3654 4670 3727 4724 ab

289 4746 387 4801 οὖν
520 4745 782 4816 ποιότητι
806 4743 869 4801 τὰ
897 4749 1005 4800 πᾶν
1061 4743 1445 4823 ἐπιγράφουσι,
1477 4767 1505 4795 ιι
1537 4741 1832 4816 Γλεύκους,
1865 4744 1959 4801 λέ-

287 4855 516 4911 γοντες,
584 4833 995 4909 μεμεστωμένοι
1046 4833 1198 4890 εἰσὶν.
1241 4858 1269 4885 ι)
1323 4835 1387 4891 Ἢ
1439 4833 1543 4910 γὰρ
1590 4833 1858 4910 ἰταμότης
1905 4833 1958 4892 ἔν

289 4929 458 4996 ζητεῖ
531 4918 717 4999 μόνον,
800 4924 971 4980 εἰπεῖν
1027 4921 1059 4979 ὅ
1114 4945 1167 4980 τι
1227 4919 1456 4994 δήποτε,
1517 4924 1630 4999 οὐχ
1712 4924 1864 4987 ὅπως
1903 4945 1958 4980 τι

289 5018 477 5095 λόγου
506 5015 775 5096 ἐχόμενον
804 5016 976 5076 εἶποι.
1016 5017 1088 5072 Τὸ
1146 5013 1204 5072 δὲ
1241 5013 1569 5092 δεινότερον,
1627 5019 1716 5072 ὅτι
1745 5017 1959 5072 ἐκείνων

286 5109 689 5181 θαυμαζόντων
735 5107 827 5164 καὶ
875 5106 1334 5184 ὁμολογούντων,
1423 5104 1704 5164 Ἰουδαίων
1762 5103 1954 5168 ὄντων.

282 5198 608 5269 Ῥωμαίων,
669 5196 1060 5273 προσηλύτων,
1135 5200 1242 5252 τῶν
1318 5195 1745 5271 παυρωσάντων
1803 5193 1954 5271 ἴσως,

282 5285 462 5343 ἐθνῶν
493 5284 698 5367 σχεδὸν
729 5286 986 5343 ἁπάντων
1034 5290 1200 5342 τοῦτο
1255 5286 1666 5359 κηρυττόντων,
1701 5285 1787 5341 ὅτι
1835 5292 1956 5350 ταῖς

279 5375 580 5454 γλώσσαις
637 5376 820 5433 αὐτῶν
881 5374 1182 5443 λαλοῦσιν,
1234 5375 1531 5450 εὑρέθησαν
1602 5374 1758 5448 ὅμως
1816 5378 1955 5442 τινες

278 5468 679 5543 χλευάζοντες.
732 5498 803 5510 -ο
828 5463 1081 5527 Ἄλλως.
1141 5464 1217 5523 Τὸ
1274 5463 1544 5541 γλεύκους
1595 5465 1956 5540 μεμεστωμέ-

269 5578 411 5625 vos;
437 5559 664 5640 φάσκειν
691 5558 821 5620 τοὺς
882 5553 1229 5633 ἀποστολους
1288 5556 1447 5626 εἶναι,
1507 5555 1615 5611 ἀπὸ
1671 5562 1774 5627 τῆς
1824 5558 1953 5625 πριό

352 5741 398 5777 ⁸⁸
427 5743 639 5800 Matth.
672 5759 778 5813 xu,
810 5742 883 5797 24
916 5756 931 5797 :
966 5738 1103 5795 Luc.
1145 5754 1220 5811 ιι,
1255 5741 1340 5795 14.

2068 4751 2198 4823 ipso
2228 4750 2363 4806 ﬂuit
2393 4752 2693 4807 torculari.
2729 4753 2841 4809 Sed
2865 4755 3081 4810 ethera
3110 4756 3286 4811 tertia
3317 4763 3460 4823 erat,
3487 4758 3726 4828 quando

2069 4856 2190 4896 non
2223 4845 2313 4895 est
2352 4839 2674 4896 verisimile
2727 4841 2923 4898 ebrios
2974 4859 3105 4900 esse
3138 4844 3430 4912 homines,
3480 4847 3727 4919 potissi-

2068 4948 2235 4988 mum
2267 4932 2368 5004 qui
2393 4933 2454 4986 in
2485 4932 2769 5004 periculis
2789 4939 2847 4989 et
2867 4934 2927 4989 in
2952 4935 3163 4991 timore
3180 4944 3507 4993 versantur.
3539 4940 3726 4996 Omne

2069 5019 2271 5092 itaque
2330 5020 2635 5094 negotium
2693 5021 2967 5094 qualitati
3015 5024 3344 5089 ascribunt,
3404 5026 3725 5101 dicentes;

2069 5132 2096 5159 «
2118 5109 2549 5183 Mustoimpleti
2565 5117 2722 5166 sunt.
2753 5134 2779 5161 ››
2804 5112 3156 5184 Improbitas
3172 5131 3434 5187 namque
3457 5116 3514 5171 id
3538 5133 3726 5173 unum

2068 5199 2283 5272 quaarit
2303 5205 2370 5255 ut
2391 5217 2628 5272 quoquo
2646 5201 2819 5257 modo
2839 5201 3067 5274 aliquid
3098 5202 3277 5272 dicat,
3309 5221 3431 5260 non
3462 5207 3730 5262 utratio-

2068 5287 2269 5345 nabile
2300 5288 2609 5362 quidpiam
2641 5288 2820 5347 dicat.
2857 5296 3073 5347 \erum
3104 5293 3254 5349 illud
3287 5294 3474 5367 magis
3522 5294 3724 5351 admi-

2065 5377 2342 5445 randum,
2367 5378 2666 5450 quomodo
2698 5379 2819 5434 illis
2850 5379 3288 5439 admirantibus
3309 5389 3368 5439 et
3385 5385 3729 5441 confitenti-

2063 5463 2176 5521 bus
2198 5482 2383 5538 quum
2412 5465 2597 5522 Judmi
2628 5472 2851 5533 essent,
2875 5469 3181 5538 Romanis,
3202 5470 3541 5543 proselytis,
3567 5477 3627 5525 et
3650 5472 3725 5527 iis

2065 5555 2168 5628 qui
2199 5556 2469 5613 lortassis
2499 5556 2956 5615 cruciﬁxerant:
2991 5560 3269 5634 gentibus
3289 5559 3720 5636 propemodum
