4160 6432
411 349 488 410 6'1
1531 341 1952 406 CECUMENII
1995 343 2301 408 TRIGCE
2349 347 2704 411 EPISCOPI
3747 348 3826 412 68

413 483 693 541 omnibus
720 483 781 540 id
813 481 1299 554 prmdicantibus,‘
1351 497 1567 554 nempe
1600 481 1757 553 quod
1795 483 2040 555 ipsorun

2171 501 2338 554 τητος
2399 479 2812 542 διαϐαλλόντων
2873 483 3009 543 ἐστί.
3080 485 3316 547 Γλεῦκος
3375 488 3478 563 γὰρ
3537 487 3565 542 ὁ
3614 484 3825 562 γλυκύς

408 575 800 648 loquerentur
829 570 1067 646 linguis,
1114 571 1337 628 inventi
1384 577 1582 628 tamen
1615 573 1734 628 sint
1783 573 2058 628 nonnulli

411 665 512 737 qui
545 663 882 719 irriderent.
915 662 1046 719 Alio
1076 662 1259 717 modo.
1295 663 1498 717 Dicere
1531 668 1724 717 musto
1782 663 2058 736 impletos

408 769 538 808 esse
569 751 900 824 apostolos,
943 768 1150 807 eorum
1183 757 1274 808 est
1302 752 1402 823 qui
1434 767 1469 805 a
1499 751 1785 822 qualitate
1833 753 2059 808 calum-

401 843 566 898 niam
597 846 854 898 struunt.
889 843 1142 897 Mustum
1175 842 1334 896 enim
1366 841 1539 896 dulce
1560 842 1762 897 vinum
1789 848 1879 898 est
1899 843 2056 914 quod

405 932 584 987 etiam
617 931 688 986 ad
721 930 1143 986 inebriandum
1175 931 1370 1003 aptius
1393 935 1503 998 est,
1534 929 1780 986 lenitate
1803 948 1908 987 seu
1937 931 2057 987 avi-

404 1021 589 1076 ditate
608 1021 681 1076 ad
711 1020 1114 1088 dulcedinem,
1137 1019 1480 1076 densiorem
1503 1021 1939 1092 evaporationis
1959 1038 2051 1076 re-

403 1112 731 1183 pletionem
763 1111 838 1166 ad
868 1127 1124 1166 concava
1173 1110 1400 1166 cerebri
1433 1110 1788 1182 producens.
1848 1112 2053 1166 Utrum

401 1205 600 1256 autem
621 1195 679 1255 hi
707 1202 807 1272 qui
827 1195 1177 1265 irridebant,
1206 1217 1275 1255 ea
1293 1214 1423 1272 quae
1454 1197 1806 1255 dicebantur
1833 1198 2054 1255 intelli-

399 1292 614 1363 gebant
633 1302 710 1347 an
729 1297 850 1347 non
869 1291 897 1347 ‘I
928 1278 1157 1347 Etenim
1177 1291 1225 1346 si
1253 1294 1376 1346 non
1400 1281 1838 1362 intelligebant,
1858 1307 2052 1364 neque

402 1387 606 1436 eorum
651 1376 848 1437 irrisio
907 1375 1124 1436 rationi
1192 1380 1578 1436 innitebatur.
1613 1382 1710 1436 1⁸1
1781 1382 1853 1436 Ut
1910 1381 2053 1454 quid

399 1477 596 1528 autem
629 1474 791 1549 angit
817 1473 1082 1547 aliquem
1107 1472 1239 1529 vilis
1297 1471 1593 1545 quaepiam
1615 1473 1919 1546 nugacitas
1947 1479 2051 1541 ,te-

399 1581 561 1620 mere
593 1562 870 1637 prolata?
896 1564 1004 1619 Sed
1039 1562 1422 1618 manifestum
1443 1566 1531 1617 est
1555 1562 1712 1634 quod
1741 1563 2048 1635 etiamipsi

398 1655 832 1727 intelligebant,
866 1657 925 1709 et
971 1654 1226 1712 maxime
1257 1669 1456 1708 coram
1490 1652 1776 1708 habentes
1807 1670 1906 1708 eos
1948 1653 2048 1725 qui

397 1762 524 1800 rem
555 1744 841 1800 miraculo
863 1743 1240 1799 ascribebant
1263 1760 1276 1811 ;
1302 1749 1359 1798 et
1376 1749 1573 1797 tamen
1597 1743 1709 1815 ipsi
1741 1743 1906 1798 illam
1931 1760 2049 1799 ma-

394 1833 594 1890 litiose
625 1834 1248 1902 calumniabantur,ut
1275 1835 1457 1889 moris
1475 1840 1565 1888 est
1584 1835 1896 1906 perversis.
1924 1836 2055 1890 Alio

2172 568 2312 656 ἔστιν
2343 572 2509 643 οἶνος,
2542 574 2600 636 ’ὸς
2659 575 2748 630 καὶ
2811 573 3025 647 μᾶλλον
3077 575 3153 638 εἷς
3215 577 3383 649 μέθην
3439 576 3718 656 ἐπιφορος,
3753 580 3822 650 τῇ

2169 654 2539 742 γλισχρότητι
2569 672 2668 734 τῆς
2695 663 3067 740 γλυκύτητος,
3117 666 3480 742 ἀθρουστέραν
3541 654 3640 737 τηΑ
3685 667 3825 741 πρὸς

2170 752 2238 807 τὰ
2285 751 2449 808 κοῖλα
2501 758 2596 808 τοῦ
2659 749 2963 834 ἐγκεφάλου
3019 752 3308 830 πλήρωσιν
3363 763 3464 826 τῆς
3521 756 3824 831 ἀναθυμιά-

2170 861 2304 902 σεως
2335 841 2603 914 ἐμποιῶν.
2664 844 2897 918 Πότερον
2954 842 3010 900 δὲ
3065 845 3301 902 συνίεσαν
3360 846 3412 900 οἱ
3465 845 3824 922 χλευάζοντες

2169 935 2276 985 τῶν
2339 930 2672 1010 λεγομένων,
2732 935 2766 1003 ἢ
2825 933 2933 1003 οῧ;
2996 933 3062 991 Εἴ
3121 934 3216 1009 μὲν
3270 935 3372 1009 γὰρ
3434 935 3494 990 ού
3554 936 3819 1006 συνίεσαν,

2169 1018 2293 1075 οὐδὲ
2322 1023 2356 1090 ἡ
2392 1019 2572 1101 χλεύη
2606 1023 2785 1079 αὐτῶν
2819 1023 2936 1099 εἶχε
2967 1022 3159 1100 λόγον.
3192 1025 3252 1078 Τί
3301 1026 3404 1102 γάρ
3435 1045 3556 1080 τινα
3585 1022 3822 1098 περιλυο

2166 1116 2259 1166 πεῖ
2287 1111 2524 1191 φλυαρία
2554 1135 2640 1176 τις
2686 1110 2900 1187 ἄσημος
2934 1113 3051 1184 εἰκῆ
3113 1113 3531 1194 προφερόμενος
3565 1136 3578 1182 ;
3642 1112 3822 1170 Ἀλλὰ

2167 1198 2337 1272 δῆλον
2372 1205 2455 1259 ὅτι
2488 1204 2729 1260 συνίεσαν
2765 1206 2857 1279 μὲν
2890 1205 2980 1260 καὶ
3010 1205 3194 1274 αὐτοὶ,
3247 1206 3338 1260 καὶ
3368 1210 3538 1260 ταῦτα
3588 1203 3645 1260 δὲ
3676 1207 3823 1280 παρά

2164 1289 2334 1354 πόδας
2369 1287 2585 1369 ἔχοντες
2626 1295 2754 1356 τοὺς
2813 1294 2888 1357 εἷς
2947 1296 3128 1368 θαῦμα
3187 1293 3725 1369 καταλογιζομένους
3756 1296 3820 1350 τὸ

2163 1387 2411 1459 πρᾶγμα.
2444 1383 2581 1440 Λύτὶ
2614 1381 2672 1439 δέ
2719 1385 3042 1460 κακούργως
3071 1384 3203 1440 αύτὸ
3265 1379 3636 1454 ένδιέϐαλλον,
3667 1381 3822 1446 ὅπως

2161 1470 2282 1538 ἕθος
2316 1481 2432 1538 τοῖς
2462 1477 2814 1553 κακούργοις.
2865 1511 2934 1520 -
2959 1476 3210 1540 Ἀλλως.
3244 1478 3494 1533 Συνίεσαν
3552 1478 3666 1551 μὲν,
3717 1478 3821 1533 οὐκ

2161 1563 2459 1638 ἠρέσκοντο
2519 1562 2576 1622 δὲ
2632 1572 2749 1630 τοῖς
2828 1566 3147 1642 λεγομένοις
3181 1612 3192 1622 .
3252 1569 3326 1621 Τὰ
3376 1568 3478 1642 γὰρ
3551 1565 3820 1644 μεγαλεῖα

2161 1650 2350 1730 ἔλεγον
2378 1659 2474 1710 τοῦ
2509 1661 2666 1711 Θεοῦ.
2699 1658 2858 1718 Ἕθος
2889 1657 2993 1734 γὰρ
3025 1659 3141 1718 τοῖς
3189 1654 3429 1717 πολλοῖς
3485 1655 3544 1710 ἂν
3583 1657 3656 1729 μὴ
3692 1654 3820 1730 ἀρέ-

2161 1764 2394 1799 σκωνται
2473 1750 2591 1807 τοῖς
2676 1745 3019 1822 λεγομένοις,
3071 1743 3330 1820 δαιμονᾷν
3393 1746 3427 1814 ἢ
3488 1746 3820 1820 παραπαίειν

2165 1835 2418 1908 ἡγεῖσθαι
2474 1834 2565 1890 τὸν
2624 1833 2877 1911 λέγοντα.
2937 1837 3025 1896 Ὠς
3105 1834 3195 1890 καὶ
3257 1833 3344 1889 ἐπὶ
3397 1840 3495 1890 τοῦ
3554 1835 3816 1909 Χριστοῦ,

393 1925 577 1980 modo.
616 1923 1030 1998 lntelligebant
1059 1924 1322 1995 quidem,
1357 1941 1560 1980 verum
1587 1940 1707 1978 non
1739 1923 2040 1996 placebam

2164 1925 2403 1982 συνίεσαν
2468 1925 2561 2000 μὶν
2612 1931 2722 1982 τῶν
2784 1927 3102 2000 θαυμάτων,
3162 1923 3279 1981 δέον
3350 1922 3408 1981 δέ
3464 1926 3671 1998 ὑμνεῖν,
3741 1925 3818 1988 ὡς

397 2014 486 2069 eis
515 2031 646 2085 quas
680 2013 1050 2070 dicebantur.
1110 2014 1225 2068 Alii
1275 2013 1437 2069 enim
1478 2013 1758 2068 dicebant
1790 2029 1918 2068 esse
1951 2015 2040 2069 Dei

2164 2014 2217 2068 ἐν
2253 2011 2592 2086 Βεελζεὸοὺλ
2625 2012 2950 2092 γινομένων,
2976 2014 3243 2090 διέσυρον.

391 2104 728 2176 magniﬁca.
765 2103 961 2158 Multis
993 2103 1291 2174 siquidem
1323 2103 1506 2159 moris
1540 2109 1630 2158 est
1659 2102 1876 2174 quibus
1925 2119 2045 2159 non
2105 2106 2372 2162 arrident
2402 2125 2534 2180 quas
2589 2108 2894 2178 dicuntur,
2928 2113 2993 2164 ut
3043 2107 3342 2164 dicentem
3401 2107 3667 2163 insanire
3716 2112 3820 2162 aut

388 2192 658 2264 desipere
689 2193 1090 2260 arbitrentur;
1125 2192 1630 2263 quemadmodum
1663 2193 1842 2247 etiam
1876 2192 1948 2248 de
1971 2194 2200 2251 Christo
2225 2197 2643 2270 intelligebant
2669 2198 2912 2270 quidem
2937 2197 3246 2266 miracula,
3277 2196 3381 2253 sed
3408 2214 3543 2253 cum
3567 2196 3812 2252 laudare

384 2281 491 2337 illa
519 2288 838 2354 oporteret,
865 2282 977 2350 illi,
1013 2287 1296 2352 tanquam
1318 2283 1379 2337 in
1415 2281 1720 2337 Beelzebul
1750 2281 1905 2337 facta
1934 2289 2153 2352 essent,
2188 2286 2690 2342 conviciabantur.

464 2371 537 2435 II,
573 2371 660 2424 14.
698 2391 726 2420 α
752 2371 924 2426 Stans
954 2375 1154 2426 autem
1199 2375 1407 2426 Petrus
1437 2387 1573 2426 cum
1602 2370 1908 2436 undecim,
1940 2387 2048 2426 ex-

394 2480 415 2508 .
455 2458 595 2513 tulit
651 2475 858 2514 vocem
935 2475 1126 2528 suam,
1185 2464 1244 2514 et
1294 2459 1530 2514 locutus
1578 2464 1669 2514 est
1726 2459 1846 2514 illis
1882 2477 1894 2513 :
1930 2460 2048 2515 Viri

387 2569 416 2596 ‹‹
449 2547 658 2612 Judaei,
690 2553 750 2603 et
779 2549 878 2619 qui
923 2547 1208 2604 habitatis
1236 2548 1565 2604 Jerusalem
1624 2548 1906 2616 universi,
1939 2549 2049 2604 hoc

390 2658 419 2687 «
443 2637 607 2691 vobis
639 2642 847 2692 notum
872 2637 968 2705 sit,
994 2642 1051 2692 et
1068 2636 1311 2692 auribus
1329 2637 1617 2708 percipite
1639 2636 1814 2692 verba
1837 2654 1988 2694 mea.
2016 2662 2037 2691 ι

463 2731 529 2784 In
562 2729 975 2801 superioribus
999 2729 1241 2801 quidem
1276 2730 1745 2786 sollicitudinem
1765 2731 2045 2798 ostendit,

392 2832 529 2870 cum
562 2817 931 2872 multitudini
954 2818 1246 2890 permittit
1276 2817 1631 2874 electionem
1655 2818 1784 2890 ejus
1798 2820 2046 2890 quicum

391 2905 670 2962 undecim
702 2907 1157 2963 constituendus
1180 2911 1342 2963 erat:
1371 2907 1468 2963 hic
1494 2913 1694 2963 autem
1713 2907 1951 2963 dicendi
1974 2907 2047 2962 li-

389 2993 700 3059 bertatem.
735 2998 926 3068 Atque
954 2997 1013 3051 id
1046 2996 1184 3053 facit
1216 3013 1410 3068 neque
1467 2997 1787 3052 benevolos
1819 2997 2044 3053 habens

389 3083 715 3152 auditores,
749 3086 852 3141 sed
884 3085 1204 3141 irridentes
1248 3103 1315 3142 ac
1360 3085 1799 3142 subsannantes
1833 3091 1891 3142 et
1920 3085 2042 3142 cla-

390 3179 623 3229 mantes
643 3174 746 3231 :ad
760 3176 884 3230 hac
899 3175 1177 3248 cumipse
1193 3174 1379 3231 idiota
1409 3181 1567 3230 esset
1583 3192 1650 3232 ac
1678 3175 2040 3232 illitteratus.

386 3267 598 3319 Annon
631 3280 769 3336 ergo
790 3264 1012 3320 factum
1045 3265 1176 3338 ejus
1203 3281 1383 3337 supra
1407 3265 1714 3321 hominem
1740 3270 1849 3332 est,
1883 3265 2043 3336 quod

380 3352 655 3408 videlicet
709 3353 1015 3409 silentium
1077 3354 1308 3425 ruperit
1337 3371 1446 3408 seu
1476 3354 1642 3426 loqui
1676 3355 1988 3410 tentaverit
2016 3355 2044 3409 Ἰ

2233 2397 2261 2424 ‹‹
2301 2374 2526 2435 Σταθεὶς
2573 2370 2631 2429 δὲ
2687 2372 2893 2449 Πέτρος
2949 2372 3041 2428 σὺν
3097 2378 3214 2435 τοῖς
3253 2369 3430 2442 ἕδεκα,
3490 2371 3659 2447 ἐπῆρε
3713 2373 3817 2442 τὴν

2165 2484 2192 2514 ‹‹
2224 2465 2410 2542 φωνὴν
2463 2463 2654 2532 αὐτοῦ,
2714 2463 2804 2518 καὶ
2862 2462 3229 2544 ἀπεφθέγξατο
3296 2463 3507 2522 αὐτοῖς·
3587 2457 3816 2535 ’Ἄνδρες

2160 2575 2187 2602 ‹‹
2223 2548 2502 2621 Ἰουδαῖοι,
2529 2551 2618 2607 καὶ
2673 2553 2726 2607 οἱ
2781 2556 3159 2614 κατοικοῦντες
3218 2549 3588 2627 Ἰερουσαλὴμ
3641 2551 3814 2605 ἅπαν-

2162 2665 2186 2692 ‹‹
2219 2661 2328 2711 τες,
2362 2645 2524 2697 τοῦτο
2569 2642 2696 2715 ὑμῖν
2733 2642 2972 2718 γνωστὸν
3029 2637 3190 2713 ἔστω,
3241 2642 3329 2696 καὶ
3393 2640 3719 2704 ἐνωτίσασθε
3745 2640 3816 2694 τὰ

2161 2752 2189 2785 ε
2221 2730 2445 2806 ῥήματά
2478 2753 2603 2806 μου.
2637 2755 2664 2784 ››

2228 2822 2372 2878 Ἀνω
2421 2822 2515 2895 μὶν
2575 2823 2674 2892 υὴν
2731 2819 3063 2896 κηδεμονίαν
3110 2818 3463 2888 ἐνδείκνυται,
3517 2816 3569 2874 ἐν
3599 2818 3680 2881 οἶς
3733 2822 3817 2890 τῷ

2155 2912 2359 2984 πλήθει
2390 2910 2666 2988 ἐπιτρέπει
2725 2915 2825 2983 τήν
2880 2911 3118 2988 ἐκλογὴν
3170 2916 3269 2968 τοῦ
3330 2910 3633 2986 μέλλοντος
3694 2915 3814 2971 τοῖς

2154 3001 2340 3060 ἕνδεκα
2387 3006 2788 3074 συντάττεσθαι,
2879 3002 3104 3059 ἐνταῦθα
3187 2999 3244 3058 δέ
3322 3005 3421 3073 τήν
3478 2999 3809 3078 παρρησίαν.

2153 3095 2262 3152 Καί
2292 3116 2378 3152 τοι
2411 3093 2554 3170 μηδὲ
2601 3094 2952 3172 εὐγνώμονας
3005 3090 3151 3174 ἔχων
3180 3093 3306 3157 τοὺς
3337 3093 3631 3170 ἀκροατὰς,
3661 3088 3814 3146 ἀλλᾶ

2151 3185 2240 3240 καὶ
2273 3183 2551 3263 γελῶντας
2581 3184 2671 3240 καὶ
2733 3185 3167 3260 μυκτηρίζοντας
3227 3183 3316 3238 καὶ
3372 3187 3685 3257 φωνῶντας,
3715 3180 3808 3235 καὶ

2154 3273 2384 3347 ἰδιώτης
2414 3273 2487 3330 ὥν
2515 3273 2605 3330 καὶ
2646 3274 3033 3349 ἀγράμματος.
3066 3275 3194 3338 Ilii»:
3244 3273 3334 3328 οὗν
3385 3272 3515 3351 οὐχὶ
3551 3272 3680 3345 ὑπὲρ
3713 3269 3808 3325 ἄν-

2152 3377 2370 3440 θρωπον
2400 3365 2464 3420 τὸ
2517 3365 2940 3440 πραττόμενον;
2997 3365 3060 3418 τὸ
3120 3362 3278 3438 ῥῆξαι
3325 3363 3509 3442 φωνὴν
3560 3356 3805 3430 δηλαδή.

380 3442 479 3496 Ait
507 3449 728 3512 autem,
762 3466 789 3493 «
823 3445 968 3499 Cum
1001 3443 1302 3509 undecim,
1329 3464 1358 3492 »
1391 3444 1663 3499 indicans
1696 3444 1854 3515 quod
1885 3461 2040 3500 com-

2161 3479 2176 3507 ‹
2225 3456 2329 3509 Σὺν
2380 3459 2497 3517 τοῖς
2549 3450 2736 3508 ἕνδεκα
2767 3478 2795 3504 ››
2871 3451 2929 3508 δὲ
2979 3450 3153 3530 λέγει,
3241 3449 3428 3522 δηλῶν
3504 3449 3589 3504 ὅτι
3646 3452 3806 3523 κοινῇ

384 3531 551 3586 muni
584 3533 886 3589 voluntate
939 3550 1008 3588 ac
1047 3525 1198 3589 voce
1232 3533 1359 3604 ipse
1417 3550 1482 3589 os
1542 3534 1814 3589 omnium
1865 3540 2038 3590 erat:

380 3621 656 3676 astabant
677 3623 836 3678 enim
860 3623 1141 3678 undecim
1165 3628 1446 3694 tanquam
1475 3628 1656 3678 testes
1683 3639 1889 3678 eorum
1909 3640 2040 3695 qum

376 3712 738 3770 dicerentur.
771 3715 985 3769 Vocem
1021 3719 1222 3768 autem
1266 3711 1520 3768 extulit:
1585 3713 1698 3768 hoc
1757 3718 1869 3780 est,
1901 3731 2038 3769 cum

375 3803 563 3859 multa
611 3802 846 3859 dicendi
894 3802 1168 3858 libertate
1226 3803 1461 3858 locutus
1497 3809 1603 3869 est,
1639 3809 1706 3858 ut
1734 3804 1932 3859 statim
1964 3803 2036 3860 ab

374 3893 544 3949 initio
576 3898 938 3967 cognoscant
966 3891 1216 3962 gratiam
1251 3892 1522 3964 Spiritus.
1568 3894 1710 3948 Nam
1745 3894 1847 3964 qui
1899 3899 2035 3949 ante

379 3982 489 4037 hoc
520 3988 750 4054 tempus
767 3999 890 4037 non
914 3981 1050 4036 tulit
1072 3981 1204 4035 vilis
1234 3980 1450 4052 puellm
1482 3980 2033 4053 interrogationem,

374 4071 472 4127 hic
503 4073 564 4127 in
596 4071 793 4127 medio
854 4070 1059 4143 populi
1117 4069 1518 4125 clamantibus
1576 4070 1854 4126 omnibus
1887 4070 2034 4125 adeo

373 4161 775 4232 imperterrite
806 4160 1216 4227 concionatur,
1250 4164 1316 4213 ut
1363 4157 1768 4214 indubitatum
1817 4161 1893 4215 sit
1923 4162 2034 4217 hoc

372 4251 835 4307 resurrectionis
867 4249 1179 4304 indicium.

443 4341 696 4396 ΙΙ.15.‹‹
730 4341 857 4395 Νοῑι
916 4339 1100 4405 enim,
1161 4338 1316 4394 sicut
1380 4355 1482 4394 vos
1541 4339 1916 4408 existimatis,
1970 4341 2030 4396 hi

382 4429 531 4487 ebrii
555 4435 714 4486 sunt.
749 4451 776 4479 ››

449 4521 575 4575 Non
608 4519 757 4574 dixit
788 4537 801 4573 ε
836 4518 999 4574 Sicut
1029 4535 1129 4573 vos
1160 4517 1481 4573 irridentes
1513 4517 1732 4586 dicitis,
1763 4519 1886 4587 sed,
1913 4520 2030 4576 Sic-

380 4616 446 4666 ut
472 4628 572 4666 vos
603 4609 976 4676 existimatis,
1009 4608 1327 4681 benignius
1361 4614 1622 4664 tractans
1668 4625 2028 4679 sermonem,

2143 3543 2336 3617 γνώμῃ
2369 3542 2455 3597 κσὶ
2491 3545 2643 3621 φωνῇ
2674 3541 2888 3595 πάντων
2929 3538 3090 3602 αότὸς
3144 3542 3209 3609 ἦν
3258 3540 3457 3612 στόμα,
3521 3537 3792 3612 μάρτυρες

2146 3628 2203 3687 δὲ
2230 3633 2680 3706 παρειστήκεισαν
2715 3632 2766 3685 οἱ
2813 3626 2996 3686 ἕνδεκα
3049 3635 3165 3692 τοῖς
3215 3627 3561 3704 λεγομένοις.
3598 3628 3809 3702 Ἐπῆρε

2145 3717 2202 3776 δὲ
2258 3723 2358 3790 τήν
2429 3722 2634 3798 φωνὴν,
2692 3719 2940 3776 τουτέστι
3003 3720 3138 3793 μετὰ
3194 3716 3414 3782 πολλῆς
3473 3715 3807 3793 παρρησίας,

2144 3806 2228 3865 ἵνα
2258 3807 2456 3874 εὐθέως
2511 3807 2826 3884 ἀρχομένου
2877 3809 3091 3882 μάθωσι
3129 3809 3229 3879 τὴν
3281 3808 3446 3884 χάριν
3492 3810 3593 3862 τοῦ
3628 3804 3800 3862 ιῐνεύ-

2147 3920 2341 3973 ματος.
2399 3899 2463 3955 Ὁ
2520 3899 2620 3974 γὰρ
2682 3898 2789 3973 πρὸ
2839 3897 3037 3955 τούτου
3101 3898 3178 3970 μή
3238 3897 3466 3972 ἐνεγκὼν
3524 3893 3801 3969 ἐρώτησιν

2141 3990 2403 4065 κορασίου
2435 3986 2713 4057 εὐτελοῦς,
2765 3989 2925 4049 οὗτος
2952 3989 3178 4063 ἐνμέσῳ
3238 3983 3444 4062 δήμου,
3499 3985 3805 4066 φωνώντων

2140 4079 2410 4147 ἁπάντων,
2471 4075 2629 4140 οὗτος
2690 4077 3079 4139 ἀνυποστόλως
3136 4076 3472 4154 δημηγορεῖ,
3507 4076 3581 4137 ὡς
3633 4075 3806 4152 ἀμφι-

2140 4164 2414 4239 σὸήτητον
2446 4173 2545 4237 τῆς
2575 4165 2914 4229 ἀναστάσεως
2960 4167 3204 4245 γενέσθαι
3252 4170 3415 4222 τοῦτο
3472 4167 3800 4241 τεκμήριον.

2213 4370 2241 4400 ‹‹
2272 4346 2350 4405 Ού
2381 4349 2509 4424 γὰρ,
2541 4346 2615 4410 ὡς
2663 4347 2819 4420 ὑμεῖς
2882 4341 3320 4420 ὑπολαμϐάνετε,
3383 4343 3533 4401 οὗτοι
3568 4344 3798 4418 μεθύου-

2138 4463 2164 4490 (ι
2202 4459 2302 4495 σιν,
2329 4461 2357 4488 ›)

2207 4527 2323 4584 Ούκ
2353 4527 2646 4596 εἶπεν,Ὠς
2709 4528 2866 4600 ὑμεῖς
2925 4524 3249 4606 χλευάζετε,
3308 4523 3460 4595 ἀλλ’,
3514 4525 3602 4586 Ὠς
3656 4525 3801 4580 ὑπο-

2136 4612 2467 4692 λαμϐάνετε,
2499 4616 2898 4690 ἐπιεικέστερον
2959 4615 3480 4692 μεταχειριζόμενος
3556 4614 3647 4670 τὸν
3701 4611 3805 4667 λό-

376 4717 488 4757 nec
518 4706 719 4773 aperte
750 4698 957 4755 volens
987 4698 1304 4753 ostendere
1347 4697 1507 4769 ipsos
1566 4699 1677 4754 hoc
1740 4715 1775 4754 a
1803 4700 2030 4756 malitia

2159 4724 2250 4760 ὀν’
2294 4705 2385 4762 καὶ
2441 4706 2544 4762 οὐκ
2599 4702 2856 4782 ἄντικρυς
2906 4706 3011 4760 ἀπὸ
3069 4703 3395 4780 κακουργίας
3455 4700 3800 4779 βουλόμενον

375 4787 615 4857 dixisse,
645 4790 799 4844 viam
829 4788 950 4843 illis
981 4793 1344 4860 prmstruens
1375 4787 1450 4842 ad
1482 4788 1928 4845 conversionem
1963 4808 2028 4846 ac

2159 4793 2334 4856 ιύτοὺς
2376 4793 2544 4868 δεῖξαι
2605 4799 2769 4852 τοῦτο
2832 4794 3119 4872 λέγοντας,
3173 4790 3561 4867 προοδοποιῶν
3610 4791 3801 4854 αὐτοῖς

373 4879 870 4950 resipiscentiam.
905 4879 1049 4933 Nam
1082 4882 1191 4944 est,
1224 4877 1441 4947 inquit.
1475 4876 1622 4931 hora
1660 4877 1777 4932 diei
1827 4881 2023 4935 tertia.

371 4969 440 5022 Et
457 4967 598 5038 quid
632 4968 744 5023 hoc
768 4967 902 5022 est?
918 4969 1132 5021 Annon
1164 4966 1412 5033 contigit
1433 4965 1581 5021 hora
1602 4967 1778 5021 tertia
1793 4966 2024 5024 ebrium

374 5072 502 5111 esse
530 5055 558 5110 ?
588 5057 825 5126 Utique,
857 5071 1064 5110 verum
1107 5054 1164 5109 id
1194 5071 1312 5108 non
1356 5055 1536 5108 servit
1559 5056 1864 5126 proposito
1888 5073 1902 5110 :
1929 5075 2027 5112 ne-

375 5163 489 5217 que
522 5145 683 5200 enim
714 5146 803 5200 illi
835 5144 906 5200 de
935 5144 1079 5216 ipsis
1111 5144 1193 5199 ita
1223 5143 1666 5213 existimabant,
1692 5145 1795 5202 sed
1825 5148 2022 5202 convi-

372 5235 600 5291 ciantes
630 5239 807 5304 atque
836 5232 1154 5288 irridentes
1167 5233 1280 5288 hoc
1310 5231 1613 5289 dicebant.

441 5322 542 5378 'l8
564 5322 631 5388 ll,
653 5321 829 5376 15-21.
877 5323 1063 5376 «Nam
1113 5327 1203 5376 est
1219 5322 1366 5377 hora
1397 5321 1512 5377 dici
1541 5322 1750 5378 tertia:
1779 5323 1882 5379 sed
1912 5325 2024 5383 hoc

368 5434 396 5462 ‹‹
431 5417 522 5467 est
551 5410 710 5483 quod
741 5409 965 5465 dictum
987 5410 1221 5482 fuitper
1251 5411 1602 5483 prophetam
1630 5411 1757 5467 Joel
1786 5431 1798 5467 :
1823 5415 1894 5469 Et
1915 5415 2027 5471 erit

370 5524 398 5551 ‹‹
426 5501 487 5556 in
520 5499 859 5556 novissimis
917 5498 1147 5568 diebus,
1197 5499 1343 5555 dicit
1401 5501 1574 5568 Deus,
1616 5501 1917 5560 effundam
1950 5505 2022 5560 de

371 5614 399 5642 «
435 5590 659 5663 Spiritu
681 5605 814 5645 meo
845 5604 1024 5661 super
1053 5604 1294 5645 omnem
1326 5605 1592 5656 carnem,
1625 5597 1683 5645 et
1704 5594 2022 5665 propheta-

362 5702 398 5732 μ
429 5679 585 5734 bunt
612 5677 723 5734 ﬁlii
750 5677 928 5732 vestri
959 5682 1019 5732 et
1045 5677 1183 5733 illia;
1213 5684 1444 5734 vestrm.
1475 5679 1728 5735 Juvenes
1743 5683 1922 5738 vestri
1941 5686 2023 5742 vi-

2135 4886 2234 4954 τήν
2289 4883 2620 4960 ἐπιστροφὴν
2679 4887 2769 4941 καὶ
2818 4882 3204 4960 μεταμέλειαν.
3236 4885 3390 4940 Ἔστι
3422 4883 3548 4958 γὰρ,
3608 4879 3801 4961 φησὶν,

2137 4973 2251 5046 ὥρα
2279 4973 2437 5049 τρίτη
2469 4981 2570 5044 τῆς
2616 4976 2848 5050 ἡμέρας.
2909 4971 3009 5028 Καὶ
3056 4972 3109 5028 τί
3159 4976 3365 5042 τοῦτος
3419 4971 3533 5029 Οὐκ
3571 4965 3712 5026 ἔστιν
3747 4969 3802 5024 έν

2135 5061 2250 5138 ὥρᾳ
2279 5061 2436 5138 τρίτῃ
2475 5063 2687 5136 μεθύειν
2714 5083 2728 5133 ;
2752 5061 2906 5120 Ἀλλ’
2941 5062 3040 5118 ούκ
3065 5057 3192 5135 ἔστη
3246 5063 3381 5136 πρὸς
3436 5064 3620 5116 τοῦτο.
3654 5056 3800 5114 θύδὶ

2131 5153 2233 5227 γὰρ
2266 5151 2457 5208 ἐκεῖνοι
2499 5153 2676 5214 οὕτως
2707 5154 2864 5227 εἴχον
2891 5151 3016 5228 περὶ
3050 5153 3257 5222 αὐτῶν,
3291 5149 3438 5206 ἀλλὰ
3493 5147 3798 5226 χλευάζον-

2130 5263 2219 5306 τες
2243 5244 2334 5298 καὶ
2367 5241 2708 5319 διασύροντες
2737 5241 2945 5320 ἔλεγον.

2208 5356 2236 5384 ι(
2266 5333 2420 5389 Ἐστι
2453 5333 2556 5408 γὰρ
2601 5332 2716 5406 ὥρα
2772 5333 2927 5408 τρίτη
2989 5339 3089 5402 τῆς
3138 5331 3368 5406 ἡμέρας·
3429 5330 3577 5388 ἀλλὰ
3632 5332 3799 5387 τοῦτό

2133 5419 2305 5477 «ἐστι
2341 5422 2404 5477 τὸ
2456 5419 2742 5496 εἰρημένον
2801 5419 2889 5477 διὰ
2945 5426 3044 5479 τοῦ
3103 5423 3393 5500 προφήτου
3447 5418 3639 5491 ἰω-ὴλ·
3694 5421 3802 5477 Καὶ

2134 5536 2162 5564 ‹‹
2195 5509 2344 5568 ἔσται
2379 5511 2430 5567 έν
2487 5517 2608 5575 ταῖς
2663 5511 2923 5588 ἐσχάταις
2977 5509 3232 5588 ἡμέραις,
3294 5509 3448 5588 λέγει
3481 5511 3509 5565 ὁ
3550 5511 3707 5580 Θεὸς,
3738 5509 3803 5565 ἐκ

2140 5623 2164 5654 ε
2199 5606 2315 5678 χεῶ
2366 5601 2474 5657 ἀπὸ
2532 5605 2630 5658 τοῦ
2687 5601 3001 5676 Πνεύμστός
3063 5623 3171 5675 μου
3230 5600 3318 5657 ἰπὶ
3380 5605 3556 5657 πᾶσαν
3600 5601 3800 5675 σάρκα.

2133 5715 2162 5745 α
2196 5691 2290 5748 καὶ
2322 5693 2794 5770 προφητεύσουσιν
2825 5693 2878 5748 οῑ
2914 5691 3026 5748 υἱοὶ
3078 5692 3233 5767 ὑμῶν
3283 5691 3371 5748 καὶ
3422 5690 3480 5746 αἱ
3509 5688 3800 5766 θυγατέρες
