4160 6434
318 333 379 403 ³9
1300 353 1718 419 COMMENT.
1765 351 1850 412 IN
1895 346 2108 410 ACTA
2147 339 2768 404 APOSTOLOBUM.
3673 344 3749 404 το

337 505 363 540 ε
390 480 559 562 ὗμῶν.
591 487 664 544 Οἱ
692 487 970 544 νεανίσκοι
1031 488 1187 562 ὑμῶν
1241 487 1450 564 ὁράσεις
1509 483 1760 564 ὄψονται,
1805 483 1895 540 καὶ
1926 483 1978 538 οἱ

2101 501 2131 528 ‹‹
2164 479 2364 534 siones
2392 476 2696 542 videbunt,
2720 481 2778 532 et
2808 477 3074 533 seniores
3103 479 3282 534 vestri
3305 480 3540 537 somnia
3587 498 3747 538 som-

344 572 747 654 απρεσῦύτεροι
807 578 968 652 ὑμῶν
1025 577 1248 634 ἐνύπνια
1297 578 1836 649 ἐνυπνιασθήσονται.
1882 573 1984 631 Καί

341 694 365 720 «
394 691 452 746 γε
481 667 571 724 ἐπὶ
599 668 730 732 τοὺς
774 666 1011 732 δούλους
1065 690 1172 743 μου
1218 669 1306 724 καὶ
1365 668 1452 724 ἐπὶ
1500 670 1598 732 τὰς
1647 664 1847 726 δούλας
1881 685 1984 738 μου

344 782 369 810 α
399 757 448 812 ἰν
505 763 627 820 ταῖς
682 755 922 834 ἡμέραις
982 758 1216 822 ἐκείναις
1273 757 1453 838 ἐκχεῶ
1510 757 1616 814 ἀπὸ
1673 753 1988 829 Πνεύματός

345 869 367 900 ι
396 866 501 919 μου
532 846 624 902 καὶ
655 848 1123 924 προφητεύσουσι.
1183 846 1282 901 Καὶ
1336 843 1498 902 δώσω
1545 845 1740 922 τέρατα
1797 843 1850 900 ἐν
1906 848 1987 915 τῷ

341 962 366 990 α
397 941 608 1012 ουρανῷ
639 935 772 1007 ἅνω,
803 937 894 992 καὶ
927 941 1134 1011 σημεῖα
1187 933 1273 991 ἐπὶ
1305 939 1404 1009 τῆς
1462 943 1569 1013 γῆς
1615 934 1786 1004 κάτω,
1844 935 1986 1007 αἷμα

342 1027 477 1083 «καὶ
511 1031 618 1103 πῦρ
640 1026 733 1082 καὶ
777 1023 979 1100 ἀτμίδα
1035 1031 1263 1084 καπνοῦ.
1325 1027 1386 1086 Ὀ
1452 1026 1615 1098 ἣλιος
1675 1044 1984 1100 μεταστρα-

345 1144 371 1172 ιι
396 1122 623 1197 φήσεται
656 1115 732 1182 εἰς
765 1120 981 1186 σκότος,
1012 1119 1103 1174 καὶ
1161 1121 1196 1190 ἡ
1230 1119 1436 1191 σελήνη
1497 1119 1574 1181 εἷς
1630 1119 1794 1192 αἷμα,
1858 1118 1984 1193 πρὶν

338 1233 364 1260 π
395 1205 430 1278 ἦ
464 1202 644 1274 ἐλθεῖν
678 1209 776 1278 τὴν
803 1207 1013 1283 ἡμέραν
1047 1208 1250 1283 Κυρίου
1278 1209 1378 1278 τὴν
1415 1206 1659 1285 μεγάλην
1713 1207 1803 1262 καὶ
1864 1205 1985 1262 ἐπι-

336 1325 362 1350 α
391 1307 558 1379 φανῆ.
590 1299 693 1357 Καὶ
724 1293 894 1370 ἔσται,
924 1304 1028 1362 πᾶς
1061 1298 1120 1362 ὅς
1171 1299 1260 1355 ἐὰν
1291 1297 1684 1370 ἐπικαλίσηται
1716 1297 1778 1354 τὸ
1809 1296 1985 1372 ὄνομα

339 1411 364 1442 σ
393 1389 620 1465 Κυρίου,
653 1391 977 1460 σωθήσεται.
1011 1412 1042 1441 »

400 1484 573 1536 Τοῦτο
600 1475 1136 1556 προσεκτικωτίρους
1193 1481 1394 1545 αὐτοὺς
1449 1480 1584 1542 τὲως
1616 1475 1860 1550 ἐποίησε·
1921 1473 1984 1536 τὸ

331 1566 405 1638 δί,
463 1567 516 1624 ἐν
569 1569 724 1643 τρίτῃ
789 1568 910 1644 ὥρᾳ
963 1573 1135 1625 ταῦτα
1202 1571 1550 1646 γεγενῆσθαι,
1602 1569 1712 1650 οὐχ
1767 1568 1979 1635 ἁπλῶς.

330 1658 459 1714 Τότε
518 1659 624 1735 γὰρ
683 1659 744 1714 τὸ
803 1657 1060 1735 λαμπρὸν
1128 1663 1226 1714 τοῦ
1308 1659 1480 1735 πυρὸς
1540 1656 1834 1731 δείκνυται,
1895 1661 1984 1716 ὅτε

333 1747 455 1804 οὕτε
510 1749 650 1824 πρὸς
709 1747 842 1825 ἔργα
899 1745 1122 1825 ἔχουσιν
1183 1749 1234 1804 οἱ
1291 1749 1592 1825 ἂνθρωποι,
1670 1747 1794 1806 οὔτε
1844 1751 1980 1826 πρὸς

327 1836 570 1911 ἄριστον,
601 1837 692 1894 ὅτε
719 1837 949 1914 λαμπρὰ
980 1841 1014 1908 ἡ
1049 1837 1250 1914 ἡμέρα,
1311 1837 1402 1894 ὅτε
1451 1836 1648 1902 πάντες
1702 1839 1834 1894 εἰσὶν
1900 1839 1984 1896 ἐπ’
2013 1869 2060 1934 Β

324 1929 546 2004 ἀγορᾶς.
576 1929 715 1986 Εἶτα
743 1932 844 2000 τήν
874 1932 1214 2011 προφητείαν
1255 1933 1574 2010 παρήγαγεν
1629 1936 1726 1987 τοῦ
1782 1931 1976 2002 Ἰωήλ,

322 2015 568 2090 οὐδαμοῦ
600 2025 697 2075 τοῦ
730 2024 976 2094 Χριστοῦ
1011 2021 1388 2095 μνημονεύσας
1421 2020 1668 2091 ἐνταῦθα,
1727 2022 1818 2077 καὶ
1870 2029 1977 2078 τῶν

324 2106 569 2179 σημείων
631 2108 706 2162 ὧν
767 2109 905 2178 ἦσαν
958 2108 1248 2182 αὐτόπται,
1305 2110 1392 2165 καὶ
1454 2109 1537 2166 ὅτι
1593 2109 1761 2166 αὐτοῦ
1817 2115 1978 2167 τοῦτο

323 2193 639 2271 ἐπαγγελία.
676 2196 739 2254 Et
769 2197 871 2274 γὰρ
902 2203 1067 2255 τοῦτο
1125 2199 1264 2268 εἶπε,
1325 2201 1501 2257 πάντα
1558 2199 1840 2277 ἀνέτρεψεν
1893 2201 1977 2273 ἂν,

322 2285 413 2339 καὶ
445 2285 878 2357 καταλευσθῆναι
906 2286 1182 2360 ἐποίησεν
1215 2287 1362 2343 ἀλλὰ
1416 2290 1511 2344 τὸν
1571 2287 1785 2366 ΙῙατέρα
1843 2288 1977 2352 τὲως

326 2374 533 2451 εἰσάγει
565 2372 658 2431 διὰ
693 2382 792 2432 τοῦ
849 2381 1138 2458 προφήτου
1193 2383 1360 2434 ταῦτα
1407 2378 1594 2444 αὐτοῖς
1647 2378 1977 2456 ἐπαγγειλά-

331 2485 512 2537 μενον,
543 2466 760 2521 καὶτὸν
789 2467 984 2540 φθόνον
1045 2468 1500 2542 ὑποτεμνόμενον·
1550 2469 1611 2524 οὐ
1668 2475 1786 2532 τοῖς
1844 2470 1978 2526 ἀπο-

325 2554 543 2618 στόλοις
571 2556 764 2629 μόνον,
795 2557 952 2637 φησὶ,
987 2558 1133 2616 ἀλλὰ
1161 2561 1306 2635 πάσῃ
1341 2561 1522 2636 σαρκὶ,
1553 2559 1808 2627 δηλονότι
1839 2559 1978 2617 εἰλι-

324 2649 522 2718 κρινῶς
542 2647 904 2722 πιστευούσῃ,
966 2649 1056 2703 καὶ
1113 2650 1249 2724 μετὰ
1301 2646 1613 2712 διαθέσεως.
1647 2650 1725 2708 Οὐ
1781 2651 1883 2728 γὰρ
1950 2652 1978 2705 ὁ

327 2733 503 2812 λέγων
541 2757 660 2808 μοι,
687 2736 845 2816 ιρησὶ,
896 2739 1081 2812 Κύριε,
1135 2740 1322 2816 Κύριε,
1377 2737 1504 2796 ἀλλ’
1566 2741 1593 2795 ὁ
1655 2742 1789 2814 μετὰ
1853 2743 1977 2818 βίου

324 2826 545 2899 ἀρίστου
574 2829 744 2882 τοῦτο
775 2832 972 2886 ποιῶν.
1032 2828 1110 2886 Ού
1169 2830 1495 2906 προστίθησι
1553 2828 1611 2885 δὲ
1664 2836 1850 2900 τοῦτο,
1885 2831 1979 2886 ἀν-

323 2916 730 2995 επαχθέστερον
761 2917 852 2971 τὸν
887 2914 1054 2991 λόγον
1084 2925 1185 2988 τῆς
1241 2917 1569 2995 ἐπαγγελίας
1625 2920 1716 2974 καὶ
1773 2925 1979 2984 κοῦφον

319 3011 520 3073 ποιῶν,
557 3003 645 3060 ὅτι
681 3007 820 3078 μόνη
853 3007 888 3075 ἠ
945 3005 1238 3078 ἐπίκλησις
1293 3008 1448 3084 ἀρκεῖ
1491 3011 1627 3083 πρὸς
1683 3009 1977 3085 σωτηρίαν.

317 3096 390 3152 Τὸ
423 3092 504 3163 δὶ,
538 3119 567 3147 ‹‹
593 3096 653 3150 '0
684 3094 848 3166 ἣλιος
895 3101 1399 3178 μεταστραφήσεται
1433 3098 1509 3164 εἷς
1559 3099 1772 3171 σκότος,
1804 3124 1832 3153 η
1885 3102 1974 3156 καὶ

318 3185 376 3239 τὸ
410 3185 517 3259 πρὸ
550 3185 773 3256 τούτου,
811 3213 838 3240 ι(
869 3190 1022 3260 Αἷμα
1049 3186 1138 3243 καὶ
1172 3193 1280 3264 πῦρ
1311 3187 1399 3244 καὶ
1453 3185 1656 3262 ἀτμίδα
1687 3195 1912 3260 καπνοῦ,
1950 3214 1977 3242 ››
2017 3227 2061 3294 C

386 3279 410 3289 Ψ
630 3275 644 3294 \
722 3282 744 3292 ul
913 3275 971 3294 ΚΧ
1035 3276 1049 3294 Ι
1328 3277 1343 3294 \
1482 3279 1492 3294 Ι
1711 3280 1767 3294 Α.
1872 3279 1884 3294 Ι

315 3279 486 3328 ταῦτα
517 3275 780 3344 περὶτῆς
842 3275 1158 3350 μελλούσης
1213 3277 1346 3358 φησὶ
1403 3279 1656 3354 κρίσεως,
1707 3279 1977 3336 Οἰκειότε-

319 3383 410 3436 ρον
441 3360 498 3418 δὲ
526 3363 622 3418 καὶ
654 3367 780 3438 περὶ
812 3371 920 3421 τῶν
976 3365 1380 3442 Ἱεροσολύμων
1408 3368 1499 3423 καὶ
1554 3375 1656 3439 τῆς
1712 3370 1836 3424 τότε
1892 3372 1974 3425 ai.-

315 3450 678 3531 χμαλωσίας,
739 3451 976 3530 εἴρηται,
1031 3456 1138 3512 ἀπὸ
1195 3463 1297 3526 τῆς
1359 3454 1650 3520 διαθέσεως
1710 3463 1819 3514 τῶν
1874 3480 1976 3515 πα-

315 3541 587 3615 σχόντων.
622 3542 849 3606 Ἀλλως
877 3565 936 3600 τε
979 3546 1070 3601 καὶ
1125 3547 1261 3600 κατὰ
1318 3546 1411 3602 τὸν
1472 3547 1762 3619 Ἰώσηπον,
1791 3547 1979 3604 πολλᾶ

315 3635 547 3686 τοιαῦτα
578 3631 1008 3707 ἐπροοιμιασατο
1065 3636 1166 3705 τήν
1201 3640 1310 3690 τῶν
1356 3635 1760 3710 Ἱεροσολύμων
1809 3658 1976 3693 καταο

325 3722 588 3796 στροςρήν.
615 3723 686 3777 Τὸ
737 3720 795 3777 δὲ
825 3725 924 3792 τήν
957 3721 1196 3796 σελήνην
1251 3733 1694 3806 μεταστραφῆναι
1727 3727 1804 3788 εἰς
1835 3729 1977 3801 αἷμα

331 3826 578 3883 panem,
608 3817 702 3878 τῆς
733 3818 948 3888 σφαγῆς
1006 3809 1177 3883 δηλοῖ
1204 3814 1304 3881 τὴν
1338 3809 1670 3890 ὑπερϐολὴν,
1703 3817 1776 3877 ὡς
1809 3836 1980 3890 προσ-

327 3893 607 3970 γειοτέρας
633 3919 692 3954 τε
722 3896 912 3968 οὔσης,
943 3899 1034 3955 καὶ
1067 3897 1372 3974 δυναμένης
1401 3901 1510 3957 ἀπὸ
1558 3909 1659 3972 τῆς
1711 3907 1810 3957 τοῦ
1891 3904 1976 3957 αἳ-

316 4007 493 4060 ματος
543 3988 954 4062 ἀναθυμιάσεως
1013 3995 1178 4046 τοῦτο
1235 3993 1488 4068 πάσχειν.
1548 3993 1622 4048 Τὸ
1714 3994 1809 4064 μὲν
1866 4013 1975 4062 τοι,

317 4104 346 4131 «
386 4078 522 4153 Πρὶν
556 4077 734 4134 ἐλθεῖν
763 4081 863 4149 τὴν
913 4081 1126 4156 ἡμέραν
1157 4081 1360 4157 Κυρίου
1414 4083 1515 4150 τήν
1579 4079 1827 4158 μεγαλην
1885 4084 1976 4139 καὶ

311 4167 637 4248 ἑπιρανῆη
676 4164 973 4244 φοϐοῦντός
1031 4169 1145 4226 ἐστι
1202 4172 1291 4226 καί
1344 4170 1722 4234 κατασείοντος
1780 4171 1976 4235 αὐτοὺς

310 4264 439 4320 τοῖς
475 4256 865 4332 ἐλπιζομένοις
922 4258 1138 4322 δεινοῖς.
1200 4263 1289 4331 Μή
1348 4261 1473 4338 γὰρ,
1527 4258 1738 4329 ἐπειδὴ,
1793 4263 1976 4342 φησὶν,

303 4349 642 4423 ἁτιμωρητῖ
699 4353 788 4403 νῦν
840 4351 1196 4426 άμαρτανετε,
1269 4347 1536 4426 θαῤῥεῖτε,
1617 4349 1784 4416 ἀλλὰ,
1841 4373 1975 4427 προ-

301 4435 527 4492 εισόδια
556 4443 731 4493 ταῦτα
769 4437 879 4494 ἴστε
912 4439 1157 4514 μεγαλης
1197 4439 1408 4513 ἡμέρας
1462 4439 1554 4494 καὶ
1585 4437 1842 4518 χαλεπῆς
1899 4442 1976 4503 εἰς

293 4525 705 4584 ἀνταπόδοσιν.
750 4528 926 4586 Ἀλλά
979 4535 1100 4591 ταῖς
1156 4526 1412 4593 ἀπειλαῖς
1467 4527 1656 4604 ἐπάγει
1707 4530 1830 4583 τινα
1885 4529 1976 4586 καὶ

291 4618 663 4695 χρησότητα,
723 4618 978 4692 προσθεὶς
1023 4620 1110 4686 τὸ,
1170 4642 1197 4670 ‹‹
1255 4619 1358 4675 Καὶ
1415 4625 1519 4680 πᾶς
1578 4617 1640 4679 ὃς

287 4704 621 4776 καλὲσηται
700 4708 764 4762 τὸ
821 4707 993 4782 ὄνομα
1079 4707 1309 4783 Κυρίου,
1395 4709 1724 4778 σωθήσεται.
1788 4733 1816 4760 ››
1875 4711 1979 4766 Καὶ

291 4799 479 4850 τοῦτο
514 4796 613 4869 μὶν
648 4796 865 4860 Παῦλος
919 4796 946 4851 ὀ
1004 4796 1318 4860 ἀπόστολος
1369 4797 1496 4872 περὶ
1528 4797 1765 4867 Χριστοῦ
1825 4799 1979 4874 εἰρῆ·

293 4882 433 4945 σῡαί
468 4903 630 4962 ςρησι,
663 4887 758 4937 νῦν
817 4883 1024 4956 μέντοι,
1081 4883 1279 4940 τούτου
1333 4883 1524 4958 καιρόν
1584 4883 1685 4940 οὐκ
1726 4883 1977 4960 ἔχοντος,

293 4971 632 5045 οἰκονομῶν
661 4973 756 5027 τὸν
780 4973 945 5050 λόγον
977 4980 1217 5047 παρῆκεν
1251 4972 1401 5031 αὐτό.

377 5088 410 5114 κ
449 5061 682 5138 ’Ἄνδρες
717 5062 1076 5140 Ἰσραηλῖται,
1122 5065 1386 5120 ἀκούσατε
1430 5064 1560 5127 τοὺς
1593 5062 1798 5142 λόγους
1852 5067 1979 5122 τού-

292 5179 325 5204 a
361 5174 530 5216 τους.
563 5157 781 5226 Ἰησοῦν
811 5154 905 5208 τὸν
933 5158 1282 5228 Ναζωραῖον,
1332 5150 1498 5228 ἄνδρα
1526 5153 1634 5209 ἀπὸ
1693 5159 1795 5209 τοῦ
1842 5160 1978 5212 Θεοῦ

283 5267 316 5290 η
345 5239 830 5321 ἀποδεδειγμένον
873 5243 952 5306 εἷς
984 5243 1126 5316 ὑμᾶς
1185 5240 1441 5317 δυνάμεσι
1501 5244 1590 5298 καὶ
1643 5244 1828 5320 τέρασι
1886 5245 1976 5300 καὶ

282 5359 316 5382 cr
351 5338 645 5410 σημείοις,
680 5340 772 5403 οἷς
813 5335 1041 5408 ἐποίησε
1096 5333 1168 5391 δι’
1224 5335 1390 5391 αὐτοῦ
1448 5337 1476 5391 ὁ
1535 5337 1664 5398 Θεὸς
1719 5335 1770 5392 ἐν
1827 5331 1977 5411 μέσῳ

277 5447 313 5480 σ
346 5428 533 5503 ὑμῶν,
585 5431 776 5492 καθὼς
825 5427 918 5483 καὶ
987 5426 1146 5482 αὐτοὶ
1211 5424 1415 5496 οἴδατε,
1475 5431 1639 5484 τοῦτο
1695 5431 1764 5502 τῇ
1841 5427 1978 5502 ὡρι-

272 5538 303 5568 ι
334 5520 519 5598 σμένῃ
551 5518 744 5599 βουλῇ
777 5517 874 5574 καὶ
901 5514 1207 5592 προγνώσει
1237 5519 1337 5571 τοῦ
1396 5519 1535 5572 Θεοῦ
1591 5510 1815 5572 ἔκδοτον
1871 5513 1974 5571 λα-

343 5708 396 5744 ⁸⁷
436 5709 661 5767 Matth.
701 5723 800 5776 vn,
833 5698 990 5759 2t.”
1021 5699 1191 5753 Rom.
1221 5713 1317 5766 xx,
1342 5698 1430 5754 13.

2089 590 2117 618 ‹‹
2149 568 2421 624 niabunt.
2455 568 2645 622 Etiam
2676 583 2855 639 super
2885 584 3084 623 servos
3114 585 3280 624 meos
3331 575 3390 625 et
3420 587 3600 642 super
3629 589 3740 629 an-

2095 680 2122 707 ‹‹
2155 657 2324 713 cillas
2355 673 2518 712 meas
2545 658 2605 711 in
2638 657 2849 711 diebus
2897 657 3018 712 illis
3059 659 3363 714 effundam
3416 659 3490 714 de
3523 661 3744 733 Spiritu

2095 770 2122 798 ‹‹
2158 765 2291 803 meo
2322 753 2382 802 et
2410 746 2871 819 prophetabunt.
2906 749 2975 801 Et
3003 747 3153 802 dabo
3184 748 3454 820 prodigia
3485 751 3546 805 in
3595 752 3742 828 ccalo

2095 862 2122 889 «
2159 855 2440 912 superne,
2465 845 2525 894 et
2546 839 2715 910 signa
2738 838 2798 893 in
2839 843 2999 893 terra
3030 839 3653 912 inferne,sanguinem
3689 848 3747 898 et

2096 951 2124 981 ‹‹
2157 930 2355 1003 ignem
2401 934 2460 985 et
2513 945 2789 1000 vaporem
2828 929 2997 984 fumi.
3032 928 3130 983 Sol
3161 937 3537 986 convertetur
3568 933 3628 986 in
3661 939 3747 988 te-

2095 1045 2123 1072 α
2147 1021 2366 1077 nebras
2396 1025 2455 1076 et
2483 1020 2630 1077 luna
2660 1019 2720 1074 in
2769 1019 3144 1092 sanguinem,
3177 1020 3528 1091 priusquam
3550 1023 3749 1078 veniat

2095 1133 2122 1162 «
2157 1111 2284 1167 dies
2318 1110 2555 1166 Domini
2588 1126 2837 1182 magnus
2869 1115 2926 1164 et
2949 1109 3319 1166 manifestus.
3352 1111 3419 1164 Et
3446 1113 3748 1184 continget

2099 1225 2118 1252 ι
2151 1201 2308 1273 quod
2340 1202 2534 1256 omnis
2576 1201 2920 1271 quicunque
2968 1199 3328 1255 invocaverit
3383 1217 3603 1256 nomen
3634 1203 3744 1256 Do-

2095 1313 2124 1343 «
2153 1292 2324 1361 mini,
2359 1291 2558 1348 salvus
2589 1291 2722 1346 erit.
2747 1309 2773 1341 ι

2164 1464 2284 1529 Hoc
2313 1463 2664 1529 attentiores
2694 1462 2933 1528 interim
2960 1473 3096 1529 illos
3124 1475 3405 1532 reddidit.
3439 1463 3593 1534 Hora
3612 1493 3748 1534 vero

2095 1565 2270 1621 tertia
2308 1565 2435 1621 haec
2457 1581 2588 1620 esse
2617 1564 2775 1620 facta
2800 1582 2921 1620 non
2942 1566 3262 1639 vulgariter
3291 1567 3749 1642 intelligendum

2093 1655 2314 1725 est,sed
2334 1655 2491 1727 quod
2524 1661 2666 1710 tunc
2681 1655 2834 1727 ignis
2848 1655 3744 1730 splendorostenditur,quando

2094 1762 2161 1801 eo
2183 1762 2378 1818 neque
2406 1745 2481 1801 ad
2511 1762 2692 1817 opera
2707 1751 2957 1801 utuntur
2986 1747 3281 1816 homines,
3315 1766 3510 1820 neque
3541 1751 3614 1807 ad
3641 1768 3748 1824 pa-

2093 1835 2347 1891 randum
2379 1835 2722 1907 prandium,
2755 1835 2994 1907 quando
3026 1837 3222 1892 clarus
3265 1844 3355 1893 est
3384 1838 3531 1906 dies,
3557 1857 3750 1911 quan-

2090 1925 2166 1980 do
2190 1941 2399 1980 omnes
2430 1925 2490 1980 in
2521 1925 2650 1980 foro
2684 1932 2840 1980 sunt.
2907 1927 3135 1982 Deinde
3189 1927 3315 1983 Joel
3373 1931 3748 2002 prophetiam

2093 2013 2438 2087 subjungit:
2472 2014 2642 2070 nulla
2670 2015 2888 2071 Christi
2937 2015 3094 2072 facta
3150 2018 3478 2086 mentione,
3513 2026 3617 2076 aut
3670 2021 3748 2075 si-

2091 2120 2345 2177 gnorum
2364 2121 2620 2176 quorum
2652 2105 2764 2176 ipsi
2795 2105 3034 2160 fuerant
3063 2112 3444 2179 spectatores,
3467 2115 3570 2164 aut
3591 2111 3748 2181 quud

2091 2193 2218 2248 haec
2241 2195 2373 2265 ejus
2403 2195 2599 2248 fuerat
2628 2195 2968 2265 promissio.
3004 2197 3148 2250 Nam
3209 2198 3257 2251 si
3313 2198 3426 2252 hoc
3479 2197 3744 2266 dixisset,

2093 2283 2296 2337 omnia
2326 2282 2732 2349 subvertisset,
2763 2299 2831 2338 ac
2862 2283 3167 2355 despectui
3201 2286 3574 2358 exposuisset
3606 2305 3618 2342 :
3644 2290 3748 2345 sed

2092 2373 2327 2428 Patrem
2356 2373 2596 2428 interim
2621 2372 2854 2429 inducit
2872 2374 2973 2444 qui
2997 2389 3102 2446 per
3122 2375 3472 2447 prophetam
3495 2377 3606 2433 hoc
3627 2379 3748 2435 illis

2092 2462 2470 2533 promiserat,
2506 2467 2565 2516 et
2593 2461 2880 2518 invidiam
2912 2463 3124 2519 aufert.
3168 2466 3281 2520 Nec
3334 2466 3498 2535 solis,
3531 2468 3746 2539 inquit,

2091 2550 2400 2621 apostolis,
2432 2550 2536 2605 sed
2568 2551 2732 2606 omni
2764 2552 2951 2618 carni,
2998 2553 3229 2610 sincere
3258 2554 3534 2612 videlicet
3589 2562 3647 2612 et
3678 2575 3748 2614 ex

2091 2641 2310 2696 affectu
2332 2641 2617 2696 credenti.
2654 2663 2682 2691 ‹‹
2713 2643 2839 2697 Non
2871 2642 3030 2698 enim
3063 2644 3164 2714 qui
3197 2643 3340 2699 dicit
3369 2646 3747 2715 mihi,Domi-

2093 2748 2188 2801 ne,
2222 2733 2472 2788 Domine
2504 2731 2569 2798 2⁷,
2607 2754 2634 2782 ››
2696 2733 2913 2805 inquit.
2947 2734 3050 2789 sed
3105 2736 3203 2806 qui
3236 2737 3460 2808 optima
3489 2739 3606 2794 vita
3633 2740 3746 2795 hoc

2089 2822 2232 2878 facit
2255 2839 2406 2888 ;non
2438 2828 2638 2878 tamen
2671 2823 2782 2878 hoc
2812 2824 3082 2892 addit;id
3113 2827 3382 2882 efficiens
3405 2831 3747 2901 utpromis-

2091 2911 2278 2967 sionis
2311 2929 2506 2968 sermo
2537 2913 2738 2968 minus
2768 2914 2963 2986 gravis
2994 2915 3072 2969 sit
3101 2932 3168 2970 ac
3191 2916 3395 2986 levior,
3420 2920 3589 2990 quasi
3622 2921 3748 2978 sola

2089 3003 2318 3057 vocatio
2351 3003 2612 3058 sufficiat
2640 3003 2714 3058 ad
2747 3003 3023 3060 salutem.
3052 3004 3206 3060 lllud
3237 3022 3370 3062 vero
3393 3024 3405 3061 :
3427 3031 3454 3058 «
3474 3008 3570 3064 Sol
3593 3027 3742 3065 con-

2089 3096 2351 3146 vertetur
2372 3092 2432 3145 in
2457 3091 2754 3158 tenebras,
2787 3114 2814 3142 ››
2847 3097 2906 3148 et
2924 3093 3101 3164 paulo
3128 3100 3288 3162 ante,
3327 3115 3350 3146 σι
3387 3095 3743 3166 Sanguinem

2091 3186 2150 3236 et
2180 3181 2378 3254 ignem
2411 3187 2468 3236 et
2497 3198 2773 3253 vaporem
2804 3181 2975 3248 fumi,
3013 3205 3040 3232 »
3067 3183 3195 3239 hinc
3227 3184 3299 3239 de
3325 3184 3523 3241 futuro
3547 3188 3744 3259 aitju-

2090 3270 2557 3343 dicio.Proprius
2589 3277 2787 3326 autem
2820 3271 2892 3327 de
2925 3272 3353 3346 Hierosolymis
3385 3274 3608 3330 dictum
3634 3281 3743 3345 est,

2090 3360 2250 3416 etde
2287 3361 2622 3432 captivitate
2652 3379 2783 3433 qum
2842 3367 2984 3417 tunc
3043 3363 3197 3419 facta
3243 3370 3350 3429 est,
3411 3368 3746 3437 prmsertim

2087 3467 2224 3506 cum
2256 3451 2436 3506 etiam
2461 3451 2634 3522 juxta
2661 3453 2981 3524 Josephum
3006 3453 3196 3508 multa
3225 3454 3570 3524 huiusmodi
3594 3474 3746 3528 prae-

2086 3539 2252 3594 ludia
2288 3539 2445 3596 facta
2475 3540 2596 3595 sint
2625 3546 2763 3595 ante
2823 3540 3371 3614 Hierosolymorum
3410 3545 3742 3600 subversio-

2086 3646 2246 3686 nem.
2273 3630 2478 3685 Dicere
2509 3636 2708 3685 autem
2741 3630 2945 3686 lunam
2977 3631 3038 3686 in
3071 3633 3419 3700 sanguinem
3451 3650 3579 3690 esse
3602 3653 3748 3690 con-

2085 3719 2453 3786 vertendum,
2487 3719 2666 3774 caedis
2681 3720 2952 3793 designat
2981 3721 3746 3796 multitudinem,tanquam

2086 3807 2231 3863 luna
2259 3824 2395 3862 cum
2447 3808 2524 3863 sit
2554 3807 2823 3875 vicinior,
2855 3810 3040 3880 possit
3073 3811 3185 3866 hoc
3211 3827 3246 3866 a
3272 3813 3581 3884 sanguinis
3613 3831 3745 3869 eva-

2085 3895 2397 3970 poratione
2440 3897 2689 3968 perpeti.
2713 3896 2866 3951 Illud
2899 3913 3063 3964 sane,
3098 3923 3123 3947 «
3150 3901 3506 3972 Priusquam
3547 3903 3746 3958 veniat

2087 3986 2213 4041 dies
2244 3985 2480 4040 Domini
2505 4002 2755 4057 magnus
2779 3993 2838 4041 et
2869 3986 3244 4056 manifestus,
3279 4011 3306 4038 ››
3341 3990 3621 4044 terrentis
3654 3997 3745 4047 est

2088 4081 2146 4130 et
2174 4075 2572 4130 concutientis
2621 4081 2864 4148 propter
2921 4083 3263 4148 exspectata
3310 4079 3597 4151 pericula.
3662 4082 3742 4135 Ne

2087 4165 2269 4231 enim,
2296 4165 2588 4237 inquit,eo
2619 4165 2777 4235 quod
2810 4177 2967 4222 nunc
2998 4166 3243 4237 impune
3273 4169 3554 4241 peccatis,
3588 4168 3744 4224 bono

2088 4260 2275 4311 estote
2299 4255 2535 4319 animo;
2565 4254 2669 4310 sed
2703 4255 2992 4326 praeludia
3016 4257 3116 4311 19
3150 4257 3277 4312 hanc
3331 4274 3461 4313 esse
3495 4275 3746 4327 cognos-

2086 4345 2199 4401 cite
2233 4345 2428 4417 magni
2461 4343 2624 4399 illius
2655 4344 2773 4399 diei
2823 4360 2891 4399 ac
2922 4345 3241 4417 periculosi
3297 4364 3413 4418 quo
3463 4355 3748 4420 sequetur

2085 4450 2334 4508 Operum
2363 4433 2695 4489 retributio.
2733 4437 3011 4490 Attamen
3039 4452 3172 4490 cum
3210 4437 3392 4492 minis
3423 4437 3745 4508 quamdam

2086 4525 2265 4580 etiam
2298 4524 2604 4596 subjungit
2633 4523 3080 4597 benignitatem,
3105 4525 3364 4581 addens:
3401 4546 3423 4574 ε
3450 4529 3520 4582 Et
3547 4527 3746 4583 omnis

1700 4617 1792 4674 ἐὰν
1852 4618 1976 4674 ἐπι-

2093 4615 2427 4688 quicunque
2456 4614 2748 4669 invocarit
2769 4631 2986 4670 nomen
3021 4617 3478 4680 Domini,salvus
3509 4618 3623 4674 erit
3643 4617 3745 4672 ³³.»

2089 4707 2155 4760 Et
2178 4707 2289 4760 hoc
2321 4704 2561 4776 quidem
2594 4704 2812 4759 Paulus
2839 4707 3146 4776 apostolus
3178 4707 3250 4762 de
3272 4708 3504 4763 Christo
3519 4707 3742 4764 dictum

2090 4812 2219 4852 esse
2251 4794 2335 4849 ait
2367 4810 2566 4848 :nunc
2595 4809 2732 4848 vero
2759 4811 2892 4849 cum
2927 4795 3105 4866 hujus
3163 4813 3282 4850 non
3315 4796 3530 4852 habeat
3576 4813 3745 4854 occa-

2091 4886 2342 4951 sionem,
2362 4882 2620 4954 quadam
2653 4883 2950 4939 sermonis
2973 4885 3423 4956 dispensatione
3451 4887 3564 4943 hoc
3594 4905 3747 4959 prm-

2090 4975 2365 5033 termisit.

2159 5067 2236 5132 Il,
2268 5067 2336 5119 22
2364 5065 2454 5119 28.
2489 5087 2517 5114 «
2543 5064 2662 5118 Viri
2694 5063 2999 5132 Israelita,
3017 5066 3217 5123 audite
3253 5067 3426 5123 verba
3455 5068 3618 5125 haec:
3650 5070 3741 5126 Je-

2089 5179 2117 5207 ‹‹
2138 5172 2270 5211 sum
2303 5156 2669 5210 Nazarenum
2700 5154 2888 5208 virum
2922 5171 2957 5209 a
2985 5155 3103 5210 Deo
3127 5155 3504 5227 designatum
3537 5158 3612 5214 ad
3644 5175 3746 5214 vos

2090 5268 2116 5295 ιι
2145 5243 2482 5309 virtutibus,
2518 5241 2802 5315 prodigiis
2851 5249 2908 5298 et
2967 5243 3151 5317 signis
3202 5264 3335 5318 qua
3389 5265 3499 5320 per
3544 5249 3744 5320 ipsum

2092 5357 2119 5387 κ
2153 5335 2294 5391 fecit
2323 5333 2560 5389 Deusin
2592 5332 2788 5388 medio
2821 5333 3019 5402 vestri,
3071 5335 3225 5391 sicut
3275 5343 3334 5393 et
3383 5338 3496 5410 ipsi
3557 5338 3743 5406 scitis,

2089 5447 2117 5476 ι(
2150 5425 2312 5481 hunc
2342 5422 2588 5480 definito
2621 5422 2872 5478 consilio
2904 5429 2962 5478 et
3014 5427 3391 5496 prae-scientia
3427 5428 3528 5483 Dei
3559 5426 3745 5483 tradi-

2089 5538 2117 5566 ‹‹
2151 5521 2279 5572 tum
2323 5530 2461 5571 cum
2513 5513 2918 5587 accepissetis,
2961 5531 3070 5589 per
3123 5532 3339 5574 manus
3397 5519 3742 5594 iniquorum
