4160 6422
403 405 474 464 71
1530 399 1946 462 OECUMENII
1990 398 2294 459 'l‘lthC/E
2346 395 2694 459 EPISCOPI
3750 395 3826 460 72

407 567 435 595 ‹‹
469 543 818 600 cruciﬁxum
849 541 1240 597 interemistis
1274 557 1289 598 :
1345 556 1524 610 quem
1557 539 1712 593 Deus
1755 538 2057 593 suscitavit

2176 557 2200 587 ιι
2232 529 2442 604 εόντες,
2477 533 2565 590 διὰ
2596 540 2799 614 χειρῶν
2832 535 3054 608 ἀνόμων
3097 536 3505 610 προσπήξαντες
3559 537 3821 595 ἀνείλετε.

413 658 432 683 ι
463 634 675 688 solutis
715 631 1023 686 doloribus
1079 631 1309 698 mortis,
1367 635 1661 700 quatenus
1693 627 2060 699 impossibile

407 747 434 774 «
469 729 596 778 erat
625 721 794 776 illum
839 720 1025 775 teneri
1061 719 1132 775 ab
1179 735 1269 775 ea.
1330 718 1510 774 David
1570 717 1729 773 enim
1787 716 1933 771 dicit
1989 716 2060 771 de

406 836 432 862 ‹‹
471 829 537 867 eo
575 828 586 864 :
622 810 1009 866 Providebam
1063 810 1386 864 Dominum
1447 809 1508 863 in
1565 813 1887 878 conspectu
1928 822 2060 860 meo

407 924 434 951 ‹‹
470 917 724 972 semper,
761 899 1046 970 quoniam
1077 915 1111 954 a
1138 897 1361 953 dextris
1393 903 1483 953 est
1517 897 1663 952 mihi
1697 912 1770 950 ne
1802 911 2059 951 commo-

407 1015 433 1042 «
469 1007 622 1045 vear.
661 992 907 1060 Propter
936 988 1046 1043 hoc
1105 988 1369 1043 laetatum
1431 993 1520 1041 est
1578 1003 1680 1041 cor
1735 1001 1935 1040 meum
2005 988 2064 1039 et

410 1102 438 1129 ‹‹
471 1079 786 1135 exsultavit
817 1079 1019 1150 lingua
1048 1095 1201 1144 mea,
1235 1077 1481 1147 insuper
1527 1082 1588 1131 et
1617 1091 1752 1130 caro
1812 1090 1946 1129 mea
1975 1090 2061 1128 re-

406 1192 433 1219 ‹‹
471 1169 740 1240 quiescet
769 1167 828 1221 in
863 1183 984 1238 spe.
1020 1167 1309 1232 Quoniam
1366 1182 1486 1220 non
1521 1165 1904 1235 derelinques
1929 1164 2061 1219 ani-

409 1281 435 1306 ‹‹
463 1275 620 1313 mam
648 1273 840 1312 meam
865 1257 924 1310 in
957 1257 1211 1322 inferno,
1236 1271 1344 1310 nec
1376 1255 1538 1309 sines
1559 1260 1622 1308 ut
1653 1259 1893 1308 sanctus
1923 1261 2061 1308 tuus

409 1371 434 1396 ‹‹
470 1347 664 1402 videat
694 1347 1344 1417 corruptionem.i\’otas
1367 1344 1513 1399 milii
1536 1343 1726 1398 fecisti
1753 1344 1873 1398 vias
1895 1343 2057 1411 vitaz;

408 1460 432 1486 ‹‹
471 1436 730 1508 replebis
761 1451 857 1490 me
879 1434 1258 1506 jucunditate
1284 1451 1418 1489 cum
1451 1433 1600 1489 facie
1633 1439 1732 1488 tua
1758 1431 1824 1487 ’9.
1849 1454 1878 1484 »

481 1617 773 1683 Quoniam
806 1616 865 1670 in
889 1614 1299 1686 superioribus
1324 1615 1704 1669 vehementer
1734 1631 1835 1670 eos
1866 1631 2062 1685 repre-

413 1707 643 1773 hendit,
675 1723 834 1760 nunc
865 1704 1024 1776 ipsos
1053 1703 1364 1767 exhilarat,
1392 1720 1510 1758 non
1541 1703 1924 1767 assentando,
1957 1702 2060 1758 sed

411 1794 824 1850 refocillando.
884 1794 1022 1848 Ideo
1054 1810 1291 1864 quoque
1324 1793 1627 1864 prazfatur.
1663 1799 1722 1847 et
1752 1793 1936 1864 patris
1993 1809 2060 1848 ac

2165 647 2189 678 ε
2233 626 2329 682 Ὃν
2389 626 2418 680 ὁ
2469 625 2600 686 Θεὸς
2654 625 2915 695 ἀνέστησε
2970 624 3139 685 λύσας
3205 625 3300 686 τὰς
3356 622 3556 686 ώδῖνας
3602 629 3697 680 τοῦ
3729 628 3826 680 θα-

2169 713 2405 783 «νάτου,
2463 715 2653 778 καθότι
2714 713 2814 769 οὐκ
2875 716 2940 784 ἦν
3001 711 3226 770 δυνατὸν
3285 717 3600 789 κρατεῖσθαι
3659 714 3821 770 αὐτὸν

2169 825 2201 859 ι(
2263 805 2365 859 ὑπὸ
2426 803 2614 862 αὐτοῦ.
2676 802 2851 860 Ααυὶδ
2908 805 3008 880 γὰρ
3067 802 3219 880 λέγει
3280 804 3354 864 εἰς
3411 803 3595 858 αὐτόν⁸
3678 810 3824 880 [lpo-

2169 894 2465 969 «ωρώμην
2497 895 2588 950 τὸν
2648 895 2844 969 Κύριον
2903 893 3134 948 ἐνώπιόν
3196 915 3300 967 μου
3361 891 3676 964 διαπαντὸς,
3745 892 3828 949 ὅτι

2167 1007 2193 1033 ι(
2224 981 2283 1036 ἐκ
2313 981 2498 1053 δεξιῶν
2532 984 2641 1057 μού
2675 981 2836 1046 ὲστῗν,
2869 981 2964 1038 ’ίνα
3025 986 3102 1055 μή
3167 982 3438 1047 σαλευθῶ.
3505 984 3602 1038 Διά
3659 988 3823 1038 τοῦτο

2173 1094 2194 1121 ι
2249 1073 2516 1150 εὐφράνθη
2599 1075 2635 1143 ἡ
2693 1071 2889 1146 καρδία
2952 1094 3077 1146 μου.
3167 1073 3269 1130 Καὶ
3350 1070 3731 1147 ἠγαλλιάσατο
3789 1076 3825 1143 ἠ

2169 1187 2198 1215 ‹‹
2231 1160 2458 1237 γλῶσσά
2492 1184 2623 1238 μου,
2655 1161 2733 1218 ἔτι
2769 1161 2826 1218 δὲ
2857 1163 2945 1218 καὶ
2980 1166 3014 1232 ἡ
3075 1163 3199 1238 σάρξ
3258 1184 3364 1236 μου
3419 1165 3828 1233 κατασκηνώσει

2172 1281 2198 1307 ι(
2226 1255 2308 1312 ἐπ’
2339 1254 2544 1326 ἐλπίδι,
2578 1258 2666 1313 ’ὁτι
2699 1257 2798 1313 οὐκ
2847 1255 3260 1335 ἐγκαταλείψεις
3315 1257 3414 1324 τήν
3475 1258 3660 1335 ψυχήν
3721 1277 3828 1328 μου

2166 1372 2193 1398 ‹‹
2232 1344 2307 1409 εἴς
2340 1344 2496 1418 ᾅδου,
2531 1344 2655 1402 οὐδὲ
2687 1344 2880 1409 δώσεις
2913 1347 3007 1403 τὸν
3041 1348 3189 1402 ὅσιόν
3252 1367 3348 1401 σου
3409 1343 3539 1402 ἰδεῖν
3597 1343 3828 1424 διαφθο-

2169 1438 2344 1511 (ιράν.
2406 1436 2738 1514 Ἐγνώρισάς
2798 1457 2890 1510 μοι
2953 1434 3112 1498 ὁδοὺς
3177 1441 3347 1506 ζωῆς,
3406 1435 3725 1511 πληρώσεις
3761 1456 3829 1509 με

2164 1549 2195 1579 α
2229 1525 2561 1597 εὐφροσύνης
2596 1530 2729 1598 μετά
2758 1531 2854 1582 τοῦ
2884 1529 3183 1595 προσώπου
3215 1547 3332 1584 σου.
3366 1550 3394 1578 ››

2234 1611 2458 1684 Ἐπειδὴ
2490 1619 2775 1690 καθήψατο
2830 1615 3009 1671 αὐτῶν
3073 1615 3328 1690 ἀνωτέρω
3387 1612 3666 1693 σφοδρῶς,
3731 1619 3826 1670 νῦν

3267 1704 3412 1760 ἀλλὰ
3471 1702 3819 1760 διαναπαύων

2163 1795 2254 1849 καὶ
2285 1793 2514 1856 ἀνέσεως
2546 1794 2728 1864 ἀξιῶν.
2766 1796 2858 1850 Διὸ
2917 1798 3007 1850 καὶ
3068 1796 3514 1870 προοιμιάζεται,
3573 1794 3663 1849 καὶ
3725 1798 3828 1850 τοῦ

2168 1704 2377 1774 ἀνίησιν
2433 1705 2648 1774 αὐτοὺς,
2713 1705 2776 1760 ού
2837 1703 3181 1776 κολακεύων,

407 1884 803 1956 progenitoris
835 1883 1013 1939 David
1046 1883 1420 1942 meminit.ne
1446 1882 1761 1937 conturbet
1781 1899 1880 1938 eos
1902 1881 2057 1954 quod

2169 1886 2516 1959 προπάτορος
2581 1882 2746 1939 Δαυῗδ
2804 1883 3160 1958 μνημονεύει,
3218 1885 3312 1939 ἳνα
3371 1885 3448 1958 μή
3509 1879 3824 1958 θοαυόήσῃ,

407 1976 604 2030 Jesum
639 1975 700 2028 in
733 1989 1007 2029 sermone
1039 1972 1384 2044 praetulerit.
1439 1973 1583 2026 Cum
1643 1972 1803 2026 enim
1861 1973 2060 2028 statim

407 2065 758 2136 prophetam
794 2063 1120 2119 audissent.
1147 2063 1578 2117 sustinuerunt.
1613 2064 1755 2117 Nam
1788 2063 1835 2117 si
1870 2063 2061 2118 solum

405 2156 602 2209 Jesum
641 2153 1019 2225 produxisset
1079 2151 1396 2207 homicidis
1440 2151 1804 2214 hominibus.
1866 2153 2065 2207 statim

406 2244 543 2300 iilos
575 2243 945 2298 offendisset.
982 2244 1303 2314 Pr0pteiea
1337 2241 1514 2296 etiam
1546 2257 1663 2295 non
1695 2241 1882 2297 dixit:
1928 2243 2065 2297 Cre-

408 2334 548 2399 dite,
579 2334 705 2397 sed,
739 2333 951 2387 Audite
978 2348 990 2385 :
1025 2338 1090 2386 ut
1121 2331 1310 2403 magis
1343 2330 1563 2386 invidia
1596 2347 1792 2386 sermo
1815 2336 2064 2386 careret.

407 2423 544 2479 Ideo
569 2438 806 2492 quoque
838 2421 910 2475 de
941 2423 1077 2475 Jesu
1109 2420 1398 2474 humilius
1438 2420 1724 2490 loquitur.
1759 2421 2065 2491 Siquidem

413 2535 432 2560 ι
471 2514 694 2577 Jesum,
725 2511 938 2581 inquit,
975 2513 1360 2576 Nazarenam,
1393 2531 1420 2560 »
1480 2527 1690 2582 nempe
1723 2527 1754 2565 a
1812 2510 1910 2564 vili
1953 2510 2063 2565 ab-

401 2602 682 2674 jectaque
715 2601 906 2672 patria
927 2599 1522 2665 nominans.Deinde,
1547 2623 1572 2648 ‹‹
1604 2601 2009 2672 Designatum,
2033 2622 2060 2650 n

410 2707 531 2746 non
559 2690 631 2744 de
665 2707 782 2760 quo
833 2689 1023 2744 ullum
1054 2688 1256 2744 haberi
1291 2694 1493 2760 posset
1523 2688 1792 2752 dubium,
1829 2689 1931 2744 sed
1962 2706 2067 2761 per

409 2797 591 2852 Opera
622 2779 1301 2849 demonstratum,«qua3
1328 2795 1434 2850 per
1463 2779 1659 2850 ipsum
1690 2779 1832 2833 fecit
1856 2785 2060 2844 l)eus,n

409 2870 547 2941 quia
574 2887 608 2924 a
640 2871 758 2923 Deo
783 2874 926 2931 erat,
957 2868 1064 2922 etsi
1085 2868 1242 2922 enim
1271 2867 1424 2922 Deus
1448 2867 1608 2933 fecit,
1644 2868 1862 2939 sedpcr
1885 2871 2065 2938 ipsum

407 2958 732 3020 fecit,et«in
758 2957 954 3012 medio
977 2957 1342 3023 vestri,»non
1365 2956 1518 3012 clam
1535 2974 1729 3028 neque
1746 2958 1807 3012 in
1823 2958 2061 3030 angulo,

412 3049 515 3104 sed
539 3049 704 3103 vobis
737 3047 1112 3102 testantibus.
1148 3046 1438 3112 Quoniam
1472 3053 1672 3102 autem
1698 3047 1768 3102 ad
1797 3048 2062 3119 ipsorum

412 3140 639 3194 facinus
664 3137 1023 3209 procedebat
1044 3137 1201 3208 quod
1234 3153 1362 3192 sese
1397 3155 1502 3208 per
1531 3154 1768 3193 crucem
1812 3138 2062 3206 exeruit,

410 3231 569 3300 ipsos
601 3229 775 3284 etiam
830 3227 1084 3282 liberare
1117 3233 1368 3282 conatur
1433 3244 1538 3298 per
1591 3227 1700 3282 hoc
1759 3228 1917 3298 quod
1939 3229 2058 3283 ait:

407 3320 714 3374 «Deﬁnito
771 3319 1024 3374 consilio
1079 3323 1137 3373 et
1185 3319 1564 3389 prmscientia
1613 3319 1754 3372 Dei:
1788 3338 1815 3369 ι
1880 3318 2060 3374 simul
2101 3281 2144 3347 ϐ

407 3413 644 3482 quidem
675 3411 997 3466 ostendens
1027 3411 1363 3466 ultroneam
1398 3410 1586 3482 ipsius
1608 3411 1970 3482 passionem,
2005 3416 2064 3464 et

405 3502 565 3574 quod
596 3502 690 3556 his
721 3518 852 3571 qua:
884 3501 1130 3555 definita
1162 3504 1332 3556 erant
1353 3500 1620 3554 obsecuti
1653 3500 1791 3554 sint.
1827 3501 1929 3555 20
1959 3503 2060 3555 At-

404 3597 604 3647 tamen
639 3590 798 3661 ipsos
839 3589 1149 3645 liberando
1188 3606 1311 3644 non
1345 3589 1590 3644 omnino
1652 3590 1782 3644 sine
1813 3606 2058 3645 accusa-

402 3681 563 3736 tione
595 3680 886 3751 relinquit
916 3697 928 3734 :
963 3679 1166 3735 subdit
1216 3679 1374 3734 enim
1401 3695 1414 3734 :
1444 3702 1468 3726 ‹ι
1505 3681 1616 3734 Per
1672 3696 1885 3734 manus
1939 3680 2055 3734 ini-

400 3788 654 3842 quorum
689 3770 1097 3825 interemistis.
1134 3791 1162 3819 »
1199 3768 1502 3840 Siquidem
1533 3785 1640 3841 per
1694 3786 1908 3825 manus
1939 3771 2055 3825 ini-

400 3877 897 3932 quorum,nempe
917 3859 1080 3916 Iudas
1112 3875 1179 3916 ac
1211 3859 1467 3914 militum
1484 3858 2052 3932 crudeliter,inquit,

397 3951 787 4007 interemistis
816 3951 958 4006 Nam
993 3950 1042 4006 si
1077 3949 1136 4005 hi
1170 3950 1271 4021 qui
1295 3950 1864 4022 peregeruntiniqui
1891 3956 2054 4016 sunt,

399 4042 578 4097 etiam
611 4042 650 4096 ii
682 4046 840 4096 certe
875 4039 977 4109 qui
1001 4040 1457 4095 interemerunt.
1491 4040 1635 4093 Cum
1691 4039 1773 4094 ita
1828 4041 2052 4094 sensim

397 4131 532 4186 illos
564 4130 1202 4200 objurgasset,sumpta
1233 4143 1470 4198 quoque
1502 4126 1784 4198 deinceps
1805 4128 2055 4184 audacia

395 4219 772 4276 manifestius
826 4235 928 4274 eos
959 4218 1148 4288 carpit
1177 4217 1382 4272 dicens
1417 4233 1430 4271 :
1465 4238 1492 4267 «
1520 4219 1704 4283 Quem
1738 4219 1892 4273 Deus
1921 4236 2050 4274 sus-

399 4311 604 4367 citavit
643 4307 856 4364 solutis
907 4307 1214 4362 doloribus
1263 4307 1472 4363 mortis
1507 4325 1520 4362 :
1552 4328 1578 4358 ιι
1618 4307 1728 4363 hoc
1783 4315 1892 4370 est,
1924 4310 2054 4380 ipsa

399 4415 636 4471 quoque
659 4414 818 4453 mors
841 4398 1039 4469 ipsum
1063 4395 1338 4451 detinens
1360 4395 1568 4459 doluit.
1606 4402 1664 4450 et
1683 4397 1859 4452 veluti
1881 4415 2051 4471 grave

400 4487 628 4558 aliquid
675 4503 851 4558 passa
893 4491 1001 4542 est.
1070 4487 1246 4540 Vetus
1291 4501 1550 4556 namque
1608 4488 2049 4543 Testamentum

397 4573 596 4636 ὠδῖνας
630 4576 967 4649 appellavit,
1001 4575 1061 4630 id
1093 4580 1199 4638 est,
1230 4575 1587 4632 calamitate.
1622 4577 1691 4633 Ut
1735 4594 1871 4632 cum
1903 4577 2048 4634 dici-

401 4672 516 4733 tur,
552 4689 579 4716 ‹‹
611 4660 902 4729 Ὠδῖνες,ἱ(1
935 4664 1424 4725 est.calamitates
1456 4664 1542 4719 vel
1574 4665 1809 4721 dolores
1836 4667 2053 4722 inferni

396 4754 1108 4812 circumdederuntme”.
1137 4778 1163 4804 ››
1182 4757 1294 4809 Per
1321 4755 1433 4829 hoc
1465 4755 1620 4825 quod
1643 4756 1806 4810 addit
1831 4774 1880 4811 ευ
1901 4757 2055 4822 Qua-

397 4850 570 4899 tenus
603 4843 972 4916 impossibile
1006 4849 1133 4898 erat
1177 4841 1348 4896 illum
1381 4843 1591 4909 teneri,
1631 4865 1656 4891 »
1692 4844 2055 4915 magnitudi-

403 4950 540 4987 nem
575 4935 702 5003 ejus
734 4932 1123 4994 demonstrat,
1157 4937 1216 4986 et
1243 4931 1402 5003 quod
1433 4931 1695 5003 amplius
1726 4950 1845 4987 non
1871 4935 2054 4987 mori-

401 5028 514 5076 tur.
549 5022 635 5076 Ad
659 5022 783 5076 haec
817 5022 1168 5092 prophetam
1215 5021 1395 5076 etiam
1431 5021 1606 5076 David
1667 5021 1907 5077 adducit
1964 5023 2050 5076 di-

397 5117 630 5166 centem
657 5127 776 5165 non
811 5109 881 5165 de
915 5109 1244 5182 seipso,sed
1272 5110 1343 5165 de
1378 5117 1540 5177 eo,ut
1565 5110 1789 5166 dictum
1814 5117 1921 5172 est,
1944 5112 2053 5168 hoc

399 5208 510 5266 est,
546 5201 616 5254 de
649 5201 899 5256 Christo.
924 5205 989 5254 Et
1016 5200 1114 5255 hic
1143 5216 1381 5271 quoque
1406 5199 1478 5254 ab
1538 5201 1963 5257 humilioribus
1998 5208 2052 5256 et

388 5289 566 5361 juxta
590 5288 646 5342 id
681 5289 839 5360 quod
872 5289 1191 5345 demissius
1213 5296 1304 5345 est
1323 5289 1698 5360 prophetiam
1721 5293 2050 5363 proposuit,

396 5385 682 5449 tanquam
712 5378 804 5433 his
837 5379 1053 5450 quibus
1079 5395 1227 5450 opus
1260 5384 1387 5434 erat
1430 5379 1880 5438 introductoriis
1929 5400 2050 5438 ser-

393 5467 737 5523 monibus.«
764 5469 1063 5533 Quatenus
1094 5467 1464 5539 impossibile
1493 5476 1638 5524 erat.
1675 5491 1702 5520 »
1734 5472 1866 5542 Ipse
1894 5473 2054 5528 enim

395 5557 666 5613 dicebat:
701 5579 727 5606 ‹‹
754 5560 936 5613 Nemo
968 5557 1121 5612 tollit
1143 5558 1405 5613 animam
1456 5575 1653 5615 meam
1712 5577 1746 5616 a
1795 5577 1912 5629 me,
1949 5563 2052 5618 sed

2175 1971 2363 2042 ἐπειδὴ
2395 1974 2486 2028 τὸν
2539 1975 2751 2042 Ἰησοῦν
2810 1977 3117 2052 προήνεγκε
3174 1980 3254 2046 τῷ
3320 1973 3496 2050 λόγῳ.
3555 1976 3666 2030 Τοῦ
3718 1975 3825 2050 γὰρ

2175 2065 2463 2140 προφήτου
2513 2063 2658 2138 παρά
2715 2062 2888 2126 πόδας
2951 2063 3270 2125 ἀκούσαντες
3335 2061 3589 2141 ἐπέσχον.
3645 2062 3708 2118 Εἰ
3768 2061 3830 2118 δὲ

2177 2153 2338 2228 μόνον
2369 2153 2432 2208 τὸ
2463 2149 2638 2226 ἕνομα
2667 2158 2766 2208 τοῦ
2798 2156 2980 2224 Ἰησοῦ
3038 2156 3301 2228 προήχθη
3347 2157 3580 2230 φονῶσιν
3614 2153 3828 2227 ἀνθρώ-

2173 2264 2325 2313 ποις,
2358 2243 2556 2307 εὐθέως
2589 2245 2651 2298 ἄν
2711 2245 2981 2315 προσέστη
3033 2243 3239 2306 αὐτοῖς.
3303 2243 3399 2298 Διά
3456 2247 3619 2298 τοῦτο
3676 2240 3826 2309 οὐδὲ,

2175 2335 2462 2403 Ηείσθητε,
2493 2333 2662 2401 εἶπεν,
2705 2331 2857 2400 ἀλλ’,
2913 2333 3231 2390 Ἀκούσατε.
3293 2335 3482 2396 Ὅπως
3535 2331 3836 2406 ἐνεπαχθέ-

2174 2445 2360 2497 στερον
2390 2425 2474 2493 ἦν.
2511 2425 2611 2479 Διά
2666 2429 2826 2480 τοῦτο
2878 2426 2969 2479 καὶ
3037 2424 3153 2499 τερὶ
3209 2428 3307 2480 τοῦ
3367 2425 3548 2494 Ἰησοῦ
3583 2424 3834 2478 ταπεινό-

2171 2534 2324 2589 τερον
2357 2516 2666 2593 φθέγγεται.
2700 2539 2728 2567 (ι
2777 2517 2991 2584 Ἰησοῦν
3050 2513 3177 2590 γὰρ,
3239 2513 3396 2591 φησὶ,
3454 2513 3546 2568 τὸν
3633 2517 3838 2581 Ναζω-

2174 2609 2348 2679 ραῖον,
2384 2627 2411 2655 ››
2447 2604 2552 2658 ἀπὸ
2578 2608 2678 2668 τῆς
2711 2601 2966 2665 εὐτελοῦς
2994 2600 3259 2678 πατρίδος
3311 2603 3616 2676 ὀνομάζων.
3675 2602 3833 2669 Εἶτα,

2177 2718 2200 2748 α
2252 2689 2738 2764 ἀποδεδειγμένον,
2804 2717 2830 2743 ››
2919 2694 3034 2747 οἷον
3097 2693 3203 2748 οὐκ
3285 2687 3830 2770 ἀμφισϐητούμενον.

2175 2782 2334 2838 Ἀλλ’
2366 2779 2828 2857 ἀποδεδειγμένον
2871 2779 2964 2837 διὰ
3018 2788 3129 2838 τῶν
3180 2779 3377 2859 ἔργων,
3413 2807 3440 2834 ‹‹
3501 2780 3575 2837 ὧν
3609 2780 3838 2851 ἐποίησε

2173 2870 2244 2926 δι’
2270 2872 2679 2938 αὐτοῦὸΘεὸς,
2715 2896 2742 2922 δ)
2795 2873 2878 2926 ὃτι
2935 2873 3040 2927 ἀπὸ
3099 2876 3233 2927 Θεοῦ
3291 2875 3376 2941 ἦν.
3437 2873 3587 2933 Τέως
3645 2871 3749 2946 γὰρ
3784 2871 3834 2925 εἰ

2171 2961 2261 3017 καὶ
2295 2963 2322 3016 ὁ
2354 2962 2485 3022 Θεὸς
2521 2961 2797 3029 ἐποίησεν,
2833 2959 2980 3017 ἀλλά
3037 2959 3109 3017 δι’
3167 2963 3356 3029 αὐτοῦ,
3396 2963 3487 3016 καὶ
3509 2988 3534 3013 υ
3598 2959 3648 3016 ἐν
3682 2960 3835 3036 μέσῳ

2175 3053 2350 3125 ὑμῶν,
2387 3076 2414 3102 ››
2447 3051 2508 3106 οὐ
2542 3049 2736 3124 λάθρα,
2772 3048 2898 3106 οὐδὲ
2928 3050 2979 3106 ἐν
3025 3052 3221 3128 γωνίᾳ,
3275 3049 3425 3106 ἀλλὰ
3484 3051 3832 3126 μαρτυρούν-

2171 3163 2278 3196 των
2306 3141 2482 3216 ὑμῶν.
2519 3138 2740 3208 Ἐπειδὴ
2777 3138 2833 3196 δὲ
2865 3141 2940 3202 εἰς
2997 3142 3058 3195 τὸ
3096 3138 3184 3195 διὰ
3251 3144 3348 3196 τοῦ
3399 3144 3632 3214 σταυροῦ
3691 3138 3830 3194 τό).-

2180 3252 2340 3305 μημα
2400 3229 2576 3286 αὐτῶν
2636 3227 2881 3306 προῦϐη,
2938 3235 3190 3306 πειρᾶται
3250 3229 3448 3291 αὐτοὺς
3507 3229 3592 3284 καῖ
3659 3226 3835 3284 ἀπελ-

2176 3317 2396 3375 λάσσειν
2428 3317 2518 3374 διὰ
2556 3323 2654 3374 τοῦ
2712 3320 2907 3387 εἰπεῖν,
2969 3344 2995 3371 ‹‹
3057 3323 3136 3392 Τῇ
3197 3318 3586 3394 προωρισμένῃ
3649 3315 3834 3393 βουλῇ

2171 3412 2266 3462 τοῦ
2299 3412 2456 3477 Θεοῦ,
2501 3432 2528 3459 ››
2562 3409 2676 3480 ἅμα
2737 3409 2833 3482 μὲν
2874 3405 3084 3469 δεικνὺς
3143 3408 3205 3461 τὸ
3247 3411 3346 3462 τοῦ
3402 3407 3608 3467 πάθους
3665 3404 3838 3460 αὐτοῦ

2171 3496 2443 3568 ἑκούσιον,
2492 3497 2581 3552 καὶ
2643 3496 2728 3552 ὅτι
2779 3501 2897 3559 τοῖς
2956 3495 3401 3571 προωρισμένοις
3464 3494 3841 3571 ὑπούργησεν,

2170 3584 2316 3642 ἀλλὰ
2347 3586 2437 3642 καὶ
2499 3583 2894 3652 ἀπαλλάσσων,
2956 3585 3059 3640 οὐκ
3111 3584 3335 3664 ἀφίησιν
3393 3583 3592 3645 αὐτοὺς
3650 3584 3842 3654 πάντη

2164 3681 2262 3732 τοῦ
2321 3675 2699 3752 ἐγκλήματος.
2786 3676 3022 3752 Ἐπάγει
3097 3675 3226 3752 γὰρ,
3279 3674 3361 3729 ὅτι
3423 3699 3450 3725 ‹‹
3500 3674 3598 3729 Διά
3631 3677 3846 3748 χειρῶν

2165 3767 2389 3841 ἀνόμων
2444 3765 2704 3823 ἀνείλετε·
2771 3791 2798 3817 ››
2853 3763 2946 3820 διὰ
3003 3768 3206 3840 χειρῶν
3270 3764 3363 3837 μὶν
3420 3764 3524 3839 γὰρ
3583 3761 3837 3836 ἀνόμων,

2163 3858 2288 3928 ¹ἤτοι
2323 3855 2505 3914 Ἰούδα
2539 3857 2630 3912 καὶ
2682 3861 2788 3912 τῶν
2850 3860 3218 3930 στρατιωτῶν,
3279 3853 3447 3927 ὥμως
3480 3850 3742 3908 ἀνείλετε·
3778 3852 3829 3906 εἰ

2163 3948 2268 4023 γὰρ
2293 3947 2344 4001 οἱ
2375 3946 2670 4020 πράξαντες
2698 3942 2914 4016 ἄνομοι,
2946 3944 3036 4000 καὶ
3095 3945 3146 3999 οἱ
3203 3941 3483 4004 ἀνελόντες
3533 3940 3823 4012 δηλονότι,

2164 4034 2306 4090 οὕτω
2346 4034 2732 4107 καθαψάμενος
2791 4035 2966 4089 αὐτῶν
3017 4033 3220 4108 ἡρέμα,
3278 4034 3369 4088 καὶ
3428 4029 3624 4087 λοιπὸν
3681 4028 3823 4085 τολ-

2166 4129 2283 4198 μῶν
2339 4124 2430 4180 καὶ
2487 4122 2971 4204 ἐμφαντικωτέρων
3027 4122 3258 4196 ἅψασθαι
3314 4123 3515 4202 φήσας
3549 4146 3578 4173 ‹‹
3639 4121 3735 4178 Ὀν
3793 4122 3823 4176 ὁ

2163 4214 2292 4275 Θεὸς
2349 4213 2629 4285 ἀνέστησε,
2689 4212 2858 4276 λύσας
2916 4213 3011 4275 τὰς
3070 4209 3270 4274 ὠδῖνας
3347 4215 3443 4266 τοῦ
3501 4211 3752 4266 θανάτου.
3787 4232 3820 4262 »

2162 4305 2475 4373 Τουτέστιν,
2509 4306 2594 4360 ὅτι
2622 4303 2710 4360 καί
2759 4305 2787 4359 ὁ
2817 4304 3045 4366 θάνατος
3093 4300 3251 4357 ὥδινε
3301 4301 3551 4380 κατέχων
3633 4298 3823 4372 αὐτὸν,

2160 4395 2250 4450 καὶ
2301 4393 2468 4449 οἱονεὶ
2519 4391 2666 4450 δεινά
2721 4388 2980 4467 ἔπασχεν.
3075 4388 3286 4452 Ὠδῖνας
3346 4391 3450 4466 γᾶρ
3507 4391 3542 4458 ἡ
3607 4386 3830 4445 Παλαιὰ

2158 4485 2286 4548 τοὺς
2348 4482 2635 4546 κινδύνους
2692 4485 2848 4563 φησὶ,
2909 4483 2997 4538 καὶ
3060 4482 3156 4544 τὰς
3215 4481 3524 4558 συμφοράς.
3587 4480 3676 4540 Ὠς
3732 4477 3827 4532 ἐπὶ

2159 4580 2276 4644 τοῦ,
2311 4602 2338 4627 ‹‹
2375 4573 2580 4638 Ὠδῖνες
2611 4572 2742 4644 ᾁδου
2783 4570 3238 4647 περιεκύκλωσάο
3274 4592 3361 4645 με.
3395 4593 3424 4622 ››
3458 4569 3554 4626 Διά
3586 4566 3643 4623 δὲ
3697 4572 3824 4636 τοῦ,

2089 4654 2132 4718 Ι)
2164 4691 2190 4717 ‹‹
2227 4666 2430 4722 Καθότι
2460 4663 2561 4718 οὐκ
2591 4663 2658 4732 ἦν
2693 4660 2915 4718 δυνατὸν
2977 4661 3139 4717 αὐτὸν
3198 4665 3535 4736 κρατεῖσθαι,
3567 4682 3594 4710 ››
3629 4658 3690 4714 τὸ
3724 4678 3827 4732 με-

2165 4752 2386 4830 γαλεῖον
2421 4753 2586 4808 αὐτοῦ
2617 4753 2943 4825 παρίστησι,
2976 4751 3067 4807 καὶ
3129 4749 3213 4805 δτι
3271 4750 3374 4804 οὐκ
3437 4745 3516 4804 ἔτι
3578 4748 3827 4818 ἀποθνή-

2164 4865 2298 4900 σκει.
2335 4843 2459 4900 Ἐπὶ
2490 4841 2710 4906 τούτοις
2739 4843 2976 4919 παράγει
3007 4841 3099 4896 καὶ
3155 4841 3247 4896 τὸν
3310 4841 3604 4915 προφήτην
3655 4834 3824 4892 Δαυΐδ

2162 4933 2415 5012 λέγοντα,
2448 4932 2521 4994 ὡς
2581 4933 2935 5008 προείρηται,
2999 4930 3098 4986 οὐκ
3155 4929 3230 4993 εἰς
3291 4930 3496 4991 ἑαυτὸν,
3555 4926 3685 4983 ἀλλ’
3744 4925 3826 4988 εἷς

2162 5024 2350 5093 αὐτὸν,
2383 5029 2628 5079 τουτέστι
2678 5024 2771 5078 τὸν
2831 5023 3088 5098 Χριστόν.
3151 5020 3432 5077 Κάνταῦθα
3466 5016 3523 5074 δὶ
3578 5017 3686 5072 ἀπὸ
3711 5021 3823 5070 τῶν

2159 5114 2575 5186 ταπεινοτέρων,
2635 5113 2727 5167 καὶ
2785 5112 2921 5166 κατὰ
2999 5112 3062 5166 τὸ
3119 5110 3497 5184 ταπεινότερον
3547 5105 3829 5182 προῦθηκε

2160 5206 2259 5274 τὴν
2315 5202 2674 5284 προφητείαν,
2729 5201 2822 5258 ἅτε
2881 5199 3402 5276 εἶσαγωγικωτέρων
3463 5196 3648 5274 λόγων
3712 5191 3830 5250 δεο-

2166 5289 2367 5363 μένοις.
2405 5279 2664 5351 «Καθότι
2695 5291 2798 5346 οὐκ
2857 5291 2924 5360 ἦν
2983 5288 3234 5346 δυνατόν.
3262 5309 3288 5341 ο
3330 5287 3506 5348 Αὐτὸς
3532 5288 3631 5360 γάρ
3693 5279 3826 5362 ἔφη,

2164 5385 2248 5438 ὅτι
2283 5406 2311 5434 ‹‹
2342 5379 2535 5447 Οὐδεὶς
2566 5379 2714 5457 α’ίρες
2734 5383 2835 5450 τήν
2867 5383 3055 5456 ψυχήν
3092 5400 3197 5454 μου
3226 5379 3319 5433 ἀπ’
3341 5377 3499 5452 ἐμοῦ.
3529 5373 3689 5432 ’Λλλ’
3715 5371 3826 5449 ἐγὼ

2163 5471 2254 5527 ἀπ’
2281 5471 2520 5545 ἐμαυτοῦ
2579 5471 2776 5544 τίθημι
2827 5468 2993 5538 αὐτὴν
3048 5468 3140 5526 καὶ
3186 5467 3298 5546 ἐγὼ
3355 5464 3522 5522 πάλιν
3557 5458 3842 5540 λαμϐἄνῳτ

2163 5562 2354 5632 αὐτήν.
2392 5585 2420 5612 »

3344 5707 3370 5719 ’Δ
3407 5713 3410 5716 ~
3433 5711 3436 5714 ’
3559 5709 3588 5718 Ν

399 5664 504 5720 ego
538 5663 573 5702 a
599 5646 830 5720 meipso
861 5663 1019 5720 pono
1050 5647 1240 5715 illam,
1277 5652 1336 5702 et
1364 5663 1470 5720 ego
1501 5665 1742 5706 rursum
1773 5667 1946 5708 sumo
1973 5669 2057 5710 ea:

2169 5657 2267 5710 l'”
3344 5707 3370 5719 ..
3559 5681 3588 5718 ξι,
3635 5675 3788 5715 ’ς-

464 5809 512 5846 ²⁶
538 5811 689 5869 Psal.
721 5829 815 5884 xv,
847 5811 1007 5868 8-H.
1039 5810 1087 5848 ⁸ο
1117 5811 1274 5870 Psal.
1308 5826 1441 5883 xm,
1473 5813 1530 5880 6,
1560 5811 1606 5848 ³¹
1633 5813 1800 5874 Joan.
1823 5832 1878 5886 ι,
1913 5816 2001 5873 18.
