4160 6430
315 292 390 352 ⁸13
1300 296 1725 360 COMMENT.
1771 299 1858 361 ΙΝ
1905 301 2101 364 ACTA
2153 302 2762 369 APOS’I‘OLOBUM.
3683 321 3762 378 ‘74

393 422 692 500 «Ἀνδρες
761 421 1021 503 ἀδελφοὶ,
1083 425 1197 500 ἰξὸν
1257 427 1425 484 εἰπεῖν
1489 433 1622 504 μετά
1687 429 2080 510 παῤῥησίαςΑ

326 542 352 569 α
384 519 526 593 πρὸς
585 518 730 590 ὑμᾶς
780 517 907 594 περὶ
965 523 1065 573 τοῦ
1119 522 1464 597 πατριάρχου
1522 519 1708 585 Δαυῒδ,
1759 522 1842 577 ὅτι
1899 523 1990 578 καὶ

330 630 357 661 ι
386 606 732 677 ἐτελεύτησε,
764 608 857 662 καὶ
890 608 1088 686 ἐτάφη,
1146 607 1237 662 καὶ
1294 610 1356 664 τὸ
1419 616 1612 682 μνῆμα
1650 610 1816 665 αὐτοῦ
1845 609 1986 666 ἐστιν

327 722 354 748 κ
388 697 440 752 ἐν
499 699 639 771 ἡμῖν
696 694 832 776 ἄχει
889 703 992 765 τῆς
1048 694 1257 768 ἡμέρας
1313 698 1536 770 ταύτης.
1573 703 1866 777 Προφήτης
1900 699 1992 756 οὖν

327 814 353 838 «
391 787 686 865 ὑπάρχων,
715 785 805 841 καὶ
837 783 1018 856 εἰδὼς,
1076 785 1163 842 ὅτι
1203 788 1350 862 ὅρκῳ
1381 785 1599 861 ὢμοσεν
1623 789 1771 862 αὐτῷ
1803 791 1830 842 ὁ
1862 791 1992 854 Θεὸς

328 901 356 930 α
390 877 452 931 ὲκ
509 880 725 952 καρποῦ
797 883 898 946 τῆς
975 875 1174 954 όσσρύος
1248 875 1418 931 αὐτοῦ
1477 878 1691 942 καθίσαι
1749 879 1835 934 ἐπὶ
1894 884 1990 934 τοῦ

329 993 357 1020 α
391 967 614 1041 Θρόνου,
701 969 764 1024 τὸ
849 971 987 1023 κατὰ
1071 969 1242 1043 σάρκα
1324 968 1619 1040 ἀναστῆσαι
1695 971 1785 1024 τὸν
1862 972 1988 1045 Χρι-

329 1080 358 1107 κ
395 1057 520 1110 στὸν
573 1053 820 1128 προϊδὼν
880 1055 1120 1128 ἐλαλησε
1175 1057 1297 1131 περὶ
1360 1058 1454 1131 μὲν
1513 1058 1848 1121 ἀναστάσεως
1893 1063 1991 1114 τοῦ

331 1170 357 1196 ιι
392 1147 664 1220 Χριστοῦ,
697 1146 780 1200 ὅτι
813 1145 912 1202 οὐκ
959 1143 1346 1226 ἐγκατελείφθη
1397 1150 1432 1218 ἡ
1485 1149 1641 1224 ψυχὴ
1690 1147 1856 1204 αὐτοῦ
1910 1149 1990 1212 εἷς

336 1257 358 1286 ι
392 1231 553 1306 ᾅδου,
587 1234 716 1292 οὐδὲ
770 1239 806 1306 ἠ
865 1236 991 1312 σὰρξ
1051 1239 1220 1293 αὐτοῦ
1270 1235 1382 1293 εἶδε
1439 1233 1752 1318 διαφθοράν.
1785 1242 1987 1295 Τοῦτον

330 1351 358 1379 α
389 1326 488 1382 τὸν
524 1331 738 1396 Ἰησοῦν
795 1325 1084 1398 ἀνέστησεν
1144 1327 1172 1381 6
1231 1328 1383 1397 Θεὸς,
1443 1328 1504 1382 οὗ
1569 1327 1764 1391 πάντες
1822 1330 1989 1402 ἡμεῖς

331 1440 360 1466 ιι
392 1414 560 1489 ἐσμεν
596 1415 887 1492 μάρτυρες.
922 1440 952 1469 ιο

399 1506 521 1574 Τήν
563 1504 899 1583 προφητείαν
932 1503 1236 1581 πληρώσας
1283 1502 1473 1562 ἄλλων
1527 1504 1695 1562 πάλιν
1744 1507 1990 1584 ἀπάρχε-

322 1616 413 1650 ται
443 1594 788 1669 προοιμίῶν.
859 1621 880 1646 ι
916 1591 1164 1670 Ἀνδρες,
1217 1594 1403 1673 φησὶν,
1461 1593 1710 1674 ἀδελφοί.
1744 1617 1776 1651 ››
1830 1601 1988 1652 Ὅταν

323 1685 426 1761 γὰρ
464 1681 604 1762 μέγα
657 1707 711 1740 τι
769 1683 950 1760 μέλλῃ
1001 1684 1164 1760 ἐρεῖν,
1197 1684 1525 1758 οἰκειωτικῷ
1555 1686 1826 1762 κέχρηται
1855 1707 1990 1764 προ-

326 1774 523 1848 οιμίῳ,
555 1772 827 1853 ἀδελφοὺς
857 1775 1063 1830 καλῶν.
1097 1779 1184 1837 Ὠς
1233 1775 1323 1830 καὶ
1383 1776 1411 1830 ὁ
1471 1777 1760 1854 Στέφανος,
1793 1774 1986 1833 Ἀδελ-

325 1865 418 1940 902
451 1867 543 1920 καὶ
582 1863 834 1935 Πατέρες,
895 1864 1176 1920 ἀκούσατε.
1233 1864 1368 1922 Εἶτά
1425 1886 1614 1943 φησιν,
1647 1892 1674 1918 ‹‹
1708 1867 1857 1937 Ἐξὸν
1895 1865 1980 1921 εἲ-

322 1962 444 2011 πεῖν
483 1955 622 2028 μετά
650 1953 953 2032 παρρησίας
1007 1955 1130 2025 περὶ
1189 1958 1290 2010 τοῦ
1349 1954 1692 2030 πατριάρχου
1733 1953 1918 2012 Δαυΐδ.
1956 1979 1985 2008 ››

321 2047 494 2102 Ἔνθα
549 2042 706 2100 οὐδὲν
767 2042 1026 2120 βλάπτει,
1081 2040 1267 2117 πολλῇ
1325 2041 1597 2118 κέχρηται
1647 2065 1980 2122 μετριοφροο

322 2136 479 2210 σῦνῃ.
517 2135 580 2192 Εἰ
612 2135 713 2208 γὰρ
764 2134 911 2189 εἶπεν
973 2132 1148 2195 οὕτῶς
1209 2131 1422 2202 ἁπλῶς,
1457 2133 1538 2189 ὅτι
1576 2155 1743 2189 ταδτα
1773 2133 1873 2189 οὐκ
1904 2130 1984 2189 εἶ’-

319 2247 488 2304 ρηται
518 2225 770 2300 περὶτοῦ
801 2221 987 2291 Δαυῒδ,
1043 2221 1192 2277 ἀλλά
1244 2223 1370 2298 περὶ
1427 2227 1523 2278 τοῦ
1563 2228 1822 2299 Χριστοῦ,
1853 2245 1980 2300 τραο

316 2319 421 2394 χὺς
450 2318 516 2373 ἂν
545 2315 718 2390 ἔδοξε,
776 2316 865 2374 καὶ
923 2317 1097 2394 ὀργῆν
1152 2314 1338 2378 αὐτοῖς
1395 2313 1624 2370 ἐνεποίει
1673 2315 1912 2390 μᾶλλον,
1943 2317 1978 2387 ἢ

321 2413 654 2484 πειθηνίους
684 2410 1004 2488 παρείχετο.
1036 2407 1214 2467 Ἀλλὰ
1255 2404 1445 2481 πολλῇ
1476 2407 1602 2484 περὶ
1652 2408 1744 2463 τὸν
1803 2406 1981 2482 μακά-

318 2525 433 2579 ριον
494 2499 663 2557 Δαυῗδ
718 2502 861 2574 τιμῇ
918 2500 1295 2575 χρησάμενος,
1354 2496 1752 2574 εὖπαράδεκτον
1813 2518 1981 2553 κατα-

317 2593 592 2663 σκευάζει,
649 2590 733 2648 ὅτι
787 2591 913 2666 περὶ
968 2594 1070 2646 τοῦ
1147 2592 1384 2667 Χριστοῦ
1438 2591 1474 2660 ἡ
1535 2589 1829 2665 μαρτυρία,
1887 2589 1978 2644 καὶ

314 2691 420 2745 πᾶς
453 2683 618 2744 οὗτος
670 2683 699 2736 6
750 2680 920 2756 λόγος
978 2681 1152 2742 οὕτως
1209 2680 1606 2753 οἱκονομεῖται.
1634 2683 1711 2753 Τῇ
1745 2679 1849 2755 γὰρ
1880 2682 1978 2733 τοῦ

316 2770 482 2830 Δαυῖδ
510 2771 747 2846 τελευτῇ
804 2769 893 2826 καὶ
946 2774 1092 2848 ταφῇ
1145 2768 1207 2824 οὗ
1264 2770 1621 2844 προσέθηκεν,
1649 2768 1733 2824 ὅτι
1765 2767 1864 2824 οὐκ
1892 2770 1979 2824 ἀν-

313 2865 464 2934 έστη,
499 2860 631 2917 αλλ’
659 2863 742 2916 δτι
777 2883 806 2912 α
839 2861 940 2916 Καὶ
971 2859 1036 2915 τὸ
1067 2865 1260 2934 μνῆμα
1289 2858 1454 2913 αὐτοῦ
1485 2858 1624 2914 ἐστιν
1667 2858 1718 2912 ἐν
1751 2860 1912 2931 ἡμῖν,
1947 2883 1975 2910 ››

311 2954 446 3028 ὅπερ
476 2952 604 3006 ’ἶσον
638 2955 739 3022 τῷ,
789 2950 904 3008 Οὐκ
950 2950 1166 3020 ἀνὲστη.
1204 2949 1301 3003 Καὶ
1338 2945 1465 3003 οὐδὲ
1495 2946 1671 3010 οὕτως
1703 2946 1867 3017 ἦλθεν
1897 2946 1976 3011 είς

307 3044 398 3098 τὸν
431 3041 696 3112 Χριστὸν,
746 3039 890 3095 ἀλλά
952 3038 1116 3094 πάλιν
1177 3037 1580 3114 ἐγκωμιάζεται
1613 3039 1640 3092 6
1672 3035 1858 3104 Δαυῗδ,
1886 3034 1976 3093 διὰ

309 3137 429 3202 τοῦ,
490 3155 520 3184 α
552 3133 855 3208 Προφήτης
912 3126 1004 3184 οὗν
1066 3129 1355 3205 ὑπάρχων,
1390 3152 1419 3180 ››
1471 3125 1567 3182 είνα
1598 3125 1687 3182 διά
1713 3129 1814 3196 τήν
1840 3128 1977 3203 πρὸς

397 3228 514 3276 ἳνον
547 3222 723 3294 τιμήν
749 3219 839 3275 καὶ
868 3219 932 3274 τὸ
984 3216 1140 3294 γενος
1194 3219 1260 3273 τὸ
1317 3219 1408 3273 ἀπ’
1448 3216 1678 3286 ἐκείνου,
1711 3221 1809 3272 τοῦ
1840 3218 1976 3292 Χρι-
2006 3199 2048 3265 C

311 3317 441 3368 στοῦ
472 3309 733 3382 δέξωνται
791 3309 885 3365 τὸν
933 3307 1059 3383 περὶ
1116 3315 1218 3378 τῆς
1276 3307 1616 3370 ἀναστάσεως
1647 3307 1839 3383 λόγον.
1876 3307 1975 3364 Καὶ

312 3402 412 3458 οὐκ
471 3401 648 3468 εἶπεν,
711 3400 796 3455 ’ὁτι
854 3397 1260 3474 ’Βπηγγείλατο
1319 3397 1468 3470 αὖτῷ
1527 3398 1556 3452 6
1603 3397 1753 3466 Θεὸς,
1787 3394 1974 3452 ἀλΑ’ὃ

316 3497 502 3566 μεῖζον
563 3490 656 3546 καὶ
710 3483 1060 3564 ἀπαράϐατον
1127 3487 1220 3558 ἦν,
1296 3488 1382 3556 τὸ,
1451 3488 1679 3562 Ὧμοσε.
1738 3486 1817 3545 Τὸ
1893 3483 1972 3556 δὲ,

316 3582 525 3638 «Κατά
587 3582 757 3654 σάρκα
818 3601 844 3633 ι
915 3577 1282 3651 κηρύττοντός
1341 3576 1507 3646 ἐστιν,
1566 3577 1640 3638 ὡς
1695 3576 1785 3632 καὶ
1841 3576 1972 3640 Θεὸς

315 3673 575 3745 Χριστὸς,
629 3670 720 3726 καὶ
776 3669 1017 3725 σύνεστιν
1077 3669 1160 3724 ἀεὶ
1216 3672 1297 3741 τῷ
1355 3667 1545 3739 Πατρί.
1583 3668 1760 3722 Παντα
1799 3664 1858 3722 δὲ
1893 3671 1972 3739 τῷ

329 3759 504 3832 ﬁngi
551 3759 875 3830 ἀνατίθησιν,
928 3756 1022 3813 ἵνα
1071 3755 1207 3821 τέως
1261 3753 1664 3829 παραδέξωνται
1711 3758 1778 3811 τά
1818 3755 1976 3832 λεγό-

332 3870 488 3923 μενα.
527 3847 690 3904 Ἀλλά
745 3853 864 3912 πῶς
924 3847 1164 3912 ἐκάθισεν
1221 3847 1309 3901 ἐπὶ
1362 3846 1556 3922 θρόνου
1614 3843 1972 3915 Δαυλίδ;”Οτι

319 3939 600 4016 βασιλεῦει
641 3942 854 3996 πάντων
914 3937 1193 3997 Ἰουδαίων
1245 3959 1303 3993 τε
1358 3937 1449 3993 καὶ
1511 3937 1676 4002 ἐθνῶν
1711 3959 1973 4011 σαγηνευ-

313 4032 512 4096 θέντων
575 4029 652 4094 εἷς
700 4031 801 4100 τὴν
858 4028 1065 4085 ἐκείνου
1119 4026 1296 4083 πίστιν
1327 4048 1386 4084 τε
1423 4027 1514 4083 καὶ
1573 4027 1845 4100 λατρείαν.
1895 4026 1973 4084 T6

310 4119 393 4195 δὲ,
429 4149 461 4177 α
493 4121 633 4178 Οὐδὲ
660 4125 698 4192 ἡ
731 4122 857 4196 σὰρξ
890 4120 1054 4176 αὐτοῦ
1086 4117 1197 4175 εἶδε
1228 4117 1548 4200 διαφθοράν,
1581 4142 1610 4172 ››
1661 4117 1772 4192 οὐχ
1806 4119 1972 4189 ἦττον

303 4213 371 4271 τὸ
399 4219 507 4284 τῆς
537 4212 874 4277 ἀναστάσεως
898 4209 1148 4289 ἐμφαίνει
1187 4205 1365 4286 ἔργον.

383 4420 413 4447 «ι
448 4398 532 4468 Τῇ
566 4391 714 4465 δεξεᾷ
742 4393 832 4448 οὗν
858 4396 956 4448 τοῦ
1007 4395 1143 4448 Θεοῦ
1179 4391 1435 4466 ὑψωθεὶς,
1488 4390 1588 4461 τήν
1641 4411 1700 4446 τε
1744 4389 1976 4466 ἐπαγγε-

305 4512 334 4538 ιι
370 4483 502 4540 λίαν
529 4488 628 4540 τοῦ
658 4483 816 4560 ἁγίου
847 4482 1162 4556 Πνεύματος
1192 4476 1374 4538 λαϐὼν
1407 4481 1558 4556 παρά
1601 4483 1698 4535 τοῦ
1741 4481 1972 4556 Πατρὸς,

2180 439 2248 503 ΙΙ,
2286 441 2474 494 29-32.
2532 463 2559 490 ‹‹
2606 442 2722 498 Viri
2779 442 3015 505 fratres.
3049 446 3190 503 licet
3236 448 3393 521 apud
3440 467 3542 506 vos
3572 449 3760 508 libere

2105 550 2134 577 ‹‹
2166 528 2366 584 dicere
2397 530 2468 586 de
2499 533 2838 603 patriarcha
2861 536 3037 591 David
3060 538 3217 608 quod
3242 545 3301 594 et
3329 539 3646 597 defunctus
3673 546 3764 597 est

2103 640 2131 667 «
2167 624 2226 674 et
2258 620 2526 691 sepultus
2586 627 2693 690 est,
2755 629 2814 678 et
2873 627 3212 696 sepulcrum
3273 629 3404 700 ejus
3463 631 3619 702 apud
3651 648 3762 687 nos

2103 712 2472 781 «estusque
2529 711 2590 766 in
2651 711 3007 770 hodiernum
3065 717 3245 773 diem.
3301 720 3595 791 Propheta
3651 720 3763 792 igi-

2102 802 2260 852 «tur
2315 815 2450 854 cum
2507 807 2682 868 esset,
2751 808 2810 857 et
2865 805 3045 860 sciret
3103 806 3262 876 quod
3294 808 3762 880 juramentoju-

2105 909 2133 937 «
2165 893 2355 943 rasset
2385 889 2497 944 sibi
2525 891 2678 946 Deus
2709 898 2776 948 ut
2805 893 2875 948 de
2907 893 3103 950 fructu
3143 895 3330 950 lumbi
3361 896 3549 968 ipsius
3578 897 3756 952 sede-

2102 999 2130 1027 «
2162 983 2253 1032 ret
2281 995 2461 1050 super
2492 981 2774 1038 thronum
2807 1000 2980 1038 suum
3006 1000 3018 1038 :
3080 987 3366 1056 praescius
3397 986 3554 1057 quod
3583 985 3758 1041 Chri-

2103 1087 2132 1116 «
2166 1071 2259 1122 tus
2289 1067 2618 1124 secundum
2640 1088 2880 1127 carnem
2912 1079 3265 1146 resurgeret,
3298 1074 3532 1130 locutus
3563 1080 3652 1130 est
3681 1073 3754 1130 de

2101 1177 2131 1208 α
2163 1159 2599 1216 resurrectione
2622 1161 2856 1229 Christi,
2883 1163 3042 1235 quod
3064 1180 3185 1218 non
3213 1163 3497 1220 derelicta
3527 1164 3604 1219 sit
3632 1162 3758 1219 ani-

2102 1267 2130 1296 «
2161 1261 2260 1302 ma
2290 1247 2422 1318 ejus
2452 1248 2513 1304 in
2540 1249 2792 1318 inferno,
2827 1269 3021 1324 neque
3052 1270 3187 1309 caro
3221 1255 3351 1326 ejus
3381 1253 3591 1309 viderit
3621 1269 3754 1309 cor-

2102 1357 2131 1387 ‹‹
2163 1337 2522 1408 ruptionem.
2556 1338 2723 1396 Ilunc
2778 1342 2979 1397 Jesum
3034 1344 3342 1400 suscitavit
3397 1344 3552 1399 Deus
3583 1343 3754 1416 cujus

2102 1447 2130 1474 «
2159 1441 2270 1482 nos
2300 1443 2509 1483 omnes
2551 1433 2732 1486 testes
2763 1448 2989 1488 sumus.
3026 1455 3054 1482 »

2173 1515 2416 1588 Expleta
2442 1519 2755 1591 prophetia
2776 1520 2910 1576 aliis
2936 1539 3174 1579 rursum
3197 1522 3538 1597 aggreditur
3564 1539 3758 1595 prow-

2101 1604 2425 1661 miis.-Viri
2449 1607 2683 1675 fratres,
2709 1610 3023 1682 uinquit.Si
3048 1612 3291 1684 quidem
3315 1629 3449 1668 cum
3471 1627 3756 1685 magnum

2101 1693 2330 1766 aliquid
2361 1696 2626 1754 dicturus
2658 1701 2754 1772 sit,
2786 1700 3011 1757 mitiori
3061 1719 3206 1758 usus
3258 1708 3348 1759 est
3384 1701 3758 1774 praefatione,

2099 1783 2313 1841 fratres
2345 1804 2581 1844 vocans.
2641 1791 3153 1856 Quemadmodum
3207 1798 3266 1849 et
3323 1793 3655 1863 Stephanus
3687 1790 3755 1859 ³³,

2095 1876 2327 1934 Fratres
2345 1885 2404 1934 et
2426 1882 2648 1946 Patres,
2676 1882 2876 1938 audite
2923 1885 3146 1940 Deinde
3166 1885 3283 1942 ait:
3315 1909 3342 1935 ‹‹
3379 1885 3540 1940 Licet
3569 1883 3757 1938 libere

2094 1965 2290 2022 dicere
2323 1969 2393 2024 de
2427 1971 2764 2042 patriarcha
2794 1973 2974 2028 David
3033 1997 3060 2023 υ
3106 1975 3250 2030 Cum
3283 1975 3512 2030 nullam
3539 1973 3759 2028 inferat

2094 2053 2402 2126 injuriam,
2431 2059 2619 2115 multa
2652 2066 2850 2116 tamen
2882 2079 3024 2117 usus
3057 2069 3148 2118 est
3178 2063 3486 2118 modestia.
3523 2064 3668 2118 Nam
3702 2060 3752 2116 si

2093 2142 2176 2198 ita
2206 2145 2559 2218 simpliciter
2615 2150 2896 2206 dixisset:
2954 2153 3087 2207 Hrec
3145 2152 3216 2208 de
3249 2152 3430 2208 David
3462 2167 3581 2206 non
3613 2155 3757 2204 sunt

2093 2231 2268 2294 dicta.
2303 2236 2544 2292 odiosus
2594 2239 2800 2310 utique
2855 2257 3050 2296 sermo
3081 2241 3476 2312 apparuisset,
3513 2247 3571 2295 et
3600 2240 3751 2294 iram

2092 2324 2289 2394 potius
2320 2325 2647 2392 incitasset,
2695 2346 2872 2400 quam
2923 2331 3323 2402 obsequentes
3365 2331 3754 2387 reddidisset.

2090 2411 2202 2468 Sed
2223 2414 2412 2470 multo
2445 2415 2673 2472 honore
2704 2435 2848 2474 usus
2877 2436 3014 2493 erga
3043 2420 3282 2476 beatum
3317 2420 3518 2490 David,
3551 2422 3648 2478 2!
3685 2421 3746 2476 id

2091 2502 2276 2560 efficit
2295 2511 2361 2559 nt
2382 2505 2555 2562 facile
2577 2509 2938 2580 suscipiatur
2954 2509 3114 2582 quod
3135 2511 3208 2566 de
3232 2510 3464 2567 Christo
3491 2511 3568 2566 sit
3585 2513 3752 2567 testi-

2089 2594 2398 2650 monium:
2439 2602 2498 2651 et
2547 2598 2632 2653 ita
2683 2599 2878 2654 omnis
2928 2600 3025 2655 hic
3077 2616 3271 2656 sermo
3313 2599 3750 2672 dispensatorie

2090 2684 2422 2742 ordinatur.
2455 2687 2621 2742 Morti
2656 2688 2954 2760 siquidem
2999 2707 3067 2746 ac
3118 2690 3392 2763 sepulcro
3420 2690 3597 2746 David
3628 2707 3750 2746 non

2089 2773 2318 2829 addidit
2347 2775 2505 2846 quod
2527 2793 2645 2832 non
2677 2780 3131 2842 resurrexit,sed
3160 2779 3319 2851 quod
3340 2803 3367 2831 ‹‹
3401 2779 3750 2852 Sepulcrum

2089 2863 2268 2918 etiam
2292 2865 2420 2934 ejus
2437 2865 2595 2936 apud
2616 2883 2726 2922 nos
2750 2874 2894 2935 est,»
2920 2868 3080 2940 quod
3105 2868 3476 2924 tantumdem
3499 2874 3590 2924 est
3609 2884 3676 2923 ac
3699 2867 3748 2923 si

2089 2951 2372 3008 dixisset:
2433 2957 2561 3010 Non
2619 2959 2947 3013 resurrexit
3028 2961 3097 3012 Et
3152 2975 3346 3031 neque
3379 2959 3462 3013 ita
3491 2955 3749 3037 venitad

2086 3043 2409 3110 Christum,
2435 3046 2538 3100 sed
2559 3064 2799 3102 rursum
2824 3047 3027 3104 laudat
3052 3047 3249 3117 David,
3277 3048 3484 3104 dicens
3511 3064 3525 3102 :
3551 3072 3576 3096 ‹‹
3604 3049 3746 3101 Pro-

2087 3131 2267 3202 pheta
2297 3133 2476 3206 igitur
2505 3152 2639 3190 cum
2685 3142 2862 3204 esset,
2898 3159 2927 3187 ››
2981 3143 3046 3193 ιιι
3103 3155 3209 3209 per
3247 3138 3533 3193 honorem
3567 3153 3748 3208 quem

2087 3220 2202 3292 ipsi
2252 3223 2500 3295 ejusque
2530 3225 2732 3296 generi
2767 3226 3024 3292 exhibet,
3062 3227 3392 3298 suscipiant
3421 3225 3493 3281 de
3524 3225 3744 3282 Christi

2083 3313 2521 3368 resurrectione
2555 3330 2916 3371 sermonem.
2974 3317 3173 3387 Neque
3233 3315 3415 3371 dixit:
3466 3315 3751 3370 Promisit

2084 3399 2197 3471 ipsi
2258 3401 2434 3471 Deus,
2495 3403 2599 3460 sed
2659 3403 2819 3476 quod
2876 3405 3072 3478 majus
3127 3410 3253 3460 erat
3300 3411 3359 3460 et
3397 3405 3745 3460 incommu-

2087 3489 2287 3559 tabile,
2318 3493 2560 3549 Juravit.
2589 3494 2824 3550 Additio
2856 3512 2990 3551 vero
3015 3495 3139 3566 illa,
3172 3517 3200 3545 ‹‹
3235 3493 3574 3551 Secundum
3606 3511 3744 3549 car-

2084 3594 2244 3648 nem,
2280 3603 2308 3631 »
2339 3582 2721 3654 praadicantis
2779 3591 2869 3640 est
2924 3586 3082 3656 quod
3140 3585 3408 3641 Christus
3455 3584 3634 3640 etiam
3666 3584 3744 3639 sit

2085 3671 2261 3736 Deus,
2304 3690 2656 3746 semperque
2718 3694 2852 3731 cum
2911 3679 3102 3732 Patre.
3165 3676 3378 3733 Omnia
3407 3683 3606 3733 autem
3665 3675 3740 3731 ad

2083 3761 2318 3816 Patrem
2349 3763 2550 3832 refert,
2583 3771 2647 3820 ut
2678 3765 2919 3821 interim
2952 3768 3323 3840 excipiantur
3366 3786 3496 3839 qum
3528 3768 3738 3823 dicun~

2084 3853 2200 3906 tur.
2235 3851 2346 3906 Sed
2377 3853 2673 3923 quomodo
2730 3855 2884 3910 sedit
2937 3873 3115 3926 super
3170 3857 3454 3914 thronum
3509 3856 3740 3913 David?

2084 3940 2231 4004 Quia
2264 3948 2471 4014 regnat
2499 3943 2797 4005 omnibus,
2821 3944 3158 4016 Judaeisque
3185 3964 3252 4002 ac
3283 3947 3559 4018 gentibus
3589 3946 3738 4000 irre-

2083 4029 2227 4098 titis,
2254 4032 2379 4086 sixe
2400 4033 2842 4104 praedicationis
2865 4035 3072 4107 sagina
3090 4035 3165 4091 ad
3189 4038 3318 4108 ejus
3341 4035 3519 4090 fidem
3543 4040 3602 4090 et
3622 4034 3746 4089 cul-

2085 4125 2210 4177 tum
2236 4122 2522 4178 attractis.
2556 4123 2620 4179 Id
2651 4125 2830 4202 etiam
2856 4125 3013 4197 quod
3044 4127 3145 4196 ait,
3171 4148 3198 4176 «
3224 4128 3423 4198 Neque
3445 4143 3582 4182 caro
3613 4126 3742 4196 ejus

2083 4211 2230 4266 vidit
2285 4213 2750 4285 corruptionem,
2803 4237 2831 4265 »
2886 4232 3008 4272 non
3041 4217 3243 4273 minus
3283 4215 3744 4274 resurrectionis

2085 4317 2236 4373 opus
2270 4302 2632 4359 manifestat.

2157 4392 2228 4458 II,
2288 4392 2378 4458 33,
2428 4393 2902 4461 44.3-1Dextera
2958 4395 3139 4470 igitur
3185 4397 3288 4452 Dei
3339 4396 3656 4466 exaltatus,
3688 4400 3748 4451 et

2089 4503 2118 4531 «
2151 4483 2546 4554 promissione
2578 4484 2830 4557 Spiritus
2862 4489 3049 4543 sancti
3095 4494 3337 4560 accepta
3366 4505 3401 4544 a
3429 4489 3622 4554 Patre,
3657 4485 3747 4543 ef-

305 4599 335 4627 α
370 4572 562 4649 ἐξέχεε
617 4575 776 4628 τοῦτο
825 4573 854 4627 ’ὁ
912 4569 1004 4626 νῦν
1067 4571 1224 4645 ὑμεῖς
1280 4569 1508 4646 βλέπετε
1577 4567 1668 4624 καὶ
1732 4567 1973 4627 ἀκούετε.

2097 4594 2114 4622 ῖ‹
2147 4571 2303 4628 fudit
2329 4574 2441 4630 hoc
2490 4575 2648 4645 quod
2693 4592 2852 4632 nunc
2883 4593 2982 4632 vos
3014 4577 3225 4634 videtis
3256 4583 3315 4634 et
3343 4577 3584 4634 auditis.
3618 4578 3747 4634 Non

307 4689 336 4717 α
369 4665 460 4722 Οὐ
491 4664 596 4739 γάρ
628 4659 789 4718 Δαυῗδ
819 4656 986 4731 ἀνέϐη
1020 4659 1096 4726 εἷς
1123 4661 1248 4722 τοὺς
1279 4659 1566 4735 οὐρανούς.
1609 4683 1637 4712 »

381 4751 492 4811 Καὶ
535 4750 702 4807 πάλιν
755 4756 835 4824 τῷ
889 4751 1062 4823 Πατρὶ
1119 4748 1407 4818 ἀνατίθησι
1457 4749 1519 4803 τὸ
1565 4749 1812 4824 γεγονός.
1848 4745 1979 4805 Οἵδε

301 4845 413 4919 γὰρ
450 4842 598 4898 οὕτω
627 4842 754 4904 τοὺς
784 4839 1056 4916 ἀκροατὰς
1113 4837 1516 4913 ἐπισπώμενος,
1575 4839 1756 4895 Εἰπὼν
1809 4836 1867 4894 δὶ
1895 4839 1979 4910 τὸ,

298 4934 604 5009 Ὑψιυθεὶς,
657 4934 748 4988 καὶ
801 4933 924 5009 περέ
987 4938 1089 5001 τῆς
1175 4931 1499 5004 ἀναλήψεως
1579 4928 1820 5006 ᾐνίξατο,
1889 4929 1980 4985 καὶ

298 5028 390 5083 ’ὁτι
427 5025 484 5081 ἐν
514 5030 632 5088 τοῖς
681 5023 934 5100 οὐρανοῖς
973 5023 1106 5082 ἐστι.
1168 5023 1263 5078 Διὸ
1322 5019 1449 5077 οὐδὲ
1509 5026 1754 5098 φανερῶς
1804 5021 1976 5088 εἶπεν,

297 5118 388 5173 ὅτι
453 5119 541 5172 Ἐν
596 5121 716 5179 τοῖς
797 5115 1056 5190 οὐρανοῖς
1117 5113 1278 5171 ἐστιν.
1352 5112 1500 5170 Ἐπεὶ
1588 5111 1679 5168 οὗν
1757 5111 1981 5168 ἐνταῦθα

300 5203 552 5284 προέϐη,
611 5206 702 5262 καὶ
759 5211 867 5261 τῶν
924 5205 1170 5278 σημείων
1228 5204 1396 5259 αὐτοῦ
1456 5201 1697 5276 ἐμνήσθη
1751 5203 1981 5272 καὶτῆς

299 5299 677 5365 ἀναστάσεως,
737 5295 935 5351 λοιπὸν
997 5293 1187 5369 ἐπάγει
1238 5293 1324 5358 τὸ,
1381 5317 1408 5344 ‹‹
1458 5291 1721 5368 Ἐξὲχεεν.
1760 5317 1786 5343 ››
1849 5293 1978 5349 Κατ’

295 5385 481 5464 ἀρχάς
541 5389 639 5460 μὲν
702 5385 810 5460 γάρ
869 5384 938 5438 τά
996 5387 1188 5455 πρῶτα
1240 5377 1422 5457 ἔλεγεν
1481 5379 1544 5434 οὐ
1597 5381 1688 5436 τὸν
1741 5381 1974 5455 Χριστὸν

295 5477 744 5555 ἕπαγγείλασθαι
775 5479 940 5530 τοῦτο
974 5471 1066 5529 διὰ
1114 5469 1282 5541 Ἰωήλ
1330 5474 1430 5527 τοῦ
1479 5471 1786 5548 προφήτου.
1823 5469 1974 5528 Ἐπεὶ

294 5565 354 5626 δὶ
415 5574 526 5626 τῶν
582 5567 725 5626 κατά
784 5563 1020 5642 Χριστὸν
1082 5560 1295 5638 ἔμνήση
1356 5558 1700 5637 παραδόξων,
1760 5557 1974 5636 θαῤῥῶν

354 5689 408 5728 ³²
437 5690 615 5748 Infra
650 5703 748 5743 vn.

613 5813 908 5872 PATHDL.
961 5803 1072 5860 Gn.
1121 5799 1388 5860 CXVIII.

2087 4684 2116 4712 ‹‹
2152 4663 2312 4718 enim
2349 4663 2525 4719 David
2556 4667 2828 4722 ascendit
2853 4666 2926 4722 ad
2959 4666 3158 4724 caelos.
3196 4690 3224 4717 ››

2165 4753 2421 4807 Rursum
2451 4753 2526 4809 ad
2557 4756 2792 4810 Patrem
2823 4756 3006 4811 refert
3062 4756 3220 4827 quod
3249 4756 3474 4812 factum
3505 4760 3632 4811 est:
3667 4757 3750 4812 ita

2093 4841 2252 4896 enim
2312 4843 2473 4897 novit
2528 4843 2830 4899 auditores
2889 4846 3205 4901 attrahere.
3269 4845 3483 4900 Dicens
3523 4849 3747 4914 autem,

2091 4932 2415 5000 Exaltatus,
2437 4935 2614 4990 etiam
2645 4933 2717 4990 de
2748 4937 3151 5008 assumptione.
3179 4936 3400 5002 innuit,
3431 4941 3488 4990 et
3507 4935 3666 5006 quod
3687 4936 3750 4990 in

2091 5022 2256 5077 caelis
2287 5026 2380 5077 sit.
2418 5025 2532 5079 Nec
2560 5031 2757 5080 tamen
2785 5026 3099 5082 manifeste
3122 5025 3308 5081 dixit:
3342 5027 3408 5081 In
3442 5025 3606 5081 caelis
3637 5031 3748 5080 est.

2091 5111 2382 5177 Quoniam
2418 5129 2552 5187 ergo
2584 5131 2743 5170 nunc
2779 5116 3021 5186 paulum
3057 5133 3407 5188 progressus
3439 5122 3549 5182 est,
3583 5121 3636 5171 et
3670 5115 3753 5169 si-

2089 5221 2340 5277 gnorum
2364 5207 2494 5274 ejus
2515 5206 2789 5260 meminit
2808 5223 2874 5262 ac
2894 5207 3754 5277 resurrectionis.consequen-

2091 5299 2181 5348 ter
2211 5294 2388 5350 etiam
2415 5294 2600 5361 addit,
2627 5320 2651 5345 «
2679 5295 2900 5350 Effudit
2940 5319 2966 5346 υ
2993 5295 3294 5366 Siquidem
3321 5296 3480 5351 circa
3513 5295 3749 5350 initium

2088 5385 2322 5440 Patrem
2356 5385 2613 5454 dicebat,
2651 5402 2771 5441 non
2801 5386 3097 5442 Christum
3133 5387 3243 5443 hoc
3272 5387 3616 5458 promisisse
3646 5402 3753 5456 per

2085 5473 2210 5530 Joel
2240 5475 2614 5547 prophetam.
2650 5476 2972 5549 Postquam
3021 5483 3222 5532 autem
3254 5475 3750 5533 admirandorum

2086 5565 2364 5624 meminit
2394 5583 2527 5637 quae
2554 5567 2712 5622 circa
2739 5567 3038 5624 Christum
3069 5567 3226 5626 facta
3266 5574 3426 5639 sunt,
3462 5565 3754 5624 audenter

3392 5810 3428 5862 3
