4160 6434
520 307 598 365 ’75
1644 289 2043 361 ωΟυΜΕΝῙ
2088 295 2160 356 'l‘l

2273 293 2397 356 01E
2440 290 2815 355 EPISCOPI.
3868 292 3954 353 76

513 440 642 513 jam
675 437 820 494 dicit
848 435 1043 508 ipsum
1068 434 1370 490 effudisse.
1398 435 1598 505 Itaque
1623 448 1744 487 non
1775 431 1849 487 de
1880 432 2053 485 Patre
2083 428 2160 484 di-

2290 422 2393 496 ἢδη
2424 424 2589 479 αὐτόν
2621 444 2784 503 φησιν
2839 422 3052 503 ἐκχέαι.
3109 429 3270 479 Ὥστε
3316 421 3381 478 ού
3419 420 3551 497 περὶ
3579 424 3681 478 τοῦ
3712 422 3949 495 Πατρὸς.

520 529 693 585 cebat
711 527 831 584 Joel
862 544 922 581 :u
945 526 1278 592 Effundam,
1306 548 1334 575 υ
1359 524 1461 581 sed
1484 523 1557 578 de
1578 522 1833 577 Christo.
1858 545 1883 571 α
1917 519 2171 575 Promis-

521 617 937 688 sione,inquit.
965 623 1207 687 accepta
1228 637 1255 665 η
1290 632 1325 670 a
1359 615 1522 669 Patre
1548 631 1560 668 :
1591 613 1684 668 vel
1712 629 1829 684 qua
1855 611 1979 683 ipse
2006 609 2175 665 nobis

520 707 830 778 discipulis
861 704 1154 777 promisit,
1179 705 1417 760 dicens:
1450 724 1470 749 ι
1494 705 1562 757 Et
1594 703 1777 758 alium
1804 701 2174 757 Paracletum

518 798 751 853 mittam
784 795 949 852 vobis
972 795 1018 831 ³³
1044 817 1059 862 ;
1114 819 1142 846 ››
1175 796 1265 850 vel
1295 812 1413 866 qua
1443 797 1616 850 Pater
1665 799 1803 849 ante
1834 792 2174 864 passionem

517 887 631 958 ipsi
664 887 940 959 promisit
968 904 1104 941 cum
1162 886 1278 941 ait:
1340 912 1358 933 ι
1396 886 1465 939 Et
1494 883 1816 957 gloriﬁcavi
1848 888 1908 937 et
1938 899 2173 938 rursum

515 979 860 1049 glorificabo
884 978 949 1034 ⁸⁸.
976 1000 1005 1028 ››
1031 977 1490 1032 Promissionem
1525 992 1660 1030 vero
1693 974 1849 1029 Patri
1882 974 2171 1044 attribuit,

518 1086 857 1125 sermonem
890 1077 1314 1141 attemperans,
1338 1076 1404 1123 ut
1431 1067 1666 1123 facilius
1697 1066 1768 1122 ab
1800 1065 2172 1121 auditoribus

519 1159 1282 1230 suscipiaturQumcunque
1310 1158 1470 1213 enim
1494 1156 1709 1211 dixerit
1730 1154 2170 1228 quispiam.nisi

517 1248 589 1304 ad
622 1248 681 1304 id
713 1248 870 1319 quod
897 1249 1041 1304 utile
1070 1256 1158 1304 est
1180 1248 1482 1315 direxerit,
1514 1248 1735 1302 frustra
1755 1253 1813 1301 et
1837 1263 1982 1302 vane
2005 1245 2169 1300 dicit.

517 1338 789 1393 Ostendit
818 1354 954 1410 ergo
978 1337 1137 1409 quod
1160 1338 1357 1410 ipsum
1388 1354 1531 1393 crux
1563 1353 1685 1392 non
1717 1336 1893 1392 modo
1926 1352 2046 1391 non
2078 1335 2168 1391 di-

517 1429 751 1496 minuit,
784 1446 988 1485 verum
1022 1430 1202 1484 etiam
1233 1428 1548 1483 clariorem
1581 1426 1859 1482 reddidit.
1892 1426 1993 1483 22
2026 1428 2169 1481 Nam

517 1520 675 1592 quod
705 1536 813 1592 per
839 1520 1128 1575 Joannem
1180 1519 1503 1591 Baptistam
1555 1517 1731 1574 etiam
1764 1520 1902 1573 ante
1934 1533 2169 1572 crucem

516 1609 790 1683 promisit
846 1611 1039 1679 Pater,
1096 1624 1345 1681 nempe:
1412 1631 1433 1657 ι
1500 1608 1629 1681 Ipse
1687 1624 1789 1663 vos
1854 1606 2174 1679 baptizabit

516 1698 738 1770 Spiritu
769 1704 973 1755 sancto
1004 1703 1064 1754 et
1092 1699 1213 1771 igni
1242 1698 1306 1765 ³⁵,
1344 1720 1364 1747 ο
1402 1697 1514 1754 hoc
1543 1702 1680 1770 post
1708 1714 1945 1753 crucem
1984 1697 2166 1754 dedit.

588 1879 659 1948 Il,
693 1880 881 1935 34-36.
915 1902 941 1929 ‹‹
971 1878 1084 1934 Sed
1138 1877 1280 1933 dicit
1336 1878 1462 1950 ipse
1498 1895 1511 1933 :
1557 1878 1715 1934 Dixit
1743 1879 2029 1934 Dominus
2059 1880 2169 1934 Do-

522 1989 550 2018 «
580 1968 745 2023 mino
776 1984 929 2025 meo.
961 1967 1100 2023 sede
1146 1983 1179 2023 a
1223 1966 1447 2023 dextris
1494 1968 1663 2030 meis.
1698 1967 1886 2023 donec
1918 1985 2169 2040 posuero

517 2080 546 2107 ‹‹
579 2057 854 2113 inimicos
885 2063 1018 2112 tuos
1049 2056 1378 2113 scabellum
1434 2056 1653 2129 pedum
1714 2064 1971 2113 tuorum.
2004 2061 2170 2113 Certo

510 2169 539 2198 ιι
572 2149 720 2204 sciat
747 2165 883 2217 ergo
913 2147 1188 2202 universa
1216 2147 1427 2202 domus
1454 2147 1635 2203 Israel
1661 2148 1818 2219 quod
1851 2149 2169 2204 Dominum

511 2260 538 2288 ‹‹
572 2253 640 2293 ac
670 2236 969 2292 Christum
1027 2237 1168 2292 fecit
1224 2237 1379 2292 Deus
1438 2237 1597 2293 hunc
1627 2238 1825 2293 Iesum
1859 2254 2037 2310 quem
2067 2256 2169 2295 vos

509 2349 537 2377 ‹‹
570 2326 969 2383 cruciﬁxistis.
997 2348 1026 2377 »

581 2416 708 2471 Jam
741 2432 862 2471 non
894 2433 1027 2471 cum
1063 2416 1467 2473 submissione
1500 2417 1783 2489 loquitur.
1804 2419 1949 2474 Nam
1973 2436 2043 2476 ex
2075 2419 2168 2475 his

512 2522 645 2577 quas
677 2506 833 2562 dicta
864 2513 1004 2561 sunt
1031 2508 1286 2579 sumpsit
1331 2507 1662 2563 audaciam.
1692 2508 1810 2563 Sed
1854 2508 1997 2579 quid
2040 2510 2117 2564 ail
2139 2509 2168 2565 ?

511 2594 676 2661 Quod
708 2595 886 2651 David
917 2595 1093 2651 dicit:
1124 2621 1143 2644 ι
1173 2597 1328 2651 Dixit
1348 2597 1637 2652 Dominus
1661 2598 1911 2653 Domino
1934 2615 2067 2653 meo
2097 2617 2110 2654 :
2138 2620 2165 2648 ››

512 2691 571 2742 et
601 2686 726 2758 ipso
755 2684 934 2741 David
958 2686 1449 2742 excellentiorum
1478 2687 1670 2759 ipsem
1693 2686 1973 2742 ostendit.
2001 2687 2167 2754 Quod

510 2773 560 2829 si
587 2773 766 2829 David
798 2780 965 2831 vocat
995 2775 1189 2847 ipsum
1243 2775 1580 2832 Dominum.
1616 2775 1803 2830 multo
1836 2776 2021 2849 magis
2052 2776 2166 2849 ipsi

508 2880 629 2918 non
660 2870 962 2935 respuent.
996 2864 1289 2919 Timorem
1342 2881 1577 2935 quoque
1610 2863 1730 2920 illis
1761 2866 2032 2920 immittit
2060 2866 2167 2921 ad-

508 2952 657 3009 dens
684 2969 697 3007 :
733 2974 759 3001 ‹‹
795 2953 991 3008 Donec
1021 2969 1274 3024 posuero
1307 2953 1582 3008 inimicos
1609 2962 1760 3010 tuos.
1790 2978 1809 3002 ι
1848 2955 1918 3008 Et
1947 2971 2022 3010 ne
2053 2955 2165 3010 sibi

509 3041 658 3097 fides
687 3058 807 3096 non
839 3041 1148 3105 habeatur,
1199 3040 1632 3111 subjectionem
1684 3043 1837 3099 Patri
1872 3043 2161 3101 attribuit.

507 3129 619 3185 Sed
647 3131 961 3204 magniﬁca
993 3131 1119 3187 haec
1150 3148 1354 3187 rursus
1376 3131 1449 3186 ad
1480 3132 1539 3186 id
1571 3132 1731 3203 quod
1762 3133 2049 3188 humilius
2073 3138 2164 3189 est

506 3219 971 3289 reducit,dicens
996 3237 1008 3276 :
1044 3244 1071 3271 ‹‹
1096 3221 1266 3276 Certo
1289 3236 1425 3294 ergo
1468 3221 1617 3277 sciat
1642 3222 1956 3279 universus
1978 3224 2163 3279 Israel

505 3308 663 3381 quod
696 3314 755 3364 et
784 3310 1101 3364 Dominum
1137 3315 1197 3364 et
1224 3309 1522 3365 Christum
1564 3311 1706 3365 fecit
1733 3312 1889 3366 Deus
1918 3311 2097 3367 hunc.
2134 3335 2162 3362 ››

504 3398 687 3457 Fecit.
712 3397 823 3454 hoc
846 3405 935 3453 est
957 3397 1252 3453 ordinavit
1281 3414 1349 3453 ac
1379 3399 1708 3463 constituit,
1733 3399 1836 3455 sed
1857 3416 1980 3455 non
2001 3401 2162 3472 quod

505 3486 699 3556 ipsam
730 3486 938 3541 fecerit
975 3487 1392 3542 substantiam.
1427 3486 1751 3543 Sublimius
1781 3496 1980 3545 autem
2012 3507 2163 3560 quo-

506 3574 825 3630 dammodo
848 3576 1097 3631 dixisset
1125 3576 1196 3631 de
1229 3576 1461 3632 Christo
1489 3582 1548 3633 et
1570 3578 1758 3650 magis
1784 3595 2161 3651 consequens

507 3663 581 3719 ad
612 3680 681 3720 ea
711 3681 843 3735 quas
877 3673 1301 3737 praecesserant
1329 3683 1343 3720 :
1375 3668 1545 3723 Certo
1577 3684 1713 3741 ergo
1745 3669 1894 3725 sciat
1923 3670 2157 3726 univer-

504 3769 605 3809 sus
636 3755 815 3810 Israel
850 3754 1008 3827 quod
1039 3771 1072 3811 a
1103 3755 1324 3811 dextris
1353 3756 1546 3812 Patris
1574 3757 1761 3815 sedet.

572 3844 642 3903 II.
676 3847 766 3908 37,
796 3846 883 3902 38.
921 3868 947 3895 ‹‹
983 3845 1082 3901 His
1116 3852 1314 3902 autem
1346 3846 1586 3914 auditis,
1641 3851 1983 3921 compuncti
2016 3858 2156 3907 sunt

500 3956 529 3985 ‹‹
561 3933 758 4001 corde,
774 3935 1169 4007 dixeruntque
1186 3935 1261 3992 ad
1279 3937 1520 3992 Petrum
1542 3954 1611 3993 ac
1629 3938 1896 4009 reliquos
1918 3947 2151 4012 aposto-

497 4044 526 4074 «
561 4022 690 4080 los:
723 4024 875 4089 Quid
905 4024 1213 4093 faciemus,
1257 4024 1368 4079 viri
1417 4024 1631 4081 fratres
1652 4025 1680 4080 ?
1718 4026 1923 4083 Petrus
1952 4035 2152 4084 autem

495 4133 524 4161 (ι
557 4111 707 4166 dixit
735 4111 809 4167 ad
837 4129 960 4169 eos.
997 4133 1026 4162 η

563 4200 645 4255 Ex
668 4216 736 4258 eo
762 4202 922 4272 quod
945 4216 1079 4257 cum
1101 4200 1468 4274 benignitate
1491 4204 1841 4260 concionem
1865 4210 2149 4263 tractave-

492 4290 589 4359 rit,
620 4289 696 4345 ad
723 4292 1247 4363 compunctionem
1306 4308 1405 4349 eos
1463 4293 1726 4351 deduxit.
1768 4294 2147 4371 Κατενύγησαν

490 4395 648 4449 vero,
680 4379 793 4436 hoc
825 4386 933 4447 est,
968 4381 1233 4452 percussi
1268 4388 1444 4437 sunt:
1479 4390 1795 4441 senserunt
1824 4386 1983 4441 enim
2016 4387 2149 4442 ani-

490 4485 649 4524 mam
683 4486 813 4540 quae
844 4470 1006 4542 ipsos
1039 4470 1514 4527 condemnabat:
1563 4473 1695 4529 ideo
1725 4475 2144 4533 remissionem

492 4563 807 4628 quarunt:
869 4563 928 4613 et
986 4564 1295 4615 mansuete
1354 4577 1455 4616 eos
1504 4560 1717 4617 fratres
1749 4569 1963 4619 vocant
1992 4582 2143 4635 quos

489 4645 657 4718 prius
680 4646 1030 4703 irridebant.
1057 4650 1179 4703 Non
1208 4648 1488 4704 dixerunt
1507 4657 1703 4706 autem
1724 4654 1951 4721 fratres,
1976 4655 2145 4725 quasi

485 4751 595 4807 per
625 4735 967 4805 hujusmodi
1001 4738 1464 4809 appellationem
1487 4740 1949 4812 adaequarentur
1976 4742 2142 4814 ipsis,

485 4825 586 4880 sed
609 4835 891 4895 quantam
914 4843 1050 4901 erga
1068 4828 1205 4884 illos
1226 4824 1687 4886 familiaritatem
1705 4832 2143 4888 contraxissent

484 4914 905 4971 ostendentes:
942 4923 1001 4971 et
1032 4918 1317 4988 quoniam
1349 4920 1559 4974 Petrus
1597 4936 1834 4991 quoque
1865 4921 1938 4976 ab
1968 4921 2139 4977 initio

488 5005 784 5058 sermonis
813 5004 895 5059 ita
925 5022 1027 5061 eos
1058 5014 1383 5073 vocaverat,
1417 5006 1557 5063 inde
1607 5008 1908 5065 habebant
1936 5015 1995 5065 et
2024 5010 2139 5082 ipsi

482 5107 687 5147 ansam
719 5093 802 5148 ita
834 5110 933 5149 eos
964 5096 1328 5167 appellandi.

551 5181 622 5248 II,
656 5181 836 5239 38-42.
862 5206 889 5233 ‹‹
917 5184 1265 5256 Resipiscite
1290 5191 1348 5241 et
1367 5186 1696 5258 baptizetur
1724 5189 2137 5261 unusquisque

484 5292 512 5319 «
543 5278 801 5327 vestrum
835 5273 892 5328 in
922 5277 1163 5332 nomine
1193 5277 1328 5331 Jesu
1360 5277 1576 5333 Christi
1616 5279 1689 5334 ad
1719 5281 2135 5336 remissionem

483 5383 511 5411 ι(
544 5369 922 5433 peccatorum
950 5378 963 5418 :
990 5371 1048 5419 et
1071 5366 1376 5437 accipietis
1396 5367 1620 5423 donum
1644 5367 1898 5441 Spiritus
1920 5371 2131 5426 sancti.

482 5472 510 5501 «
542 5449 722 5505 Vobis
741 5453 900 5508 enim
923 5453 1079 5510 facta
1097 5461 1190 5511 est
1205 5458 1521 5527 promissio
1540 5459 1641 5516 28
1659 5467 1719 5515 et
1735 5460 1877 5517 ﬁliis
1894 5462 2127 5533 vestris,

402 5538 405 5545 ί
480 5562 510 5591 ‹‹
534 5542 933 5617 omnibusque
953 5545 1055 5617 qui
1078 5546 1255 5620 longe
1276 5547 1514 5621 absunt,
1537 5557 1922 5626 quotcunque
1951 5552 2128 5610 advo-

547 5667 597 5706 ⁸³
624 5668 793 5729 Joan.
824 5688 939 5744 xiv,
976 5675 1061 5729 16.
1139 5672 1187 5710 ⁸⁸
1212 5674 1378 5733 Joan.
1411 5693 1510 5747 xu,
1543 5679 1631 5735 28.
1711 5679 1756 5718 ³⁸
1784 5678 1985 5737 Matth.
2020 5696 2103 5751 III,
2139 5680 2228 5739 11.

2173 4520 2221 4586 D

2287 507 2472 591 ἔλεγεν
2504 514 2671 585 Ἰωὴλ
2701 516 2787 585 τὸ,
2821 539 2849 567 ι(
2885 515 3123 590 Ἐκχεῶ,
3158 538 3186 567 »
3220 510 3368 569 ἀλλὰ
3396 513 3522 589 περὶ
3554 516 3649 570 τοῦ
3686 516 3946 589 Χριστοῦ.

2286 628 2314 656 ι(
2348 606 2457 674 Τήν
2492 603 2818 681 ἐπαγγελίαν
2880 600 2937 660 δὲ
2991 599 3204 675 λαϐὼν,
3239 629 3268 657 ››
3329 604 3486 684 φησὶ,
3528 604 3675 680 παρὰ
3704 608 3801 658 τοῦ
3832 607 3948 658 Πα-

2285 694 2435 769 τρὸς,
2534 696 2595 764 ἢν
2640 694 2802 757 αὐτὸς
2854 696 2990 769 ἡμῖν
3039 699 3157 756 τοῖς
3222 697 3491 769 μαθηταῖς
3545 690 3946 772 ἐπηγγείλατο,

2282 785 2366 853 τὸ,
2427 809 2453 837 α
2490 784 2595 841 Καὶ
2653 783 2828 841 ἄλλον
2884 783 3248 860 Παράκλητον
3300 782 3490 859 πέμψυ
3526 783 3680 859 ὑμῖν,
3715 807 3745 834 »
3792 782 3828 853 ἢ
3876 780 3947 852 ἧν

2282 877 2470 946 Πατὴρ
2503 875 2609 946 πρὸ
2664 881 2763 931 τοῦ
2821 878 3028 938 πάθους
3083 876 3232 948 αὐτῷ
3266 874 3668 954 ἐπηγγείλατο,
3701 871 3792 930 διὰ
3820 877 3943 942 τοῦ,

2281 990 2309 1017 ‹‹
2346 965 2448 1021 Καὶ
2507 964 2733 1036 ἐδόξασα
2788 965 2881 1021 καὶ
2932 964 3098 1021 πάλιν
3151 961 3387 1036 δοξάσω.
3443 988 3471 1016 ››
3513 969 3601 1038 Τῷ
3658 964 3828 1038 Πατρὶ
3882 960 3944 1019 δὲ

2280 1054 2561 1125 ἀνατίθησι
2637 1057 2739 1126 τήν
2821 1053 3180 1133 ἐπαγγελίαν,
3241 1054 3544 1124 συσκιάζων
3610 1054 3702 1111 τὸν
3763 1051 3942 1129 λόγον

2279 1145 2417 1219 πρὸς
2473 1146 2535 1200 τὸ
2593 1143 2991 1217 εύπαράδεκτον
3052 1150 3160 1200 τῶν
3215 1144 3518 1218 ἀκροατῶν.
3572 1144 3709 1202 Ὅσα
3739 1142 3845 1221 γὰρ
3877 1141 3942 1199 ἂν

2280 1232 2407 1310 εἷ’πῃ
2439 1256 2544 1303 τις,
2604 1234 2652 1290 εἴ
2712 1235 2787 1308 μή
2837 1235 2975 1310 πρὸς
3022 1235 3086 1290 τὸ
3134 1234 3414 1313 συμφέρον
3442 1231 3785 1304 τελευτήσει,
3814 1232 3939 1302 εἰκῆ

2278 1325 2372 1380 καὶ
2426 1325 2601 1398 μάτην
2653 1323 2827 1402 λέγει.
2874 1324 3150 1380 Δείκνυσιν
3213 1323 3304 1379 οῦν
3361 1324 3447 1380 ὅτι
3505 1324 3534 1378 6
3592 1321 3823 1396 σταυρὸς
3875 1322 3943 1379 ού

2284 1418 2446 1489 μόνον
2477 1414 2637 1471 αὐτὸν
2683 1416 2782 1471 ούκ
2830 1413 3166 1485 ἠλάττωσεν,
3220 1412 3369 1470 ἀλλὰ
3423 1415 3511 1470 καὶ
3547 1410 3942 1490 λαμπρότερον

2280 1505 2589 1582 εἰργάσατο.
2621 1506 2689 1564 Ὃ
2721 1506 2825 1582 γὰρ
2865 1505 2955 1561 καὶ
3015 1502 3104 1560 διὰ
3162 1508 3261 1561 τοῦ
3318 1503 3569 1562 Ἰωάννου
3597 1507 3695 1560 τοῦ
3726 1506 3943 1562 Βαπτιο

2280 1599 2411 1651 στοῦ
2469 1595 2576 1672 πρὸ
2631 1599 2730 1652 τοῦ
2790 1599 3024 1671 σταυροῦ
3082 1592 3459 1672 ἐπηγγείλατο
3511 1594 3540 1649 6
3579 1594 3795 1670 Πατὴρ,
3854 1593 3944 1665 τὸ,

2281 1711 2310 1737 ι(
2339 1684 2515 1747 Αὐτὸς
2549 1686 2690 1758 ὑμᾶς
2726 1685 2975 1761 βαπτίσει
3023 1683 3075 1741 ἐν
3120 1684 3393 1760 Πνεύματι
3420 1681 3566 1763 ἁγίῳ
3594 1683 3687 1740 καὶ
3716 1682 3875 1759 πυρὶ,
3915 1707 3946 1737 ››

2205 1802 2249 1865 Β
2278 1780 2440 1832 τοῦτο
2470 1776 2605 1851 μετὰ
2636 1777 2729 1832 τὸν
2760 1776 2989 1852 σταυρὸν
3023 1772 3245 1831 ἔδωκεν.

2351 1890 2380 1917 ‹‹
2413 1872 2573 1940 Λεγει
2621 1863 2680 1921 δὲ
2727 1865 2917 1927 αὐτός’
2983 1864 3148 1920 Εἶπεν
3176 1865 3206 1920 6
3237 1863 3439 1935 Κύριος
3471 1868 3553 1937 τῷ
3594 1863 3776 1936 Κυρίῳ
3811 1884 3948 1937 μου,

2280 1980 2307 2010 ι(
2344 1956 2523 2020 Κάθου
2555 1954 2614 2011 ἐκ
2645 1952 2831 2029 δεξιῶν
2864 1975 2990 2028 μου,
3037 1952 3144 2016 ⁴ἕως
3196 1952 3258 2008 ἂν
3308 1955 3391 2010 θῶ
3419 1954 3547 2016 τοὺς
3577 1951 3812 2029 ἐχθρούς
3845 1974 3948 2009 σου

2281 2069 2305 2101 ι
2340 2043 2638 2102 ὑποπόδιον
2695 2051 2803 2102 τῶν
2854 2043 3040 2101 ποδῶν
3098 2065 3217 2100 σου.
3277 2043 3572 2122 ’Δσφαλῶς
3629 2041 3724 2099 οῦν
3770 2064 3946 2119 γινω-

2278 2159 2306 2188 ‹‹
2341 2133 2513 2191 σκέτω
2542 2141 2647 2197 πᾶς
2693 2135 2844 2197 οἶκος
2899 2134 3144 2209 Ἰσραὴλ,
3210 2132 3294 2189 ὅτι
3324 2133 3519 2209 Κύριον
3569 2133 3658 2189 καὶ
3690 2134 3948 2210 Χρνστὸν

2278 2249 2305 2280 ι
2339 2225 2503 2281 αὐτὸν
2552 2226 2581 2280 6
2638 2225 2768 2287 Θεὸς
2826 2222 3053 2295 ἐποίησε
3106 2227 3297 2281 τοῦτον
3329 2225 3421 2279 τὸν
3454 2224 3664 2294 Ἰησοῦν
3693 2222 3751 2278 ὅν
3781 2223 3948 2299 ὑμεῖς

2280 2341 2301 2368 ι
2337 2315 2729 2388 ἐσταυρώσατε.
2766 2337 2792 2369 ι

2345 2404 2461 2463 Ούκ
2490 2402 2569 2461 ἔτι
2602 2406 2713 2480 μεθτ
2755 2404 3066 2475 ὑποστολῆς
3102 2403 3274 2480 λέγει.
3334 2404 3495 2480 Ἔχει
3546 2402 3651 2479 γὰρ
3680 2401 3788 2459 ἀπὸ
3821 2401 3942 2459 τῶν

2272 2494 2575 2569 εἰρημένων
2605 2495 2824 2567 θάρσος.
2858 2492 3032 2553 Ἀλλὰ
3079 2492 3134 2550 τί
3182 2512 3385 2571 φησιν,
3444 2492 3529 2549 ὅτι
3561 2491 3725 2549 Δαυῒδ
3759 2493 3941 2568 λέγει’

2275 2609 2303 2637 ‹‹
2333 2585 2497 2641 Εἶπεν
2549 2585 2577 2639 6
2636 2584 2837 2656 Κύριος
2894 2588 2975 2657 τῷ
3032 2583 3216 2660 Κυρίῳ
3255 2604 3384 2657 μου,
3432 2607 3461 2636 ››
3506 2583 3597 2639 καὶ
3632 2586 3732 2640 τοῦ
3767 2578 3942 2639 Δαυῒδ

2276 2672 2616 2748 ὑψηλότερον
2668 2675 2831 2729 αὐτὸν
2888 2671 3204 2754 ἀποφαίνει.
3267 2671 3330 2730 Εἰ
3389 2670 3450 2729 Si
3506 2670 3671 2729 Δαυὶδ
3731 2671 3939 2748 Κύριον

2272 2762 2435 2819 αὐτὸν
2465 2760 2646 2832 καλεῖ,
2677 2761 2878 2835 πολλῷ
2913 2767 3129 2836 μᾶλλον
3166 2761 3324 2819 αὐτοὶ
3378 2761 3480 2817 οὐκ
3530 2760 3941 2833 άπαξιώσουσι.

2274 2851 2377 2909 Καὶ
2409 2849 2581 2928 φόϐον
2641 2849 2702 2907 δὲ
2752 2850 3034 2924 ἐφίστησιν
3084 2851 3273 2915 αὐτοῖς
3326 2847 3422 2907 ,διὰ
3474 2854 3594 2921 τοῦ,
3628 2877 3655 2905 α
3694 2854 3838 2914 *Εως
3875 2851 3939 2908 ἂν

2271 2947 2349 3001 θῶ
2380 2945 2509 3010 τους
2552 2944 2785 3021 ἐχθρούς
2839 2967 2958 3005 σου.
2990 2967 3018 2998 ι
3074 2946 3180 3003 Καί
3233 2942 3331 3000 ⁹ίνα
3390 2946 3468 3018 μή
3499 2944 3819 3015 άπιστῆται,
3854 2949 3939 3019 τῷ

2272 3037 2443 3111 Πατρὶ
2499 3038 2599 3104 τὴν
2658 3034 2912 3106 ὑπόταξιν
2968 3034 3305 3105 ἀνατίθησιν.
3360 3031 3541 3093 Ἀλλά
3594 3034 3664 3091 τὰ
3721 3032 3942 3109 μεγάλα

2270 3130 2440 3182 ταῦτα
2470 3125 2638 3181 πάλιν
2670 3123 2757 3182 ἐπὶ
2798 3125 2860 3180 τὸ
2907 3126 3286 3199 ταπεινότερον
3314 3126 3561 3202 κατάγει,
3598 3148 3628 3179 ιι
3660 3118 3943 3201 Ἀκριϐῶς

2216 3216 2233 3237 Δ
2276 3214 2363 3239 ,τμη
2452 3214 2568 3239 ,τμλ
2611 3237 2617 3239 _
2701 3236 2747 3239 --ν
2799 3212 3008 3239 ..-μζ-η
3077 3219 3174 3239 _‘3_
3230 3211 3444 3239 IY__._-‘_\
3540 3214 3616 3239 1'..-
3674 3210 3761 3239 --.Α
3824 3213 3905 3239 τι]

2272 3214 2388 3286 οῦν,
2449 3214 2641 3284 εἰπὼν,
2698 3212 3016 3291 γινωσκέτω
3071 3219 3175 3277 πᾶς
3230 3211 3479 3290 Ἰσραὴλ,
3537 3214 3621 3270 δτι
3674 3211 3763 3269 καὶ
3822 3213 3939 3271 Κύ-

2271 3326 2387 3380 ριον
2414 3304 2505 3360 καὶ
2537 3304 2774 3380 Χριστὸν
2807 3305 2835 3360 6
2866 3306 2996 3368 Θεὸς
3024 3304 3186 3360 αὐτὸν
3226 3301 3471 3376 ἐποίησε.
3504 3326 3534 3356 »
3569 3302 3670 3373 Τὸ,
3700 3302 3940 3375 Ἐποίη-

2270 3416 2375 3462 σεν,
2407 3393 2526 3449 ἀντὶ
2582 3398 2681 3449 τοῦ
2738 3393 2993 3465 κατέταξε
3049 3392 3141 3449 καὶ
3197 3389 3516 3464 κατέστησε,
3566 3394 3764 3470 φήσας,
3796 3389 3940 3448 ἀλλ’

2269 3484 2399 3557 ούχὶ
2431 3487 2551 3553 τοῦ,
2584 3482 2855 3539 ούσίωνεν.
2892 3480 3261 3558 Ὑψηλότερον
3295 3479 3355 3538 δέ
3384 3504 3502 3545 πως
3536 3480 3595 3537 ἃν
3636 3482 3755 3537 εἶπε
3800 3482 3936 3558 περὶ

2267 3577 2525 3642 Χριστοῦ,
2558 3573 2794 3636 καὶτοῖς
2853 3572 3237 3649 προκειμένοις
3292 3571 3619 3630 ἀκόλουθον
3653 3567 3936 3648 Ἀκριϐὦς

2266 3662 2359 3719 οὖν
2389 3661 2702 3737 γινωσκέτω
2754 3667 2859 3726 πᾶς
2886 3660 3141 3738 Ἰσραὴλ,
3198 3661 3284 3719 ὅτι
3341 3664 3401 3719 ἐκ
3452 3659 3640 3736 δεξιῶν
3675 3665 3771 3718 τοῦ
3804 3667 3937 3718 Πα-

2264 3754 2393 3825 τρὸς
2415 3753 2673 3825 κάθηται.

2336 3869 2362 3896 ‹‹
2397 3843 2751 3905 Ἀκούσαντες
2811 3840 2889 3912 δὲ,
2948 3842 3316 3916 κατενύγησαν
3370 3844 3441 3916 τῇ
3501 3839 3718 3918 καρδίᾳ,
3767 3841 3932 3898 εἶπόν

2261 3959 2289 3988 ιι
2319 3955 2379 3991 τε
2407 3934 2543 4009 πρὸς
2591 3936 2685 3990 τὸν
2718 3932 2918 4009 Πέτρον
2972 3933 3065 3990 καὶ
3119 3931 3250 3997 τοὺς
3286 3930 3518 3995 λοιποὺς
3549 3931 3922 3996 ἀποστόλουςι

2263 4050 2286 4078 ι
2320 4026 2382 4080 Τί
2406 4027 2735 4101 ποιήσομεν,
2766 4021 2951 4101 ἄνδρες
2978 4020 3248 4105 ἀδελφοί;
3280 4021 3482 4099 Πέτρος
3515 4019 3572 4079 δὶ
3621 4015 3721 4104 ἔφη
3775 4022 3923 4097 πρὸς

2265 4139 2286 4167 ι
2319 4113 2534 4176 αὐτούς.
2571 4138 2601 4167 υ

2329 4203 2408 4260 Τὸ
2443 4203 2559 4277 μετ’
2611 4201 2903 4266 ἐπιεικείας
2965 4198 3450 4278 μεταχειρίσασθαι
3507 4201 3606 4271 τὴν
3660 4198 3927 4276 δημηγο-

2256 4292 2400 4370 ρίαν,
2433 4292 2513 4356 sic;
2561 4292 2845 4364 κατάνυξιν
2902 4291 3101 4354 αὐτοὺς
3151 4291 3349 4370 ἤγαγε.
3401 4293 3472 4349 Τὸ
3504 4288 3583 4362 δὶ,
3613 4290 3926 4365 κατενύγη-

2255 4401 2368 4453 σαν,
2400 4380 2516 4437 άντὶ
2544 4385 2664 4452 τόῦ,
2692 4379 3038 4458 ἐπλήγησαν,
3068 4376 3266 4437 ἶπαθον
3313 4381 3413 4452 τήν
3460 4380 3673 4456 ψυχὴν,
3705 4379 3918 4433 ἑαυτῶν

2252 4469 2608 4547 κατέγνωσαν.
2669 4471 2764 4527 Διὸ
2816 4470 2907 4527 καὶ
2968 4474 3195 4542 ζητοῦσι
3252 4474 3349 4525 τοῦ
3388 4466 3558 4526 κακοῦ
3612 4470 3786 4537 λύσιν,
3818 4467 3920 4523 καὶ

2252 4560 2611 4624 οἲκειωτικῶς
2661 4560 2861 4622 αὐτοὺς
2914 4558 3188 4639 ἀδελφοὺς
3238 4558 3523 4631 καλοῦσιν,
3566 4559 3659 4623 οὕς
3716 4562 3921 4638 πρώην

2248 4648 2567 4726 ἐχλεύαζον.
2601 4650 2718 4708 Ούκ
2746 4650 2798 4722 ἐξ
2830 4649 3087 4722 ἰσότητος
3120 4649 3178 4706 δὲ
3224 4651 3310 4720 τὸ,
3335 4646 3593 4729 ἀδελφοὶ,
3623 4649 3800 4721 εἶπον,
3831 4652 3918 4717 ὦς

2246 4741 2676 4815 παρισαζόμενοι
2732 4739 2919 4801 αὐτοῖς
2989 4737 3078 4796 διὰ
3147 4747 3248 4811 τῆς
3308 4739 3573 4810 τοιαύτης
3628 4738 3915 4815 κλήσεως,

2250 4828 2381 4885 ἀλλ’
2438 4832 2572 4907 ὅρον
2630 4830 2767 4904 πρὸς
2824 4829 3022 4891 αὐτοὺς
3082 4829 3436 4903 ᾠηιὼθησαν
3488 4827 3915 4905 ἐνδεικνύμενοι.

2252 4919 2351 4976 Καὶ
2406 4917 2592 4990 ἐπειδή
2648 4920 2738 4975 καὶ
2797 4923 2999 4986 Ιιέτρος
3030 4916 3342 4999 ἀρχόμενος
3376 4922 3474 4976 τοῦ
3506 4917 3681 4999 λόγου
3715 4918 3922 4977 ἐκάλε-

2248 5030 2333 5065 σεν
2366 5007 2562 5065 ἐκεῖθεν
2591 5009 2746 5086 εἶχον
2800 5010 2890 5065 καὶ
2949 5008 3111 5065 αὐτοὶ
3165 5014 3264 5066 τοῦ
3319 5009 3465 5066 οὕτω
3495 5008 3677 5066 κελεῖν
3706 5009 3916 5076 αὐτοὺς

2246 5099 2529 5179 ἀφορμήνο

2319 5215 2347 5243 ιι
2383 5190 2766 5261 Μετανοήσατε
2820 5187 2911 5243 καὶ
2972 5188 3329 5265 βαπτισθήτω
3368 5186 3594 5254 ἕκαστος
3633 5190 3785 5265 ὑμῶν
3816 5188 3916 5248 ἐπὶ

2247 5284 2383 5351 «τῷ
2414 5276 2641 5352 ὀνόματι
2703 5280 2883 5350 Ἰησοῦ
2942 5281 3183 5354 Χριστοῦ
3239 5282 3316 5342 είς
3373 5277 3559 5358 ἔτεσιν
3594 5280 3915 5358 ἁμαρτιῶν³

2245 5396 2272 5424 ‹‹
2305 5368 2395 5424 καὶ
2454 5366 2696 5442 λήψεσθε
2751 5369 2851 5439 τήν
2914 5364 3121 5443 δωρεὰν
3179 5372 3279 5426 τοῦ
3340 5370 3496 5445 ἁγίου
3564 5370 3909 5447 Πνεύματος.

2242 5485 2271 5513 α
2301 5460 2457 5533 Ὑμῖν
2516 5457 2621 5535 γὰρ
2681 5457 2824 5514 ἐστιν
2888 5459 2925 5529 ἡ
3005 5456 3311 5535 ἐπαγγελία
3365 5461 3455 5516 καὶ
3513 5465 3633 5522 τοῖς
3685 5463 3907 5527 τέκνοις

2246 5572 2272 5605 ι
2309 5549 2485 5623 ὑμῶν,
2514 5547 2605 5604 καὶ
2652 5550 2783 5603 πᾶσι
2833 5552 2952 5609 τοῖς
2986 5545 3065 5611 εἷς
3099 5549 3336 5625 μακρὰν,
3370 5546 3532 5615 ὅσους
3563 5547 3625 5607 ἂν
3654 5570 3912 5630 apem.
