4160 6446
283 372 342 432 ’Π
1233 369 1648 434 COMMENT.
1697 368 1773 429 ΙΝ
1823 367 2018 429 ACTA
2071 367 2682 432 APOSTOLORUM.
3613 377 3694 437 78

297 499 798 574 αλὲοηταιῐζῦριος
833 501 1034 565 ὁθεὸς
1081 503 1262 577 ἡμῶν.
1323 501 1564 577 Ἐτὲροις
1621 521 1680 556 τε
1738 499 1928 574 λόγοις

2055 518 2074 548 ι
2107 501 2326 558 caverit
2373 503 2662 558 Dominus
2721 504 2874 560 Deus
2925 508 3146 562 noster.
3203 505 3470 581 Aliisque
3499 509 3694 567 verbis

293 591 547 648 «πλείοσι
579 590 987 670 διεμαρτύρετο
1046 593 1135 647 καὶ
1195 589 1514 668 παρεκάλει,
1572 590 1768 665 λέγων·
1832 587 1940 645 Σώ-

293 711 316 736 ι(
344 696 460 754 θητε
487 685 598 740 ἀπὸ
629 691 731 752 τῆς
795 691 986 760 γενεᾶς
1036 687 1134 749 τῆς
1190 683 1414 744 σκολιᾶς
1479 683 1705 751 ταύτης.
1739 681 1807 738 Οἱ
1842 679 1936 752 μὶν

289 800 312 828 α
341 775 423 830 οὖν
451 775 708 847 ἀσμένως
742 771 1145 846 ἀποδεξάμενοι
1192 773 1285 828 τὸν
1342 770 1512 847 λόγον
1561 770 1753 840 αὐτοῦ,
1813 765 1938 824 ἐϐα-

335 865 657 932 πτίσθησαν.
723 866 823 922 Καὶ
885 865 1286 940 προσετέθησαν
1336 866 1407 936 τῇ
1493 863 1677 937 ἡμὲρᾳ
1761 860 1938 934 ἐκείνῃ

287 956 504 1035 αιξνυχαῖ
541 953 671 1009 ὡσεὶ
713 951 1054 1031 τρισχίλιαι.
1107 953 1281 1009 Ἦσαν
1343 949 1401 1007 δὲ
1457 953 1936 1026 προσκαρτεροῦν-

285 1070 310 1096 α
339 1065 419 1109 τες
444 1049 513 1118 τῇ
547 1042 756 1120 διδαχῇ
787 1049 898 1100 τῶν
932 1042 1284 1110 ἀποστόλων,
1313 1041 1406 1098 καὶ
1432 1045 1502 1107 τῆ
1536 1041 1820 1112 κοινωνίᾳ,
1845 1038 1935 1093 καὶ

285 1161 310 1188 α
339 1137 402 1208 τῇ
440 1133 635 1190 κλάσει
663 1139 762 1190 τοῦ
787 1132 983 1210 ἄρτοῦ,
1010 1134 1098 1189 καὶ
1134 1138 1256 1195 ταῖς
1287 1135 1647 1207 προσευχαῖς.
1683 1154 1711 1181 ››

343 1315 429 1376 Ὠς
457 1313 678 1369 πάντων
709 1313 887 1387 στόμα
911 1317 1022 1368 τῶν
1087 1311 1414 1368 ἀποστόλων
1455 1303 1933 1386 προϐεϐλημένος,

284 1404 424 1482 φησὶ,
458 1405 843 1474 Μετανοήσατε
871 1405 957 1458 καὶ
1025 1403 1405 1478 βαπτισθήτω,
1456 1399 1543 1467 οὐ,
1587 1397 1932 1468 Πιστεύσατε,

284 1492 441 1566 ἀλλὰ,
475 1518 498 1547 ι
537 1493 920 1564 Βαπτισθήτω.
956 1515 982 1544 ι
1016 1495 1184 1547 Τοῦτο
1216 1490 1323 1567 γὰρ
1355 1492 1383 1545 ὁ
1415 1487 1671 1562 θεμὲλιος
1713 1492 1821 1542 τῶν
1857 1485 1934 1549 εἷς

279 1584 511 1660 Χριστὸν
541 1583 928 1639 πιστευόντων.
981 1585 1150 1638 Τοῦτο
1210 1582 1303 1637 οὗν
1359 1585 1576 1654 πρῶτον
1632 1578 1796 1652 ἀξιοῖ,
1840 1578 1932 1632 καὶ

282 1674 408 1748 μετᾶ
438 1675 604 1729 τοῦτο
637 1671 822 1748 ἐπάγει
853 1672 915 1728 τὸ
945 1672 1084 1748 πρὸς
1115 1674 1196 1743 τῷ
1246 1667 1492 1744 θεμελίῳ
1538 1665 1725 1738 τέλος,
1774 1690 1802 1719 ι(
1830 1666 1930 1736 τήν

280 1760 480 1839 δωρεὰν
514 1760 694 1838 λέγων
723 1765 822 1816 τοῦ
880 1761 1032 1836 ἁγίου
1086 1758 1420 1834 Πνεύματος,
1457 1783 1478 1809 ι
1518 1757 1593 1820 ὡς
1627 1753 1717 1811 διὰ
1766 1756 1931 1829 μέσου

2053 611 2081 639 ι‹
2116 590 2390 662 plurimis
2449 592 2879 648 testiﬂcabatur
2934 600 2993 649 et
3077 595 3502 653 exhortabatur
3575 615 3697 668 eos,

2053 679 2322 735 «dicens
2381 697 2394 734 :
2457 680 2784 737 Servemini
2851 683 2923 738 ab
3005 685 3114 740 hac
3200 703 3375 757 prava
3459 704 3710 761 genera-

2056 771 2297 826 utione.
2357 773 2583 843 Itaque,
2645 775 2744 844 qui
2806 774 3064 829 libenter
3130 785 3522 848 susceperunt
3581 796 3709 835 ser-

2050 881 2078 909 ‹‹
2111 876 2350 915 monem
2384 863 2535 932 ejus,
2570 863 2846 934 baptizati
2880 869 3020 919 sunt
3051 881 3064 918 :
3124 871 3183 919 et
3228 869 3513 938 appositas
3565 874 3707 926 sunt

2047 970 2076 998 «
2112 949 2214 1003 illo
2247 949 2344 1004 die
2388 951 2604 1006 animai
2663 951 2903 1008 circiter
2962 960 3052 1009 ter
3107 955 3294 1010 mille.
3356 958 3538 1013 Erant
3591 977 3702 1015 au-

2049 1043 2228 1094 «tem
2284 1047 2730 1111 perseverantes
2788 1043 2852 1097 in
2910 1043 3184 1099 doctrina
3257 1046 3586 1117 apostolica
3643 1055 3704 1104 et

2047 1149 2076 1177 «
2109 1129 2652 1186 communicatione
2683 1148 2751 1187 ac
2778 1132 3068 1188 tractione
3098 1134 3272 1205 panis
3305 1140 3364 1190 et
3417 1136 3708 1192 orationi-

2047 1239 2077 1269 «
2109 1217 2240 1275 bus.
2277 1242 2304 1271 »

2117 1309 2420 1380 Tanquam
2444 1328 2509 1367 os
2524 1313 2791 1368 omnium
2807 1313 3210 1386 apostolorum
3227 1313 3573 1390 designatus
3588 1318 3700 1374 ait:

2048 1397 2398 1470 Resipiscite
2431 1406 2488 1456 et
2518 1400 2870 1472 baptizetur,
2904 1420 3025 1459 non
3058 1410 3257 1459 autem
3289 1406 3545 1475 Credite,
3599 1406 3704 1463 sed

2047 1487 2415 1558 Baptizetur;
2451 1507 2590 1546 nam
2622 1491 2734 1547 hoc
2764 1492 3222 1549 fundamentum
3273 1501 3402 1550 erat
3451 1497 3702 1552 creden-

2044 1575 2193 1631 tium
2226 1577 2288 1632 in
2319 1578 2641 1635 Christum.
2670 1581 2787 1636 Hoc
2812 1597 2948 1654 ergo
2979 1583 3242 1654 primum
3269 1585 3439 1654 petit,
3474 1589 3532 1640 et
3548 1590 3705 1657 post-

2043 1664 2290 1722 modum
2325 1667 2507 1724 finem
2539 1687 2605 1725 ac
2636 1669 3063 1742 perfectionem
3112 1672 3504 1729 fundamento
3556 1674 3696 1730 sub-

2034 1755 2256 1828 jungit,
2283 1757 2521 1813 dicens:
2552 1781 2578 1811 ιι
2610 1758 2841 1816 Donum
2868 1761 3118 1833 Spiritus
3137 1763 3348 1828 sancti,
3368 1784 3396 1813 »
3413 1769 3699 1836 tanquam

266 1851 460 1909 τούτου
504 1858 609 1921 τῆς
657 1851 892 1913 πίστεως
952 1849 1408 1926 ἀναφαινομένης.
1463 1849 1558 1921 Τῷ
1618 1844 1674 1902 δὲ
1731 1845 1924 1901 εἰπεῖν·

2055 1844 2158 1900 fide
2190 1862 2296 1916 per
2325 1847 2452 1903 haec
2482 1849 2680 1905 media
2712 1849 3139 1908 demonstrata.
3174 1854 3286 1908 Per
3337 1853 3450 1909 hoc
3498 1860 3700 1910 autem

267 1943 479 2016 «Ὑμῖν
524 1941 633 2016 γὰρ
690 1942 728 2009 ἡ
779 1937 1081 2014 ἐπαγγελία
1133 1936 1223 1992 καὶ
1277 1941 1396 1998 τοῖς
1460 1938 1666 1998 τεκνοις
1751 1935 1926 2008 ὑμῶν,

261 2031 345 2086 καὶ
398 2037 534 2086 πᾶσι
595 2034 715 2091 τοῖς
777 2028 988 2104 μακρὰν
1049 2028 1139 2082 καὶ
1195 2033 1315 2089 τοῖς
1376 2026 1556 2102 ἐγγὺς,
1595 2051 1620 2077 υ
1680 2024 1927 2100 ἐμφαίνει

261 2125 320 2176 τὸ
353 2126 541 2194 μεῖζον
571 2127 672 2188 τῆς
705 2116 936 2192 δωρεᾶς,
969 2116 1046 2179 ὦς
1103 2117 1164 2172 οὗ
1222 2117 1386 2191 μόνον
1434 2115 1620 2177 αὐτοῖς
1666 2111 1932 2189 ἐπαρκού-

263 2232 375 2280 σης,
408 2208 560 2265 ἀλλὰ
609 2208 700 2264 καὶ
757 2213 874 2269 τοῖς
929 2209 1160 2269 τεκνοις.
1224 2205 1328 2264 Καὶ
1383 2207 1520 2281 πρὸς
1567 2205 1634 2259 τὰ
1691 2202 1815 2273 ἔθνη
1873 2200 1930 2258 δὲ

261 2295 727 2373 ἑπιδνψιλεύεταῖ.
761 2298 938 2354 Τοῦτο
979 2296 1083 2372 γὰρ
1141 2295 1362 2369 ᾐνίξατο
1425 2293 1514 2350 διὰ
1561 2298 1680 2362 τοῦ,
1742 2313 1763 2342 ι
1797 2293 1929 2353 Τοῖς

269 2392 490 2464 μικράν.
526 2419 551 2442 ιο
589 2385 718 2444 ἀλλ’
748 2387 795 2442 εἰ
824 2392 942 2449 τοῖς
981 2387 1212 2462 μακρὰν,
1244 2383 1446 2457 πολλῴ
1471 2383 1653 2455 δήπου
1707 2379 1924 2458 μᾶλλον

269 2483 383 2554 ὗμῖν
413 2485 538 2544 τοῖς
568 2478 754 2554 ἔγγύς.
789 2478 992 2534 Σκόπει
1023 2475 1081 2532 δε
1137 2475 1222 2533 ὅτι
1272 2477 1396 2533 τότε
1441 2477 1541 2546 τήν
1593 2479 1701 2530 τῶν
1763 2474 1925 2530 ἐθνῶν

271 2572 485 2647 ᾐνίξατο
517 2569 726 2636 πίστιν,
788 2567 878 2624 ὅτε
923 2567 1420 2643 κατανενυγμὲνους
1479 2567 1599 2640 εὗρε
1649 2565 1740 2620 καὶ
1796 2585 1928 2619 κατ-

269 2661 576 2735 εγνωκότας
611 2660 840 2715 ἑαυτῶν.
881 2659 1052 2732 Ψυχὴ
1107 2658 1208 2732 γὰρ
1279 2658 1403 2712 ὅταν
1445 2657 1641 2724 ἑαυτὴν
1699 2651 1929 2710 καταδι-

262 2753 418 2827 κάσῃ,
452 2750 559 2805 οὐκ
589 2747 672 2804 ἔτι
703 2749 917 2826 φθονεῖν
953 2745 1197 2803 δύναται.

332 2955 358 2983 α
392 2928 647 3008 Ἐγένετο
679 2925 739 2984 δὲ
767 2927 910 3003 πάσῃ
945 2929 1101 3003 ψυχῆ
1132 2920 1322 3006 φόϐος,
1373 2921 1562 2981 πολλά
1617 2945 1677 2979 τε
1734 2924 1932 2998 τέρατα

264 3047 290 3073 ι(
322 3023 408 3076 καὶ
440 3025 655 3091 σημεῖα
687 3016 778 3073 διὰ
804 3024 912 3072 τῶν
945 3017 1266 3072 ἀποστόλων
1328 3013 1562 3089 ἐγένετο.
1617 3015 1823 3076 Πάντας
1875 3010 1933 3067 δὲ

268 3135 295 3162 ιι
326 3113 382 3165 οἱ
413 3108 776 3171 πιστεύοντες
803 3108 938 3177 ἦσαν
970 3106 1056 3161 ἐπὶ
1092 3105 1153 3162 τὸ
1183 3105 1340 3168 αὐτὸ,
1371 3105 1462 3159 καὶ
1512 3104 1669 3179 εἶχον
1721 3102 1932 3158 ἃπαντα

267 3201 496 3256 εκοινά.
535 3198 644 3254 Καὶ
675 3196 744 3252 τὰ
791 3199 1048 3271 κτήματα
1098 3196 1188 3250 καὶ
1240 3195 1335 3256 τὰς
1395 3193 1647 3269 ὑπάρξεις
1697 3191 1930 3268 ἐπίπρα-

2040 1934 2200 2005 quod
2229 1936 2313 1990 ait
2339 1952 2353 1990 :
2387 1960 2415 1988 «
2444 1938 2621 1993 Vobis
2653 1940 2813 1995 enim
2848 1940 3002 1996 facta
3033 1948 3122 1996 est
3139 1943 3456 2014 promissio
3477 1950 3536 1999 et
3558 1945 3699 2001 ﬁliis

2041 2025 2270 2093 vestris,
2303 2029 2702 2101 omnibusque
2735 2031 2834 2102 qui
2894 2033 3067 2106 longe
3110 2050 3179 2089 ac
3229 2051 3415 2107 prope
3459 2043 3633 2091 sunt:
3668 2059 3697 2087 ››

2041 2115 2304 2170 ostendit
2334 2116 2471 2171 doni
2504 2120 3002 2190 magnitudinem,
3038 2128 3103 2175 ut
3133 2123 3291 2192 quod
3350 2139 3470 2178 non
3520 2124 3697 2179 modo

2041 2201 2189 2272 ipsis
2221 2205 2498 2268 sufficiat,
2536 2207 2639 2262 sed
2672 2214 2731 2262 et
2762 2209 2924 2264 ﬁliis.
2980 2218 3270 2281 praeterea
3318 2218 3376 2266 et
3420 2213 3697 2284 gentibus

2039 2289 2296 2363 benigne
2329 2294 2717 2352 exhibeatur:
2750 2313 2889 2353 nam
2923 2298 3032 2353 hoc
3063 2299 3265 2354 innuit
3293 2316 3401 2371 per
3443 2301 3504 2356 id
3536 2301 3698 2372 quod

2040 2380 2159 2435 ait:
2195 2402 2220 2434 ε
2256 2383 2356 2439 His
2389 2385 2489 2455 qui
2523 2384 2699 2458 longe
2755 2387 3007 2456 absunt;
3043 2410 3070 2437 ››
3117 2390 3282 2460 atqui
3331 2391 3409 2445 sit
3454 2391 3548 2446 his
3597 2391 3700 2462 qui

2041 2468 2215 2544 longe
2246 2472 2485 2542 absunt,
2517 2475 2709 2530 multo
2740 2478 2929 2549 magis
2963 2494 3106 2533 sane
3145 2479 3308 2534 vobis
3362 2481 3463 2551 qui
3511 2497 3696 2553 prope

2039 2561 2203 2617 estis.
2237 2563 2561 2620 Considera
2590 2581 2724 2621 vero
2785 2567 2944 2637 quod
3001 2573 3144 2624 tunc
3193 2570 3461 2642 gentium
3514 2570 3699 2626 fidem

2039 2650 2257 2720 innuit,
2292 2654 2530 2724 quando
2561 2661 2948 2727 compunctos
2981 2657 3206 2713 invenit
3249 2675 3318 2714 ac
3367 2675 3499 2715 esse
3553 2677 3699 2716 con-

2041 2739 2413 2798 demnantes.
2451 2743 2557 2800 Ubi
2590 2745 2750 2800 enim
2783 2747 3041 2817 seipsam
3074 2749 3278 2804 anima
3323 2749 3696 2806 condemna-

2041 2831 2211 2896 verit,
2234 2832 2363 2903 jam
2395 2833 2659 2890 invidere
2690 2851 2812 2889 non
2843 2841 3058 2906 potest.

2113 2921 2183 2983 Il,
2208 2924 2388 2977 43-46.
2417 2946 2444 2974 ‹‹
2469 2924 2680 2978 Factus
2709 2932 2801 2979 est
2819 2930 3020 2980 autem
3051 2927 3215 2982 omni
3247 2927 3462 2984 animas
3496 2929 3696 3000 timor,

2042 3031 2070 3059 ‹‹
2095 3011 2402 3082 multaque
2425 3013 2696 3085 prodigia
2717 3020 2774 3069 et
2795 3015 2964 3080 signa
2984 3033 3090 3086 per
3110 3017 3411 3088 apostolos
3434 3018 3696 3074 edeban-

2044 3121 2074 3149 «
2107 3106 2221 3155 tur.
2257 3102 2476 3157 Omnes
2507 3118 2644 3157 vero
2675 3103 2987 3160 credentes
3037 3113 3210 3162 erant
3260 3109 3589 3179 conjuncti,
3643 3113 3702 3163 et

2045 3211 2074 3241 α
2110 3191 2410 3247 habebant
2434 3193 2638 3247 omnia
2677 3195 3051 3249 communia:
3087 3201 3146 3250 et
3194 3198 3601 3266 possessiones
3631 3213 3700 3253 ac

268 3311 472 3358 «σχον,
532 3287 629 3342 καὶ
689 3283 998 3361 διεμέριζον
1052 3283 1188 3340 αὐτὰ
1245 3288 1398 3354 πᾶσι,
1453 3283 1644 3338 καθότι
1731 3281 1792 3337 ἄν
1846 3303 1929 3344 τις

2055 3307 2074 3336 ;‹
2109 3283 2474 3340 substantias
2501 3283 2856 3349 vendebant,
2881 3290 2941 3339 et
2960 3255 3400 3342 distribuebant
3423 3303 3493 3342 ea
3512 3285 3700 3342 omni-

267 3406 294 3433 a
331 3380 526 3458 χρείαν
583 3381 730 3453 εἶχε.
791 3375 920 3434 Καθ’
976 3373 1186 3450 ἡμέραν
1268 3395 1326 3430 τε
1403 3377 1934 3451 προσκαρτεροῦντες

267 3494 298 3522 σι
331 3466 696 3545 ὁμοθυμαδὸν
727 3467 778 3524 ἐν
807 3471 889 3541 τῷ
920 3467 1075 3541 ἱερῷ.
1113 3491 1135 3517 ι

346 3654 429 3711 Οὐ
459 3655 566 3729 γὰρ
598 3652 673 3714 ὡς
703 3657 813 3706 τῶν
842 3649 1122 3725 τυχόντων
1150 3649 1535 3726 κατεφρόνουν,
1567 3644 1697 3703 ἀλλ’
1743 3642 1932 3714 ἐπειδὴ

277 3742 465 3804 πολὺς
487 3743 617 3810 ἦνὸ
653 3739 856 3816 Πὲτρος
915 3737 1116 3803 ἄνωθεν
1173 3737 1328 3815 ρἑν,
1387 3737 1478 3792 καὶ
1533 3737 1600 3792 τὰ
1658 3733 1935 3809 μέλλοντα

291 3827 392 3884 διὰ
441 3835 546 3885 τῶν
604 3829 942 3909 ἐπαγγελιῶν
999 3825 1278 3897 δεικνύων,
1341 3826 1565 3889 εἰκότως
1617 3819 1932 3902 ἐφοϐοῦντο.

289 3921 618 3995 Ἐμαρνόρει
672 3921 777 3998 γὰρ
841 3924 922 3992 τῷ
978 3915 1134 3994 λόγῳ
1189 3915 1256 3971 τὰ
1312 3914 1464 3992 ἔργα.
1527 3914 1776 3989 Καθάπερ
1833 3913 1936 3986 γὰρ

272 4010 366 4065 καί
428 4008 514 4064 ἐπῖ
565 4014 662 4063 τοῦ
723 4012 962 4084 Χριστοῦ
1020 4006 1282 4082 πρότερον
1340 4011 1562 4080 σημεῖα,
1618 4005 1736 4058 εἶτα
1794 4000 1939 4058 διδα-

269 4097 504 4164 σκαλία,
540 4099 656 4153 εἶτα
688 4098 958 4168 θαύματα,
993 4095 1138 4151 οὖτω
1167 4093 1258 4150 καὶ
1289 4098 1403 4153 νῦν.
1437 4095 1512 4151 Τὸ
1563 4091 1620 4148 δὲ
1667 4094 1760 4155 τίις
1802 4097 1940 4164 κτή-

265 4210 392 4251 σεις
419 4187 636 4244 πωλεῖν
664 4186 753 4242 καὶ
786 4184 1122 4261 διαμερίζειν
1147 4186 1281 4249 καθὸ
1325 4183 1385 4240 ἄν
1434 4205 1517 4245 τις
1570 4183 1753 4259 χρείαν
1796 4185 1938 4258 εἶχε,

259 4278 380 4353 οὐχ
402 4274 792 4346 ἀπλῶς,ἅλλ’
837 4275 1226 4349 οἰκονομικῶς.
1285 4273 1599 4349 Διεμέριζον
1659 4275 1765 4348 γὰρ
1822 4273 1941 4329 κατ’

255 4367 448 4437 ἀξίαν.
516 4366 591 4421 Τὸ
653 4361 734 4436 δὲ,
791 4387 821 4419 ιι
881 4360 1272 4438 Ὀμοθυμαδὸν
1330 4366 1881 4438 προσκαρτεροῦντες,
1913 4385 1940 4412 ››

260 4457 330 4512 οὗ
367 4456 509 4531 μίαν
542 4453 781 4528 ἡμέραν,
812 4451 940 4509 οὐδὲ
991 4451 1113 4521 δύο,
1174 4450 1324 4508 ἀλλὰ
1377 4453 1498 4507 καθ’
1552 4451 1787 4524 ἡμέραν,
1847 4450 1942 4505 καὶ

262 4552 372 4620 μιᾷ
404 4549 594 4622 ψυχῇ.
630 4546 723 4616 Τῷ
754 4541 811 4599 δὲ
844 4544 977 4618 ἱερῷ
1029 4539 1408 4618 προσήδρευον
1471 4541 1523 4595 οἱ
1581 4540 1944 4610 πιστεύοντες,

2040 3399 2070 3426 ‹‹
2103 3375 2237 3441 bus,
2269 3378 2441 3446 prout
2470 3373 2686 3444 cuique
2721 3391 2871 3445 opus
2904 3380 3049 3430 erat.
3085 3377 3155 3430 Et
3184 3376 3449 3448 quotidie
3482 3393 3696 3448 perse-

2039 3488 2068 3516 a
2101 3463 2388 3520 verabant
2414 3462 2784 3519 unaminiter
2811 3463 2876 3519 in
2909 3464 3152 3537 templo.
3190 3487 3219 3516 »

2115 3648 2314 3717 Neque
2347 3645 2507 3701 enim
2538 3663 2705 3701 more
2735 3646 2894 3718 vulgi
2935 3647 3330 3719 desipiebant,
3389 3649 3494 3704 sed
3547 3667 3698 3721 quo-

2043 3735 2199 3791 niam
2240 3739 2445 3789 Petrus
2476 3735 2701 3789 multus
2761 3739 2884 3790 erat
2942 3753 3011 3791 ac
3067 3737 3386 3792 vehemens
3439 3737 3697 3810 desuper

2044 3824 2284 3880 ﬂuendo
2317 3823 2435 3877 sive
2468 3823 2859 3889 exhortando,
2893 3830 2952 3878 et
2970 3825 3170 3880 futura
3191 3827 3690 3895 promissionibus

2045 3911 2654 3970 ostendendomerito
2681 3910 3076 3966 terrebantur.
3104 3914 3246 3967 Nam
3264 3914 3701 3970 attestabantur

2046 4000 2302 4057 sermoni
2335 4016 2535 4070 opera.
2579 3999 3091 4064 Quemadmodum
3145 4001 3306 4055 enim
3357 4002 3418 4056 in
3462 4003 3698 4058 Christo

2047 4092 2308 4164 primum
2329 4090 2569 4143 fuerunt
2592 4089 2782 4160 signa,
2807 4087 3023 4143 deinde
3045 4089 3702 4162 doctrina,rursumque

2050 4182 2361 4247 miracula,
2395 4181 2477 4235 ita
2507 4187 2565 4235 et
2610 4197 2789 4235 nunc.
2848 4181 3265 4238 Posscssiones
3312 4199 3448 4239 vero
3497 4183 3708 4239 distra-

2051 4274 2265 4328 hentes
2296 4289 2364 4327 ac
2397 4270 2826 4326 distribuentes
2857 4278 3036 4341 prout
3090 4273 3306 4344 cuique
3354 4290 3506 4346 opus
3557 4279 3714 4342 erat,

2050 4379 2173 4418 non
2200 4359 2557 4427 temere,sed
2582 4359 3017 4431 dispensatorie
3042 4361 3369 4418 faciebant:
3392 4379 3531 4418 nam
3537 4363 3712 4435 juxta

2052 4453 2342 4525 cujusque
2378 4449 2728 4523 dignitatem
2785 4449 3148 4506 dividebant.
3204 4454 3498 4509 Praeterea
3546 4453 3707 4524 quod

2052 4542 2342 4613 sequitur,
2377 4563 2402 4588 ‹‹
2440 4538 2904 4595 Perseverabant
2932 4541 3322 4609 unanimiter,
3360 4566 3382 4592 ι
3417 4559 3538 4598 non
3583 4559 3704 4599 uno

255 4635 359 4692 ἃτε
394 4632 826 4708 σπουδαιότεροι
852 4631 1234 4709 γεγενημένοι,
1287 4630 1378 4687 καὶ
1427 4630 1552 4705 περὶ
1613 4626 1782 4704 μηδὲν
1829 4625 1936 4684 ἓτε·

2055 4637 2158 4687 aut
2182 4631 2369 4686 altero
2384 4629 2478 4684 die
2494 4627 2807 4696 ﬁebat,sed
2823 4630 3182 4700 quotidie,ut
3196 4631 3503 4702 praemisit,
3527 4632 3708 4703 idque

254 4746 362 4802 ρον
397 4719 632 4801 ἔχοντες
680 4719 1002 4794 σπουδάζειν
1066 4721 1116 4792 ἐξ
1173 4715 1456 4784 εὐλαϐείας
1511 4725 1608 4789 τῆς
1668 4720 1792 4796 περὶ
1851 4719 1944 4776 τὸν

253 4815 469 4885 τόπον,
507 4814 543 4884 ἢ
577 4813 704 4888 περὶ
728 4813 790 4867 τὸ
810 4812 976 4888 ἱερόν.

340 5105 372 5132 α
445 5077 703 5140 κλῶντές
761 5096 820 5133 τε
875 5075 996 5131 κατ’
1052 5075 1203 5130 οἷκον
1260 5070 1442 5140 ἄρτον,
1535 5067 1948 5144 μετελάμϐανον

260 5195 292 5221 ιι
323 5177 574 5245 τροφῆς,
609 5169 663 5224 ἐν
721 5163 1050 5244 ἀγαλλιάσει
1087 5164 1177 5219 καὶ
1225 5159 1527 5240 ἀφελότητι
1587 5157 1810 5236 καρδίας
1861 5161 1950 5217 αἷ-

256 5285 288 5310 α
323 5229 558 5324 νοῦιίτες
593 5259 684 5315 τὸν
718 5256 874 5324 Θεὸν,
904 5254 995 5310 καὶ
1028 5251 1252 5330 ἔχοντες
1283 5251 1444 5327 χάριν
1487 5251 1624 5326 πρὸς
1676 5248 1808 5306 ὅλον
1857 5257 1950 5308 τὸν

257 5375 290 5402 α
327 5347 493 5408 λαόν,
547 5352 610 5410 Ὁ
673 5347 736 5404 δὲ
792 5346 992 5420 Κόριος
1048 5343 1360 5417 προσετίθει
1417 5339 1545 5403 τοὺς
1602 5341 1951 5416 σωζομένους

259 5461 290 5494 ι
320 5443 448 5507 καθ’
478 5441 699 5517 ἡμέραν
734 5441 808 5511 τῇ
842 5431 1170 5504 Ἐκκλησίᾳ.
1210 5458 1231 5485 ι

319 5535 523 5609 orm,
558 5534 627 5589 τὸ
677 5528 836 5601 ἱερὸν
897 5528 990 5577 νῦν
1051 5521 1221 5598 λέγει’
1278 5521 1329 5576 ἐν
1378 5520 1525 5593 αὖτῷ
1582 5519 1685 5598 γάρ
1743 5523 1950 5592 ἢσθιον·

236 5627 311 5685 Τὸ
354 5624 449 5700 δὲ,
502 5654 524 5680 ι
596 5621 867 5680 Κλῶντες
931 5612 1119 5690 ἄρτον,
1155 5636 1183 5664 ι»
1241 5612 1416 5681 εἶπεν,
1467 5610 1559 5667 ἳνα
1615 5612 1679 5667 τὸ
1739 5611 1953 5676 εὐτελὲς

217 5697 722 5778 καὶαιίτόσκευον
757 5705 1070 5783 ὑπεμφήνῃ
1131 5701 1308 5756 αὐτῶν
1366 5702 1467 5765 τῆς
1528 5697 1762 5772 διαίτης,
1818 5704 1955 5780 Ἀρ.

2055 4738 2175 4777 uno
2208 4720 2431 4776 animo.
2465 4719 2531 4772 In
2563 4717 2787 4789 templo
2820 4719 2922 4775 24
2952 4724 3152 4775 autem
3210 4721 3554 4777 residebant
3581 4737 3712 4777 cre-

2057 4811 2266 4868 dentes
2296 4827 2308 4864 :
2345 4815 2630 4878 tanquam
2665 4807 3057 4863 studiosiores
3109 4826 3178 4865 ac
3205 4809 3594 4866 ferventiores
3625 4808 3716 4866 ef-

2056 4899 2217 4964 fecti,
2243 4903 2300 4952 et
2319 4897 2478 4952 circa
2499 4894 2653 4950 nihil
2675 4894 2837 4950 aliud
2867 4899 3142 4967 potentes
3173 4897 3439 4954 studium
3471 4897 3712 4970 pietatis

2059 5004 2334 5045 exercere
2360 5002 2536 5056 quam
2560 4991 2663 5040 aut
2689 4985 2845 5040 circa
2867 4985 3063 5041 locum
3088 4992 3190 5042 aut
3220 4987 3379 5044 circa
3400 4988 3715 5060 templum.

2129 5077 2200 5133 ll.
2237 5079 2328 5140 46,
2359 5078 2448 5130 47.
2491 5097 2516 5127 ιι
2553 5074 2616 5129 Et
2645 5074 2985 5147 frangentes
3008 5076 3180 5147 juxta
3204 5076 3450 5134 domum
3475 5095 3712 5150 panem,

2060 5190 2089 5219 ‹‹
2125 5166 2307 5222 simul
2339 5163 2656 5220 sumebant
2685 5165 2884 5219 cibum
2918 5182 3051 5220 cum
3076 5167 3473 5224 exsultatione
3495 5175 3556 5224 et
3578 5169 3722 5224 sim-

2061 5283 2087 5310 (ι
2113 5257 2378 5331 plicitate
2400 5255 2598 5311 cordis
2619 5254 2934 5310 laudantes
2962 5257 3165 5324 Deum,
3190 5263 3250 5312 et
3272 5258 3560 5314 habentes
3590 5275 3721 5331 gra-

2063 5373 2092 5400 ‹‹
2127 5351 2267 5404 tiam
2293 5346 2449 5419 apud
2474 5363 2712 5402 omnem
2737 5345 3288 5417 plebemDominus
3318 5355 3517 5405 autem
3539 5349 3722 5406 adde-

2061 5461 2090 5490 ‹‹
2120 5439 2223 5494 bat
2252 5437 2353 5510 qui
2386 5436 2530 5492 salvi
2563 5435 2777 5491 tierent
2806 5436 3072 5507 quotidie
3114 5439 3582 5512 congregationi.
3621 5460 3649 5489 η

2135 5529 2386 5584 Domum
2419 5526 2565 5581 dicit
2595 5541 2754 5579 nunc
2787 5525 3097 5598 templum,
3132 5545 3270 5584 nam
3325 5529 3387 5583 in
3419 5529 3548 5600 ipso
3584 5527 3723 5584 ede-

2064 5619 2226 5677 bant.
2268 5619 2634 5675 Iiixitautem
2665 5633 2676 5672 :
2710 5640 2731 5667 ι
2752 5618 3113 5692 Frangentes
3131 5637 3368 5693 panem,
3392 5644 3419 5672 »
3441 5629 3509 5677 ut
3532 5620 3725 5677 tenui-

2069 5715 2156 5766 tas
2186 5726 2254 5766 ac
2286 5708 2638 5782 simplicitas
2673 5707 2862 5764 victus
2895 5726 3098 5765 eorum
3143 5715 3442 5782 appareat.
3506 5711 3726 5766 Panem
