4160 6430
540 334 622 395 79

1667 328 2048 394 (ECUMENI
2092 328 2401 392 TRICCAE
2447 329 2816 393 EPISOOPI.

3879 335 3959 395 80

547 468 711 524 enim
742 466 1102 538 frangentes,
1135 479 1257 519 una
1281 463 1481 519 cibum
1541 463 1878 532 sumebant,
1930 470 1991 520 at
2027 463 2171 538 genii

2314 482 2407 518 τον
2444 464 2550 539 γὰρ
2605 461 2852 525 κλῶντες
2915 460 3328 540 μετελάμϐανον
3377 468 3610 546 τροφῆς,
3675 463 3806 523 ἀλλ’
3862 466 3962 524 οὑκ

543 575 665 613 non
699 555 1088 627 indulgebant
1121 571 1134 610 :
1168 554 1251 609 ita
1280 555 1457 608 vitam
1493 553 1625 608 ﬁdei
1659 555 2026 610 conformem
2057 553 2190 609 red-

541 651 796 705 debant:
832 647 914 702 ita
947 663 1008 701 se
1041 653 1247 701 mutuo
1279 646 1594 719 diligentes
1615 647 1864 718 gratiam
1897 645 2196 700 habebant

537 738 694 810 apud
718 753 957 792 omnem
983 736 1412 808 plebemznam
1434 736 1574 790 licet
1606 737 1919 807 pontiﬁces
1953 753 2070 807 pra:
2102 736 2190 790 in-

534 828 765 884 vidiain
787 844 887 882 eos
908 826 1556 898 insurgerentgraliam
1579 832 1771 880 tamen
1787 825 1942 896 apud
1959 825 2192 896 plebem

537 918 840 974 habebant
869 918 987 972 Hoc
1006 924 1200 970 autem
1219 915 1590 970 efﬁciebatur
1606 932 1710 987 per
1725 916 2192 986 eleemosynam,

535 1023 869 1080 puramque
883 1006 1392 1062 conversationem
1406 1029 1448 1057 .‹‹
1463 1005 1522 1059 In
1539 1005 1923 1076 simplicitate
1937 1005 2194 1066 cordis.»

542 1097 656 1152 hoc
687 1104 778 1152 est
799 1097 858 1150 in
893 1095 1184 1150 modestia
1215 1101 1272 1150 et
1301 1095 1639 1167 fragilitate,
1675 1094 1824 1148 nihil
1848 1094 2105 1149 sublime
2121 1094 2194 1148 de

541 1204 605 1242 se
639 1186 967 1241 sentientes
1001 1187 1061 1238 in
1097 1183 1270 1238 bonis
1301 1183 1637 1238 actionibus
1686 1200 1753 1238 ac
1803 1183 2194 1254 eleemssynis

541 1293 690 1347 quas
717 1275 1109 1347 praestabant:
1135 1272 1294 1344 quod
1321 1272 1900 1328 maxumeJudaicum
1929 1271 2194 1338 erat,vel-

537 1366 627 1420 uti
660 1381 729 1420 ex
755 1363 1124 1436 jactabundo
1157 1362 1456 1418 Pharisaeo
1486 1362 1869 1419 manifestum
1901 1368 1992 1417 est
2015 1364 2081 1417 ³⁸.

1174 1454 1407 1510 CAPUT
1445 1454 1537 1507 IV.

539 1547 616 1600 De
645 1544 833 1599 claudi
879 1561 914 1598 a
961 1545 1253 1598 nativitate
1311 1559 1447 1598 cura
1505 1541 1708 1598 Christi
1761 1546 1965 1598 virtute
2017 1547 2188 1613 facta,

606 1617 884 1686 electaque
913 1617 1067 1670 Petri
1097 1617 1476 1680 iustructione,
1511 1616 1568 1668 in
1613 1631 1725 1685 qua
1768 1631 1877 1670 sese
1928 1615 2188 1683 demittit,

605 1694 655 1742 et
687 1688 981 1743 consilium
1012 1687 1086 1741 ad
1116 1687 1339 1740 illorum
1370 1687 1600 1741 salutem
1650 1686 1879 1741 adducit
1907 1704 1926 1739 ,ο
1976 1690 2034 1741 in
2083 1703 2191 1757 quo

607 1762 774 1814 etiam
803 1759 1062 1814 subditur
1083 1760 1411 1828 pontiﬁcum
1453 1759 1860 1812 animadversio
1908 1757 2020 1812 zelo
2073 1760 2190 1828 ejus

607 1831 757 1901 quod
783 1833 992 1899 factum
1027 1836 1167 1895 erat,
1202 1837 1252 1884 et
1283 1831 1346 1884 ((8
1373 1829 1645 1884 miraculo
1685 1830 2008 1885 decertatio.

615 1920 712 1986 ΙΙΙ,
747 1923 798 1972 1.
827 1939 854 1970 α
885 1918 1070 1974 Simul
1103 1925 1300 1972 autem
1335 1919 1544 1972 Petrus
1578 1922 1635 1971 et
1679 1918 1936 1973 Joannes
1983 1935 2188 1973 ascen-

545 2030 575 2060 «
609 2007 834 2064 dabant
853 2007 914 2062 in
940 2007 1228 2079 templum
1250 2006 1324 2062 ad
1350 2007 1559 2062 horam
1581 2007 1868 2063 orationis
1895 2024 2134 2063 nonam.
2162 2029 2189 2057 ››

604 2189 814 2259 Magna
846 2191 936 2241 est
965 2187 1178 2241 horum
1211 2185 1462 2241 duorum
1496 2185 1860 2242 unanimitas
1893 2191 1951 2241 et
1979 2187 2187 2240 amici-

527 2277 631 2334 tia.
665 2279 811 2332 Nam
841 2276 979 2332 huic
1009 2276 1210 2331 innuit
1238 2278 1446 2331 Petrus
1476 2276 1538 2330 in
1570 2277 1806 2331 Domini
1831 2275 2107 2347 passione
2125 2281 2190 2330 ut

521 2374 952 2438 prmceptorem
983 2368 1376 2440 interrogaret
1404 2365 1470 2424 ⁸⁷.
1492 2369 1868 2438 Rursumque
1890 2365 1964 2422 ad
1986 2365 2189 2438 sepul-

523 2473 697 2512 crum
731 2457 911 2512 simul
944 2464 1194 2511 currunt
1221 2457 1288 2512 ³⁸.
1323 2460 1392 2511 Et
1422 2458 1565 2512 item
1599 2457 1669 2512 de
1703 2458 1814 2512 hoc
1845 2457 1928 2511 ait
1977 2458 2185 2510 Petrus

521 2545 756 2601 Christo
784 2563 796 2600 :
834 2547 937 2601 Hic
970 2552 1170 2601 autem
1203 2546 1346 2618 quid
1377 2545 1403 2601 ‘2
1434 2546 1851 2602 Ascendebant
1890 2553 2090 2602 autem
2122 2546 2183 2600 in

532 2637 845 2707 templum,
882 2653 1002 2690 non
1036 2643 1318 2708 tanquam
1343 2635 1537 2690 adhuc
1565 2635 2184 2705 25judaizantes,sed

533 2724 787 2779 viriliter
819 2741 946 2780 sese
1003 2725 1386 2781 demittentes
1445 2725 1555 2780 hoc
1608 2724 1946 2780 faciebant:
1997 2732 2181 2796 utque

521 2821 726 2870 curato
759 2813 971 2869 claudo
1003 2815 1062 2868 in
1108 2814 1328 2886 templo
1391 2831 1602 2870 omnes
1659 2814 1951 2869 haberent
2000 2819 2180 2868 testes

523 2910 906 2975 quotcunque
939 2905 1261 2959 venissent.
1297 2903 1461 2959 Multi
1492 2903 1654 2959 enim
1687 2903 1768 2958 ibi
1793 2903 2181 2958 versabantur

518 2993 594 3048 ob
625 2993 738 3048 loci
771 2995 1184 3048 reverentiam.
1221 2996 1333 3048 Per
1362 2994 1473 3048 hoc
1504 3000 1704 3048 autem
1761 2993 1919 3063 quod
1969 2994 2176 3047 horam

519 3082 836 3156 signiﬁcat,
871 3082 1045 3138 docet
1083 3083 1242 3154 quod
1291 3082 1568 3154 precibus
1621 3099 1860 3153 semper
1908 3082 2176 3137 icumbe-

516 3170 682 3226 bant.
718 3172 984 3227 Meminit
1003 3189 1138 3227 vero
1161 3178 1218 3226 et
1239 3171 1467 3244 templi,
1497 3178 1561 3226 ut
1581 3178 1856 3244 utroque,
1883 3178 2170 3243 tempore,

2221 1863 2268 1928 B

2306 551 2577 631 ἐτρύφων.
2613 551 2774 608 Οὕτω
2804 555 2896 609 καὶ
2928 555 3020 610 τὸν
3053 555 3172 630 βίον
3201 554 3308 610 ἀπὸ
3341 562 3442 625 τῆς
3480 556 3718 616 πίστεως
3773 555 3964 632 μετερ-

2305 642 2590 716 ῥύθμιζον,
2622 643 2712 698 καὶ
2745 641 3119 720 φιλαλλήλως
3152 645 3310 724 εἶχον
3341 645 3494 719 πρὸς
3521 644 3613 700 τὸν
3649 641 3781 699 λαὸν
3810 642 3958 702 ὅλον.

2307 732 2369 788 Εἰ
2409 731 2513 808 γὰρ
2571 732 2662 787 καὶ
2723 734 2774 787 οἱ
2830 733 3108 812 ἀρχιεριῖς
3169 735 3272 789 ὑπὸ
3331 735 3526 812 φθόνου
3583 731 3960 804 ἐπανέστησαν

2304 821 2519 888 αὐτοῖς,
2549 819 2697 877 ἀλλὰ
2728 823 2866 897 πρὸς
2895 823 2986 878 τὸν
3019 821 3151 879 λαὸν
3201 823 3365 902 χάριν
3425 824 3601 902 εἶχον.
3655 820 3958 880 Ἐδείκνυτο

2305 907 2362 966 δὲ
2392 908 2672 966 τοῦτοδιὰ
2699 919 2798 981 τῆς
2856 910 3232 986 ἐλεημοσύνης
3284 913 3376 968 καὶ
3414 917 3652 988 καθαρᾶς
3697 913 3960 988 ἀναστρο-

2305 1007 2434 1078 φῆς·
2469 1001 2544 1057 Τὸ
2579 997 2658 1070 δὲ,
2693 1026 2720 1052 ‹‹
2755 1002 2847 1058 Ἐν
2877 999 3180 1080 ἀφελότητι
3222 998 3470 1075 καρδίας,
3510 1027 3530 1052 ι
3567 1001 3686 1058 ἀντὶ
3739 1007 3860 1070 τοῦ,
3909 1000 3961 1058 ἐν

2303 1089 2623 1144 ταπεινώσει
2667 1091 2760 1144 καὶ
2818 1087 3087 1161 εὐτελείᾳ,
3145 1087 3314 1165 μηδὲν
3373 1088 3587 1166 ὑψηλὸν
3642 1095 3960 1171 φρονοῦντες

2304 1175 2388 1253 ἐφ’
2456 1183 2542 1239 αῖς
2603 1172 2869 1254 ἔπραττον
2927 1179 3313 1256 ἁγαθοεργίαις
3371 1179 3462 1234 καὶ
3539 1177 3960 1252 ἐλεημοσύναις,

2303 1268 2435 1342 ὅπερ
2472 1268 2712 1341 μάλιστα
2741 1268 2808 1337 ἦν
2862 1265 3180 1338 Ἰουδαϊκὸν,
3233 1269 3308 1330 ὡς
3352 1268 3459 1325 ἀπὸ
3513 1273 3610 1324 τοῦ
3659 1269 3962 1345 καυχωμέ-

2302 1378 2394 1412 νου
2427 1357 2729 1432 Φαρισαίου
2761 1355 2952 1428 δῆλον.

2934 1451 3194 1507 ΚΕΦΑΛ.
3237 1451 3308 1506 Δ“.

2310 1536 2606 1616 Περὶιτῇς
2663 1537 2993 1616 ἐνί-Χριστῷ
3080 1540 3392 1616 θεραπείαςΔ
3453 1545 3551 1595 τοῦ
3618 1537 3683 1616 ἐκ
3729 1547 3958 1616 γενετῆς

2373 1605 2592 1684 χωλού,
2699 1605 2906 1691 Πέτρου
2965 1605 3083 1691 ’τε
3142 1605 3538 1691 ’κατηχήσεως
3601 1682 3614 1691 .
3667 1605 3955 1685 ἐκλεκτῆς,

2373 1677 2830 1757 συμπαθητικῆςί,
2936 1677 3417 1757 συμϐουλευτὶκῆς
3517 1682 3670 1757 πρὸς*
3782 1677 3961 1757 σωτηξ

2378 1753 2496 1835 ρίαν
2559 1754 2755 1835 αὐτῶν.
2813 1753 3018 1835 Ἐν.ᾦ’
3081 1754 3373 1835 ἐπιστασία
3457 1753 3595 1835 τῶνμ
3646 1753 3955 1835 ᾀρχιερέωνν

2374 1821 2530 1896 ζήλῳ
2594 1829 2692 1880 τοῦ
2746 1821 3058 1902 γεγονότὶις,
3120 1827 3212 1882 καὶ
3266 1828 3445 1902 κρίσις
3502 1830 3600 1883 τοῦ
3651 1821 3956 1901 θαξμάτος.

2373 1941 2398 1966 α
2432 1917 2556 1972 Ἐπὶ
2585 1917 2647 1972 τὸ
2679 1916 2811 1972 αὐτὸ
2870 1914 2926 1972 δέ
2972 1915 3175 1992 Πέτρος
3221 1920 3309 1974 καὶ
3372 1920 3623 1991 Ἰωάννης
3679 1915 3958 1976 ἀνέϐαινον

2298 2029 2327 2058 ‹‹
2363 2005 2438 2067 εἰς
2471 2007 2533 2061 τὸ
2565 2007 2708 2082 ἱερὸν
2742 2004 2954 2077 ἐπὶτῆν
3007 2005 3153 2082 ὢραν
3201 2015 3302 2078 τῆς
3350 2016 3668 2089 προσευχῆς
3712 2011 3812 2080 την
3865 2009 3956 2066 ἐν-

2297 2119 2326 2146 ‹‹
2359 2095 2549 2166 νάτην.
2583 2119 2612 2148 ››

2369 2183 2562 2254 Πολλή
2597 2189 2632 2256 ἡ
2668 2192 2774 2241 τῶν
2805 2183 2901 2241 δύο
2930 2187 3138 2243 τούτων
3170 2188 3402 2262 ὁμόνοια
3432 2188 3523 2244 καὶ
3555 2189 3956 2269 φιλία.Τούτῳ

2292 2273 2394 2350 γὰρ
2425 2276 2566 2330 νεύει
2611 2277 2639 2331 6
2697 2277 2900 2352 Πέτρος
2961 2277 3012 2332 ἐν
3073 2282 3154 2351 τῷ
3209 2278 3416 2352 Κυρίου
3471 2279 3630 2335 πάθει
3689 2281 3957 2346 πυθέσθαι

2291 2368 2390 2418 τοῦ
2447 2362 2804 2436 διδασκάλου,
2873 2367 2964 2424 καὶ
3046 2366 3136 2422 ἐπὶ
3233 2368 3324 2423 τὸν
3401 2369 3570 2448 τάφον
3646 2366 3702 2424 δὲ
3781 2369 3958 2427 πάλιν

2293 2453 2436 2527 ὁμοῦ
2502 2455 2784 2532 τρέχουσι,
2851 2457 2943 2512 καὶ
3041 2458 3167 2532 περὶ
3265 2457 3442 2513 αὐτῶν
3529 2458 3697 2515 πάλιν
3787 2461 3960 2541 φησὶν

2293 2543 2320 2596 6
2355 2543 2557 2619 Πέτρος
2593 2551 2672 2618 τῷ
2732 2547 2978 2621 Χριστῷ,
3033 2547 3210 2609 Οὗτος
3270 2544 3326 2602 δέ
3384 2548 3479 2617 τί;
3539 2545 3839 2606 ’Λνέϐαινον
3900 2549 3959 2606 δὲ

2292 2631 2447 2706 ἐντῷ
2475 2636 2627 2708 ἱερῷ,
2655 2634 2794 2714 ξοὺχ
2851 2637 2926 2696 ὡς
2994 2633 3074 2690 ἔτι
3130 2632 3540 2708 Ἰουδαΐζοντες,
3599 2635 3746 2694 ἀλλὰ
3803 2662 3959 2719 χρη-

2290 2724 2468 2798 σίμως
2521 2725 2610 2780 καὶ
2675 2721 3174 2802 συγκαταϐατικῶς
3257 2732 3422 2783 τοῦτο
3503 2733 3804 2794 ποιοῦντες.
3861 2733 3957 2788 καὶ

2286 2810 2375 2866 ’ίνα
2433 2814 2853 2890 θεραπευθέντος
2912 2821 3010 2871 τοῦ
3070 2813 3269 2895 χωλοῦ
3323 2816 3374 2872 ἐν
3431 2821 3510 2891 τῷ
3564 2819 3694 2893 ἱερῷ
3746 2821 3955 2884 πάντας

2285 2897 2466 2978 ἔχοιεν
2502 2905 2629 2965 τοὺς
2687 2905 2997 2980 ἑωρακότας
3049 2906 3348 2981 μάρτυρας.
3398 2904 3613 2963 Πολλοι
3662 2909 3766 2985 γὰρ
3819 2931 3954 2965 συν-

2285 2991 2447 3066 ῄεσαν
2478 2992 2608 3062 ἐκεῖ,
2643 2991 2731 3048 διὰ
2790 2997 2852 3050 τό
2884 2990 3184 3070 σεϐάσμιον
3212 2999 3310 3049 τοῦ
3348 2995 3540 3054 τόπου.
3577 2998 3673 3052 Διὰ
3738 2995 3796 3053 δὲ
3843 3005 3947 3056 τοῦ

2282 3080 2728 3156 ἐπισημήνασθαι
2759 3086 2858 3155 τὴν
2917 3085 3080 3160 ὥραν,
3128 3081 3370 3138 διδάσκει
3424 3085 3500 3150 ὡς
3541 3084 3624 3142 ἀεὶ
3679 3093 3800 3150 ταῖς
3848 3090 3948 3144 εὑ-

2285 3178 2414 3252 χαῖς
2449 3172 2723 3230 ἐνέκειννο.
2768 3173 3056 3249 Μέμνηται
3111 3171 3168 3229 δὲ
3221 3172 3312 3229 καὶ
3363 3179 3461 3230 τοῦ
3519 3177 3692 3252 ἱεροῦ,
3726 3174 3796 3232 δι’
3825 3177 3946 3255 ἆμ-

510 3260 783 3333 inquam,
809 3267 866 3317 et
883 3261 1034 3328 loco,
1057 3279 1188 3332 quae
1212 3261 1418 3317 scribit
1437 3261 1774 3318 conﬁrmet.
1803 3263 1948 3316 Cum
1971 3269 2169 3317 autem

2294 3237 2325 3252 η
2856 3237 2867 3249 .
2949 3237 2960 3246 .
3572 3237 3582 3252 .
3679 3237 3690 3248 ,
3867 3237 3880 3255 ,

2294 3263 2544 3342 ροτέρων,
2577 3263 2744 3344 φημὶ,
2771 3269 2868 3319 τοῦ
2899 3264 3106 3343 χρόνου
3137 3263 3229 3318 καὶ
3258 3267 3356 3319 τοῦ
3412 3264 3585 3321 τόπου
3634 3269 3944 3343 πιστούμε-

511 3349 703 3405 multa
733 3349 892 3405 edita
914 3351 1035 3406 sint
1064 3350 1137 3406 ab
1169 3350 1456 3422 apostolis
1495 3349 1805 3418 miracula,
1865 3356 2041 3420 prout
2071 3367 2167 3404 su-

511 3439 713 3510 perius
763 3440 1040 3495 meminit
1090 3440 1276 3495 Lucas
1324 3439 1426 3510 qui
1481 3439 1608 3494 haec
1659 3438 1886 3506 scribit,
1944 3439 2168 3494 nullius

509 3527 754 3583 illorum
793 3529 1150 3584 nominatim
1208 3529 1348 3584 fecit
1397 3529 1804 3584 mentionem:
1865 3528 1968 3584 sed
2019 3528 2167 3583 illud

510 3623 749 3674 tantum
782 3617 988 3672 scribit
1030 3636 1149 3690 quo
1205 3634 1414 3674 omnes
1461 3617 1606 3673 moti
1660 3622 1818 3673 sunt.
1869 3619 2012 3672 Nam
2063 3617 2168 3673 illa

507 3707 781 3764 fortassis
814 3709 997 3764 etiam
1056 3708 1614 3775 contemnebantur,
1664 3723 1733 3762 eo
1778 3706 1936 3778 quod
1987 3723 2166 3778 parva

502 3797 865 3854 viderentur.
900 3802 1018 3853 Aut
1050 3797 1252 3864 etiam,
1285 3797 1426 3868 quia
1447 3797 1695 3852 historia
1717 3798 1843 3853 haec
1865 3813 1986 3852 non
2004 3813 2161 3852 arro-

503 3884 718 3956 gantiae
749 3884 942 3958 gratia
972 3883 1044 3940 ab
1073 3885 1202 3955 ipso
1235 3884 1538 3940 elaborata
1570 3889 1678 3939 est.

577 4067 678 4133 Ill,
710 4067 821 4121 2-6.
856 4087 884 4115 ‹‹
920 4066 991 4120 Et
1020 4064 1262 4135 quidam
1289 4065 1396 4132 vir,
1453 4065 1556 4135 qui
1618 4061 1866 4119 claudus
1911 4069 2040 4119 erat
2087 4062 2160 4118 ab

504 4177 532 4205 ‹‹
567 4160 739 4212 utero
771 4155 980 4210 matris
1010 4171 1154 4222 suas,
1185 4153 1564 4226 bajulahatur
1597 4168 1610 4208 :
1642 4169 1819 4224 quem
1859 4153 2161 4224 ponebant

501 4269 528 4302 ιι
569 4250 835 4320 quotidie
868 4250 942 4306 ad
974 4256 1205 4322 portam
1239 4251 1444 4320 templi
1478 4267 1608 4322 quas
1655 4249 1965 4304 dicebatur
2015 4249 2160 4320 Spe-

503 4363 525 4390 ι
563 4341 748 4406 ciosa,
780 4346 846 4394 ut
871 4345 1101 4411 peteret
1133 4341 1575 4412 eleemosynam
1607 4337 1679 4394 ab
1712 4338 2156 4394 introeuntibus

503 4449 528 4482 α
562 4429 626 4484 in
661 4429 969 4501 templum.
999 4430 1054 4484 Is
1109 4445 1244 4484 cum
1296 4429 1540 4485 vidisset
1588 4429 1825 4483 Petrum
1877 4434 1937 4483 et
1979 4429 2153 4483 Joan-

501 4541 521 4568 ι
557 4535 696 4574 nem
726 4519 1101 4591 ingressuros
1122 4519 1184 4574 in
1213 4519 1524 4590 templum,
1551 4517 1794 4591 rogabat
1815 4523 1880 4572 ut
1905 4517 2157 4572 eleemo-

2278 3373 2370 3414 νος
2400 3353 2434 3408 ἄ
2463 3354 2680 3434 γράφει.
2736 3351 2972 3409 Πολλῶν
3029 3351 3087 3409 δὲ
3138 3355 3431 3427 θαυμάτων
3500 3353 3943 3432 ἐπιτελουμένων

2285 3444 2388 3499 ὑπὸ
2447 3443 2554 3500 τῶν
2614 3443 2960 3514 ἀποστόλων,
3019 3445 3096 3508 ὡς
3153 3445 3243 3501 καὶ
3302 3444 3562 3522 ἀνωτέρω
3623 3445 3874 3523 ἐμνήσθη
3911 3452 3941 3506 6

2277 3537 2448 3588 ταῦτα
2507 3542 2730 3614 γράφων
2794 3539 3030 3606 Λουκᾶς,
3088 3531 3308 3598 οὐδενὸς
3383 3534 3604 3592 ἐκείνων
3667 3537 3943 3612 ὀνομαστὶ

2281 3623 2632 3696 μνημονεύει,
2668 3621 2797 3678 ἀλλ’
2828 3621 3002 3678 ἐκεῖνο
3059 3623 3257 3705 γράφει
3316 3625 3479 3698 μόνον
3538 3623 3630 3706 ἀφ’
3687 3630 3748 3682 ού
3797 3629 3944 3684 πάν-

2275 3732 2364 3774 τες
2427 3712 2774 3783 ἐκινήθησαν’
2839 3712 3016 3769 ἐκεῖνα
3072 3713 3174 3790 γὰρ
3233 3710 3369 3776 ἴσως
3419 3715 3510 3770 καὶ
3565 3722 3944 3792 παρεωρῶντο

2278 3798 2368 3856 διὰ
2398 3802 2460 3857 τὸ
2492 3802 2698 3877 σμικρᾶ
2729 3799 2925 3858 δοκεῖν·
2961 3802 2994 3872 ἢ
3029 3803 3120 3858 καὶ
3161 3802 3245 3859 ὅτι
3300 3803 3365 3858 οὗ
3425 3803 3645 3879 κόμπου
3697 3806 3863 3886 χάριν
3901 3810 3940 3879 ἡ

2281 3895 2570 3971 συγγραφὴ
2605 3891 2754 3965 αὐτῴ
2785 3892 2921 3962 αὓτη
2955 3889 3320 3964 ἐσπουδάσθη.

2349 4097 2378 4124 ‹‹
2414 4071 2514 4126 Καί
2543 4092 2626 4135 τις
2658 4070 2797 4148 ἀνὴρ
2856 4068 3049 4150 χωλὸς
3107 4070 3168 4127 ἐκ
3221 4069 3438 4136 κοιλίας
3492 4073 3705 4148 μητρὸς
3760 4073 3939 4132 αὑτοῦ

2275 4184 2304 4213 ‹‹
2340 4160 2629 4240 ὑπάρχων,
2691 4154 3038 4230 ἐϐαστάζετο,
3098 4162 3156 4216 δν
3214 4157 3425 4226 ἐτίθουν
3509 4163 3629 4218 καθ’
3713 4162 3936 4236 ἡμέραν

2272 4274 2300 4302 ‹‹
2334 4251 2474 4326 πρὸς
2503 4251 2602 4320 τήν
2637 4249 2801 4326 θύραν
2833 4253 2932 4305 τοῦ
2962 4250 3112 4325 ἱεροῦ
3167 4250 3267 4320 τὴν
3327 4248 3634 4329 λεγομένην
3688 4251 3936 4327 Ὡραίαν,

2271 4363 2299 4390 ‹‹
2332 4344 2431 4395 τοῦ
2462 4338 2631 4394 αἰτεῖν
2665 4336 3044 4411 ἐλεημοσύνην
3097 4339 3246 4414 παρὰ
3301 4344 3409 4395 τῶν
3465 4340 3940 4417 εἰσπορευομένων

2265 4453 2293 4481 ‹‹
2325 4429 2402 4492 εἰς
2431 4430 2492 4484 τὸ
2525 4428 2686 4504 ἱερόν.
2725 4429 2824 4490 ’ος
2857 4425 2987 4483 ἰδὼν
3053 4426 3259 4501 Πέτρον
3318 4430 3408 4484 καί
3476 4430 3730 4501 Ἰωάννην
3787 4429 3938 4504 μέλ-

2271 4537 2293 4565 α
2330 4514 2525 4580 λοντας
2556 4515 2775 4572 εἰσιέναι
2837 4514 2916 4578 εἷς
2975 4516 3036 4572 τὸ
3090 4517 3255 4591 ἱερὸν,
3310 4517 3501 4592 ἠρώτα
3545 4515 3936 4593 ἐλεημοσύνην

491 4629 519 4658 ‹‹
554 4625 764 4680 synam
796 4610 1115 4678 acciperet.
1155 4608 1369 4662 Deﬁxis
1402 4614 1603 4662 autem
1656 4608 1718 4661 in
1776 4623 1913 4662 eum
1965 4607 2153 4662 oculis

2327 4603 2538 4663 λαϐεῖν.
2602 4608 2884 4667 Ἀτενίσας
2945 4601 3002 4660 δέ
3059 4603 3265 4681 Πέτρος
3337 4607 3414 4671 εἰς
3469 4608 3633 4663 αὑτὸν
3693 4608 3784 4664 σὺν
3837 4615 3932 4682 τῷ

486 4717 516 4751 «ι
549 4701 759 4754 Petrus
791 4715 925 4754 cum
952 4699 1202 4762 Joanne,
1237 4697 1423 4752 dixit:
1458 4698 1668 4769 Aspice
1692 4697 1753 4752 in
1780 4713 1906 4751 nos.
1944 4705 2018 4752 At
2047 4698 2149 4753 ille

487 4809 513 4837 α
550 4787 898 4844 intendebat
929 4788 992 4842 in
1029 4803 1129 4843 eos
1159 4804 1406 4858 sperans
1427 4803 1488 4842 se
1511 4786 1739 4858 aliquid
1761 4794 2146 4858 accepturum

486 4897 514 4926 «
542 4876 615 4932 ab
648 4879 753 4932 eis.
791 4877 946 4931 Dixit
977 4884 1178 4932 autem
1212 4879 1440 4932 Petrus.
1478 4899 1506 4926 »

554 4965 860 5029 Quomodo
888 4965 1086 5020 claudi
1118 4983 1339 5022 nomen
1372 4982 1492 5021 non
1533 4965 1746 5037 ponit?
1776 4966 1922 5030 Quia
1948 4981 2143 5036 neque

477 5053 628 5108 illud
653 5059 939 5109 noverant
959 5056 1429 5126 apostoli.Homo
1449 5071 1707 5126 namque
1730 5055 1970 5126 penitus
1997 5053 2142 5125 ipsis

482 5143 724 5215 ignotus
751 5151 906 5199 erat:
931 5143 1132 5214 idque,
1157 5152 1222 5200 ut
1243 5161 1437 5216 neque
1460 5145 1730 5215 obsequii
1752 5150 1856 5199 aut
1876 5145 2140 5199 aﬁ‘ectio-

480 5249 576 5288 ωε
609 5234 798 5305 gratia
824 5234 1107 5288 sanitates
1137 5235 1424 5306 perﬁcere
1446 5235 1781 5298 videantur,
1805 5250 1997 5304 neque
2017 5233 2141 5288 ulla

479 5322 740 5377 ﬁctionis
771 5323 1031 5394 suspicio
1063 5325 1244 5379 etiam
1277 5325 1433 5396 apud
1467 5342 1566 5380 eos
1595 5324 1698 5395 qui
1739 5323 2138 5396 impudentis-

479 5411 614 5466 simi
644 5417 784 5466 sunt
813 5412 1030 5467 exoriri
1061 5413 1268 5484 possit,
1289 5413 1450 5486 quod
1481 5414 1542 5468 in
1569 5412 1820 5486 gratiam
1843 5413 2137 5485 apostolo-

475 5517 607 5558 rum
643 5501 885 5575 quidam
917 5502 1062 5575 ipsis
1093 5504 1218 5558 noti
1246 5505 1658 5578 conﬁngerent
1680 5510 1950 5575 peractas
1977 5504 2135 5561 circa

472 5607 537 5648 se
570 5592 876 5649 sanitates.
905 5593 1213 5657 Quomodo
1247 5610 1384 5668 ergo
1415 5611 1635 5650 nomen
1667 5610 1787 5651 non
1812 5595 2133 5668 interroga-

531 5719 576 5754 ³⁸
607 5718 744 5778 Luc.
786 5733 942 5787 mn,
978 5721 1043 5777 10
1076 5735 1245 5795 seqq.

2266 4721 2286 4747 ιι
2324 4697 2543 4772 Ἰωάννῃ
2607 4696 2747 4752 εἶπε·
2812 4693 3024 4769 Βλέψον
3082 4695 3160 4757 εἰς
3239 4698 3407 4770 ⁹ἡμᾶς.
3467 4698 3524 4750 Ὁ
3583 4697 3641 4753 δέ
3697 4697 3926 4778 ἐπεῖχεν

2261 4786 2521 4852 «αὐτοῖς,
2582 4783 2903 4862 προσδοκῶν
2959 4805 3013 4839 τι
3068 4784 3196 4860 παρ’
3253 4785 3429 4841 αὐτῶν
3509 4782 3720 4846 λαϐεῖν.
3780 4790 3928 4845 Εἱπι

2258 4899 2286 4926 ι(
2320 4871 2377 4930 δὲ
2406 4874 2627 4950 Πέτρος.
2665 4898 2693 4926 ››

2326 4968 2450 5028 Πῶς
2466 4961 2527 5018 οὑ
2557 4961 2704 5041 λέγει
2729 4963 2790 5018 τὸ
2806 4959 2978 5037 ὄνομα
2995 4965 3092 5017 τοῦ
3116 4959 3332 5036 χωλοῦ;
3351 4961 3436 5017 ὅτι
3458 4960 3582 5018 οὐδὲ
3605 4964 3656 5018 οἱ
3681 4964 3925 5021 ἀπόστο-

2254 5051 2347 5109 λοι
2377 5049 2598 5128 ᾔδεισαν
2628 5053 2809 5110 σὺτόν.
2845 5049 3135 5116 Ηαντελῶς
3184 5051 3290 5128 γὰρ
3322 5052 3350 5106 6
3381 5050 3669 5129 ἄνθρωπος
3716 5052 3920 5132 ἄγνω-

2253 5163 2378 5204 στος
2409 5143 2474 5212 ἦν
2507 5143 2676 5215 αὑτῷ.
2710 5143 2814 5199 Καὶ
2845 5145 3030 5209 τοῦτο,
3061 5138 3148 5195 ἳνα
3182 5142 3321 5215 μήτε
3366 5143 3731 5218 χαριζόμενοι
3779 5145 3921 5223 φαί-

2250 5254 2475 5304 νωνται,
2506 5234 2595 5288 καὶ
2625 5233 2762 5287 κατὰ
2791 5229 3164 5304 προσπάθειαν
3192 5231 3516 5306 ποιούμενοι
3563 5233 3660 5295 τὰς
3711 5233 3918 5307 ἰάσεις,

2253 5325 2394 5398 μήτε
2422 5343 2505 5384 τις
2542 5322 2770 5378 ὑπόνοια
2815 5319 3153 5395 ὑποκρίσεως
3210 5315 3351 5395 μηδὲ
3403 5320 3549 5394 παρὰ
3596 5326 3704 5378 τῶν
3754 5322 3917 5380 ἀναι-

2249 5413 2633 5490 σχυντοτάτων
2695 5404 3181 5483 ὑπολαμϐάνηται,
3243 5408 3328 5464 ὅτι
3383 5411 3522 5488 πρὸς
3581 5411 3744 5488 χάριν
3795 5417 3914 5469 τῶν

2244 5499 2571 5560 ἀποστόλων
2628 5500 2769 5563 τινές
2819 5503 2928 5554 τῶν
3014 5497 3202 5560 αὐτοῖς
3259 5500 3553 5576 γνωρίμων
3617 5501 3716 5563 τὰς
3769 5504 3904 5578 περὶ

2249 5591 2446 5655 αὐτοὺς
2505 5590 2671 5655 ἰάσεις
2735 5588 3137 5665 ὑποκρίνοιντο.
3197 5590 3321 5651 Πῶς
3381 5590 3474 5648 οὗν
3513 5589 3615 5648 οὑκ
3668 5586 3880 5667 ἔμαθον

1330 5717 1375 5755 ³⁷
1402 5720 1570 5776 Joan.
1607 5736 1728 5787 xm,
1762 5721 1851 5778 36.
1929 5717 1973 5756 ³⁸
2005 5721 2173 5779 loan.
2207 5737 2300 5792 xx,
2330 5722 2386 5777 4.
