4160 6420
250 481 308 542 ει
1220 478 1620 542 OOMMEN'I‘.
1669 480 1752 542 IN
1796 479 2002 541 ACTA
2043 479 2646 544 APOSTOLORUM.

258 611 382 687 μετὰ
405 611 508 681 rip
532 609 680 667 ἴασιν
711 613 776 668 τὸ
801 612 983 686 ὃνομα
1018 628 1033 684 ς
1065 612 1188 670 Ὀτι
1241 610 1342 668 οὐκ
1368 611 1438 682 ἦν
1481 610 1668 674 αὐτοῖς
1724 609 1893 686 σχολαί

2027 611 2170 670 bant
2199 619 2334 687 post
2368 614 2566 672 datam
2599 615 2956 673 sanitatem?
3006 618 3152 684 Quia
3183 619 3368 674 otium
3395 617 3539 694 Ipsis
3555 633 3679 678 non

257 701 467 776 περὶτᾶ
503 699 677 774 μηδὲν
709 700 1113 758 λυσιτελοῦντα
1165 703 1650 778 κατασχολεῖσθαι.
1687 706 1808 763 Πῶς
1857 698 1914 757 δὶ

252 792 405 848 αὐτὸν
469 792 538 847 οὐ
621 794 976 869 προσήγαγον
1038 791 1257 862 ἰαθῆιαι
1313 797 1394 866 τῷ
1450 795 1723 870 Χριστῷς
1781 791 1911 856 ἴσως

250 882 382 942 τινες
443 884 582 949 ἦσαν
660 881 883 937 ἃπιστοι
973 881 1025 937 οἳ
1083 879 1534 958 προσεδρεύοντες
1614 887 1693 954 τῷ
1755 881 1909 956 ἱερῷ,

249 972 449 1048 δπουγε
501 968 630 1026 οὖδὶ
686 979 803 1035 τοῖς
865 970 1200 1035 ἀποστόλοις
1287 972 1451 1028 αὐτὸν
1529 975 1908 1048 προσήγαγον,

251 1059 458 1124 ἰδόντες
499 1061 702 1125 αὐτοὺς
758 1062 1027 1126 εἶσιόντας
1085 1064 1176 1119 καὶ
1232 1063 1484 1138 θαύματα
1540 1063 1909 1136 πεποιηκότας

247 1157 493 1210 τοιαῦτα.
524 1156 656 1211 ’Ότι
697 1151 891 1215 χωλὸς
947 1156 1014 1224 ἦν
1075 1151 1135 1210 ἐκ
1183 1153 1408 1218 ποιλίας
1462 1155 1692 1230 μητρὸς,
1739 1158 1906 1211 τοῦτο

241 1244 436 1305 πάντες
477 1243 531 1298 οἱ
563 1242 616 1298 ἐν
645 1247 723 1316 τῷ
751 1244 885 1317 ἱερῷ
914 1240 1136 1319 ᾔδεσαν,
1187 1243 1280 1299 Διὸ
1334 1242 1424 1298 καὶ
1481 1243 1556 1307 ὡς
1581 1248 1906 1323 περιφανοῦς

239 1327 388 1395 ὄντος
422 1330 509 1386 εἴτι
538 1337 705 1388 τοῦτο
736 1334 827 1404 ἦν,
861 1331 988 1389 οὗόὶ
1016 1337 1114 1388 τοῦ
1147 1333 1417 1407 ὀνόματος
1446 1331 1612 1389 αὐτοῦ
1668 1337 1765 1388 τοῦ
1799 1341 1906 1390 Κυ-

237 1422 357 1496 ρίου
390 1421 715 1500 ὲφρόντιζον
743 1423 879 1495 πρὸς
933 1424 997 1480 τὸ
1049 1427 1212 1479 τοῦτο
1266 1423 1425 1479 αὐτὸν
1477 1422 1687 1481 καλεῖν.
1746 1423 1906 1481 Ἀλλ’

234 1508 385 1566 ἕνεκα
414 1513 482 1567 τὸ
509 1516 609 1568 τοῦ
638 1514 844 1577 πάθους
871 1513 963 1568 καὶ
994 1512 1166 1583 αὐτὴν
1225 1514 1324 1583 τὴν
1378 1512 1752 1588 προσηγορίαν
1811 1511 1906 1569 αὖ·

234 1606 354 1670 τοῦ,
385 1604 482 1658 καὶ
532 1598 713 1675 ὄνομα
763 1602 911 1677 αὖτῷ
969 1603 1047 1664 εἷς
1090 1603 1379 1678 γνώρισμα
1425 1601 1794 1678 κατεξαίρετον
1842 1604 1906 1660 τὸ

235 1697 383 1756 σῑνος
413 1689 646 1766 ἐγίνετο.
683 1691 917 1748 Πολλῶν
947 1689 1004 1749 δὲ
1033 1693 1352 1768 θαυμάτων,
1387 1693 1465 1756 ὡς
1497 1691 1746 1765 εἴπομεν,
1803 1693 1906 1748 ὑπὸ

229 1786 337 1837 τῶν
368 1781 704 1839 ἀποστόλων
735 1782 1060 1860 γινομένων,
1120 1782 1182 1838 οὔ
1227 1789 1504 1860 προσῆγον
1561 1783 1722 1839 αὐτὸν
1774 1781 1905 1838 τοῦ-

227 1893 344 1935 τοις
375 1873 432 1927 οἱ
465 1871 753 1943 Ἰουδαῖοι,
786 1872 862 1936 ὠς
892 1878 972 1947 τῷ
1003 1878 1248 1948 Χριστῷ,
1282 1874 1408 1943 ἤτοι
1463 1875 1810 1951 φθονοῦντες,
1866 1875 1901 1944 ἢ

2027 711 2153 760 erat
2177 711 2243 760 ut
2271 712 2548 762 vacarent
2577 707 2735 762 circa
2791 723 2862 763 ea
2891 724 3025 778 qum
3083 708 3235 763 nihil
3266 709 3674 768 conferebant.

2026 795 2241 850 Verum
2275 795 2571 868 quomodo
2603 796 2774 852 illum
2805 814 2926 852 non
2977 798 3351 853 adduxerunt
3401 798 3473 854 ad
3506 799 3675 854 Chri-

2023 889 2179 939 stum
2212 891 2278 940 ut
2336 893 2648 941 sanaretur
2677 885 2705 941 ‘7
2747 888 3036 942 Fortassis
3085 888 3376 942 increduli
3429 889 3672 959 quidam

2021 979 2193 1026 erant
2216 972 2314 1043 qui
2340 973 2513 1044 juxta
2538 973 2824 1044 templum
2858 974 3338 1039 residebant,aut
3365 975 3425 1028 in
3460 992 3527 1030 eo
3561 975 3674 1030 mi-

2017 1061 2351 1117 nistrabant
2376 1062 2505 1117 :ubi
2531 1079 2726 1132 neque
2757 1063 2830 1118 ad
2861 1064 3164 1134 apos'olos
3195 1064 3386 1134 ipsum
3411 1063 3673 1119 adduxe-

2017 1161 2183 1216 runt.
2219 1171 2352 1210 cum
2388 1155 2523 1210 illos
2553 1156 2779 1229 ingredi
2806 1156 3166 1216 viderent.et
3185 1157 3342 1227 quod
3375 1157 3517 1212 talia
3547 1157 3675 1212 edi-

2018 1243 2250 1300 dissent
2279 1244 2588 1300 miracula.
2634 1245 2800 1310 Quod
2860 1245 3108 1300 claudus
3163 1252 3322 1300 esset
3377 1245 3450 1301 ab
3503 1250 3671 1303 utero

2014 1333 2244 1403 matris,
2277 1333 2337 1388 id
2371 1333 2651 1389 omnibus
2685 1339 2894 1389 notum
2928 1339 3056 1389 erat
3093 1335 3193 1405 qui
3226 1335 3289 1389 in
3323 1335 3544 1407 templo
3577 1335 3674 1392 de-

2014 1421 2234 1496 gebant
2267 1439 2279 1476 :
2314 1421 2448 1477 ideo
2484 1423 2661 1477 etiam
2695 1439 2831 1477 cum
2863 1421 2971 1477 hoc
3002 1423 3085 1478 ita
3115 1439 3245 1478 esse
3277 1423 3507 1479 cunctis
3543 1440 3674 1479 ma-

2016 1511 2300 1567 nifestum
2333 1517 2511 1579 esset,
2545 1528 2738 1582 neque
2771 1528 2912 1568 cura
2959 1511 3082 1567 illis
3140 1511 3250 1567 fuit
3309 1511 3379 1567 de
3428 1513 3672 1569 nomine

2016 1601 2249 1658 Domini
2284 1601 2580 1674 ipsius,ad
2612 1601 2722 1656 hoc
2747 1606 2812 1656 ut
2842 1601 3040 1672 ipsum
3071 1601 3144 1656 ab
3166 1601 3268 1656 illo
3301 1602 3672 1674 appellantes

2015 1691 2190 1748 nobis
2221 1690 2774 1765 significarent,sed
2807 1689 2878 1746 de
2915 1691 3042 1746 sola
3073 1691 3202 1761 ejus
3232 1691 3668 1759 imbecillitate,

2017 1785 2267 1856 ejusque
2312 1782 2765 1855 appellatione:
2817 1782 2918 1837 26
2971 1787 3029 1836 et
3071 1782 3197 1838 haec
3255 1782 3542 1853 mgritudo
3600 1800 3668 1840 ac

2015 1874 2301 1930 damnum
2333 1871 2554 1927 factum
2586 1877 2676 1926 est
2697 1872 3042 1944 ipsinomen
3073 1871 3145 1927 ad
3177 1873 3542 1945 praecipuum
3558 1890 3669 1929 no-

230 1966 318 2020 καὶ
354 1962 406 2020 δ’
437 1965 723 2024 ἀπιστίαν.
757 1963 925 2022 Οὔπω
957 1968 1060 2044 γὰρ
1093 1967 1346 2042 ἐνόμιζον
1395 1971 1655 2022 τοσοῦτον
1703 1966 1893 2029 αὐτοὺς

2016 1971 2260 2037 tumque
2293 1963 2606 2018 indicium.
2633 1964 2776 2018 Cum
2808 1969 3006 2018 autem
3039 1963 3229 2018 multa
3253 1963 3326 2018 ab
3379 1964 3664 2035 apostolis

232 2052 447 2130 ἰσχύειν
482 2058 950 2131 θαυμπουργεῖν,

2013 2057 2334 2113 ederentur
2363 2054 2674 2121 miracula,
2705 2054 2883 2110 veluti
2917 2054 3196 2117 diximus,
3231 2070 3366 2109 eum
3397 2053 3471 2108 ad
3502 2055 3664 2126 ipsos

232 2128 352 2202 non
384 2128 1002 2216 adduxeruntludasi,
1034 2148 1156 2205 sive
1188 2148 1347 2221 quod
1387 2148 1623 2204 Christo
1655 2147 2009 2216 inviderent,
2038 2149 2158 2204 sive
2190 2149 2432 2218 prOpter
2479 2142 2960 2199 incredulitatem
2996 2159 3009 2197 :
3047 2128 3316 2198 nondum
3366 2143 3526 2198 enim
3560 2159 3660 2199 eos

226 2235 683 2293 arbitrabantur
710 2254 886 2310 posse
916 2238 1150 2310 operari
1182 2243 1413 2294 tantum
1443 2237 1824 2295 miraculum.

287 2347 311 2373 αι
344 2323 649 2401 Ἀργύριον
678 2325 770 2380 καὶ
803 2325 1031 2400 χρυσίον
1061 2325 1171 2402 οὐχ
1202 2324 1418 2406 ὑπάρχε
1456 2344 1572 2399 μοι·
1602 2323 1633 2380 ὅ
1655 2321 1714 2382 δὲ
1748 2321 1885 2398 ἔχω,

236 2439 254 2465 ο
286 2415 453 2472 τοῦτό
487 2436 579 2471 σοι
613 2413 843 2491 δίδωμι.
881 2441 910 2470 ››

293 2506 477 2562 Τοῦτο
527 2507 633 2576 τήν
660 2506 900 2576 παντελῆ
956 2511 1059 2562 τοῦ
1117 2511 1330 2587 χρυσοῦ
1392 2507 1568 2563 αὐτῶν
1625 2506 1886 2577 ἀκτησίαν

232 2592 495 2673 ipp-stiva...
529 2597 612 2652 Οὔ
641 2598 770 2671 γὰρ,
803 2596 878 2661 ὡς
906 2593 1178 2659 πολλάκις
1208 2599 1374 2669 ἡμεῖς
1402 2618 1597 2675 φαμεν,
1627 2597 1714 2653 ’ὁτι
1759 2593 1889 2653 Ὧδε

227 2682 321 2737 οὒκ
351 2679 498 2758 ἔγω,
525 2684 676 2741 οῦτω
705 2686 798 2741 καὶ
820 2683 1003 2753 αὐτὸς,
1038 2682 1191 2753 ἀλλ’,
1223 2710 1250 2738 ‹‹
1284 2685 1406 2762 Οὐχ
1441 2685 1698 2768 ὑπάρχει,
1733 2707 1888 2760 μοιρ)

231 2779 382 2855 φησὶ,
415 2778 482 2834 τὸ
513 2777 700 2846 πάντη
737 2776 812 2849 μὴ
846 2775 1057 2831 ὑπεῖναι
1087 2774 1238 2848 αὐτῷ
1278 2774 1504 2852 χρυσίον
1539 2773 1745 2845 δηλῶν.

297 2983 326 3008 α
360 2959 452 3016 Ἐν
483 2961 571 3030 τῷ
603 2954 837 3030 ὀνόματι
868 2956 1048 3023 Ἰησοῦ
1103 2957 1341 3030 Χριστοῦ
1395 2959 1492 3011 τοῦ
1545 2953 1889 3031 Ναζωραίου,

235 3047 500 3126 ειγειραι
565 3045 658 3102 καὶ
717 3044 1022 3121 περιπάτει.
1077 3045 1180 3102 Καὶ
1236 3047 1512 3120 κρατήσας
1574 3044 1732 3101 αὐτὸν
1789 3047 1888 3114 τῆς

223 3164 247 3189 ι
281 3135 460 3209 δεξιᾶς
498 3135 716 3212 χειρὸς,
748 3132 959 3211 ¹ἤγειρε.
997 3140 1351 3211 Παραχρῆμα
1381 3132 1437 3190 δὶ
1485 3135 1887 3210 ἰστερεώθησαν

235 3253 255 3279 ε
287 3229 460 3283 αὐτοῦ
520 3227 580 3282 αἱ
635 3225 824 3301 βάσεις
880 3237 970 3280 καί
1009 3225 1076 3279 τὰ
1133 3225 1328 3302 σφυρά·
1388 3224 1478 3279 καὶ
1531 3221 1893 3298 ἐξαλλόμενος

228 3341 254 3368 ιι
283 3315 413 3388 ἔστη
445 3316 541 3371 καὶ
575 3313 912 3390 περιεπάτει.
947 3313 1054 3371 Καὶ
1089 3313 1309 3383 εἰσῆλθε
1367 3313 1460 3370 σὺν
1507 3313 1692 3376 αὐτοῖς
1721 3313 1798 3377 εἷς
1829 3315 1892 3370 τὸ

2073 2327 2170 2393 ΙΙΙ,
2203 2328 2254 2381 6.
2286 2347 2314 2375 «
2353 2326 2670 2395 Argentum
2702 2326 2762 2377 et
2781 2338 2992 2376 aurum
3023 2337 3144 2377 non
3177 2325 3268 2377 est
3296 2319 3444 2376 mihi
3472 2321 3660 2393 :quod

2009 2438 2035 2470 α
2068 2421 2269 2473 autem
2303 2414 2516 2478 habeo,
2551 2413 2662 2468 hoc
2694 2412 2800 2467 tibi
2834 2411 2931 2466 do.
2968 2433 2996 2462 ››

2073 2506 2191 2561 Hoc
2221 2504 2488 2576 ipsorum
2511 2500 2918 2558 omnimodam
2958 2501 3087 2556 auri
3118 2501 3381 2573 inopiam
3403 2501 3652 2559 demon-

2000 2598 2165 2650 strat.
2199 2593 2402 2663 Neque
2433 2591 2615 2654 enim,
2650 2589 3154 2661 quemadmodum
3179 2606 3288 2644 nos
3309 2589 3653 2660 frequenter

1999 2684 2276 2750 dicimus,
2309 2682 2428 2738 Hoc
2451 2681 2579 2736 loco
2612 2685 2714 2735 aut
2745 2680 2853 2736 hoc
2883 2685 3147 2752 tempore
3179 2696 3300 2735 non
3331 2679 3541 2747 habeo,
3570 2681 3654 2737 ita

2000 2775 2248 2845 etipse:
2283 2771 2426 2826 sed:
2462 2793 2488 2820 «
2525 2771 2649 2826 Non
2710 2774 2800 2824 est
2854 2768 3001 2823 mihi
3037 2785 3048 2824 :
3085 2793 3111 2818 ››
3147 2769 3491 2841 significans
3522 2786 3649 2826 om-

1999 2863 2144 2919 nino
2177 2878 2240 2917 se
2269 2878 2392 2917 non
2424 2859 2732 2933 possidere
2764 2875 2997 2914 aurum.

2072 2953 2348 3015 111,640.
2393 2971 2422 3000 ‹‹
2486 2952 2549 3004 ln
2606 2949 2849 3004 nomine
2905 2949 3040 3002 Jesu
3100 2947 3316 3003 Christi
3373 2950 3652 3005 Nazareni

2001 3065 2029 3093 «
2071 3058 2244 3116 surge
2302 3045 2360 3095 et
2411 3038 2673 3094 ambula.
2727 3039 2798 3092 Et
2851 3037 3226 3109 apprehensa
3283 3054 3464 3093 manu
3524 3040 3654 3111 ejus

2007 3156 2027 3182 α
2063 3132 2324 3193 dextera,
2351 3129 2539 3186 erexit
2569 3127 3010 3184 eum.Protinus
3041 3132 3237 3182 autem
3268 3128 3652 3184 consolidatas

2004 3245 2030 3272 ‹‹
2075 3226 2215 3277 sunt
2245 3219 2463 3292 plantas
2497 3217 2660 3272 illius
2691 3232 2759 3271 ac
2791 3215 2914 3279 tali.
2953 3221 3010 3270 et
3058 3215 3342 3272 exsiliens
3401 3217 3566 3272 stetit
3596 3223 3655 3272 et

2008 3333 2035 3361 ‹‹
2067 3307 2430 3366 ambulabat.
2453 3307 2524 3362 Et
2552 3306 2856 3378 ingressus
2884 3309 2974 3360 est
3003 3320 3138 3359 cum
3171 3305 3256 3359 eis
3279 3305 3338 3359 in
3364 3305 3654 3377 templum

224 3431 253 3458 σε
281 3407 428 3479 ἱερὸν
459 3409 784 3480 περιπατῶν
812 3403 907 3459 καὶ
937 3403 1246 3476 ἀλλόμενος
1275 3403 1365 3458 καὶ
1407 3403 1567 3458 αἰνῶν
1599 3404 1690 3460 τὸν
1732 3403 1884 3459 Θεόν·

2015 3424 2030 3450 ῖ‹
2065 3397 2446 3456 inambulans
2469 3412 2536 3452 ac
2568 3395 2790 3451 saliens
2814 3394 3186 3467 laudansque
3213 3395 3418 3451 Deum.
3456 3396 3522 3451 Et
3577 3397 3654 3451 vi-

229 3521 250 3548 ε
285 3497 389 3554 Καὶ
416 3493 562 3551 εἶδεν
592 3494 756 3551 αὐτὸν
783 3499 888 3556 πᾶς
929 3494 958 3550 6
1019 3494 1150 3556 Λαὸς
1208 3497 1604 3569 περιπατοῦντα
1652 3493 1741 3548 καὶ
1800 3492 1884 3548 az?-

225 3611 252 3637 α
284 3589 485 3642 νοῦντα
512 3585 608 3641 τὸν
663 3585 816 3642 Θεόν.
875 3583 1274 3663 Ἐπεγίνωσκόν
1324 3603 1385 3639 τε
1439 3582 1622 3654 αὐτὸν,
1655 3584 1740 3638 ὅτι
1791 3583 1886 3637 οὗ-

231 3699 261 3726 ¢
293 3696 387 3736 τος
419 3677 486 3745 ἦν
515 3678 545 3731 6
599 3675 740 3750 πρὸς
769 3678 870 3744 τῆν
900 3672 1280 3748 ἰλεημοσύνην
1311 3675 1620 3746 καθήμενος
1670 3671 1757 3728 ἐπὶ
1813 3676 1882 3747 τῇ

246 3792 275 3816 ει
307 3765 499 3836 Ὠραὶᾳ
522 3765 660 3843 πῦιλῃ
692 3769 794 3822 τοῦ
848 3766 1018 3839 ἱεροῦ.
1079 3765 1184 3823 Καὶ
1234 3762 1580 3836 iul-(aequm:
1643 3757 1889 3838 θάμϐους

244 3879 276 3908 α
308 3855 402 3912 καί
431 3853 718 3919 ἐκστάσεως
750 3856 840 3912 ἐπὶ
869 3859 949 3927 τῷ
980 3849 1353 3928 συμϐεϐηκότι
1383 3855 1554 3928 αὐτῷ.

308 3947 476 4019 Ὅπερ
526 3947 555 4001 6
604 3945 836 4020 Χριστὸς
893 3941 1171 4005 πολλάκις
1229 3943 1316 4000 ἐπὶ
1367 3948 1474 4000 τῶν
1537 3941 1885 4017 ἀτελεστερον

219 4033 582 4111 διακειμένων
640 4037 704 4093 οὗ
763 4035 916 4113 λόγῳ
979 4034 1141 4109 μόνον
1198 4035 1534 4110 θεραπεύων,
1591 4031 1737 4090 ἀλλὰ
1797 4036 1887 4091 καὶ

214 4127 565 4200 ἁπτόμενος,
596 4129 763 4184 τοῦτο
819 4125 910 4182 καὶ
939 4129 1032 4181 νῦν
1085 4126 1114 4182 6
1166 4127 1371 4202 Πέτρος
1421 4129 1589 4182 ποιεῖ.
1621 4126 1772 4199 ’Ἅμα
1831 4118 1890 4178 δὶ

218 4221 316 4274 καὶ
350 4215 445 4273 διὰ
502 4221 601 4273 τοῦ
658 4217 880 4292 ἰγεῖραι,
938 4214 1000 4273 τό
1062 4222 1161 4286 τῆς
1212 4215 1555 4278 ἀναστάσεως
1601 4219 1890 4271 πιστοῦται

223 4311 563 4383 μυστήριον,
593 4305 688 4362 καὶ
713 4304 800 4360 ἵνα
832 4306 908 4380 μή
944 4303 1075 4382 δόξῃ
1107 4305 1214 4362 ἀπὸ
1269 4306 1618 4378 ταυτομάτου
1667 4305 1703 4375 ἢ
1737 4303 1892 4360 αὐτο-

219 4395 628 4478 σχεδιάζοντος
663 4396 726 4451 τὸ
781 4394 1098 4472 γενόμενον.
1157 4393 1369 4452 Ἧλατο
1429 4393 1487 4450 δὶ
1542 4395 1795 4466 ἀναστὰς,
1853 4393 1888 4464 ἢ

215 4487 469 4542 ἀπιστῶν
502 4486 567 4542 τὸ
600 4480 906 4559 γινόμενον,
972 4483 1066 4542 καὶ
1122 4485 1395 4560 πειράζων
1430 4483 1506 4547 εἰς
1554 4481 1891 4564 ἀσφαλέστε-

215 4596 316 4646 pm
346 4575 448 4631 καὶ
510 4572 856 4650 ἐδραιότερον
908 4575 1009 4643 τὴν
1071 4573 1248 4649 βάσιν,
1307 4570 1344 4644 ἤ
1403 4571 1530 4629 οὐδὲ
1577 4576 1894 4650 περιπατεῖν

212 4663 367 4739 ᾔδει.
403 4665 487 4722 T6
519 4662 601 4736 δὲ,
640 4686 662 4712 ι
715 4663 1070 4740 ἰπεγῖνωσκον
1113 4663 1299 4734 αὐτὸν,
1361 4686 1390 4715 n
1444 4663 1788 4737 πρόσκειται,
1819 4662 1895 4727 ὡς

212 4755 310 4810 καῖ
341 4751 715 4830 ἆῬοοῦμεὲον
748 4753 947 4810 λοιπὸν
1007 4753 1114 4810 ἀπὸ
1169 4757 1266 4809 τοῦ
1325 4753 1620 4827 θαύματος.
1675 4753 1746 4811 "0
1802 4753 1892 4807 καὶ

218 4845 312 4902 ἰπὲ
346 4848 455 4901 τοῦ
485 4843 549 4900 ἐκ
575 4851 794 4918 γενετῆς
829 4842 1064 4924 τυφλοῦ.
1118 4843 1422 4919 Ἐἷώθαμεν
1483 4838 1540 4899 δὲ
1585 4841 1676 4906 καὶ
1726 4842 1891 4916 ἡμεῖς

217 4939 401 5011 taxi-rp
439 4941 752 5014 κεχρῆσθαι
781 4938 850 5008 τῇ
884 4933 1026 5008 λέξει
1061 4932 1150 4990 ἐπὶ
1180 4938 1288 4990 τῶν
1353 4931 1518 5007 μόλις
1555 4930 1892 5010 γνωριζομέ-

1999 3514 2028 3543 ι(
2059 3491 2146 3546 dit
2167 3506 2298 3545 eum
2332 3486 2918 3558 universuspopulus
2948 3486 3426 3542 inambulantem
3445 3487 3656 3543 aclau-

2001 3603 2023 3634 ε
2059 3580 2300 3636 dantem
2333 3579 2539 3634 Deum.
2573 3580 3070 3649 Agnoveruntque
3129 3576 3301 3631 illum
3333 3577 3491 3648 quod
3523 3579 3651 3650 ipse

1996 3693 2026 3721 α
2061 3674 2218 3725 esset
2246 3669 2297 3723 is
2319 3667 2419 3740 qui
2451 3666 2523 3722 ad
2557 3665 3001 3737 eleemosynam
3032 3664 3276 3720 sedebat
3306 3665 3378 3720 ad
3412 3667 3652 3738 Specio-

1997 3782 2026 3811 α
2059 3775 2184 3816 sam
2215 3763 2446 3830 portam
2479 3755 2705 3827 templi.
2740 3756 2811 3809 Et
2842 3755 3071 3826 impleti
3099 3755 3654 3815 suntadmiratione

2003 3871 2024 3900 ε
2060 3855 2120 3905 et
2140 3853 2382 3918 stupore
2415 3861 2595 3918 super
2627 3860 2694 3900 eo
2721 3843 2881 3914 quod
2912 3843 3242 3915 contigerat
3273 3844 3360 3899 illi
3419 3867 3445 3893 »

2069 3937 2236 4004 Quod
2262 3936 2528 3992 Christus
2551 3935 2897 4004 frequenter
2926 3939 3166 4005 propter
3188 3933 3655 4004 imperfectiores

1999 4027 2273 4087 faciebat.
2305 4042 2425 4081 non
2459 4025 2584 4080 solo
2617 4037 2891 4078 sermone
2916 4039 3151 4082 curans.
3187 4022 3290 4079 sed
3340 4029 3398 4079 et
3456 4029 3653 4094 tactu;

2001 4119 2110 4175 hoc
2142 4133 2300 4172 nunc
2329 4117 2616 4172 etPetrus
2645 4113 2820 4169 facit:
2852 4111 3153 4184 simulque
3203 4129 3308 4185 per
3354 4113 3467 4170 hoc
3499 4115 3657 4187 quod

1999 4209 2192 4280 erigit,
2219 4205 2676 4263 resurrectionis
2707 4203 3028 4260 conﬁrmat
3059 4203 3430 4275 mysterium,
3465 4211 3525 4260 et
3581 4222 3656 4263 ne

2000 4299 2270 4354 videatur
2297 4296 2516 4351 factum
2551 4294 2624 4350 ab
2657 4309 2726 4349 eo
2759 4292 2858 4365 qui
2893 4308 3011 4347 non
3043 4298 3282 4363 rogatus
3313 4310 3442 4349 sese
3472 4294 3658 4350 ultro-

2002 4404 2152 4444 neus
2182 4385 2552 4455 ingessisset.
2587 4385 2833 4438 Erectus
2864 4388 3063 4437 autem
3093 4381 3365 4447 saliebat,
3399 4383 3490 4439 vel
3523 4384 3660 4440 facti

2003 4476 2198 4534 adhuc
2228 4472 2594 4540 incredulus,
2631 4477 2689 4526 et
2741 4476 2976 4526 tentans
3009 4470 3083 4526 ad
3111 4471 3434 4527 cautiorem
3470 4478 3530 4528 et
3560 4473 3659 4528 ﬁr-

2003 4567 2254 4624 miorem
2285 4580 2554 4639 gressum
2589 4579 2602 4616 :
2637 4566 2739 4617 aut
2768 4561 2910 4633 quia
2961 4578 3034 4616 ne
3067 4561 3378 4618 ambulare
3418 4563 3662 4635 quidem

2004 4660 2267 4713 noverat.
2309 4653 2589 4709 Additum
2630 4667 2765 4706 vero
2797 4656 2924 4705 est:
2963 4673 2982 4698 ε
3020 4652 3398 4724 Agnoverunt
3422 4653 3659 4717 illum,»

2004 4747 2174 4823 quasi
2190 4745 2318 4818 jam
2349 4747 2591 4815 propter
2619 4739 2974 4797 miraculum
3004 4740 3240 4812 ignotus
3272 4741 3661 4798 esset.Simile

2004 4849 2241 4912 quoque
2271 4831 2489 4889 accidit
2521 4829 2592 4884 de
2623 4845 2779 4884 caeco
2840 4845 2874 4884 a
2933 4829 3236 4883 nativitate
3266 4827 3332 4882 ³9.
3389 4829 3660 4887 Solemus

2002 4933 2201 4986 autem
2233 4929 2293 4979 et
2321 4939 2430 4978 nos
2461 4921 2572 4978 hac
2602 4919 2687 4975 uti
2719 4918 3003 4983 dictione,
3049 4917 3430 4991 Ἐπιγνώσκω,
3464 4920 3526 4976 in
3568 4921 3661 4977 his

217 5047 356 5082 νων.
394 5050 427 5076 (ε
465 5027 784 5098 Ιιεριπατῶν
811 5023 901 5079 καὶ
931 5021 1270 5098 ἁλΑόμενος.
1327 5046 1355 5073 η
1383 5027 1471 5084 Ὠς
1529 5021 1893 5098 ἀγνοούμενον

2015 5034 2136 5090 qua:
2166 5015 2260 5070 vix
2289 5015 2753 5085 cognoscuntur.
2787 5031 2814 5058 «
2855 5007 3237 5063 lnambulans
3268 5025 3336 5063 ac
3366 5009 3588 5066 saliens
3611 5027 3661 5064 ε»

224 5112 434 5191 σχεδὸν
467 5115 533 5169 τὸ
566 5111 764 5169 λοιπον
792 5113 900 5168 ἀπὸ
930 5116 1030 5168 τοῦ
1088 5109 1352 5168 ἅλλεσθαι
1391 5111 1483 5167 τὸν
1545 5110 1649 5187 πρὸ
1694 5111 1892 5167 τούτου

217 5205 392 5282 ἆργόν
424 5204 520 5260 καὶ
551 5210 656 5274 τῆς
690 5201 884 5280 ἑτέρων
943 5200 1202 5278 δεόμενον
1254 5199 1510 5278 βοηθείας
1568 5201 1708 5266 πρὸς
1740 5199 1896 5276 μετά·

217 5293 412 5356 ϐασιν.

299 5412 328 5442 α
365 5390 711 5459 Κρατοῦντος
744 5383 802 5441 δὲ
841 5389 940 5441 τοῦ
997 5382 1236 5448 ἷαθᾶντος
1293 5382 1490 5459 χωλοῦ
1545 5383 1637 5439 τὸν
1690 5380 1893 5458 Πέτρον

221 5503 253 5531 ει
283 5487 381 5537 καῖ
415 5479 702 5549 Ἰωάννην,
734 5472 1037 5551 συνέδραμε
1065 5473 1204 5551 πρὸς
1261 5472 1456 5536 αὐτοὺς
1512 5477 1616 5536 πᾶς
1675 5473 1703 5529 6
1762 5471 1896 5534 λαὸς

233 5597 260 5624 κ
298 5572 389 5629 ἰπὶ
421 5573 492 5644 τῇ
525 5573 658 5643 στοᾷ
685 5569 756 5641 τῇ
787 5563 1106 5639 καλουμένῃ
1166 5561 1554 5637 Σολομῶντος,
1609 5559 1899 5637 ἔκθαμϐοι.

221 5688 250 5715 ε
284 5661 440 5721 Ἰδὼν
469 5658 527 5718 δὲ
559 5660 772 5736 Πετρος
802 5653 1133 5732 ἀπεκρίνατο
1165 5653 1305 5729 πρὸς
1326 5652 1419 5710 τὸν
1450 5650 1604 5713 λαόν.
1642 5677 1670 5706 »

303 5851 942 5925 'Jou.rx,tuqq.

2006 5105 2172 5178 quasi
2200 5104 2327 5175 jam
2357 5107 2604 5174 propter
2636 5098 2858 5153 saltum
2889 5096 3322 5170 propemodum
3354 5097 3664 5169 ignorare-

2005 5201 2102 5252 tur
2131 5194 2181 5249 is
2211 5191 2312 5267 qui
2346 5191 2521 5263 paulo
2546 5194 2682 5244 ante
2719 5186 2866 5243 adeo
2919 5185 3125 5240 tardus
3175 5192 3303 5242 erat
3331 5192 3396 5242 ut
3421 5187 3494 5245 ad
3525 5206 3666 5264 pro-

2006 5299 2277 5360 gressum
2309 5279 2566 5336 aliorum
2598 5282 2804 5352 egeret
2836 5274 3081 5331 auxilio.

2079 5375 2177 5438 ΙΙΙ,
2217 5375 2299 5428 tt.
2328 5372 2414 5426 12.
2448 5392 2476 5420 ‹‹
2509 5371 2654 5426 Cum
2683 5372 2913 5423 teneret
2945 5371 3141 5421 autem
3173 5365 3552 5442 claudus,qui
3573 5385 3670 5427 sa-

2009 5487 2038 5517 «
2073 5469 2248 5522 natus
2282 5461 2744 5526 fuerat,Petrum
2777 5463 2834 5512 et
2863 5458 3173 5518 Joannem.
3196 5459 3668 5517 cucurritadeos

2011 5578 2040 5606 «
2072 5560 2231 5611 totus
2262 5551 2516 5625 populus
2549 5549 2912 5622 stupefactus
2932 5547 3005 5603 ad
3035 5547 3327 5621 porticum
3355 5567 3486 5622 qum
3509 5552 3666 5608 dice-

2012 5668 2039 5696 (ι
2067 5645 2245 5701 batur
2274 5639 2630 5697 Solomonis.
2660 5639 2915 5694 lntuitus
2946 5643 3145 5694 autem
3176 5638 3386 5695 Petrus
3419 5656 3666 5714 respon-

2013 5759 2042 5788 «
2073 5735 2163 5794 dit
2191 5734 2266 5792 ad
2294 5732 2603 5810 populum.
2637 5754 2666 5784 ι)
