4160 6490
398 468 476 528 33
1398 502 1401 503 κ
1527 445 1955 513 (ECUMENII
1997 450 2120 510 rm

2235 449 2308 510 [Ε
2354 447 2732 511 EPISGOPI.
3755 441 3836 507 ει

474 601 571 658 27
604 593 866 653 Tenebat
895 587 1203 663 apostolos
1222 591 1359 660 post
1399 584 1695 641 redditam
1719 583 2062 651 sanitatem,
2093 586 2148 652 Α

401 691 495 749 vel
530 706 601 745 ex
629 678 1253 750 benevolentia,quasi
1279 676 1547 749 plausum
1576 680 1635 729 et
1663 672 2065 729 favoremillis

406 770 858 838 concilians,vel
888 768 1172 825 omnibus
1205 765 1527 821 ostendens
1562 780 1663 819 eos
1689 763 1788 834 qui
1810 778 1871 816 se
1894 778 2069 816 sana-

404 872 615 926 veraut
644 884 659 930 ;
693 869 797 919 aut
825 860 1166 933 suspicatus
1199 857 1359 929 quod
1391 856 1439 910 si
1473 855 1546 910 ab
1580 854 1666 908 eis
1698 853 2072 923 relinquere-

412 968 531 1027 tur,
565 972 805 1014 rursum
837 970 871 1008 a
896 950 1150 1023 pristino
1211 955 1438 1004 natura:
1478 946 1617 1000 vitio
1650 945 2070 1015 corriperetur.

412 1047 834 1108 Arbitrabatur
863 1042 1024 1097 enim
1084 1056 1146 1094 se
1208 1045 1456 1093 eatenus
1520 1033 1726 1089 morbo
1758 1033 2075 1088 liberatum

416 1114 567 1202 esse,
598 1136 740 1192 dum
771 1134 935 1205 ipsos
958 1134 1207 1189 teneret.
1235 1134 1293 1181 et
1313 1126 1386 1182 ab
1419 1126 1504 1181 eis
1560 1128 2031 1179 contrectaretur
2060 1139 2074 1178 :

416 1214 675 1287 maxime
699 1222 858 1297 quod
890 1219 1201 1276 Petrusita
1231 1218 1403 1273 illum
1438 1213 1718 1289 erigendo
1749 1217 2075 1269 curaverat.

416 1316 552 1372 «Ad
581 1313 873 1387 porticum
904 1326 1034 1381 quae
1066 1306 1378 1363 dicebatur
1401 1302 1932 1360 Salomonis.»Sola
1950 1302 2077 1356 haec

415 1405 685 1480 porticus
716 1401 1027 1473 supererat
1050 1413 1086 1452 a
1110 1395 1446 1475 Salomonis
1477 1391 2080 1448 aediﬁcationeExus-

421 1499 583 1552 serat
611 1491 770 1548 enim
793 1487 1083 1560 templum
1108 1484 1694 1541 Nabuchodonosor:
1722 1497 2084 1554 rursumque

426 1583 721 1641 mdiﬁcare
744 1580 1012 1652 jusserat
1039 1576 1222 1647 Cyrus
1254 1576 1455 1630 Persa.

497 1670 593 1739 III,
622 1673 709 1724 12.
744 1690 772 1718 ι(
809 1666 929 1721 Viri
965 1662 1274 1731 Israelitm,
1324 1663 1469 1734 quid
1500 1662 1882 1719 admiramini
1910 1677 2090 1733 super

421 1782 451 1812 ‹‹
475 1759 628 1816 hoc?
658 1761 762 1814 aut
793 1772 903 1810 nos
932 1753 1078 1825 quid
1109 1752 1323 1808 deﬁxis
1345 1751 1538 1808 oculis
1569 1750 2089 1823 intuemini,quasi

427 1870 455 1905 ιι
480 1848 725 1924 propria
754 1844 1027 1918 potentia
1057 1847 1159 1898 aut
1188 1841 1479 1917 religione
1502 1841 1883 1897 effecerimus
1908 1846 1974 1896 ut
1994 1840 2090 1896 hic

426 1934 938 1996 «ambularet?»
1116 2020 1153 2022 η
1243 2021 1247 2022 ν
1341 2019 1355 2022 _
2060 2019 2070 2022 _
2126 1958 2173 2022 Β

2254 581 2498 653 Ἐκράτει
2527 580 2657 649 τοὺς
2685 578 3033 640 ἀποστολους
3091 578 3226 651 μετὰ
3277 577 3379 645 τὴν
3430 572 3594 645 ἴασιν,
3633 572 3671 645 ἤ
3729 574 3839 633 ἀπὸ

2181 670 2392 732 εὐνοίας
2422 668 2603 747 ὥσπερ
2636 668 2910 750 εὐφημίαν
2965 666 3153 728 αὐτοῖς
3210 664 3457 736 πλέκων,
3518 666 3611 721 καὶ
3644 662 3847 722 ἐπιδειο

2179 759 2308 822 κνὺς
2344 754 2508 814 ἅπασι
2534 759 2661 821 τοὺς
2676 766 2952 834 σωτῆρας,
2981 756 3017 826 ἤ
3037 757 3283 812 ὑπονοῶν
3302 756 3397 825 ὡς,
3421 755 3465 811 εἰ
3484 753 3843 836 ἀπολειφθείη

2182 847 2381 918 αὐτῶν,
2412 847 2578 905 πάλιν
2610 848 2713 904 ὑπὸ
2746 852 2842 903 τοῦ
2872 847 3080 910 πάθους
3117 844 3524 923 καταληφθείη.
3587 844 3841 919 Ἐνόμιξε

2182 939 2284 1013 γὰρ
2322 940 2492 1014 μέχρι
2520 928 2716 993 τούτου
2747 934 3113 1012 ἀπηλλάχθαι
3142 938 3241 991 τοῦ
3270 935 3499 1001 πάθους,
3548 936 3751 1009 μέχρις
3787 932 3849 989 ἂν

2186 1028 2400 1103 κατέχῃ
2432 1026 2653 1097 αὐτοὺς,
2682 1026 2772 1082 καὶ
2804 1025 3109 1104 ἐφάπτηται
3143 1025 3345 1094 αὐτῶν,
3371 1023 3616 1100 μάλιστα
3644 1023 3729 1079 ὅτι
3753 1023 3848 1079 καὶ

2189 1118 2218 1172 ὁ
2251 1119 2453 1191 Πέτρος
2479 1118 2754 1191 κρατήσας
2786 1115 2949 1171 αὑτὸν
3002 1113 3175 1176 οὕτως
3236 1114 3448 1169 ἰάσατο.
3508 1138 3528 1163 ι
3592 1113 3721 1171 Ἐπὶ
3776 1114 3852 1186 τῇ

2189 1213 2322 1279 στοᾷ
2351 1212 2421 1281 τῇ
2445 1206 2783 1282 καλουμένῃ,
2820 1231 2848 1258 ››
2877 1206 3027 1277 Αὖτη
3066 1204 3207 1281 μόνη
3243 1205 3373 1260 στοὰ
3406 1202 3592 1259 ἵστατο
3619 1203 3727 1259 ἀπὸ
3746 1208 3854 1273 τῆς

2191 1303 2528 1366 κατασκευῆς
2607 1296 2997 1370 Σολομῶντος.
3084 1293 3381 1370 Ἐνέπρησε
3444 1294 3547 1369 γὰρ
3588 1294 3650 1349 τὸ
3707 1294 3861 1370 ἱερὸν

2192 1383 2729 1465 Ναϐουχοδονόσωρ,
2761 1387 2853 1443 καὶ
2885 1383 3216 1460 ᾠκοδόμησε
3248 1390 3421 1462 Κύρος
3473 1386 3502 1441 ὁ
3546 1383 3778 1462 Πέρσης.

2269 1688 2299 1715 ι(
2333 1659 2564 1737 ’Ἄνδρες
2621 1661 2985 1736 Ἰσραηλῖται,
3034 1660 3087 1716 τί
3136 1660 3442 1733 θαυμάζετε
3487 1657 3576 1714 ἐπὶ
3628 1657 3865 1729 τούτῳς

2201 1779 2229 1809 ι(
2258 1751 2293 1823 ἢ
2324 1754 2459 1828 ἡμῖν
2490 1752 2544 1807 τί
2586 1751 2858 1822 ἀτενίζετε
2915 1750 2992 1813 ὠς
3054 1748 3168 1822 ἰδίᾳ
3226 1746 3481 1823 δυνάμει,
3525 1750 3561 1820 ἢ
3621 1741 3877 1819 εὐσεϐείᾳ

2201 1867 2231 1895 ιι
2263 1841 2616 1912 πεποιηκόσι,
2650 1844 2747 1894 τοῦ
2777 1844 3097 1916 περιπατεῖν
3133 1838 3293 1895 αὑτόν
3330 1860 3346 1908 ς
3373 1862 3402 1890 »

498 2027 691 2100 Ipsius
721 2022 906 2080 Israel
954 2020 1291 2094 appellatio
1325 2019 1577 2075 duarum
1609 2036 1809 2075 rerum
1843 2019 2104 2093 suggerit
2126 2016 2183 2025 “’

436 2115 833 2179 intellectum,
867 2127 1083 2184 nempe
1107 2109 1300 2165 laudis
1331 2126 1366 2164 a
1392 2108 1569 2164 Jacob
1603 2109 1697 2165 cui
1738 2108 1811 2164 ob
1838 2110 1935 2163 Dei
1959 2109 2103 2164 obe-

440 2204 729 2262 dientiam
759 2199 1081 2272 appellatio
1116 2198 1297 2253 Israel
1330 2197 1609 2269 adaptata
1637 2203 1746 2265 est,
1770 2197 2105 2253 abinferio-

442 2294 609 2350 ribus
639 2289 920 2347 detractis
950 2288 1027 2344 ad
1077 2287 1379 2355 sublimia,
1443 2286 1728 2355 caalestia,
1788 2285 1987 2343 divina
2037 2304 2107 2343 ac

442 2382 884 2453 intelligibilia:
911 2384 971 2435 et
991 2378 1389 2435 accusationis
1421 2378 1669 2433 seminis
1702 2379 1832 2450 ejus
1858 2378 1930 2433 ab
1946 2379 2109 2433 exitu

444 2489 517 2531 ex
545 2468 975 2545 Egypto.quod
1005 2482 1315 2539 nunquam
1348 2468 1693 2539 persuaderi
1725 2468 2112 2539 poterat,ple-

446 2577 593 2620 num
624 2574 862 2624 semper
914 2557 1289 2612 irritationis.
1324 2557 1404 2612 Ex
1436 2563 1688 2628 utroque
1723 2573 1859 2630 ergo
1891 2573 2112 2613 nomen

446 2650 631 2708 Israel
662 2649 785 2705 illis
816 2646 1028 2703 tribuit
1060 2663 1074 2701 :
1108 2646 1249 2703 hinc
1278 2645 1556 2703 videlicet
1614 2647 2114 2714 erubescentiam,

448 2740 607 2816 quod
630 2740 748 2795 Deo
776 2754 896 2794 non
927 2742 1198 2810 pareant,
1240 2741 1306 2791 ut
1338 2737 1683 2808 progenitor
1708 2754 1915 2792 eorum
1946 2737 2114 2792 fece-

455 2836 551 2888 rat
583 2854 596 2886 ;
633 2830 801 2885 illinc
851 2828 1030 2885 etiam
1079 2826 1501 2899 perditionem,
1561 2832 1627 2882 ut
1674 2827 1774 2899 qui
1805 2829 2115 2899 Egyptum

464 2921 693 2997 egressi.
718 2925 859 2977 sunt
889 2935 1000 2974 nec
1027 2918 1101 2975 ad
1133 2919 1490 2990 promissam
1519 2917 1732 2974 servati
1765 2924 1907 2974 sunt
1936 2919 2116 2975 hmre-

461 3011 712 3068 ditatem
732 3027 744 3063 :
761 3025 1016 3081 quorum
1034 3006 1286 3063 duorum
1320 3007 1769 3064 reminiscentia
1781 3024 1887 3080 per
1899 3024 2120 3063 nomen

464 3099 650 3159 Israel
681 3098 1042 3168 facta,hujus
1061 3096 1304 3169 quidem
1335 3096 1623 3169 prmbebit
1652 3096 2119 3165 aamulationem,

464 3190 708 3245 illorum
746 3205 880 3243 vero
913 3186 1265 3242 imitationis
1290 3185 1726 3259 fugam,timore
1759 3187 1973 3243 similis
1996 3204 2124 3260 per-

466 3279 734 3347 ditionis,
769 3296 840 3335 ex
870 3277 1201 3333 attentione
1230 3293 1434 3332 eorum
1485 3294 1616 3348 quas
1675 3276 1932 3334 dicenda
1963 3286 2120 3333 sunt.

2281 2027 2343 2079 Ἠ
2374 2026 2470 2078 τοῦ
2501 2018 2725 2096 Ἰσραὴλ
2780 2018 3129 2098 προσηγορία
3182 2016 3370 2090 διττὴν
3429 2011 3739 2076 ὑποϐάλλει
3770 2018 3878 2086 τὴν

2215 2106 2469 2187 ἕκληψιν·
2531 2110 2778 2176 ἐπαίνου,
2838 2110 2943 2165 ἀπὸ
3002 2112 3099 2164 τοῦ
3160 2102 3379 2177 Ἰακὼϐ,
3447 2107 3493 2181 ᾧ
3545 2106 3888 2171 θεοπειθείας

2203 2202 2378 2278 ’χάριν
2413 2204 2448 2271 ἠ
2481 2204 2576 2255 τοῦ
2609 2199 2834 2274 Ἰσραήλ
2894 2197 3299 2277 προσηρμὸσθη
3362 2199 3733 2275 προσηγορία,
3771 2196 3892 2254 ἀπὸ

2217 2297 2326 2347 τῶν
2355 2292 2506 2347 κάτω
2538 2288 2853 2366 συρομένων
2906 2288 2995 2344 ἐπὶ
3053 2288 3121 2343 τὰ
3178 2287 3405 2364 οὐράνια
3460 2286 3553 2342 καὶ
3609 2290 3726 2342 θεῖα
3785 2286 3888 2342 καὶ

2217 2383 2389 2449 νοητά
2442 2378 3131 2454 διαπορθμευθεῖσαὺψηο
3225 2376 3510 2453 μέμψεως,
3594 2376 3703 2433 ἀπὸ
3776 2379 3889 2443 τῆς

2220 2468 2406 2547 ἐξόδου
2437 2474 2538 2536 τῆς
2584 2469 2634 2542 ἐξ
2681 2470 2966 2545 Αῗγὺπτου
3022 2472 3120 2523 τοῦ
3161 2467 3470 2543 σπέρματος
3524 2468 3691 2523 αὑτοῦ
3748 2464 3890 2523 δυσ-

2223 2560 2446 2638 αγώγου
2502 2559 2594 2615 καὶ
2652 2559 2909 2621 ἀπειθοῦς
2982 2557 3074 2612 καὶ
3132 2561 3597 2633 παραπικρασμοῦ
3659 2560 3889 2630 μεστοῦ.

2226 2651 2290 2721 EE
2333 2649 2591 2724 ἐκατέρου
2649 2649 2828 2704 τοίνυν
2860 2649 2923 2703 τὸ
2971 2645 3199 2724 Ἰσραὴλ
3259 2642 3437 2720 ὄνομα
3493 2647 3682 2711 αὑτοῖς
3740 2667 3895 2723 παρ-

2226 2740 2344 2815 έχει
2401 2737 2692 2807 αἰσᾎύνην,
2755 2739 2833 2810 μὴ
2926 2739 3301 2801 θεοπειθοῠσιν
3362 2737 3437 2799 ὡς
3496 2737 3524 2792 ὁ
3582 2736 3897 2812 προπάτωρ

2227 2826 2532 2897 ἀπώλειαν,
2589 2828 2663 2890 ὡς
2726 2828 2779 2882 οἱ
2835 2824 2888 2898 ἐξ
2946 2827 3230 2902 Αἰγύπτου
3266 2827 3343 2899 μή
3390 2829 3460 2901 τῇ
3493 2823 3894 2903 ἐπηγγελμένῃ

2230 2919 2591 2979 ἀνασωθέντες
2663 2913 3029 2990 κληροδοσίᾳ.
3101 2918 3199 2970 Ὧν
3257 2915 3524 2990 ἑκατέρων
3580 2915 3900 2988 ὑπόμνησις

2231 3006 2323 3065 διὰ
2350 3013 2448 3064 τοῦ
2483 3008 2756 3080 ὀνόματος
2789 3004 3136 3083 ἐγγινομένη,
3167 3009 3266 3060 τοῦ
3298 3006 3393 3078 μὶν
3449 3003 3617 3075 ζῆλον
3650 3004 3899 3080 παρέξει,

2229 3099 2337 3154 τῶν
2371 3094 2429 3153 δέ
2454 3098 2552 3166 τήν
2585 3096 2821 3169 μίμησιν
2851 3093 2942 3151 διὰ
2971 3097 3063 3150 τὸν
3093 3094 3288 3168 ὅμοιον
3349 3090 3578 3169 ὄλεθρον
3612 3093 3897 3170 ἰκφυγεῖν,

2234 3188 2295 3244 ἐκ
2323 3193 2617 3262 προσοχῆς
2646 3191 2757 3242 τῶν
2788 3180 3249 3261 λεχθησομένων.
3314 3185 3579 3246 Πλείονος
3638 3181 3697 3239 δὲ
3754 3181 3899 3255 αὕτη

2239 3278 2397 3356 γέμει
2421 3283 2523 3348 τῆς
2551 3274 2857 3353 παρρησίας
2898 3277 2934 3344 ἡ
2995 3272 3341 3349 δημηγορία,
3407 3273 3516 3349 οὑχ
3572 3273 3657 3329 ὅτι
3715 3271 3768 3328 ἐν
3823 3277 3903 3348 τῇ

467 3370 603 3426 Haec
615 3330 814 3424 autem
829 3367 1035 3423 concio
1052 3367 1261 3436 maiori
1276 3330 1520 3423 dicendi
1534 3366 1810 3422 libertate
1827 3367 2004 3439 plena
2017 3373 2120 3435 est;

2239 3330 2798 3446 τζρᾋὲέρέὶφοὲὲῖὲο,
2842 3330 2984 3420 *ἀλλ’
3303 3330 3544 3445 χίαλεπῆοὶ
3599 3358 3748 3425 ὄντες
3805 3330 3906 3418 καῖ.

470 3476 592 3515 non
624 3457 784 3529 quod
810 3457 871 3512 in
902 3456 1085 3529 priori
1115 3456 1571 3520 terreretur,sed
1590 3457 1872 3528 quoniam
1892 3457 2130 3512 cumilli

475 3548 611 3604 ειενί
627 3551 829 3603 essent
846 3545 1581 3617 etimprobi,nequaquam
1602 3545 2132 3604 tulissentDeinde

481 3640 648 3697 illam
673 3636 913 3710 quidem
930 3637 1717 3709 incipiens,perprocemium
1740 3638 2133 3695 attentionem

487 3727 551 3782 in
574 3724 695 3782 illis
726 3724 1142 3792 efﬁcit,dicens
1167 3742 1179 3780 :
1206 3726 1325 3780 Hoc
1346 3725 1511 3782 vobis
1542 3733 1749 3782 notum
1783 3727 1878 3796 sit,
1912 3727 2137 3783 etauri-

489 3813 602 3869 bus
630 3812 918 3885 percipite
950 3812 1128 3868 verba
1158 3829 1291 3869 mea
1324 3812 1458 3869 :hic
1488 3831 1623 3869 vero
1677 3813 1776 3869 tali
1836 3832 2137 3888 praspara-

476 3901 637 3957 tione
661 3917 780 3956 non
814 3917 963 3973 opus
994 3906 1104 3969 est,
1138 3917 1332 3973 neque
1365 3902 1526 3957 enim
1560 3903 1894 3976 torpebant,
1928 3904 2033 3960 sed
2064 3903 2135 3959 si-

480 4007 662 4063 gnum
689 3990 751 4045 in
783 3990 994 4047 claudo
1025 3991 1246 4046 factum
1280 4009 1488 4048 omnes
1511 3992 2139 4060 reddiditattentos,et

481 4081 717 4136 timoris
750 4096 817 4136 ac
848 4082 1350 4136 consternationis
1381 4082 1590 4153 plenos
1622 4083 1837 4138 effecit.
1861 4082 2007 4138 Vide
2034 4098 2137 4137 au-

479 4174 597 4224 tem
642 4167 943 4240 quomodo
976 4170 1280 4239 repellens
1341 4187 1508 4225 suam
1558 4171 1826 4242 ipsorum
1885 4171 2138 4242 gloriam

481 4272 661 4328 quam
701 4256 886 4328 signis
917 4257 1172 4311 assecuti
1226 4263 1418 4322 erant,
1471 4258 1623 4312 nihil
1662 4259 1862 4332 magni
1894 4259 1966 4314 de
1998 4260 2142 4331 ipsis

481 4345 1081 4416 loquitur.Siquidem
1113 4346 1211 4418 qui
1245 4346 1507 4403 modeste
1531 4348 1713 4404 sentit
1736 4348 1808 4403 de
1839 4350 2142 4421 praeclaris

490 4434 614 4491 suis
647 4434 1146 4508 Operibus,magis
1172 4436 1791 4494 attrahitauditorem.
1824 4439 1960 4493 Ideo
1994 4456 2141 4511 quo-

488 4540 604 4597 que
636 4522 753 4595 ipsi
786 4525 1399 4597 contemptahumana
1427 4527 1615 4600 gloria
1646 4529 2143 4603 seipsosamplius

487 4613 922 4686 gloriﬁcabant,
958 4616 1057 4672 28
1082 4634 1201 4671 non
1226 4617 1555 4674 humanum
1580 4620 1683 4675 sed
1725 4620 1988 4677 divinum
2013 4638 2142 4677 esse

2240 3457 2433 3531 ἰταμοὶ
2475 3456 2575 3511 οὐκ
2605 3456 2662 3511 ἄν
2724 3454 2950 3529 ἤνεγκαν
3012 3453 3227 3514 ἐκεῖνοι.
3298 3455 3393 3512 Ἐκ
3439 3455 3637 3510 τούτου
3693 3452 3909 3524 ἐκείνης

2245 3547 2340 3619 μὲν
2395 3545 2728 3621 ἀρχόμενος,
2800 3543 3134 3620 ἐπιστροφὴν
3194 3543 3380 3606 αὑτοῖς
3464 3545 3744 3622 ἐργάζεται
3806 3541 3910 3601 διὰ

2240 3639 2337 3690 τοῦ
2374 3633 2698 3710 προοιμίου,
2752 3636 2922 3687 Τοῦτο
2979 3632 3105 3704 ὑμῖν
3160 3632 3423 3708 γνωστὸν,
3488 3629 3687 3707 λέγων,
3736 3630 3910 3702 ἔστω,

2240 3724 2330 3779 καὶ
2418 3721 2743 3786 ἐνωτίσασθε
2788 3721 2855 3777 τὰ
2934 3720 3154 3799 ῥήματά
3242 3738 3369 3794 μου”
3432 3719 3655 3776 ἐνταῦθα
3718 3717 3776 3776 δὲ
3833 3720 3904 3777 οὗ

2244 3811 2416 3868 δεῖται
2464 3819 2566 3882 τῆς
2622 3811 2882 3882 τοιαύτης
2938 3817 3297 3879 κατασκευῆς.
3373 3810 3452 3868 Οὐ
3535 3810 3636 3886 γάρ
3712 3808 3912 3885 ὲρᾳθῦο

2248 3924 2405 3977 μουν,
2437 3901 2584 3958 ἀλλὰ
2620 3903 2684 3956 τὸ
2742 3905 2971 3974 σημεῖον
3029 3904 3127 3955 τοῦ
3187 3896 3382 3972 χωλοῦ
3423 3898 3745 3976 ἐπέστρεψεν
3803 3898 3907 3957 αὖ·

2242 3992 2373 4054 τοὺς
2433 3993 2692 4060 ἅπαντας,
2770 3990 2860 4046 καὶ
2938 3987 3092 4049 δέους
3150 3989 3239 4044 καὶ
3299 3988 3617 4060 ἐκπλήξεως
3677 3988 3914 4060 ἐποίησε

2250 4079 2502 4153 μεστούς.
2534 4079 2675 4153 Ὅρα
2732 4074 2790 4131 δὲ
2841 4081 2963 4141 πῶς
3018 4073 3109 4132 διὰ
3156 4079 3252 4131 τοῦ
3307 4076 3745 4152 παρακρούεσθαι
3804 4078 3916 4146 τήν

2248 4169 2372 4245 περὶ
2400 4169 2581 4224 αὐτῶν
2615 4166 2771 4239 δόξαν
2794 4169 2895 4237 τήν
2926 4166 3015 4223 διὰ
3066 4171 3175 4223 τῶν
3227 4166 3497 4239 σημείων,
3556 4164 3711 4222 οὐδὲν
3777 4166 3914 4244 περὶ

2249 4261 2451 4315 έαυτῶν
2480 4262 2763 4340 φθέγγεται
2812 4267 2971 4333 μέγα,
3024 4258 3116 4312 ἅτε
3170 4261 3267 4313 τοῦ
3315 4255 3403 4311 ἐπὶ
3467 4254 3728 4333 μεγάλοις
3784 4262 3915 4319 τοῖς

2250 4348 2442 4404 ἑαυτοῦ
2526 4347 2983 4421 κατωρθωμένοις
3093 4349 3650 4422 ταπεινοφρονοῦτος,
3732 4346 3913 4403 πλέον

2250 4440 2619 4519 ἐφελκομένου
2650 4441 2744 4496 τὸν
2793 4439 3087 4511 ἀκροατήν.
3150 4438 3347 4513 Διόπερ
3397 4438 3488 4493 καὶ
3518 4438 3677 4494 αύτοὶ
3728 4460 3912 4496 κατα-

2251 4534 2614 4607 φρονήσαντες
2672 4536 2772 4599 τῆς
2829 4527 3177 4604 ἀνθρωπίνης
3227 4525 3413 4599 δόξης,
3444 4526 3662 4601 μᾶλλον
3719 4525 3916 4601 ἐδόξα-

2253 4644 2347 4677 σαν
2372 4622 2615 4689 έαυτοίις,
2648 4619 2749 4675 οὑκ
2778 4620 3138 4691 ἀνθρώπινον,
3174 4617 3321 4674 ἀλλά
3369 4621 3510 4675 θεῖον
3569 4619 3633 4674 τὸ
3687 4621 3919 4698 γεγονὸς

488 4702 975 4760 demonstrantes
998 4706 1157 4778 quod
1208 4706 1432 4762 factum
1465 4714 1607 4765 erat.
1645 4732 1673 4759 ‹‹
1699 4711 1874 4776 Quasi
1906 4712 2120 4785 propri;

2255 4709 2544 4786 δείξαντες.
2578 4734 2608 4763 (ι
2638 4710 2729 4772 Ὡς
2772 4705 2882 4781 ἰδίᾳ
2914 4706 3160 4781 δυνάμει.
3192 4728 3224 4762 »
3257 4707 3510 4789 Πρόσεχε
3551 4713 3632 4783 τῷ
3681 4708 3920 4783 εἰρημέ-

486 4794 1230 4868 potentia.»Animadverte
1255 4798 1413 4870 quod
1430 4799 1513 4854 ait
1529 4816 1648 4855 non
1662 4801 1929 4873 potentia
1940 4801 2147 4858 huma-

489 4898 568 4938 na
591 4883 752 4939 hunc
786 4883 1013 4940 salvum
1042 4885 1265 4943 factum
1291 4904 1440 4951 esse,
1462 4888 1568 4944 sed
1599 4888 1813 4945 divina.
1841 4892 2145 4947 Nazarmus

490 4971 673 5044 igitur
694 4973 848 5029 Deus
871 4980 962 5029 est
992 4976 1162 5047 cujus
1194 4993 1416 5033 nomen
1447 4977 1619 5033 illum
1650 4980 1893 5034 curavit.

560 5061 658 5123 III,
694 5064 883 5117 13-15.
934 5085 961 5113 ‹‹
1024 5065 1178 5120 Deus
1226 5067 1524 5123 Abraham
1559 5073 1618 5122 et
1664 5069 1829 5123 Isaac
1861 5074 1919 5125 et
1946 5071 2143 5140 Iacob,

494 5169 517 5198 ι
541 5149 696 5204 Deus
717 5156 951 5221 patrum
976 5158 1319 5208 nostrorum
1349 5154 1706 5227 glorificavit
1725 5157 1938 5211 Filium
1972 5175 2147 5213 suum

488 5259 519 5287 «
551 5239 774 5309 Iesum,
809 5258 985 5312 quem
1016 5259 1116 5298 vos
1146 5243 1497 5310 tradidistis,
1533 5261 1602 5300 ac
1634 5248 1893 5318 negastis
1950 5248 2145 5320 ipsum

492 5350 521 5379 «
554 5345 753 5385 coram
784 5330 996 5397 Pilato,
1024 5349 1159 5389 cum
1194 5334 1295 5389 ille
1329 5334 1751 5392 absolvendum
1791 5338 2144 5410 judicasset.

499 5437 523 5467 ι
552 5419 659 5473 Vos
689 5426 889 5476 autem
914 5427 1185 5477 sanctum
1211 5430 1270 5479 et
1306 5424 1540 5496 justum
1572 5427 1923 5500 negastis,et
1948 5434 2149 5503 postuo

493 5527 521 5556 «
554 5505 723 5564 lastis
753 5514 820 5564 ut
847 5511 1039 5566 virum
1072 5512 1433 5569 homicidam
1465 5514 1716 5571 donaret
1736 5516 1923 5585 vobis,
1951 5524 2151 5574 aucto-

494 5618 525 5646 ι(
553 5612 682 5652 rem
714 5614 850 5655 vero
882 5601 1014 5675 vitas
1040 5602 1446 5672 interfecistis,
1467 5622 1643 5676 quem
1673 5606 1827 5662 Deus
1846 5607 2152 5665 suscitavit

493 5708 522 5736 α
555 5690 882 5755 amortuis,
916 5692 1087 5763 cujus
1119 5710 1228 5747 nos
1260 5698 1440 5749 testes
1473 5710 1752 5750 sumus.»

566 5778 775 5838 Adhuc
801 5781 1223 5842 humilioribus
1254 5784 1442 5843 haeret
1473 5790 1591 5843 tam
1620 5785 1683 5842 in
1713 5786 1806 5842 his
1826 5804 1957 5860 quae
1987 5788 2147 5861 ipsos
2188 5796 2191 5797 '

2254 4824 2351 4875 νῳ,
2383 4802 2467 4856 ὅτι
2500 4799 2562 4855 οὑ
2597 4796 2823 4872 δυνάμει
2855 4798 3175 4874 ἀνθρωπίνῃ
3239 4796 3389 4873 λέγει
3450 4797 3610 4853 αὑτὸν
3668 4797 3917 4870 ἰαθῆναι,

2256 4889 2402 4947 ἀλλὰ
2423 4889 2558 4961 θείᾳ.
2591 4888 2720 4950 Θεὸς
2752 4888 2842 4945 οὖν
2877 4889 2905 4943 ὁ
2952 4888 3296 4963 Ναζωραῖος,
3349 4885 3412 4942 οὗ
3468 4887 3531 4942 τὸ
3589 4908 3763 4961 ονομα
3793 4885 3919 4953 ἰθε-

2256 4978 2517 5055 ράπευσεν
2548 4977 2729 5034 αὑτόν.

2331 5092 2359 5120 ι(
2397 5069 2458 5126 Ὀ
2517 5068 2645 5130 Θεὸς
2705 5062 2958 5143 ’Δϐραάμ
3038 5064 3127 5121 καὶ
3187 5064 3376 5122 Ἰσαὰκ
3423 5064 3514 5120 καὶ
3573 5059 3794 5137 Ἰακὼϐ,
3883 5068 3917 5123 ὁ

2256 5183 2286 5211 ‹‹
2319 5157 2450 5222 Θεὸς
2477 5161 2585 5213 τῶν
2617 5157 2863 5230 πατέρων
2895 5158 3059 5229 ἡμῶν
3112 5154 3328 5229 ὲδόξασε
3384 5153 3485 5208 τὸν,
3537 5151 3711 5211 Παῖδα
3742 5153 3919 5210 αὑτοῦ

2265 5270 2286 5299 ι
2322 5250 2555 5318 Ἰησοῦν,
2588 5242 2647 5301 ὅν
2674 5246 2831 5317 ὑμεῖς
2861 5241 3236 5314 παρεδώκατε,
3269 5241 3361 5298 καὶ
3406 5244 3718 5319 ἠρνήσασθε
3747 5243 3920 5300 αὑτὸν

2258 5361 2286 5390 ι‹
2316 5336 2451 5392 κατά
2502 5335 2796 5411 πρόσωπον
2843 5333 3114 5401 Πιλάτου,
3171 5332 3455 5407 κρίναντος
3510 5331 3714 5389 ἐκείνου
3775 5331 3917 5390 ἀπο-

2321 5425 2384 5482 λ’
2527 5427 2539 5445 ε
2566 5432 2584 5447 4
2659 5431 2682 5443 υ
2744 5422 2786 5443 κε
2865 5426 2879 5440 ι
2979 5425 2988 5435 ι
3240 5422 3255 5441 \
3315 5419 3364 5440 ἢ]

2261 5451 2284 5482 ε
2360 5448 2494 5483 υειν.
2546 5433 2708 5499 ὶμεις
2740 5444 2798 5480 ce
2827 5446 2919 5480 τον
2954 5424 3111 5501 ἅγιον
3165 5443 3257 5478 και
3312 5441 3521 5479 οικαιον
3578 5425 3914 5498 ἠρνήσασθε,

2261 5540 2289 5569 ι(
2320 5515 2409 5571 καὶ
2441 5517 2715 5593 ᾐτήσασθε
2738 5513 2911 5590 ἃνδρα
2936 5518 3101 5592 φονέα
3130 5518 3467 5593 χαρισθῆναι.
3512 5512 3665 5585 ὑμῖν,
3722 5514 3813 5569 τὸν
3857 5507 3919 5572 δὶ

2259 5631 2286 5659 ι(
2319 5605 2568 5681 ἀρχηγὸν
2597 5607 2696 5673 τῆς
2720 5610 2869 5677 ζωῆς
2897 5598 3266 5673 ἀπεκτείνατε,
3294 5601 3363 5659 ὅν,
3412 5602 3442 5658 ὁ
3501 5603 3634 5667 Θεὸς
3680 5603 3912 5680 ,ἤγειρεν

2261 5719 2290 5748 ι(
2318 5694 2377 5751 ἐκ
2394 5699 2615 5768 νεκρῶν,
2649 5695 2711 5750 οὗ
2742 5697 2905 5768 ἡμεῖς
2942 5689 3209 5770 μάρτυρές
3240 5690 3419 5764 έσμεν.
3456 5717 3478 5747 ι

2328 5786 2449 5841 Ἔτι
2487 5788 2596 5841 τῶν
2660 5783 3053 5861 ταπεινοτέρων
3109 5778 3317 5860 ἔχεται,
3370 5785 3479 5838 τῶν
3530 5782 3673 5875 περί,
3711 5779 3912 5855 αὖτοὺς
