4160 6446
245 485 320 548 88
1223 482 1644 546 COMMENT.
1692 484 1767 542 IN
1814 483 2015 543 ACTA
2063 482 2680 549 APOSTOLORUM.
3612 493 3690 554 86

254 620 344 678 καὶ
394 619 655 694 Χριστοῦο
707 617 836 694 περὶ
893 617 1147 688 ιαυτοὺς,
1206 613 1296 672 διὰ
1375 619 1472 673 τοῦ
1528 612 1721 685 εἷπεῖν,
1781 613 1909 690 οὐχὶ

2031 624 2422 684 concernunt,
2453 637 2632 692 quam
2656 639 2788 694 quae
2811 624 3111 681 Christum
3134 624 3466 698 respiciunt
3490 642 3503 682 :
3526 626 3690 700 ipsos

258 710 369 782 ἰδία
397 709 621 784 δυνάμει
654 712 1180 788 θαυματουργῆσαιο
1238 706 1365 782 περί
1423 711 1668 784 Χριστοῦ
1719 702 1796 775 δὲ,
1849 710 1928 778 τῷ

260 803 578 876 προσθεῖναι
599 801 694 855 τὸν
740 797 936 855 παῖδα.
989 799 1054 855 οὐ
1113 799 1217 876 γὰρ
1274 797 1337 852 τὸ
1397 794 1794 870 αὐτοδόξαστον
1853 793 1929 851 ἔνι

264 895 588 968 προσθήκην
636 887 800 962 δόξης
861 885 1073 946 λαϐεῖν.
1134 887 1484 949 Ταπεινώσας
1543 886 1633 943 οὖν
1689 887 1750 942 τὸ
1808 887 1929 941 καθ’

259 983 490 1043 δαυτοῦς
520 981 613 1036 καὶ
644 982 906 1055 Χριστὸν,
957 978 1168 1055 ἐπαίρει
1216 980 1276 1033 τὸ
1320 984 1428 1035 τῶν
1472 974 1746 1033 Ἰουδαίων
1793 975 1929 1032 κατά

260 1075 505 1146 Χριστοῦ
534 1069 834 1144 τόλμημᾶ,
866 1071 958 1125 καὶ
1000 1069 1064 1126 οὗ
1122 1068 1427 1138 συσκιάζων
1480 1068 1554 1130 ὡς
1607 1068 1669 1122 τὸ
1729 1066 1926 1140 πρότε-

259 1183 373 1238 ρον.
432 1165 614 1220 Τοῦτο
673 1158 729 1218 δὲ
782 1166 955 1230 ποιεῖ,
1018 1158 1231 1236 μᾶλλον
1289 1161 1487 1222 αὐτοὺς
1558 1157 1924 1236 ἐπαγαγέσθαι

260 1249 632 1325 βουλόμενος.
682 1251 848 1308 Ὅσον
898 1249 1003 1327 γὰρ
1061 1246 1268 1306 ἐδείκνυ
1322 1249 1518 1310 αὐτοὺς
1572 1249 1922 1318 ὑπευθύνους,

253 1344 524 1396 τοσοῦτον
557 1337 774 1414 μᾶλλον
789 1342 979 1394 τοῦτον
1004 1339 1225 1416 ἐγενετο.
1257 1338 1355 1396 Διὰ
1387 1335 1445 1393 δε
1469 1341 1585 1405 τοῦ,
1612 1363 1638 1388 ‹‹
1665 1339 1737 1395 Ov
1763 1336 1921 1408 ὑμεῖς

255 1426 618 1504 παρεδώκατε
670 1430 760 1484 καὶ
815 1430 1137 1502 ἡρνήσασθι,
1200 1453 1229 1482 ››
1290 1425 1388 1484 δύο
1443 1427 1510 1482 τὰ
1565 1425 1915 1504 ἐγκλήματα.

257 1519 492 1592 Πελάτῳ
549 1539 607 1573 τε
661 1520 763 1596 γὰρ
835 1515 1156 1594 παρέδωκαν
1244 1517 1320 1580 εἷς
1399 1518 1582 1598 φόνον,
1651 1517 1916 1580 εἰπόντεςο

261 1638 291 1667 ι
321 1611 489 1684 Ἡμῖν
548 1606 737 1666 οὐδένα
793 1607 990 1679 ἔξεστιν
1049 1609 1384 1665 ἀποκτεῖναι.
1418 1632 1447 1659 ››
1503 1609 1810 1682 ἠρνήσαντο
1861 1606 1917 1667 δὲ

246 1695 570 1773 κρᾶζοντες,
598 1724 627 1750 ‹‹
664 1701 779 1758 Οὐκ
807 1698 1010 1774 ἔχομεν
1066 1697 1296 1774 βασιλέα
1345 1699 1389 1754 εἰ
1451 1701 1526 1774 μὴ
1591 1700 1848 1773 Καίσαρα.
1886 1724 1914 1751 ››

251 1787 437 1846 Ἀλλά
467 1811 531 1865 γε
563 1786 632 1859 δὴ
662 1790 752 1845 καὶ
783 1786 1024 1845 Πιλάτου
1055 1787 1336 1859 Ἕλληνος
1396 1785 1570 1854 ὄντος,
1627 1789 1717 1843 καὶ
1774 1791 1915 1863 μήτε

256 1886 496 1955 σημεῖον
535 1879 675 1952 πρὸς
730 1877 971 1954 Χριστοῦ
1022 1879 1350 1953 ἑωρακότος,
1417 1881 1557 1952 μήτε
1612 1884 1913 1960 προφητῶν

2038 707 2451 777 qu1dem,dum
2475 711 2560 766 ait
2581 712 2740 782 quod
2769 730 2890 768 non
2923 716 3165 786 propria
3195 716 3461 786 potentia
3486 717 3692 771 edide-

2034 797 2158 852 rint.
2185 798 2574 866 miraculum;
2603 802 2902 856 Christum
2926 820 3082 860 vero.
3117 805 3389 859 addendo
3422 805 3691 861 :Glorifi-

2034 888 2185 942 cavit
2213 888 2427 944 Filium
2456 907 2629 946 suum
2649 908 2662 945 :
2681 909 2877 964 neque
2902 897 3058 947 enim
3083 895 3374 966 contingit
3399 903 3463 949 ut
3482 895 3686 967 gloria:

2032 977 2509 1034 additamentum
2542 982 2796 1052 accipiat
2826 981 2926 1052 qui
2961 1000 3028 1036 ex
3063 1000 3124 1037 se
3173 983 3539 1055 glorificatus
3574 992 3682 1043 est.

2035 1067 2137 1123 Ubi
2172 1084 2306 1140 ergo
2336 1069 2577 1125 demisit
2610 1077 2723 1126 tam
2761 1072 2820 1126 id
2879 1072 3038 1142 quod
3100 1074 3328 1144 seipsos
3376 1077 3684 1130 concernit

2030 1173 2208 1228 quam
2242 1159 2398 1230 quod
2431 1161 2732 1217 Christum
2762 1179 2774 1216 :
2808 1162 3040 1217 facinus
3072 1162 3686 1235 adaugetJudaeorum

2027 1246 2310 1303 adversus
2335 1250 2663 1306 Christum:
2687 1268 2804 1322 neq
2853 1268 2882 1306 e
2903 1252 3053 1306 illud
3081 1251 3387 1306 inumbrat
3411 1259 3475 1306 ut
3494 1254 3680 1325 prius.

2028 1337 2146 1392 Hoc
2179 1344 2376 1393 autem
2407 1339 2550 1394 facit
2579 1341 2769 1413 magis
2803 1341 2939 1395 illos
2972 1342 3213 1396 allicere
3257 1341 3482 1396 volens.
3541 1344 3686 1398 Nam

2027 1433 2248 1497 quanto
2283 1429 2469 1500 magis
2510 1429 2672 1500 ipsos
2699 1431 2962 1485 ostendit
3000 1432 3309 1499 obnoxios,
3349 1437 3510 1486 tanto
3560 1449 3684 1486 am-

2023 1516 2182 1587 plius
2212 1517 2361 1572 illud
2394 1520 2678 1574 succedit.
2715 1521 2826 1575 Per
2873 1521 2986 1576 hoc
3033 1525 3254 1582 autem.
3307 1544 3332 1568 «
3368 1522 3553 1587 Quem
3585 1539 3686 1576 vos

2026 1605 2351 1662 tradidistis
2382 1612 2442 1661 et
2469 1609 2732 1681 negastis
2759 1627 2770 1663 :
2803 1630 2828 1660 n
2869 1609 2999 1665 duae
3032 1615 3338 1682 ponuntur
3358 1611 3684 1665 accusatio-

2021 1696 2463 1767 nes.Siquidem
2493 1699 2681 1754 Pilato
2708 1699 2780 1754 ad
2803 1699 3024 1754 caedem
3053 1699 3446 1768 tradiderunt,
3471 1700 3676 1756 dicen-

2020 1791 2130 1840 tes:
2146 1810 2172 1834 ‹‹
2193 1787 2370 1842 Nobis
2397 1805 2516 1842 non
2539 1789 2682 1844 licet
2703 1790 3039 1846 interficere
3057 1806 3420 1862 quemquam
3440 1789 3540 1845 ⁴⁰.››
3564 1792 3670 1846 Ne-

2017 1883 2302 1949 gaverunt
2331 1884 2527 1933 autem
2563 1879 2890 1935 clamantes
2917 1896 2929 1934 :
2965 1904 2990 1932 ‹‹
3017 1883 3140 1935 Non
3169 1879 3456 1935 habemus
3477 1896 3677 1953 regem

248 1971 566 2038 ἀκηκοότος
624 1968 750 2042 περὶ
782 1972 1037 2044 Χριστοῦ,
1070 1967 1160 2024 καὶ
1193 1966 1534 2044 βουλομένου
1563 1967 1724 2024 αὐτὸν
1781 1968 1909 2026 ἀπο-

2027 1971 2236 2036 praater
2257 1967 2549 2023 Caesarem
2573 1970 2638 2026 ‘l.
2669 1993 2694 2016 ››
2718 1971 2893 2041 Atqui
2921 1987 3063 2025 sane
3088 1987 3221 2025 cum
3248 1971 3425 2024 etiam
3453 1971 3677 2026 Pilatus

243 2060 425 2118 λύειν.
458 2059 619 2115 αὐτοὶ
649 2060 738 2113 καὶ
790 2063 1308 2135 θαυματουργοὼτα
1367 2057 1599 2133 Χριστὸν
1649 2057 1878 2132 τεθεαμέ

238 2173 349 2213 vos.
385 2149 482 2206 καὶ
515 2153 816 2229 προφητῶν
849 2148 902 2203 ἐν
931 2149 1126 2222 γνώσει
1179 2152 1287 2204 τῶν
1347 2148 1470 2221 περὶ
1518 2148 1686 2203 αὐτοῦ
1725 2147 1911 2210 αὐτοῖς

238 2239 564 2315 εἰρημένων
618 2237 1001 2300 καταστάντες.
1049 2238 1148 2294 οὐκ
1191 2237 1504 2318 ἠνέσχεσθε.
1568 2239 1663 2294 Διὰ
1711 2236 1768 2294 δὲ
1815 2243 1912 2295 τοῦ

242 2330 444 2396 ε’πεῖν,
512 2354 541 2380 κ
575 2328 750 2384 Φονέα
804 2328 1102 2403 ᾐτήσασθε,
1156 2355 1181 2381 ››
1243 2326 1430 2390 δεινῶς
1506 2328 1911 2400 κατεσκεύασεν,

245 2422 328 2476 δτι
362 2418 632 2476 ἐδύναντο
663 2419 756 2474 τὸν
813 2418 1046 2494 Χριστὸν
1102 2417 1381 2475 ἀπολύειν.
1438 2417 1501 2474 Εἴ
1550 2419 1652 2493 γὰρ
1682 2419 1772 2472 τὸν
1807 2438 1912 2497 φον-

241 2510 329 2566 νὲα
359 2506 714 2576 ἀπολυθῆναι
763 2507 1046 2578 ἐποίησαν,
1102 2508 1194 2562 τὸν
1261 2505 1474 2582 μᾶλλον
1535 2508 1812 2575 ὑπαίτιον,
1848 2507 1910 2560 οὗ

240 2597 451 2671 πολλῷ
481 2595 554 2669 δή
589 2619 695 2653 που
721 2599 813 2654 τὸν
843 2597 1171 2668 ἀνεύθονονς
1206 2601 1296 2652 νῠν
1332 2593 1388 2654 δὲ
1443 2597 1785 2661 ἀπεναντίας,
1818 2597 1910 2652 τὸν

246 2690 340 2763 μὲν
409 2688 709 2746 ὑπεύθυνον
776 2685 1068 2759 ἐξείλοντο,
1121 2687 1215 2742 τὸν
1282 2683 1340 2743 δὲ
1418 2686 1698 2742 ἀνεύθυνον
1781 2685 1912 2741 ἀπο-

244 2783 544 2845 κτανθῆναι
608 2771 947 2848 παρέδωκαν.
1009 2774 1194 2833 Εἰπὼν
1282 2772 1359 2843 δὲ,
1421 2799 1447 2826 (ι
1508 2775 1597 2830 τὸν
1654 2772 1907 2852 ἀρχηγὸν

244 2874 344 2936 τῆς
386 2868 566 2936 ζωῆς,
600 2890 628 2918 n
663 2863 926 2921 δείκνυσιν
969 2865 1044 2928 ὡς
1101 2865 1265 2928 αὐτὸς
1326 2863 1513 2920 ἑαυτὸν
1563 2862 1846 2930 ἀνέστησεν
1882 2863 1910 2918 ὁ

241 2956 501 3031 Χριστός.
564 2957 679 3025 Τήν
734 2955 1017 3010 ἀνάστασιν
1075 2952 1131 3012 δὲ
1190 2957 1252 3011 οὐ
1332 2958 1632 3031 προφητῶν
1682 2949 1912 3027 ἐμπεδοῖ

240 3045 594 3122 μαρτυρίαις,
627 3044 801 3109 ἀλλὰ,
843 3044 1036 3116 ἐπειδὴ
1092 3045 1412 3117 ἀξιόπιστος
1453 3045 1640 3104 αὐτοῖς
1689 3043 1780 3113 ἦν,
1831 3047 1912 3116 τῷ

235 3136 394 3210 Ζορῷ
421 3139 535 3191 τῶν
563 3133 916 3193 ἀποστόλων.
978 3135 1131 3192 Ἐπεὶ
1198 3132 1254 3191 δὲ
1315 3134 1654 3208 μετεωρίσας
1707 3133 1771 3188 τὸ
1825 3127 1910 3208 ἔγ·

236 3239 454 3299 κλημα,
485 3223 687 3281 ἐλύπει
734 3221 1010 3300 σᾳοδρῶς,
1071 3222 1238 3280 πάλιν
1294 3224 1533 3294 ἀνίησιν,
1591 3221 1681 3280 ἐπὶ
1743 3223 1909 3295 μετά-

235 3337 388 3372 νοιαν
418 3316 619 3377 αὐτοὺς
654 3317 932 3387 συνωθῶν,
964 3316 1051 3372 ὅτι
1092 3336 1150 3372 τε
1205 3313 1258 3391 ἐξ
1315 3313 1536 3393 ἀγνοίας
1591 3314 1652 3369 τὸ
1708 3311 1913 3391 ἓγκλη-

235 3428 312 3477 μα
339 3406 429 3462 καὶ
461 3405 678 3473 ἀνοίας,
708 3405 802 3460 καὶ
835 3404 919 3461 ὅτι
956 3405 1021 3461 τὸ
1078 3404 1131 3479 ἐξ
1191 3404 1372 3484 ἀργῆς
1432 3401 1762 3478 τεταγμένον
1821 3401 1910 3458 καὶ
1943 3382 1984 3449 C

237 3496 404 3572 λόγῳ
433 3499 740 3573 προξητῶν
797 3489 1374 3576 κεχρησμῳδημένον,
1433 3493 1534 3549 οὐκ
1582 3493 1648 3562 ἦν
1701 3490 1908 3567 παρελ-

255 3593 388 3652 θεῖν.
421 3586 575 3643 Ἐπεὶ
607 3583 668 3642 δὲ
698 3585 868 3662 μέχρι
898 3585 1096 3642 τούτου
1128 3579 1364 3661 προέϐη,
1413 3581 1522 3654 ἤδη
1585 3582 1675 3638 καὶ
1727 3581 1910 3657 ῥητῶς

248 3679 350 3745 τὴν
412 3676 698 3748 μετάνοιαν
765 3675 1061 3752 εἰσηγεῖται
1117 3669 1642 3749 κατηναγκασμένως
1712 3670 1910 3727 ἀναλα-

254 3760 402 3834 ϐεῖν,
431 3766 564 3839 πρός
588 3786 644 3820 τε
675 3763 950 3840 ἐξάλειψιν
1005 3770 1113 3821 τῶν
1158 3762 1590 3841 ἡμαρτημένων,
1651 3762 1741 3818 καὶ
1785 3781 1914 3835 τρυ-

261 3855 372 3929 φὴν
401 3853 489 3908 καὶ
523 3853 818 3926 ἀπόλαυσιν
850 3861 960 3911 τῶν
1006 3851 1098 3911 8ιᾶ
1157 3854 1446 3928 μετανοίας
1505 3852 1596 3908 καὶ
1647 3851 1914 3928 ἀγαθοερ-

264 3943 389 4019 γίας
417 3949 524 3999 τῶν
555 3942 931 4015 ἀτελευτήτων
961 3944 1178 4023 ἀγαθῶν
1208 3943 1681 4019 εὐμοιρησάντων.

2023 2055 2282 2126 gentilis.
2319 2058 2416 2128 qui
2450 2075 2645 2130 neque
2677 2059 2843 2132 signa
2874 2076 2907 2114 a
2939 2061 3171 2115 Christo
3203 2060 3447 2127 viderat,
3482 2077 3678 2132 neque

2023 2146 2343 2216 prophetas
2375 2146 2447 2201 de
2477 2149 2706 2202 Christo
2739 2149 3028 2216 audierat,
3059 2151 3235 2204 vellet
3259 2157 3454 2205 tamen
3485 2152 3682 2222 ipsum

2023 2234 2360 2290 absolvere:
2384 2253 2485 2290 vos
2513 2237 2626 2307 ipsi
2651 2239 2750 2308 qui
2777 2244 2828 2292 et
2854 2239 3150 2292 Christum
3175 2239 3465 2293 miracula
3496 2240 3676 2294 eden-

2023 2328 2140 2378 tem
2165 2325 2695 2395 conspexeratis,et
2719 2328 2992 2382 notitiam
3017 2327 3328 2382 habebatis
3347 2329 3676 2399 propheta-

2022 2431 2154 2468 rum
2187 2415 2248 2468 in
2282 2415 2374 2470 his
2407 2433 2538 2486 quas
2571 2416 2642 2470 de
2674 2417 2800 2488 ipso
2833 2417 3124 2479 dixerant,
3151 2435 3270 2472 non
3295 2425 3492 2473 tamen
3515 2419 3587 2473 ab
3608 2437 3676 2474 eo

2022 2520 2122 2558 vos
2144 2505 2526 2559 continuistis
2577 2505 2787 2561 Dicnns
2818 2523 2988 2560 vero:
3019 2526 3049 2558 ι(
3082 2507 3450 2562 Homicidam
3473 2514 3677 2579 postu-

2023 2594 2213 2656 lastis,
2237 2615 2264 2642 »
2289 2596 2614 2650 efficaciter
2634 2596 2846 2668 probat
2867 2597 3025 2667 quod
3050 2597 3344 2652 Christum
3377 2599 3682 2670 potuerint

2021 2683 2346 2740 absolvere.
2374 2687 2516 2740 Nam
2551 2685 2597 2739 si
2623 2686 2984 2742 homicidam
3011 2686 3235 2742 absolvi
3268 2687 3540 2743 fecerunt
3577 2689 3680 2760 qui

2021 2773 2194 2846 longe
2213 2774 2472 2844 amplius
2491 2775 2783 2830 obnoxius
2800 2783 3027 2842 erat,an
3042 2794 3159 2831 non
3176 2782 3333 2832 certe
3352 2777 3524 2849 longe
3544 2779 3680 2834 faci-

2021 2864 2140 2918 lius
2169 2865 2506 2936 potuissent
2534 2883 2669 2920 eum
2694 2865 2998 2922 absolvere
3021 2867 3124 2938 qui
3147 2867 3398 2922 crimine
3413 2866 3683 2922 carebat?

2024 2954 2188 3008 Nunc
2219 2961 2416 3010 autem
2445 2972 2474 3009 e
2505 2956 2734 3010 diverso
2793 2956 3115 3012 obnoxium
3169 2957 3411 3029 quidem
3461 2957 3680 3014 libera-

2022 3050 2180 3110 runt,
2210 3043 2504 3099 insontem
2540 3063 2674 3100 vero
2703 3051 2768 3100 ut
2798 3047 3248 3102 interimeretur
3282 3047 3675 3104 tradiderunt.

2021 3135 2318 3190 Prmterea
2375 3135 2649 3203 dicendo,
2711 3159 2739 3186 ‹‹
2773 3140 3090 3192 Auctorem
3147 3137 3358 3198 vitae.»
3418 3137 3680 3193 ostendit

2023 3225 2181 3294 quod
2204 3224 2465 3296 seipsum
2500 3226 2873 3282 suscitaverit
2904 3227 3029 3298 ipse
3061 3227 3350 3282 Christus.
3393 3229 3682 3282 Resurre-

2023 3313 2281 3368 ctionem
2316 3331 2449 3369 vero
2483 3333 2601 3371 non
2635 3317 3059 3388 prophetarum
3087 3317 3682 3373 conﬂrmattestimo-

2023 3404 2164 3469 niis,
2196 3403 2300 3459 sed
2331 3405 2510 3461 choro
2543 3407 2947 3478 apostolorum
2991 3407 3039 3461 si
3101 3407 3245 3478 ipsis
3295 3407 3410 3463 fide
3462 3407 3676 3481 dignus

2022 3501 2164 3552 erat.
2178 3497 2276 3552 29
2299 3498 2521 3554 Deinde
2537 3516 2668 3555 vero
2687 3505 3000 3571 postquam
3017 3499 3318 3555 efferendo
3333 3499 3561 3555 crimen
3577 3516 3680 3556 eo-

2021 3587 2567 3646 rum.vehementer
2587 3589 3006 3656 constristavit,
3036 3607 3271 3644 rursum
3302 3589 3569 3655 remittit,
3603 3589 3678 3645 ad

2024 3675 2439 3746 paenitentiam
2472 3678 2608 3733 illos
2640 3679 2899 3734 invitans
2931 3695 2944 3734 :
2979 3679 3137 3750 quod
3161 3696 3231 3734 ex
3255 3679 3590 3751 ignorantia
3621 3686 3682 3734 et

2028 3764 2372 3836 insipientia
2395 3769 2788 3837 peccaverint,
2808 3775 2865 3823 et
2886 3769 3045 3839 quod
3068 3767 3213 3822 illud
3243 3769 3398 3840 quod
3423 3768 3680 3824 abinitio

2029 3854 2418 3909 constitutum
2433 3866 2561 3910 erat
2573 3873 2638 3911 ac
2655 3859 3074 3928 prophetarum
3091 3857 3333 3912 oraculo
3349 3858 3692 3929 praedictum

2030 3959 2151 3996 non
2184 3945 2443 4015 potuerit
2472 3946 2694 4000 evitari.
2734 3946 2839 4001 Ubi
2877 3962 3010 4001 vero
3038 3948 3344 4016 hucusque
3368 3946 3680 4017 processit,

247 4052 345 4092 am
359 4035 540 4091 etiam
553 4036 752 4109 palam
764 4036 1028 4110 cogendo
1046 4035 1275 4092 inducit
1290 4036 1364 4092 ad
1384 4032 1832 4108 suspiciendam
1849 4033 2413 4104 pmnitentiam,tum
2428 4035 2499 4090 ad
2515 4035 2902 4090 abolitionem
2917 4035 3268 4089 delictorum
3283 4040 3424 4094 .tum
3445 4034 3520 4089 ad
3534 4033 3678 4088 deli.

231 4126 360 4184 aias
383 4125 852 4199 fruitionemque
884 4132 1248 4183 aeternorum
1277 4126 1596 4192 bonorum,
1626 4141 1756 4198 quae
1791 4140 1898 4196 per
1917 4123 2328 4195 paenitentiam
2357 4124 2773 4198 bonorumque
2806 4126 3213 4198 operationem
3241 4124 3674 4196 percipiuntur-

318 4237 341 4264 ι
378 4215 479 4272 Καὶ
508 4212 694 4288 ἐπὶτῇ
736 4215 917 4271 πίστει
972 4219 1070 4270 τοῦ
1128 4214 1395 4289 ὀνόματος
1458 4213 1651 4278 αὐτοῦ,
1711 4216 1903 4267 τοῦτον

239 4330 268 4356 α
328 4306 390 4360 δν
443 4308 698 4383 θεωρεῖτε
752 4304 844 4360 καὶ
929 4301 1135 4375 οἴδατε,
1210 4303 1504 4381 ἐστερέωσε
1583 4303 1647 4360 τὸ
1731 4297 1905 4377 ὄνομα

240 4420 266 4447 α
301 4395 495 4453 αὖτοῦ.
542 4419 572 4447 κ

312 4483 605 4554 Τουτὲστι,
627 4484 694 4542 Τί
724 4483 894 4564 λέγω,
925 4483 1217 4547 πιστεύσας
1249 4482 1337 4540 ἐπὶ
1395 4487 1475 4555 τῷ
1523 4481 1752 4555 ὀνόματι
1805 4481 1902 4536 αὖ·

233 4580 334 4632 τοῦ
383 4573 734 4649 ξατερεώθης
792 4575 883 4631 καὶ
961 4574 1088 4651 πρὶν
1143 4575 1179 4645 ἢ
1240 4578 1544 4645 πιστεῦσαι,
1607 4573 1668 4629 τὸ
1731 4568 1903 4645 ὄνομα

238 4666 408 4739 μόνον
453 4663 750 4737 ἐπικληθὲν
831 4663 1155 4742 ἐστερέωσεν
1211 4664 1396 4722 αὐτόν·
1473 4663 1744 4734 τοσαύτην
1800 4685 1906 4734 πη-

237 4757 400 4834 γάζει
427 4756 492 4810 τὸ
526 4753 702 4830 ὃνομα
731 4757 830 4826 τήν
863 4755 1051 4832 χάριν.
1084 4753 1250 4812 οὔπω
1307 4757 1412 4833 γὰρ
1467 4755 1532 4824 ἦν
1593 4753 1901 4823 πιστεύσας,

2085 4215 2184 4278 ΙΙΙ,
2221 4217 2304 4270 16.
2338 4239 2364 4265 ‹‹
2403 4217 2471 4270 Et
2495 4215 2568 4270 ob
2603 4217 2780 4272 fidem
2809 4216 3072 4272 nominis
3099 4216 3249 4286 ejus,
3289 4215 3451 4270 hunc
3485 4231 3663 4286 quem

2021 4328 2041 4355 α
2077 4323 2178 4362 vos
2209 4305 2418 4363 videtis
2450 4313 2508 4363 et
2533 4307 2740 4378 nostis,
2773 4307 3169 4364 consolidavit
3191 4306 3667 4379 nomenipsius.»

2086 4488 2206 4544 Hoc
2237 4493 2346 4556 est,
2379 4487 2529 4554 Quid
2559 4487 2692 4544 dico
2725 4489 2884 4560 quod
2912 4489 3012 4560 qui
3047 4487 3302 4544 credidit
3330 4487 3392 4542 in
3423 4485 3670 4542 nomine

2015 4577 2144 4649 ejus
2176 4577 2584 4634 consolidatus
2618 4577 2740 4632 sit?
2769 4577 2890 4632 imo
2918 4580 3097 4632 etiam
3128 4578 3478 4649 priusquam
3537 4591 3668 4631 cre-

2017 4667 2200 4732 deret,
2248 4684 2468 4722 nomen
2531 4672 2763 4722 tantum
2851 4667 3190 4722 invocatum
3274 4663 3670 4720 consolidavit

2013 4757 2223 4813 illum:
2258 4763 2484 4812 tantam
2518 4762 2720 4811 manat
2751 4773 2971 4812 nomen
3003 4757 3166 4810 illius
3197 4756 3485 4828 gratiam:
3521 4769 3671 4808 non~

238 4844 392 4902 ἀλλᾶ
426 4845 570 4920 μόνη
602 4848 638 4916 ἡ
668 4843 957 4916 ἐπίκλησις
977 4851 1076 4902 τοῦ
1128 4844 1398 4919 ὀνόματος
1445 4844 1507 4901 τὸ
1557 4850 1659 4900 πᾶν
1709 4843 1889 4920 εἰργά-

2027 4849 2158 4905 :lum
2191 4847 2351 4902 enim
2383 4845 2734 4911 crediderat,
2771 4845 2875 4901 sed
2905 4847 3032 4901 sola
3062 4845 3323 4900 nominis
3376 4841 3668 4898 invocatio

235 4956 397 4993 σατο.

307 5050 338 5078 α
387 5025 492 5082 Καὶ
551 5028 586 5095 ἡ
645 5023 828 5087 πίστις
879 5027 917 5095 ἡ
978 5021 1047 5079 δι’
1107 5024 1274 5080 αὐτοῦ
1331 5018 1530 5080 ἔδωκεν
1591 5025 1740 5097 αὖτῷ
1792 5027 1894 5096 τὴν

242 5137 265 5166 σ
299 5113 646 5188 ὁλοκληρίαν
677 5115 881 5185 ταύτην
915 5113 1161 5171 ἀπέναντι
1191 5116 1404 5170 πάντων
1444 5115 1616 5190 ὑμῶν.
1661 5138 1689 5165 ››

304 5206 408 5268 Τίς
437 5201 497 5261 δὶ
527 5207 562 5275 ἠ
595 5205 775 5267 πίστις
807 5207 842 5275 ἡ
876 5201 947 5260 δι’
976 5205 1141 5262 αὐτοῦ
1172 5206 1536 5284 κηρυχθεῖσα,
1596 5204 1759 5267 αὐτὸς
1808 5203 1896 5278 έρ-

241 5295 490 5370 μηνεύει.
523 5320 551 5348 «
583 5297 698 5353 Ἵνα
728 5294 1034 5374 γινώσκωσί
1065 5315 1123 5352 σε
1151 5295 1241 5350 τὸν
1303 5295 1466 5368 μόνον
1504 5293 1710 5365 ἀληθῆ,
1744 5316 1774 5348 ι
1804 5294 1896 5349 καὶ

237 5390 385 5459 ἱξῆς.
415 5391 532 5446 Ἵνα
561 5389 666 5466 γὰρ
701 5390 778 5463 μή
811 5407 895 5449 τις
927 5384 1078 5462 εἴπῃ,
1113 5387 1324 5444 Οὐκοῦν
1353 5383 1449 5441 κᾶν
1502 5385 1728 5449 ἄπιστος
1785 5384 1898 5441 ἐπι-

236 5477 546 5548 καλέσηται
589 5480 654 5534 τὸ
685 5474 860 5553 ὄνομα
911 5477 1200 5544 αὐτοῦ,κᾶν
1239 5475 1329 5533 ἐπὶ
1360 5477 1615 5552 θεραπείᾳ
1642 5474 1894 5542 ἀπίστου,

237 5569 397 5628 οὐδὲν
425 5571 592 5641 ἧττον
622 5573 656 5643 ἡ
707 5569 853 5633 ἴασις
911 5571 1294 5646 προχωρήσει,
1350 5566 1502 5645 εἷ’περ
1536 5572 1571 5640 ἡ
1603 5567 1894 5638 ἐπίκλησις

240 5663 385 5738 μόνη
414 5667 514 5719 τοῦ
543 5661 819 5738 ὀνόματος
855 5659 1196 5737 ἐστερέωσεν·
1228 5657 1316 5715 ἵνα
1340 5659 1433 5715 οὗν
1477 5662 1558 5734 μή
1601 5680 1685 5722 τις
1735 5663 1897 5715 τοῦτο

239 5754 390 5832 (in,
479 5750 754 5830 ἀπήγαγεν
818 5774 851 5803 «ι
901 5749 1006 5809 Καὶ
1064 5752 1099 5820 ἠ
1158 5749 1337 5812 πίστις
1401 5750 1436 5820 ἡ
1497 5745 1570 5806 δι’
1624 5749 1810 5810 αὐτοῦ,
1871 5775 1892 5802 ι

299 5856 348 5894 ⁸⁸
397 5855 571 5916 Jan.
599 5869 760 5922 nni,
790 5853 886 5910 31.
961 5849 1008 5887 ⁴ί
1035 5851 1204 5914 Joan.
1234 5866 1358 5923 xxx,
1389 5852 1476 5908 15.

2006 4956 2128 5001 rem
2159 4954 2398 4994 omnem
2433 4935 2678 5009 peregit.

2079 5054 2106 5080 ‹‹
2140 5033 2207 5085 Et
2241 5027 2388 5084 ﬁdes
2421 5043 2552 5098 quae
2585 5043 2689 5098 per
2719 5041 2850 5080 eum
2887 5031 2976 5080 est
3031 5023 3195 5080 dedit
3223 5024 3334 5096 ipsi
3359 5023 3663 5097 integrita-

2011 5144 2035 5178 α
2069 5128 2189 5178 tem
2223 5121 2398 5175 istam
2430 5120 2491 5174 in
2523 5123 2847 5190 conspectu
2881 5117 3152 5172 omnium
3181 5123 3465 5172 vestrum.
3513 5136 3540 5164 »

2080 5213 2217 5278 Quae
2247 5216 2444 5266 autem
2478 5208 2555 5264 sit
2585 5207 2732 5263 tides
2763 5225 2894 5279 quae
2929 5225 3032 5279 per
3063 5224 3196 5262 eum
3230 5213 3338 5272 est,
3373 5206 3498 5278 ipse
3558 5206 3661 5261 de-

2008 5303 2212 5366 clarat,
2249 5299 2348 5355 ubi
2376 5299 2493 5354 ait:
2535 5319 2555 5346 ι
2585 5298 2655 5353 Ut
2683 5303 3043 5370 cognoscant
3096 5303 3148 5352 te
3205 5297 3400 5352 solum
3450 5313 3656 5352 verum

2007 5396 2193 5450 Deum
2214 5391 2283 5460 η,
2317 5414 2345 5441 ››
2375 5394 2486 5444 etc.
2518 5389 2596 5444 Ne
2629 5389 2764 5460 quis
2795 5388 2955 5443 enim
2985 5387 3178 5443 dicat:
3205 5390 3407 5459 Itaque
3423 5388 3658 5443 etiamsi

2008 5482 2272 5540 inﬁdelis
2295 5481 2527 5534 invocet
2551 5494 2771 5533 nomen
2795 5478 3242 5550 ipsius.eliamsi
3270 5479 3329 5533 in
3353 5479 3658 5532 curatione

2007 5572 2302 5630 increduli
2335 5571 2394 5626 id
2427 5572 2548 5639 ﬁat,
2571 5570 2966 5625 nihilominus
2989 5569 3150 5626 salus
3173 5569 3590 5641 subsequetur,
3611 5569 3660 5622 si

2009 5665 2255 5738 quidem
2289 5662 2417 5720 sola
2442 5661 2704 5717 nominis
2736 5661 3031 5718 invocatio
3065 5660 3456 5717 consolidavit
3476 5660 3656 5713 hunc.

2011 5757 2090 5812 Ne
2121 5754 2256 5827 quis
2289 5768 2421 5826 ergo
2452 5751 2563 5809 hoc
2592 5750 2768 5820 dicat,
2804 5751 3147 5824 subjunxit:
3189 5769 3210 5798 ι
3245 5751 3313 5805 Et
3344 5747 3491 5805 fides
3523 5762 3654 5817 quae

1552 5849 1602 5887 ⁴²
1627 5852 1794 5910 Joan.
1826 5869 1960 5921 xvu,
1991 5855 2046 5912 8.
