4160 6424
467 493 541 552 8⁸7
1555 477 1972 543 (ECUMENII
2014 476 2326 539 TRIGCE
2368 473 2751 538 EPISGOPI.
3821 469 3900 530 88

471 642 580 701 per
610 641 743 681 eum
777 625 865 678 est
893 638 905 676 :
943 643 969 670 »
1001 620 1115 676 hoc
1141 624 1249 678 est.
1284 635 1567 691 magnum
1601 615 1840 690 quidem
1875 621 1965 671 est
2019 630 2126 670 no-

2271 611 2524 677 Γουτέστι,
2601 611 2737 684 μέγα
2795 607 2888 684 μέν
2945 608 3057 664 ἑστι
3132 606 3195 664 τὸ
3269 604 3463 680 ὄνομα,
3548 601 3638 658 καὶ
3728 599 3892 678 βρύον

481 733 640 781 men,
675 721 792 768 eta
822 728 939 783 quo
972 715 1257 766 emanant
1308 710 1618 774 sanitates,
1683 706 1787 761 sed
1836 722 1986 777 opus
2049 709 2136 759 est

479 807 658 860 etiam
691 803 1008 858 animabus
1048 817 1179 870 quae
1211 799 1400 871 gratia
1428 799 1619 870 dignm
1643 795 1850 851 haberi
1888 794 2138 867 possint.

483 893 789 966 Siquidem
822 907 1041 945 nomen
1075 889 1146 944 ab
1179 887 1524 943 inﬁdelibus
1555 887 2068 950 invocatum,cum
2094 885 2143 938 is

483 985 661 1040 etiam
687 983 787 1053 qui
813 980 1003 1036 salute
1025 985 1158 1051 eget
1187 993 1612 1050 permansurus
1643 981 1733 1031 est
1772 973 2141 1040 incredulus,

487 1087 871 1144 nequaquam
897 1086 1070 1124 suum
1095 1065 1905 1123 sortietureﬁ'ectum.Dicere
1923 1064 2142 1134 itaque,

484 1164 712 1218 Nomen
745 1159 930 1231 ipsius
962 1156 1353 1213 consolidavit
1378 1157 1580 1220 istum,
1611 1153 1864 1209 sublime
1910 1169 1978 1208 ac
2006 1169 2142 1224 per-

484 1252 709 1307 fectum
744 1255 853 1316 est,
907 1253 966 1303 et
1015 1246 1248 1302 Judazos
1309 1244 1725 1300 exacerbavit:
1782 1242 1932 1298 illud
1986 1259 2138 1299 vero.

485 1341 660 1398 Fides
693 1356 823 1410 quin
856 1353 962 1409 per
983 1353 1116 1392 eum
1145 1343 1254 1400 est,
1278 1333 1527 1399 humile,
1552 1335 1683 1406 Ipse
1705 1339 1901 1389 autem
1928 1333 2144 1404 partim

495 1430 738 1502 quidem
770 1447 840 1485 ex
871 1428 957 1483 rei
980 1432 1195 1483 natura
1215 1441 1554 1482 sermonem
1581 1424 1906 1490 distribuit,
1930 1423 2146 1496 partim

488 1539 624 1578 vero
647 1522 821 1593 juxta
853 1518 1192 1574 auditorum
1226 1517 1506 1572 affectum
1546 1522 1605 1571 et
1633 1515 1984 1587 potentiam,
2032 1513 2142 1570 hu-

2254 702 2446 765 ἰάσεις.
2479 701 2625 758 ἀΛλά
2657 700 2824 757 δεῖται
2856 702 2945 755 καί
2995 703 3190 778 ψυχῶν
3249 695 3555 769 δυναμένων
3607 693 3901 764 ἀξιωθῆναι

2251 794 2350 854 τῆς
2409 789 2655 866 χάριτος.
2715 790 2844 845 Ὑπὸ
2906 788 3009 865 γὰρ
3064 786 3306 842 ἀπίστων
3363 785 3427 839 τὸ
3487 782 3658 857 ὄνομα
3710 781 3899 837 έπικα·

2254 879 2539 953 λούμενον,
2595 879 2686 934 καὶ
2739 879 2969 934 ἀπίστου
3030 874 3334 952 μέλλοντος
3395 871 3570 949 μένειν
3655 875 3753 927 τοῦ
3804 877 3905 940 τῆς

2253 970 2449 1030 ἱάσεως
2477 967 2758 1041 δεομένου,
2795 968 2896 1022 οὐκ
2934 966 2994 1021 ἄν
3051 966 3113 1021 τὸ
3171 965 3370 1020 οἰκεῖον
3426 962 3776 1038 ἐνεργήσειεν.
3833 959 3908 1018 Τὸ

2257 1060 2351 1133 μὲν
2384 1060 2474 1114 οὗν
2509 1058 2699 1125 εἰπεῖν,
2767 1057 2839 1114 Τὸ
2898 1056 3070 1128 ὄνομα
3129 1057 3294 1110 αὐτοῦ
3347 1051 3663 1128 ἐστερέωσεν
3723 1051 3907 1121 αὐτὸν,

2256 1147 2468 1223 ὑψηλὸν
2520 1149 2611 1203 καὶ
2668 1147 2902 1219 τέλειον,
2970 1145 3060 1202 καὶ
3118 1143 3410 1222 ἐτράχυνεν
3470 1142 3531 1198 ἄν
3577 1142 3706 1203 τοὺς
3763 1143 3909 1198 Ἰουο

2255 1239 2464 1302 δαίους.
2495 1241 2565 1296 Τὸ
2597 1238 2676 1308 δὲ,
2709 1241 2773 1297 Ἢ
2805 1237 2989 1299 πίστις
3021 1241 3056 1307 ἡ
3080 1234 3150 1292 δι’
3203 1232 3390 1308 αὸτοῦ,
3433 1233 3708 1290 ταπεινόν.
3735 1233 3793 1288 Ὀ
3826 1229 3908 1299 δὶ,

2251 1330 2319 1386 τὰ
2347 1331 2441 1405 μὶν
2477 1333 2537 1404 εῇ
2597 1329 2754 1410 φύσει
2810 1327 2992 1404 νέμων
3045 1331 3142 1383 τοῦ
3203 1327 3547 1402 πράγματος,
3605 1323 3674 1377 τά
3725 1319 3783 1377 δὶ
3837 1323 3911 1394 τῇ

2255 1419 2490 1486 διαθέσει
2545 1421 2633 1476 καὶ
2681 1423 2749 1494 τῇ
2783 1417 3013 1494 δυνάμει
3041 1421 3148 1472 τῶν
3181 1417 3483 1491 ἀκροατῶν,
3541 1414 3764 1491 μίγνυσι
3815 1431 3911 1466 τα-

2255 1511 2410 1567 πεινά
2440 1509 2677 1586 ὑψηλοῖς
2711 1507 2801 1565 διὰ
2833 1509 2894 1566 τὸ
2926 1505 3344 1584 εὐπαράδεκτον.

485 1619 652 1676 milia
677 1617 1046 1691 permiscens
1079 1615 1455 1682 sublimibus,
1489 1631 1606 1686 quo
1635 1613 1872 1669 facilius
1901 1628 2098 1669 sermo
2131 1613 2474 1686 excipiatur.

560 1797 659 1864 IlI,
695 1800 873 1852 17-20.
906 1819 934 1846 ‹‹
970 1796 1038 1851 Et
1079 1811 1263 1862 nunc,
1313 1794 1550 1860 fratres,
1612 1793 1768 1859 novi,
1823 1791 1981 1862 quod
2040 1809 2147 1862 per
2178 1813 2222 1878 Β

491 1909 519 1936 α
553 1887 952 1955 ignorantiam
985 1886 1246 1941 feceritis
1277 1885 1431 1939 sicut
1487 1889 1546 1937 et
1595 1883 1898 1954 principes
1942 1882 2143 1936 vestri.

495 1998 523 2026 «
558 1978 710 2032 Deus
741 1983 939 2031 autem
973 1993 1104 2047 qua:
1135 1975 1639 2046 prmnuntiaverat
1661 1990 1768 2044 per
1789 1989 1855 2027 os
1877 1971 2145 2026 omnium

492 2088 519 2116 ‹‹
557 2083 803 2121 suorum
833 2065 1282 2138 prophetarum,
1319 2080 1628 2134 passurum
1665 2078 1794 2117 esse
1825 2062 2146 2125 Christum,

493 2179 513 2205 ι
548 2154 867 2228 complevit
896 2156 1007 2209 hoc
1038 2153 1236 2209 modo.
1272 2153 1622 2224 Resipiscite
1669 2151 1848 2223 igitur
1893 2157 1951 2204 et
2006 2165 2151 2204 con-

488 2264 520 2299 ιι
546 2245 845 2300 vertimini
881 2245 982 2300 80
1009 2260 1126 2314 quo
1158 2243 1474 2298 deleantur
1525 2247 1768 2314 peccata
1816 2245 2010 2295 vestra
2038 2257 2051 2294 :
2085 2245 2151 2294 ut

492 2357 521 2384 α
554 2335 798 2390 veniant
827 2341 1098 2405 tempora
1128 2331 1600 2405 refrigerationis
1632 2348 1666 2386 a
1694 2337 2022 2402 conspectu
2044 2332 2152 2386 Do-

490 2446 516 2473 ί(
554 2440 725 2478 mlnl.
764 2445 793 2473 ))

569 2513 732 2570 Νυνὶ.
766 2511 985 2583 inquit.
1017 2511 1175 2582 quod
1207 2527 1314 2582 per
1344 2510 1740 2580 ignorantiam
1776 2508 2056 2571 feceritis,
2082 2523 2151 2562 eo

498 2603 658 2676 quod
688 2602 890 2674 plures
922 2606 1180 2656 vestrum
1239 2600 1467 2656 videam
1524 2599 1788 2655 converti
1849 2604 1907 2653 et
1962 2597 2153 2653 salvos

500 2693 652 2749 fieri.
688 2692 993 2764 Siquidem
1027 2696 1271 2747 noverat
1302 2691 1458 2762 quod
1479 2707 1599 2746 non
1622 2691 1968 2762 ignoranter
1989 2689 2157 2743 fecis-

500 2788 654 2845 sent,
688 2782 794 2838 sed
828 2783 910 2837 ita
941 2781 1194 2848 dicebat,
1225 2781 1443 2836 ostium
1477 2779 1596 2835 illis
1626 2778 1989 2852 poenitentia:
2019 2793 2157 2850 ape-

500 2873 684 2928 riens.
729 2871 866 2927 Ideo
898 2871 1012 2927 ait:
1049 2871 1424 2942 Resipiscite,
1458 2887 1579 2925 non
1619 2871 1691 2926 de
1725 2870 2062 2926 commissis
2094 2869 2155 2923 in

501 2979 674 3018 cruce
705 2962 867 3031 (nam
899 2960 970 3015 de
1003 2959 1124 3015 illis
1156 2959 1430 3031 prmdixit
1452 2960 1611 3030 quod
1637 2959 2156 3032 perignorantiam

508 3051 666 3108 facta
695 3052 935 3118 essent),
970 3049 1072 3105 sed
1105 3049 1177 3104 de
1210 3049 1343 3103 aliis
1373 3049 1629 3105 delictis.
1660 3049 1874 3105 Dicens
1904 3055 2104 3104 autem
2140 3064 2154 3102 :

501 3163 528 3193 «
564 3142 854 3212 Tempora
870 3138 1356 3210 refrigerationis,
1381 3161 1409 3189 ››
1435 3137 1697 3194 futurum
1728 3138 1991 3194 ostendit
2012 3136 2152 3192 utin

499 3230 718 3288 multas
751 3229 1022 3285 miserias
1055 3228 1341 3290 incidant.
1389 3235 1449 3284 et
1480 3229 1655 3284 bellis
1682 3234 2023 3284 vastentur:
2057 3229 2154 3283 hic

498 3320 659 3375 enim
688 3335 882 3374 sermo
907 3318 979 3374 ad
1019 3335 1156 3373 eum
1188 3319 1288 3389 qui
1323 3318 1727 3390 deplorandus
1755 3324 1845 3373 est
1875 3318 2157 3389 cupitque

501 3408 996 3472 consolationem,
1030 3409 1220 3479 aptari
1244 3414 1440 3480 potest
1484 3432 1509 3456 α
1536 3409 1608 3464 Ut
1630 3408 1870 3463 veniant
1891 3414 2161 3479 tempora

502 3499 992 3571 refrigerationis,
1031 3520 1056 3546 »
1090 3498 1302 3568 inquit.
1357 3499 1429 3553 Ut
1475 3498 1843 3569 temporibus
1887 3497 2164 3552 videlicet

505 3587 975 3660 refrigerationis
1023 3586 1542 3642 refocillarentur:
1599 3604 1730 3658 qum
1762 3604 1796 3642 a
1839 3593 2162 3659 conspectu

509 3677 745 3734 Domini
781 3677 901 3731 sive
932 3676 1131 3732 divina
1161 3682 1220 3731 et
1250 3683 1499 3748 paterna
1523 3677 1855 3732 substantia
1885 3677 2030 3732 dicit
2058 3675 2164 3731 ad-

509 3766 800 3823 ducenda.
835 3767 1036 3837 Neque
1071 3767 1230 3821 enim
1263 3766 1586 3821 verisimile
1620 3772 1749 3822 erat
1779 3783 1879 3822 eos
1910 3767 2010 3837 qui
2059 3783 2166 3838 per

509 3857 851 3930 passionem
872 3856 933 3910 in
954 3856 1166 3911 Filium
1187 3855 1391 3928 injurii
1414 3857 1798 3924 fuerant,non
1817 3861 2165 3929 accepturos

509 3947 749 4019 dignam
773 3947 1269 4018 ultionem,quam
1296 3948 1472 4002 etiam
1493 3965 1526 4002 a
1549 3948 1829 4003 Romanis
1849 3948 2005 4003 nacti
2027 3953 2167 4002 sunt

504 4037 798 4093 militibus
831 4054 936 4108 per
969 4037 1395 4107 Vespasianum
1430 4042 1489 4091 et
1518 4037 1711 4092 Titum
1747 4038 1784 4091 ii
1822 4039 1924 4109 qui
1965 4037 2162 4094 Judai-

505 4142 642 4182 cam
701 4125 984 4179 adversus
1043 4125 1343 4180 Christum
1400 4126 1698 4181 insaniam
1755 4132 2162 4182 exercuerant.

506 4216 707 4284 Neque
741 4213 934 4267 solum
968 4213 1210 4283 propria
1237 4213 1447 4284 politia
1477 4213 1743 4269 destituti
1777 4221 1935 4285 sunt,
1959 4233 2166 4272 verum

510 4304 689 4358 etiam
721 4308 857 4374 post
887 4318 1008 4357 sum
1040 4301 1389 4372 metropolis
1420 4303 1747 4376 templique
1770 4306 2165 4375 eversionem,

505 4391 684 4448 vitam
712 4407 948 4463 quoque
973 4391 1528 4447 ducunterraticam
1553 4399 1672 4448 toto
1695 4394 1916 4450 mundo
1936 4395 2164 4468 disper-

510 4483 557 4539 si
594 4500 606 4537 :
641 4489 700 4538 et
729 4498 918 4554 usque
950 4482 1022 4537 ad
1057 4481 1234 4553 hujus
1255 4483 1524 4538 mortalis
1551 4484 1676 4539 vitm
1710 4489 2166 4543 consummatio-

2330 1821 2356 1844 ι.
2392 1793 2493 1849 Καὶ
2524 1791 2636 1858 νῦν,
2666 1787 3073 1870 ἀδελφοτ,οῖδα,
3096 1789 3180 1846 δτι
3211 1789 3344 1844 κατὰ
3376 1787 3598 1866 ἃγνοιαν
3627 1784 3912 1861 ἐπράξατε,

2258 1881 2441 1957 ὥσπερ
2475 1881 2564 1937 καὶ
2600 1881 2653 1936 οἱ
2683 1881 2948 1956 ἀρχόντες
2985 1881 3162 1956 ὑμῶν.
3196 1881 3257 1937 Ὀ
3285 1876 3343 1933 δὲ
3373 1878 3502 1939 Θεὸς
3535 1875 3570 1931 ἅ
3597 1876 3916 1951 προκατήγσ

2254 1971 2405 2048 γει).ε
2446 1969 2534 2026 διὰ
2593 1970 2864 2044 στόματος
2927 1971 3136 2024 πάντων
3195 1973 3304 2023 τῶν
3363 1969 3662 2044 προφητῶν
3719 1965 3912 2034 αὐτοῦ,

2253 2068 2442 2126 παθεῖν
2473 2063 2565 2117 τὸν
2603 2062 2860 2136 Χριστὸν,
2920 2058 3239 2134 ἐπλήρωσεν
3289 2057 3482 2118 οὕτως.
3525 2056 3914 2126 Μετανοήσατε

2255 2153 2347 2208 οὗν
2399 2153 2488 2207 καὶ
2549 2151 2904 2225 ἐπιστρέψατε
2975 2149 3053 2211 εἷς
3139 2150 3202 2204 τὸ
3287 2145 3671 2226 έξαλειιρθῆναι
3757 2146 3916 2217 ὑμῶν

2253 2243 2350 2304 τάς
2410 2241 2701 2317 ἁμαρτίας.
2759 2241 2909 2301 ὅπως
2967 2239 3025 2293 ἄν
3078 2236 3280 2294 ἔλθωσι
3353 2235 3536 2310 καιροὶ
3595 2234 3910 2309 ἀναψύξεως

2255 2332 2362 2389 ἀπὸ
2395 2331 2696 2407 προσώπου
2724 2331 2820 2386 τοῦ
2853 2328 3077 2402 Κυρίου.
3114 2351 3142 2379 ››

2330 2515 2556 2588 Ἔγνων,
2589 2512 2747 2590 φησὶ,
2781 2511 2864 2566 ὅτι
2914 2509 3050 2565 κατά
3109 2511 3330 2584 ἄγνοιαν
3385 2507 3669 2582 ἐπράξατε,
3726 2504 3780 2576 ιε
3836 2503 3917 2560 ὧν

2261 2603 2374 2679 ὁρῶ
2404 2599 2652 2662 πολλοὺς
2711 2600 2867 2675 ὑμῶν
2923 2597 3344 2676 ἐπιστρέφοντας
3402 2597 3494 2652 καὶ
3545 2594 3916 2671 σωζομένους.

2259 2689 2407 2762 ’ῌδει
2445 2692 2538 2765 μὶν
2568 2691 2670 2767 γὰρ
2701 2691 2785 2744 ὁτι
2818 2689 2880 2744 ού
2913 2689 3049 2743 κατά
3094 2685 3335 2766 ἄγνοιαν,
3381 2685 3511 2743 ἀλλ’
3561 2684 3734 2747 οῧτως
3785 2681 3921 2759 ἔφη,

2262 2782 2424 2857 Θῦραν
2467 2781 2654 2843 αὐτοῖς
2705 2779 2934 2852 ἀνοίγων
2991 2777 3300 2852 μετανοίας.
3365 2778 3458 2832 Διὸ
3516 2775 3681 2851 λέγει·
3741 2777 3924 2832 Μετα-

2262 2876 2513 2940 νοήσατε,
2547 2870 2609 2925 ού
2655 2869 2917 2942 περὶτῶν
2967 2867 3018 2922 ἐν
3078 2873 3156 2940 τῷ
3213 2871 3428 2942 σταυρῷ
3485 2862 3921 2940 τετολμημένων

2265 2957 2422 3041 (ἔφθη
2454 2961 2555 3036 γὰρ
2588 2958 2754 3015 εἰπὼν
2787 2957 2909 3032 περῖ
2942 2956 3186 3026 ἐκείνων,
3241 2957 3328 3014 ὅτι
3379 2957 3431 3011 ἰν
3473 2956 3707 3031 ἀγνοίᾳ),
3769 2952 3925 3012 ἀλλὰ

2264 3053 2387 3128 περὶ
2443 3055 2553 3106 τῶν
2612 3047 2800 3105 ἄλλων
2857 3048 3160 3123 ἁμαρτιῶν.
3237 3047 3422 3104 Εἰπὼν
3493 3043 3573 3117 δὶ,
3635 3069 3662 3096 ι(
3716 3045 3922 3119 Καιροὶ

2268 3140 2598 3216 ἀναψύξεως,
2634 3163 2660 3183 ιι
2694 3135 2926 3193 δείκνυσι
2957 3135 3358 3212 ταλαιπωρίαις
3387 3135 3627 3198 πολλαῖς
3686 3132 3923 3209 μέλλον-

2266 3254 2361 3294 τας
2417 3229 2615 3291 αὐτοὺς
2691 3227 3060 3303 περιπίπτειν,
3137 3227 3224 3282 καὶ
3307 3226 3924 3305 κατεργασθησομὲνους

2268 3324 2548 3396 πολέμων.
2583 3323 2722 3395 ΙΙρὸς
2773 3321 2877 3394 γὰρ
2930 3321 3021 3375 τὸν
3089 3319 3460 3395 κλαυσόμενον
3516 3321 3606 3375 καὶ
3664 3340 3922 3396 παραμυ-

2270 3415 2388 3475 Θίας
2449 3413 2817 3484 ἐπιθυμοῦντα
2886 3411 3046 3472 οὗτος
3130 3413 3188 3466 ἄν
3249 3412 3277 3465 ὁ
3361 3410 3526 3487 λόγος
3608 3410 3926 3486 ἀρμᾶσειεν.

2278 3529 2304 3559 α
2356 3507 2542 3565 Ὀπως
2596 3503 2655 3559 ἄν
2715 3502 2939 3572 ἔλθωσι,
2995 3501 3151 3576 φησὶ,
3233 3502 3415 3575 καιροὶ
3500 3501 3832 3574 ἀναψύξεως.
3900 3522 3926 3554 ε

2274 3593 2422 3650 Κατά
2451 3594 2579 3657 τοὺς
2606 3595 2704 3662 τῆς
2738 3594 3044 3667 ἀναψύξεως
3090 3590 3312 3668 καιροὺς
3372 3587 3616 3662 δηλαδή,
3674 3589 3766 3651 οὓς
3819 3588 3934 3646 ἀπὸ

2273 3680 2571 3756 προσώπου
2600 3685 2698 3736 τοῦ
2731 3681 2957 3756 Κυρίου,
3010 3678 3188 3734 εἶ’τουν
3248 3685 3346 3748 τῆς
3400 3679 3544 3741 θείας
3594 3678 3682 3734 καὶ
3733 3697 3939 3750 πατρι-

2272 3778 2375 3840 κῆς
2407 3771 2590 3833 οὐσίας
2638 3773 3092 3846 πρυτανευθῆναι,
3154 3769 3336 3843 φησιν.
3400 3765 3541 3826 Ούδὶ
3595 3767 3697 3844 γάρ
3758 3767 3935 3834 εεκὸς,

2275 3863 2401 3924 τοὺς
2436 3861 2510 3922 εἷς
2540 3863 2632 3917 τὸν
2663 3861 2782 3916 Υἱὸν
2836 3855 3217 3936 ἐνυϐρίσαντας
3278 3856 3366 3914 διά
3421 3862 3518 3912 τοῦ
3575 3858 3809 3927 πάθους,
3843 3861 3930 3930 μή

2271 3953 2372 4020 τὴν
2431 3945 2771 4025 ἀνταμοιὸἡν
2831 3951 3027 4022 εύρεῖν,
3085 3947 3152 4018 ἦν
3206 3949 3297 4004 καὶ
3357 3949 3576 4022 ἀνεῦρον
3639 3947 3742 4002 ὑπὸ
3816 3951 3936 4003 τῶν

2272 4039 2600 4112 Ῥωμαϊκῶν
2649 4037 3025 4115 στρατοπέδων
3086 4037 3176 4094 διὰ
3234 4039 3644 4097 Οὐεσπασιανοῦ
3689 4037 3779 4093 καὶ
3830 4039 3938 4094 Τίς

2273 4149 2371 4184 του
2403 4129 2453 4182 οἱ
2493 4133 2562 4203 τῇ
2615 4127 2892 4202 Ἰουδαϊκῇ
2947 4129 3084 4184 κατὰ
3143 4129 3379 4203 Χριστοῦ
3437 4127 3934 4204 έγκαρτερήσαντες

2276 4217 2473 4295 λύσσῃ.
2509 4220 2612 4276 Καὶ
2645 4221 2706 4274 ού
2744 4221 2909 4290 μόνον
2959 4218 3076 4273 καθ’
3135 4217 3356 4280 ἑαυτοὺς
3415 4216 3724 4274 πολιτεύειν
3781 4216 3936 4272 ἐστέ-

2278 4330 2491 4384 ρηνται,
2526 4307 2672 4366 ἀλλά
2703 4309 2792 4364 καὶ
2829 4309 2963 4382 μετά
2994 4311 3092 4379 τὴν
3144 4316 3244 4378 τῆς
3298 4305 3700 4383 μητροπόλεως
3752 4307 3941 4362 αὐτῶν

2275 4399 2494 4456 καὶτοῦ
2523 4405 2652 4456 ναοῦ
2709 4402 3089 4471 κατασκαφὴν,
3147 4399 3236 4454 καὶ
3298 4399 3418 4475 βίον
3475 4397 3667 4472 ἄγουσι
3726 4397 3944 4453 πλάνον

2274 4491 2410 4545 κατά
2465 4491 2664 4551 παντὸς
2728 4487 3134 4564 διασπαρέντες,
3205 4489 3296 4543 καὶ
3368 4489 3531 4563 μέχρι
3617 4495 3719 4557 τῆς
3774 4485 3946 4546 τοῦδε

509 4590 648 4630 nem
683 4574 766 4628 ita
822 4573 1239 4644 perdurantes,
1291 4591 1602 4646 nunquam
1656 4576 2156 4650 refrigerationem

2278 4583 2373 4634 τοῦ
2431 4583 2671 4659 φθαρτοῦ
2729 4579 2854 4654 βίου
2914 4561 3216 4638 συντελείας
3277 4561 3681 4650 διατηροῦντες,
3734 4577 3794 4631 οὐ
3851 4579 3942 4650 μή

508 4670 972 4735 consequentur:
999 4665 1064 4718 In
1090 4681 1156 4718 eo
1175 4664 1332 4718 enim
1357 4665 1570 4720 Christi
1596 4666 1667 4722 de
1695 4668 1858 4723 cmlis
1885 4669 2161 4737 adventu,

506 4753 828 4825 unicuique
855 4755 1026 4826 juxta
1043 4753 1341 4832 condigna
1357 4755 1644 4827 rependet
1668 4759 2164 4830 prmmiaﬁorum

507 4851 707 4900 autem
739 4863 871 4917 qum
905 4851 1043 4900 tunc
1075 4845 1275 4901 futura
1307 4853 1466 4912 sunt,
1499 4849 1898 4921 cognitionem
1943 4849 2162 4906 Judtuis

509 4950 665 4989 nunc
700 4936 994 5007 proponit,
1029 4941 1094 4989 ut
1124 4935 1335 4991 horum
1361 4937 1571 4991 timore
1595 4939 2004 5009 paenitentiam
2038 4957 2161 4994 ma—

506 5023 594 5095 gis
626 5029 868 5080 strenue
899 5024 1210 5096 arripiant.

581 5204 677 5266 III,
702 5203 791 5269 20,
824 5205 910 5256 2i.
947 5223 974 5252 (ί
1008 5203 1312 5274 Mittatque
1344 5219 1480 5259 eum
1513 5206 1612 5276 qui
1646 5211 1782 5262 ante
1806 5206 2163 5278 prmdicatus

517 5311 538 5340 ι
571 5299 660 5348 est
681 5291 844 5345 vobis
874 5293 1073 5347 Jesum
1107 5293 1428 5357 Christum.
1455 5311 1634 5365 quem
1665 5301 1900 5368 oportet
1920 5297 2161 5368 quidem

517 5400 539 5428 σ
573 5381 720 5437 coelo
752 5381 972 5452 suscipi
1003 5398 1191 5452 usque
1250 5382 1324 5436 ad
1383 5387 1651 5456 tempora
1710 5385 2162 5443 instaurationis

513 5493 541 5520 ‹‹
571 5471 860 5532 omnium,
898 5487 1027 5541 quae
1063 5471 1295 5526 locutus
1329 5479 1419 5526 est
1451 5475 1604 5529 Deus
1636 5492 1741 5546 per
1783 5492 1846 5531 os
1891 5479 2159 5534 omnium

511 5587 536 5612 (ι
570 5567 912 5616 sanctorum
943 5577 1184 5616 suorum
1229 5580 1262 5617 a
1293 5563 1509 5618 saeculo
1543 5567 1988 5637 prophetarum.
2028 5592 2054 5617 n

589 5651 724 5705 Vide
757 5650 1056 5721 quomodo
1090 5650 1300 5705 ordine
1333 5653 1632 5723 procedat.
1669 5657 1728 5711 In
1763 5658 1941 5728 priori
1976 5659 2163 5730 siqui-

511 5744 644 5799 dem
678 5743 968 5799 concione
1001 5743 1499 5799 resurrectionem
1532 5762 1600 5802 ac
1629 5747 1691 5801 in
1723 5749 1886 5804 caelis
1946 5750 2161 5805 sessio-

512 5850 652 5892 nem
683 5833 880 5889 innuit
909 5849 922 5888 :
955 5833 1052 5888 hic
1082 5839 1279 5890 autem
1314 5835 1694 5892 manifestum
1729 5840 1907 5894 etiam
1947 5839 2160 5896 adven-

512 5928 638 5980 tum
669 5940 848 5996 quem
875 5929 1046 5980 vocat
1077 5929 1311 5998 tempus
1343 5925 1832 5999 refrigerationis,
1867 5945 1975 6001 per
2004 5929 2160 6002 quod

2275 4689 2410 4724 ποτε
2448 4668 2668 4742 τύχοιεν
2725 4668 3052 4742 ἀνοψῖξεως.
3111 4669 3260 4725 Κατά
3316 4666 3420 4741 γὰρ
3478 4668 3679 4736 ταυτήν
3739 4668 3773 4735 ἡ
3832 4671 3942 4724 τοῦ

2279 4763 2519 4834 Χριστοῦ
2577 4759 2667 4814 ἀπ’
2726 4760 2955 4834 οὐρανοῦ
3031 4758 3316 4834 παρουσία,
3378 4759 3586 4830 ἑκάστῳ
3637 4763 3745 4815 τῶν
3794 4762 3940 4818 κατὰ

2273 4847 2421 4918 ἀξίαν
2449 4849 2628 4903 πόνων
2661 4844 2950 4924 βραϐεύσει
3008 4848 3074 4904 τά
3129 4846 3360 4912 ἔπαθλα.
3425 4849 3649 4906 Τούτων
3706 4847 3764 4906 δὲ
3816 4854 3934 4906 τῶν

2271 4941 2568 5008 τηνικαῦτα
2597 4937 2866 5012 ἐσομένων
2899 4943 3098 5016 γνῶσιν
3150 4943 3240 4993 νῦν
3295 4937 3564 5010 ἐντίθησιν
3612 4938 3932 5012 Ἰουδαίοις,

2274 5029 2350 5090 ὡς
2381 5026 2441 5082 ἅν
2473 5032 2553 5101 τῷ
2582 5023 2739 5109 φόϐῳ
2762 5028 2970 5084 τούτων
3033 5028 3421 5106 γεννικώτερον
3478 5030 3578 5098 τὴν
3636 5031 3930 5104 μετάνοιαν

2273 5115 2696 5173 ἐπισπάσωνται.

2349 5233 2374 5259 ‹‹
2411 5207 2514 5266 Καὶ
2542 5207 2840 5284 ἀποστείλῃ
2899 5209 2990 5262 τὸν
3049 5208 3568 5286 προκεκηρυγμένον
3628 5215 3755 5283 νμῖν
3818 5212 3940 5282 Ἰη-

2277 5303 2399 5354 σοῦν
2460 5301 2714 5374 Χριστὸν,
2773 5298 2830 5352 δν
2892 5295 2975 5353 δεῖ
3031 5297 3256 5374 οὐρανὸν
3310 5299 3404 5372 μὲν
3490 5297 3736 5370 δέξασθαι
3795 5299 3939 5380 ὂίχρι

2273 5390 2490 5465 χρόνων
2550 5391 3037 5452 ἀποκαταστάσεως
3108 5391 3349 5459 πάντων,
3411 5392 3484 5446 ὧν
3570 5389 3838 5463 ἐλάλησεν
3907 5395 3940 5450 ὁ

2273 5481 2401 5541 Θεὸς
2434 5477 2523 5534 διὰ
2560 5479 2836 5552 στόματος
2896 5481 3110 5536 πάκτων
3170 5479 3342 5557 ἁγίων
3399 5481 3567 5537 αὐτοῦ
3627 5487 3936 5563 προφητῶν

2271 5568 2363 5623 ἀπ’
2394 5568 2614 5631 αἰῶνος.
2653 5593 2680 5619 ››

2343 5660 2481 5732 Ὅρα
2511 5664 2627 5722 πῶς
2657 5656 2771 5732 ὁδῷ
2796 5655 3100 5733 προϐαίνει.
3136 5661 3222 5717 Ἐν
3260 5661 3356 5736 μέν
3385 5665 3454 5736 τῇ
3486 5663 3680 5738 πρώτῃ
3728 5659 3934 5735 δημη-

2267 5746 2448 5823 γορίᾳ,
2482 5752 2581 5819 την
2611 5749 2896 5804 ἀνάστασιν
2950 5751 3041 5804 καὶ
3098 5751 3197 5820 τήν
3250 5751 3326 5812 εἷς
3382 5751 3648 5822 οὐρανοὺς
3697 5751 3931 5826 ᾐνίξατο

2267 5837 2502 5910 κάθισιν,
2590 5838 2810 5895 ἐνταῦθα
2897 5837 2955 5897 δὲ
3009 5838 3098 5894 καὶ
3153 5843 3253 5912 τὴν
3326 5837 3538 5922 ἐμφανῆ
3595 5841 3925 5920 παρουσίαν,

2270 5927 2336 5999 ἣν
2367 5929 2554 6005 καιρὸν
2588 5949 2751 6012 φησιν
2775 5929 3100 6005 ἀναψύξεως,
3155 5928 3209 5986 ὃν
3264 5929 3312 6003 ᾧ
3367 5931 3494 5992 τοὺς
3549 5937 3652 6002 τῆς
3696 5929 3936 5992 ἀναστένω
