  <div class='ocr_page' id='page_1' title='image "/cluster/home/n/w/nwhite01/storage/ocr_20150623/118:no.1/coo.31924054870229/054.png"; bbox 0 0 4160 6420; ppageno 0'>
   <div class='ocr_carea' id='block_1_1' title="bbox 447 467 2888 537">
    <p class='ocr_par' dir='ltr' id='par_1_1' title="bbox 447 467 2888 537">
     <span class='ocr_line' id='line_1_1' title="bbox 447 467 2888 537; baseline -0 -2"><span class='ocrx_word' id='word_1_1' title='bbox 447 469 523 535; x_wconf 72' lang='grc' dir='ltr'>ιθ</span> <span class='ocrx_word' id='word_1_2' title='bbox 1419 472 1836 537; x_wconf 78' lang='lat' dir='ltr'><strong>OOMMENT.</strong></span> <span class='ocrx_word' id='word_1_3' title='bbox 1883 471 1970 533; x_wconf 81' lang='grc' dir='ltr'><strong>ΙΝ</strong></span> <span class='ocrx_word' id='word_1_4' title='bbox 2015 468 2219 532; x_wconf 86' lang='lat' dir='ltr'><strong>ACTA</strong></span> <span class='ocrx_word' id='word_1_5' title='bbox 2266 467 2888 537; x_wconf 79' lang='lat' dir='ltr'><strong>APOSTOLORUM.</strong></span> 
     </span>
    </p>
   </div>
   <div class='ocr_carea' id='block_1_2' title="bbox 3809 477 3892 538">
    <p class='ocr_par' dir='ltr' id='par_1_2' title="bbox 3809 477 3892 538">
     <span class='ocr_line' id='line_1_2' title="bbox 3809 477 3892 538; baseline 0 -2"><span class='ocrx_word' id='word_1_6' title='bbox 3809 477 3892 538; x_wconf 81' lang='lat'><strong>90</strong></span> 
     </span>
    </p>
   </div>
   <div class='ocr_carea' id='block_1_3' title="bbox 449 598 2097 682">
    <p class='ocr_par' dir='ltr' id='par_1_3' title="bbox 449 598 2097 677">
     <span class='ocr_line' id='line_1_3' title="bbox 449 598 2097 677; baseline -0.001 -17"><span class='ocrx_word' id='word_1_7' title='bbox 449 625 584 670; x_wconf 83' lang='grc' dir='ltr'>σεως</span> <span class='ocrx_word' id='word_1_8' title='bbox 612 600 780 674; x_wconf 80' lang='grc' dir='ltr'>δηλοῖ</span> <span class='ocrx_word' id='word_1_9' title='bbox 802 601 1060 677; x_wconf 85' lang='grc' dir='ltr'>καιρούς.</span> <span class='ocrx_word' id='word_1_10' title='bbox 1091 603 1208 668; x_wconf 75' lang='grc' dir='ltr'>Οὓς</span> <span class='ocrx_word' id='word_1_11' title='bbox 1261 606 1355 661; x_wconf 83' lang='grc' dir='ltr'><strong>καὶ</strong></span> <span class='ocrx_word' id='word_1_12' title='bbox 1414 609 1632 669; x_wconf 82' lang='grc' dir='ltr'>Παῦλος</span> <span class='ocrx_word' id='word_1_13' title='bbox 1688 604 1958 677; x_wconf 69' lang='grc' dir='ltr'>ἱπιζητεῖ,</span> <span class='ocrx_word' id='word_1_14' title='bbox 2021 598 2097 659; x_wconf 71' lang='grc' dir='ltr'><strong>λι.</strong></span> 
     </span>
    </p>
   </div>
   <div class='ocr_carea' id='block_1_4' title="bbox 2209 598 3886 682">
    <p class='ocr_par' dir='ltr' id='par_1_4' title="bbox 2219 603 3886 682">
     <span class='ocr_line' id='line_1_4' title="bbox 2219 603 3886 682; baseline 0.006 -24"><span class='ocrx_word' id='word_1_15' title='bbox 2219 603 2516 677; x_wconf 80' lang='lat' dir='ltr'><strong>signiﬂcat</strong></span> <span class='ocrx_word' id='word_1_16' title='bbox 2549 610 2820 678; x_wconf 88' lang='lat' dir='ltr'><strong>tempora</strong></span> <span class='ocrx_word' id='word_1_17' title='bbox 2858 606 3354 666; x_wconf 76' lang='lat' dir='ltr'><strong>resurrectionis:</strong></span> <span class='ocrx_word' id='word_1_18' title='bbox 3387 626 3521 682; x_wconf 74' lang='lat' dir='ltr'><strong>quas</strong></span> <span class='ocrx_word' id='word_1_19' title='bbox 3557 614 3618 667; x_wconf 91' lang='lat' dir='ltr'><strong>et</strong></span> <span class='ocrx_word' id='word_1_20' title='bbox 3663 611 3886 668; x_wconf 86' lang='lat' dir='ltr'><strong>Paulus</strong></span> 
     </span>
    </p>
   </div>
   <div class='ocr_carea' id='block_1_5' title="bbox 448 693 2110 772">
    <p class='ocr_par' dir='ltr' id='par_1_5' title="bbox 448 693 2110 772">
     <span class='ocr_line' id='line_1_5' title="bbox 448 693 2110 772; baseline 0 -23"><span class='ocrx_word' id='word_1_21' title='bbox 448 715 581 772; x_wconf 77' lang='grc' dir='ltr'>γων·</span> <span class='ocrx_word' id='word_1_22' title='bbox 621 719 642 744; x_wconf 77' lang='grc' dir='ltr'><strong>ι</strong></span> <span class='ocrx_word' id='word_1_23' title='bbox 679 694 784 750; x_wconf 80' lang='grc' dir='ltr'>Καὶ</span> <span class='ocrx_word' id='word_1_24' title='bbox 815 695 989 767; x_wconf 78' lang='grc' dir='ltr'>ἡμεῖς</span> <span class='ocrx_word' id='word_1_25' title='bbox 1041 693 1096 750; x_wconf 82' lang='grc' dir='ltr'>ο’ί</span> <span class='ocrx_word' id='word_1_26' title='bbox 1125 695 1180 750; x_wconf 72' lang='grc' dir='ltr'>ἐν</span> <span class='ocrx_word' id='word_1_27' title='bbox 1233 700 1313 767; x_wconf 83' lang='grc' dir='ltr'>τῷ</span> <span class='ocrx_word' id='word_1_28' title='bbox 1371 698 1557 766; x_wconf 98' lang='grc' dir='ltr'>σκήνει</span> <span class='ocrx_word' id='word_1_29' title='bbox 1613 695 1794 768; x_wconf 85' lang='grc' dir='ltr'>τούτῳ</span> <span class='ocrx_word' id='word_1_30' title='bbox 1852 695 2110 764; x_wconf 78' lang='grc' dir='ltr'>στενάζο-</span> 
     </span>
    </p>
   </div>
   <div class='ocr_carea' id='block_1_6' title="bbox 458 781 2110 863">
    <p class='ocr_par' dir='ltr' id='par_1_6' title="bbox 458 781 2110 863">
     <span class='ocr_line' id='line_1_6' title="bbox 458 781 2110 863; baseline -0.001 -23"><span class='ocrx_word' id='word_1_31' title='bbox 458 807 552 860; x_wconf 88' lang='grc' dir='ltr'><strong>μεν</strong></span> <span class='ocrx_word' id='word_1_32' title='bbox 589 785 945 863; x_wconf 83' lang='grc' dir='ltr'>βαρούμενοι.</span> <span class='ocrx_word' id='word_1_33' title='bbox 981 809 1011 837; x_wconf 69' lang='grc' dir='ltr'>ιο</span> <span class='ocrx_word' id='word_1_34' title='bbox 1053 784 1120 843; x_wconf 70' lang='grc' dir='ltr'><strong>Εἴ</strong></span> <span class='ocrx_word' id='word_1_35' title='bbox 1150 781 1209 840; x_wconf 67' lang='grc' dir='ltr'>δὲ</span> <span class='ocrx_word' id='word_1_36' title='bbox 1237 806 1320 847; x_wconf 89' lang='grc' dir='ltr'><strong>τις</strong></span> <span class='ocrx_word' id='word_1_37' title='bbox 1349 787 1438 841; x_wconf 84' lang='grc' dir='ltr'><strong>καὶ</strong></span> <span class='ocrx_word' id='word_1_38' title='bbox 1484 785 1612 847; x_wconf 80' lang='grc' dir='ltr'>τοὺς</span> <span class='ocrx_word' id='word_1_39' title='bbox 1671 786 1807 858; x_wconf 84' lang='grc' dir='ltr'><strong>μετά</strong></span> <span class='ocrx_word' id='word_1_40' title='bbox 1832 786 1933 854; x_wconf 69' lang='grc' dir='ltr'>τὴν</span> <span class='ocrx_word' id='word_1_41' title='bbox 1964 783 2110 839; x_wconf 70' lang='grc' dir='ltr'>ἅλω-</span> 
     </span>
    </p>
   </div>
   <div class='ocr_carea' id='block_1_7' title="bbox 457 872 2111 954">
    <p class='ocr_par' dir='ltr' id='par_1_7' title="bbox 457 872 2111 954">
     <span class='ocr_line' id='line_1_7' title="bbox 457 872 2111 954; baseline -0.001 -23"><span class='ocrx_word' id='word_1_42' title='bbox 457 897 541 931; x_wconf 91' lang='grc' dir='ltr'><strong>σιν</strong></span> <span class='ocrx_word' id='word_1_43' title='bbox 570 875 718 954; x_wconf 68' lang='grc' dir='ltr'>λέγει</span> <span class='ocrx_word' id='word_1_44' title='bbox 747 874 980 951; x_wconf 76' lang='grc' dir='ltr'>καιροὺς</span> <span class='ocrx_word' id='word_1_45' title='bbox 1010 875 1344 950; x_wconf 77' lang='grc' dir='ltr'>ἀναψύξεως,</span> <span class='ocrx_word' id='word_1_46' title='bbox 1385 873 1538 932; x_wconf 78' lang='grc' dir='ltr'>οὗδὶν</span> <span class='ocrx_word' id='word_1_47' title='bbox 1595 873 1821 932; x_wconf 78' lang='grc' dir='ltr'><strong>κωλύει.</strong></span> <span class='ocrx_word' id='word_1_48' title='bbox 1871 872 1974 932; x_wconf 87' lang='grc' dir='ltr'>Καὶ</span> <span class='ocrx_word' id='word_1_49' title='bbox 2006 873 2111 951; x_wconf 81' lang='grc' dir='ltr'><strong>γὰρ</strong></span> 
     </span>
    </p>
   </div>
   <div class='ocr_carea' id='block_1_8' title="bbox 454 963 2114 1043">
    <p class='ocr_par' dir='ltr' id='par_1_8' title="bbox 454 963 2114 1043">
     <span class='ocr_line' id='line_1_8' title="bbox 454 963 2114 1043; baseline -0.002 -20"><span class='ocrx_word' id='word_1_50' title='bbox 454 967 585 1032; x_wconf 70' lang='grc' dir='ltr'>τους</span> <span class='ocrx_word' id='word_1_51' title='bbox 634 974 732 1036; x_wconf 77' lang='grc' dir='ltr'>τῆς</span> <span class='ocrx_word' id='word_1_52' title='bbox 784 967 1088 1030; x_wconf 76' lang='grc' dir='ltr'><strong>κακώσεως</strong></span> <span class='ocrx_word' id='word_1_53' title='bbox 1154 968 1333 1023; x_wconf 80' lang='grc' dir='ltr'>αὐτῶν</span> <span class='ocrx_word' id='word_1_54' title='bbox 1391 965 1785 1043; x_wconf 73' lang='grc' dir='ltr'>αἰχμαλωσίας</span> <span class='ocrx_word' id='word_1_55' title='bbox 1843 963 1933 1021; x_wconf 81' lang='grc' dir='ltr'><strong>διά</strong></span> <span class='ocrx_word' id='word_1_56' title='bbox 1986 964 2114 1026; x_wconf 77' lang='grc' dir='ltr'>τοὺς</span> 
     </span>
    </p>
   </div>
   <div class='ocr_carea' id='block_1_9' title="bbox 452 1053 2112 1133">
    <p class='ocr_par' dir='ltr' id='par_1_9' title="bbox 452 1053 2112 1133">
     <span class='ocr_line' id='line_1_9' title="bbox 452 1053 2112 1133; baseline -0.002 -20"><span class='ocrx_word' id='word_1_57' title='bbox 452 1056 741 1120; x_wconf 74' lang='grc' dir='ltr'>ἐκλεκτοὺς</span> <span class='ocrx_word' id='word_1_58' title='bbox 781 1053 1128 1113; x_wconf 74' lang='grc' dir='ltr'>ἐκολόϐωσεν</span> <span class='ocrx_word' id='word_1_59' title='bbox 1182 1057 1211 1112; x_wconf 80' lang='grc' dir='ltr'><strong>ὁ</strong></span> <span class='ocrx_word' id='word_1_60' title='bbox 1257 1059 1512 1133; x_wconf 76' lang='grc' dir='ltr'>Χριστός,</span> <span class='ocrx_word' id='word_1_61' title='bbox 1535 1055 1628 1112; x_wconf 74' lang='grc' dir='ltr'><strong>ἳνα</strong></span> <span class='ocrx_word' id='word_1_62' title='bbox 1685 1057 1738 1112; x_wconf 75' lang='grc' dir='ltr'>οἱ</span> <span class='ocrx_word' id='word_1_63' title='bbox 1795 1055 2112 1112; x_wconf 87' lang='grc' dir='ltr'>πιστεύσαν-</span> 
     </span>
    </p>
   </div>
   <div class='ocr_carea' id='block_1_10' title="bbox 452 1143 2112 1222">
    <p class='ocr_par' dir='ltr' id='par_1_10' title="bbox 452 1143 2112 1222">
     <span class='ocr_line' id='line_1_10' title="bbox 452 1143 2112 1222; baseline -0.002 -19"><span class='ocrx_word' id='word_1_64' title='bbox 452 1168 543 1209; x_wconf 92' lang='grc' dir='ltr'><strong>τες</strong></span> <span class='ocrx_word' id='word_1_65' title='bbox 598 1144 823 1222; x_wconf 72' lang='grc' dir='ltr'>εὕρωσιν</span> <span class='ocrx_word' id='word_1_66' title='bbox 883 1147 1148 1222; x_wconf 74' lang='grc' dir='ltr'>ἀνάψυσιν</span> <span class='ocrx_word' id='word_1_67' title='bbox 1184 1188 1200 1214; x_wconf 91' lang='grc'><strong>,</strong></span> <span class='ocrx_word' id='word_1_68' title='bbox 1265 1147 1358 1203; x_wconf 82' lang='grc' dir='ltr'><strong>καὶ</strong></span> <span class='ocrx_word' id='word_1_69' title='bbox 1437 1143 1778 1202; x_wconf 80' lang='grc' dir='ltr'>διασωθῶσιν</span> <span class='ocrx_word' id='word_1_70' title='bbox 1846 1146 1954 1201; x_wconf 88' lang='grc' dir='ltr'><strong>ἀπο</strong></span> <span class='ocrx_word' id='word_1_71' title='bbox 2010 1151 2112 1212; x_wconf 83' lang='grc' dir='ltr'><strong>τῆς</strong></span> 
     </span>
    </p>
   </div>
   <div class='ocr_carea' id='block_1_11' title="bbox 454 1235 2113 1320">
    <p class='ocr_par' dir='ltr' id='par_1_11' title="bbox 454 1235 2113 1320">
     <span class='ocr_line' id='line_1_11' title="bbox 454 1235 2113 1320; baseline -0.002 -25"><span class='ocrx_word' id='word_1_72' title='bbox 454 1237 696 1320; x_wconf 75' lang='grc' dir='ltr'>σφοδρᾶς</span> <span class='ocrx_word' id='word_1_73' title='bbox 751 1237 960 1310; x_wconf 66' lang='grc' dir='ltr'>ἐκείνης</span> <span class='ocrx_word' id='word_1_74' title='bbox 1016 1237 1388 1314; x_wconf 84' lang='grc' dir='ltr'>τακαιπωρίας</span> <span class='ocrx_word' id='word_1_75' title='bbox 1450 1238 1542 1294; x_wconf 81' lang='grc' dir='ltr'><strong>καὶ</strong></span> <span class='ocrx_word' id='word_1_76' title='bbox 1611 1237 1873 1313; x_wconf 71' lang='grc' dir='ltr'>ἀνάγκης.</span> <span class='ocrx_word' id='word_1_77' title='bbox 1927 1235 2113 1292; x_wconf 81' lang='grc' dir='ltr'>Εἰπὼν</span> 
     </span>
    </p>
   </div>
   <div class='ocr_carea' id='block_1_12' title="bbox 453 1327 2112 1406">
    <p class='ocr_par' dir='ltr' id='par_1_12' title="bbox 453 1327 2112 1406">
     <span class='ocr_line' id='line_1_12' title="bbox 453 1327 2112 1406; baseline -0.002 -20"><span class='ocrx_word' id='word_1_78' title='bbox 453 1328 516 1386; x_wconf 78' lang='grc' dir='ltr'>δὶ</span> <span class='ocrx_word' id='word_1_79' title='bbox 543 1329 822 1404; x_wconf 69' lang='grc' dir='ltr'>ἀνωτὶρω,</span> <span class='ocrx_word' id='word_1_80' title='bbox 847 1331 911 1389; x_wconf 82' lang='grc' dir='ltr'>Ὀ</span> <span class='ocrx_word' id='word_1_81' title='bbox 960 1327 1019 1385; x_wconf 75' lang='grc' dir='ltr'><strong>δὶ</strong></span> <span class='ocrx_word' id='word_1_82' title='bbox 1049 1330 1180 1393; x_wconf 84' lang='grc' dir='ltr'>Θεὸς</span> <span class='ocrx_word' id='word_1_83' title='bbox 1213 1331 1246 1386; x_wconf 75' lang='grc' dir='ltr'>ἃ</span> <span class='ocrx_word' id='word_1_84' title='bbox 1275 1328 1778 1406; x_wconf 74' lang='grc' dir='ltr'>προκατήγγειλεν,</span> <span class='ocrx_word' id='word_1_85' title='bbox 1839 1327 1902 1384; x_wconf 82' lang='grc' dir='ltr'>οὐ</span> <span class='ocrx_word' id='word_1_86' title='bbox 1930 1327 2112 1400; x_wconf 84' lang='grc' dir='ltr'>τίθησι</span> 
     </span>
    </p>
   </div>
   <div class='ocr_carea' id='block_1_13' title="bbox 456 1417 2113 1498">
    <p class='ocr_par' dir='ltr' id='par_1_13' title="bbox 456 1417 2113 1498">
     <span class='ocr_line' id='line_1_13' title="bbox 456 1417 2113 1498; baseline -0.002 -22"><span class='ocrx_word' id='word_1_87' title='bbox 456 1420 759 1498; x_wconf 75' lang='grc' dir='ltr'>μαρτυρίαν</span> <span class='ocrx_word' id='word_1_88' title='bbox 845 1422 1124 1498; x_wconf 76' lang='grc' dir='ltr'>Γραφικὴν</span> <span class='ocrx_word' id='word_1_89' title='bbox 1201 1421 1324 1497; x_wconf 85' lang='grc' dir='ltr'>περὶ</span> <span class='ocrx_word' id='word_1_90' title='bbox 1403 1427 1502 1492; x_wconf 84' lang='grc' dir='ltr'><strong>τῆς</strong></span> <span class='ocrx_word' id='word_1_91' title='bbox 1590 1421 1966 1496; x_wconf 85' lang='grc' dir='ltr'>σταυρώσεως,</span> <span class='ocrx_word' id='word_1_92' title='bbox 2029 1417 2113 1474; x_wconf 76' lang='grc' dir='ltr'>ὅτι</span> 
     </span>
    </p>
   </div>
   <div class='ocr_carea' id='block_1_14' title="bbox 453 1508 2112 1586">
    <p class='ocr_par' dir='ltr' id='par_1_14' title="bbox 453 1508 2112 1586">
     <span class='ocr_line' id='line_1_14' title="bbox 453 1508 2112 1586; baseline -0.002 -20"><span class='ocrx_word' id='word_1_93' title='bbox 453 1510 656 1580; x_wconf 64' lang='grc' dir='ltr'>ἑκάστη</span> <span class='ocrx_word' id='word_1_94' title='bbox 715 1509 890 1566; x_wconf 77' lang='grc' dir='ltr'>αὐτῶν</span> <span class='ocrx_word' id='word_1_95' title='bbox 947 1511 1082 1584; x_wconf 84' lang='grc' dir='ltr'><strong>μετά</strong></span> <span class='ocrx_word' id='word_1_96' title='bbox 1136 1509 1366 1566; x_wconf 80' lang='grc' dir='ltr'>πολλῶν</span> <span class='ocrx_word' id='word_1_97' title='bbox 1443 1508 1809 1586; x_wconf 71' lang='grc' dir='ltr'>ὖγκλημάτων</span> <span class='ocrx_word' id='word_1_98' title='bbox 1870 1509 1962 1566; x_wconf 85' lang='grc' dir='ltr'><strong>καὶ</strong></span> <span class='ocrx_word' id='word_1_99' title='bbox 2016 1529 2112 1564; x_wconf 87' lang='grc' dir='ltr'>κο-</span> 
     </span>
    </p>
   </div>
   <div class='ocr_carea' id='block_1_15' title="bbox 455 1595 2113 1677">
    <p class='ocr_par' dir='ltr' id='par_1_15' title="bbox 455 1595 2113 1677">
     <span class='ocr_line' id='line_1_15' title="bbox 455 1595 2113 1677; baseline -0.002 -20"><span class='ocrx_word' id='word_1_100' title='bbox 455 1600 671 1664; x_wconf 75' lang='grc' dir='ltr'>λάσεως</span> <span class='ocrx_word' id='word_1_101' title='bbox 725 1609 828 1672; x_wconf 85' lang='grc' dir='ltr'><strong>τῆς</strong></span> <span class='ocrx_word' id='word_1_102' title='bbox 874 1601 964 1656; x_wconf 85' lang='grc' dir='ltr'>κα’</span> <span class='ocrx_word' id='word_1_103' title='bbox 1018 1600 1196 1657; x_wconf 75' lang='grc' dir='ltr'>αὐτῶν</span> <span class='ocrx_word' id='word_1_104' title='bbox 1261 1600 1496 1677; x_wconf 58' lang='grc' dir='ltr'>εἴρηται,</span> <span class='ocrx_word' id='word_1_105' title='bbox 1555 1600 1646 1656; x_wconf 83' lang='grc' dir='ltr'><strong>καὶ</strong></span> <span class='ocrx_word' id='word_1_106' title='bbox 1698 1599 1798 1656; x_wconf 83' lang='grc' dir='ltr'>οὐκ</span> <span class='ocrx_word' id='word_1_107' title='bbox 1853 1595 2113 1656; x_wconf 71' lang='grc' dir='ltr'>ἱϐούλετο</span> 
     </span>
    </p>
   </div>
   <div class='ocr_carea' id='block_1_16' title="bbox 454 1687 2112 1768">
    <p class='ocr_par' dir='ltr' id='par_1_16' title="bbox 454 1687 2112 1768">
     <span class='ocr_line' id='line_1_16' title="bbox 454 1687 2112 1768; baseline 0 -22"><span class='ocrx_word' id='word_1_108' title='bbox 454 1691 600 1753; x_wconf 65' lang='grc' dir='ltr'>τὲως</span> <span class='ocrx_word' id='word_1_109' title='bbox 632 1688 900 1759; x_wconf 81' lang='grc' dir='ltr'>λυπῆσαι.</span> <span class='ocrx_word' id='word_1_110' title='bbox 957 1689 1346 1768; x_wconf 76' lang='grc' dir='ltr'>’Λιρελίστερον</span> <span class='ocrx_word' id='word_1_111' title='bbox 1403 1687 1463 1746; x_wconf 77' lang='grc' dir='ltr'>δὶ</span> <span class='ocrx_word' id='word_1_112' title='bbox 1515 1688 1786 1766; x_wconf 64' lang='grc' dir='ltr'>κέχρηται</span> <span class='ocrx_word' id='word_1_113' title='bbox 1842 1692 2112 1765; x_wconf 75' lang='grc' dir='ltr'>τοῖςπερὶ</span> 
     </span>
    </p>
   </div>
   <div class='ocr_carea' id='block_1_17' title="bbox 453 1777 2112 1854">
    <p class='ocr_par' dir='ltr' id='par_1_17' title="bbox 453 1777 2112 1854">
     <span class='ocr_line' id='line_1_17' title="bbox 453 1777 2112 1854; baseline -0.001 -18"><span class='ocrx_word' id='word_1_114' title='bbox 453 1779 716 1846; x_wconf 73' lang='grc' dir='ltr'>Χοιστὸν,</span> <span class='ocrx_word' id='word_1_115' title='bbox 743 1783 813 1854; x_wconf 80' lang='grc' dir='ltr'><strong>τῇ</strong></span> <span class='ocrx_word' id='word_1_116' title='bbox 842 1779 1163 1835; x_wconf 77' lang='grc' dir='ltr'>ταπεινώσει</span> <span class='ocrx_word' id='word_1_117' title='bbox 1194 1782 1302 1834; x_wconf 90' lang='grc' dir='ltr'><strong>τῶν</strong></span> <span class='ocrx_word' id='word_1_118' title='bbox 1333 1777 1617 1854; x_wconf 80' lang='grc' dir='ltr'>ἀκροατῶν</span> <span class='ocrx_word' id='word_1_119' title='bbox 1665 1778 1974 1850; x_wconf 81' lang='grc' dir='ltr'>οἰκονομῶν</span> <span class='ocrx_word' id='word_1_120' title='bbox 2019 1781 2112 1835; x_wconf 86' lang='grc' dir='ltr'>τὸν</span> 
     </span>
    </p>
   </div>
   <div class='ocr_carea' id='block_1_18' title="bbox 453 1865 2112 1944">
    <p class='ocr_par' dir='ltr' id='par_1_18' title="bbox 453 1865 2112 1944">
     <span class='ocr_line' id='line_1_18' title="bbox 453 1865 2112 1944; baseline -0.001 -19"><span class='ocrx_word' id='word_1_121' title='bbox 453 1868 648 1942; x_wconf 86' lang='grc' dir='ltr'>λόγον.</span> <span class='ocrx_word' id='word_1_122' title='bbox 681 1868 823 1942; x_wconf 81' lang='grc' dir='ltr'>Πρὸς</span> <span class='ocrx_word' id='word_1_123' title='bbox 853 1869 959 1944; x_wconf 73' lang='grc' dir='ltr'><strong>γὰρ</strong></span> <span class='ocrx_word' id='word_1_124' title='bbox 987 1870 1050 1924; x_wconf 85' lang='grc' dir='ltr'><strong>τὸ</strong></span> <span class='ocrx_word' id='word_1_125' title='bbox 1081 1869 1362 1944; x_wconf 82' lang='grc' dir='ltr'>ὁρώμενον</span> <span class='ocrx_word' id='word_1_126' title='bbox 1419 1871 1518 1923; x_wconf 90' lang='grc' dir='ltr'><strong>τοῦ</strong></span> <span class='ocrx_word' id='word_1_127' title='bbox 1576 1868 1806 1941; x_wconf 78' lang='grc' dir='ltr'>Κυρίου,</span> <span class='ocrx_word' id='word_1_128' title='bbox 1841 1865 2018 1924; x_wconf 75' lang='grc' dir='ltr'>εἴτουν</span> <span class='ocrx_word' id='word_1_129' title='bbox 2050 1870 2112 1924; x_wconf 86' lang='grc' dir='ltr'><strong>τό</strong></span> 
     </span>
    </p>
   </div>
   <div class='ocr_carea' id='block_1_19' title="bbox 2227 692 3884 770">
    <p class='ocr_par' dir='ltr' id='par_1_19' title="bbox 2227 692 3884 770">
     <span class='ocr_line' id='line_1_19' title="bbox 2227 692 3884 770; baseline 0.006 -22"><span class='ocrx_word' id='word_1_130' title='bbox 2227 692 2481 764; x_wconf 84' lang='lat' dir='ltr'><strong>inquirit</strong></span> <span class='ocrx_word' id='word_1_131' title='bbox 2510 695 2754 752; x_wconf 90' lang='lat' dir='ltr'><strong>dicens:</strong></span> <span class='ocrx_word' id='word_1_132' title='bbox 2788 719 2815 746; x_wconf 91' lang='grc'><strong>‹‹</strong></span> <span class='ocrx_word' id='word_1_133' title='bbox 2851 698 2920 752; x_wconf 87' lang='lat' dir='ltr'><strong>Et</strong></span> <span class='ocrx_word' id='word_1_134' title='bbox 2978 715 3088 753; x_wconf 83' lang='lat' dir='ltr'><strong>nos</strong></span> <span class='ocrx_word' id='word_1_135' title='bbox 3137 699 3234 770; x_wconf 90' lang='lat' dir='ltr'><strong>qui</strong></span> <span class='ocrx_word' id='word_1_136' title='bbox 3281 717 3489 754; x_wconf 91' lang='lat' dir='ltr'><strong>sumus</strong></span> <span class='ocrx_word' id='word_1_137' title='bbox 3546 702 3609 756; x_wconf 88' lang='lat' dir='ltr'><strong>in</strong></span> <span class='ocrx_word' id='word_1_138' title='bbox 3643 703 3752 757; x_wconf 91' lang='lat' dir='ltr'><strong>hoc</strong></span> <span class='ocrx_word' id='word_1_139' title='bbox 3786 707 3884 758; x_wconf 89' lang='lat' dir='ltr'><strong>ta-</strong></span> 
     </span>
    </p>
   </div>
   <div class='ocr_carea' id='block_1_20' title="bbox 2227 782 3886 859">
    <p class='ocr_par' dir='ltr' id='par_1_20' title="bbox 2227 782 3886 859">
     <span class='ocr_line' id='line_1_20' title="bbox 2227 782 3886 859; baseline 0.005 -21"><span class='ocrx_word' id='word_1_140' title='bbox 2227 782 2552 840; x_wconf 89' lang='lat' dir='ltr'><strong>bernaculo</strong></span> <span class='ocrx_word' id='word_1_141' title='bbox 2574 786 3020 859; x_wconf 80' lang='lat' dir='ltr'><strong>ingemiscimus</strong></span> <span class='ocrx_word' id='word_1_142' title='bbox 3034 789 3256 856; x_wconf 71' lang='lat' dir='ltr'><strong>gravati</strong></span> <span class='ocrx_word' id='word_1_143' title='bbox 3271 787 3330 841; x_wconf 70' lang='grc' dir='ltr'>ιδ.</span> <span class='ocrx_word' id='word_1_144' title='bbox 3359 791 3491 844; x_wconf 75' lang='lat' dir='ltr'><strong>n3]</strong></span> <span class='ocrx_word' id='word_1_145' title='bbox 3519 791 3886 847; x_wconf 87' lang='lat' dir='ltr'><strong>Nihilautem</strong></span> 
     </span>
    </p>
   </div>
   <div class='ocr_carea' id='block_1_21' title="bbox 2227 875 3886 949">
    <p class='ocr_par' dir='ltr' id='par_1_21' title="bbox 2227 875 3886 949">
     <span class='ocr_line' id='line_1_21' title="bbox 2227 875 3886 949; baseline 0.005 -21"><span class='ocrx_word' id='word_1_146' title='bbox 2227 880 2383 930; x_wconf 86' lang='lat' dir='ltr'><strong>vetat</strong></span> <span class='ocrx_word' id='word_1_147' title='bbox 2409 881 2472 930; x_wconf 91' lang='lat' dir='ltr'><strong>ut</strong></span> <span class='ocrx_word' id='word_1_148' title='bbox 2508 875 2668 931; x_wconf 87' lang='lat' dir='ltr'><strong>dicat</strong></span> <span class='ocrx_word' id='word_1_149' title='bbox 2697 877 2994 949; x_wconf 81' lang='lat' dir='ltr'><strong>quispiam</strong></span> <span class='ocrx_word' id='word_1_150' title='bbox 3030 883 3298 948; x_wconf 89' lang='lat' dir='ltr'><strong>tempora</strong></span> <span class='ocrx_word' id='word_1_151' title='bbox 3326 880 3793 948; x_wconf 61' lang='lat' dir='ltr'><strong>refrigerationis</strong></span> <span class='ocrx_word' id='word_1_152' title='bbox 3817 899 3886 938; x_wconf 88' lang='lat' dir='ltr'><strong>ea</strong></span> 
     </span>
    </p>
   </div>
   <div class='ocr_carea' id='block_1_22' title="bbox 2227 967 3886 1043">
    <p class='ocr_par' dir='ltr' id='par_1_22' title="bbox 2227 967 3886 1043">
     <span class='ocr_line' id='line_1_22' title="bbox 2227 967 3886 1043; baseline 0.005 -24"><span class='ocrx_word' id='word_1_153' title='bbox 2227 981 2378 1032; x_wconf 89' lang='lat' dir='ltr'><strong>esse,</strong></span> <span class='ocrx_word' id='word_1_154' title='bbox 2414 981 2544 1037; x_wconf 66' lang='lat' dir='ltr'><strong>quas</strong></span> <span class='ocrx_word' id='word_1_155' title='bbox 2576 971 2780 1022; x_wconf 90' lang='lat' dir='ltr'><strong>secuta</strong></span> <span class='ocrx_word' id='word_1_156' title='bbox 2823 973 2964 1021; x_wconf 88' lang='lat' dir='ltr'><strong>sunt</strong></span> <span class='ocrx_word' id='word_1_157' title='bbox 3007 967 3548 1039; x_wconf 87' lang='lat' dir='ltr'><strong>Hierosolymorum</strong></span> <span class='ocrx_word' id='word_1_158' title='bbox 3581 987 3886 1043; x_wconf 78' lang='lat' dir='ltr'><strong>expugna-</strong></span> 
     </span>
    </p>
   </div>
   <div class='ocr_carea' id='block_1_23' title="bbox 2227 1054 3888 1132">
    <p class='ocr_par' dir='ltr' id='par_1_23' title="bbox 2227 1054 3888 1132">
     <span class='ocr_line' id='line_1_23' title="bbox 2227 1054 3888 1132; baseline 0.004 -23"><span class='ocrx_word' id='word_1_159' title='bbox 2227 1054 2472 1110; x_wconf 82' lang='lat' dir='ltr'><strong>tionem.</strong></span> <span class='ocrx_word' id='word_1_160' title='bbox 2503 1055 2811 1126; x_wconf 85' lang='lat' dir='ltr'><strong>Siquidem</strong></span> <span class='ocrx_word' id='word_1_161' title='bbox 2855 1055 2982 1112; x_wconf 88' lang='lat' dir='ltr'><strong>dies</strong></span> <span class='ocrx_word' id='word_1_162' title='bbox 3014 1056 3357 1113; x_wconf 83' lang='lat' dir='ltr'><strong>afﬂictionis</strong></span> <span class='ocrx_word' id='word_1_163' title='bbox 3393 1057 3632 1114; x_wconf 91' lang='lat' dir='ltr'><strong>illorum</strong></span> <span class='ocrx_word' id='word_1_164' title='bbox 3667 1067 3724 1114; x_wconf 90' lang='lat' dir='ltr'><strong>et</strong></span> <span class='ocrx_word' id='word_1_165' title='bbox 3755 1061 3888 1132; x_wconf 82' lang='lat' dir='ltr'><strong>qui-</strong></span> 
     </span>
    </p>
   </div>
   <div class='ocr_carea' id='block_1_24' title="bbox 2226 1145 3888 1222">
    <p class='ocr_par' dir='ltr' id='par_1_24' title="bbox 2226 1145 3888 1222">
     <span class='ocr_line' id='line_1_24' title="bbox 2226 1145 3888 1222; baseline 0.002 -20"><span class='ocrx_word' id='word_1_166' title='bbox 2226 1145 2338 1202; x_wconf 89' lang='lat' dir='ltr'><strong>bus</strong></span> <span class='ocrx_word' id='word_1_167' title='bbox 2369 1145 2430 1201; x_wconf 92' lang='lat' dir='ltr'><strong>in</strong></span> <span class='ocrx_word' id='word_1_168' title='bbox 2461 1147 2859 1219; x_wconf 77' lang='lat' dir='ltr'><strong>captivitatem</strong></span> <span class='ocrx_word' id='word_1_169' title='bbox 2901 1147 3294 1212; x_wconf 86' lang='lat' dir='ltr'><strong>ducebantur,</strong></span> <span class='ocrx_word' id='word_1_170' title='bbox 3357 1155 3602 1222; x_wconf 85' lang='lat' dir='ltr'><strong>propter</strong></span> <span class='ocrx_word' id='word_1_171' title='bbox 3664 1151 3888 1207; x_wconf 87' lang='lat' dir='ltr'><strong>electos</strong></span> 
     </span>
    </p>
   </div>
   <div class='ocr_carea' id='block_1_25' title="bbox 2225 1233 3886 1304">
    <p class='ocr_par' dir='ltr' id='par_1_25' title="bbox 2225 1233 3886 1304">
     <span class='ocr_line' id='line_1_25' title="bbox 2225 1233 3886 1304; baseline 0.004 -14"><span class='ocrx_word' id='word_1_172' title='bbox 2225 1233 2585 1291; x_wconf 85' lang='lat' dir='ltr'><strong>abbreviavit</strong></span> <span class='ocrx_word' id='word_1_173' title='bbox 2611 1236 2960 1304; x_wconf 77' lang='lat' dir='ltr'><strong>Christus“,</strong></span> <span class='ocrx_word' id='word_1_174' title='bbox 3004 1243 3070 1293; x_wconf 92' lang='lat' dir='ltr'><strong>ut</strong></span> <span class='ocrx_word' id='word_1_175' title='bbox 3101 1239 3412 1295; x_wconf 85' lang='lat' dir='ltr'><strong>credentes</strong></span> <span class='ocrx_word' id='word_1_176' title='bbox 3444 1239 3754 1296; x_wconf 87' lang='lat' dir='ltr'><strong>inveniant</strong></span> <span class='ocrx_word' id='word_1_177' title='bbox 3792 1258 3886 1297; x_wconf 84' lang='lat' dir='ltr'><strong>re-</strong></span> 
     </span>
    </p>
   </div>
   <div class='ocr_carea' id='block_1_26' title="bbox 2224 1323 3886 1397">
    <p class='ocr_par' dir='ltr' id='par_1_26' title="bbox 2224 1323 3886 1397">
     <span class='ocr_line' id='line_1_26' title="bbox 2224 1323 3886 1397; baseline 0.004 -19"><span class='ocrx_word' id='word_1_178' title='bbox 2224 1323 2554 1397; x_wconf 80' lang='lat' dir='ltr'><strong>frigerium,</strong></span> <span class='ocrx_word' id='word_1_179' title='bbox 2587 1330 2647 1381; x_wconf 92' lang='lat' dir='ltr'><strong>et</strong></span> <span class='ocrx_word' id='word_1_180' title='bbox 2686 1333 2994 1382; x_wconf 88' lang='lat' dir='ltr'><strong>serventur</strong></span> <span class='ocrx_word' id='word_1_181' title='bbox 3023 1343 3057 1382; x_wconf 88' lang='lat' dir='ltr'><strong>a</strong></span> <span class='ocrx_word' id='word_1_182' title='bbox 3087 1328 3421 1384; x_wconf 85' lang='lat' dir='ltr'><strong>vehementi</strong></span> <span class='ocrx_word' id='word_1_183' title='bbox 3487 1328 3593 1384; x_wconf 89' lang='lat' dir='ltr'><strong>illa</strong></span> <span class='ocrx_word' id='word_1_184' title='bbox 3641 1330 3886 1386; x_wconf 84' lang='lat' dir='ltr'><strong>miseria</strong></span> 
     </span>
    </p>
   </div>
   <div class='ocr_carea' id='block_1_27' title="bbox 2227 1414 3882 1488">
    <p class='ocr_par' dir='ltr' id='par_1_27' title="bbox 2227 1414 3882 1488">
     <span class='ocr_line' id='line_1_27' title="bbox 2227 1414 3882 1488; baseline 0.004 -21"><span class='ocrx_word' id='word_1_185' title='bbox 2227 1418 2287 1468; x_wconf 93' lang='lat' dir='ltr'><strong>et</strong></span> <span class='ocrx_word' id='word_1_186' title='bbox 2342 1414 2719 1472; x_wconf 84' lang='lat' dir='ltr'><strong>necessitate.</strong></span> <span class='ocrx_word' id='word_1_187' title='bbox 2807 1416 3090 1488; x_wconf 89' lang='lat' dir='ltr'><strong>Superius</strong></span> <span class='ocrx_word' id='word_1_188' title='bbox 3137 1423 3337 1472; x_wconf 86' lang='lat' dir='ltr'><strong>autem</strong></span> <span class='ocrx_word' id='word_1_189' title='bbox 3374 1457 3388 1482; x_wconf 88' lang='lat'><strong>,</strong></span> <span class='ocrx_word' id='word_1_190' title='bbox 3448 1417 3676 1485; x_wconf 87' lang='lat' dir='ltr'><strong>dicens,</strong></span> <span class='ocrx_word' id='word_1_191' title='bbox 3727 1419 3882 1473; x_wconf 91' lang='lat' dir='ltr'><strong>Deus</strong></span> 
     </span>
    </p>
   </div>
   <div class='ocr_carea' id='block_1_28' title="bbox 2225 1507 3881 1581">
    <p class='ocr_par' dir='ltr' id='par_1_28' title="bbox 2225 1507 3881 1581">
     <span class='ocr_line' id='line_1_28' title="bbox 2225 1507 3881 1581; baseline 0.002 -20"><span class='ocrx_word' id='word_1_192' title='bbox 2225 1509 2426 1561; x_wconf 88' lang='lat' dir='ltr'><strong>autem</strong></span> <span class='ocrx_word' id='word_1_193' title='bbox 2458 1522 2591 1576; x_wconf 73' lang='lat' dir='ltr'><strong>quas</strong></span> <span class='ocrx_word' id='word_1_194' title='bbox 2624 1507 3146 1578; x_wconf 71' lang='lat' dir='ltr'><strong>praanuntiaverat,</strong></span> <span class='ocrx_word' id='word_1_195' title='bbox 3189 1524 3310 1563; x_wconf 91' lang='lat' dir='ltr'><strong>non</strong></span> <span class='ocrx_word' id='word_1_196' title='bbox 3342 1508 3513 1580; x_wconf 87' lang='lat' dir='ltr'><strong>ponit</strong></span> <span class='ocrx_word' id='word_1_197' title='bbox 3564 1508 3881 1581; x_wconf 56' lang='lat' dir='ltr'><strong>Scriptura)</strong></span> 
     </span>
    </p>
   </div>
   <div class='ocr_carea' id='block_1_29' title="bbox 2228 1593 3881 1671">
    <p class='ocr_par' dir='ltr' id='par_1_29' title="bbox 2228 1593 3881 1671">
     <span class='ocr_line' id='line_1_29' title="bbox 2228 1593 3881 1671; baseline 0.002 -22"><span class='ocrx_word' id='word_1_198' title='bbox 2228 1593 2638 1651; x_wconf 90' lang='lat' dir='ltr'><strong>testimonium</strong></span> <span class='ocrx_word' id='word_1_199' title='bbox 2688 1595 2760 1651; x_wconf 90' lang='lat' dir='ltr'><strong>de</strong></span> <span class='ocrx_word' id='word_1_200' title='bbox 2818 1596 3227 1659; x_wconf 79' lang='lat' dir='ltr'><strong>cruciﬁxione.</strong></span> <span class='ocrx_word' id='word_1_201' title='bbox 3287 1596 3428 1667; x_wconf 85' lang='lat' dir='ltr'><strong>quia</strong></span> <span class='ocrx_word' id='word_1_202' title='bbox 3485 1596 3719 1671; x_wconf 76' lang='lat' dir='ltr'><strong>singula</strong></span> <span class='ocrx_word' id='word_1_203' title='bbox 3776 1596 3881 1654; x_wconf 89' lang='lat' dir='ltr'><strong>illa</strong></span> 
     </span>
    </p>
   </div>
   <div class='ocr_carea' id='block_1_30' title="bbox 2225 1686 3882 1761">
    <p class='ocr_par' dir='ltr' id='par_1_30' title="bbox 2225 1686 3882 1761">
     <span class='ocr_line' id='line_1_30' title="bbox 2225 1686 3882 1761; baseline 0.002 -20"><span class='ocrx_word' id='word_1_204' title='bbox 2225 1702 2361 1742; x_wconf 92' lang='lat' dir='ltr'><strong>cum</strong></span> <span class='ocrx_word' id='word_1_205' title='bbox 2394 1686 2600 1743; x_wconf 85' lang='lat' dir='ltr'><strong>multis</strong></span> <span class='ocrx_word' id='word_1_206' title='bbox 2633 1687 2901 1760; x_wconf 90' lang='lat' dir='ltr'><strong>ipsorum</strong></span> <span class='ocrx_word' id='word_1_207' title='bbox 2951 1688 3431 1744; x_wconf 85' lang='lat' dir='ltr'><strong>accusationibus</strong></span> <span class='ocrx_word' id='word_1_208' title='bbox 3487 1705 3556 1744; x_wconf 90' lang='lat' dir='ltr'><strong>ac</strong></span> <span class='ocrx_word' id='word_1_209' title='bbox 3587 1689 3882 1761; x_wconf 91' lang='lat' dir='ltr'><strong>supplicio</strong></span> 
     </span>
    </p>
   </div>
   <div class='ocr_carea' id='block_1_31' title="bbox 2225 1776 3880 1844">
    <p class='ocr_par' dir='ltr' id='par_1_31' title="bbox 2225 1776 3880 1844">
     <span class='ocr_line' id='line_1_31' title="bbox 2225 1776 3880 1844; baseline 0.001 -11"><span class='ocrx_word' id='word_1_210' title='bbox 2225 1776 2506 1833; x_wconf 87' lang='lat' dir='ltr'><strong>adversus</strong></span> <span class='ocrx_word' id='word_1_211' title='bbox 2538 1778 2674 1835; x_wconf 90' lang='lat' dir='ltr'><strong>illos</strong></span> <span class='ocrx_word' id='word_1_212' title='bbox 2697 1779 2856 1834; x_wconf 89' lang='lat' dir='ltr'><strong>dicta</strong></span> <span class='ocrx_word' id='word_1_213' title='bbox 2887 1785 3046 1844; x_wconf 88' lang='lat' dir='ltr'><strong>sunt,</strong></span> <span class='ocrx_word' id='word_1_214' title='bbox 3102 1797 3212 1836; x_wconf 92' lang='lat' dir='ltr'><strong>nec</strong></span> <span class='ocrx_word' id='word_1_215' title='bbox 3266 1779 3451 1835; x_wconf 89' lang='lat' dir='ltr'><strong>voluit</strong></span> <span class='ocrx_word' id='word_1_216' title='bbox 3498 1780 3746 1836; x_wconf 89' lang='lat' dir='ltr'><strong>omnino</strong></span> <span class='ocrx_word' id='word_1_217' title='bbox 3777 1797 3880 1835; x_wconf 92' lang='lat' dir='ltr'><strong>eos</strong></span> 
     </span>
    </p>
   </div>
   <div class='ocr_carea' id='block_1_32' title="bbox 2225 1869 3880 1942">
    <p class='ocr_par' dir='ltr' id='par_1_32' title="bbox 2225 1869 3880 1942">
     <span class='ocr_line' id='line_1_32' title="bbox 2225 1869 3880 1942; baseline 0.001 -18"><span class='ocrx_word' id='word_1_218' title='bbox 2225 1869 2599 1926; x_wconf 85' lang='lat' dir='ltr'><strong>contristare.</strong></span> <span class='ocrx_word' id='word_1_219' title='bbox 2656 1869 2998 1942; x_wconf 77' lang='lat' dir='ltr'><strong>Simplicius</strong></span> <span class='ocrx_word' id='word_1_220' title='bbox 3054 1887 3190 1926; x_wconf 90' lang='lat' dir='ltr'><strong>vero</strong></span> <span class='ocrx_word' id='word_1_221' title='bbox 3268 1887 3412 1925; x_wconf 90' lang='lat' dir='ltr'><strong>usus</strong></span> <span class='ocrx_word' id='word_1_222' title='bbox 3468 1875 3557 1925; x_wconf 90' lang='lat' dir='ltr'><strong>est</strong></span> <span class='ocrx_word' id='word_1_223' title='bbox 3613 1870 3706 1924; x_wconf 86' lang='lat' dir='ltr'><strong>his</strong></span> <span class='ocrx_word' id='word_1_224' title='bbox 3747 1887 3880 1941; x_wconf 69' lang='lat' dir='ltr'><strong>quas</strong></span> 
     </span>
    </p>
   </div>
   <div class='ocr_carea' id='block_1_33' title="bbox 451 1955 2097 2043">
    <p class='ocr_par' dir='ltr' id='par_1_33' title="bbox 451 1955 2097 2034">
     <span class='ocr_line' id='line_1_33' title="bbox 451 1955 2097 2034; baseline 0.002 -20"><span class='ocrx_word' id='word_1_225' title='bbox 451 1959 817 2032; x_wconf 77' lang='grc' dir='ltr'>ἀνθρώπινον,</span> <span class='ocrx_word' id='word_1_226' title='bbox 837 1959 873 2028; x_wconf 75' lang='grc' dir='ltr'><strong>ἡ</strong></span> <span class='ocrx_word' id='word_1_227' title='bbox 896 1959 989 2012; x_wconf 83' lang='grc' dir='ltr'>ἀπ’</span> <span class='ocrx_word' id='word_1_228' title='bbox 1019 1958 1250 2033; x_wconf 84' lang='grc' dir='ltr'>ούρανοῦ</span> <span class='ocrx_word' id='word_1_229' title='bbox 1270 1957 1436 2014; x_wconf 77' lang='grc' dir='ltr'>αὐτοῦ</span> <span class='ocrx_word' id='word_1_230' title='bbox 1453 1955 1736 2028; x_wconf 74' lang='grc' dir='ltr'>ἀποστολὴ</span> <span class='ocrx_word' id='word_1_231' title='bbox 1763 1959 2097 2034; x_wconf 72' lang='grc' dir='ltr'>παρηνέχθη.</span> 
     </span>
    </p>
   </div>
   <div class='ocr_carea' id='block_1_34' title="bbox 2209 1955 3882 2043">
    <p class='ocr_par' dir='ltr' id='par_1_34' title="bbox 2227 1959 3882 2034">
     <span class='ocr_line' id='line_1_34' title="bbox 2227 1959 3882 2034; baseline 0.002 -19"><span class='ocrx_word' id='word_1_232' title='bbox 2227 1959 2298 2015; x_wconf 89' lang='lat' dir='ltr'><strong>de</strong></span> <span class='ocrx_word' id='word_1_233' title='bbox 2324 1960 2557 2017; x_wconf 82' lang='lat' dir='ltr'><strong>Christo</strong></span> <span class='ocrx_word' id='word_1_234' title='bbox 2589 1967 2778 2020; x_wconf 83' lang='lat' dir='ltr'><strong>erant.</strong></span> <span class='ocrx_word' id='word_1_235' title='bbox 2814 1979 3152 2018; x_wconf 87' lang='lat' dir='ltr'><strong>sermonem</strong></span> <span class='ocrx_word' id='word_1_236' title='bbox 3177 1964 3352 2034; x_wconf 85' lang='lat' dir='ltr'><strong>juxta</strong></span> <span class='ocrx_word' id='word_1_237' title='bbox 3379 1961 3718 2017; x_wconf 86' lang='lat' dir='ltr'><strong>auditorum</strong></span> <span class='ocrx_word' id='word_1_238' title='bbox 3769 1963 3882 2018; x_wconf 80' lang='lat' dir='ltr'><strong>hu-</strong></span> 
     </span>
    </p>
   </div>
   <div class='ocr_carea' id='block_1_35' title="bbox 452 2042 2104 2122">
    <p class='ocr_par' dir='ltr' id='par_1_35' title="bbox 452 2042 2104 2122">
     <span class='ocr_line' id='line_1_35' title="bbox 452 2042 2104 2122; baseline 0.001 -22"><span class='ocrx_word' id='word_1_239' title='bbox 452 2045 542 2101; x_wconf 70' lang='grc' dir='ltr'><strong>ἰπὶ</strong></span> <span class='ocrx_word' id='word_1_240' title='bbox 577 2045 641 2100; x_wconf 84' lang='grc' dir='ltr'>τὸ</span> <span class='ocrx_word' id='word_1_241' title='bbox 700 2043 904 2118; x_wconf 69' lang='grc' dir='ltr'>μέλλον</span> <span class='ocrx_word' id='word_1_242' title='bbox 962 2042 1021 2100; x_wconf 70' lang='grc' dir='ltr'>δὲ</span> <span class='ocrx_word' id='word_1_243' title='bbox 1075 2047 1110 2116; x_wconf 82' lang='grc' dir='ltr'>ἡ</span> <span class='ocrx_word' id='word_1_244' title='bbox 1159 2045 1296 2119; x_wconf 79' lang='grc' dir='ltr'>πρὸς</span> <span class='ocrx_word' id='word_1_245' title='bbox 1323 2043 1546 2121; x_wconf 77' lang='grc' dir='ltr'>οὐρανὸν</span> <span class='ocrx_word' id='word_1_246' title='bbox 1603 2045 1768 2101; x_wconf 77' lang='grc' dir='ltr'>αὐτοῦ</span> <span class='ocrx_word' id='word_1_247' title='bbox 1819 2044 2104 2122; x_wconf 78' lang='grc' dir='ltr'>ὑποδοχή,</span> 
     </span>
    </p>
   </div>
   <div class='ocr_carea' id='block_1_36' title="bbox 455 2129 2108 2211">
    <p class='ocr_par' dir='ltr' id='par_1_36' title="bbox 455 2129 2108 2211">
     <span class='ocr_line' id='line_1_36' title="bbox 455 2129 2108 2211; baseline 0.002 -25"><span class='ocrx_word' id='word_1_248' title='bbox 455 2157 486 2185; x_wconf 75' lang='grc' dir='ltr'><strong>α</strong></span> <span class='ocrx_word' id='word_1_249' title='bbox 518 2135 618 2207; x_wconf 86' lang='grc' dir='ltr'>ὀν</span> <span class='ocrx_word' id='word_1_250' title='bbox 651 2135 778 2211; x_wconf 72' lang='grc' dir='ltr'>γαρ,</span> <span class='ocrx_word' id='word_1_251' title='bbox 809 2134 963 2211; x_wconf 73' lang='grc' dir='ltr'>φησὶ.</span> <span class='ocrx_word' id='word_1_252' title='bbox 1000 2131 1085 2189; x_wconf 85' lang='grc' dir='ltr'><strong>δεῖ</strong></span> <span class='ocrx_word' id='word_1_253' title='bbox 1141 2135 1371 2208; x_wconf 76' lang='grc' dir='ltr'>οὐρανὸν</span> <span class='ocrx_word' id='word_1_254' title='bbox 1429 2129 1810 2208; x_wconf 69' lang='grc' dir='ltr'>ὑποδέξασθαι,</span> <span class='ocrx_word' id='word_1_255' title='bbox 1846 2159 1874 2185; x_wconf 85' lang='grc'><strong>››</strong></span> <span class='ocrx_word' id='word_1_256' title='bbox 1929 2135 2108 2192; x_wconf 82' lang='grc' dir='ltr'>καίτοι</span> 
     </span>
    </p>
   </div>
   <div class='ocr_carea' id='block_1_37' title="bbox 450 2220 2104 2300">
    <p class='ocr_par' dir='ltr' id='par_1_37' title="bbox 450 2220 2104 2300">
     <span class='ocr_line' id='line_1_37' title="bbox 450 2220 2104 2300; baseline 0.001 -22"><span class='ocrx_word' id='word_1_257' title='bbox 450 2244 518 2298; x_wconf 81' lang='grc' dir='ltr'><strong>γε</strong></span> <span class='ocrx_word' id='word_1_258' title='bbox 549 2221 865 2280; x_wconf 71' lang='grc' dir='ltr'>ὑπεδεδεκτο</span> <span class='ocrx_word' id='word_1_259' title='bbox 895 2220 1005 2294; x_wconf 82' lang='grc' dir='ltr'><strong>ἤδη</strong></span> <span class='ocrx_word' id='word_1_260' title='bbox 1037 2224 1175 2279; x_wconf 81' lang='grc' dir='ltr'><strong>κατά</strong></span> <span class='ocrx_word' id='word_1_261' title='bbox 1217 2223 1310 2280; x_wconf 85' lang='grc' dir='ltr'>τὸν</span> <span class='ocrx_word' id='word_1_262' title='bbox 1342 2224 1533 2299; x_wconf 87' lang='grc' dir='ltr'>καιρὸν</span> <span class='ocrx_word' id='word_1_263' title='bbox 1591 2230 1692 2294; x_wconf 79' lang='grc' dir='ltr'>τῆς</span> <span class='ocrx_word' id='word_1_264' title='bbox 1749 2223 2104 2300; x_wconf 81' lang='grc' dir='ltr'>ἀναλήψεως.</span> 
     </span>
    </p>
   </div>
   <div class='ocr_carea' id='block_1_38' title="bbox 449 2309 2107 2390">
    <p class='ocr_par' dir='ltr' id='par_1_38' title="bbox 449 2309 2107 2390">
     <span class='ocr_line' id='line_1_38' title="bbox 449 2309 2107 2390; baseline 0 -21"><span class='ocrx_word' id='word_1_265' title='bbox 449 2311 634 2370; x_wconf 84' lang='grc' dir='ltr'><strong>Ἀλλά</strong></span> <span class='ocrx_word' id='word_1_266' title='bbox 654 2311 836 2386; x_wconf 83' lang='grc' dir='ltr'>τούτῳ</span> <span class='ocrx_word' id='word_1_267' title='bbox 863 2312 900 2383; x_wconf 72' lang='grc' dir='ltr'><strong>ἢ</strong></span> <span class='ocrx_word' id='word_1_268' title='bbox 933 2309 1356 2386; x_wconf 72' lang='grc' dir='ltr'>ἴδιωτικώτερον</span> <span class='ocrx_word' id='word_1_269' title='bbox 1381 2312 1649 2390; x_wconf 70' lang='grc' dir='ltr'>κίχρηται</span> <span class='ocrx_word' id='word_1_270' title='bbox 1677 2317 1758 2385; x_wconf 84' lang='grc' dir='ltr'>τῷ</span> <span class='ocrx_word' id='word_1_271' title='bbox 1783 2313 1955 2389; x_wconf 85' lang='grc' dir='ltr'>λόγῳ,</span> <span class='ocrx_word' id='word_1_272' title='bbox 1985 2335 2107 2370; x_wconf 87' lang='grc' dir='ltr'>συν-</span> 
     </span>
    </p>
   </div>
   <div class='ocr_carea' id='block_1_39' title="bbox 445 2401 2102 2482">
    <p class='ocr_par' dir='ltr' id='par_1_39' title="bbox 445 2401 2102 2482">
     <span class='ocr_line' id='line_1_39' title="bbox 445 2401 2102 2482; baseline 0.002 -24"><span class='ocrx_word' id='word_1_273' title='bbox 445 2405 602 2474; x_wconf 83' lang='grc' dir='ltr'>ήθως</span> <span class='ocrx_word' id='word_1_274' title='bbox 631 2407 700 2478; x_wconf 79' lang='grc' dir='ltr'><strong>τῇ</strong></span> <span class='ocrx_word' id='word_1_275' title='bbox 733 2404 926 2460; x_wconf 65' lang='grc' dir='ltr'>ἑαυτοῦ</span> <span class='ocrx_word' id='word_1_276' title='bbox 966 2401 1255 2478; x_wconf 73' lang='grc' dir='ltr'>ἰπιστολῇ,</span> <span class='ocrx_word' id='word_1_277' title='bbox 1312 2404 1366 2460; x_wconf 70' lang='grc' dir='ltr'>ἰν</span> <span class='ocrx_word' id='word_1_278' title='bbox 1407 2408 1442 2478; x_wconf 76' lang='grc' dir='ltr'><strong>ᾗ</strong></span> <span class='ocrx_word' id='word_1_279' title='bbox 1474 2425 1610 2482; x_wconf 76' lang='grc' dir='ltr'>φησι</span> <span class='ocrx_word' id='word_1_280' title='bbox 1665 2405 1789 2479; x_wconf 88' lang='grc' dir='ltr'>περὶ</span> <span class='ocrx_word' id='word_1_281' title='bbox 1846 2407 2102 2478; x_wconf 76' lang='grc' dir='ltr'>Χριστοῦ·</span> 
     </span>
    </p>
   </div>
   <div class='ocr_carea' id='block_1_40' title="bbox 441 2487 2104 2570">
    <p class='ocr_par' dir='ltr' id='par_1_40' title="bbox 441 2487 2104 2570">
     <span class='ocr_line' id='line_1_40' title="bbox 441 2487 2104 2570; baseline 0.002 -24"><span class='ocrx_word' id='word_1_282' title='bbox 441 2517 475 2546; x_wconf 69' lang='grc' dir='ltr'><em>η</em></span> <span class='ocrx_word' id='word_1_283' title='bbox 512 2487 708 2549; x_wconf 72' lang='grc' dir='ltr'>Λαϐὼν</span> <span class='ocrx_word' id='word_1_284' title='bbox 783 2493 884 2568; x_wconf 79' lang='grc' dir='ltr'><strong>γάρ</strong></span> <span class='ocrx_word' id='word_1_285' title='bbox 942 2492 1183 2564; x_wconf 68' lang='grc' dir='ltr'>ὶξουσίαν</span> <span class='ocrx_word' id='word_1_286' title='bbox 1238 2493 1384 2566; x_wconf 82' lang='grc' dir='ltr'>παρᾶ</span> <span class='ocrx_word' id='word_1_287' title='bbox 1449 2498 1584 2550; x_wconf 86' lang='grc' dir='ltr'>Θεοῦ</span> <span class='ocrx_word' id='word_1_288' title='bbox 1624 2495 1858 2568; x_wconf 81' lang='grc' dir='ltr'>Ηατρὸς,</span> <span class='ocrx_word' id='word_1_289' title='bbox 1919 2502 2104 2570; x_wconf 77' lang='grc' dir='ltr'>φωνῆς</span> 
     </span>
    </p>
   </div>
   <div class='ocr_carea' id='block_1_41' title="bbox 440 2581 2100 2662">
    <p class='ocr_par' dir='ltr' id='par_1_41' title="bbox 440 2581 2100 2662">
     <span class='ocr_line' id='line_1_41' title="bbox 440 2581 2100 2662; baseline 0.002 -25"><span class='ocrx_word' id='word_1_290' title='bbox 440 2581 597 2654; x_wconf 76' lang='grc' dir='ltr'><strong>αύτῷ</strong></span> <span class='ocrx_word' id='word_1_291' title='bbox 653 2581 748 2636; x_wconf 79' lang='grc' dir='ltr'>ἀπ’</span> <span class='ocrx_word' id='word_1_292' title='bbox 803 2582 1034 2658; x_wconf 85' lang='grc' dir='ltr'>ούρανοῦ</span> <span class='ocrx_word' id='word_1_293' title='bbox 1083 2581 1416 2662; x_wconf 78' lang='grc' dir='ltr'>ἐνεχθείσης.</span> <span class='ocrx_word' id='word_1_294' title='bbox 1477 2582 1580 2642; x_wconf 83' lang='grc' dir='ltr'><strong>Καὶ</strong></span> <span class='ocrx_word' id='word_1_295' title='bbox 1627 2583 1729 2659; x_wconf 67' lang='grc' dir='ltr'><strong>γὰρ</strong></span> <span class='ocrx_word' id='word_1_296' title='bbox 1769 2585 1855 2654; x_wconf 87' lang='grc' dir='ltr'>τὸ,</span> <span class='ocrx_word' id='word_1_297' title='bbox 1911 2609 1940 2637; x_wconf 91' lang='grc'><strong>‹‹</strong></span> <span class='ocrx_word' id='word_1_298' title='bbox 1989 2589 2100 2642; x_wconf 88' lang='grc' dir='ltr'>Λα-</span> 
     </span>
    </p>
   </div>
   <div class='ocr_carea' id='block_1_42' title="bbox 445 2666 2101 2751">
    <p class='ocr_par' dir='ltr' id='par_1_42' title="bbox 445 2666 2101 2751">
     <span class='ocr_line' id='line_1_42' title="bbox 445 2666 2101 2751; baseline 0.002 -25"><span class='ocrx_word' id='word_1_299' title='bbox 445 2667 584 2740; x_wconf 76' lang='grc' dir='ltr'>ϐὼν,</span> <span class='ocrx_word' id='word_1_300' title='bbox 620 2694 642 2724; x_wconf 78' lang='grc' dir='ltr'><strong>ι</strong></span> <span class='ocrx_word' id='word_1_301' title='bbox 678 2670 795 2726; x_wconf 78' lang='grc' dir='ltr'>ἀντὶ</span> <span class='ocrx_word' id='word_1_302' title='bbox 842 2676 960 2735; x_wconf 88' lang='grc' dir='ltr'>τοῦ,</span> <span class='ocrx_word' id='word_1_303' title='bbox 1023 2692 1045 2720; x_wconf 80' lang='grc' dir='ltr'><strong>ι</strong></span> <span class='ocrx_word' id='word_1_304' title='bbox 1079 2666 1346 2738; x_wconf 55' lang='lat' dir='ltr'><strong>ausu,»</strong></span> <span class='ocrx_word' id='word_1_305' title='bbox 1392 2674 1428 2742; x_wconf 76' lang='grc' dir='ltr'><strong>ἡ</strong></span> <span class='ocrx_word' id='word_1_306' title='bbox 1489 2673 1728 2743; x_wconf 76' lang='grc' dir='ltr'>σύνταξις</span> <span class='ocrx_word' id='word_1_307' title='bbox 1779 2677 1876 2730; x_wconf 88' lang='grc' dir='ltr'><strong>τοῦ</strong></span> <span class='ocrx_word' id='word_1_308' title='bbox 1933 2673 2101 2751; x_wconf 83' lang='grc' dir='ltr'>λόγου</span> 
     </span>
    </p>
   </div>
   <div class='ocr_carea' id='block_1_43' title="bbox 446 2758 2102 2838">
    <p class='ocr_par' dir='ltr' id='par_1_43' title="bbox 446 2758 2102 2838">
     <span class='ocr_line' id='line_1_43' title="bbox 446 2758 2102 2838; baseline 0.005 -24"><span class='ocrx_word' id='word_1_309' title='bbox 446 2759 694 2827; x_wconf 82' lang='grc' dir='ltr'>ἀπαιτεῖ,</span> <span class='ocrx_word' id='word_1_310' title='bbox 749 2761 884 2836; x_wconf 80' lang='grc' dir='ltr'>πρὸς</span> <span class='ocrx_word' id='word_1_311' title='bbox 938 2761 1003 2817; x_wconf 80' lang='grc' dir='ltr'><strong>τὸ</strong></span> <span class='ocrx_word' id='word_1_312' title='bbox 1057 2761 1122 2816; x_wconf 84' lang='grc' dir='ltr'><strong>τὸ</strong></span> <span class='ocrx_word' id='word_1_313' title='bbox 1173 2762 1359 2834; x_wconf 89' lang='grc' dir='ltr'>νόημα</span> <span class='ocrx_word' id='word_1_314' title='bbox 1431 2758 1860 2838; x_wconf 79' lang='grc' dir='ltr'>διαρθρωθῆναι.</span> <span class='ocrx_word' id='word_1_315' title='bbox 1941 2765 2102 2822; x_wconf 78' lang='grc' dir='ltr'>Ὥστε</span> 
     </span>
    </p>
   </div>
   <div class='ocr_carea' id='block_1_44' title="bbox 440 2847 2098 2923">
    <p class='ocr_par' dir='ltr' id='par_1_44' title="bbox 440 2847 2098 2923">
     <span class='ocr_line' id='line_1_44' title="bbox 440 2847 2098 2923; baseline 0.003 -18"><span class='ocrx_word' id='word_1_316' title='bbox 440 2850 720 2905; x_wconf 74' lang='grc' dir='ltr'>κάνταῦθα</span> <span class='ocrx_word' id='word_1_317' title='bbox 746 2851 832 2910; x_wconf 86' lang='grc' dir='ltr'><strong>τὸ.</strong></span> <span class='ocrx_word' id='word_1_318' title='bbox 876 2875 906 2902; x_wconf 77' lang='grc' dir='ltr'><strong>ιι</strong></span> <span class='ocrx_word' id='word_1_319' title='bbox 933 2853 1033 2909; x_wconf 76' lang='lat' dir='ltr'><strong>&quot;Ov</strong></span> <span class='ocrx_word' id='word_1_320' title='bbox 1082 2847 1166 2907; x_wconf 84' lang='grc' dir='ltr'><strong>δεῖ</strong></span> <span class='ocrx_word' id='word_1_321' title='bbox 1223 2847 1608 2923; x_wconf 75' lang='grc' dir='ltr'>ὑποδίξασθαι,</span> <span class='ocrx_word' id='word_1_322' title='bbox 1642 2875 1668 2903; x_wconf 82' lang='lat'><strong><em>»</em></strong></span> <span class='ocrx_word' id='word_1_323' title='bbox 1701 2852 1788 2921; x_wconf 86' lang='grc' dir='ltr'><strong>τὸ,</strong></span> <span class='ocrx_word' id='word_1_324' title='bbox 1821 2857 1930 2921; x_wconf 86' lang='grc' dir='ltr'>Δεῖ,</span> <span class='ocrx_word' id='word_1_325' title='bbox 1981 2853 2098 2910; x_wconf 83' lang='grc' dir='ltr'>ἀντὶ</span> 
     </span>
    </p>
   </div>
   <div class='ocr_carea' id='block_1_45' title="bbox 437 2937 2100 3020">
    <p class='ocr_par' dir='ltr' id='par_1_45' title="bbox 437 2937 2100 3020">
     <span class='ocr_line' id='line_1_45' title="bbox 437 2937 2100 3020; baseline 0.002 -25"><span class='ocrx_word' id='word_1_326' title='bbox 437 2944 560 3005; x_wconf 81' lang='grc' dir='ltr'>τοῦ,</span> <span class='ocrx_word' id='word_1_327' title='bbox 594 2937 726 3010; x_wconf 83' lang='grc' dir='ltr'>ἔδει,</span> <span class='ocrx_word' id='word_1_328' title='bbox 759 2939 1034 3020; x_wconf 74' lang='grc' dir='ltr'>εἰλῆφθαι.</span> <span class='ocrx_word' id='word_1_329' title='bbox 1095 2942 1160 2997; x_wconf 83' lang='grc' dir='ltr'><strong>Ἤ</strong></span> <span class='ocrx_word' id='word_1_330' title='bbox 1203 2939 1318 2996; x_wconf 67' lang='grc' dir='ltr'>ἐπεὶ</span> <span class='ocrx_word' id='word_1_331' title='bbox 1364 2941 1440 3014; x_wconf 82' lang='grc' dir='ltr'>μή</span> <span class='ocrx_word' id='word_1_332' title='bbox 1472 2945 1632 2996; x_wconf 85' lang='grc' dir='ltr'>πᾶσιν</span> <span class='ocrx_word' id='word_1_333' title='bbox 1659 2942 1694 3011; x_wconf 84' lang='grc' dir='ltr'><strong>ἡ</strong></span> <span class='ocrx_word' id='word_1_334' title='bbox 1728 2941 1805 3004; x_wconf 76' lang='grc' dir='ltr'><strong>εἰς</strong></span> <span class='ocrx_word' id='word_1_335' title='bbox 1836 2942 2100 3018; x_wconf 83' lang='grc' dir='ltr'>οὐρανοὺς</span> 
     </span>
    </p>
   </div>
   <div class='ocr_carea' id='block_1_46' title="bbox 439 3027 2097 3105">
    <p class='ocr_par' dir='ltr' id='par_1_46' title="bbox 439 3027 2097 3105">
     <span class='ocr_line' id='line_1_46' title="bbox 439 3027 2097 3105; baseline 0.002 -20"><span class='ocrx_word' id='word_1_336' title='bbox 439 3029 613 3086; x_wconf 83' lang='grc' dir='ltr'>αὐτοῦ</span> <span class='ocrx_word' id='word_1_337' title='bbox 669 3028 942 3104; x_wconf 65' lang='grc' dir='ltr'>ἀνάληψις</span> <span class='ocrx_word' id='word_1_338' title='bbox 999 3028 1089 3085; x_wconf 78' lang='grc' dir='ltr'><strong>καὶ</strong></span> <span class='ocrx_word' id='word_1_339' title='bbox 1138 3029 1374 3105; x_wconf 79' lang='grc' dir='ltr'>αὐτοψία</span> <span class='ocrx_word' id='word_1_340' title='bbox 1441 3029 1653 3104; x_wconf 85' lang='grc' dir='ltr'>ὡράθη,</span> <span class='ocrx_word' id='word_1_341' title='bbox 1708 3027 1846 3095; x_wconf 71' lang='grc' dir='ltr'>τὲως</span> <span class='ocrx_word' id='word_1_342' title='bbox 1903 3029 2097 3096; x_wconf 71' lang='grc' dir='ltr'>αὑτοὺς</span> 
     </span>
    </p>
   </div>
   <div class='ocr_carea' id='block_1_47' title="bbox 435 3117 2092 3196">
    <p class='ocr_par' dir='ltr' id='par_1_47' title="bbox 435 3117 2092 3196">
     <span class='ocr_line' id='line_1_47' title="bbox 435 3117 2092 3196; baseline 0.002 -23"><span class='ocrx_word' id='word_1_343' title='bbox 435 3123 507 3191; x_wconf 73' lang='grc' dir='ltr'><strong>τῇ</strong></span> <span class='ocrx_word' id='word_1_344' title='bbox 558 3119 764 3174; x_wconf 69' lang='grc' dir='ltr'>ἑαυτῶν</span> <span class='ocrx_word' id='word_1_345' title='bbox 839 3118 1113 3194; x_wconf 82' lang='grc' dir='ltr'>ὑπολήψει</span> <span class='ocrx_word' id='word_1_346' title='bbox 1173 3120 1414 3195; x_wconf 79' lang='grc' dir='ltr'>χρῆσθαι</span> <span class='ocrx_word' id='word_1_347' title='bbox 1469 3117 1550 3191; x_wconf 66' lang='grc' dir='ltr'>ἰᾷ.</span> <span class='ocrx_word' id='word_1_348' title='bbox 1628 3121 1820 3192; x_wconf 85' lang='grc' dir='ltr'>Ὅμως</span> <span class='ocrx_word' id='word_1_349' title='bbox 1864 3120 2092 3196; x_wconf 82' lang='grc' dir='ltr'>οὐρανὸν</span> 
     </span>
    </p>
   </div>
   <div class='ocr_carea' id='block_1_48' title="bbox 437 3209 2093 3288">
    <p class='ocr_par' dir='ltr' id='par_1_48' title="bbox 437 3209 2093 3288">
     <span class='ocr_line' id='line_1_48' title="bbox 437 3209 2093 3288; baseline 0.002 -20"><span class='ocrx_word' id='word_1_350' title='bbox 437 3213 612 3268; x_wconf 77' lang='grc' dir='ltr'>εἰπὼν</span> <span class='ocrx_word' id='word_1_351' title='bbox 636 3213 775 3288; x_wconf 83' lang='grc' dir='ltr'>πρὸς</span> <span class='ocrx_word' id='word_1_352' title='bbox 807 3209 1096 3288; x_wconf 71' lang='grc' dir='ltr'>ὑποδοχὴν</span> <span class='ocrx_word' id='word_1_353' title='bbox 1125 3217 1225 3268; x_wconf 87' lang='grc' dir='ltr'><strong>τοῦ</strong></span> <span class='ocrx_word' id='word_1_354' title='bbox 1265 3211 1679 3285; x_wconf 62' lang='grc' dir='ltr'>ἀπεσταλμένοι)</span> <span class='ocrx_word' id='word_1_355' title='bbox 1733 3216 2093 3288; x_wconf 78' lang='grc' dir='ltr'>ήτοιμᾰσθαι,</span> 
     </span>
    </p>
   </div>
   <div class='ocr_carea' id='block_1_49' title="bbox 435 3299 2094 3382">
    <p class='ocr_par' dir='ltr' id='par_1_49' title="bbox 435 3299 2094 3382">
     <span class='ocr_line' id='line_1_49' title="bbox 435 3299 2094 3382; baseline 0.002 -24"><span class='ocrx_word' id='word_1_356' title='bbox 435 3301 666 3381; x_wconf 64' lang='grc' dir='ltr'>ἀνέφηνε</span> <span class='ocrx_word' id='word_1_357' title='bbox 703 3308 822 3366; x_wconf 84' lang='grc' dir='ltr'>τοῖς</span> <span class='ocrx_word' id='word_1_358' title='bbox 855 3304 1250 3379; x_wconf 65' lang='grc' dir='ltr'>ζωτικωτέροις</span> <span class='ocrx_word' id='word_1_359' title='bbox 1281 3299 1372 3358; x_wconf 74' lang='grc' dir='ltr'><strong>διὰ</strong></span> <span class='ocrx_word' id='word_1_360' title='bbox 1423 3307 1542 3360; x_wconf 78' lang='grc' dir='ltr'>τοῦ.</span> <span class='ocrx_word' id='word_1_361' title='bbox 1574 3306 1675 3361; x_wconf 77' lang='grc' dir='ltr'><strong>“Ον</strong></span> <span class='ocrx_word' id='word_1_362' title='bbox 1737 3303 1819 3360; x_wconf 87' lang='grc' dir='ltr'><strong>δεῖ</strong></span> <span class='ocrx_word' id='word_1_363' title='bbox 1865 3304 2094 3382; x_wconf 76' lang='grc' dir='ltr'>οὐρανὸν</span> 
     </span>
    </p>
   </div>
   <div class='ocr_carea' id='block_1_50' title="bbox 445 3388 2090 3471">
    <p class='ocr_par' dir='ltr' id='par_1_50' title="bbox 445 3388 2090 3471">
     <span class='ocr_line' id='line_1_50' title="bbox 445 3388 2090 3471; baseline 0.002 -22"><span class='ocrx_word' id='word_1_364' title='bbox 445 3389 832 3462; x_wconf 76' lang='grc' dir='ltr'>ὑποδέξασθαι,</span> <span class='ocrx_word' id='word_1_365' title='bbox 888 3393 1014 3449; x_wconf 76' lang='grc' dir='ltr'><strong>Υἱὸν</strong></span> <span class='ocrx_word' id='word_1_366' title='bbox 1090 3388 1220 3449; x_wconf 80' lang='grc' dir='ltr'>ὅντα</span> <span class='ocrx_word' id='word_1_367' title='bbox 1272 3394 1360 3449; x_wconf 83' lang='grc' dir='ltr'><strong>καὶ</strong></span> <span class='ocrx_word' id='word_1_368' title='bbox 1427 3390 1699 3449; x_wconf 86' lang='grc' dir='ltr'>συναίδιον</span> <span class='ocrx_word' id='word_1_369' title='bbox 1758 3399 1838 3468; x_wconf 82' lang='grc' dir='ltr'><strong>τῷ</strong></span> <span class='ocrx_word' id='word_1_370' title='bbox 1899 3395 2090 3471; x_wconf 81' lang='grc' dir='ltr'>Πατρὶ,</span> 
     </span>
    </p>
   </div>
   <div class='ocr_carea' id='block_1_51' title="bbox 433 3481 2094 3561">
    <p class='ocr_par' dir='ltr' id='par_1_51' title="bbox 433 3481 2094 3561">
     <span class='ocr_line' id='line_1_51' title="bbox 433 3481 2094 3561; baseline 0.001 -23"><span class='ocrx_word' id='word_1_371' title='bbox 433 3483 527 3538; x_wconf 85' lang='grc' dir='ltr'><strong>καὶ</strong></span> <span class='ocrx_word' id='word_1_372' title='bbox 561 3482 664 3537; x_wconf 76' lang='grc' dir='ltr'>ὑπὸ</span> <span class='ocrx_word' id='word_1_373' title='bbox 717 3485 817 3538; x_wconf 85' lang='grc' dir='ltr'><strong>τοῦ</strong></span> <span class='ocrx_word' id='word_1_374' title='bbox 887 3482 1098 3557; x_wconf 80' lang='grc' dir='ltr'>Πατρὸς</span> <span class='ocrx_word' id='word_1_375' title='bbox 1155 3481 1548 3546; x_wconf 67' lang='grc' dir='ltr'>ἀποσταλέντα.</span> <span class='ocrx_word' id='word_1_376' title='bbox 1597 3482 1689 3560; x_wconf 76' lang='grc' dir='ltr'>ἀφ’</span> <span class='ocrx_word' id='word_1_377' title='bbox 1751 3484 1812 3538; x_wconf 76' lang='grc' dir='ltr'><strong>οὗ</strong></span> <span class='ocrx_word' id='word_1_378' title='bbox 1869 3481 2094 3561; x_wconf 77' lang='grc' dir='ltr'>διῃτᾶτο</span> 
     </span>
    </p>
   </div>
   <div class='ocr_carea' id='block_1_52' title="bbox 443 3570 2092 3649">
    <p class='ocr_par' dir='ltr' id='par_1_52' title="bbox 443 3570 2092 3649">
     <span class='ocr_line' id='line_1_52' title="bbox 443 3570 2092 3649; baseline 0.001 -21"><span class='ocrx_word' id='word_1_379' title='bbox 443 3573 701 3644; x_wconf 77' lang='grc' dir='ltr'>δμέστιος</span> <span class='ocrx_word' id='word_1_380' title='bbox 755 3575 836 3643; x_wconf 80' lang='grc' dir='ltr'><strong>τῷ</strong></span> <span class='ocrx_word' id='word_1_381' title='bbox 887 3570 1077 3648; x_wconf 81' lang='grc' dir='ltr'>Πατρί,</span> <span class='ocrx_word' id='word_1_382' title='bbox 1155 3572 1231 3637; x_wconf 84' lang='grc' dir='ltr'>ὡς</span> <span class='ocrx_word' id='word_1_383' title='bbox 1278 3573 1401 3634; x_wconf 76' lang='grc' dir='ltr'><strong>Υἱὸς</strong></span> <span class='ocrx_word' id='word_1_384' title='bbox 1451 3571 1543 3628; x_wconf 79' lang='grc' dir='ltr'>καὶ</span> <span class='ocrx_word' id='word_1_385' title='bbox 1593 3575 1936 3649; x_wconf 83' lang='grc' dir='ltr'>Μονογενής,</span> <span class='ocrx_word' id='word_1_386' title='bbox 2003 3575 2092 3630; x_wconf 82' lang='grc' dir='ltr'><strong>καὶ</strong></span> 
     </span>
    </p>
   </div>
   <div class='ocr_carea' id='block_1_53' title="bbox 445 3660 2093 3737">
    <p class='ocr_par' dir='ltr' id='par_1_53' title="bbox 445 3660 2093 3737">
     <span class='ocr_line' id='line_1_53' title="bbox 445 3660 2093 3737; baseline 0.002 -22"><span class='ocrx_word' id='word_1_387' title='bbox 445 3660 854 3736; x_wconf 56' lang='grc' dir='ltr'>ἀνῃτιρῥήτως</span> <span class='ocrx_word' id='word_1_388' title='bbox 937 3661 1016 3724; x_wconf 81' lang='grc' dir='ltr'><strong>εἰς</strong></span> <span class='ocrx_word' id='word_1_389' title='bbox 1100 3660 1325 3736; x_wconf 73' lang='grc' dir='ltr'>οὐρανὸν</span> <span class='ocrx_word' id='word_1_390' title='bbox 1409 3663 1803 3737; x_wconf 72' lang='grc' dir='ltr'>ἀνερχόμενοι,</span> <span class='ocrx_word' id='word_1_391' title='bbox 1889 3663 1965 3726; x_wconf 83' lang='grc' dir='ltr'><strong>ὡς</strong></span> <span class='ocrx_word' id='word_1_392' title='bbox 2043 3663 2093 3736; x_wconf 79' lang='grc' dir='ltr'>ἐξ</span> 
     </span>
    </p>
   </div>
   <div class='ocr_carea' id='block_1_54' title="bbox 459 3750 2093 3828">
    <p class='ocr_par' dir='ltr' id='par_1_54' title="bbox 459 3750 2093 3828">
     <span class='ocr_line' id='line_1_54' title="bbox 459 3750 2093 3828; baseline 0.002 -24"><span class='ocrx_word' id='word_1_393' title='bbox 459 3750 673 3822; x_wconf 65' lang='grc' dir='ltr'>οὔρανοῦ</span> <span class='ocrx_word' id='word_1_394' title='bbox 701 3751 980 3816; x_wconf 84' lang='grc' dir='ltr'>κατιόντα,</span> <span class='ocrx_word' id='word_1_395' title='bbox 1032 3751 1122 3806; x_wconf 78' lang='grc' dir='ltr'><strong>καὶ</strong></span> <span class='ocrx_word' id='word_1_396' title='bbox 1163 3751 1328 3808; x_wconf 82' lang='grc' dir='ltr'>πάλιν</span> <span class='ocrx_word' id='word_1_397' title='bbox 1385 3751 1462 3816; x_wconf 79' lang='grc' dir='ltr'>εἷς</span> <span class='ocrx_word' id='word_1_398' title='bbox 1487 3754 1588 3822; x_wconf 74' lang='grc' dir='ltr'>τὴν</span> <span class='ocrx_word' id='word_1_399' title='bbox 1628 3754 1884 3827; x_wconf 77' lang='grc' dir='ltr'>πατρῴαν</span> <span class='ocrx_word' id='word_1_400' title='bbox 1915 3752 2093 3828; x_wconf 86' lang='grc' dir='ltr'>ἀπαρ-</span> 
     </span>
    </p>
   </div>
   <div class='ocr_carea' id='block_1_55' title="bbox 452 3838 2097 3919">
    <p class='ocr_par' dir='ltr' id='par_1_55' title="bbox 452 3838 2097 3919">
     <span class='ocr_line' id='line_1_55' title="bbox 452 3838 2097 3919; baseline 0.002 -24"><span class='ocrx_word' id='word_1_401' title='bbox 452 3843 680 3911; x_wconf 73' lang='grc' dir='ltr'>αιτήτως</span> <span class='ocrx_word' id='word_1_402' title='bbox 763 3838 1151 3916; x_wconf 72' lang='grc' dir='ltr'>εἰσδεχόμενον</span> <span class='ocrx_word' id='word_1_403' title='bbox 1232 3841 1433 3914; x_wconf 63' lang='grc' dir='ltr'>ἑστίαν,</span> <span class='ocrx_word' id='word_1_404' title='bbox 1517 3843 1610 3898; x_wconf 88' lang='grc' dir='ltr'><strong>καὶ</strong></span> <span class='ocrx_word' id='word_1_405' title='bbox 1694 3841 1784 3919; x_wconf 64' lang='grc' dir='ltr'>ἀφ’</span> <span class='ocrx_word' id='word_1_406' title='bbox 1843 3843 1908 3898; x_wconf 80' lang='grc' dir='ltr'>οὗ</span> <span class='ocrx_word' id='word_1_407' title='bbox 1961 3843 2097 3899; x_wconf 87' lang='grc' dir='ltr'><strong>κατά</strong></span> 
     </span>
    </p>
   </div>
   <div class='ocr_carea' id='block_1_56' title="bbox 438 3929 2092 4008">
    <p class='ocr_par' dir='ltr' id='par_1_56' title="bbox 438 3929 2092 4008">
     <span class='ocr_line' id='line_1_56' title="bbox 438 3929 2092 4008; baseline 0.002 -22"><span class='ocrx_word' id='word_1_408' title='bbox 438 3933 539 4000; x_wconf 73' lang='grc' dir='ltr'>τήν</span> <span class='ocrx_word' id='word_1_409' title='bbox 583 3929 899 4005; x_wconf 82' lang='grc' dir='ltr'>οἰκονομίαν</span> <span class='ocrx_word' id='word_1_410' title='bbox 956 3930 1246 4000; x_wconf 85' lang='grc' dir='ltr'>κατῆλθεν,</span> <span class='ocrx_word' id='word_1_411' title='bbox 1305 3931 1416 3987; x_wconf 70' lang='grc' dir='ltr'>ἐκεῖ</span> <span class='ocrx_word' id='word_1_412' title='bbox 1473 3931 1642 3987; x_wconf 82' lang='grc' dir='ltr'>πάλιν</span> <span class='ocrx_word' id='word_1_413' title='bbox 1707 3930 2092 4008; x_wconf 73' lang='grc' dir='ltr'><strong>ἰνθρονιζόμε⁹</strong></span> 
     </span>
    </p>
   </div>
   <div class='ocr_carea' id='block_1_57' title="bbox 431 4018 2092 4096">
    <p class='ocr_par' dir='ltr' id='par_1_57' title="bbox 431 4018 2092 4096">
     <span class='ocr_line' id='line_1_57' title="bbox 431 4018 2092 4096; baseline 0 -20"><span class='ocrx_word' id='word_1_414' title='bbox 431 4043 547 4087; x_wconf 86' lang='grc' dir='ltr'>νον,</span> <span class='ocrx_word' id='word_1_415' title='bbox 593 4021 666 4082; x_wconf 83' lang='grc' dir='ltr'><strong>ὡς</strong></span> <span class='ocrx_word' id='word_1_416' title='bbox 721 4021 807 4087; x_wconf 81' lang='grc' dir='ltr'><strong>τὸ,</strong></span> <span class='ocrx_word' id='word_1_417' title='bbox 865 4021 992 4084; x_wconf 76' lang='grc' dir='ltr'>Υἱὸς</span> <span class='ocrx_word' id='word_1_418' title='bbox 1051 4021 1140 4076; x_wconf 83' lang='grc' dir='ltr'>καὶ</span> <span class='ocrx_word' id='word_1_419' title='bbox 1200 4019 1474 4096; x_wconf 79' lang='grc' dir='ltr'>οὐράνιος,</span> <span class='ocrx_word' id='word_1_420' title='bbox 1535 4018 1943 4093; x_wconf 66' lang='grc' dir='ltr'>ἑμπεδώσηται,</span> <span class='ocrx_word' id='word_1_421' title='bbox 2000 4022 2092 4078; x_wconf 83' lang='grc' dir='ltr'><strong>καὶ</strong></span> 
     </span>
    </p>
   </div>
   <div class='ocr_carea' id='block_1_58' title="bbox 428 4109 2088 4190">
    <p class='ocr_par' dir='ltr' id='par_1_58' title="bbox 428 4109 2088 4190">
     <span class='ocr_line' id='line_1_58' title="bbox 428 4109 2088 4190; baseline 0.001 -24"><span class='ocrx_word' id='word_1_422' title='bbox 428 4110 804 4190; x_wconf 71' lang='grc' dir='ltr'>ἀποφαίνηται</span> <span class='ocrx_word' id='word_1_423' title='bbox 831 4111 925 4166; x_wconf 85' lang='grc' dir='ltr'><strong>τὸν</strong></span> <span class='ocrx_word' id='word_1_424' title='bbox 987 4110 1151 4167; x_wconf 74' lang='grc' dir='ltr'>αὐτὸν</span> <span class='ocrx_word' id='word_1_425' title='bbox 1218 4109 1383 4166; x_wconf 85' lang='grc' dir='ltr'>πάλιν</span> <span class='ocrx_word' id='word_1_426' title='bbox 1439 4109 1815 4186; x_wconf 83' lang='grc' dir='ltr'>προσδόκιμον</span> <span class='ocrx_word' id='word_1_427' title='bbox 1873 4111 2088 4168; x_wconf 67' lang='grc' dir='ltr'>ὶλεύσεο</span> 
     </span>
    </p>
   </div>
   <div class='ocr_carea' id='block_1_59' title="bbox 428 4197 2089 4278">
    <p class='ocr_par' dir='ltr' id='par_1_59' title="bbox 428 4197 2089 4278">
     <span class='ocr_line' id='line_1_59' title="bbox 428 4197 2089 4278; baseline 0.001 -22"><span class='ocrx_word' id='word_1_428' title='bbox 428 4213 554 4265; x_wconf 84' lang='grc' dir='ltr'>σθαι</span> <span class='ocrx_word' id='word_1_429' title='bbox 588 4199 684 4256; x_wconf 80' lang='grc' dir='ltr'><strong>ἀπ’</strong></span> <span class='ocrx_word' id='word_1_430' title='bbox 713 4199 966 4274; x_wconf 81' lang='grc' dir='ltr'>ούρανοῦ.</span> <span class='ocrx_word' id='word_1_431' title='bbox 1004 4199 1103 4256; x_wconf 81' lang='grc' dir='ltr'><strong>Καὶ</strong></span> <span class='ocrx_word' id='word_1_432' title='bbox 1161 4197 1257 4256; x_wconf 73' lang='grc' dir='ltr'>’ἶνα</span> <span class='ocrx_word' id='word_1_433' title='bbox 1311 4204 1482 4258; x_wconf 85' lang='grc' dir='ltr'>ταῦτα</span> <span class='ocrx_word' id='word_1_434' title='bbox 1527 4205 1748 4276; x_wconf 78' lang='grc' dir='ltr'>γνωσθῇ</span> <span class='ocrx_word' id='word_1_435' title='bbox 1815 4198 2089 4278; x_wconf 80' lang='grc' dir='ltr'>τηλαυγέ-</span> 
     </span>
    </p>
   </div>
   <div class='ocr_carea' id='block_1_60' title="bbox 430 4289 2087 4366">
    <p class='ocr_par' dir='ltr' id='par_1_60' title="bbox 430 4289 2087 4366">
     <span class='ocr_line' id='line_1_60' title="bbox 430 4289 2087 4366; baseline 0.001 -20"><span class='ocrx_word' id='word_1_436' title='bbox 430 4289 755 4360; x_wconf 69' lang='grc' dir='ltr'>στερον,ἒπὶ</span> <span class='ocrx_word' id='word_1_437' title='bbox 793 4291 996 4348; x_wconf 60' lang='lat' dir='ltr'><strong>Munia</strong></span> <span class='ocrx_word' id='word_1_438' title='bbox 1033 4289 1385 4366; x_wconf 64' lang='grc' dir='ltr'>παραπὲμπει</span> <span class='ocrx_word' id='word_1_439' title='bbox 1452 4292 1545 4346; x_wconf 85' lang='grc' dir='ltr'>καὶ</span> <span class='ocrx_word' id='word_1_440' title='bbox 1593 4296 1723 4354; x_wconf 84' lang='grc' dir='ltr'>τοὺς</span> <span class='ocrx_word' id='word_1_441' title='bbox 1778 4295 2087 4366; x_wconf 76' lang='grc' dir='ltr'>προφήταςο</span> 
     </span>
    </p>
   </div>
   <div class='ocr_carea' id='block_1_61' title="bbox 429 4381 2090 4461">
    <p class='ocr_par' dir='ltr' id='par_1_61' title="bbox 429 4381 2090 4461">
     <span class='ocr_line' id='line_1_61' title="bbox 429 4381 2090 4461; baseline 0.002 -24"><span class='ocrx_word' id='word_1_442' title='bbox 429 4381 641 4438; x_wconf 69' lang='lat' dir='ltr'><strong>Munia</strong></span> <span class='ocrx_word' id='word_1_443' title='bbox 693 4381 813 4452; x_wconf 78' lang='grc' dir='ltr'>μὶν,</span> <span class='ocrx_word' id='word_1_444' title='bbox 877 4401 901 4430; x_wconf 77' lang='grc' dir='ltr'>ι</span> <span class='ocrx_word' id='word_1_445' title='bbox 963 4382 1259 4461; x_wconf 69' lang='grc' dir='ltr'>Προφήτην</span> <span class='ocrx_word' id='word_1_446' title='bbox 1316 4381 1444 4454; x_wconf 79' lang='grc' dir='ltr'>ὑμῖν</span> <span class='ocrx_word' id='word_1_447' title='bbox 1493 4381 1779 4452; x_wconf 77' lang='grc' dir='ltr'>ἀναστήσει</span> <span class='ocrx_word' id='word_1_448' title='bbox 1836 4382 2090 4457; x_wconf 85' lang='grc' dir='ltr'>Κύριοςὸ</span> 
     </span>
    </p>
   </div>
   <div class='ocr_carea' id='block_1_62' title="bbox 426 4467 2088 4544">
    <p class='ocr_par' dir='ltr' id='par_1_62' title="bbox 426 4467 2088 4544">
     <span class='ocr_line' id='line_1_62' title="bbox 426 4467 2088 4544; baseline 0.002 -19"><span class='ocrx_word' id='word_1_449' title='bbox 426 4470 564 4532; x_wconf 80' lang='grc' dir='ltr'>θεὸς</span> <span class='ocrx_word' id='word_1_450' title='bbox 596 4472 756 4542; x_wconf 74' lang='grc' dir='ltr'>ἡμῶν</span> <span class='ocrx_word' id='word_1_451' title='bbox 787 4470 862 4532; x_wconf 83' lang='grc' dir='ltr'><strong>ὡς</strong></span> <span class='ocrx_word' id='word_1_452' title='bbox 893 4467 1011 4544; x_wconf 57' lang='lat' dir='ltr'><strong>ipsi.</strong></span> <span class='ocrx_word' id='word_1_453' title='bbox 1047 4494 1076 4522; x_wconf 87' lang='lat'><strong>»</strong></span> <span class='ocrx_word' id='word_1_454' title='bbox 1113 4469 1204 4524; x_wconf 82' lang='grc' dir='ltr'><strong>καὶ</strong></span> <span class='ocrx_word' id='word_1_455' title='bbox 1235 4467 1398 4526; x_wconf 75' lang='grc' dir='ltr'>Δαυῒδ</span> <span class='ocrx_word' id='word_1_456' title='bbox 1455 4467 1536 4541; x_wconf 67' lang='grc' dir='ltr'>δὲ,</span> <span class='ocrx_word' id='word_1_457' title='bbox 1595 4470 1672 4534; x_wconf 83' lang='grc' dir='ltr'><strong>ὡς</strong></span> <span class='ocrx_word' id='word_1_458' title='bbox 1730 4471 1878 4528; x_wconf 83' lang='grc' dir='ltr'>ὑετὸν</span> <span class='ocrx_word' id='word_1_459' title='bbox 1934 4473 2088 4528; x_wconf 85' lang='grc' dir='ltr'>ἀπει-</span> 
     </span>
    </p>
   </div>
   <div class='ocr_carea' id='block_1_63' title="bbox 423 4557 2088 4633">
    <p class='ocr_par' dir='ltr' id='par_1_63' title="bbox 423 4557 2088 4633">
     <span class='ocr_line' id='line_1_63' title="bbox 423 4557 2088 4633; baseline 0.001 -17"><span class='ocrx_word' id='word_1_460' title='bbox 423 4562 664 4630; x_wconf 72' lang='grc' dir='ltr'>καζοντα</span> <span class='ocrx_word' id='word_1_461' title='bbox 695 4560 793 4627; x_wconf 79' lang='grc' dir='ltr'><strong>τήν</strong></span> <span class='ocrx_word' id='word_1_462' title='bbox 826 4558 878 4633; x_wconf 69' lang='grc' dir='ltr'><strong>ἦε</strong></span> <span class='ocrx_word' id='word_1_463' title='bbox 909 4559 1143 4630; x_wconf 77' lang='grc' dir='ltr'>οὐρανοῦ</span> <span class='ocrx_word' id='word_1_464' title='bbox 1199 4557 1364 4615; x_wconf 76' lang='grc' dir='ltr'>αὐτοῦ</span> <span class='ocrx_word' id='word_1_465' title='bbox 1393 4560 1467 4622; x_wconf 82' lang='grc' dir='ltr'>ὡς</span> <span class='ocrx_word' id='word_1_466' title='bbox 1498 4559 1588 4615; x_wconf 71' lang='grc' dir='ltr'>ἐπὶ</span> <span class='ocrx_word' id='word_1_467' title='bbox 1646 4559 1815 4616; x_wconf 83' lang='grc' dir='ltr'>πόκον</span> <span class='ocrx_word' id='word_1_468' title='bbox 1851 4557 2088 4618; x_wconf 69' lang='grc' dir='ltr'>κατάϐα-</span> 
     </span>
    </p>
   </div>
   <div class='ocr_carea' id='block_1_64' title="bbox 425 4649 2090 4731">
    <p class='ocr_par' dir='ltr' id='par_1_64' title="bbox 425 4649 2090 4731">
     <span class='ocr_line' id='line_1_64' title="bbox 425 4649 2090 4731; baseline 0.002 -24"><span class='ocrx_word' id='word_1_469' title='bbox 425 4673 535 4707; x_wconf 87' lang='grc' dir='ltr'>σιν.</span> <span class='ocrx_word' id='word_1_470' title='bbox 574 4651 669 4707; x_wconf 74' lang='grc' dir='ltr'>Καὶ</span> <span class='ocrx_word' id='word_1_471' title='bbox 699 4649 893 4714; x_wconf 76' lang='grc' dir='ltr'>ἁπλῶς</span> <span class='ocrx_word' id='word_1_472' title='bbox 924 4650 1013 4707; x_wconf 74' lang='grc' dir='ltr'>ἐπὶ</span> <span class='ocrx_word' id='word_1_473' title='bbox 1063 4651 1192 4714; x_wconf 76' lang='grc' dir='ltr'>τοὺς</span> <span class='ocrx_word' id='word_1_474' title='bbox 1247 4654 1533 4731; x_wconf 75' lang='grc' dir='ltr'>προφήτας</span> <span class='ocrx_word' id='word_1_475' title='bbox 1571 4651 1769 4718; x_wconf 75' lang='grc' dir='ltr'>αὐτοὺς</span> <span class='ocrx_word' id='word_1_476' title='bbox 1794 4657 2090 4728; x_wconf 68' lang='grc' dir='ltr'>παραπεμ-</span> 
     </span>
    </p>
   </div>
   <div class='ocr_carea' id='block_1_65' title="bbox 2226 2050 3878 2122">
    <p class='ocr_par' dir='ltr' id='par_1_65' title="bbox 2226 2050 3878 2122">
     <span class='ocr_line' id='line_1_65' title="bbox 2226 2050 3878 2122; baseline 0.001 -18"><span class='ocrx_word' id='word_1_477' title='bbox 2226 2050 2540 2106; x_wconf 88' lang='lat' dir='ltr'><strong>militatem</strong></span> <span class='ocrx_word' id='word_1_478' title='bbox 2572 2050 2949 2122; x_wconf 84' lang='lat' dir='ltr'><strong>dispensans.</strong></span> <span class='ocrx_word' id='word_1_479' title='bbox 2979 2053 3121 2108; x_wconf 88' lang='lat' dir='ltr'><strong>Nam</strong></span> <span class='ocrx_word' id='word_1_480' title='bbox 3155 2052 3361 2107; x_wconf 89' lang='lat' dir='ltr'><strong>missio</strong></span> <span class='ocrx_word' id='word_1_481' title='bbox 3404 2050 3638 2108; x_wconf 89' lang='lat' dir='ltr'><strong>Domini</strong></span> <span class='ocrx_word' id='word_1_482' title='bbox 3670 2068 3703 2106; x_wconf 91' lang='lat' dir='ltr'><strong>a</strong></span> <span class='ocrx_word' id='word_1_483' title='bbox 3730 2051 3878 2106; x_wconf 76' lang='lat' dir='ltr'><strong>ccelo</strong></span> 
     </span>
    </p>
   </div>
   <div class='ocr_carea' id='block_1_66' title="bbox 2221 2137 3880 2210">
    <p class='ocr_par' dir='ltr' id='par_1_66' title="bbox 2221 2137 3880 2210">
     <span class='ocr_line' id='line_1_66' title="bbox 2221 2137 3880 2210; baseline 0 -16"><span class='ocrx_word' id='word_1_484' title='bbox 2221 2137 2296 2194; x_wconf 86' lang='lat' dir='ltr'><strong>ad</strong></span> <span class='ocrx_word' id='word_1_485' title='bbox 2327 2137 2384 2193; x_wconf 90' lang='lat' dir='ltr'><strong>id</strong></span> <span class='ocrx_word' id='word_1_486' title='bbox 2417 2138 2674 2195; x_wconf 88' lang='lat' dir='ltr'><strong>adducta</strong></span> <span class='ocrx_word' id='word_1_487' title='bbox 2704 2146 2790 2194; x_wconf 84' lang='lat' dir='ltr'><strong>est</strong></span> <span class='ocrx_word' id='word_1_488' title='bbox 2845 2140 3004 2210; x_wconf 91' lang='lat' dir='ltr'><strong>quod</strong></span> <span class='ocrx_word' id='word_1_489' title='bbox 3059 2141 3122 2196; x_wconf 90' lang='lat' dir='ltr'><strong>in</strong></span> <span class='ocrx_word' id='word_1_490' title='bbox 3183 2157 3252 2196; x_wconf 90' lang='lat' dir='ltr'><strong>eo</strong></span> <span class='ocrx_word' id='word_1_491' title='bbox 3302 2140 3536 2194; x_wconf 85' lang='lat' dir='ltr'><strong>visibile</strong></span> <span class='ocrx_word' id='word_1_492' title='bbox 3585 2145 3711 2194; x_wconf 75' lang='lat' dir='ltr'><strong>erat</strong></span> <span class='ocrx_word' id='word_1_493' title='bbox 3761 2140 3880 2194; x_wconf 84' lang='lat' dir='ltr'><strong>sive</strong></span> 
     </span>
    </p>
   </div>
   <div class='ocr_carea' id='block_1_67' title="bbox 2219 2227 3874 2300">
    <p class='ocr_par' dir='ltr' id='par_1_67' title="bbox 2219 2227 3874 2300">
     <span class='ocr_line' id='line_1_67' title="bbox 2219 2227 3874 2300; baseline 0.001 -18"><span class='ocrx_word' id='word_1_494' title='bbox 2219 2227 2551 2284; x_wconf 90' lang='lat' dir='ltr'><strong>humanum</strong></span> <span class='ocrx_word' id='word_1_495' title='bbox 2580 2244 2593 2284; x_wconf 92' lang='lat'>:</span> <span class='ocrx_word' id='word_1_496' title='bbox 2628 2229 2689 2283; x_wconf 90' lang='lat' dir='ltr'><strong>in</strong></span> <span class='ocrx_word' id='word_1_497' title='bbox 2721 2228 2936 2284; x_wconf 64' lang='lat' dir='ltr'><strong>caslum</strong></span> <span class='ocrx_word' id='word_1_498' title='bbox 2967 2245 3102 2284; x_wconf 88' lang='lat' dir='ltr'><strong>vero</strong></span> <span class='ocrx_word' id='word_1_499' title='bbox 3141 2230 3462 2300; x_wconf 77' lang='lat' dir='ltr'><strong>susceptio,</strong></span> <span class='ocrx_word' id='word_1_500' title='bbox 3499 2230 3559 2284; x_wconf 90' lang='lat' dir='ltr'><strong>in</strong></span> <span class='ocrx_word' id='word_1_501' title='bbox 3607 2229 3874 2284; x_wconf 84' lang='lat' dir='ltr'><strong>futurum</strong></span> 
     </span>
    </p>
   </div>
   <div class='ocr_carea' id='block_1_68' title="bbox 2217 2317 3870 2390">
    <p class='ocr_par' dir='ltr' id='par_1_68' title="bbox 2217 2317 3870 2390">
     <span class='ocr_line' id='line_1_68' title="bbox 2217 2317 3870 2390; baseline 0.001 -18"><span class='ocrx_word' id='word_1_502' title='bbox 2217 2317 2490 2373; x_wconf 82' lang='lat' dir='ltr'><strong>refertur.</strong></span> <span class='ocrx_word' id='word_1_503' title='bbox 2519 2340 2547 2367; x_wconf 81' lang='grc' dir='ltr'>ι(</span> <span class='ocrx_word' id='word_1_504' title='bbox 2581 2319 2766 2384; x_wconf 86' lang='lat' dir='ltr'><strong>Quem</strong></span> <span class='ocrx_word' id='word_1_505' title='bbox 2799 2324 3034 2390; x_wconf 82' lang='lat' dir='ltr'><strong>oportet</strong></span> <span class='ocrx_word' id='word_1_506' title='bbox 3088 2318 3235 2374; x_wconf 64' lang='lat' dir='ltr'><strong>caalo</strong></span> <span class='ocrx_word' id='word_1_507' title='bbox 3289 2318 3534 2390; x_wconf 87' lang='lat' dir='ltr'><strong>suscipi,</strong></span> <span class='ocrx_word' id='word_1_508' title='bbox 3572 2341 3598 2366; x_wconf 87' lang='lat'><strong>»</strong></span> <span class='ocrx_word' id='word_1_509' title='bbox 3651 2318 3870 2389; x_wconf 87' lang='lat' dir='ltr'><strong>inquit.</strong></span> 
     </span>
    </p>
   </div>
   <div class='ocr_carea' id='block_1_69' title="bbox 2217 2407 3867 2480">
    <p class='ocr_par' dir='ltr' id='par_1_69' title="bbox 2217 2407 3867 2480">
     <span class='ocr_line' id='line_1_69' title="bbox 2217 2407 3867 2480; baseline 0 -18"><span class='ocrx_word' id='word_1_510' title='bbox 2217 2407 2396 2478; x_wconf 81' lang='lat' dir='ltr'><strong>Atqui</strong></span> <span class='ocrx_word' id='word_1_511' title='bbox 2420 2407 2549 2478; x_wconf 90' lang='lat' dir='ltr'><strong>jam</strong></span> <span class='ocrx_word' id='word_1_512' title='bbox 2581 2414 2893 2480; x_wconf 89' lang='lat' dir='ltr'><strong>susceptus</strong></span> <span class='ocrx_word' id='word_1_513' title='bbox 2941 2413 3032 2464; x_wconf 89' lang='lat' dir='ltr'><strong>est</strong></span> <span class='ocrx_word' id='word_1_514' title='bbox 3091 2413 3357 2480; x_wconf 89' lang='lat' dir='ltr'><strong>tempore</strong></span> <span class='ocrx_word' id='word_1_515' title='bbox 3416 2407 3867 2479; x_wconf 86' lang='lat' dir='ltr'><strong>assumptionis.</strong></span> 
     </span>
    </p>
   </div>
   <div class='ocr_carea' id='block_1_70' title="bbox 2217 2496 3869 2570">
    <p class='ocr_par' dir='ltr' id='par_1_70' title="bbox 2217 2496 3869 2570">
     <span class='ocr_line' id='line_1_70' title="bbox 2217 2496 3869 2570; baseline -0.001 -18"><span class='ocrx_word' id='word_1_516' title='bbox 2217 2496 2328 2553; x_wconf 90' lang='lat' dir='ltr'><strong>Sed</strong></span> <span class='ocrx_word' id='word_1_517' title='bbox 2359 2497 2472 2554; x_wconf 90' lang='lat' dir='ltr'><strong>hoc</strong></span> <span class='ocrx_word' id='word_1_518' title='bbox 2502 2497 2697 2568; x_wconf 90' lang='lat' dir='ltr'><strong>potius</strong></span> <span class='ocrx_word' id='word_1_519' title='bbox 2727 2514 2869 2554; x_wconf 88' lang='lat' dir='ltr'><strong>usus</strong></span> <span class='ocrx_word' id='word_1_520' title='bbox 2902 2503 2993 2553; x_wconf 90' lang='lat' dir='ltr'><strong>est</strong></span> <span class='ocrx_word' id='word_1_521' title='bbox 3024 2514 3297 2554; x_wconf 90' lang='lat' dir='ltr'><strong>sermone</strong></span> <span class='ocrx_word' id='word_1_522' title='bbox 3330 2513 3509 2569; x_wconf 91' lang='lat' dir='ltr'><strong>quam</strong></span> <span class='ocrx_word' id='word_1_523' title='bbox 3542 2497 3641 2569; x_wconf 89' lang='lat' dir='ltr'><strong>qui</strong></span> <span class='ocrx_word' id='word_1_524' title='bbox 3677 2497 3869 2570; x_wconf 76' lang='lat' dir='ltr'><strong>magis</strong></span> 
     </span>
    </p>
   </div>
   <div class='ocr_carea' id='block_1_71' title="bbox 2214 2588 3868 2660">
    <p class='ocr_par' dir='ltr' id='par_1_71' title="bbox 2214 2588 3868 2660">
     <span class='ocr_line' id='line_1_71' title="bbox 2214 2588 3868 2660; baseline 0.001 -18"><span class='ocrx_word' id='word_1_525' title='bbox 2214 2588 2492 2660; x_wconf 85' lang='lat' dir='ltr'><strong>preprius</strong></span> <span class='ocrx_word' id='word_1_526' title='bbox 2521 2593 2700 2651; x_wconf 86' lang='lat' dir='ltr'><strong>esset,</strong></span> <span class='ocrx_word' id='word_1_527' title='bbox 2730 2594 3011 2660; x_wconf 87' lang='lat' dir='ltr'><strong>tanquam</strong></span> <span class='ocrx_word' id='word_1_528' title='bbox 3048 2588 3317 2645; x_wconf 84' lang='lat' dir='ltr'><strong>videlicet</strong></span> <span class='ocrx_word' id='word_1_529' title='bbox 3344 2589 3530 2660; x_wconf 78' lang='lat' dir='ltr'><strong>magis</strong></span> <span class='ocrx_word' id='word_1_530' title='bbox 3562 2605 3630 2643; x_wconf 91' lang='lat' dir='ltr'><strong>eo</strong></span> <span class='ocrx_word' id='word_1_531' title='bbox 3663 2604 3868 2644; x_wconf 80' lang='lat' dir='ltr'><strong>assue-</strong></span> 
     </span>
    </p>
   </div>
   <div class='ocr_carea' id='block_1_72' title="bbox 2215 2675 3862 2749">
    <p class='ocr_par' dir='ltr' id='par_1_72' title="bbox 2215 2675 3862 2749">
     <span class='ocr_line' id='line_1_72' title="bbox 2215 2675 3862 2749; baseline -0.001 -18"><span class='ocrx_word' id='word_1_532' title='bbox 2215 2681 2342 2733; x_wconf 89' lang='lat' dir='ltr'><strong>tus:</strong></span> <span class='ocrx_word' id='word_1_533' title='bbox 2375 2681 2442 2731; x_wconf 90' lang='lat' dir='ltr'><strong>ut</strong></span> <span class='ocrx_word' id='word_1_534' title='bbox 2471 2693 2606 2733; x_wconf 92' lang='lat' dir='ltr'><strong>cum</strong></span> <span class='ocrx_word' id='word_1_535' title='bbox 2633 2676 2695 2732; x_wconf 91' lang='lat' dir='ltr'><strong>in</strong></span> <span class='ocrx_word' id='word_1_536' title='bbox 2727 2694 2835 2733; x_wconf 89' lang='lat' dir='ltr'><strong>sua</strong></span> <span class='ocrx_word' id='word_1_537' title='bbox 2869 2677 3127 2749; x_wconf 77' lang='lat' dir='ltr'><strong>t-Ipistola</strong></span> <span class='ocrx_word' id='word_1_538' title='bbox 3158 2677 3230 2732; x_wconf 90' lang='lat' dir='ltr'><strong>de</strong></span> <span class='ocrx_word' id='word_1_539' title='bbox 3262 2676 3494 2731; x_wconf 88' lang='lat' dir='ltr'><strong>Christo</strong></span> <span class='ocrx_word' id='word_1_540' title='bbox 3554 2675 3818 2748; x_wconf 87' lang='lat' dir='ltr'><strong>loquitur</strong></span> <span class='ocrx_word' id='word_1_541' title='bbox 3850 2694 3862 2730; x_wconf 89' lang='lat'><strong>:</strong></span> 
     </span>
    </p>
   </div>
   <div class='ocr_carea' id='block_1_73' title="bbox 2213 2766 3866 2840">
    <p class='ocr_par' dir='ltr' id='par_1_73' title="bbox 2213 2766 3866 2840">
     <span class='ocr_line' id='line_1_73' title="bbox 2213 2766 3866 2840; baseline -0.001 -16"><span class='ocrx_word' id='word_1_542' title='bbox 2213 2790 2242 2818; x_wconf 86' lang='lat'><strong>«</strong></span> <span class='ocrx_word' id='word_1_543' title='bbox 2274 2768 2587 2840; x_wconf 82' lang='lat' dir='ltr'><strong>Accipiens</strong></span> <span class='ocrx_word' id='word_1_544' title='bbox 2618 2768 2779 2824; x_wconf 89' lang='lat' dir='ltr'><strong>enim</strong></span> <span class='ocrx_word' id='word_1_545' title='bbox 2809 2784 2844 2823; x_wconf 88' lang='lat' dir='ltr'><strong>a</strong></span> <span class='ocrx_word' id='word_1_546' title='bbox 2869 2769 2987 2823; x_wconf 92' lang='lat' dir='ltr'><strong>Deo</strong></span> <span class='ocrx_word' id='word_1_547' title='bbox 3016 2769 3186 2823; x_wconf 89' lang='lat' dir='ltr'><strong>Patre</strong></span> <span class='ocrx_word' id='word_1_548' title='bbox 3220 2773 3573 2840; x_wconf 87' lang='lat' dir='ltr'><strong>potestatem</strong></span> <span class='ocrx_word' id='word_1_549' title='bbox 3607 2785 3743 2824; x_wconf 89' lang='lat' dir='ltr'><strong>voce</strong></span> <span class='ocrx_word' id='word_1_550' title='bbox 3791 2766 3866 2823; x_wconf 90' lang='lat' dir='ltr'><strong>ad</strong></span> 
     </span>
    </p>
   </div>
   <div class='ocr_carea' id='block_1_74' title="bbox 2212 2857 3865 2932">
    <p class='ocr_par' dir='ltr' id='par_1_74' title="bbox 2212 2857 3865 2932">
     <span class='ocr_line' id='line_1_74' title="bbox 2212 2857 3865 2932; baseline 0 -18"><span class='ocrx_word' id='word_1_551' title='bbox 2212 2873 2349 2914; x_wconf 89' lang='lat' dir='ltr'><strong>eum</strong></span> <span class='ocrx_word' id='word_1_552' title='bbox 2379 2857 2622 2931; x_wconf 87' lang='lat' dir='ltr'><strong>delapsa</strong></span> <span class='ocrx_word' id='word_1_553' title='bbox 2652 2858 2725 2914; x_wconf 90' lang='lat' dir='ltr'><strong>de</strong></span> <span class='ocrx_word' id='word_1_554' title='bbox 2755 2858 2902 2915; x_wconf 76' lang='lat' dir='ltr'><strong>ccelo</strong></span> <span class='ocrx_word' id='word_1_555' title='bbox 2929 2858 2995 2908; x_wconf 86' lang='grc'><strong>⁴⁵.</strong></span> <span class='ocrx_word' id='word_1_556' title='bbox 3033 2881 3060 2908; x_wconf 90' lang='grc'>››</span> <span class='ocrx_word' id='word_1_557' title='bbox 3116 2859 3304 2932; x_wconf 79' lang='lat' dir='ltr'><strong>Exigit</strong></span> <span class='ocrx_word' id='word_1_558' title='bbox 3363 2859 3522 2914; x_wconf 89' lang='lat' dir='ltr'><strong>enim</strong></span> <span class='ocrx_word' id='word_1_559' title='bbox 3572 2860 3865 2914; x_wconf 89' lang='lat' dir='ltr'><strong>sermonis</strong></span> 
     </span>
    </p>
   </div>
   <div class='ocr_carea' id='block_1_75' title="bbox 2211 2949 3860 3021">
    <p class='ocr_par' dir='ltr' id='par_1_75' title="bbox 2211 2949 3860 3021">
     <span class='ocr_line' id='line_1_75' title="bbox 2211 2949 3860 3021; baseline 0.001 -17"><span class='ocrx_word' id='word_1_560' title='bbox 2211 2953 2525 3004; x_wconf 84' lang='lat' dir='ltr'><strong>contextus</strong></span> <span class='ocrx_word' id='word_1_561' title='bbox 2555 2954 2623 3004; x_wconf 92' lang='lat' dir='ltr'><strong>ut</strong></span> <span class='ocrx_word' id='word_1_562' title='bbox 2656 2973 2676 2997; x_wconf 75' lang='grc' dir='ltr'><strong>ι</strong></span> <span class='ocrx_word' id='word_1_563' title='bbox 2712 2949 3024 3020; x_wconf 78' lang='lat' dir='ltr'><strong>Accipiens</strong></span> <span class='ocrx_word' id='word_1_564' title='bbox 3053 2972 3081 2998; x_wconf 88' lang='lat'><strong>»</strong></span> <span class='ocrx_word' id='word_1_565' title='bbox 3120 2965 3226 3020; x_wconf 90' lang='lat' dir='ltr'><strong>pro</strong></span> <span class='ocrx_word' id='word_1_566' title='bbox 3267 2971 3292 2999; x_wconf 75' lang='grc' dir='ltr'><strong>α</strong></span> <span class='ocrx_word' id='word_1_567' title='bbox 3313 2949 3557 3021; x_wconf 87' lang='lat' dir='ltr'><strong>Accepit</strong></span> <span class='ocrx_word' id='word_1_568' title='bbox 3591 2970 3618 2997; x_wconf 85' lang='grc'><strong>››</strong></span> <span class='ocrx_word' id='word_1_569' title='bbox 3652 2964 3860 3005; x_wconf 86' lang='lat' dir='ltr'><strong>suma-</strong></span> 
     </span>
    </p>
   </div>
   <div class='ocr_carea' id='block_1_76' title="bbox 2209 3037 3862 3109">
    <p class='ocr_par' dir='ltr' id='par_1_76' title="bbox 2209 3037 3862 3109">
     <span class='ocr_line' id='line_1_76' title="bbox 2209 3037 3862 3109; baseline 0.002 -16"><span class='ocrx_word' id='word_1_570' title='bbox 2209 3042 2326 3107; x_wconf 88' lang='lat' dir='ltr'><strong>tur,</strong></span> <span class='ocrx_word' id='word_1_571' title='bbox 2357 3043 2424 3092; x_wconf 89' lang='lat' dir='ltr'><strong>ut</strong></span> <span class='ocrx_word' id='word_1_572' title='bbox 2451 3037 2791 3094; x_wconf 87' lang='lat' dir='ltr'><strong>intellectus</strong></span> <span class='ocrx_word' id='word_1_573' title='bbox 2831 3038 3212 3109; x_wconf 86' lang='lat' dir='ltr'><strong>exprimatur.</strong></span> <span class='ocrx_word' id='word_1_574' title='bbox 3272 3039 3392 3094; x_wconf 85' lang='lat' dir='ltr'><strong>Hoc</strong></span> <span class='ocrx_word' id='word_1_575' title='bbox 3449 3037 3649 3108; x_wconf 87' lang='lat' dir='ltr'><strong>itaque</strong></span> <span class='ocrx_word' id='word_1_576' title='bbox 3681 3039 3862 3096; x_wconf 86' lang='lat' dir='ltr'><strong>etiam</strong></span> 
     </span>
    </p>
   </div>
   <div class='ocr_carea' id='block_1_77' title="bbox 2209 3127 3859 3200">
    <p class='ocr_par' dir='ltr' id='par_1_77' title="bbox 2209 3127 3859 3200">
     <span class='ocr_line' id='line_1_77' title="bbox 2209 3127 3859 3200; baseline -0.001 -16"><span class='ocrx_word' id='word_1_577' title='bbox 2209 3129 2271 3184; x_wconf 92' lang='lat' dir='ltr'><strong>in</strong></span> <span class='ocrx_word' id='word_1_578' title='bbox 2326 3127 2481 3194; x_wconf 84' lang='lat' dir='ltr'><strong>loco,</strong></span> <span class='ocrx_word' id='word_1_579' title='bbox 2541 3150 2568 3178; x_wconf 89' lang='lat'><strong>«</strong></span> <span class='ocrx_word' id='word_1_580' title='bbox 2602 3129 2787 3192; x_wconf 90' lang='lat' dir='ltr'><strong>Quem</strong></span> <span class='ocrx_word' id='word_1_581' title='bbox 2837 3133 3073 3199; x_wconf 87' lang='lat' dir='ltr'><strong>oportet</strong></span> <span class='ocrx_word' id='word_1_582' title='bbox 3113 3127 3357 3198; x_wconf 91' lang='lat' dir='ltr'><strong>suscipi.</strong></span> <span class='ocrx_word' id='word_1_583' title='bbox 3396 3150 3423 3176; x_wconf 87' lang='grc'><strong>››</strong></span> <span class='ocrx_word' id='word_1_584' title='bbox 3473 3131 3716 3198; x_wconf 90' lang='lat' dir='ltr'><strong>Oportet</strong></span> <span class='ocrx_word' id='word_1_585' title='bbox 3753 3144 3859 3200; x_wconf 90' lang='lat' dir='ltr'><strong>pro</strong></span> 
     </span>
    </p>
   </div>
   <div class='ocr_carea' id='block_1_78' title="bbox 2207 3215 3855 3290">
    <p class='ocr_par' dir='ltr' id='par_1_78' title="bbox 2207 3215 3855 3290">
     <span class='ocr_line' id='line_1_78' title="bbox 2207 3215 3855 3290; baseline -0.001 -17"><span class='ocrx_word' id='word_1_586' title='bbox 2207 3217 2528 3290; x_wconf 88' lang='lat' dir='ltr'><strong>Oportebat</strong></span> <span class='ocrx_word' id='word_1_587' title='bbox 2549 3217 2805 3288; x_wconf 89' lang='lat' dir='ltr'><strong>positum</strong></span> <span class='ocrx_word' id='word_1_588' title='bbox 2837 3221 2944 3272; x_wconf 92' lang='lat' dir='ltr'><strong>est.</strong></span> <span class='ocrx_word' id='word_1_589' title='bbox 2978 3218 3098 3272; x_wconf 80' lang='lat' dir='ltr'><strong>Aut</strong></span> <span class='ocrx_word' id='word_1_590' title='bbox 3127 3217 3412 3287; x_wconf 89' lang='lat' dir='ltr'><strong>quoniam</strong></span> <span class='ocrx_word' id='word_1_591' title='bbox 3454 3215 3584 3286; x_wconf 87' lang='lat' dir='ltr'><strong>ejus</strong></span> <span class='ocrx_word' id='word_1_592' title='bbox 3625 3215 3685 3270; x_wconf 92' lang='lat' dir='ltr'><strong>in</strong></span> <span class='ocrx_word' id='word_1_593' title='bbox 3737 3233 3855 3271; x_wconf 74' lang='lat' dir='ltr'><strong>cas-</strong></span> 
     </span>
    </p>
   </div>
   <div class='ocr_carea' id='block_1_79' title="bbox 2206 3304 3859 3378">
    <p class='ocr_par' dir='ltr' id='par_1_79' title="bbox 2206 3304 3859 3378">
     <span class='ocr_line' id='line_1_79' title="bbox 2206 3304 3859 3378; baseline -0.002 -14"><span class='ocrx_word' id='word_1_594' title='bbox 2206 3307 2330 3364; x_wconf 90' lang='lat' dir='ltr'><strong>lum</strong></span> <span class='ocrx_word' id='word_1_595' title='bbox 2378 3306 2705 3378; x_wconf 86' lang='lat' dir='ltr'><strong>assumptio</strong></span> <span class='ocrx_word' id='word_1_596' title='bbox 2762 3323 2882 3361; x_wconf 93' lang='lat' dir='ltr'><strong>non</strong></span> <span class='ocrx_word' id='word_1_597' title='bbox 2940 3306 3012 3362; x_wconf 89' lang='lat' dir='ltr'><strong>ab</strong></span> <span class='ocrx_word' id='word_1_598' title='bbox 3071 3304 3348 3361; x_wconf 88' lang='lat' dir='ltr'><strong>omnibus</strong></span> <span class='ocrx_word' id='word_1_599' title='bbox 3406 3311 3726 3376; x_wconf 85' lang='lat' dir='ltr'><strong>conspecta</strong></span> <span class='ocrx_word' id='word_1_600' title='bbox 3767 3311 3859 3361; x_wconf 93' lang='lat' dir='ltr'><strong>est</strong></span> 
     </span>
    </p>
   </div>
   <div class='ocr_carea' id='block_1_80' title="bbox 2205 3394 3857 3470">
    <p class='ocr_par' dir='ltr' id='par_1_80' title="bbox 2205 3394 3857 3470">
     <span class='ocr_line' id='line_1_80' title="bbox 2205 3394 3857 3470; baseline -0.002 -18"><span class='ocrx_word' id='word_1_601' title='bbox 2205 3396 2459 3470; x_wconf 87' lang='lat' dir='ltr'><strong>propriis</strong></span> <span class='ocrx_word' id='word_1_602' title='bbox 2491 3395 2700 3462; x_wconf 90' lang='lat' dir='ltr'><strong>oculis,</strong></span> <span class='ocrx_word' id='word_1_603' title='bbox 2735 3396 2878 3451; x_wconf 87' lang='lat' dir='ltr'><strong>sinit</strong></span> <span class='ocrx_word' id='word_1_604' title='bbox 2921 3413 3023 3451; x_wconf 90' lang='lat' dir='ltr'><strong>eos</strong></span> <span class='ocrx_word' id='word_1_605' title='bbox 3072 3395 3312 3450; x_wconf 87' lang='lat' dir='ltr'><strong>interim</strong></span> <span class='ocrx_word' id='word_1_606' title='bbox 3370 3411 3478 3450; x_wconf 90' lang='lat' dir='ltr'><strong>sua</strong></span> <span class='ocrx_word' id='word_1_607' title='bbox 3526 3394 3612 3449; x_wconf 89' lang='lat' dir='ltr'><strong>uti</strong></span> <span class='ocrx_word' id='word_1_608' title='bbox 3660 3394 3857 3466; x_wconf 84' lang='lat' dir='ltr'><strong>suspi-</strong></span> 
     </span>
    </p>
   </div>
   <div class='ocr_carea' id='block_1_81' title="bbox 2203 3484 3856 3556">
    <p class='ocr_par' dir='ltr' id='par_1_81' title="bbox 2203 3484 3856 3556">
     <span class='ocr_line' id='line_1_81' title="bbox 2203 3484 3856 3556; baseline -0.002 -13"><span class='ocrx_word' id='word_1_609' title='bbox 2203 3487 2396 3544; x_wconf 88' lang='lat' dir='ltr'><strong>cione.</strong></span> <span class='ocrx_word' id='word_1_610' title='bbox 2431 3486 2688 3542; x_wconf 88' lang='lat' dir='ltr'><strong>Dicendo</strong></span> <span class='ocrx_word' id='word_1_611' title='bbox 2721 3491 2920 3542; x_wconf 90' lang='lat' dir='ltr'><strong>tamen</strong></span> <span class='ocrx_word' id='word_1_612' title='bbox 2957 3485 3171 3541; x_wconf 75' lang='lat' dir='ltr'><strong>cmlum</strong></span> <span class='ocrx_word' id='word_1_613' title='bbox 3210 3484 3284 3540; x_wconf 90' lang='lat' dir='ltr'><strong>ad</strong></span> <span class='ocrx_word' id='word_1_614' title='bbox 3316 3485 3446 3556; x_wconf 86' lang='lat' dir='ltr'><strong>ejus</strong></span> <span class='ocrx_word' id='word_1_615' title='bbox 3477 3485 3578 3555; x_wconf 90' lang='lat' dir='ltr'><strong>qui</strong></span> <span class='ocrx_word' id='word_1_616' title='bbox 3637 3484 3856 3540; x_wconf 90' lang='lat' dir='ltr'><strong>missus</strong></span> 
     </span>
    </p>
   </div>
   <div class='ocr_carea' id='block_1_82' title="bbox 2203 3575 3855 3648">
    <p class='ocr_par' dir='ltr' id='par_1_82' title="bbox 2203 3575 3855 3648">
     <span class='ocr_line' id='line_1_82' title="bbox 2203 3575 3855 3648; baseline -0.002 -15"><span class='ocrx_word' id='word_1_617' title='bbox 2203 3583 2331 3633; x_wconf 90' lang='lat' dir='ltr'><strong>erat</strong></span> <span class='ocrx_word' id='word_1_618' title='bbox 2361 3578 2800 3648; x_wconf 86' lang='lat' dir='ltr'><strong>susceptionem</strong></span> <span class='ocrx_word' id='word_1_619' title='bbox 2834 3583 3107 3648; x_wconf 88' lang='lat' dir='ltr'><strong>paratum</strong></span> <span class='ocrx_word' id='word_1_620' title='bbox 3162 3592 3291 3631; x_wconf 90' lang='lat' dir='ltr'><strong>esse</strong></span> <span class='ocrx_word' id='word_1_621' title='bbox 3354 3576 3447 3630; x_wconf 91' lang='lat' dir='ltr'><strong>his</strong></span> <span class='ocrx_word' id='word_1_622' title='bbox 3505 3575 3606 3646; x_wconf 89' lang='lat' dir='ltr'><strong>qui</strong></span> <span class='ocrx_word' id='word_1_623' title='bbox 3638 3576 3855 3647; x_wconf 80' lang='lat' dir='ltr'><strong>vigenti</strong></span> 
     </span>
    </p>
   </div>
   <div class='ocr_carea' id='block_1_83' title="bbox 2204 3664 3852 3740">
    <p class='ocr_par' dir='ltr' id='par_1_83' title="bbox 2204 3664 3852 3740">
     <span class='ocr_line' id='line_1_83' title="bbox 2204 3664 3852 3740; baseline -0.002 -18"><span class='ocrx_word' id='word_1_624' title='bbox 2204 3667 2391 3740; x_wconf 81' lang='lat' dir='ltr'><strong>magis</strong></span> <span class='ocrx_word' id='word_1_625' title='bbox 2422 3671 2562 3721; x_wconf 87' lang='lat' dir='ltr'><strong>sunt</strong></span> <span class='ocrx_word' id='word_1_626' title='bbox 2587 3666 2826 3737; x_wconf 75' lang='lat' dir='ltr'><strong>ingenio</strong></span> <span class='ocrx_word' id='word_1_627' title='bbox 2843 3665 3273 3722; x_wconf 89' lang='lat' dir='ltr'><strong>demonstravit</strong></span> <span class='ocrx_word' id='word_1_628' title='bbox 3295 3682 3402 3738; x_wconf 93' lang='lat' dir='ltr'><strong>per</strong></span> <span class='ocrx_word' id='word_1_629' title='bbox 3423 3666 3532 3720; x_wconf 90' lang='lat' dir='ltr'><strong>hoc</strong></span> <span class='ocrx_word' id='word_1_630' title='bbox 3563 3664 3722 3736; x_wconf 90' lang='lat' dir='ltr'><strong>quod</strong></span> <span class='ocrx_word' id='word_1_631' title='bbox 3741 3665 3852 3719; x_wconf 90' lang='lat' dir='ltr'><strong>ait:</strong></span> 
     </span>
    </p>
   </div>
   <div class='ocr_carea' id='block_1_84' title="bbox 2203 3753 3857 3826">
    <p class='ocr_par' dir='ltr' id='par_1_84' title="bbox 2203 3753 3857 3826">
     <span class='ocr_line' id='line_1_84' title="bbox 2203 3753 3857 3826; baseline -0.003 -15"><span class='ocrx_word' id='word_1_632' title='bbox 2203 3757 2388 3822; x_wconf 89' lang='lat' dir='ltr'><strong>Quem</strong></span> <span class='ocrx_word' id='word_1_633' title='bbox 2421 3761 2653 3826; x_wconf 89' lang='lat' dir='ltr'><strong>oportet</strong></span> <span class='ocrx_word' id='word_1_634' title='bbox 2683 3755 2829 3810; x_wconf 63' lang='lat' dir='ltr'><strong>caelo</strong></span> <span class='ocrx_word' id='word_1_635' title='bbox 2861 3754 3103 3826; x_wconf 84' lang='lat' dir='ltr'><strong>suscipi.</strong></span> <span class='ocrx_word' id='word_1_636' title='bbox 3135 3753 3314 3826; x_wconf 88' lang='lat' dir='ltr'><strong>quod.</strong></span> <span class='ocrx_word' id='word_1_637' title='bbox 3375 3769 3506 3809; x_wconf 92' lang='lat' dir='ltr'><strong>cum</strong></span> <span class='ocrx_word' id='word_1_638' title='bbox 3566 3753 3748 3808; x_wconf 88' lang='lat' dir='ltr'><strong>Filius</strong></span> <span class='ocrx_word' id='word_1_639' title='bbox 3782 3753 3857 3808; x_wconf 90' lang='lat' dir='ltr'><strong>sit</strong></span> 
     </span>
    </p>
   </div>
   <div class='ocr_carea' id='block_1_85' title="bbox 2204 3844 3856 3914">
    <p class='ocr_par' dir='ltr' id='par_1_85' title="bbox 2204 3844 3856 3914">
     <span class='ocr_line' id='line_1_85' title="bbox 2204 3844 3856 3914; baseline -0.001 -14"><span class='ocrx_word' id='word_1_640' title='bbox 2204 3850 2264 3900; x_wconf 92' lang='lat' dir='ltr'><strong>et</strong></span> <span class='ocrx_word' id='word_1_641' title='bbox 2292 3850 2626 3900; x_wconf 71' lang='lat' dir='ltr'><strong>comternus</strong></span> <span class='ocrx_word' id='word_1_642' title='bbox 2657 3845 2776 3898; x_wconf 92' lang='lat' dir='ltr'><strong>Deo</strong></span> <span class='ocrx_word' id='word_1_643' title='bbox 2811 3845 2968 3898; x_wconf 87' lang='lat' dir='ltr'><strong>Patri</strong></span> <span class='ocrx_word' id='word_1_644' title='bbox 3026 3850 3085 3898; x_wconf 92' lang='lat' dir='ltr'><strong>et</strong></span> <span class='ocrx_word' id='word_1_645' title='bbox 3113 3861 3148 3900; x_wconf 88' lang='lat' dir='ltr'><strong>a</strong></span> <span class='ocrx_word' id='word_1_646' title='bbox 3182 3849 3348 3899; x_wconf 87' lang='lat' dir='ltr'><strong>Patre</strong></span> <span class='ocrx_word' id='word_1_647' title='bbox 3401 3844 3640 3909; x_wconf 91' lang='lat' dir='ltr'><strong>missus,</strong></span> <span class='ocrx_word' id='word_1_648' title='bbox 3675 3860 3708 3897; x_wconf 89' lang='lat' dir='ltr'><strong>a</strong></span> <span class='ocrx_word' id='word_1_649' title='bbox 3739 3860 3856 3914; x_wconf 91' lang='lat' dir='ltr'><strong>quo</strong></span> 
     </span>
    </p>
   </div>
   <div class='ocr_carea' id='block_1_86' title="bbox 2201 3932 3854 4002">
    <p class='ocr_par' dir='ltr' id='par_1_86' title="bbox 2201 3932 3854 4002">
     <span class='ocr_line' id='line_1_86' title="bbox 2201 3932 3854 4002; baseline -0.002 -12"><span class='ocrx_word' id='word_1_650' title='bbox 2201 3940 2269 3991; x_wconf 90' lang='lat' dir='ltr'><strong>ut</strong></span> <span class='ocrx_word' id='word_1_651' title='bbox 2299 3933 2591 3989; x_wconf 88' lang='lat' dir='ltr'><strong>mediator</strong></span> <span class='ocrx_word' id='word_1_652' title='bbox 2623 3938 2682 3988; x_wconf 92' lang='lat' dir='ltr'><strong>et</strong></span> <span class='ocrx_word' id='word_1_653' title='bbox 2737 3933 2960 3988; x_wconf 89' lang='lat' dir='ltr'><strong>arbiter</strong></span> <span class='ocrx_word' id='word_1_654' title='bbox 3012 3932 3370 3988; x_wconf 88' lang='lat' dir='ltr'><strong>constitutus</strong></span> <span class='ocrx_word' id='word_1_655' title='bbox 3428 3937 3537 3995; x_wconf 89' lang='lat' dir='ltr'><strong>est,</strong></span> <span class='ocrx_word' id='word_1_656' title='bbox 3571 3939 3854 4002; x_wconf 87' lang='lat' dir='ltr'><strong>tanquam</strong></span> 
     </span>
    </p>
   </div>
   <div class='ocr_carea' id='block_1_87' title="bbox 2202 4020 3854 4095">
    <p class='ocr_par' dir='ltr' id='par_1_87' title="bbox 2202 4020 3854 4095">
     <span class='ocr_line' id='line_1_87' title="bbox 2202 4020 3854 4095; baseline -0.002 -16"><span class='ocrx_word' id='word_1_657' title='bbox 2202 4023 2393 4080; x_wconf 90' lang='lat' dir='ltr'><strong>Patris</strong></span> <span class='ocrx_word' id='word_1_658' title='bbox 2419 4022 2602 4078; x_wconf 89' lang='lat' dir='ltr'><strong>Filius</strong></span> <span class='ocrx_word' id='word_1_659' title='bbox 2637 4028 2696 4077; x_wconf 91' lang='lat' dir='ltr'><strong>et</strong></span> <span class='ocrx_word' id='word_1_660' title='bbox 2744 4021 3116 4095; x_wconf 82' lang='lat' dir='ltr'><strong>Unigenitus,</strong></span> <span class='ocrx_word' id='word_1_661' title='bbox 3177 4021 3354 4076; x_wconf 89' lang='lat' dir='ltr'><strong>etiam</strong></span> <span class='ocrx_word' id='word_1_662' title='bbox 3414 4020 3748 4084; x_wconf 84' lang='lat' dir='ltr'><strong>indubitate</strong></span> <span class='ocrx_word' id='word_1_663' title='bbox 3780 4021 3854 4076; x_wconf 89' lang='lat' dir='ltr'><strong>ad</strong></span> 
     </span>
    </p>
   </div>
   <div class='ocr_carea' id='block_1_88' title="bbox 2201 4108 3852 4183">
    <p class='ocr_par' dir='ltr' id='par_1_88' title="bbox 2201 4108 3852 4183">
     <span class='ocr_line' id='line_1_88' title="bbox 2201 4108 3852 4183; baseline -0.004 -12"><span class='ocrx_word' id='word_1_664' title='bbox 2201 4114 2414 4171; x_wconf 67' lang='lat' dir='ltr'><strong>caelum</strong></span> <span class='ocrx_word' id='word_1_665' title='bbox 2508 4112 2748 4169; x_wconf 88' lang='lat' dir='ltr'><strong>redeat:</strong></span> <span class='ocrx_word' id='word_1_666' title='bbox 2837 4117 2903 4166; x_wconf 88' lang='lat' dir='ltr'><strong>ut</strong></span> <span class='ocrx_word' id='word_1_667' title='bbox 2960 4112 3061 4183; x_wconf 90' lang='lat' dir='ltr'><strong>qui</strong></span> <span class='ocrx_word' id='word_1_668' title='bbox 3123 4127 3192 4166; x_wconf 89' lang='lat' dir='ltr'><strong>ex</strong></span> <span class='ocrx_word' id='word_1_669' title='bbox 3237 4109 3384 4166; x_wconf 71' lang='lat' dir='ltr'><strong>ccelo</strong></span> <span class='ocrx_word' id='word_1_670' title='bbox 3440 4108 3852 4178; x_wconf 87' lang='lat' dir='ltr'><strong>descenderat,</strong></span> 
     </span>
    </p>
   </div>
   <div class='ocr_carea' id='block_1_89' title="bbox 2199 4199 3855 4276">
    <p class='ocr_par' dir='ltr' id='par_1_89' title="bbox 2199 4199 3855 4276">
     <span class='ocr_line' id='line_1_89' title="bbox 2199 4199 3855 4276; baseline -0.004 -16"><span class='ocrx_word' id='word_1_671' title='bbox 2199 4219 2561 4276; x_wconf 85' lang='lat' dir='ltr'><strong>rursumque</strong></span> <span class='ocrx_word' id='word_1_672' title='bbox 2619 4203 2681 4258; x_wconf 90' lang='lat' dir='ltr'><strong>in</strong></span> <span class='ocrx_word' id='word_1_673' title='bbox 2722 4207 3002 4274; x_wconf 87' lang='lat' dir='ltr'><strong>paternas</strong></span> <span class='ocrx_word' id='word_1_674' title='bbox 3056 4201 3214 4257; x_wconf 69' lang='lat' dir='ltr'><strong>mdes</strong></span> <span class='ocrx_word' id='word_1_675' title='bbox 3273 4200 3440 4255; x_wconf 90' lang='lat' dir='ltr'><strong>nullo</strong></span> <span class='ocrx_word' id='word_1_676' title='bbox 3499 4199 3855 4272; x_wconf 85' lang='lat' dir='ltr'><strong>prohibente</strong></span> 
     </span>
    </p>
   </div>
   <div class='ocr_carea' id='block_1_90' title="bbox 2199 4289 3854 4366">
    <p class='ocr_par' dir='ltr' id='par_1_90' title="bbox 2199 4289 3854 4366">
     <span class='ocr_line' id='line_1_90' title="bbox 2199 4289 3854 4366; baseline -0.002 -16"><span class='ocrx_word' id='word_1_677' title='bbox 2199 4295 2581 4366; x_wconf 86' lang='lat' dir='ltr'><strong>suscipiatur.</strong></span> <span class='ocrx_word' id='word_1_678' title='bbox 2625 4299 2682 4348; x_wconf 91' lang='lat' dir='ltr'><strong>et</strong></span> <span class='ocrx_word' id='word_1_679' title='bbox 2704 4293 2926 4348; x_wconf 88' lang='lat' dir='ltr'><strong>ibidem</strong></span> <span class='ocrx_word' id='word_1_680' title='bbox 2957 4292 3114 4348; x_wconf 90' lang='lat' dir='ltr'><strong>unde</strong></span> <span class='ocrx_word' id='word_1_681' title='bbox 3137 4295 3310 4362; x_wconf 85' lang='lat' dir='ltr'><strong>juxta</strong></span> <span class='ocrx_word' id='word_1_682' title='bbox 3339 4289 3854 4363; x_wconf 79' lang='lat' dir='ltr'><strong>dispensationem</strong></span> 
     </span>
    </p>
   </div>
   <div class='ocr_carea' id='block_1_91' title="bbox 2199 4378 3852 4443">
    <p class='ocr_par' dir='ltr' id='par_1_91' title="bbox 2199 4378 3852 4443">
     <span class='ocr_line' id='line_1_91' title="bbox 2199 4378 3852 4443; baseline -0.005 -2"><span class='ocrx_word' id='word_1_683' title='bbox 2199 4383 2275 4443; x_wconf 88' lang='lat' dir='ltr'><strong>ad</strong></span> <span class='ocrx_word' id='word_1_684' title='bbox 2305 4384 2434 4439; x_wconf 84' lang='lat' dir='ltr'><strong>haec</strong></span> <span class='ocrx_word' id='word_1_685' title='bbox 2490 4381 2741 4437; x_wconf 82' lang='lat' dir='ltr'><strong>inferior</strong></span> <span class='ocrx_word' id='word_1_686' title='bbox 2795 4387 3055 4443; x_wconf 87' lang='lat' dir='ltr'><strong>venerat,</strong></span> <span class='ocrx_word' id='word_1_687' title='bbox 3107 4381 3322 4435; x_wconf 88' lang='lat' dir='ltr'><strong>iterum</strong></span> <span class='ocrx_word' id='word_1_688' title='bbox 3380 4380 3442 4436; x_wconf 91' lang='lat' dir='ltr'><strong>in</strong></span> <span class='ocrx_word' id='word_1_689' title='bbox 3500 4378 3639 4434; x_wconf 89' lang='lat' dir='ltr'><strong>sede</strong></span> <span class='ocrx_word' id='word_1_690' title='bbox 3671 4378 3852 4434; x_wconf 87' lang='lat' dir='ltr'><strong>collo-</strong></span> 
     </span>
    </p>
   </div>
   <div class='ocr_carea' id='block_1_92' title="bbox 2199 4471 3850 4541">
    <p class='ocr_par' dir='ltr' id='par_1_92' title="bbox 2199 4471 3850 4541">
     <span class='ocr_line' id='line_1_92' title="bbox 2199 4471 3850 4541; baseline -0.005 -10"><span class='ocrx_word' id='word_1_691' title='bbox 2199 4479 2410 4532; x_wconf 87' lang='lat' dir='ltr'><strong>cetur:</strong></span> <span class='ocrx_word' id='word_1_692' title='bbox 2471 4479 2537 4530; x_wconf 90' lang='lat' dir='ltr'><strong>ut</strong></span> <span class='ocrx_word' id='word_1_693' title='bbox 2582 4472 2758 4528; x_wconf 76' lang='lat' dir='ltr'><strong>Filius</strong></span> <span class='ocrx_word' id='word_1_694' title='bbox 2813 4489 2882 4529; x_wconf 88' lang='lat' dir='ltr'><strong>ac</strong></span> <span class='ocrx_word' id='word_1_695' title='bbox 2937 4471 3165 4528; x_wconf 74' lang='lat' dir='ltr'><strong>caelestis</strong></span> <span class='ocrx_word' id='word_1_696' title='bbox 3211 4471 3618 4534; x_wconf 76' lang='lat' dir='ltr'><strong>conﬁrmetur,</strong></span> <span class='ocrx_word' id='word_1_697' title='bbox 3669 4475 3850 4541; x_wconf 88' lang='lat' dir='ltr'><strong>utque</strong></span> 
     </span>
    </p>
   </div>
   <div class='ocr_carea' id='block_1_93' title="bbox 2197 4556 3852 4632">
    <p class='ocr_par' dir='ltr' id='par_1_93' title="bbox 2197 4556 3852 4632">
     <span class='ocr_line' id='line_1_93' title="bbox 2197 4556 3852 4632; baseline -0.004 -12"><span class='ocrx_word' id='word_1_698' title='bbox 2197 4563 2645 4620; x_wconf 90' lang='lat' dir='ltr'><strong>demonstretur</strong></span> <span class='ocrx_word' id='word_1_699' title='bbox 2675 4561 2952 4618; x_wconf 90' lang='lat' dir='ltr'><strong>eumdem</strong></span> <span class='ocrx_word' id='word_1_700' title='bbox 2985 4578 3220 4617; x_wconf 89' lang='lat' dir='ltr'><strong>rursum</strong></span> <span class='ocrx_word' id='word_1_701' title='bbox 3247 4566 3532 4632; x_wconf 88' lang='lat' dir='ltr'><strong>tanquam</strong></span> <span class='ocrx_word' id='word_1_702' title='bbox 3565 4556 3852 4632; x_wconf 88' lang='lat' dir='ltr'><strong>approba-</strong></span> 
     </span>
    </p>
   </div>
   <div class='ocr_carea' id='block_1_94' title="bbox 2198 4649 3847 4711">
    <p class='ocr_par' dir='ltr' id='par_1_94' title="bbox 2198 4649 3847 4711">
     <span class='ocr_line' id='line_1_94' title="bbox 2198 4649 3847 4711; baseline -0.005 0"><span class='ocrx_word' id='word_1_703' title='bbox 2198 4660 2324 4711; x_wconf 93' lang='lat' dir='ltr'><strong>tum</strong></span> <span class='ocrx_word' id='word_1_704' title='bbox 2357 4671 2392 4710; x_wconf 90' lang='lat' dir='ltr'><strong>a</strong></span> <span class='ocrx_word' id='word_1_705' title='bbox 2414 4654 2562 4710; x_wconf 70' lang='lat' dir='ltr'><strong>caalo</strong></span> <span class='ocrx_word' id='word_1_706' title='bbox 2592 4660 2926 4710; x_wconf 88' lang='lat' dir='ltr'><strong>venturum.</strong></span> <span class='ocrx_word' id='word_1_707' title='bbox 2985 4655 3279 4708; x_wconf 65' lang='lat' dir='ltr'><strong>Prseterea</strong></span> <span class='ocrx_word' id='word_1_708' title='bbox 3336 4658 3398 4706; x_wconf 89' lang='lat' dir='ltr'><strong>ut</strong></span> <span class='ocrx_word' id='word_1_709' title='bbox 3429 4651 3555 4707; x_wconf 68' lang='lat' dir='ltr'><strong>haec</strong></span> <span class='ocrx_word' id='word_1_710' title='bbox 3585 4649 3847 4706; x_wconf 78' lang='lat' dir='ltr'><strong>manife-</strong></span> 
     </span>
    </p>
   </div>
   <div class='ocr_carea' id='block_1_95' title="bbox 421 4728 2097 4820">
    <p class='ocr_par' dir='ltr' id='par_1_95' title="bbox 421 4728 2086 4820">
     <span class='ocr_line' id='line_1_95' title="bbox 421 4728 2086 4820; baseline 0.002 -23"><span class='ocrx_word' id='word_1_711' title='bbox 421 4745 551 4818; x_wconf 72' lang='grc' dir='ltr'>ψας.</span> <span class='ocrx_word' id='word_1_712' title='bbox 587 4740 752 4798; x_wconf 68' lang='grc' dir='ltr'>πάλιν</span> <span class='ocrx_word' id='word_1_713' title='bbox 782 4742 978 4804; x_wconf 76' lang='grc' dir='ltr'>αὐτοὺς</span> <span class='ocrx_word' id='word_1_714' title='bbox 1007 4743 1355 4820; x_wconf 80' lang='grc' dir='ltr'>ψυχαγωγεῖ,</span> <span class='ocrx_word' id='word_1_715' title='bbox 1374 4728 1465 4804; x_wconf 57' lang='grc' dir='ltr'><strong>⁷ὡς</strong></span> <span class='ocrx_word' id='word_1_716' title='bbox 1495 4741 1651 4805; x_wconf 65' lang='grc' dir='ltr'>υἱοὺς</span> <span class='ocrx_word' id='word_1_717' title='bbox 1682 4743 2086 4817; x_wconf 71' lang='grc' dir='ltr'>γενησομένους</span> 
     </span>
    </p>
   </div>
   <div class='ocr_carea' id='block_1_96' title="bbox 2209 4728 3847 4820">
    <p class='ocr_par' dir='ltr' id='par_1_96' title="bbox 2209 4737 3847 4812">
     <span class='ocr_line' id='line_1_96' title="bbox 2209 4737 3847 4812; baseline -0.005 -11"><span class='ocrx_word' id='word_1_718' title='bbox 2209 4744 2346 4802; x_wconf 75' lang='lat' dir='ltr'><strong>itius</strong></span> <span class='ocrx_word' id='word_1_719' title='bbox 2377 4750 2520 4798; x_wconf 88' lang='lat' dir='ltr'><strong>nota</strong></span> <span class='ocrx_word' id='word_1_720' title='bbox 2557 4742 2697 4806; x_wconf 88' lang='lat' dir='ltr'><strong>sint.</strong></span> <span class='ocrx_word' id='word_1_721' title='bbox 2732 4743 2805 4798; x_wconf 93' lang='lat' dir='ltr'><strong>ad</strong></span> <span class='ocrx_word' id='word_1_722' title='bbox 2860 4744 3058 4797; x_wconf 84' lang='lat' dir='ltr'><strong>Mosen</strong></span> <span class='ocrx_word' id='word_1_723' title='bbox 3089 4758 3158 4798; x_wconf 85' lang='lat' dir='ltr'><strong>ac</strong></span> <span class='ocrx_word' id='word_1_724' title='bbox 3209 4740 3526 4812; x_wconf 82' lang='lat' dir='ltr'><strong>prephetas</strong></span> <span class='ocrx_word' id='word_1_725' title='bbox 3577 4737 3847 4794; x_wconf 87' lang='lat' dir='ltr'><strong>remittit.</strong></span> 
     </span>
    </p>
   </div>
   <div class='ocr_carea' id='block_1_97' title="bbox 421 4831 2079 4912">
    <p class='ocr_par' dir='ltr' id='par_1_97' title="bbox 421 4831 2079 4912">
     <span class='ocr_line' id='line_1_97' title="bbox 421 4831 2079 4912; baseline 0.002 -25"><span class='ocrx_word' id='word_1_726' title='bbox 421 4831 734 4902; x_wconf 79' lang='grc' dir='ltr'>κατηκόους</span> <span class='ocrx_word' id='word_1_727' title='bbox 788 4836 898 4887; x_wconf 85' lang='grc' dir='ltr'><strong>τῶν</strong></span> <span class='ocrx_word' id='word_1_728' title='bbox 964 4836 1260 4912; x_wconf 73' lang='grc' dir='ltr'>προφητῶν</span> <span class='ocrx_word' id='word_1_729' title='bbox 1327 4832 1714 4902; x_wconf 67' lang='grc' dir='ltr'>καταστάντας,</span> <span class='ocrx_word' id='word_1_730' title='bbox 1773 4833 1948 4890; x_wconf 77' lang='grc' dir='ltr'>εἶκαὶ</span> <span class='ocrx_word' id='word_1_731' title='bbox 2004 4839 2079 4909; x_wconf 85' lang='grc' dir='ltr'>μή</span> 
     </span>
    </p>
   </div>
   <div class='ocr_carea' id='block_1_98' title="bbox 425 4918 2081 5002">
    <p class='ocr_par' dir='ltr' id='par_1_98' title="bbox 425 4918 2081 5002">
     <span class='ocr_line' id='line_1_98' title="bbox 425 4918 2081 5002; baseline 0.002 -26"><span class='ocrx_word' id='word_1_732' title='bbox 425 4923 609 5002; x_wconf 68' lang='grc' dir='ltr'>φύσει,</span> <span class='ocrx_word' id='word_1_733' title='bbox 642 4921 789 4977; x_wconf 73' lang='grc' dir='ltr'>ἀλλὰ</span> <span class='ocrx_word' id='word_1_734' title='bbox 819 4923 1006 4998; x_wconf 71' lang='grc' dir='ltr'>χάριτι</span> <span class='ocrx_word' id='word_1_735' title='bbox 1038 4918 1130 4977; x_wconf 76' lang='grc' dir='ltr'><strong>διὰ</strong></span> <span class='ocrx_word' id='word_1_736' title='bbox 1182 4922 1284 4990; x_wconf 77' lang='grc' dir='ltr'><strong>τήν</strong></span> <span class='ocrx_word' id='word_1_737' title='bbox 1345 4919 1768 4996; x_wconf 81' lang='grc' dir='ltr'>μεγαλοδωρεάν</span> <span class='ocrx_word' id='word_1_738' title='bbox 1796 4927 1894 4980; x_wconf 88' lang='grc' dir='ltr'><strong>τοῦ</strong></span> <span class='ocrx_word' id='word_1_739' title='bbox 1942 4945 2081 4996; x_wconf 86' lang='grc' dir='ltr'>παρ-</span> 
     </span>
    </p>
   </div>
   <div class='ocr_carea' id='block_1_99' title="bbox 431 5003 2081 5090">
    <p class='ocr_par' dir='ltr' id='par_1_99' title="bbox 431 5003 2081 5090">
     <span class='ocr_line' id='line_1_99' title="bbox 431 5003 2081 5090; baseline 0.002 -24"><span class='ocrx_word' id='word_1_740' title='bbox 431 5012 685 5090; x_wconf 67' lang='grc' dir='ltr'>εχοντος.</span> <span class='ocrx_word' id='word_1_741' title='bbox 718 5010 878 5086; x_wconf 82' lang='grc' dir='ltr'>Ἔχει</span> <span class='ocrx_word' id='word_1_742' title='bbox 904 5008 1008 5086; x_wconf 87' lang='grc' dir='ltr'><strong>γάρ</strong></span> <span class='ocrx_word' id='word_1_743' title='bbox 1065 5003 1167 5066; x_wconf 66' lang='grc' dir='ltr'>καῖ</span> <span class='ocrx_word' id='word_1_744' title='bbox 1213 5009 1366 5088; x_wconf 76' lang='grc' dir='ltr'>φύσει</span> <span class='ocrx_word' id='word_1_745' title='bbox 1425 5010 1573 5066; x_wconf 70' lang='grc' dir='ltr'>Υῖόν.</span> <span class='ocrx_word' id='word_1_746' title='bbox 1609 5010 1760 5066; x_wconf 78' lang='grc' dir='ltr'>Πολὺ</span> <span class='ocrx_word' id='word_1_747' title='bbox 1789 5010 1848 5068; x_wconf 82' lang='grc' dir='ltr'>δὶ</span> <span class='ocrx_word' id='word_1_748' title='bbox 1869 5012 1934 5068; x_wconf 78' lang='grc' dir='ltr'><strong>τὸ</strong></span> <span class='ocrx_word' id='word_1_749' title='bbox 1964 5009 2081 5069; x_wconf 71' lang='grc' dir='ltr'>διά-</span> 
     </span>
    </p>
   </div>
   <div class='ocr_carea' id='block_1_100' title="bbox 423 5097 2083 5179">
    <p class='ocr_par' dir='ltr' id='par_1_100' title="bbox 423 5097 2083 5179">
     <span class='ocr_line' id='line_1_100' title="bbox 423 5097 2083 5179; baseline 0 -22"><span class='ocrx_word' id='word_1_750' title='bbox 423 5121 599 5179; x_wconf 81' lang='grc' dir='ltr'>φορον</span> <span class='ocrx_word' id='word_1_751' title='bbox 627 5102 724 5155; x_wconf 83' lang='grc' dir='ltr'><strong>τοῦ</strong></span> <span class='ocrx_word' id='word_1_752' title='bbox 775 5097 931 5174; x_wconf 75' lang='grc' dir='ltr'>φύσει</span> <span class='ocrx_word' id='word_1_753' title='bbox 988 5099 1128 5166; x_wconf 86' lang='grc' dir='ltr'>πρὸς</span> <span class='ocrx_word' id='word_1_754' title='bbox 1179 5097 1311 5161; x_wconf 75' lang='grc' dir='ltr'>τοὺς</span> <span class='ocrx_word' id='word_1_755' title='bbox 1360 5099 1523 5163; x_wconf 76' lang='grc' dir='ltr'>θὲσει.</span> <span class='ocrx_word' id='word_1_756' title='bbox 1578 5099 1646 5158; x_wconf 79' lang='grc' dir='ltr'><strong>Οἱ</strong></span> <span class='ocrx_word' id='word_1_757' title='bbox 1708 5100 1803 5174; x_wconf 81' lang='grc' dir='ltr'>μὶν</span> <span class='ocrx_word' id='word_1_758' title='bbox 1861 5101 1965 5176; x_wconf 70' lang='grc' dir='ltr'><strong>γὰρ</strong></span> <span class='ocrx_word' id='word_1_759' title='bbox 1993 5099 2083 5157; x_wconf 81' lang='grc' dir='ltr'><strong>διὰ</strong></span> 
     </span>
    </p>
   </div>
   <div class='ocr_carea' id='block_1_101' title="bbox 419 5191 2080 5270">
    <p class='ocr_par' dir='ltr' id='par_1_101' title="bbox 419 5191 2080 5270">
     <span class='ocr_line' id='line_1_101' title="bbox 419 5191 2080 5270; baseline 0.001 -23"><span class='ocrx_word' id='word_1_760' title='bbox 419 5199 526 5262; x_wconf 81' lang='grc' dir='ltr'><strong>τῆς</strong></span> <span class='ocrx_word' id='word_1_761' title='bbox 557 5196 669 5247; x_wconf 90' lang='grc' dir='ltr'><strong>τῶν</strong></span> <span class='ocrx_word' id='word_1_762' title='bbox 727 5194 1026 5270; x_wconf 74' lang='grc' dir='ltr'>προφητῶν</span> <span class='ocrx_word' id='word_1_763' title='bbox 1085 5197 1460 5263; x_wconf 83' lang='grc' dir='ltr'>πνευματικῆς</span> <span class='ocrx_word' id='word_1_764' title='bbox 1517 5191 1912 5263; x_wconf 74' lang='grc' dir='ltr'>υἱοθετήθησαν</span> <span class='ocrx_word' id='word_1_765' title='bbox 1948 5213 2080 5249; x_wconf 85' lang='grc' dir='ltr'>παι·-</span> 
     </span>
    </p>
   </div>
   <div class='ocr_carea' id='block_1_102' title="bbox 423 5278 2080 5360">
    <p class='ocr_par' dir='ltr' id='par_1_102' title="bbox 423 5278 2080 5360">
     <span class='ocr_line' id='line_1_102' title="bbox 423 5278 2080 5360; baseline 0.001 -22"><span class='ocrx_word' id='word_1_766' title='bbox 423 5280 601 5352; x_wconf 86' lang='grc' dir='ltr'>δείας,</span> <span class='ocrx_word' id='word_1_767' title='bbox 631 5281 662 5336; x_wconf 81' lang='grc' dir='ltr'>ὁ</span> <span class='ocrx_word' id='word_1_768' title='bbox 692 5278 750 5337; x_wconf 77' lang='grc' dir='ltr'>δὶ</span> <span class='ocrx_word' id='word_1_769' title='bbox 775 5286 976 5360; x_wconf 75' lang='grc' dir='ltr'>φυσικῆ</span> <span class='ocrx_word' id='word_1_770' title='bbox 1010 5281 1195 5355; x_wconf 69' lang='grc' dir='ltr'>σχίσει</span> <span class='ocrx_word' id='word_1_771' title='bbox 1237 5286 1628 5355; x_wconf 86' lang='grc' dir='ltr'>κατευμεγεθεῖ</span> <span class='ocrx_word' id='word_1_772' title='bbox 1673 5282 1776 5350; x_wconf 75' lang='grc' dir='ltr'><strong>τήν</strong></span> <span class='ocrx_word' id='word_1_773' title='bbox 1829 5282 2080 5352; x_wconf 76' lang='grc' dir='ltr'>υἱότητα.</span> 
     </span>
    </p>
   </div>
   <div class='ocr_carea' id='block_1_103' title="bbox 413 5369 2078 5447">
    <p class='ocr_par' dir='ltr' id='par_1_103' title="bbox 413 5369 2078 5447">
     <span class='ocr_line' id='line_1_103' title="bbox 413 5369 2078 5447; baseline -0.001 -18"><span class='ocrx_word' id='word_1_774' title='bbox 413 5370 774 5437; x_wconf 83' lang='grc' dir='ltr'>-”Δλλως·</span> <span class='ocrx_word' id='word_1_775' title='bbox 807 5372 901 5441; x_wconf 81' lang='grc' dir='ltr'><strong>Τὸ,</strong></span> <span class='ocrx_word' id='word_1_776' title='bbox 956 5374 1114 5431; x_wconf 82' lang='grc' dir='ltr'><strong>‹‹”Ον</strong></span> <span class='ocrx_word' id='word_1_777' title='bbox 1178 5369 1262 5427; x_wconf 84' lang='grc' dir='ltr'><strong>δεῖ</strong></span> <span class='ocrx_word' id='word_1_778' title='bbox 1317 5369 1544 5447; x_wconf 75' lang='grc' dir='ltr'>οὐρανὸν</span> <span class='ocrx_word' id='word_1_779' title='bbox 1603 5372 1698 5447; x_wconf 69' lang='grc' dir='ltr'>μὶν</span> <span class='ocrx_word' id='word_1_780' title='bbox 1751 5370 2018 5445; x_wconf 72' lang='grc' dir='ltr'>δέξασθαι,</span> <span class='ocrx_word' id='word_1_781' title='bbox 2054 5395 2078 5427; x_wconf 72' lang='grc' dir='ltr'><strong><em>ι</em></strong></span> 
     </span>
    </p>
   </div>
   <div class='ocr_carea' id='block_1_104' title="bbox 405 5459 2079 5538">
    <p class='ocr_par' dir='ltr' id='par_1_104' title="bbox 405 5459 2079 5538">
     <span class='ocr_line' id='line_1_104' title="bbox 405 5459 2079 5538; baseline 0 -18"><span class='ocrx_word' id='word_1_782' title='bbox 405 5465 646 5529; x_wconf 73' lang='grc' dir='ltr'>τέθειται</span> <span class='ocrx_word' id='word_1_783' title='bbox 707 5463 822 5518; x_wconf 82' lang='grc' dir='ltr'>ἀντὶ</span> <span class='ocrx_word' id='word_1_784' title='bbox 882 5465 1004 5528; x_wconf 86' lang='grc' dir='ltr'>τοῦ,</span> <span class='ocrx_word' id='word_1_785' title='bbox 1097 5463 1332 5538; x_wconf 74' lang='grc' dir='ltr'>Ἀνάγκη</span> <span class='ocrx_word' id='word_1_786' title='bbox 1421 5460 1532 5517; x_wconf 70' lang='grc' dir='ltr'>ἐστὶ</span> <span class='ocrx_word' id='word_1_787' title='bbox 1587 5459 1837 5536; x_wconf 67' lang='grc' dir='ltr'>δέξασθαι</span> <span class='ocrx_word' id='word_1_788' title='bbox 1893 5463 2079 5532; x_wconf 77' lang='grc' dir='ltr'>αὐτὸν,</span> 
     </span>
    </p>
   </div>
   <div class='ocr_carea' id='block_1_105' title="bbox 411 5547 2083 5628">
    <p class='ocr_par' dir='ltr' id='par_1_105' title="bbox 411 5547 2083 5628">
     <span class='ocr_line' id='line_1_105' title="bbox 411 5547 2083 5628; baseline -0.001 -17"><span class='ocrx_word' id='word_1_789' title='bbox 411 5555 506 5611; x_wconf 77' lang='grc' dir='ltr'>ἆτε</span> <span class='ocrx_word' id='word_1_790' title='bbox 569 5550 635 5623; x_wconf 77' lang='grc' dir='ltr'>δὴ</span> <span class='ocrx_word' id='word_1_791' title='bbox 695 5553 826 5610; x_wconf 84' lang='grc' dir='ltr'>Θεὸν</span> <span class='ocrx_word' id='word_1_792' title='bbox 889 5553 1228 5628; x_wconf 68' lang='grc' dir='ltr'>ὑπάρχωτα.</span> <span class='ocrx_word' id='word_1_793' title='bbox 1291 5556 1416 5614; x_wconf 84' lang='grc' dir='ltr'>Πῶς</span> <span class='ocrx_word' id='word_1_794' title='bbox 1473 5552 1564 5607; x_wconf 81' lang='grc' dir='ltr'><strong>οῦν</strong></span> <span class='ocrx_word' id='word_1_795' title='bbox 1605 5547 1719 5608; x_wconf 72' lang='grc' dir='ltr'>ὀὐκ</span> <span class='ocrx_word' id='word_1_796' title='bbox 1765 5554 1931 5609; x_wconf 80' lang='grc' dir='ltr'>εἶπεν·</span> <span class='ocrx_word' id='word_1_797' title='bbox 1988 5555 2083 5609; x_wconf 69' lang='lat' dir='ltr'><strong>&quot;Ov</strong></span> 
     </span>
    </p>
   </div>
   <div class='ocr_carea' id='block_1_106' title="bbox 412 5640 2080 5721">
    <p class='ocr_par' dir='ltr' id='par_1_106' title="bbox 412 5640 2080 5721">
     <span class='ocr_line' id='line_1_106' title="bbox 412 5640 2080 5721; baseline -0.001 -21"><span class='ocrx_word' id='word_1_798' title='bbox 412 5643 647 5721; x_wconf 79' lang='grc' dir='ltr'>οὗρανὸς</span> <span class='ocrx_word' id='word_1_799' title='bbox 669 5641 942 5714; x_wconf 64' lang='grc' dir='ltr'>ἑδέξατος</span> <span class='ocrx_word' id='word_1_800' title='bbox 992 5643 1171 5700; x_wconf 84' lang='grc' dir='ltr'>Τοῦτο</span> <span class='ocrx_word' id='word_1_801' title='bbox 1228 5641 1304 5704; x_wconf 78' lang='grc' dir='ltr'><strong>ὡς</strong></span> <span class='ocrx_word' id='word_1_802' title='bbox 1354 5640 1481 5716; x_wconf 82' lang='grc' dir='ltr'>περὶ</span> <span class='ocrx_word' id='word_1_803' title='bbox 1537 5646 1650 5699; x_wconf 73' lang='grc' dir='ltr'>’τῶν</span> <span class='ocrx_word' id='word_1_804' title='bbox 1703 5642 1816 5698; x_wconf 79' lang='grc' dir='ltr'>ἂνω</span> <span class='ocrx_word' id='word_1_805' title='bbox 1861 5643 2080 5718; x_wconf 84' lang='grc' dir='ltr'>χρόνων</span> 
     </span>
    </p>
   </div>
   <div class='ocr_carea' id='block_1_107' title="bbox 2191 4827 3846 4904">
    <p class='ocr_par' dir='ltr' id='par_1_107' title="bbox 2191 4827 3846 4904">
     <span class='ocr_line' id='line_1_107' title="bbox 2191 4827 3846 4904; baseline -0.005 -14"><span class='ocrx_word' id='word_1_806' title='bbox 2191 4838 2385 4890; x_wconf 77' lang='lat' dir='ltr'><strong>Moses</strong></span> <span class='ocrx_word' id='word_1_807' title='bbox 2411 4831 2654 4903; x_wconf 90' lang='lat' dir='ltr'><strong>quidem</strong></span> <span class='ocrx_word' id='word_1_808' title='bbox 2679 4831 2800 4888; x_wconf 87' lang='lat' dir='ltr'><strong>ait:</strong></span> <span class='ocrx_word' id='word_1_809' title='bbox 2836 4855 2861 4881; x_wconf 79' lang='grc' dir='ltr'><em>υ</em></span> <span class='ocrx_word' id='word_1_810' title='bbox 2898 4832 3257 4904; x_wconf 84' lang='lat' dir='ltr'><strong>Prophetam</strong></span> <span class='ocrx_word' id='word_1_811' title='bbox 3317 4827 3628 4884; x_wconf 86' lang='lat' dir='ltr'><strong>suscitabit</strong></span> <span class='ocrx_word' id='word_1_812' title='bbox 3684 4827 3846 4882; x_wconf 88' lang='lat' dir='ltr'><strong>vobis</strong></span> 
     </span>
    </p>
   </div>
   <div class='ocr_carea' id='block_1_108' title="bbox 2193 4916 3848 4980">
    <p class='ocr_par' dir='ltr' id='par_1_108' title="bbox 2193 4916 3848 4980">
     <span class='ocr_line' id='line_1_108' title="bbox 2193 4916 3848 4980; baseline -0.005 0"><span class='ocrx_word' id='word_1_813' title='bbox 2193 4922 2480 4980; x_wconf 90' lang='lat' dir='ltr'><strong>Dominus</strong></span> <span class='ocrx_word' id='word_1_814' title='bbox 2511 4923 2666 4978; x_wconf 89' lang='lat' dir='ltr'><strong>Deus</strong></span> <span class='ocrx_word' id='word_1_815' title='bbox 2705 4927 2909 4976; x_wconf 86' lang='lat' dir='ltr'><strong>noster</strong></span> <span class='ocrx_word' id='word_1_816' title='bbox 2963 4921 3080 4976; x_wconf 90' lang='lat' dir='ltr'><strong>mei</strong></span> <span class='ocrx_word' id='word_1_817' title='bbox 3138 4916 3484 4974; x_wconf 62' lang='lat' dir='ltr'><strong>similem“.</strong></span> <span class='ocrx_word' id='word_1_818' title='bbox 3523 4939 3548 4966; x_wconf 83' lang='grc'><strong>››</strong></span> <span class='ocrx_word' id='word_1_819' title='bbox 3609 4919 3678 4972; x_wconf 88' lang='lat' dir='ltr'><strong>Et</strong></span> <span class='ocrx_word' id='word_1_820' title='bbox 3736 4918 3848 4972; x_wconf 89' lang='lat' dir='ltr'><strong>Da—</strong></span> 
     </span>
    </p>
   </div>
   <div class='ocr_carea' id='block_1_109' title="bbox 2191 5007 3846 5084">
    <p class='ocr_par' dir='ltr' id='par_1_109' title="bbox 2191 5007 3846 5084">
     <span class='ocr_line' id='line_1_109' title="bbox 2191 5007 3846 5084; baseline -0.004 -16"><span class='ocrx_word' id='word_1_821' title='bbox 2191 5013 2287 5069; x_wconf 83' lang='lat' dir='ltr'><strong>vid</strong></span> <span class='ocrx_word' id='word_1_822' title='bbox 2305 5013 2377 5068; x_wconf 91' lang='lat' dir='ltr'><strong>de</strong></span> <span class='ocrx_word' id='word_1_823' title='bbox 2395 5013 2526 5084; x_wconf 84' lang='lat' dir='ltr'><strong>ejus</strong></span> <span class='ocrx_word' id='word_1_824' title='bbox 2542 5011 2614 5067; x_wconf 91' lang='lat' dir='ltr'><strong>de</strong></span> <span class='ocrx_word' id='word_1_825' title='bbox 2632 5011 2778 5068; x_wconf 67' lang='lat' dir='ltr'><strong>caelo</strong></span> <span class='ocrx_word' id='word_1_826' title='bbox 2796 5011 3247 5066; x_wconf 89' lang='lat' dir='ltr'><strong>descensionem</strong></span> <span class='ocrx_word' id='word_1_827' title='bbox 3269 5007 3562 5064; x_wconf 88' lang='lat' dir='ltr'><strong>assimilat</strong></span> <span class='ocrx_word' id='word_1_828' title='bbox 3585 5031 3609 5054; x_wconf 86' lang='lat'><strong>«</strong></span> <span class='ocrx_word' id='word_1_829' title='bbox 3634 5007 3846 5079; x_wconf 67' lang='lat' dir='ltr'><strong>pluviae</strong></span> 
     </span>
    </p>
   </div>
   <div class='ocr_carea' id='block_1_110' title="bbox 2193 5097 3844 5171">
    <p class='ocr_par' dir='ltr' id='par_1_110' title="bbox 2193 5097 3844 5171">
     <span class='ocr_line' id='line_1_110' title="bbox 2193 5097 3844 5171; baseline -0.005 -10"><span class='ocrx_word' id='word_1_830' title='bbox 2193 5103 2581 5161; x_wconf 89' lang='lat' dir='ltr'><strong>descendenti</strong></span> <span class='ocrx_word' id='word_1_831' title='bbox 2621 5103 2685 5158; x_wconf 92' lang='lat' dir='ltr'><strong>in</strong></span> <span class='ocrx_word' id='word_1_832' title='bbox 2742 5101 2930 5158; x_wconf 89' lang='lat' dir='ltr'><strong>vellus</strong></span> <span class='ocrx_word' id='word_1_833' title='bbox 2971 5100 3039 5157; x_wconf 67' lang='lat'><strong>‘7.</strong></span> <span class='ocrx_word' id='word_1_834' title='bbox 3086 5123 3113 5151; x_wconf 85' lang='lat'>»</span> <span class='ocrx_word' id='word_1_835' title='bbox 3147 5101 3248 5156; x_wconf 74' lang='lat'><strong>82</strong></span> <span class='ocrx_word' id='word_1_836' title='bbox 3302 5099 3526 5156; x_wconf 89' lang='lat' dir='ltr'><strong>Deinde</strong></span> <span class='ocrx_word' id='word_1_837' title='bbox 3558 5099 3717 5171; x_wconf 90' lang='lat' dir='ltr'><strong>ipsos</strong></span> <span class='ocrx_word' id='word_1_838' title='bbox 3772 5097 3844 5153; x_wconf 91' lang='lat' dir='ltr'><strong>ad</strong></span> 
     </span>
    </p>
   </div>
   <div class='ocr_carea' id='block_1_111' title="bbox 2191 5189 3845 5268">
    <p class='ocr_par' dir='ltr' id='par_1_111' title="bbox 2191 5189 3845 5268">
     <span class='ocr_line' id='line_1_111' title="bbox 2191 5189 3845 5268; baseline -0.004 -20"><span class='ocrx_word' id='word_1_839' title='bbox 2191 5193 2514 5268; x_wconf 87' lang='lat' dir='ltr'><strong>prophetas</strong></span> <span class='ocrx_word' id='word_1_840' title='bbox 2573 5192 2976 5257; x_wconf 86' lang='lat' dir='ltr'><strong>transmissos,</strong></span> <span class='ocrx_word' id='word_1_841' title='bbox 3036 5191 3249 5246; x_wconf 90' lang='lat' dir='ltr'><strong>iterum</strong></span> <span class='ocrx_word' id='word_1_842' title='bbox 3309 5189 3672 5249; x_wconf 79' lang='lat' dir='ltr'><strong>consolatur.</strong></span> <span class='ocrx_word' id='word_1_843' title='bbox 3714 5193 3845 5243; x_wconf 85' lang='lat' dir='ltr'><strong>tan-</strong></span> 
     </span>
    </p>
   </div>
   <div class='ocr_carea' id='block_1_112' title="bbox 2192 5279 3846 5358">
    <p class='ocr_par' dir='ltr' id='par_1_112' title="bbox 2192 5279 3846 5358">
     <span class='ocr_line' id='line_1_112' title="bbox 2192 5279 3846 5358; baseline -0.004 -19"><span class='ocrx_word' id='word_1_844' title='bbox 2192 5300 2372 5358; x_wconf 89' lang='lat' dir='ltr'><strong>quam</strong></span> <span class='ocrx_word' id='word_1_845' title='bbox 2403 5283 2757 5338; x_wconf 89' lang='lat' dir='ltr'><strong>constitutos</strong></span> <span class='ocrx_word' id='word_1_846' title='bbox 2787 5281 2888 5354; x_wconf 90' lang='lat' dir='ltr'><strong>qui</strong></span> <span class='ocrx_word' id='word_1_847' title='bbox 2922 5286 3310 5337; x_wconf 89' lang='lat' dir='ltr'><strong>nascerentur</strong></span> <span class='ocrx_word' id='word_1_848' title='bbox 3348 5279 3456 5336; x_wconf 83' lang='lat' dir='ltr'><strong>ﬁlii</strong></span> <span class='ocrx_word' id='word_1_849' title='bbox 3499 5279 3846 5334; x_wconf 88' lang='lat' dir='ltr'><strong>obedientes</strong></span> 
     </span>
    </p>
   </div>
   <div class='ocr_carea' id='block_1_113' title="bbox 2192 5371 3847 5447">
    <p class='ocr_par' dir='ltr' id='par_1_113' title="bbox 2192 5371 3847 5447">
     <span class='ocr_line' id='line_1_113' title="bbox 2192 5371 3847 5447; baseline -0.002 -17"><span class='ocrx_word' id='word_1_850' title='bbox 2192 5374 2641 5447; x_wconf 83' lang='lat' dir='ltr'><strong>prophetarum,</strong></span> <span class='ocrx_word' id='word_1_851' title='bbox 2697 5377 2756 5428; x_wconf 88' lang='lat' dir='ltr'><strong>et</strong></span> <span class='ocrx_word' id='word_1_852' title='bbox 2816 5373 2863 5428; x_wconf 91' lang='lat' dir='ltr'><strong>si</strong></span> <span class='ocrx_word' id='word_1_853' title='bbox 2921 5390 3041 5428; x_wconf 91' lang='lat' dir='ltr'><strong>non</strong></span> <span class='ocrx_word' id='word_1_854' title='bbox 3108 5379 3342 5428; x_wconf 85' lang='lat' dir='ltr'><strong>natura.</strong></span> <span class='ocrx_word' id='word_1_855' title='bbox 3399 5377 3599 5428; x_wconf 82' lang='lat' dir='ltr'><strong>tamen</strong></span> <span class='ocrx_word' id='word_1_856' title='bbox 3658 5371 3847 5443; x_wconf 78' lang='lat' dir='ltr'><strong>gratia</strong></span> 
     </span>
    </p>
   </div>
   <div class='ocr_carea' id='block_1_114' title="bbox 2191 5463 3849 5540">
    <p class='ocr_par' dir='ltr' id='par_1_114' title="bbox 2191 5463 3849 5540">
     <span class='ocr_line' id='line_1_114' title="bbox 2191 5463 3849 5540; baseline -0.003 -19"><span class='ocrx_word' id='word_1_857' title='bbox 2191 5482 2300 5540; x_wconf 79' lang='lat' dir='ltr'><strong>per</strong></span> <span class='ocrx_word' id='word_1_858' title='bbox 2327 5464 2803 5520; x_wconf 78' lang='lat' dir='ltr'><strong>muniﬁcentiam</strong></span> <span class='ocrx_word' id='word_1_859' title='bbox 2841 5464 3168 5534; x_wconf 74' lang='lat' dir='ltr'><strong>largientis.</strong></span> <span class='ocrx_word' id='word_1_860' title='bbox 3230 5463 3414 5520; x_wconf 85' lang='lat' dir='ltr'><strong>Habet</strong></span> <span class='ocrx_word' id='word_1_861' title='bbox 3471 5478 3728 5533; x_wconf 87' lang='lat' dir='ltr'><strong>namque</strong></span> <span class='ocrx_word' id='word_1_862' title='bbox 3789 5466 3849 5516; x_wconf 88' lang='lat' dir='ltr'><strong>et</strong></span> 
     </span>
    </p>
   </div>
   <div class='ocr_carea' id='block_1_115' title="bbox 2193 5553 3845 5630">
    <p class='ocr_par' dir='ltr' id='par_1_115' title="bbox 2193 5553 3845 5630">
     <span class='ocr_line' id='line_1_115' title="bbox 2193 5553 3845 5630; baseline -0.005 -16"><span class='ocrx_word' id='word_1_863' title='bbox 2193 5556 2384 5614; x_wconf 82' lang='lat' dir='ltr'><strong>filium</strong></span> <span class='ocrx_word' id='word_1_864' title='bbox 2418 5561 2632 5614; x_wconf 87' lang='lat' dir='ltr'><strong>natura</strong></span> <span class='ocrx_word' id='word_1_865' title='bbox 2661 5573 2901 5612; x_wconf 87' lang='lat' dir='ltr'><strong>:verum</strong></span> <span class='ocrx_word' id='word_1_866' title='bbox 2935 5573 3215 5630; x_wconf 81' lang='lat' dir='ltr'><strong>magnum</strong></span> <span class='ocrx_word' id='word_1_867' title='bbox 3240 5561 3330 5612; x_wconf 85' lang='lat' dir='ltr'><strong>est</strong></span> <span class='ocrx_word' id='word_1_868' title='bbox 3359 5555 3683 5611; x_wconf 70' lang='lat' dir='ltr'><strong>discrimen</strong></span> <span class='ocrx_word' id='word_1_869' title='bbox 3716 5553 3845 5623; x_wconf 85' lang='lat' dir='ltr'><strong>ejus</strong></span> 
     </span>
    </p>
   </div>
   <div class='ocr_carea' id='block_1_116' title="bbox 2193 5640 3844 5720">
    <p class='ocr_par' dir='ltr' id='par_1_116' title="bbox 2193 5640 3844 5720">
     <span class='ocr_line' id='line_1_116' title="bbox 2193 5640 3844 5720; baseline -0.005 -16"><span class='ocrx_word' id='word_1_870' title='bbox 2193 5647 2296 5719; x_wconf 86' lang='lat' dir='ltr'><strong>qui</strong></span> <span class='ocrx_word' id='word_1_871' title='bbox 2328 5652 2542 5703; x_wconf 84' lang='lat' dir='ltr'><strong>natura</strong></span> <span class='ocrx_word' id='word_1_872' title='bbox 2570 5646 2753 5704; x_wconf 87' lang='lat' dir='ltr'><strong>Filius</strong></span> <span class='ocrx_word' id='word_1_873' title='bbox 2784 5651 2876 5703; x_wconf 89' lang='lat' dir='ltr'><strong>est</strong></span> <span class='ocrx_word' id='word_1_874' title='bbox 2902 5647 2978 5704; x_wconf 92' lang='lat' dir='ltr'><strong>ad</strong></span> <span class='ocrx_word' id='word_1_875' title='bbox 3009 5663 3112 5703; x_wconf 88' lang='lat' dir='ltr'><strong>eos</strong></span> <span class='ocrx_word' id='word_1_876' title='bbox 3169 5647 3271 5720; x_wconf 89' lang='lat' dir='ltr'><strong>qui</strong></span> <span class='ocrx_word' id='word_1_877' title='bbox 3326 5650 3468 5703; x_wconf 87' lang='lat' dir='ltr'><strong>sunt</strong></span> <span class='ocrx_word' id='word_1_878' title='bbox 3525 5640 3844 5712; x_wconf 86' lang='lat' dir='ltr'><strong>adoptione</strong></span> 
     </span>
    </p>
   </div>
   <div class='ocr_carea' id='block_1_117' title="bbox 482 5820 2097 5898">
    <p class='ocr_par' dir='ltr' id='par_1_117' title="bbox 482 5820 2089 5896">
     <span class='ocr_line' id='line_1_117' title="bbox 482 5820 2089 5896; baseline -0.001 -13"><span class='ocrx_word' id='word_1_879' title='bbox 482 5825 532 5861; x_wconf 83' lang='grc'><strong>⁴³</strong></span> <span class='ocrx_word' id='word_1_880' title='bbox 562 5825 614 5883; x_wconf 86' lang='grc' dir='ltr'>Π</span> <span class='ocrx_word' id='word_1_881' title='bbox 646 5826 782 5884; x_wconf 88' lang='lat' dir='ltr'><strong>Cor.</strong></span> <span class='ocrx_word' id='word_1_882' title='bbox 811 5840 863 5877; x_wconf 79' lang='grc' dir='ltr'><strong>ν.</strong></span> <span class='ocrx_word' id='word_1_883' title='bbox 898 5824 951 5879; x_wconf 71' lang='grc'><strong>4·</strong></span> <span class='ocrx_word' id='word_1_884' title='bbox 985 5820 1032 5857; x_wconf 82' lang='lat'><strong>“</strong></span> <span class='ocrx_word' id='word_1_885' title='bbox 1060 5821 1260 5880; x_wconf 69' lang='lat' dir='ltr'><strong>Matth.</strong></span> <span class='ocrx_word' id='word_1_886' title='bbox 1291 5839 1444 5894; x_wconf 71' lang='lat' dir='ltr'><strong>xxxv,</strong></span> <span class='ocrx_word' id='word_1_887' title='bbox 1475 5825 1564 5882; x_wconf 78' lang='lat'><strong>22.</strong></span> <span class='ocrx_word' id='word_1_888' title='bbox 1641 5823 1688 5860; x_wconf 84' lang='grc'><strong>⁴⁸</strong></span> <span class='ocrx_word' id='word_1_889' title='bbox 1712 5824 1764 5882; x_wconf 90' lang='grc' dir='ltr'><strong>ΙΙ</strong></span> <span class='ocrx_word' id='word_1_890' title='bbox 1792 5826 1951 5882; x_wconf 87' lang='lat' dir='ltr'><strong>Petr.</strong></span> <span class='ocrx_word' id='word_1_891' title='bbox 1985 5840 2028 5896; x_wconf 87' lang='grc' dir='ltr'><strong>ι,</strong></span> <span class='ocrx_word' id='word_1_892' title='bbox 2063 5826 2089 5883; x_wconf 87' lang='grc'><strong>1</strong></span> 
     </span>
    </p>
   </div>
   <div class='ocr_carea' id='block_1_118' title="bbox 2209 5820 3369 5898">
    <p class='ocr_par' dir='ltr' id='par_1_118' title="bbox 2226 5823 3369 5898">
     <span class='ocr_line' id='line_1_118' title="bbox 2226 5823 3369 5898; baseline -0.006 -12"><span class='ocrx_word' id='word_1_893' title='bbox 2226 5823 2275 5861; x_wconf 78' lang='grc'><strong>⁴⁶</strong></span> <span class='ocrx_word' id='word_1_894' title='bbox 2305 5826 2473 5888; x_wconf 86' lang='lat' dir='ltr'><strong>Deut.</strong></span> <span class='ocrx_word' id='word_1_895' title='bbox 2504 5841 2666 5895; x_wconf 81' lang='lat' dir='ltr'><strong>xvm,</strong></span> <span class='ocrx_word' id='word_1_896' title='bbox 2700 5828 2787 5886; x_wconf 79' lang='lat' dir='ltr'><strong>t8.</strong></span> <span class='ocrx_word' id='word_1_897' title='bbox 2865 5826 2909 5862; x_wconf 79' lang='grc'><strong>⁵⁷</strong></span> <span class='ocrx_word' id='word_1_898' title='bbox 2939 5825 3098 5887; x_wconf 76' lang='lat' dir='ltr'><strong>Psel.</strong></span> <span class='ocrx_word' id='word_1_899' title='bbox 3130 5838 3285 5898; x_wconf 65' lang='lat' dir='ltr'><strong>aut,</strong></span> <span class='ocrx_word' id='word_1_900' title='bbox 3313 5826 3369 5880; x_wconf 76' lang='grc' dir='ltr'><strong>ε.</strong></span> 
     </span>
    </p>
   </div>
  </div>
