4160 6432
342 461 418 526 91
1426 463 1848 545 (ECUMENII
1890 481 2194 546 mecm
2235 482 2616 549 EPISCOPI.
3686 483 3772 550 οε.

345 596 574 699 ﬁlii-ili
605 605 1090 699 enimyspirituali
1113 615 1540 687 prophetarum
1573 618 1861 675 filiatione
1894 618 1992 675 ad-

2114 611 2500 692 διαλεγομενός
2531 637 2685 694 φησι.
2720 618 2819 674 Διᾶ
2849 615 2906 674 δὶ
2952 621 3050 673 τοῦ
3114 641 3134 668 ι
3168 619 3335 698 ’Ἄχρι
3387 618 3602 699 χρόνων
3634 620 3766 679 ἀπο-

343 691 523 758 Optati
559 700 718 761 sunt,
753 697 854 753 ille
882 717 1016 756 vero
1048 706 1305 760 naturali
1340 708 1734 778 dispositione
1759 708 1999 763 tiliatio-

343 793 480 833 nem
513 781 758 840 obtinet.
811 819 868 828 α-
896 791 1013 846 Alio
1044 797 1219 849 modo.
1250 797 1404 852 lllud
1439 797 1679 869 quidem.
1713 816 1724 852 :
1760 821 1785 848 ι(
1813 800 1996 864 Quem

343 874 576 937 oportet
605 875 846 947 suscipi,
881 901 904 926 ι»
945 884 1201 951 positum
1237 893 1412 942 estac
1445 889 1490 942 si
1526 887 1854 942 diceretur:
1889 889 2000 942 Ne-

2107 706 2505 777 καταστάσεως,
2541 730 2569 758 n
2618 709 2717 775 τήν
2771 705 2947 762 αἰτίαν
3026 704 3213 778 δηλοῖ,
3275 706 3364 762 διὰ
3415 708 3468 764 τί
3519 713 3610 763 νῦν
3662 711 3766 766 οὐκ

2109 792 2186 852 ἔτι
2220 795 2462 872 ἔρχεται.
2498 798 2964 866 Ἀποκαταστῆναι
2999 795 3098 860 δεῖ,
3131 798 3264 876 φησὶ
3323 798 3414 853 καὶ
3472 798 3548 861 εἷς
3596 797 3763 876 πέρας

2112 884 2288 948 ἐλθεῖν
2322 884 2545 952 ἅπαντα,
2578 889 2664 941 καὶ
2689 886 2810 942 τότε
2843 887 3142 944 ἐλεύσεται·

339 971 502 1013 cesse
537 971 624 1017 est
647 965 843 1037 ipsum
877 972 1120 1044 suscipi,
1146 982 1211 1029 ut
1241 977 1340 1047 qui
1375 995 1517 1032 sane
1547 978 1700 1034 Deus
1723 979 1819 1032 sit.
1852 977 2157 1043 Quomodo
2187 994 2322 1049 ergo
2355 995 2475 1033 non
2524 979 2688 1042 dixit,
2750 981 2931 1044 Quem
2985 980 3202 1034 cmlum
3260 979 3576 1051 suscepit?
3648 981 3766 1035 Hoc

339 1053 621 1121 tanquam
657 1055 728 1110 de
761 1060 1168 1129 superioribus
1203 1067 1572 1137 temporibus
1603 1067 1905 1122 disserens
1938 1067 2223 1139 loquitur.
2253 1067 2543 1122 Craterum
2576 1067 2735 1139 quod
2762 1069 2840 1123 aii
2874 1085 2887 1122 :
2928 1087 2948 1114 ι
2983 1070 3178 1140 Usque
3231 1067 3302 1124 ad
3337 1075 3609 1140 tempora
3637 1071 3763 1125 ins-

338 1141 675 1207 torationis,
709 1169 738 1223 ct
771 1164 1010 1206 causam
1034 1155 1377 1211 manifestat
1407 1173 1590 1228 quare
1622 1173 1781 1212 nunc
1811 1156 2007 1212 adhuc
2062 1173 2186 1212 non
2234 1156 2453 1211 veniat.
2488 1158 2733 1230 Oportet
2765 1158 2978 1230 inquit,
3005 1158 3325 1214 instaurari
3359 1164 3417 1213 et
3446 1158 3521 1214 ad
3553 1159 3762 1214 termi-

337 1244 482 1316 num
511 1233 714 1289 venire
744 1239 1037 1300 universa.
1072 1251 1130 1298 et
1163 1252 1302 1300 tunc
1333 1247 1546 1302 veniet.

407 1311 504 1386 Ii],
539 1317 625 1378 22.
661 1327 748 1380 23.
809 1349 837 1378 «
873 1330 1058 1387 Moses
1108 1330 1402 1404 siquidem
1462 1336 1534 1390 ad
1574 1341 1773 1408 patres
1804 1335 1991 1391 dixit:

339 1429 364 1455 «
402 1409 757 1482 Prophetam
791 1421 1101 1478 suscitabit
1121 1423 1285 1480 vobis
1308 1426 1593 1482 Dominus
1614 1427 1765 1482 Deus
1787 1431 1994 1480 noster

342 1518 368 1545 «
402 1514 431 1586 ε
462 1498 744 1561 fratribus
777 1511 982 1568 vestris
1012 1513 1131 1569 mei
1163 1515 1421 1571 similem
1456 1532 1468 1570 :
1503 1517 1696 1588 ipsum
1735 1515 1994 1571 audietis

335 1589 558 1664 «juxta
578 1597 780 1656 omnia
810 1618 943 1673 quae
987 1604 1218 1660 locutus
1249 1605 1430 1661 fuerit
1456 1606 1640 1661 vobis.
1676 1606 1993 1678 Continget

333 1703 360 1729 «
397 1689 592 1738 autem
620 1703 633 1740 :
666 1688 871 1745 Omnis
903 1690 1102 1746 anima
1132 1710 1262 1764 qum
1290 1711 1408 1749 non
1439 1693 1696 1749 audierit
1720 1694 1986 1765 prophe-

335 1796 360 1822 «
397 1779 515 1828 tam
539 1775 732 1844 illum,
767 1781 1267 1836 exterminabitur
1295 1799 1324 1839 e
1359 1785 1598 1855 p0pulo.
1626 1808 1654 1834 »

405 1864 554 1929 Quid
588 1865 738 1921 illud
756 1874 861 1924 est.
887 1871 994 1925 Mei
1021 1871 1610 1929 similem?Nascitur
1636 1872 1986 1929 Christusin

335 1953 702 2018 Bethlehem.
749 1964 808 2012 et
838 1960 1026 2015 Moses
1075 1961 1136 2016 in
1189 1964 1473 2035 Ajgypto:
1535 1962 1636 2018 ille
1696 1962 1986 2027 Israelita,

333 2042 486 2097 sicut
511 2046 689 2101 etiam
723 2048 838 2114 hic,
877 2051 1051 2119 juxta
1098 2068 1336 2106 carnem
1376 2070 1389 2107 :

330 2131 633 2196 cerdotali,
662 2137 838 2192 veluti
869 2139 1136 2195 Christus
1173 2158 1240 2196 ex
1295 2141 1474 2196 David
1523 2150 1768 2212 propter
1797 2143 1992 2215 Virgi-

332 2238 505 2276 nem:
541 2225 766 2280 Pharao
799 2227 969 2281 illum
1002 2231 1400 2300 persequitur.
1459 2231 1619 2285 hunc
1677 2232 1938 2286 Herodes
1971 2249 1986 2286 :

333 2310 590 2367 infantes
620 2315 837 2370 occidit
874 2317 996 2385 ille,
1042 2317 1300 2374 infantes
1331 2325 1390 2374 et
1423 2319 1518 2374 hic
1577 2319 1902 2381 interemit.
1933 2328 1996 2376 et

334 2406 583 2470 uterque
618 2407 916 2461 masculos
944 2424 956 2461 :
991 2424 1097 2478 per
1129 2414 1381 2464 matrem
1429 2415 1698 2464 servatur
1727 2410 1849 2475 ille,
1883 2427 1994 2482 per

334 2495 588 2545 matrem
639 2499 698 2547 et
726 2510 857 2549 cum
921 2504 1110 2551 matre
1169 2505 1432 2552 servatus
1485 2504 1573 2552 est
1631 2505 1689 2552 et
1748 2499 1845 2553 hic
1878 2515 1891 2552 :
1926 2499 1988 2554 in

333 2581 577 2650 capsula
608 2583 709 2638 ille
740 2591 798 2639 et
828 2585 902 2640 ad
962 2587 1151 2658 ripam
1209 2587 1498 2654 ﬂuminis,
1553 2587 1649 2643 hic
1716 2589 1993 2644 etiamin

334 2671 484 2741 Lyco
515 2674 738 2744 Egypti
765 2675 997 2730 civitate
1012 2677 1184 2745 juxta
1215 2677 1373 2731 idem
1397 2677 1623 2732 flumen
1649 2695 1660 2732 :
1687 2679 1759 2732 ab
1791 2679 1996 2734 allena

332 2757 457 2824 ille,
491 2776 702 2832 nemps
738 2762 858 2817 ﬁlia
892 2764 1240 2828 Pharaonis.
1274 2766 1536 2820 nutritus
1569 2772 1677 2833 est,
1711 2773 1769 2820 et
1800 2767 1896 2822 hic
1925 2769 1990 2822 in

330 2849 529 2904 aliena
560 2852 792 2908 civitate
825 2869 957 2923 qum
989 2855 1577 2924 Pharaonisubjecta
1600 2856 1813 2912 fuerat.
1854 2859 1992 2912 Ηωσ

329 2945 527 2994 autem
551 2939 823 2998 dixerim.
850 2959 971 2997 non
1005 2943 1322 2999 Dominum
1349 2961 1515 2999 servo
1539 2945 1992 3013 cont'erens,sed

331 3028 527 3085 locum
552 3036 608 3084 et
638 3037 871 3102 tempus
911 3033 1274 3098 assimilans,
1319 3039 1379 3088 et
1423 3035 1732 3090 veritatem
1763 3035 1825 3090 in
1857 3051 1995 3090 um—

334 3119 442 3173 bra
473 3120 836 3177 describens.

399 3211 496 3276 IlI,
530 3215 618 3268 24,
655 3234 684 3262 ‹‹
718 3213 936 3270 Omnes
969 3230 1206 3287 quoque
1256 3215 1563 3287 prOphetaa
1614 3231 1650 3270 θ.
1689 3213 1987 3282 Samuele,

335 3320 356 3348 α
392 3301 773 3375 etdeinceps,
833 3310 1125 3375 quotquot
1191 3305 1374 3360 locuti
1433 3310 1595 3372 sunt,
1657 3304 1836 3360 etiam
1881 3321 1993 3362 ειη-ι

329 3414 354 3439 ‹‹
393 3392 824 3448 nuntiaverunt
853 3393 980 3448 dies
1011 3394 1181 3448 istos.
1217 3415 1245 3442 ››

399 3482 587 3536 Etiam
613 3481 710 3538 hic
769 3482 1248 3539 subaudiendum
1299 3487 1435 3538 est:
1497 3483 1585 3538 Ad
1638 3487 1837 3555 patres
1869 3499 1980 3539 no-
2013 3458 2059 3525 Β

327 3575 500 3637 stros,
525 3571 912 3627 utsitsensus
934 3589 947 3626 :
972 3573 1190 3628 Omnes
1213 3589 1451 3644 quoque
1479 3578 1771 3645 quotquot
1799 3572 1983 3629 locuti

328 3667 466 3714 sunt
497 3661 568 3716 ad
603 3667 799 3732 patres
825 3668 1076 3716 nostros.

399 3751 499 3812 Ill,
529 3752 618 3817 25,
651 3754 738 3805 26.
775 3775 800 3799 ‹‹
836 3751 950 3806 Vos
1005 3752 1146 3806 estis
1181 3751 1291 3807 ﬁlii
1321 3751 1750 3824 prophetarum
1799 3758 1859 3808 et
1887 3759 1984 3809 te-

331 3864 354 3895 a
383 3844 683 3912 stamenti,
716 3843 816 3899 88
849 3844 1007 3914 quod
1042 3849 1291 3900 testatus
1326 3851 1417 3901 est
1473 3847 1628 3900 Deus
1676 3845 1752 3900 ad
1783 3852 1989 3917 patres

329 3956 356 3983 «
391 3941 648 3999 nostros,
678 3936 883 3991 dicens
914 3935 987 3990 ad
1007 3935 1302 3992 Abraham
1331 3953 1344 3991 :
1371 3943 1551 4009 etper
1581 3949 1785 3992 semen
1817 3945 1988 3993 tuum

334 4048 354 4075 ε
389 4029 822 4084 benedicentur
850 4045 1061 4083 omnes
1093 4030 1332 4084 familiai
1363 4036 1534 4084 terraa
1561 4028 1627 4084 ‘3.
1661 4029 1835 4084 Vobis
1864 4031 1989 4102 pri-

327 4141 354 4168 ι(
389 4136 553 4174 mum
589 4119 762 4183 Deus,
796 4119 1080 4172 suscitato
1125 4119 1269 4173 Filio
1302 4135 1408 4174 suo
1463 4120 1622 4181 Iesu,
1656 4120 1822 4174 misit
1850 4134 1989 4177 eum

329 4230 356 4257 υ
391 4209 490 4280 qui
525 4207 906 4261 benediceret
931 4205 1090 4261 vobis
1112 4207 1255 4263 dum
1289 4209 1786 4264 converteremini
1809 4225 1989 4266 unus‘

335 4320 364 4347 «
399 4297 654 4370 quisque
685 4311 720 4351 a
742 4295 987 4352 malitiis
1011 4295 1240 4353 vestris.
1281 4318 1308 4346 η

403 4499 430 4526 ‹‹
468 4477 580 4532 Vos
614 4477 755 4532 estis
788 4475 894 4531 fllii
927 4475 1351 4547 prophetarum
1387 4490 1400 4530 :
1437 4497 1465 4524 »
1506 4477 1623 4533 hoc
1653 4483 1763 4544 est,
1795 4495 1870 4535 ne
1910 4479 1990 4534 ti-

333 4567 566 4634 meatis,
601 4582 796 4638 neque
837 4566 1188 4621 existimetis
1225 4583 1325 4621 vos
1373 4565 1603 4622 alienos
1631 4582 1760 4622 esse
1791 4585 1824 4623 a
1853 4585 1992 4640 pro-

332 4655 716 4711 missionibus
749 4674 760 4710 :
793 4672 892 4711 vos
943 4655 1086 4710 estis
1146 4655 1255 4709 ﬁlii
1307 4656 1754 4727 prophetarum,
1791 4657 1994 4729 itaque

327 4745 493 4800 vobis
527 4744 822 4812 dicebant,
856 4750 913 4800 et
943 4751 1187 4817 prapter
1217 4761 1318 4800 vos
1350 4746 1477 4800 haec
1504 4745 1658 4801 facta
1683 4753 1840 4801 sunt.
1881 4748 1996 4802 Vos

2179 1339 2418 1402 Μωϋσῆς
2473 1334 2566 1406 μὲν
2624 1335 2729 1409 γὰρ
2786 1335 2922 1408 πρὸς
2979 1333 3106 1395 τοὺς
3153 1332 3387 1410 πατέρας
3443 1335 3618 1404 εἶπεν,
3676 1337 3764 1392 ὅτι

2109 1424 2466 1501 «Προφήτην
2524 1423 2653 1497 ὑμῖν
2735 1424 3018 1493 ἀναστήσει
3079 1426 3278 1497 Κύριος
3337 1425 3365 1480 ὁ
3415 1426 3544 1486 Θεὸς
3597 1428 3758 1500 ἡμῶν

2107 1509 2364 1566 «ἐκτῶν
2397 1509 2646 1590 ἀδελφῶν
2713 1514 2866 1586 ὑμῶν
2925 1516 2997 1575 ὡς
3060 1513 3178 1586 ἐμὲ.
3237 1513 3416 1570 Αὐτοῦ
3476 1513 3764 1569 ἀκούσεσθε

2105 1621 2133 1653 ι
2177 1601 2313 1656 κατὰ
2343 1601 2514 1655 πάντα
2545 1602 2644 1655 ὅσα
2696 1599 2754 1656 ἂν
2787 1599 3008 1676 λαλήσῃ
3069 1602 3204 1676 πρὸς
3259 1602 3419 1673 ὑμᾶς.
3455 1603 3651 1658 Ἔσται
3683 1599 3761 1672 δὲ,

2108 1714 2136 1742 α
2170 1696 2314 1745 πᾶσα
2345 1692 2498 1766 ψυχὴ
2540 1693 2659 1761 ἣτις
2708 1689 2768 1747 ἂν
2803 1695 2878 1767 μὴ
2937 1692 3141 1765 ἀκούσῃ
3169 1697 3268 1747 τοῦ
3317 1694 3605 1768 προφήτου
3653 1692 3763 1750 ἐκεί

2106 1803 2136 1831 ‹‹
2166 1801 2282 1849 νου,
2313 1778 2829 1852 ἐξολοθρευθήσεται
2861 1782 2920 1837 ἐκ
2947 1786 3042 1835 τοῦ
3071 1781 3230 1838 λαοῦ.
3263 1804 3290 1836 ιι

2180 1869 2248 1928 Τί
2277 1870 2388 1925 ἐστι
2413 1871 2498 1936 τὸ,
2545 1871 2634 1934 Ὠς
2664 1871 2760 1942 ἐμὲ
2793 1893 2807 1942 ;
2872 1877 3120 1927 Γεννᾶται
3175 1872 3226 1926 ἐν
3284 1870 3542 1942 Βηθλεὶμ
3571 1873 3598 1927 ὁ
3629 1875 3761 1946 Χρι-

2104 1962 2250 2030 στὸς,
2282 1962 2373 2018 καὶ
2416 1965 2658 2032 Μωυσῆς
2685 1963 2736 2018 ἐν
2796 1963 3083 2041 Αἰγύπτῳ.
3138 1961 3486 2039 Ἰσραηλίτης
3531 1961 3759 2035 ἐκεῖνος,

1442 2052 1544 2107 ille
1575 2069 1606 2108 e
1637 2069 1852 2126 genere
1884 2069 1988 2108 sa-

2114 2050 2182 2114 ὡς
2211 2053 2389 2119 οὗτος,
2422 2052 2483 2107 τὸ
2512 2052 2649 2107 κατὰ
2680 2052 2870 2120 σάρκα.
2935 2056 3028 2110 Ἐκ
3074 2053 3260 2127 γένους
3321 2053 3596 2126 ἱερατικοῦ
3625 2052 3762 2109 ἐκεῖ·

2103 2161 2220 2206 νος,
2256 2141 2329 2201 ὡς
2381 2141 2539 2203 οὗτος
2593 2139 2651 2197 ἐκ
2700 2139 2860 2196 Δαυΐδ
2911 2139 3000 2197 διὰ
3047 2145 3144 2212 τήν
3200 2144 3490 2216 Παρθένον.
3557 2142 3764 2214 Φαραὼ

2107 2229 2189 2286 ἐπ’
2263 2229 2492 2299 ἐκείνου,
2543 2228 2798 2304 Ἡρώδης
2846 2230 2932 2287 ἐπὶ
3006 2231 3221 2286 τούτου.
3290 2233 3469 2309 Βρέςρη
3547 2233 3762 2311 φονεύει

2106 2321 2332 2382 ἐκεῖνος,
2380 2322 2552 2401 βρέφη
2616 2319 2672 2376 δὲ
2727 2320 2886 2384 οὗτος
2941 2321 3172 2396 ἀναιρεῖ·
3235 2321 3493 2398 ἁριὲενικα
3534 2321 3761 2384 ἐκεῖνος.

2106 2410 2197 2465 καὶ
2231 2410 2411 2470 οὗτος.
2447 2411 2543 2466 Διά
2591 2411 2800 2486 μητρὸς
2856 2411 3085 2480 σώζεται
3136 2410 3358 2472 ἐκεῖνος,
3415 2408 3504 2466 διὰ
3541 2410 3766 2486 Μητρὸς

2109 2499 2288 2570 ἐσώθη
2347 2501 2436 2555 καὶ
2514 2501 2646 2572 μετὰ
2721 2501 2945 2576 Μητρὸς
3008 2502 3097 2556 καὶ
3151 2501 3329 2561 οὗτος.
3388 2501 3474 2556 ’ὴν
3538 2498 3769 2576 λάρνακι

2107 2589 2310 2651 ἐκεῖνος
2353 2590 2443 2645 καὶ
2496 2590 2643 2664 παρὰ
2701 2591 2969 2664 ποταμὸν,
3029 2589 3082 2644 ἐν
3138 2592 3301 2647 Λυκὼ
3359 2591 3444 2645 καὶ
3505 2590 3666 2650 οὗτος
3697 2594 3767 2663 τῇ

2108 2681 2257 2752 παρὰ
2301 2679 2394 2733 τὸν
2469 2677 2628 2733 αὐτὸν
2712 2680 2960 2750 ποταμὸν
3045 2679 3317 2755 Αἰγυπτίᾳ
3390 2679 3572 2736 πόλει.
3633 2679 3765 2736 Ὑπὸ

2107 2767 2436 2846 ἀλλοφύλου
2472 2769 2678 2829 ἐκεῖνος
2729 2776 2828 2837 τῆς
2892 2767 3298 2839 Φαραωνῖτιδος
3354 2768 3625 2849 ἐτρέφετο,
3658 2769 3764 2824 ὑπὸ

2109 2855 2328 2917 πόλεως
2359 2857 2450 2912 καὶ
2483 2857 2649 2918 οὗτος
2682 2855 3095 2928 Φαραωνὶτίδος
3126 2856 3454 2938 ἀλλοφύλου
3490 2856 3763 2936 ἐτρέφετο.

2107 2951 2285 3001 Ταῦτα
2366 2944 2424 3003 δὲ
2500 2947 2562 3002 οὐ
2640 2948 2936 3022 συγκρίνων
3010 2947 3155 3022 λέγω
3203 2949 3296 3004 τὸν
3352 2949 3628 3018 Δεσπότην
3682 2953 3765 3022 τῷ

2110 3035 2320 3111 δούλῳ,
2351 3036 2500 3093 ἀλλὰ
2528 3039 2716 3113 καιρὸν
2747 3038 2837 3093 καὶ
2887 3038 3089 3114 τρόπον
3125 3037 3444 3114 συγκρίνων,
3481 3039 3571 3093 καὶ
3629 3037 3767 3112 ἀλή-

2108 3140 2256 3193 Θειαν
2285 3129 2338 3185 ἒν
2367 3134 2491 3199 σκιᾷ
2510 3126 2850 3207 διαγράφων.

2183 3241 2212 3270 ‹‹
2247 3220 2345 3273 Καὶ
2376 3218 2571 3280 πάντες
2622 3219 2680 3273 ὀὶ
2737 3220 2793 3272 o't
2846 3225 3129 3295 προφῆται
3183 3219 3289 3274 ἀπὸ
3349 3217 3642 3292 Σαμουὴλ,
3674 3221 3766 3275 καὶ

2104 3309 2216 3360 τῶν
2259 3307 2511 3378 καθεξῆς,
2566 3305 2686 3361 ὅσοι
2740 3304 3042 3377 ἰλαλησαν,
3096 3307 3186 3361 καὶ
3241 3304 3610 3382 κατήγγειλαν
3668 3307 3766 3370 τὰς

2105 3396 2322 3468 ἡμέρας
2349 3395 2566 3459 ταύτας,
2604 3420 2624 3446 ι

2173 3485 2698 3559 ΙῙροσυπακουστὲον
2761 3483 3033 3549 κάνταῦθα
3096 3488 3160 3541 τὸ
3219 3485 3364 3560 Ηρὸς
3416 3485 3547 3551 τοὺς
3593 3486 3762 3542 πατέ-

2100 3581 2198 3651 ρας
2231 3577 2417 3647 ἡμῶν,
2445 3572 2538 3630 'ivz
2663 3574 2766 3630 Καὶ
2799 3576 2994 3636 πάντες
3049 3572 3106 3630 δὲ
3136 3574 3254 3630 ὅσοι
3307 3573 3589 3647 ἐλάλησαν
3622 3575 3762 3650 πρὸς

2100 3663 2230 3726 τοὺς
2263 3665 2497 3739 πατέρας
2529 3665 2714 3736 ἡμῶν.

2173 3778 2200 3806 ‹‹
2234 3754 2416 3826 Ὑμεῖς
2466 3753 2583 3810 ἐστὶ
2631 3753 2741 3808 υἱοὶ
2781 3758 2889 3808 τῶν
2917 3759 3225 3828 προφητῶν
3281 3754 3373 3810 καὶ
3429 3761 3531 3824 τῆς
3565 3753 3758 3827 διαθή-

2101 3865 2128 3898 α
2162 3864 2292 3911 κής,
2322 3843 2390 3912 ἧς
2423 3840 2632 3899 δῖὲθετο
2663 3845 2692 3898 ὁ
2735 3844 2864 3905 Θεὸς
2920 3843 3060 3915 πρὸς
3111 3843 3239 3905 τοὺς
3297 3844 3539 3919 Πατιρας
3571 3847 3762 3917 ἡμῶν,

2098 3957 2128 3985 ‹‹
2165 3931 2342 4008 λὲγων
2382 3933 2520 4003 πρὸς
2583 3928 2856 4008 Ἀϐραάμ.
2915 3931 3014 3986 Καὶ
3073 3932 3125 3987 ἐν
3187 3937 3266 4004 τῷ
3327 3932 3599 4009 σπέρματί
3660 3955 3758 3990 σου

2105 4019 2629 4095 «εὐλογηθήσονται
2671 4025 2839 4075 πᾶσαι
2893 4022 2950 4076 αἱ
3003 4023 3228 4093 πατριαὶ
3285 4028 3386 4090 τῆς
3440 4029 3564 4098 γῆς·
3627 4023 3760 4095 ὑμῖν

2101 4134 2132 4161 ‹‹
2163 4114 2382 4180 πρῶτον
2415 4110 2444 4164 ὁ
2495 4110 2648 4179 Θεὸς,
2706 4109 3012 4180 ἀναστήσας
3063 4110 3156 4165 τὸν
3215 4108 3392 4166 Ηαῖδα
3447 4111 3615 4167 αὐτοῦ
3647 4113 3762 4182 Ἰη-

2106 4221 2132 4252 a
2168 4203 2294 4254 σοῦν
2331 4244 2345 4267 ,
2404 4199 2718 4256 ἀπέστειλεν
2812 4200 2974 4256 αὐτὸν
3047 4198 3387 4276 εὐλογοῦντα
3477 4203 3638 4275 ὑμᾶς,
3704 4201 3758 4261 ἕν

2107 4313 2136 4342 α
2187 4294 2269 4362 τῷ
2333 4289 2690 4366 ἀποστρέφειν
2774 4287 3007 4348 ἵλαστον
3091 4290 3200 4346 ἀπὸ
3284 4297 3392 4348 τῶν
3479 4297 3760 4368 πονηριῶν

2107 4400 2134 4433 ι
2169 4379 2344 4452 ὑμῶν.
2381 4403 2410 4431 ››

2179 4491 2206 4523 ι
2266 4471 2449 4542 Ὑμεῖς
2519 4470 2640 4528 ἐστὶ
2690 4471 2801 4527 υἱοὶ
2851 4475 2960 4526 τῶν
3018 4475 3342 4546 προφητῶν,
3375 4494 3405 4523 ››
3465 4472 3583 4528 ἀντὶ
3640 4476 3759 4544 τοῦ,

2106 4560 2197 4628 Mi;
2240 4562 2494 4615 πτοεῖσθε
2552 4559 2693 4633 μηδὶ
2746 4561 2999 4633 νομίζετε
3056 4559 3476 4636 ῆλλοτριῶσθαι
3533 4561 3760 4626 ἑαυτοὺς

2103 4654 2210 4705 τῶν
2255 4650 2622 4728 ἐπαγγελιῶν.
2683 4652 2867 4726 Ὑμεῖς
2927 4651 3044 4708 ἐστὶ
3103 4652 3215 4706 υἱοὶ
3269 4657 3377 4706 τῶν
3433 4656 3760 4730 προφητῶν,

2105 4737 2247 4795 ὥστε
2306 4741 2436 4812 ὑμῖν
2493 4735 2706 4814 ἔλεγον.
2773 4740 2865 4796 γαὶ
2919 4738 2991 4796 δι’
3061 4742 3198 4812 ὑμᾶς
3280 4746 3449 4796 ταῦτα
3513 4741 3764 4820 γὲγονεν.

331 4836 570 4908 quidem
592 4839 734 4892 estis
765 4837 869 4891 ﬁlii
897 4836 1346 4908 prophetarum,
1381 4837 1508 4908 ipse
1527 4853 1663 4892 vero
1683 4837 1864 4892 Filius
1885 4837 1986 4893 Dei

2114 4833 2282 4902 Υμεῖς
2329 4830 2446 4901 μὶν,
2483 4830 2667 4907 φησὶν,
2729 4831 2850 4886 ἐστὶ
2907 4830 3017 4885 υἱοὶ
3074 4834 3182 4884 τῶν
3245 4836 3568 4908 προφητῶν,
3602 4829 3764 4894 οὗτος

333 4931 442 4991 est,
475 4927 578 4997 qui
610 4926 985 4998 participavit
1022 4925 1085 4979 in
1117 4935 1182 4979 se
1222 4925 1414 4980 Patris
1447 4925 1867 4991 substantiam,
1917 4941 1990 4980 ac

331 5016 595 5086 seipsum
625 5015 758 5069 aliis
791 5013 1268 5086 participandum
1300 5014 1483 5068 dedit.
1510 5036 1536 5061 α
1573 5015 1683 5068 Vos
1713 5015 1856 5068 estis
1881 5013 1987 5069 ﬁlii

330 5106 752 5178 prophetarum
790 5111 847 5159 et
879 5105 1237 5160 testamenti.
1277 5125 1304 5153 »
1336 5103 1490 5166 Filii,
1529 5103 1641 5159 hoc
1671 5110 1762 5159 est
1801 5105 1990 5160 haere—

332 5197 470 5251 des:
505 5212 643 5250 nam
679 5196 725 5249 si
761 5195 941 5259 filius,
963 5201 1021 5248 et
1052 5193 1240 5248 haeres
1267 5209 1280 5247 :
1307 5193 1577 5248 haeredes
1591 5209 1729 5248 vero
1755 5209 1877 5249 non
1904 5210 1992 5250 re-

329 5293 532 5344 center
563 5285 859 5357 inscripti,
893 5283 996 5338 sed
1031 5289 1315 5354 tanquam
1351 5283 1482 5339 ﬁlii.
1527 5284 1597 5336 Et
1623 5289 1691 5337 ut
1715 5285 1992 5341 ostendat

329 5377 489 5452 quod
522 5381 812 5445 quantum
844 5380 935 5429 est
963 5391 1031 5427 ex
1064 5373 1407 5444 adoptione,
1449 5373 1655 5443 utique
1691 5373 1739 5428 si
1782 5373 1985 5441 velint,

326 5467 595 5524 haeredes
629 5471 768 5519 sunt
795 5470 852 5517 et
886 5463 997 5534 ipsi
1033 5469 1314 5532 tanquam
1351 5462 1455 5516 lilii
1492 5478 1504 5515 :
1547 5461 1680 5517 ideo
1713 5463 1890 5518 etiam
1923 5469 1990 5519 ut

331 5557 492 5617 ﬁliis.
526 5556 745 5626 inquit,
766 5554 928 5608 misit
946 5553 1173 5607 Filium.
1202 5550 1358 5606 Misit
1374 5552 1615 5622 quidem
1635 5552 1863 5621 etaliis,
1884 5554 1988 5610 sed

335 5647 496 5704 vobis
527 5646 823 5720 primum:
858 5658 1052 5715 neque
1083 5641 1143 5698 id
1170 5646 1399 5696 tantum
1433 5641 1537 5696 sed
1563 5643 1824 5714 primum
1855 5643 1987 5716 qni-

404 5827 446 5862 “
473 5826 618 5886 Gen.
653 5841 795 5896 χιιι,
825 5823 913 5881 t8.

2105 4917 2164 4974 δὶ
2194 4918 2318 4981 Υἱός
2348 4919 2460 4974 ἐστι
2503 4917 2600 4974 τοῖ’)
2653 4925 2810 4987 Θεοῦ,
2871 4919 3192 4995 ἐπιμερίσας
3251 4921 3390 4976 κατὰ
3438 4922 3538 4990 τὴν
3575 4920 3761 4977 οὐσίαν

2102 5010 2194 5064 τὸν
2237 5010 2470 5084 "arripui,
2525 5008 2753 5071 ἐκείνοις
2813 5006 2870 5064 Si
2926 5008 3018 5064 καὶ
3075 5009 3282 5068 ἑαυτόν.
3347 5011 3588 5083 «Ὑμεῖς
3646 5011 3766 5067 ἐστε

2104 5101 2214 5155 υἱοὶ
2240 5105 2348 5156 τῶν
2398 5104 2696 5177 προφητῶν
2729 5099 2818 5155 καὶ
2867 5105 2968 5168 τῆς
3026 5095 3318 5170 διαθήκης.
3356 5124 3382 5151 ››
3443 5100 3582 5168 Υἱοὶ,
3643 5099 3764 5155 ἀντὶ

2099 5194 2222 5260 τοῦ,
2255 5189 2626 5264 κληρονσῖμοι.
2661 5188 2725 5246 Εἰ
2754 5189 2856 5263 γὰρ
2897 5190 3032 5253 υἱὸς,
3075 5188 3165 5243 καὶ
3211 5190 3588 5264 κληρονόμος,
3618 5188 3761 5260 κλη-

2103 5279 2334 5354 ρονόμοι
2393 5276 2451 5333 δὶ
2510 5277 2572 5333 οὗ
2647 5279 2978 5354 προσφάτως
3039 5278 3439 5356 ἐγγραφέντες,
3499 5277 3629 5334 ἀλλ’
3687 5279 3765 5344 ὡς

2101 5369 2229 5424 υἱοί·
2291 5368 2382 5424 καὶ
2429 5368 2518 5422 ἳνα
2586 5364 2732 5438 δείξῃ
2794 5368 2878 5422 ὅτι
2939 5366 3061 5422 ὅσον
3153 5367 3261 5422 ἀπὸ
3317 5373 3418 5437 τῆς
3465 5367 3759 5438 υἱοθεσίας,

2102 5460 2149 5515 εἰ
2205 5456 2307 5533 ἄρα
2356 5458 2446 5513 καὶ
2509 5457 2660 5513 αὐτοὶ
2727 5456 3040 5532 βούλονται,
3100 5455 3449 5532 κληρονόμοι
3513 5457 3615 5514 εἰσὶ
3672 5458 3762 5514 καὶ

2148 5551 2164 5571 ν
2242 5549 2256 5568 \
2332 5549 2346 5570 ι
2373 5569 2394 5584 ρ
2485 5548 2505 5603 ἱ
2544 5547 2559 5564 ε
2661 5544 2687 5601 δ
2721 5547 2735 5564 ς
2875 5546 2889 5564 ι
2967 5547 2981 5570 ι
3004 5569 3025 5582 Α.
3119 5549 3140 5601 ἱ
3175 5553 3197 5563 ...
3295 5555 3312 5567 ,
3344 5547 3357 5564 ς
3464 5548 3477 5564 ς
3549 5551 3554 5557 .

2101 5570 2259 5604 αυτοι
2315 5570 2393 5610 ω,
2452 5569 2587 5616 υοι,
2697 5567 2744 5602 ιο
2802 5568 2892 5602 και
2951 5569 3024 5609 ω..
3083 5569 3224 5610 υοις
3274 5548 3396 5602 ὶὶον
3453 5549 3761 5612 σπεστειλε.

2103 5636 2425 5697 ’Δπέστειλε
2457 5638 2553 5714 μὶν
2611 5637 2702 5694 καὶ
2761 5633 3140 5715 ἔτέροις,ἀλλ’
3200 5637 3324 5712 ὑμῖν
3384 5641 3626 5716 πρῶτον·
3669 5628 3758 5695 καιὶ
