4160 6416
379 469 462 540 δῦ

1389 471 1544 547 COM
1558 475 1799 545 MENT.
1843 471 1922 542 IN
1970 477 2178 540 ΑΟΤΑ-
2216 473 2836 541 APOS'I‘OLORUM.

3765 470 3860 530 94

383 613 512 670 mitis
546 614 740 689 μόνον,
774 613 949 672 ἀλλὰ
990 613 1238 693 πρώτοις
1299 617 1396 689 μὲν
1446 615 1608 671 οἱονεὶ
1642 615 2074 690 προηγουμένως
2104 673 2107 680 η

2225 619 2328 669 .e‘m
2352 616 2410 668 et
2430 613 2725 685 praecipue
2749 611 2933 678 vobis,
2959 611 3058 682 qui
3085 615 3284 667 tamen
3309 625 3444 666 eum
3469 605 3819 665 cruciﬁxisti

405 711 526 768 τοῖς
557 708 923 777 σταυρώσασι
980 706 1075 762 καὶ
1122 705 1491 762 ἀποκτείνασι.
1526 705 1630 763 Καὶ
1655 704 1829 774 πότε;
1881 704 1959 761 Οὐ
1998 707 2090 756 νῦν

423 799 608 873 μόνον,
640 791 794 853 ἆλλᾶ
822 796 918 852 καὶ
951 797 1063 871 πρὸ
1116 799 1214 851 τοῦ
1272 796 1525 868 σταυροῦ,
1570 795 1661 849 καὶ
1692 795 1800 869 πρὸ
1829 794 2091 849 τοσοῦτου

415 888 816 963 τολμήματος.
851 888 945 942 καὶ
983 887 1119 962 μετᾶ
1167 888 1264 957 τήν
1316 885 1624 946 ἀνάστασιν,
1659 888 1752 941 Διὸ
1782 884 1872 940 καὶ
1904 904 2091 964 φησιν,

429 1003 460 1031 ιι
509 982 664 1054 Ὑμῖν
728 982 956 1052 πρῶτον
1017 977 1327 1048 ἀναστήσας
1384 975 1566 1032 αὐτόν.
1612 1001 1633 1030 ι
1697 974 1763 1031 Τί
1821 981 2092 1043 ποιῆσαις

429 1069 752 1144 Εὗλογῆσαι
785 1067 881 1123 καὶ
913 1071 1088 1122 σῶσαι
1119 1067 1279 1140 ὑμᾶς,
1329 1065 1374 1122 εί
1428 1065 1533 1143 ἄρα
1568 1065 1659 1122 καὶ
1691 1064 1846 1121 αὐτοὶ
1877 1061 2096 1120 ἕλοισθε

433 1159 751 1236 ἐπιστρέψαι
782 1157 890 1214 ἀπὸ
918 1161 1030 1212 τῶν
1061 1159 1244 1211 κακῶν
1276 1156 1452 1230 ὑμῶν.

497 1275 530 1302 κ
567 1247 897 1305 Λαλοῦντων
931 1243 988 1302 δέ
1037 1247 1215 1303 αὐτῶν
1266 1247 1405 1319 πρὸς
1462 1247 1553 1302 τὸν
1611 1244 1744 1301 λαὸν
1797 1245 2096 1314 ἐπέστησαν

432 1366 470 1394 α
502 1341 694 1402 αὐτοῖς
723 1339 776 1394 οἱ
803 1339 991 1414 ἱερεῖς,
1022 1336 1113 1392 καὶ
1164 1338 1192 1392 ὁ
1243 1339 1545 1413 στρατηγὸς
1594 1341 1692 1394 τοῦ
1721 1337 1894 1413 ἱεροῦ,
1925 1336 2017 1392 καὶ
2045 1336 2097 1391 οἱ

426 1454 463 1484 ε
499 1425 872 1486 Σαδδουκαῖοι
936 1425 1362 1502 διαπονούμενοι
1421 1424 1511 1481 διὰ
1559 1427 1622 1483 τὸ
1681 1423 1951 1482 διδάσκειν
2007 1426 2098 1481 τὸν

427 1540 460 1568 ι
491 1516 655 1586 λαὸν,
685 1516 778 1572 καὶ
804 1514 1200 1592 καταγγέλλειν
1249 1513 1302 1570 ἐν
1355 1519 1435 1588 τῷ
1468 1516 1650 1586 Ἰησοῦ
1680 1516 1780 1583 τήν
1810 1514 2095 1570 ἀνάστασιν

432 1635 462 1662 ει
493 1610 600 1677 τήν
629 1606 945 1678 ἐκνεκρῶν.
1006 1604 1105 1663 Καὶ
1167 1598 1434 1660 ἐπέϐαλον
1489 1603 1675 1667 αὐτοῖς
1725 1605 1824 1668 τὰς
1879 1609 2094 1684 χεῖρας,

427 1696 585 1751 «καὶ
643 1693 828 1759 ἔθεντο
884 1693 962 1755 εἷς
1017 1695 1255 1768 τήρησιν
1314 1692 1390 1754 εἰς
1443 1693 1544 1762 τήν
1599 1688 1808 1768 αὔριονο
1841 1693 1942 1749 Ἦν
1990 1693 2096 1767 γὰρ

425 1812 456 1840 ιι
489 1785 695 1860 ἐσπέρα
721 1782 855 1856 ἢδη.
919 1781 1134 1838 Πολλοὶ
1187 1780 1246 1838 δέ
1299 1787 1408 1838 τῶν
1469 1782 1817 1839 ἀκουσάντων
1866 1783 1959 1838 τὸν
1995 1780 2096 1837 λό-

429 1901 462 1928 α
489 1897 591 1949 γον
623 1873 968 1930 ἐπίστευσαν.
995 1896 1025 1923 ιι

503 1966 650 2038 Ὅρα
699 1967 816 2024 πῶς
897 1962 1268 2036 οἰκονομεῖται
1339 1961 1406 2018 τὰ
1493 1961 1806 2060 πράγματα.
1871 1966 2094 2032 Πρῶτον
2132 1994 2180 2060 Β

419 2053 846 2130 ἐχλευίσθησαν
893 2051 1089 2113 πάντες
1141 2053 1303 2126 ὁμοῦ.
1362 2051 1496 2109 Εἶτα
1543 2047 2007 2124 εὐδοκιμήσαντες
2045 2051 2099 2108 ἐν

423 2151 558 2206 ταῖς
646 2141 1050 2217 δημηγορίαις,
1131 2141 1222 2196 καὶ
1305 2143 1489 2214 θαῦμα
1553 2141 1909 2217 ἐργασάμενοι
1969 2143 2104 2217 μετὰ

428 2238 605 2288 ταῦτα
641 2231 802 2307 μέγα,
834 2230 980 2286 οὕτω
1023 2227 1089 2300 δὴ
1143 2228 1339 2287 λοιπὸν
1397 2231 1533 2305 μετᾶ
1561 2231 1621 2285 τὸ
1651 2231 1940 2306 θαρρῆσαι,
1970 2236 2105 2286 θεοῦ

434 2325 927 2399 συγχωρήσαντος.
969 2322 1048 2382 εἷς
1103 2318 1390 2383 κινδύνους
1449 2317 1790 2394 ἐμϐαίνουσι,
1851 2321 1943 2377 καὶ
1999 2326 2107 2377 τῶν

425 2415 664 2487 ἀγώνων
693 2413 978 2468 ἅπτονται.
1027 2406 1132 2466 Θέα
1182 2407 1241 2465 δὲ
1286 2411 1387 2480 τὴν
1433 2409 1513 2473 εἷς
1561 2410 1870 2484 ἰταμότητα
1899 2430 2107 2486 προκο-

431 2504 547 2572 πῆν
595 2505 704 2556 τῶν
757 2497 1064 2567 Ἰουδαίων,
1116 2497 1202 2555 δτι
1253 2499 1342 2556 ἐπὶ
1389 2503 1488 2555 τοῦ
1537 2501 1776 2574 Χριστοῦ
1805 2501 1895 2555 τὸν
1928 2517 2105 2573 παρα·

440 2591 694 2647 δώσοντα
723 2593 1040 2661 ζητοῦντες,
1061 2593 1154 2643 νῦν
1173 2587 1331 2644 αότοὶ
1363 2589 1460 2652 τὰς
1492 2593 1684 2664 χεῖρας
1716 2584 2104 2659 ἐπιϐάλλουσι,

442 2679 767 2759 θρασῦτεροι
815 2679 1105 2754 γεγονότες
1160 2679 1296 2751 μετᾶ
1336 2678 1430 2733 τὸν
1481 2679 1730 2755 σταυρόν.
1783 2681 1954 2756 Εἶχον
2003 2679 2106 2756 γὰρ

435 2770 656 2826 καὶτὸν
685 2767 1013 2842 στρατηγὸν,
1059 2765 1150 2822 ’ἕνα
1196 2766 1366 2823 πάλιν
1417 2765 1686 2842 δημόσιον
1727 2767 1980 2843 ἔγκλημα
2009 2789 2108 2824 πε-

445 2863 642 2936 ριθῶσι
666 2861 787 2920 τοῖς
817 2856 1235 2932 γεγενημένοις,
1257 2857 1348 2912 καὶ
1404 2857 1481 2930 μὴ
1532 2858 1608 2920 ὡς
1653 2856 1930 2914 ἰδιωτικὸν
1965 2857 2109 2914 ἐκδι-

439 2954 608 3014 attint,
642 2948 778 3018 ’ὅπερ
826 2950 1114 3021 πανταχοῦ
1173 2943 1542 3017 σπουδάζουσι
1597 2953 1790 3003 ποιεῖν;
1843 2949 2108 3006 Ἐνώπιον

441 3037 502 3095 δέ
531 3037 631 3094 τοῦ
690 3035 939 3105 πλήθους
995 3039 1094 3091 τοῦ
1153 3033 1478 3092 ἀποστόλων
1524 3034 1875 3110 ἐδέσμευσαν,
1905 3038 1993 3094 ἳνα
2021 3041 2112 3096 καὶ

436 3127 641 3188 αὐτοὺς
731 3125 974 3196 ὁρῶντας
1062 3121 1413 3200 δειλοτὲρους
1498 3125 1854 3199 ἐργάσωνται.
1936 3128 2114 3185 ’Δλλὰ

431 3216 747 3272 τουναντίον
793 3213 1032 3291 ἐγίνετο.
1088 3211 1304 3270 Πολλοὶ
1350 3213 1454 3289 γὰρ
1502 3219 1610 3270 τῶν
1643 3215 1987 3273 ἀκουσάντων
2020 3218 2112 3273 τὸν

438 3305 618 3380 λόγον
679 3301 1020 3360 ἐπίστευσαν.
1079 3303 1242 3376 Ὁρᾷς
1309 3303 1456 3367 θείαν
1515 3303 1781 3379 ἐνέργειαν
1835 3308 2110 3386 φανεράν;

436 3395 530 3451 καὶ
595 3395 704 3468 μὴν
754 3391 848 3448 καὶ
903 3393 1036 3456 τοὺς
1089 3389 1203 3464 ἤδη
1264 3395 1652 3457 πιστεύσαντας
1699 3396 2112 3471 ἀσθενεστέρους

441 3483 552 3544 ἔδει
581 3481 851 3559 γενέσθαι.
885 3480 1045 3539 Ἀλλ’
1103 3485 1139 3551 ἡ
1199 3484 1406 3558 Πέτρου
1457 3480 1774 3559 δημηγορία
1841 3485 2118 3560 Πνεῦματι

439 3575 572 3647 θείῳ
602 3578 1050 3648 σογκροτουμὲνη
1088 3572 1259 3640 αὐτῆς
1309 3572 1490 3628 αὐτῶν
1540 3579 1638 3643 ζῇς
1691 3577 1879 3650 ψυχῆς
1910 3578 2114 3650 ἥψατο.

448 3666 577 3720 Κατ’
632 3660 776 3719 ίδίαν
835 3659 896 3717 δὶ
949 3660 1149 3725 αὐτοὺς
1203 3660 1578 3733 ἐξετάζουσιν,
1634 3663 1723 3718 ἳνα
1756 3665 1835 3737 μή
1883 3665 1990 3720 ἀπὸ
2013 3671 2116 3734 τῆς

455 3749 968 3828 παρῥησίαςςαῦτῶν
995 3751 1052 3806 οἱ
1081 3751 1369 3814 ἀκούοντες
1402 3749 1768 3827 κερδήσωσιν.

525 3954 557 3984 α
590 3931 689 3987 Καὶ
717 3929 950 4007 ἐγενήθη
983 3930 1012 3984 ὁ
1042 3929 1274 4004 ἀριθμὸς
1330 3935 1448 3988 τῶν
1499 3929 1710 4003 ἀνδρῶν
1762 3931 1892 3988 ὡσεὶ
1923 3932 2120 4014 χιλιά-

447 4047 474 4073 ιι
513 4018 604 4082 δες
631 4023 814 4080 πίντε.
849 4019 1100 4095 Ἐγένετο
1158 4017 1217 4076 δέ
1273 4019 1361 4077 ἐπὶ
1409 4023 1510 4091 τήν
1553 4021 2115 4099 αὔριον-συναχθῆναι

451 4138 479 4166 α
511 4113 694 4169 αὐτῶν
725 4112 855 4175 τοὺς
888 4109 1166 4188 ἄρχοντας
1219 4112 1309 4167 καὶ
1366 4106 1767 4187 πρεσϐυτερους
1811 4113 1904 4168 καὶ
1936 4134 2116 4192 γραμ-

446 4227 476 4256 ιι
512 4208 712 4276 mi:
750 4201 830 4264 εἷς
884 4200 1274 4275 Ἰερουσαλὴμ.
1333 4202 1422 4257 καὶ
1483 4202 1686 4258 Ἀνναν
1708 4203 1800 4258 τὸν
1829 4202 2114 4279 ἀοχιερὲα,

441 4318 470 4348 ιι
505 4295 600 4348 καὶ
660 4292 923 4369 Καῖἆφαν,
979 4291 1071 4345 καὶ
1131 4291 1408 4362 Ἰωάννην,
1459 4292 1550 4346 καὶ
1606 4289 1992 4367 Ἀλὲξανδρον,
2023 4294 2116 4349 καὶ

441 4409 468 4435 «ι
503 4381 630 4439 ὅσοι
680 4381 816 4450 ἦσαν
867 4380 926 4436 ἐκ
975 4380 1166 4456 γένσυς
1212 4380 1622 4457 ἀρχιερατικοῦ.
1678 4382 1776 4436 Καὶ
1822 4386 2116 4454 στήσαντες

439 4497 470 4524 «
505 4473 713 4533 αὐτοὺς
737 4471 895 4544 ἐκτῳ
927 4469 1098 4545 μέσῳ,
1133 4469 1514 4535 ἐπυνθάνοντο.
1545 4495 1574 4523 ››

521 4585 552 4614 ι
581 4557 842 4624 Χιλιάδες
873 4559 1050 4619 πέντε.
1087 4585 1116 4613 n
1166 4561 1263 4616 Διὰ
1311 4560 1418 4634 γὰρ
1466 4565 1630 4617 τοῦτο
1674 4559 1994 4640 προέλεγεν,
2024 4563 2114 4621 ἐπὶ

441 4657 556 4707 τῶν
589 4651 842 4715 πεντάκις
871 4649 1101 4726 χιλίων·
1165 4673 1192 4702 ‹‹
1226 4650 1358 4706 Δότε
1389 4649 1602 4714 αὐτοῖς
1652 4650 1809 4723 ὑμεῖς
1847 4659 2049 4728 φαγεῖν.
2084 4677 2112 4705 »

2203 708 2263 758 et
2311 703 2723 758 interemistis.
2781 704 2851 757 Et
2909 701 3145 772 quando
3228 700 3393 755 misit
3429 699 3455 753 ‘?
3513 701 3639 754 Non
3697 713 3855 754 nunc

2204 793 2418 861 solum,
2454 793 2557 848 sed
2611 798 2670 848 et
2699 798 2836 848 ante
2869 792 3210 864 passionem
3241 791 3588 862 priusquam
3628 793 3858 842 tantum

2202 885 2435 940 facinus
2467 891 2871 956 perpetratum
2895 889 3069 940 esset.
3097 888 3154 937 et
3176 885 3305 953 post
3336 879 3853 935 resurrectionem.

2205 974 2373 1031 Unde
2405 975 2516 1028 ait:
2552 997 2579 1024 ‹‹
2615 974 2903 1028 Suscitato
2933 971 3080 1027 Filio
3115 988 3245 1034 suo,
3290 970 3450 1024 misit
3481 985 3636 1024 eum.
3674 989 3700 1016 ››
3734 967 3855 1032 Quo

2205 1063 2452 1119 tandem
2486 1064 2604 1119 line
2632 1063 2659 1118 ‘I
2687 1059 2760 1119 Ut
2789 1055 3170 1117 benediceret
3200 1076 3267 1115 ac
3326 1050 3578 1114 salvaret
3628 1071 3749 1123 vos,
3810 1054 3859 1112 si

2205 1169 2348 1210 sane
2381 1153 2559 1209 etiam
2588 1154 2700 1224 ipsi
2733 1153 2991 1208 converti
3028 1151 3219 1206 velitis
3247 1167 3280 1205 a
3302 1149 3475 1204 malis
3507 1145 3735 1203 vestris.

2276 1245 2368 1312 IV,
2405 1245 2530 1299 1-4.
2565 1268 2591 1292 α
2631 1242 3034 1315 Loquentibus
3075 1248 3274 1297 autem
3316 1239 3436 1296 illis
3469 1239 3542 1295 ad
3574 1240 3861 1311 populum

2207 1358 2234 1386 «
2270 1340 2743 1406 supervenerunt
2786 1332 2871 1388 eis
2922 1329 3280 1397 sacerdotes,
3316 1347 3383 1386 ac
3415 1330 3530 1385 dux
3567 1330 3772 1401 templi
3805 1335 3864 1386 et

2207 1447 2235 1474 ‹‹
2260 1423 2590 1492 Sadducaei,
2618 1421 2888 1479 dolentes
2914 1437 2982 1478 eo
3008 1419 3165 1494 quod
3193 1419 3476 1478 docerent
3495 1415 3782 1492 populum
3810 1419 3866 1474 et

2212 1537 2232 1564 ι
2269 1515 2698 1570 annuntiarent
2721 1530 2826 1584 per
2853 1514 3054 1568 Jesum
3086 1511 3585 1566 resurrectionem
3610 1515 3868 1565 mortuo-

2208 1627 2235 1655 ‹‹
2269 1619 2403 1659 rum
2434 1621 2446 1658 :
2473 1609 2531 1659 et
2560 1603 2901 1674 injecerunt
2930 1601 3016 1657 eis
3036 1617 3274 1665 manus,
3300 1605 3746 1672 posueruntque
3766 1616 3868 1655 eos

2211 1715 2235 1745 α
2269 1693 2330 1750 in
2361 1693 2699 1749 custodiam
2729 1693 2791 1747 in
2819 1695 3123 1764 posterum
3149 1691 3306 1746 diem
3333 1707 3344 1744 :
3381 1695 3507 1745 erat
3557 1689 3717 1743 enim
3737 1690 3866 1760 jam

2209 1805 2237 1834 ‹‹
2269 1800 2533 1856 vespera.
2567 1783 2730 1839 Multi
2749 1792 2947 1838 autem
2971 1798 3041 1838 ex
3063 1782 3148 1837 eis
3171 1783 3272 1855 qui
3304 1780 3615 1836 audierant
3644 1795 3867 1837 sermo-

2209 1895 2237 1924 ‹‹
2268 1889 2433 1941 nem,
2464 1872 2876 1928 crediderunt.
2912 1897 2933 1925 ι

2282 1960 2424 2016 Vide
2457 1976 2572 2031 quo
2600 1961 2776 2015 modo
2811 1960 3336 2032 resdisponantur.
3371 1961 3635 2018 Primum
3659 1975 3868 2016 omnes

2214 2049 2394 2105 simul
2440 2049 2596 2103 irrisi
2631 2055 2788 2111 sunt,
2824 2048 3038 2104 deinde
3070 2049 3132 2104 in
3158 2050 3547 2105 concionibus
3605 2049 3870 2105 celebres

2213 2141 2428 2205 effecti,
2463 2157 2597 2195 cum
2632 2142 2810 2196 etiam
2853 2141 3073 2213 grande
3109 2141 3440 2197 edidissent
3470 2141 3867 2197 miraculum:

2214 2231 2445 2300 itajam
2481 2230 2717 2284 tandem
2760 2236 3072 2302 postquam
3133 2230 3318 2286 libere
3373 2231 3529 2285 locui
3589 2229 3870 2298 fuissent,

2213 2321 2594 2390 permittente
2618 2319 2755 2379 Deo.
2782 2319 2842 2373 in
2865 2319 3412 2390 periculaincidunt
3429 2336 3495 2374 ac
3526 2315 3865 2375 certamini-

2213 2409 2323 2465 bus
2356 2416 2693 2484 tanguntur.
2716 2411 3185 2469 Consideravero
3215 2412 3555 2468 Judaaorum
3588 2429 3866 2486 progres-

2215 2517 2344 2556 sum
2377 2517 2445 2557 ac
2475 2506 2850 2558 crementum
2879 2503 2949 2557 ad
2976 2501 3412 2564 crudelitatem,
3446 2519 3662 2572 nempe
3707 2502 3867 2572 quod

2216 2591 2316 2664 qui
2334 2592 2496 2662 prius
2510 2593 2571 2647 in
2586 2592 2816 2647 Christo
2835 2591 3123 2664 capiendo
3141 2592 3504 2664 proditorem
3526 2591 3876 2663 quzerebant

2216 2697 2378 2737 nunc
2409 2681 2522 2754 ipsi
2557 2697 2770 2736 manus
2828 2681 3130 2752 injiciunt.
3191 2681 3536 2737 audaciores
3568 2681 3705 2737 facti
3741 2688 3874 2754 post

2217 2771 2582 2842 passionem,
2636 2771 2936 2826 habebant
2979 2771 3137 2827 enim
3199 2772 3432 2834 ducem,
3494 2777 3560 2826 ut
3617 2771 3709 2826 his
3741 2788 3872 2842 qum

2216 2861 2372 2916 facta
2401 2867 2606 2917 essent
2661 2861 2966 2933 publicum
3015 2877 3225 2917 rursus
3276 2861 3502 2916 crimen
3537 2862 3639 2916 84
3670 2861 3876 2933 afﬁge-

2216 2955 2368 3016 rent,
2405 2959 2514 3006 nec
2546 2952 2849 3023 propriam
2907 2951 3113 3007 ulcisci
3169 2951 3513 3006 viderentur
3568 2951 3876 3020 iniuriam,

2219 3039 2378 3111 quod
2411 3040 2634 3111 ubique
2669 3043 2862 3097 facere
2895 3041 3194 3096 nituntur.
3237 3044 3442 3096 Coram
3491 3040 3876 3096 multitudine

2219 3135 2418 3184 autem
2450 3130 2750 3200 apostolos
2781 3130 3113 3193 vinxerunt,
3146 3133 3214 3184 ut
3239 3146 3338 3184 eos
3378 3130 3558 3184 etiam
3591 3129 3690 3200 qui
3715 3128 3874 3185 vide-

2220 3225 2356 3273 rent
2387 3219 2718 3274 timidiores
2734 3218 3072 3274 redderent.
3100 3219 3212 3274 Sed
3243 3218 3606 3274 contrarium
3639 3218 3875 3274 accidit.

2226 3313 2370 3367 Nam
2406 3310 2578 3366 mulli
2610 3327 2680 3365 ex
2712 3311 2804 3366 his
2831 3309 2932 3380 qui
2960 3309 3275 3364 audierant
3303 3325 3660 3370 sermonem.
3688 3308 3877 3364 credi-

2228 3401 2464 3457 derunt.
2487 3401 2664 3457 Vides
2690 3401 3002 3457 manifeste
3026 3401 3285 3455 divinam
3308 3400 3633 3456 efﬁcaciam
3657 3399 3685 3454 ?
3703 3401 3878 3470 Atqui

2224 3507 2325 3547 eos
2356 3491 2535 3546 etiam
2567 3491 2670 3562 qui
2702 3490 3082 3546 crediderant
3110 3490 3375 3562 oportuit
3405 3490 3570 3544 reddi
3605 3488 3878 3544 imbecil-

2223 3581 2441 3637 liores:
2477 3581 2581 3636 sed
2630 3582 2787 3636 Petri
2847 3581 3076 3646 concio,
3110 3581 3308 3635 divino
3362 3579 3569 3648 adiuta
3628 3579 3878 3651 Spiritu.

2221 3673 2383 3743 ipsas
2411 3687 2615 3725 eorum
2638 3673 2870 3726 animas
2901 3672 3189 3743 tetigerat.
3230 3671 3507 3725 Privatim
3549 3677 3748 3724 autem
3779 3669 3873 3724 ἰη-

2222 3765 2544 3832 terrogant,
2576 3776 2651 3816 ne
2684 3777 2754 3816 ex
2785 3761 3047 3831 ipsorum
3086 3761 3356 3816 libertate
3387 3759 3673 3832 loquendi
3705 3758 3879 3817 audi-

2222 3855 2382 3905 tores
2413 3850 2645 3904 lucrum
2678 3855 3079 3920 reportarent.

2297 3942 2385 4005 lV,
2415 3942 2446 3995 4
2483 3944 2534 3994 7.
2574 3961 2600 3991 ιι
2631 3942 2701 3995 Et
2729 3940 2918 3995 factus
2951 3944 3041 3995 est
3069 3955 3354 3994 numerus
3395 3939 3653 3994 virorum
3703 3939 3876 3995 circi-

2222 4051 2250 4081 «
2283 4036 2376 4086 ter
2403 4031 2667 4102 quinque
2701 4029 2978 4085 millium.
3013 4028 3242 4085 Accidit
3271 4033 3468 4084 autem
3502 4034 3739 4099 postero
3782 4028 3878 4084 die

2221 4143 2248 4171 ‹‹
2283 4127 2350 4175 ut
2365 4126 2869 4193 congregarentur
2890 4120 3190 4190 principes
3214 4124 3272 4172 et
3293 4119 3558 4174 seniores
3572 4134 3640 4172 ac
3662 4117 3876 4173 scriba)

2222 4232 2249 4261 ‹‹
2283 4209 2730 4282 Hierosolymis,
2756 4211 3054 4282 simulque
3076 4213 3277 4264 Annus
3299 4209 3576 4282 princeps
3607 4207 3884 4264 sacerdo-

2222 4321 2250 4351 ιι
2283 4305 2408 4355 tum
2442 4317 2510 4356 ac
2560 4300 2834 4372 Caiphas.
2892 4302 3269 4372 Joannesque
3327 4316 3394 4355 ac
3453 4298 3790 4354 Alexander
3819 4302 3879 4353 et

2219 4413 2247 4441 «
2283 4396 2576 4462 quotquot
2615 4396 2785 4446 erant
2822 4406 2853 4446 e
2884 4407 3102 4465 genere
3152 4389 3506 4446 sacerdotali
3539 4436 3552 4456 ,
3597 4389 3876 4462 ipsosque

2217 4503 2246 4531 «
2281 4480 2344 4535 in
2381 4479 2578 4535 medio
2611 4481 2838 4552 positos
2869 4481 3146 4554 interoge
3165 4480 3332 4535 bant.
3370 4501 3397 4530 »

2294 4592 2322 4618 «
2355 4570 2630 4640 Quinque
2659 4569 2869 4626 millia.
2907 4593 2934 4619 ››
2966 4570 3048 4627 Ob
3077 4571 3188 4626 hoc
3219 4570 3379 4625 enim
3401 4568 3780 4642 prmdixerat,
3806 4569 3880 4624 de

2223 4660 2493 4731 quinque
2515 4659 2825 4716 millibus:
2852 4681 2880 4709 ‹‹
2908 4660 3050 4716 Date
3075 4660 3196 4716 illis
3229 4677 3326 4712 vos
3353 4660 3510 4731 quod
3534 4659 3716 4715 edant
3735 4657 3782 4693 ‘9
3811 4677 3822 4713 :
3850 4679 3882 4712 ›λ

438 4738 728 4810 Taurini,
807 4737 1298 4821 πεντακισχιλίους
1384 4740 1633 4815 κορέσετε
1719 4740 1956 4806 πίστεως
2019 4745 2107 4799 καὶ

2225 4748 2337 4803 hoc
2364 4755 2474 4811 est,
2507 4764 2608 4803 vos
2637 4749 2818 4805 etiam
2844 4749 3224 4821 postmodum
3251 4750 3514 4821 quinque
3548 4748 3737 4803 millia
3767 4747 3891 4810 ﬁde,

442 4831 609 4904 ὑμεῖς
643 4831 779 4902 μετὰ
801 4833 992 4886 “mata.-

517 4947 550 4974 ει
586 4923 684 4978 Ἐν.
706 4921 843 4994 ποίᾳ
869 4918 1104 4994 δυνήμει
1156 4916 1194 4988 ἤ
1253 4917 1306 4976 ἐν
1358 4919 1516 4994 ποίῳ·
1558 4919 1786 4995 ὀνόματι
1816 4920 2111 4995 ἐποιήσατε

437 5016 610 5068 τοῦτο
639 5011 797 5085 ὒμιῖς
821 5029 837 5080 ;
875 5034 902 5061 υ

516 5101 619 5158 Καὶ
657 5103 766 5173 μὴν
817 5097 1062 5177 ᾔδεισαν·
1121 5099 1450 5172 πονούμενοι
1503 5101 1629 5176 γὰρ,
1683 5101 1749 5158 ἐν
1793 5106 1872 5174 τῷ
1908 5124 2111 5181 καταγ-

434 5190 663 5267 γέλλειν
696 5189 748 5246 ἐν
779 5196 861 5263 τῷ
892 5192 1078 5258 Ἰησοῦ
1103 5191 1208 5260 τὴν
1255 5190 1566 5256 ἀνάστασιν,
1597 5193 1864 5268 κατέσχον
1890 5194 2106 5260 αὐτούς.

436 5283 723 5357 Ἐρωτῶσι
778 5278 883 5346 δὶο-
910 5279 1338 5356 προσδοκῶντες·
1372 5281 1704 5350 αὐτοὺς,ρτὸ
1753 5279 2108 5360 δικαστήριον

430 5373 524 5427 καὶ
583 5371 650 5426 τὸ
706 5367 923 5439 πλῆθος
980 5365 1336 5450 φοϐηθέντας.
1399 5370 1653 5443 ἐξάρνους
1701 5373 1967 5447 γενέσθαι,
2016 5375 2104 5430 καὶ

427 5462 498 5518 τὸ
554 5467 660 5516 πᾶν
721 5457 816 5516 διὰ
866 5459 1068 5516 τούτου
1119 5459 1916 5537 κατωρθωκέναι-νοτίζοντεςι
1969 5465 2109 5539 Ὅρα

427 5551 536 5628 γὰρ
568 5555 689 5613 πῶς
735 5550 1066 5626 κακούργως
1112 5548 1436 5626 ἐρωτῶσιν,
1463 5547 1798 5610 Ἐϐσόλοντο
1831 5555 1947 5628 [γὰρ
1978 5554 2107 5618 τοὺς

494 5833 542 5871 υ
572 5832 780 5893 Matth.
812 5846 930 5903 xiv,
970 5827 1062 5885 ιι.

2227 4844 2508 4894 saturate.

2296 4929 2390 4995 IV,
2425 4929 2454 4983 7
2487 4931 2540 4984 8.
2573 4951 2599 4979 «
2633 4931 2759 4995 Qua
2786 4929 3055 5002 potentia
3083 4934 3186 4986 aut
3216 4946 3331 5003 quo
3365 4929 3608 4987 nomine
3635 4929 3893 5000 fecistis,

2225 5042 2256 5071 ι(
2289 5020 2404 5077 hoc
2430 5038 2531 5077 vos
2549 5021 2578 5076 ?
2610 5043 2639 5071 »

2297 5110 2478 5181 Atqui
2512 5110 2817 5167 sciebant:
2856 5111 3126 5170 dolentes
3172 5115 3333 5171 enim
3368 5115 3524 5187 quod
3557 5117 3884 5172 annuntiao

2227 5206 2365 5255 rent
2392 5215 2498 5272 per
2551 5203 2753 5258 Jesum
2805 5205 3325 5265 resurrectionem.
3386 5214 3711 5264 tenuerunt
3738 5223 3876 5263 eos:

2224 5289 2672 5364 interrogabant
2705 5299 2903 5349 tamen
2927 5295 3336 5353 existimantes
3359 5315 3459 5354 eos
3483 5299 3778 5370 judicium
3815 5315 3880 5352 ac

2222 5379 2668 5438 multitudinem
2702 5386 2943 5453 veritos,
2995 5404 3125 5444 esse
3168 5397 3508 5462 negaturos,
3574 5398 3882 5461 totumque

2225 5471 2528 5544 negotium
2563 5489 2668 5543 per
2697 5475 2807 5529 hoc
2838 5474 3257 5548 corrigendum
3320 5479 3697 5550 arbitrantes.
3738 5478 3879 5533 Vide

2222 5567 2424 5618 autem
2446 5563 2626 5634 quam
2647 5563 2906 5622 subdole
2965 5566 3354 5652 interrogant.
3391 5558 3692 5649 malebant,
3713 5569 3872 5624 enim
