4160 6462
261 454 338 520 ³ο
1386 454 1810 520 ωουΜΕΝιι
1851 457 1915 516 Τ]

2033 454 2158 516 ΟιΕ
2201 449 2589 514 EPISCOPI.
3605 447 3684 512 96

264 591 567 664 apostolos
595 592 768 648 fateri
800 607 975 648 suum
1013 608 1144 649 esse
1200 610 1349 665 opus
1407 610 1587 666 quam
1637 592 1915 666 potentia:

2029 585 2376 648 ἀποστόλους
2412 580 2625 658 μᾶλλον
2673 583 2876 639 ἑαυτῶν
2933 581 3064 673 εἶναι
3096 574 3345 673 τδ-ἔργον
3376 576 3680 673 ὁμολογεῖν

264 681 501 738 Christi.
535 682 604 736 Et
630 681 867 736 adverte
899 682 1056 753 quod
1079 699 1272 753 neque
1305 683 1616 739 nominare
1644 682 1920 738 volebant

261 769 455 824 claudi
490 771 805 826 sanitatem
831 787 845 826 :
871 789 1064 844 neque
1097 774 1258 828 enim
1293 773 1502 830 dicunt
1531 773 1814 845 quidnam
1843 772 1920 826 sit

264 859 385 916 sed.
414 882 440 907 ‹‹
479 861 718 915 Fecistis
751 862 931 916 hoc.»
960 862 1050 918 llli
1081 879 1210 917 vero
1243 864 1348 918 hos
1381 864 1622 935 quidem
1655 879 1788 918 cum
1813 863 1917 917 ho-

265 965 407 1003 nore
442 951 831 1005 nominarunt
861 950 1163 1008 dicentes:
1199 953 1504 1024 Principes
1536 952 1737 1024 populi
1769 969 1782 1006 :
1816 951 1916 1006 ubi

261 1046 460 1094 autem
492 1040 565 1095 ad
598 1057 723 1094 rem
755 1048 1064 1106 venerunt,
1101 1059 1222 1097 non
1253 1043 1673 1098 abstinuerunt
1711 1042 1782 1097 ab
1816 1058 1916 1097 ac-

262 1129 572 1184 cusatione
604 1147 735 1202 quas
769 1137 1103 1202 opportuna
1144 1139 1320 1188 esset.
1353 1133 1536 1188 Aiunt
1566 1132 1723 1188 enim
1752 1149 1765 1188 :
1802 1133 1915 1186 Nos

259 1217 503 1289 quidem
537 1225 822 1290 tanquam
857 1221 1006 1276 bene
1051 1223 1297 1278 meritos
1327 1223 1608 1291 maxime,
1638 1221 1912 1279 coronari

259 1307 542 1379 oportuit.
568 1309 780 1364 Verum
799 1311 1082 1380 quoniam
1103 1311 1448 1383 judicamur
1470 1328 1574 1366 seu
1607 1311 1914 1366 examina-

259 1413 416 1463 mur,
451 1403 658 1453 notum
693 1399 771 1454 sit
798 1399 1075 1456 universo
1109 1400 1329 1474 populo
1350 1419 1370 1454 .·
1392 1401 1505 1456 hoc
1537 1399 1697 1456 enim
1727 1399 1916 1472 magis

263 1502 363 1542 eos
393 1487 804 1544 contristabat.

332 1577 424 1644 IV,
459 1579 611 1635 8-14.
648 1603 674 1629 α
702 1581 1010 1653 Principes
1039 1582 1244 1654 papuli
1268 1587 1326 1638 et
1355 1579 1844 1648 senioreslsrael,
1867 1579 1917 1636 si

270 1688 290 1714 α
324 1684 434 1723 nos
473 1669 650 1725 hodie
681 1672 1094 1728 examinamur
1123 1690 1301 1745 super
1363 1672 1656 1728 beneficio
1688 1669 1917 1727 homini

268 1780 295 1813 α
322 1758 560 1814 infirmo
592 1760 875 1831 praestito,
912 1778 1018 1833 per
1047 1762 1204 1833 quod
1236 1763 1331 1817 hic
1364 1761 1562 1818 salvus
1594 1761 1784 1817 factus
1808 1765 1918 1829 est,

267 1871 293 1898 «
334 1854 544 1904 notum
577 1849 654 1905 sit
683 1849 847 1906 vobis
877 1856 934 1906 et
965 1851 1239 1906 universo
1272 1853 1368 1910 85
1416 1851 1634 1924 populo
1695 1847 1916 1905 Israel:

263 1962 290 1988 ‹‹
326 1940 482 2011 quod
510 1956 618 2012 per
645 1957 885 1997 nomem
913 1942 1050 1996 Jesu
1081 1942 1296 1998 Christi
1329 1944 1579 1998 Nazarmi
1608 1956 1785 2014 quem
1817 1956 1917 1995 vos

263 2051 290 2078 «
326 2031 728 2096 cruciﬁxistis,
784 2048 964 2103 quem
1015 2034 1168 2088 Deus
1222 2034 1528 2090 suscitavit
1555 2051 1591 2090 a
1618 2033 1914 2090 mortuis:

260 2141 287 2168 «
321 2137 428 2190 per
459 2121 569 2177 hoc
599 2122 888 2192 (inquam)
918 2122 1029 2178 iste
1061 2129 1214 2178 astat
1262 2142 1463 2181 coram
1517 2127 1678 2181 vobis
1711 2143 1914 2183 sanus.

260 2231 288 2257 ‹‹
320 2209 423 2263 Hic
449 2215 538 2264 est
568 2211 670 2265 ille
700 2211 852 2284 lapis
885 2213 986 2284 qui
1021 2214 1280 2284 rejectus
1311 2222 1401 2270 est
1431 2232 1466 2270 a
1507 2215 1676 2270 vobis
1725 2216 1915 2272 indili-

259 2320 286 2346 ‹‹
321 2299 617 2363 cantibus,
651 2301 752 2371 qui
783 2301 974 2357 factus
1005 2309 1095 2357 est
1124 2303 1186 2359 in
1219 2309 1397 2375 caput
1424 2304 1648 2376 anguli,
1682 2311 1744 2361 et
1791 2321 1914 2362 non

261 2406 288 2433 ‹‹
321 2391 412 2441 est
433 2403 537 2458 per
567 2387 758 2443 ullum
789 2389 971 2444 alium
1007 2389 1188 2445 salus.
1221 2393 1422 2464 Neque
1445 2393 1607 2448 enim
1631 2398 1722 2448 est
1749 2391 1914 2448 aliud

259 2495 536 2535 «nomen
581 2477 786 2537 datum
847 2482 1190 2539 hominibus
1249 2485 1358 2541 sub
1416 2485 1562 2542 cualo
1619 2502 1726 2558 per
1755 2485 1913 2560 quod

254 2589 281 2616 ιι
319 2574 591 2640 oporteat
623 2588 731 2626 nos
767 2571 958 2628 salvos
993 2573 1140 2630 fieri.
1179 2574 1456 2632 Videntes
1505 2583 1705 2632 autem
1755 2576 1912 2631 Petri

261 2677 286 2708 α
321 2673 389 2712 ac
415 2659 661 2714 Joannis
693 2659 754 2715 in
775 2661 1028 2717 dicendo
1051 2665 1467 2732 constantiam,
1490 2670 1914 2739 compertoque

231 2768 237 2772 ·
266 2765 288 2795 α
323 2748 480 2820 quod
515 2749 787 2806 homines
819 2759 1020 2807 essent
1048 2753 1136 2808 illi
1169 2755 1339 2810 terati
1373 2760 1433 2809 et
1463 2755 1682 2823 idiotas,
1731 2757 1914 2812 mira-

259 2858 288 2887 ‹‹
318 2838 556 2906 bantur,
591 2845 649 2895 et
682 2841 1081 2913 agnoscebant
1110 2860 1210 2899 eos
1243 2845 1401 2916 quod
1433 2861 1566 2900 cum
1598 2847 1735 2902 Jesu
1763 2846 1912 2902 fuis-

257 2949 286 2976 ‹‹
318 2934 489 2994 sent;
517 2929 820 2985 hominem
853 2937 1050 2987 autem
1081 2933 1349 2989 videntes
1378 2940 1634 2992 stantem
1656 2952 1793 2992 cum
1826 2936 1910 2992 eis

254 3037 281 3065 ‹‹
319 3017 420 3087 qui
454 3024 697 3073 sanatus
714 3019 929 3084 fuerat,
954 3022 1396 3094 nihilpoterant
1426 3026 1854 3084 contradicere.
1882 3047 1910 3076 »

328 3129 354 3154 ‹‹
386 3107 693 3181 Principes
721 3109 946 3181 populi,
998 3132 1025 3160 ››
1059 3119 1350 3183 quantum
1383 3129 1452 3170 ae
1498 3115 1912 3187 magistratum

255 3196 317 3252 in
349 3198 697 3268 popularem
757 3199 1010 3254 turbam.
1047 3201 1323 3258 Seniores
1381 3204 1585 3271 Israel,
1619 3213 1911 3276 quantum

257 3285 802 3360 adintelligentiam
828 3306 895 3345 ac
916 3291 1193 3363 peritiam
1215 3292 1468 3348 docendi
1496 3296 1781 3367 pepulum
1805 3297 1907 3369 qui

255 3391 291 3431 a
322 3377 574 3431 terrenis
601 3377 676 3432 ad
724 3378 1016 3435 diviniora
1072 3380 1434 3437 sublevatur.
1495 3385 1639 3440 Nam
1696 3385 1758 3440 in
1790 3386 1906 3443 duo

255 3465 456 3520 divisit
481 3466 694 3522 coelum
717 3467 1077 3538 auditorum,
1106 3475 1388 3543 tanquam
1412 3472 1607 3528 hinon
1641 3490 1710 3530 ex
1737 3492 1907 3547 aquo

255 3556 492 3628 possint
522 3557 858 3630 intelligere
890 3577 1024 3632 quae
1056 3559 1378 3634 dicuntur;
1415 3563 1518 3618 sed
1550 3565 1909 3638 quibusdam

253 3647 461 3701 leviter
483 3647 922 3718 quodammodo
947 3650 1426 3708 auscultantibus
1449 3670 1580 3725 quas
1603 3655 1915 3726 proferun-

254 3743 371 3803 tur,
405 3737 506 3792 alii
530 3755 675 3794 sane
706 3740 1061 3811 profundius
1092 3759 1159 3798 ac
1192 3744 1494 3802 efficacius
1521 3749 1718 3804 animo
1750 3765 1912 3822 repo-

257 3833 413 3881 nunt
444 3844 576 3899 quas
609 3829 984 3888 nuntiantur.
1017 3833 1305 3898 Quoniam
1332 3852 1468 3908 ergo
1503 3843 1783 3910 tanquam
1815 3855 1913 3896 cu-

255 3932 384 3971 ram
415 3923 687 3985 qerentes
714 3921 981 3978 muneris
994 3922 1067 3978 ad
1084 3923 1240 3996 quod
1265 3926 1437 3982 electi
1462 3929 1624 3989 estis,
1643 3929 1913 3986 voluistis

256 4023 364 4062 nos
398 4007 575 4063 hodie
599 4012 964 4078 examinare,
997 4015 1098 4083 qui
1129 4013 1490 4074 beneficium
1521 4019 1761 4075 infirmo
1803 4021 1912 4076 ho-

255 4097 402 4152 mini
427 4097 830 4154 contulimus:
868 4107 926 4156 et
957 4117 1079 4156 non
1105 4103 1304 4174 potius
1336 4121 1404 4160 ex
1436 4106 1566 4177 ipso
1605 4124 1786 4179 opere
1816 4125 1908 4164 ve-

254 4188 633 4242 nerationem
664 4204 800 4244 cum
833 4187 1230 4247 admiratione
1263 4193 1350 4248 illi
1381 4194 1694 4256 tribuistis.
1739 4198 1912 4269 cujus

255 4275 500 4331 nomine
520 4279 751 4330 tantum
784 4274 1006 4332 bonum
1041 4279 1317 4337 effectum
1343 4287 1468 4338 est:
1504 4285 1790 4356 quoniam,
1822 4286 1913 4342 in-

255 4380 458 4436 quam,
491 4364 554 4419 in
588 4369 819 4422 tantum
876 4383 1140 4427 errorem
1201 4369 1518 4434 incidistis,
1552 4375 1696 4446 quid
1751 4375 1916 4432 aliud

258 4454 399 4508 hinc
431 4452 724 4527 agendum
749 4461 858 4525 est,
884 4472 1064 4528 quam
1088 4463 1154 4513 ut
1185 4476 1295 4514 nos
1321 4477 1356 4517 a
1376 4461 1670 4532 profundo
1703 4481 1914 4536 sopore

257 4559 360 4599 vos
393 4543 738 4609 excitemus,
772 4544 1040 4602 dicentes
1071 4553 1128 4603 et
1157 4549 1320 4605 vobis
1351 4557 1410 4605 et
1438 4551 1598 4622 plebi
1619 4554 1779 4625 quod
1809 4573 1917 4627 per

257 4631 370 4688 hoc
403 4649 622 4688 nomen
649 4635 706 4689 id
768 4638 1187 4696 effecerimus?
1245 4642 1470 4698 Nomen
1519 4649 1716 4700 autem
1750 4651 1917 4702 vocat

2023 678 2058 748 ἢ
2090 685 2191 749 τῆς
2223 674 2506 748 δυνάμεως
2543 678 2640 730 τοῦ
2674 676 2908 746 Χριστοῦ
2961 672 3098 747 Ὅρα
3147 667 3204 726 δὲ
3250 674 3370 731 πῶς
3404 667 3532 725 οὐδὲ
3561 669 3675 726 όνο·

2029 768 2193 841 μάσαι
2227 765 2430 837 ἤθελον
2463 767 2562 835 τὴν
2596 764 2881 838 θεραπείαν
2931 766 3028 817 τοῦ
3078 758 3292 836 χωλοῦ·
3329 759 3390 815 οὐ
3435 759 3537 837 γὰρ
3590 757 3685 814 λέ-

2023 879 2182 933 γουσι
2213 862 2388 918 ποῖον,
2422 855 2572 922 ἀλλ’,
2599 880 2626 907 (ί
2653 855 2978 924 ⁹Εποιησατε
2998 855 3181 907 τοῦτο.
3218 874 3245 901 ››
3272 850 3339 908 Οἱ
3373 847 3431 904 δὲ
3461 847 3681 924 ὠνόμαο

2023 968 2118 1003 σαν
2175 949 2268 1020 μὲν
2329 944 2527 1009 αὐτοὺς
2588 945 2722 1018 μετᾶ
2793 947 2986 1016 τιμῆς,
3046 941 3310 1002 εἰπόντες
3375 940 3681 1014 Ἀρχοντες

2024 1042 2178 1096 λαοῦ.
2216 1037 2437 1109 Ἐπειδή
2481 1036 2540 1094 δὲ
2568 1036 2740 1107 ἦλθον
2780 1036 2856 1098 ε’ς
2897 1035 2957 1090 τὸ
3012 1041 3262 1112 πρᾶγμα,
3297 1032 3395 1088 οὐκ
3423 1031 3684 1087 ἀφίσταν-

2019 1151 2111 1188 ται
2139 1134 2235 1185 τοῦ
2285 1131 2588 1203 πρέποντος
2645 1126 2901 1202 ὲλὲγχου.
2959 1124 3099 1182 Φασὶ
3140 1124 3267 1203 γὰρ,
3312 1124 3398 1179 ὅτι
3427 1120 3683 1178 Μάλιστα

2029 1219 2124 1292 μὶν
2173 1217 2342 1295 ἐχρῆν
2395 1217 2782 1295 στεφανοῦσθαι
2832 1218 2981 1288 ἡμᾶς
3031 1215 3103 1276 ὡς
3155 1209 3458 1288 εὐεργέτας,
3489 1205 3679 1280 ἐπειδὴ

2025 1306 2083 1364 δὶ
2162 1308 2482 1384 κρινόμεθα,
2569 1307 2812 1385 γνωστὸν
2901 1303 3040 1360 ἔστω
3124 1303 3280 1359 παντὶ
3367 1306 3466 1374 τῷ⁶
3518 1303 3681 1356 τοῦτο

2021 1399 2123 1474 γὰρ
2158 1396 2323 1454 πλέον
2359 1396 2556 1460 αὐτοὺς
2589 1395 2802 1455 ἐλύπει.

2095 1608 2123 1635 ‹‹
2158 1583 2458 1658 Ἀρχοντες
2487 1586 2584 1636 τοῦ
2615 1578 2754 1638 λαοῦ
2786 1579 2876 1635 καὶ
2915 1573 3276 1654 πρεσϐύτεροι
3305 1577 3403 1629 τοῦ
3433 1568 3680 1646 Ἰσραήλ,

2027 1698 2055 1726 ‹‹
2089 1673 2135 1729 εἰ
2164 1675 2330 1749 ἡμεῖς
2379 1675 2622 1748 σήμερον
2682 1669 3082 1743 ἀνακρινόμεθα
3141 1667 3227 1767 ἒ,πῖ
3277 1663 3558 1739 εὐεργεσίᾳ
3584 1661 3682 1767 ἀν-

2032 1785 2058 1818 α
2084 1765 2304 1838 θρώπου
2358 1763 2628 1831 ἀσθενοῦς,
2682 1760 2733 1816 ἐν
2790 1759 2895 1815 τίνι
2929 1759 3086 1819 οὗτος
3121 1755 3408 1822 σέσωσται,
3439 1755 3679 1826 γνωστὸν

2025 1878 2052 1904 ‹‹
2086 1850 2224 1909 ἔστω
2255 1859 2415 1908 πᾶσιν
2451 1853 2578 1925 ὑμῖν
2612 1850 2702 1905 καὶ
2747 1849 2908 1906 παντὶ
2956 1852 3037 1920 τῷ
3085 1845 3207 1918 λαῷ
3236 1840 3483 1917 Ἰσραὴλ,
3515 1840 3599 1896 ὅτι
3631 1838 3684 1895 ἐν

1951 1983 1994 2049 Β
2032 1969 2052 1995 α
2086 1949 2168 2016 τῷ
2218 1943 2451 2019 ὀνόματι
2512 1943 2692 2012 Ἰησοῦ
2751 1941 3023 2046 Χριστοῦὶ
3078 1940 3174 2048 τοῦ
3233 1927 3679 2041 Ναζαραίου,“ὅν

2027 2060 2053 2087 ‹‹
2093 2036 2248 2107 ὑμεῖς
2308 2034 2701 2108 ἐσταυρώσατε,
2735 2031 2792 2088 δν
2849 2032 2878 2085 ὁ
2933 2030 3063 2091 Θεὸς
3115 2025 3333 2103 ἤγειρεν
3363 2023 3422 2079 ἐκ
3448 2025 3676 2096 νεκρῶνσ

2026 2150 2051 2176 υ
2087 2123 2138 2178 ἐν
2194 2123 2372 2196 τούτῳ
2429 2123 2584 2185 οὗτος
2644 2123 2981 2196 παρέστηκεν
3038 2116 3264 2173 ἐνώπιον
3311 2114 3463 2187 ὑμῶν
3493 2111 3678 2185 ὑγιής.

2025 2239 2052 2267 ‹‹
2086 2215 2259 2276 Οὗτός
2319 2213 2460 2269 ἐστιν
2489 2215 2516 2268 ὁ
2552 2213 2701 2274 λίθος
2759 2214 2788 2267 ὁ
2847 2207 3217 2282 ἐξουθενωθεῖς
3265 2206 3351 2286 ὑφ’
3385 2205 3538 2277 ὑμῶν
3569 2205 3677 2256 τῶν

2024 2329 2052 2356 ‹‹
2085 2302 2550 2378 οἷκοδομούντων,
2581 2304 2609 2359 ὁ
2639 2303 2928 2378 γενόμενος
2961 2299 3040 2362 εἷς
3064 2295 3310 2375 κεφαλὴν
3340 2293 3564 2370 γωνίας,
3585 2290 3681 2378 καὶ

2024 2418 2053 2447 ‹‹
2083 2395 2184 2453 οὐκ
2209 2377 2350 2450 ἔστιν
2385 2394 2436 2450 ἐν
2458 2391 2616 2467 ἄλλῳ
2643 2377 2818 2448 οὐδενῖ
2845 2393 2878 2461 ἡ
2909 2390 3174 2464 σωτηρία.
3206 2384 3348 2443 Οὔτε
3376 2384 3479 2460 γὰρ
3502 2377 3679 2456 δνομᾶ

2024 2507 2054 2540 σ
2084 2485 2224 2542 ἐστιν
2254 2480 2438 2560 ἕτερον
2487 2484 2551 2539 τὸ
2609 2480 2898 2557 δεδομένον
2955 2479 3009 2536 ἐν
3065 2479 3373 2554 ἀνθρώποις
3423 2473 3476 2530 ἐν
3518 2473 3566 2548 ᾧ
3595 2469 3679 2526 δεῖ

2023 2603 2049 2628 ι(
2083 2582 2326 2644 σωθῆναι
2357 2578 2524 2647 ἡμᾶς.
2560 2570 2902 2648 Θεωροῦντες
2933 2568 2994 2626 δὶ
3023 2571 3120 2639 τὴν
3167 2572 3266 2625 τοῦ
3299 2567 3505 2641 Πέτρου
3537 2560 3678 2637 mp-

2023 2692 2049 2721 «
2084 2667 2280 2743 ῥησὶαν
2309 2665 2398 2722 καὶ
2431 2665 2704 2730 Ἰωάννου,
2734 2663 2824 2719 καὶ
2847 2655 3314 2734 καταλαϐόμενοι,
3350 2657 3434 2714 ὅτι
3467 2656 3680 2731 ἄνθρω-

2022 2782 2050 2809 ‹‹
2082 2777 2178 2814 ποι
2225 2754 2580 2832 ἀγράμματοί
2628 2753 2733 2810 εἶσι
2776 2752 2868 2808 καὶ
2917 2749 3157 2821 ἰδιῶται,
3206 2747 3534 2821 ἐθαύμαζον,
3583 2744 3682 2802 ἐπ-

2020 2871 2049 2899 ‹‹
2085 2844 2374 2922 εγίνωσκόν
2401 2865 2462 2900 τε
2488 2843 2707 2907 αὐτοὺς,
2761 2845 2845 2898 ὁτι
2909 2843 3003 2896 σὺν
3049 2845 3130 2912 τῷ
3179 2841 3362 2909 Ἰησοῦ
3389 2836 3546 2904 ἦσαν.
3573 2837 3680 2893 Τόν

2017 2961 2048 2989 ‹‹
2083 2933 2142 2992 δὶ
2172 2933 2456 3011 ἄνθρωπον
2517 2930 2808 3009 βλέποντες
2870 2933 2962 2988 σὺν
3013 2931 3200 2993 αὐτοῖς
3233 2930 3442 2986 ἑστῶτα
3471 2926 3562 2982 τὸν
3594 2947 3681 2982 τε-

2027 3049 2052 3080 ι
2084 3025 2501 3099 θεραπευμένον,
2529 3021 2688 3079 οὐδὲν
2720 3023 2870 3097 εἶχον
2901 3023 3184 3078 ἀντειπεῖν.
3221 3043 3248 3069 υ

2094 3139 2123 3169 κ
2156 3116 2453 3190 Ἀρχοντες
2477 3117 2574 3170 τοῦ
2606 3112 2766 3182 λαοῦ,
2800 3135 2829 3163 »
2882 3111 3018 3167 κατὰ
3067 3109 3131 3164 τὸ
3187 3109 3404 3180 ἀξίωμα
3446 3110 3545 3162 τοῦ
3573 3125 3683 3182 χυ-

2019 3202 2174 3261 δαίου
2206 3199 2406 3280 ὅχλοψ
2463 3228 2491 3256 ι‹
2527 3197 2892 3276 11ρεσ6ὐτεροι
2939 3205 3036 3256 τοῦ
3087 3196 3334 3274 Ἰσραὴλ,
3372 3221 3399 3248 ››
3449 3196 3586 3253 κατὰ
3614 3195 3679 3251 τὸ

2022 3291 2405 3350 διδασκαλικὸν
2460 3292 2552 3348 καὶ
2606 3292 2917 3347 συνεκτικὸν
2974 3293 3072 3344 τοῦ
3142 3288 3250 3344 ἀπὸ
3306 3291 3415 3342 τῶν
3469 3285 3676 3363 γηῒνων

2019 3383 2159 3459 πρὸς
2214 3383 2281 3438 τὰ
2337 3382 2581 3454 θειότερα
2630 3379 2974 3460 ἀναγομένου
3021 3377 3178 3435 λαοῦ.
3252 3377 3343 3439 Εἷς
3423 3374 3519 3431 δύο
3575 3375 3679 3450 γὰρ

2022 3473 2194 3530 διεῖλε
2244 3477 2354 3529 τῶν
2405 3473 2688 3546 ἀκροατῶν
2743 3472 2834 3527 τὸν
2891 3470 3077 3542 ἐσμὸν,
3138 3467 3213 3530 ὡς
3273 3469 3332 3523 ἄν
3381 3465 3588 3523 τούτων
3627 3464 3679 3538 ἐξ

2024 3564 2140 3622 ἴσου
2170 3570 2276 3620 τῶν
2308 3563 2622 3643 λεγομὲνων
2653 3564 2728 3636 μὴ
2755 3561 2996 3638 ἐχόντων
3023 3561 3087 3616 τὸ
3113 3558 3373 3627 συνιέναι,
3402 3555 3553 3615 ἀλλὰ
3571 3561 3679 3612 τῶν

2026 3657 2120 3730 μὶν
2177 3657 2479 3730 ἀκροθιγῶς
2539 3674 2658 3717 πως
2730 3656 2836 3708 τῶν
2916 3649 3259 3728 λεγομὲνωνξ
3291 3647 3683 3724 ἀκροωμένων,

2020 3752 2129 3802 τῶν
2164 3744 2222 3802 δε
2252 3743 2684 3818 δραστικώτερον
2743 3742 2835 3798 καὶ
2892 3741 3186 3818 βαθύτερον
3227 3743 3294 3814 τῇ
3325 3742 3481 3815 ψυχῇ
3509 3758 3688 3812 παρα-

2023 3835 2352 3910 πεμπόντων
2401 3836 2493 3890 τὸν
2548 3832 2983 3912 ἀγγελλόμενον.
3047 3831 3200 3889 Ἐπεὶ
3249 3829 3429 3885 τοίνυν
3458 3828 3534 3890 ὡς
3565 3827 3688 3884 ἀπι-

2027 3925 2399 4000 μελησόμενοι
2451 3930 2553 3993 τῆς
2601 3925 2738 3997 πρὸς
2768 3923 2831 3992 ἣν
2864 3921 3226 3997 προεκρίθητε
3272 3919 3492 3990 τάξεως,
3539 3919 3688 3991 ἡμᾶς

2026 4018 2266 4091 σήμερον
2326 4012 2633 4086 ἀνακρίνειν
2691 4010 2920 4081 ε’ίλεσθε,
2977 4010 3105 4074 τοὺς
3149 4010 3236 4066 ἰπὶ
3283 4008 3564 4088 εὐεργεσίᾳ
3597 4009 3689 4063 ἀν·-

2028 4105 2252 4179 θρώπου
2283 4103 2542 4166 ἀσθενοῦς
2604 4101 3042 4178 ὑπουργηκότας,
3097 4100 3191 4156 καὶ
3238 4098 3369 4175 οὐχὶ
3399 4099 3489 4154 ἀπ’
3518 4097 3688 4154 αὐτοῦ

2025 4197 2123 4248 τοῦ
2179 4190 2337 4267 ἔργου
2399 4193 2536 4263 μετᾶ
2601 4194 2698 4249 τοῦ
2769 4190 3064 4264 θαυμάζειν
3123 4189 3214 4244 καὶ
3272 4189 3334 4246 τὸ
3393 4181 3690 4263 σεϐάσμιον

2029 4282 2220 4356 ἐκείνῳ
2249 4277 2605 4358 προσνέμετε,
2651 4282 2712 4337 οὗ
2764 4285 2843 4352 τῷ
2899 4279 3130 4352 ὀνόματι
3159 4279 3222 4334 τὸ
3252 4282 3500 4333 τοιοῦτον
3537 4274 3691 4353 ἐνήρ,

2027 4394 2189 4447 γηται
2224 4373 2444 4448 ἀγαθὸν,
2504 4371 2549 4427 εἰ
2610 4370 2698 4428 ἐπὶ
2755 4374 3014 4428 τοσοῦτον
3072 4369 3135 4424 τὸ
3185 4368 3521 4444 πλημμελὲς
3565 4369 3693 4442 ὑμῖν

2029 4463 2398 4541 περιγέγονεν,
2430 4462 2482 4516 τί
2509 4462 2573 4518 τὸ
2631 4463 2738 4518 ἀπὸ
2795 4459 2974 4527 τοῦδε,
3033 4461 3068 4528 ἢ
3128 4461 3279 4534 ἡμᾶς
3312 4459 3450 4533 ὑμᾶς
3479 4455 3588 4514 ἔδει
3617 4460 3692 4522 ὡς

2030 4551 2092 4608 ἐκ
2139 4553 2314 4630 κάρου
2375 4551 2573 4628 βαθέος
2625 4552 2923 4623 ἐξανιστᾷν,
2987 4549 3252 4626 λέγοντας
3301 4550 3392 4606 καὶ
3442 4550 3571 4624 ὑμῖν
3603 4549 3695 4605 καὶ

2036 4648 2116 4716 τῷ
2141 4640 2326 4720 ὄχλῳ,
2360 4643 2432 4706 ὡς
2466 4643 2517 4698 ἐν
2549 4647 2631 4715 τῷ
2659 4642 2892 4717 ὀνόματι
2919 4643 3193 4714 τούτῳ...;
3227 4643 3441 4713 Ὀνομα
3470 4645 3562 4696 νῦν
3593 4643 3694 4712 τὴν

275 4721 387 4779 hoc
409 4727 536 4784 loco
561 4731 904 4802 Opinionem
929 4748 1070 4804 quas
1102 4733 1175 4788 de
1198 4749 1265 4789 eo
1299 4734 1550 4791 habetur
1579 4742 1638 4793 et
1658 4737 1907 4810 gloriam

2045 4731 2323 4806 ὑποληψιν
2359 4730 2535 4809 λέγων
2563 4730 2650 4787 καὶ
2709 4733 2808 4801 τὴν
2866 4729 3042 4802 δόξαν.
3077 4733 3166 4794 Ὠς
3196 4732 3286 4786 καὶ
3314 4732 3345 4787 ὅ
3377 4729 3698 4806 Ψαλμῳδὸς

259 4818 766 4890 quemadmodum
821 4822 1003 4877 etiam
1062 4822 1558 4898 psalmographus
1619 4827 1757 4882 dum
1788 4828 1918 4885 ait:

263 4933 288 4959 ‹‹
325 4911 519 4981 ριιᾶω
542 4911 1020 4983 αάιηίινειιίιθξοει
1047 4929 1269 4970 nomen
1322 4919 1492 4972 tuum
1553 4917 1615 4974 in
1645 4919 1926 4976 universa

263 5004 422 5053 terra
443 4998 487 5033 ⁵ο
518 4998 531 5054 1
570 5022 595 5046 ››
628 4999 1003 5072 Ωιιωνορίηὶο
1047 5003 1194 5057 adeo
1226 5004 1359 5058 vilis
1393 5005 1550 5076 apud
1582 5023 1681 5062 vos
1713 5008 1926 5064 effecta

263 5094 373 5154 est,
406 5094 618 5159 utnon
651 5088 844 5145 solum
883 5092 1253 5147 venerandus
1311 5109 1432 5148 non
1479 5094 1557 5150 sit
1595 5097 1924 5166 judicatus.

256 5194 460 5234 verum
497 5178 674 5236 etiam
708 5197 738 5235 e
767 5195 844 5234 Im
863 5181 963 5252 qui
998 5181 1113 5238 tale
1140 5199 1361 5239 nomen
1395 5185 1595 5253 habet,
1623 5187 1922 5243 maleﬁco-

257 5286 391 5325 rum
452 5269 628 5325 morti
676 5270 1072 5340 subieceritis.
1148 5275 1469 5330 Nazareum
1528 5282 1728 5332 autem
1787 5293 1926 5333 eum

257 5364 426 5415 vocat
456 5376 490 5413 a
522 5359 650 5415 loco
684 5360 746 5414 in
774 5377 889 5431 quo
923 5361 1094 5416 illum
1128 5379 1257 5418 esse
1291 5371 1498 5421 natum
1533 5365 1922 5436 suspicaban-

262 5454 395 5503 tur:
431 5453 490 5502 et
520 5447 618 5501 hic
641 5464 878 5520 quoque
901 5450 962 5504 in
986 5449 1409 5508 humilioribus
1427 5470 1560 5526 quae
1591 5453 1664 5508 de
1692 5453 1925 5513 Christo

260 5543 708 5605 suntversatur,
745 5543 810 5594 ut
840 5541 1218 5596 manifestius
1251 5542 1460 5598 reddat
1487 5543 1646 5616 quod
1702 5544 1805 5602 80
1835 5564 1928 5602 ve-

255 5644 336 5684 ras
366 5626 570 5700 glorias
608 5627 759 5682 nihil
791 5627 1016 5686 officiat
1054 5631 1310 5703 abjectio
1342 5650 1474 5706 quae
1502 5639 1592 5690 est
1621 5635 1782 5709 aqud
1817 5637 1927 5694 ho-

329 5804 379 5842 ⁵⁰
407 5807 562 5867 Psal.
617 5821 744 5878 vm,
779 5811 865 5867 l0.

2031 4823 2200 4892 ἡνίκα
2231 4821 2400 4897 λέγει’
2463 4846 2491 4874 ι(
2523 4823 2613 4883 Ὧς
2667 4823 2976 4896 θαυμαστὸν
3022 4823 3084 4878 τὸ
3135 4821 3309 4899 ὄνομά
3339 4843 3435 4878 σου
3467 4822 3517 4878 ἐν
3547 4822 3696 4897 πάσῃ

2031 4915 2100 4986 τῇ
2160 4913 2334 4989 γῇι»
2391 4913 2552 4975 "Huc
2615 4907 2894 4987 ὑπόληψις
2943 4918 3203 4969 τοσοῦτον
3255 4914 3384 4988 παρ’
3438 4914 3564 4990 ὑμῖν
3609 4932 3699 4970 κε-

2038 4999 2368 5080 χυδαίωται,
2397 5001 2474 5066 ὡς
2507 5002 2582 5075 μὴ
2648 5001 2811 5076 μόνον
2877 5003 2954 5077 μή
3011 4998 3308 5076 σεϐάσμιον
3351 5000 3520 5075 δόξαι,
3555 5000 3703 5058 ἀλλὰ

2033 5092 2125 5147 καὶ
2157 5091 2318 5149 αὐτὸν
2354 5093 2401 5165 ᾧ
2430 5098 2492 5149 τὸ
2550 5088 2727 5167 ὄνομα
2784 5094 3065 5170 πρόσεστι,
3115 5099 3198 5168 τῷ
3253 5093 3576 5171 κακούργων
3605 5095 3704 5150 θα-

2035 5179 2183 5253 νάτῳ
2219 5176 2541 5239 ὑποϐαλεῖν.
2584 5187 2904 5258 Ναζωραῖον
2961 5180 3018 5238 δὲ
3057 5182 3163 5239 ἀπὸ
3192 5187 3291 5238 τοῦ
3320 5185 3493 5239 τόπου
3542 5181 3706 5240 καλεῖ

2035 5270 2125 5350 ἀφ’
2155 5268 2219 5326 οὖ
2248 5273 2494 5348 γενέσθαι
2543 5270 2703 5327 αὐτὸν
2763 5271 3066 5346 ὑποληψις,
3123 5277 3239 5335 τοῖς
3295 5273 3707 5348 ταπεινοτέροις

2034 5361 2304 5417 κάνταῦθα
2359 5361 2483 5433 περὶ
2541 5365 2780 5438 Χρ.στεῦ
2838 5356 3220 5439 ἐνδιατρίϐων,
3254 5363 3328 5424 ὡς
3375 5362 3436 5418 ἃν
3491 5363 3710 5440 ἐναργὲς

2035 5451 2314 5528 παράσχοι
2375 5452 2448 5513 ὼς
2507 5449 2636 5506 οὐδὲ
2692 5454 2727 5521 ἡ
2783 5452 2921 5508 κατὰ
2977 5452 3304 5527 ἀνθρώπους
3360 5451 3605 5508 εὐτέλεια
3639 5455 3710 5526 τῇ

2029 5545 2234 5615 ἀληθεῖ
2268 5540 2397 5617 δόξῃ
2463 5542 2815 5614 λυμανεῖται,
2853 5541 2914 5597 ἂν
2979 5544 3148 5614 μόνον
3201 5540 3498 5618 ὀξυδερκής
3530 5545 3560 5598 ὁ
3588 5540 3715 5599 δια-

2039 5636 2258 5711 βλὲπων
2385 5633 2479 5690 Διὸ
2519 5632 2611 5689 καὶ
2671 5634 2809 5710 πρὸς
2865 5633 3130 5714 αὶσχύνην
3167 5634 3347 5690 αὐτῶν
3377 5634 3517 5711 πρὸς
3547 5633 3642 5697 οὓς
3679 5634 3708 5693 6
