4160 6434
378 330 457 391 99
1512 314 1934 388 (ΕΟΗΜΕΝῘΙ
1979 323 2023 386 Τ

2135 322 2290 388 ΞΟιΕ
2335 317 2718 390 EPISCOPI.

3695 337 3814 399 100

383 493 410 519 ‹‹
447 467 623 524 modo
655 466 790 523 illos
821 465 1106 538 punirent
1133 468 1379 538 propter
1398 464 1708 538 populum.
1731 464 1889 536 quod
1911 479 2023 520 om.

2162 485 2185 516 σ
2217 464 2307 518 καὶ
2339 463 2677 540 ἠκούσαμεν,
2715 464 2791 537 μὴ
2841 459 3054 524 λαλεῖν.
3113 465 3183 527 οἱ
3243 465 3300 525 δὶ
3353 468 3813 544 προσαπειλησά-

448 575 554 614 nes
584 558 986 629 glorificarent
1017 557 1198 610 Deum
1233 571 1412 627 super
1443 572 1511 610 eo
1531 555 1690 626 quod
1723 553 2036 610 acciderat-

381 653 580 705 «Erat
639 649 797 703 enim
863 647 996 718 plus
1058 663 1237 718 quam
1303 646 1694 718 quadraginta
1748 661 2041 700 annorum

380 764 407 791 ‹‹
441 740 616 794 homo
642 739 701 792 in
733 754 848 808 quo
880 737 1106 791 editum
1141 743 1268 792 erat
1298 736 1529 808 signum
1549 736 1660 791 hoc
1687 735 2038 791 sanationis.

381 851 408 878 ‹‹
444 828 684 883 Dimissi
713 833 912 882 autem
943 831 1235 880 venerunt
1264 824 1339 880 ad
1371 843 1531 881 suos.
1567 847 1594 873 »

446 1097 594 1152 Cum
625 1112 659 1150 a
690 1095 989 1168 prioribus
1047 1093 1474 1149 afﬂictionibus
1529 1093 1797 1148 nondum
1845 1092 2036 1163 respi-

375 1193 608 1242 rassent
637 1185 911 1257 apostoli,
947 1184 1391 1255 dispensatione
1416 1183 1670 1255 quadam
1697 1183 1756 1237 in
1779 1181 1925 1237 alias
1947 1181 2039 1236 in-

377 1276 677 1332 cidebant.
715 1274 1016 1346 Siquidem
1054 1274 1332 1344 primum.
1368 1271 1716 1328 subsannati
1747 1277 2036 1326 suntom-

377 1383 486 1421 nes
510 1373 791 1437 tanquam
817 1365 984 1427 ebrii,
1013 1363 1212 1418 habita
1234 1363 1573 1434 suspicione
1595 1361 1668 1417 ob
1703 1361 2033 1416 efficaciam

383 1456 717 1527 ignotarum
750 1453 871 1510 illis
903 1454 1265 1525 linguarum.
1311 1453 1600 1511 Secundo.
1654 1451 1714 1506 in
1766 1451 2035 1523 pericula

379 1543 672 1599 incidunt.
707 1544 839 1599 Haec
872 1549 1070 1598 tamen
1104 1561 1223 1598 non
1255 1560 1384 1598 sese
1410 1543 1610 1598 statim
1647 1541 2035 1612 subsequun-

375 1636 486 1690 tur.
526 1632 626 1688 38
654 1632 757 1687 sed
789 1633 1047 1705 primum
1082 1633 1468 1688 concionibus
1499 1631 1819 1687 collaudati
1843 1636 1902 1685 et
1930 1645 2036 1701 per

374 1719 568 1775 claudi
616 1721 971 1776 miraculum
1033 1721 1106 1777 ad
1175 1719 1413 1776 dicendi
1475 1719 1813 1776 libertatem
1872 1717 2034 1773 velut

373 1811 698 1872 exercitati.
735 1811 851 1866 Deo
883 1811 1256 1882 potissimum
1293 1811 1696 1882 permittente,
1730 1809 1868 1863 hinc
1901 1822 2031 1862 cer—

371 1900 694 1955 taminibus
727 1907 1066 1971 tanguntur.
1101 1902 1182 1956 Tu
1212 1918 1346 1956 vero
1386 1901 1724 1956 Judazorum
1782 1898 2026 1954 technas

371 1990 680 2060 malosque
713 1991 878 2046 nisus
913 1991 1053 2046 hinc
1097 1991 1242 2045 mihi
1293 1991 1624 2045 considera.
1674 1991 1738 2043 In
1793 1988 2026 2044 Christo

373 2080 531 2133 enim
556 2081 902 2150 quaerebant
926 2081 1025 2151 qui
1059 2096 1192 2134 eum
1223 2080 1502 2145 traderet,
1537 2080 1631 2134 hic
1655 2084 1853 2134 autem
1882 2076 2023 2148 ipsi-

373 2179 490 2226 met
513 2171 791 2239 injiciunt
823 2189 1054 2227 manus.
1092 2172 1556 2226 conﬁdentiores
1581 2173 1704 2242 jam
1742 2186 1808 2224 ac
1840 2167 2024 2223 auda-

370 2260 559 2314 ciores
584 2267 972 2332 postcrucem
999 2257 1216 2329 eiTecti,
1258 2278 1391 2316 cum
1429 2261 1606 2316 etiam
1637 2258 1842 2330 templi
1877 2257 2025 2312 duce

373 2349 445 2405 ad
479 2351 859 2405 temerarium
893 2351 1124 2406 facinus
1155 2351 1246 2405 usi
1283 2351 1422 2416 sint,
1458 2351 1532 2404 ad
1574 2349 1877 2421 publicum
1911 2345 2028 2401 cri-

374 2456 511 2494 men
544 2439 699 2494 facta
730 2441 1115 2507 invertentes,
1165 2447 1223 2494 et
1275 2456 1394 2494 non
1444 2439 1518 2494 ad
1573 2438 1830 2510 privatas
1875 2435 2026 2490 ulci-

374 2530 660 2585 scendum
687 2531 960 2602 injurias,
984 2536 1160 2602 prout
1186 2531 1305 2585 illis
1335 2532 1516 2585 moris
1540 2535 1686 2585 erat.
1714 2531 1913 2599 Neque
1932 2542 2024 2581 re-

373 2626 468 2676 cta
525 2621 598 2676 ad
656 2621 1083 2676 incurrendum
1141 2621 1202 2675 in
1263 2621 1564 2693 apostolos
1625 2619 2024 2698 tetenderunt,

371 2727 590 2783 nempe
621 2718 935 2783 appetente
985 2727 1271 2782 vespera:
1329 2727 1459 2782 quae
1515 2709 1732 2766 Judzris
1785 2707 2026 2780 quidem

370 2801 512 2856 favit
543 2807 609 2855 ut
640 2800 713 2856 ad
751 2801 938 2857 malos
984 2808 1231 2857 conatus
1283 2800 1566 2872 temporis
1625 2800 1814 2870 spatio
1855 2798 2025 2870 juva-

374 2903 603 2961 rentur,
639 2896 698 2950 in
727 2901 949 2950 metum
979 2894 1355 2966 conjiciendo
1378 2894 1677 2966 apostolos
1705 2909 1810 2965 per
1835 2896 2026 2946 custo-
2112 2913 2116 2918 -

376 2983 557 3041 diam.
592 2991 650 3040 et
693 2984 831 3040 hinc
892 2984 1164 3040 emollire
1218 3001 1318 3039 eos
1377 2983 1616 3055 provide
1675 2980 2023 3054 cogitando:

375 3076 660 3145 apostolis
689 3092 827 3130 vero
868 3091 1035 3129 mora
1091 3074 1190 3129 Dei
1251 3074 1695 3145 dispensatione
1751 3071 2028 3127 ordinata

375 3169 482 3222 est.
519 3171 584 3218 ut
614 3163 829 3219 tierent
856 3163 1260 3220 audentiores.
1289 3163 1565 3228 Quinimo
1589 3179 1788 3218 coram
1821 3161 2028 3216 multi-

368 3253 580 3308 tudine
613 3271 714 3310 eos
747 3253 1028 3320 vinxisse,
1062 3253 1215 3309 clam
1246 3270 1380 3308 vero
1409 3253 1771 3318 examinare,
1806 3249 2022 3306 summi

337 3356 353 3364 '
371 3341 490 3397 doli
517 3349 675 3410 erat;
698 3361 814 3413 quo
839 3349 1132 3398 terrerent
1159 3343 1388 3414 eos.qui
1410 3359 1607 3398 coram
1636 3340 2023 3396 multitudine

365 3431 754 3498 vincirentur,
785 3438 843 3486 et
873 3433 981 3488 sub
1014 3432 1302 3487 tribunali
1335 3432 1840 3496 examinarentur,
1860 3428 2026 3483 vide-

367 3520 510 3576 licet
541 3527 824 3592 tanquam
884 3527 1394 3594 transgressores;
1457 3519 1705 3576 seorsim
1761 3535 1898 3573 vero
1947 3533 2023 3572 ne

368 3610 604 3665 dicendi
630 3611 1296 3682 libertatespectatores
1313 3608 1472 3681 quod
1497 3610 1700 3664 sanius
1724 3613 1813 3663 est
1842 3607 2025 3680 elige-

366 3706 520 3760 rent.
555 3701 730 3756 etiam
762 3701 834 3755 ob
867 3718 1070 3756 eorum
1103 3700 1203 3771 qui
1237 3699 1723 3754 examinarentur
1764 3697 2022 3752 admira-

368 3787 591 3845 tionem
617 3807 682 3845 ac
715 3790 1093 3846 miraculum.
1129 3791 1241 3845 Per
1271 3806 1449 3860 quam
1482 3805 1615 3843 vero
1645 3793 2018 3860 potestatem,

366 3897 707 3952 quanquam
744 3881 1020 3946 scientes,
1057 3881 1428 3951 interrogant
1487 3876 1804 3950 (quomodo
1859 3876 2018 3932 enim

361 3969 636 4041 ignorare
651 3976 943 4041 poterant,
968 3970 1066 4040 qui
1084 3977 1396 4041 propterea
1410 3986 1512 4024 eos
1528 3973 1844 4023 tenuerant
1860 3963 2019 4037 quod

361 4059 576 4115 Christi
608 4059 1109 4114 resurrectionem
1143 4059 1574 4113 annuntiarent
1592 4056 1643 4126 ‘?)
1675 4055 2018 4110 existiman-

358 4153 449 4203 tes
479 4165 581 4202 eos
611 4149 822 4202 timore
853 4147 1170 4202 tribunalis
1205 4153 1522 4216 negaturos
1550 4162 1563 4198 :
1614 4149 1670 4198 et
1701 4143 1892 4214 quasi.
1928 4143 2018 4214 ip-

361 4237 442 4292 sis
473 4237 553 4291 ita
586 4235 1112 4308 interrogantibus,
1148 4236 1445 4306 negotiam
1477 4249 1654 4288 omne
1696 4249 2015 4287 successu-

359 4341 492 4380 rum
527 4331 701 4380 esset.
741 4349 761 4376 α
791 4325 1037 4380 Fecistis
1075 4347 1100 4374 ››
1129 4331 1327 4380 autem
1370 4324 1599 4391 dicunt,
1634 4323 2018 4393 nempe,Qua

362 4420 653 4488 potestate
685 4412 928 4481 fecistis.
965 4419 1246 4485 tanquam
1282 4413 1570 4485 ipsorum,
1628 4428 1748 4466 non
1799 4410 2016 4466 Christi

359 4509 654 4576 potestate
679 4510 981 4575 peractum
1015 4510 1194 4559 esset.
1259 4503 1368 4557 Sed
1407 4519 1603 4572 neque
1657 4500 2015 4556 nominatim

2151 576 2178 604 ι(
2216 573 2368 621 μενοι
2401 554 2674 611 ἀπέλυσαν
2708 555 2925 621 αὐτοὺς,
2963 556 3130 632 μηδὲν
3160 558 3522 634 εύρίσκοντις,
3562 562 3647 626 τὸ,
3689 567 3808 627 πῶς

2151 666 2177 693 ‹‹
2210 639 2556 699 κολάσωνται
2587 644 2784 708 αὐτοὺς
2817 643 2906 700 διὰ
2937 648 3028 702 τὸν
3058 645 3210 712 λαὸν,
3245 649 3330 703 ὅτι
3381 651 3573 713 πάντες
3619 648 3806 722 ἐδόξα-

2151 739 2304 804 «ζον
2335 737 2427 791 τὸν
2469 737 2601 792 Θεὸν
2632 735 2719 791 ἐπὶ
2775 739 3043 813 γεγονότι.
3105 741 3272 797 Ἐτῶν
3325 741 3427 817 γὰρ
3484 743 3552 811 ἧν
3610 741 3802 799 πλειό·

2153 846 2180 874 ‹‹
2210 845 2316 878 νων
2347 826 2743 896 τεσσαράκοντα
2777 828 2804 882 ὁ
2837 827 3148 901 ἅνθρωπος,
3199 829 3281 907 ἐφ’
3335 829 3392 885 δν
3450 831 3687 907 ἐγεγόνει
3741 834 3803 888 τὸ

2150 935 2179 964 ‹‹
2213 919 2442 986 σημεῖον
2472 919 2633 970 τοῦτο
2658 922 2757 986 τῆς
2800 915 3013 980 ἰάσεως.
3066 918 3459 984 ’Δπολυθὲντες
3517 917 3574 975 δὲ
3628 921 3801 991 ἦλθον

2154 1021 2177 1050 α
2209 1003 2348 1077 πρὸς
2369 1001 2498 1064 τοὺς
2531 1001 2727 1067 ἲδίους.
2763 1028 2791 1056 ››

2217 1092 2388 1148 Οὔπω
2425 1096 2535 1147 τῶν
2596 1095 2873 1168 προτέρων
2933 1093 3348 1153 ἀναπευσάντων
3406 1103 3515 1154 τῶν
3575 1098 3806 1156 ἀποστό-

2147 1177 2258 1235 λων
2289 1185 2628 1255 πειρασμῶν,
2677 1183 2754 1245 είς
2803 1184 3019 1260 ὲτὲρους
3079 1181 3356 1242 ὶνὲϐαινον
3414 1187 3803 1263 ο’κονομικῶς.

2149 1275 2369 1346 Πρῶτον
2427 1273 2523 1346 μὲν
2577 1276 2682 1352 γὰρ
2740 1273 3152 1351 ἐχλευάσθησαν
3213 1278 3291 1342 εῒς
3365 1280 3534 1352 μέθην
3591 1281 3804 1351 πάντες,

2147 1361 2564 1427 ὑποπτευθέντες
2615 1367 2716 1436 τήν
2771 1370 2880 1421 τῶν
2942 1369 3233 1442 ἀγνώστων
3289 1369 3478 1434 αὐτοῖς
3535 1370 3805 1445 γλωσσῶν

2145 1451 2438 1530 ἐνέργειαν.
2475 1457 2752 1532 Δεύτερον,
2787 1456 2863 1519 εἰς
2920 1455 3205 1523 κινδύνους
3259 1455 3631 1535 ἑμϐαίνουσιν.
3689 1459 3808 1518 Οὐκ

2146 1541 2334 1621 ἐφεξῆς
2395 1541 2450 1599 δὲ
2506 1547 2696 1615 ταῦτα,
2755 1545 2901 1602 ἀλλὰ
2957 1553 3176 1623 πρῶτον
3233 1555 3357 1614 ταῖς
3427 1547 3805 1629 δημηγορίαις

2144 1648 2628 1726 εὐδοκιμήσαντες,
2686 1655 2778 1709 καὶ
2857 1656 3024 1711 οἷονεῖ
3112 1656 3579 1734 ἐγγυμνασάμενοι
3663 1659 3806 1734 πρὸς

2145 1739 2447 1818 παρρησίαν
2490 1739 2580 1798 διὰ
2633 1748 2731 1799 τοῦ
2788 1746 3070 1819 θαύματος
3126 1751 3223 1802 τοῦ
3282 1748 3498 1822 χωλοῦ,
3563 1747 3803 1821 μάλιστα

2145 1835 2278 1886 Θεοῦ
2319 1835 2810 1910 συγχωρήσαντος,
2876 1836 2939 1890 τὸ
2997 1835 3232 1892 ἐιτεῦθεν
3291 1842 3399 1892 τῶν
3458 1837 3686 1914 ἀγώνων
3736 1833 3800 1894 ἄ-

2137 1941 2380 1979 πτονται,
2418 1921 2619 1977 Σκόπει
2650 1920 2707 1978 δὲ
2740 1945 2834 1997 μοι
2895 1923 3132 1981 ἐντεῦθεν
3190 1927 3292 1994 τήν
3349 1931 3461 1982 τῶν
3523 1924 3806 1983 Ἰουδαίων

2137 2009 2690 2085 κακοπραγμοσύνην.
2753 2013 2874 2069 Ἑπῖ
2943 2014 3036 2086 μὲν
3093 2015 3194 2091 γὰρ
3253 2017 3351 2070 τοῦ
3408 2017 3648 2091 Χριστοῦ
3703 2017 3800 2072 τὸν

2139 2097 2533 2173 παραδώσοντα
2564 2101 2724 2156 αὐτὸν
2783 2099 3036 2173 ὲζήνουν,
3096 2103 3322 2159 ἐνταῦθα
3381 2102 3438 2160 δὲ
3491 2105 3648 2161 αὐτοὶ
3701 2105 3802 2170 τὰς

2138 2195 2330 2268 χεῖρας
2373 2187 2760 2262 ἐπιϐάλλουσι,
2819 2192 3140 2270 θρασύτεροι
3195 2193 3286 2249 ναὶ
3344 2194 3647 2269 τολμητίαι
3697 2216 3802 2251 κα-

2136 2280 2422 2342 ταστάντες
2453 2279 2649 2336 λοιπὸν
2683 2283 2819 2354 μετά
2847 2283 2937 2337 τὸν
2979 2286 3230 2356 σταυρόν.
3281 2284 3402 2362 ’Λφ’
3458 2286 3520 2339 οὗ
3573 2287 3663 2340 καὶ
3717 2291 3804 2360 τῷ

2137 2373 2428 2446 στρατηγῷ
2458 2375 2554 2426 τοῦ
2587 2371 2738 2445 ἱεροῦ
2769 2373 2905 2445 πρὸς
2934 2373 3033 2442 τήν
3066 2371 3285 2446 τόλμην
3336 2373 3665 2450 ἐχρήσαντο,
3717 2373 3803 2438 είς

2138 2474 2406 2551 δημόσιον
2435 2477 2707 2554 ἔγκλημα,
2750 2479 2841 2535 καὶ
2900 2480 2998 2535 οὐκ
3051 2477 3352 2549 ἰδιωτικὸν,
3410 2481 3477 2537 τὰ
3533 2481 3799 2560 γενόμενα

2141 2566 2584 2643 μετατρέποντες,
2617 2573 2692 2634 ὡς
2751 2567 2871 2635 ἔθος
2929 2573 3134 2637 αὐτοῖς.
3191 2575 3310 2630 Ούκ
3366 2574 3675 2655 ἐχρήσαντο
3735 2571 3799 2629 δὲ

2137 2659 2372 2733 παρευθὺ
2447 2663 2514 2735 τῇ
2599 2661 2738 2716 κατὰ
2819 2666 2926 2717 τῶν
3015 2662 3336 2718 ἀποστόλων
3420 2663 3793 2731 ἐπισυστάσει,

2137 2749 2365 2827 ἐσπέρας
2397 2749 2554 2821 δῆθεν
2588 2748 2983 2826 ἐπιλαϐούσης.
3046 2756 3142 2810 Καὶ
3183 2762 3300 2821 τοῖς
3352 2755 3638 2820 Ἰουδαίοις
3696 2759 3797 2830 μὲν

2137 2841 2224 2897 ἐπὶ
2254 2844 2550 2917 κακουργίᾳ
2580 2846 2890 2920 χρήσασθαι
2948 2850 3018 2921 τῇ
3077 2845 3354 2927 ἐκεχειρία
3414 2849 3668 2924 ὑπῆρξεν,
3713 2849 3798 2912 εἷς

2135 2933 2304 2988 πτόαν
2334 2928 2676 3006 ἐμϐαλλουαι
2711 2931 2800 2990 διὰ
2826 2939 2926 3001 τῆς
2977 2935 3252 3014 φυλακῆς,
3310 2939 3398 2993 καὶ
3454 2939 3626 3015 ταύτῃ
3684 2961 3800 3012 μα-

2137 3021 2294 3092 λάξαι
2323 3023 2519 3085 αὐτοὺς
2549 3029 3032 3099 προμηθουμὲνοις
3107 3033 3230 3090 Τοῖς
3285 3028 3616 3093 ἀποστόλοις
3663 3025 3721 3084 δὲ
3755 3031 3796 3100 ἡ

2137 3108 2380 3182 ἀναϐολή
2415 3116 2552 3189 πρὸς
2590 3117 2652 3170 τὸ
2711 3113 3068 3193 θρασυτέρους
3125 3118 3368 3192 γενέσθαι
3427 3117 3796 3192 ᾠκονομηθη.

2058 3221 2100 3286 C
2135 3204 2314 3261 Ἀλλὰ
2339 3226 2402 3282 γε
2434 3202 2499 3275 δὴ
2533 3206 2622 3261 καὶ
2653 3207 2714 3262 τὸ
2745 3204 2975 3263 ἐνώπιον
3013 3209 3109 3282 μὲν
3160 3213 3257 3265 τοῦ
3287 3208 3536 3280 πλήθους
3583 3207 3798 3282 δεσμῆ-

2134 3315 2244 3364 σαι,
2287 3293 2562 3368 λαθραίως
2595 3296 2646 3351 εέ
2677 3297 2977 3372 ἀνακρῖναι,
3018 3305 3120 3367 τῆς
3183 3297 3352 3370 ἄκρας
3408 3299 3475 3369 ἦν
3533 3295 3796 3370 δολιότη-

2129 3405 2243 3446 τος,
2276 3379 2587 3461 φοϐούντων
2653 3386 2746 3458 μὲν
2803 3386 2930 3449 τοὺς
2986 3384 3397 3462 δεσμουμένους
3451 3393 3793 3445 κατενώπιον

2129 3475 2227 3527 τοῦ
2257 3470 2528 3541 πλήθους,
2588 3472 2885 3541 ἐταζόντων
2946 3472 3004 3530 δὲ
3064 3477 3169 3532 ὑπὸ
3229 3473 3565 3553 δικαστηρίῳ
3623 3477 3790 3549 δῆθεν

2129 3578 2205 3641 ὡς
2241 3583 2713 3652 παρανομοῦνταςο
2747 3582 2866 3636 κατ’
2898 3579 3037 3637 ἰδίαν
3085 3580 3164 3653 δὲ,
3194 3588 3275 3656 τῷ
3328 3587 3404 3658 μή
3449 3589 3517 3651 τῆ
3575 3586 3791 3643 τούτων

2127 3667 2406 3746 παρρησίᾳ
2435 3669 2562 3731 τοὺς
2593 3669 2782 3734 θεατὰς
2830 3671 2894 3726 τὸ
2954 3669 3172 3747 βέλτιον
3228 3671 3467 3747 ἒλέσθαι,
3523 3675 3614 3730 καὶ
3676 3675 3788 3731 ὑπὸ

2128 3758 2361 3832 θαύματι
2387 3763 2496 3814 τῶν
2529 3756 2892 3834 ἐταζομένων.
2928 3763 3016 3819 Ἐν
3076 3763 3211 3835 ποίᾳ
3269 3761 3326 3819 Si
3383 3761 3611 3836 δυνάμει
3668 3765 3784 3821 καί·

2125 3870 2210 3904 τοι
2243 3848 2447 3911 εἰδότες
2473 3849 2717 3924 ἐρωτῶσι
2753 3856 2892 3921 (πῶς
2940 3852 3046 3929 γὰρ
3105 3852 3204 3908 οὐκ
3241 3851 3446 3916 εἰδότες
3485 3855 3537 3909 οἱ
3581 3853 3669 3909 διὰ
3715 3857 3783 3911 τὸ

2125 3938 2518 4015 καταγγέλλειν
2571 3944 2669 3994 τοῦ
2718 3941 2954 4016 Χριστοῦ
3009 3944 3108 4010 τήν
3193 3943 3480 4000 ἀνάστασιν
3529 3945 3794 4020 κατέχον-

2123 4051 2210 4092 τες
2265 4030 2465 4092 αύτούς
2503 4033 2563 4098 ς).
2625 4031 2871 4104 οἷ’ύμενοι
2951 4037 3030 4104 τῷ
3078 4030 3183 4088 δέει
3265 4038 3365 4090 τοῦ
3426 4032 3788 4109 δικαστηρίου

2125 4118 2376 4194 ἐξάρνους
2411 4116 2607 4179 αὸτούς
2631 4121 2896 4197 γενέσθαι,
2925 4122 3016 4177 καὶ
3071 4124 3135 4178 τὸ
3183 4129 3287 4179 πᾶν
3351 4124 3546 4185 αὐτοῖς
3605 4124 3787 4188 οὓτως

2125 4226 2370 4302 ἐρωτῶσι
2403 4225 2491 4282 διὰ
2539 4226 2734 4284 τούτου
2797 4230 3048 4306 ὑπάρξαι.
3083 4252 3108 4277 α
3136 4232 3487 4304 Ἐποιήσατε,
3527 4259 3547 4284 ι
3583 4231 3640 4289 δέ
3688 4253 3792 4312 φα-

2123 4337 2232 4385 σιν,
2264 4317 2407 4383 οἷον,
2442 4317 2582 4390 Ποίᾳ
2612 4316 2837 4393 δυνάμει
2867 4317 3179 4391 ἐποιήσατε,
3214 4321 3288 4384 ὡς
3334 4322 3535 4392 αὐτῶν,
3587 4324 3650 4378 οὗ
3680 4327 3784 4379 τοῦ

2123 4407 2362 4478 Χριστοῦ
2415 4409 2486 4480 τῇ
2542 4403 2768 4482 δυνάμει
2827 4413 2924 4463 τοῦ
2983 4407 3378 4486 ἒνηργημὲνου.
3435 4409 3589 4469 Ἀλλ’
3648 4409 3785 4468 οὐδὲ

2125 4494 2385 4568 ὀνομαστὶ
2443 4501 2540 4552 τοῦ
2609 4496 2807 4575 χωλοῦ
2891 4496 3111 4576 ἔφασαν.
3201 4501 3590 4576 Ἀπεπνίγοντο
3673 4505 3781 4578 γὰρ

357 4593 637 4648 claudum
673 4593 988 4649 dixerunt:
1026 4609 1094 4648 ex
1125 4595 1235 4648 hoc
1283 4591 1443 4647 enim
1506 4591 1653 4646 adeo
1715 4590 2013 4659 angeban-

2135 4585 2306 4658 τούτῳ
2363 4585 2440 4648 ὡς
2504 4583 2636 4659 μηδ’
2695 4587 2963 4662 ὀνομάσαι
3051 4588 3254 4646 ἐθέλειν
3313 4593 3413 4660 τήν
3469 4591 3782 4667 θεραπείαν,

359 4688 473 4742 tur.
505 4691 569 4739 ut
592 4701 786 4755 neque
809 4701 1011 4739 curam
1041 4683 1346 4738 nominare
1369 4680 1750 4736 vellentldeo
1774 4697 2014 4753 respon-

357 4773 444 4828 dit
474 4776 680 4829 Petrus
711 4791 724 4831 :
761 4776 1008 4829 Nomine
1039 4775 1174 4828 Jesu
1210 4771 1424 4828 Christi
1478 4771 1783 4835 Nazareni,
1836 4785 2013 4842 quem

355 4879 454 4916 vos
489 4863 890 4925 cruciﬁxistis,
926 4881 1060 4918 cum
1095 4863 1329 4935 abjecta
1360 4862 1552 4932 patria
1583 4867 1641 4916 et
1671 4860 2013 4933 passionem

356 4949 560 5005 dicens
585 4959 642 5005 et
665 4951 1615 5008 resurrectionem.Praedicamus.
1651 4949 1848 5020 inquit
1903 4949 2010 5004 hu-

355 5042 545 5096 milia.
579 5048 820 5112 propter
843 5041 1120 5097 eximiam
1148 5039 1644 5095 resurrectionem
1663 5039 2012 5112 gloriantes.

363 5131 468 5186 Ubi
503 5137 701 5185 autom
738 5132 827 5185 his
860 5131 1238 5186 sermonibus
1272 5146 1373 5185 eos
1396 5128 2013 5200 stimulasset.adjun-

354 5221 438 5292 git
470 5221 644 5274 etiam
699 5238 829 5291 quae
861 5238 895 5276 a
925 5221 1230 5292 Scriptura
1289 5225 1448 5286 sunt,
1500 5219 1760 5290 lapidem
1809 5219 2015 5274 dicens

354 5311 724 5382 angularem,
761 5317 817 5366 et
848 5312 894 5366 si
929 5311 1072 5383 quid
1133 5317 1310 5367 antea
1369 5309 1441 5365 de
1503 5310 1612 5366 hac
1679 5327 1743 5364 re
1777 5327 1810 5366 a
1840 5313 2015 5372 nobis

352 5405 668 5455 tractatum
699 5407 807 5456 est.
843 5400 1170 5455 Considera
1196 5417 1330 5454 \‘ero
1355 5399 1514 5470 quod
1541 5399 1641 5452 ubi
1674 5400 1888 5457 docere
1919 5422 2018 5478 op-

352 5496 676 5562 portunum
706 5490 995 5554 est,etiam
1025 5489 1365 5560 prophetias
1384 5488 1690 5543 adducunt
1734 5489 1833 5546 39
1859 5499 1923 5548 ut
1953 5495 2013 5550 in

354 5580 540 5651 priori
567 5580 889 5636 concione:
912 5579 1151 5651 quando
1173 5586 1375 5635 autem
1402 5579 1593 5633 solum
1619 5579 1806 5636 libere
1825 5582 2013 5656 loqui,

353 5671 716 5729 sententiam
746 5669 983 5726 ferunt:
1020 5671 1220 5743 Neque
1254 5669 1416 5726 enim
1447 5674 1536 5725 est
1582 5669 1746 5727 aliud
1794 5689 2014 5736 nomen

2125 4674 2322 4747 Διόπερ
2355 4675 2382 4729 ὁ
2436 4673 2662 4745 Πέτρος,
2713 4679 2809 4750 Τῷ
2865 4677 3093 4751 ὀνόματι
3152 4680 3334 4751 Ἰησοῦ
3381 4684 3626 4756 Χριστοῦ
3681 4684 3785 4736 τοῦ

2125 4763 2467 4836 Ναζωραίου,
2495 4763 2552 4818 ὃν
2616 4764 2772 4837 ὑμεῖς
2831 4766 3224 4844 ἐσταυρώσατε,
3279 4768 3625 4845 ἀπεκρίνατο,
3685 4767 3782 4824 σὺν

2121 4874 2190 4944 τῇ
2245 4870 2458 4926 εὐτελεῖ
2512 4871 2732 4947 πατρίδι
2790 4875 2880 4930 καὶ
2937 4877 3002 4934 τὸ
3056 4881 3228 4940 πάθος
3287 4877 3453 4934 εἰπὼν
3530 4878 3621 4934 καὶ
3677 4879 3781 4949 τὴν

2122 4959 2427 5020 ἀνάστασιν.
2483 4962 2848 5037 Κηρύττομεν
2905 4966 2970 5020 τὰ
3025 4969 3256 5024 ταπεινὰ
3314 4965 3403 5022 διὰ
3455 4971 3553 5024 τοῦ
3613 4968 3783 5042 ὑπερο

2124 5053 2290 5125 φυοῦς
2321 5057 2417 5117 τῆς
2453 5050 2789 5115 ἀναστάσεως
2846 5051 3320 5130 ἐμπῦμπεύοντὲς.
3377 5057 3607 5118 Τούτοις
3660 5060 3780 5120 τοῖς

2122 5136 2316 5213 λόγοις
2346 5135 2557 5210 πλήξας
2586 5141 2808 5212 αὖτοὺς,
2858 5146 3188 5220 προστίθησι
3243 5146 3334 5202 καὶ
3391 5147 3457 5202 τὰ
3511 5146 3622 5202 ἀπὸ
3677 5152 3780 5216 τῆς

2125 5231 2366 5304 Γραφῆς,
2406 5230 2499 5284 τὸν
2530 5227 2685 5286 λίθον
2720 5234 2866 5310 φημί
2913 5236 3004 5291 τὸν
3061 5235 3480 5312 ἆκρογωνιαῖον,
3525 5235 3615 5291 καὶ
3649 5235 3702 5290 εἷ’
3724 5255 3780 5290 τι

2124 5318 2468 5390 περὶτούτου
2501 5319 3119 5397 προδιείληπταιὴμῖν.
3174 5327 3378 5382 Σκόπει
3429 5325 3508 5394 δὲ,
3560 5325 3642 5381 ὅτι
3693 5323 3785 5380 ὅτε

2128 5407 2222 5480 μὶν
2253 5403 2465 5478 δ.δ;ἕξαι
2498 5410 2687 5486 ἐχρῆν,
2742 5416 2831 5469 καὶ
2895 5418 3234 5494 προφητείας
3288 5417 3640 5492 προάγουσιν,
3704 5416 3783 5480 ὡς

2123 5496 2212 5552 ἐπὶ
2267 5505 2364 5569 τῆς
2422 5501 2648 5571 πρώτης
2706 5499 3082 5580 δημηγορίας,
3146 5508 3236 5564 ὅτε
3294 5505 3351 5564 δὲ
3404 5506 3782 5582 παρρησιάσα-

2128 5589 2249 5676 σθαι
2311 5589 2503 5662 μόνον,
2559 5591 2972 5669 ἀποφαίνονται.
3032 5594 3172 5656 Οὔτε
3228 5601 3330 5676 γάρ
3384 5597 3526 5654 ἐστιν
3597 5594 3782 5672 ἕτερον

2123 5673 2322 5753 ὄνομα,
2355 5679 2511 5758 φησί,
2559 5683 2620 5737 τὸ
2679 5679 2994 5760 δεδομένον.
3056 5687 3160 5748 Καὶ
3210 5673 3266 5748 τί
3303 5673 3508 5760 τοῦτο,
3563 5685 3778 5766 εἴρηται
