4160 6440
421 337 537 398 101

1415 333 1818 402 CONMENT.
1866 327 1956 398 ΙΝ
2001 325 2209 398 ACTA
2253 333 2871 405 APOBTOLORUM.

3746 354 3863 412 102

420 469 560 541 ἤδη.
591 466 734 546 Πρός
762 466 1006 528 Πιλᾶτον
1064 466 1125 527 δὶ
1155 470 1257 527 οὔκ
1310 469 1504 547 ἄγουσι
1553 469 1687 534 τοὺς
1719 469 1934 527 »ἀποστό
1962 468 2095 531 λους

2228 471 2886 546 latum,inquit.thuid
2907 476 3018 534 hoc
3039 476 3260 548 sitjam
3285 476 3506 537 dictum
3534 487 3622 538 est
3648 483 3866 543 Verum

432 561 509 622 ὡς
541 560 630 615 τὸν
661 561 915 631 Χριστὸν,
968 559 1097 616 ἀλλ’
1151 561 1304 616 αὖτοί
1363 560 1664 638 κρίνουσιν⁹
1697 560 2086 640 αἰσχυνόμενοι

428 649 525 705 καὶ
583 649 992 724 ἐρυθριὰζοντες
1043 650 1112 705 τὰ
1165 651 1451 726 πρότερον,
1510 651 1600 706 καὶ
1654 649 1958 714 δεδοικότες
2016 649 2092 722 μή

434 740 546 814 ἀπο
576 739 782 795 τούτων
814 739 906 794 καὶ
942 740 1077 814 ὑπὲρ
1109 739 1314 796 ἐκείνου
1343 739 1681 816 ἐγκληθῶσι,

508 943 537 971 ‹‹
569 918 674 975 Καὶ
730 919 1071 993 ἀπήγγειλαν
1131 920 1231 974 ὅσα
1285 919 1424 994 πρὸς
1475 920 1674 980 αὐτοὺς
1724 915 1776 973 δὶ
1822 919 2099 993 ἀρχιερεῖς

439 1037 469 1065 α
501 1012 593 1067 καὶ
625 1013 677 1067 οἱ
713 1007 1073 1087 πρεσϐύτεροι
1132 1011 1306 1070 εἷπον.
1367 1011 1431 1065 Οἱ
1488 1007 1547 1065 δὲ
1593 1009 1912 1070 ἀκούσαντες
1960 1008 2098 1080 ὁμο-

443 1127 468 1158 ι
502 1100 746 1178 Θυμαδὸν
801 1104 939 1174 ἦραν
995 1104 1180 1181 φωνὴν
1239 1102 1376 1178 πρὸς
1435 1101 1528 1156 τὸν
1587 1101 1718 1156 Θεὸν
1764 1099 1853 1155 καὶ
1887 1099 2036 1154 εἶπον
2072 1118 2096 1149 υ

431 1193 591 1272 (οὐχὶ
645 1192 968 1271 φιλοτιμίας
1015 1189 1198 1248 ἕνεκεν
1241 1189 1582 1266 διηγοῦνται,
1637 1189 1784 1246 ἀλλὰ
1837 1195 1940 1258 τῆς
1977 1193 2104 1262 Χρι-

432 1288 572 1338 στοῦ
627 1284 856 1358 χάριτος
941 1283 1007 1336 τὰ
1080 1283 1352 1354 τεκμήρια
1437 1277 1872 1347 ἐπιδεικνύντες)ο
1937 1301 1956 1327 ιι
2013 1277 2103 1331 Δέ-

439 1395 463 1425 ι
501 1393 700 1441 σποτα,
733 1369 795 1426 σὺ
835 1372 864 1426 ὁ
913 1371 1068 1440 Θεὸς,
1101 1372 1128 1425 ὁ
1157 1371 1394 1441 ποιήσας
1444 1371 1537 1425 τὸν
1597 1367 1846 1442 οὐρανὸν,
1879 1388 1969 1422 και
2001 1368 2100 1436 τήν

439 1485 464 1516 ο
500 1469 634 1539 γῆν,
669 1461 760 1517 καὶ
789 1463 888 1530 τήν
950 1459 1250 1529 θάλασσαν,
1305 1459 1394 1514 καὶ
1455 1461 1629 1514 πάντα
1656 1459 1722 1514 τὰ
1752 1457 1803 1512 ἐν
1832 1456 2041 1528 αὐτοῖς,
2075 1457 2103 1511 ὁ

436 1578 463 1603 ‹‹
499 1549 590 1606 διδ⁸
616 1551 886 1625 στόματος
921 1549 1084 1606 Δαυῗδ
1115 1547 1312 1612 παιδός
1345 1569 1442 1604 σου
1473 1547 1667 1607 εἰπών.
1711 1574 1731 1603 ι

508 1644 645 1713 Ὅρα
699 1645 817 1703 πῶς
867 1640 1008 1696 ἐστιν
1065 1635 1425 1715 ἠκριϐωμένη
1485 1639 1575 1694 καὶ
1628 1639 1766 1694 κατὰ
1809 1639 2032 1714 καιροὺς
2067 1640 2102 1708 ἡ

437 1734 652 1787 τούτων
686 1731 850 1807 εῦχή·
883 1730 976 1786 ὅτε
1019 1731 1115 1804 μὶν
1169 1731 1272 1806 γὰρ
1311 1731 1403 1786 τὸν
1462 1728 1610 1801 ἄξιον
1660 1729 1737 1791 εἷς
1791 1726 2106 1797 ἀποστολὴν

439 1823 632 1892 ἠξίουν
681 1819 971 1896 δειχθῆναι
1025 1821 1232 1882 αὐτοῖς·
1295 1818 1393 1889 Σὺ,
1447 1819 1725 1895 εὔχονται,
1759 1819 1939 1892 Κύριε,
1969 1839 2103 1894 καρ·
2137 1857 2182 1922 Β

437 1909 744 1987 διογνῶστα
776 1912 1016 1970 πάντων,
1078 1909 1447 1986 ῐιρογνώσεως
1504 1909 1608 1986 γάρ
1665 1908 1732 1977 ἦν
1779 1906 1892 1963 ἐκεῖ
1919 1911 2099 1982 χρεία.

433 2000 668 2069 Ἐπειδή
727 1998 786 2055 δὲ
840 1997 1070 2054 ἐνταῦθα
1148 1998 1276 2061 τοὺς
1357 1997 1762 2070 ἀντικειμένους
1814 1997 2102 2068 ἐπιστομι-

435 2096 631 2161 σθῆναι
677 2089 870 2166 ἐχρῆν,
932 2116 952 2140 ι
1001 2087 1263 2157 Δέσποτα,
1295 2116 1323 2146 ››
1381 2083 1735 2144 ἐπιϐοῶνται.
1773 2086 1868 2142 Καὶ
1920 2083 2103 2161 ὥσπερ

441 2184 714 2253 συνθήκας
770 2180 1129 2240 ἀπαιτοῦντες
1212 2179 1372 2234 αὐτον
1455 2179 1556 2246 τὴν
1634 2176 1968 2256 προφητείαν
2029 2175 2106 2237 εἷς

447 2274 614 2347 μὲσον
675 2269 920 2346 ἄγουσιν,
983 2269 1098 2342 ἅμα
1154 2268 1243 2323 καὶ
1311 2267 1534 2329 ἑαυτοὺς
1593 2266 2103 2340 παραμυθούμενοι,

442 2364 525 2419 ’ὅτι
593 2360 712 2430 εἰκῆ
761 2359 852 2415 καὶ
907 2359 1026 2414 κατ’
1083 2357 1258 2414 αῦτῶν
1315 2358 1406 2412 καὶ
1465 2361 1634 2419 κενῶς
1699 2355 1996 2429 μελετῶσιν
2053 2355 2106 2408 οἱ

449 2452 671 2532 ἐχθροί.
729 2443 929 2505 Σκόπει
984 2446 1043 2504 δὶ
1095 2448 1186 2504 καὶ
1245 2447 1558 2503 ἐπιείκειαν.
1592 2445 1671 2506 0'3
1710 2446 1811 2522 γὰρ
1846 2441 2107 2520 εὔχονται

444 2541 779 2618 καταῤῥὰξαι
811 2541 1010 2603 αὐτοὺς
1069 2539 1161 2595 καὶ
1217 2533 1570 2607 καταϐαλεῖν,
1612 2536 1763 2608 ἀλλ’,
1795 2533 1990 2595 Ἔπιδε
2019 2535 2106 2590 ἐπὶ

441 2634 540 2696 τὰς
586 2631 816 2693 ἀπειλὰς
845 2631 1048 2701 αὐτῶν,
1106 2629 1197 2685 καὶ
1250 2627 1344 2687 δὸς
1394 2633 1514 2693 τοῖς
1543 2624 1766 2690 δούλοις
1817 2648 1914 2682 σου
1976 2625 2110 2699 μετᾶ

447 2721 760 2798 παῤῥησῖας
816 2721 996 2788 πάσης
1044 2714 1234 2776 λαϐεῖν
1287 2719 1380 2774 τὸν
1441 2717 1608 2792 λόγον
1667 2737 1762 2772 σου
1812 2716 1864 2771 ἐν
1905 2720 1984 2787 τῷ
2007 2715 2106 2784 τήν

445 2811 613 2889 χεῖρα
657 2833 754 2866 σου
814 2809 1070 2874 ἰκτεῖναι,
1128 2809 1408 2864 τουτέστιν
1440 2807 1491 2862 ἐν
1519 2811 1600 2880 τῷ
1627 2808 1727 2874 τήν
1759 2806 1980 2881 ἄμαχόν
2012 2825 2110 2859 σου

1124 2901 1293 2972 ἡμᾶς.
1377 2899 1553 2954 Τοῦτο
1629 2897 1733 2972 γαρ
1794 2895 2015 2951 ἐνταῦθα
2073 2895 2109 2964 ἡ

449 2993 604 3069 χείρ,
634 2993 743 3059 Τὴν
777 2987 994 3065 ἄμαχον
1044 2988 1145 3065 γὰρ
1205 2986 1433 3061 δύναμιν
1479 2984 1684 3056 δηλοῦν
1721 2984 2000 3060 βούλεται,
2036 2984 2110 3047 ὡς

446 3083 537 3139 ἐπὶ
571 3086 692 3146 τοῦ,
729 3104 753 3134 ι
787 3081 846 3136 Ἡ
881 3079 1006 3155 χείρ
1053 3100 1150 3132 σου
1207 3076 1330 3147 ἔθνη
1391 3076 1809 3150 ἐξωλόθρευσεν.
1845 3097 1868 3120 π
1899 3075 2024 3131 Ἐπὶ
2056 3069 2114 3129 δὲ

447 3177 549 3229 τοῦ
611 3170 890 3244 ἀνωτέρω,
947 3171 1032 3239 τὸ,
1097 3169 1215 3224 οἮ
1277 3167 1401 3243 χείρ
1461 3187 1556 3221 σου
1613 3168 1701 3222 καὶ
1735 3167 1770 3236 ἡ
1806 3163 1981 3240 βουλή
2017 3185 2114 3219 σου

452 3266 757 3340 προώρισε,
794 3285 821 3313 υ
848 3263 883 3330 ἡ
917 3262 1043 3336 χείρ
1095 3260 1158 3315 τὸ
1220 3259 1354 3333 μετὰ
1385 3256 1558 3332 λόγου
1588 3257 1678 3312 καὶ
1712 3255 1944 3319 δεόντως
1975 3254 2122 3330 παρᾶ

454 3357 594 3408 Θεοῦ
654 3353 724 3406 τὰ
776 3350 953 3407 πάντα
1010 3347 1340 3424 ὃιεξάγεσθαι
1401 3344 1587 3418 δηλοῖ’
1648 3347 1732 3401 ὅτι
1784 3345 1873 3400 καὶ
1910 3344 2049 3418 μόνη
2083 3345 2118 3413 ἡ

456 3443 717 3506 σύνθετος
743 3440 905 3518 φύσις
931 3438 1020 3495 καῖ
1055 3438 1279 3513 λογική,
1327 3439 1446 3507 ἣτις
1505 3438 1607 3492 οὐκ
1660 3436 1806 3507 ἁΛλη
1840 3435 1874 3505 ἧ
1909 3436 2122 3508 ἄνθρω-

460 3554 590 3600 πος,
647 3529 796 3608 χειρὶ
855 3529 932 3592 ὡς
991 3525 1186 3584 ἐπ’ἷπαν
1265 3527 1334 3582 τὰ
1417 3524 1825 3602 χριιωδέστατα
1883 3523 2119 3580 ἐκτελεῖν

449 2901 582 2958 ὂῦνα
592 2923 682 2974 μιν
763 2899 1036 2975 περιέπειν

470 3620 657 3679 εἶ’ωθιν
668 3665 682 3678 .

549 3916 579 3942 ιι
608 3892 710 3949 Ἵνα
761 3892 816 3946 τί
858 3888 1127 3966 ἐφρύαξαν
1188 3885 1338 3958 ἔθνη,
1424 3886 1514 3941 καὶ
1601 3882 1725 3940 λαοὲ
1783 3881 2117 3956 ἐμελέτησαν

476 4003 498 4031 ε
528 3982 691 4047 κενάς
723 3981 1068 4055 παρέστησαν
1103 3977 1154 4032 οἷ
1209 3975 1452 4053 βασιλεῖς
1513 3982 1616 4045 τῆς
1665 3982 1791 4052 γῆς,
1822 3973 1910 4029 καὶ
1944 3974 1997 4028 οἱ
2025 3970 2119 4046 ἅρ-

471 4093 499 4122 ‹‹
528 4088 718 4145 χοντες
745 4070 1098 4148 συνήχθησαν
1154 4065 1244 4121 ἐπὶ
1299 4067 1362 4121 τὸ
1416 4065 1546 4120 αὐτὸ
1594 4063 1731 4118 κατὰ
1777 4067 1874 4118 τοῦ
1925 4062 2121 4137 Κυρίου

464 4160 616 4214 «καὶ
674 4158 808 4214 κατὰ
862 4161 958 4212 τοῦ
1014 4157 1252 4230 Χριστοῦ
1329 4152 1514 4212 αὐτοῦ.
1603 4156 1966 4228 Συνήχθησαν
2019 4152 2122 4227 γὰρ

464 4276 493 4303 (ι
530 4249 616 4305 ἐπ’
647 4247 910 4320 ἀληθείας
967 4245 1058 4301 ἐπὶ
1117 4246 1208 4300 τὸν
1263 4245 1418 4319 ἅγιον
1467 4241 1640 4298 παῖδά
1671 4263 1768 4297 σου
1794 4245 2029 4313 Ἰησοῦν,
2065 4243 2123 4296 δν

457 4367 487 4392 ι(
520 4335 772 4416 ἔχρισας,
805 4333 1061 4411 Ἢρὼδης
1090 4355 1149 4390 τε
1179 4334 1269 4390 καὶ
1297 4333 1526 4396 ῐίόντιος
1562 4332 1816 4394 Πιλᾶτος.
1852 4359 1873 4387 ι

536 4525 677 4578 Ποῖα
729 4518 858 4589 ’ἔθνη
917 4517 1183 4594 ἐφρύαξαν
1229 4517 1364 4571 κατὰ
1418 4519 1516 4571 τοῦ
1575 4517 1854 4583 Χριστοῦς
1903 4514 1984 4569 Τὰ
2011 4517 2120 4569 τῶν

2207 565 2510 634 apostolos
2545 583 2666 620 non
2698 567 2926 623 ducunt
2957 569 3030 624 ad
3071 570 3324 625 Pilatum
3359 574 3864 643 quemadmodum

2207 652 2526 720 Christum,
2553 655 2657 710 sed
2682 656 2796 727 ipsi
2821 657 3132 727 judicant:
3164 660 3458 731 imprimis
3490 662 3729 733 quidem
3761 683 3862 721 ru-

2207 740 2350 796 bore
2380 759 2447 798 ac
2481 744 2709 815 pudore
2740 747 2956 812 aﬂ‘ecti,
2989 747 3203 803 deinde
3252 749 3529 805 timentes
3562 768 3634 807 ne
3668 753 3740 808 ab
3773 754 3865 811 his

2209 830 2386 886 etiam
2422 831 2492 888 de
2524 833 2626 888 illo
2659 843 3101 892 accusarentur.

2279 921 2371 989 1V,
2403 923 2594 978 23-25.
2626 945 2655 974 «
2688 926 2757 978 Et
2800 925 3229 982 nuntiaverunt
3259 946 3628 1002 quaecunque
3659 932 3732 987 ad
3764 948 3865 987 eos

2213 1031 2238 1059 «
2272 1012 2584 1082 pontifices
2609 1030 2678 1068 ac
2709 1015 2977 1071 seniores
3017 1016 3308 1073 dixerant.
3355 1023 3428 1074 At
3475 1021 3560 1074 illi
3595 1038 3727 1076 cum
3758 1038 3864 1078 au-

2211 1121 2238 1148 α
2270 1098 2518 1168 dissent,
2551 1119 2672 1158 uno
2706 1104 2906 1159 animo
2937 1104 3316 1162 elevaverunt
3342 1125 3544 1164 vocem
3576 1111 3649 1165 ad
3681 1112 3865 1166 Deum

2212 1213 2241 1240 «
2275 1207 2343 1247 ac
2397 1192 2675 1248 dixerunt
2723 1217 2751 1244 ››
2806 1203 2947 1252 (non
3007 1197 3327 1268 cupiditate
3386 1199 3581 1254 laudis
3637 1200 3868 1255 inducti

2213 1281 2419 1336 isthmc
2445 1291 2937 1351 commemorant,
2959 1285 3057 1341 sed
3092 1286 3308 1342 Christi
3339 1289 3542 1360 gratiae
3576 1289 3743 1361 signa
3773 1291 3870 1345 de-

2212 1375 2566 1444 monstrant)
2593 1391 2606 1428 :
2642 1397 2669 1424 ‹‹
2704 1375 2973 1444 Domine,
3008 1381 3071 1430 tu
3101 1393 3163 1432 es
3213 1378 3367 1434 Deus
3398 1379 3498 1449 qui
3527 1378 3720 1434 fecisti
3751 1395 3869 1434 cm-

2212 1482 2239 1509 ‹‹
2276 1459 2400 1514 lum
2433 1466 2492 1515 et
2524 1467 2763 1528 terram,
2821 1480 2888 1519 ac
2947 1481 3132 1529 mare,
3193 1483 3447 1538 quaeque
3479 1468 3540 1523 in
3573 1469 3658 1524 eis
3689 1474 3867 1535 sunt;

2214 1573 2240 1599 ‹‹
2277 1551 2376 1621 qui
2408 1568 2516 1622 per
2543 1569 2608 1606 os
2641 1553 2820 1608 David
2851 1555 3018 1625 pueri
3056 1555 3138 1610 tui
3163 1556 3386 1612 dixisti.
3425 1581 3446 1610 ι

2285 1641 2430 1696 Vide
2461 1659 2640 1712 quam
2671 1643 2946 1700 absoluta
2976 1646 3053 1701 sit
3075 1647 3364 1719 juxtaque
3397 1653 3733 1720 temporum
3765 1666 3868 1705 oc-

2214 1731 2484 1788 casiones
2509 1733 2720 1788 horum
2745 1734 3337 1808 precatio.Siquidem
3361 1739 3598 1809 quando
3621 1739 3869 1812 dignum

2214 1821 2288 1876 ad
2319 1823 2716 1894 apostolatum
2749 1825 3145 1882 demonstrari
3199 1828 3311 1883 sibi
3361 1829 3699 1901 cupiebant,
3735 1847 3873 1902 pre-

2213 1917 2417 1966 cantes
2450 1912 2758 1970 dicebant:
2811 1915 2914 1981 Tu,
2968 1916 3238 1980 Domine.
3291 1919 3560 1974 cordium
3605 1920 3875 1991 cognitor

2212 2003 2478 2058 omnium
2509 2021 2522 2071 ;
2553 2004 2632 2058 ibi
2667 2005 2825 2060 enim
2859 2008 3342 2079 praecognitioms
3366 2016 3494 2064 erat
3524 2011 3870 2066 necessitas.

2212 2093 2316 2148 Hic
2348 2099 2546 2149 autem
2599 2097 2883 2166 quoniam
2942 2097 3416 2154 adversariorum
3460 2116 3564 2154 ora
3594 2100 3872 2156 obturare

2213 2182 2542 2254 Oportebat.
2599 2205 2626 2233 ‹‹
2666 2185 2932 2246 Domine.
2973 2209 3001 2237 ››
3061 2187 3407 2243 inclamant.
3466 2190 3535 2243 Et
3586 2196 3872 2260 tanquam

2213 2273 2366 2342 pacti
2429 2271 2609 2328 fidem
2667 2273 2738 2329 ab
2803 2290 2870 2329 eo
2934 2276 3328 2346 postulantes,
3389 2278 3762 2348 prophetiam
3810 2279 3872 2332 in

2213 2360 2477 2414 medium
2511 2361 2856 2432 proferunt:
2892 2363 3071 2418 simul
3112 2370 3170 2418 et
3215 2365 3442 2436 seipsos
3473 2367 3874 2436 consolantes,

2217 2449 2373 2520 quod
2406 2449 2632 2521 absque
2665 2467 2843 2508 causa
2868 2459 3078 2508 contra
3101 2455 3262 2525 ipsos
3286 2471 3554 2527 vaneque
3585 2472 3873 2511 conaren-

2217 2546 2313 2596 tur
2371 2540 2624 2596 inimici.
2683 2542 3008 2599 Considera
3066 2561 3303 2615 quoque
3360 2551 3419 2600 et
3477 2546 3873 2602 modestiam:

2215 2645 2411 2701 neque
2445 2631 2603 2685 enim
2637 2632 2888 2703 cupiunt
2918 2633 3259 2706 discerpere
3292 2641 3397 2690 aut
3442 2636 3714 2708 perdere,
3749 2637 3876 2704 sed,

2217 2719 2484 2791 Respice.
2520 2720 2823 2791 inquiunt,
2875 2721 2948 2777 ad
2994 2723 3187 2778 minas
3232 2740 3460 2788 eorum,
3495 2731 3553 2780 et
3590 2725 3665 2781 da
3695 2726 3878 2781 servis

2219 2809 2336 2864 tuis
2368 2814 2432 2864 ut
2471 2827 2606 2865 cum
2657 2811 2818 2866 omni
2875 2811 3147 2868 libertate
3201 2830 3540 2871 sermonem
3593 2821 3756 2870 tuum
3789 2814 3880 2870 lo-

2221 2905 2502 2969 quantur,
2555 2915 2799 2954 manum
2861 2907 3020 2956 tuam
3091 2902 3468 2974 porrigendo,
3505 2905 3616 2958 hoc
3650 2910 3759 2969 est,
3793 2904 3879 2959 fo-

2220 2987 2408 3043 vendo
2440 3005 2551 3043 nos
2606 2989 3053 3062 inexpugnabili
3110 2999 3211 3046 tua
3263 2994 3550 3063 potentia.
3598 2993 3661 3048 Id
3720 2994 3882 3048 enim

2222 3077 2519 3149 significat
2548 3079 2659 3133 hoc
2710 3079 2840 3134 loco
2893 3097 3124 3136 manus.
3160 3081 3294 3136 Vult
3327 3083 3485 3138 enim
3520 3083 3887 3156 inexpugna-

2178 3227 2194 3249 ‘
2223 3166 2405 3221 bilem
2438 3167 2782 3239 signiﬁcare
2802 3171 3152 3240 potentiam,
3176 3171 3356 3226 veluti
3389 3188 3523 3227 cum
3559 3172 3680 3229 ait:
3710 3197 3730 3221 ιι
3767 3175 3884 3227 Ma-

2231 3273 2344 3311 nus
2393 3261 2494 3311 tua
2549 3263 2756 3326 gentes
2815 3258 3256 3330 disperdidit“.
3294 3284 3315 3312 ι
3355 3263 3420 3316 In
3480 3261 3884 3333 superioribus

2230 3351 2428 3401 autem
2460 3346 2675 3408 verbis,
2715 3370 2736 3397 α
2771 3349 2976 3404 Manus
3009 3355 3107 3404 tua
3139 3356 3197 3404 et
3228 3350 3546 3406 consilium
3580 3357 3747 3407 tuum
3775 3368 3884 3406 an-

2231 3441 2322 3492 tea
2346 3436 2751 3493 decreverant.
2774 3457 2800 3488 »
2832 3438 3042 3494 Manus
3064 3440 3362 3512 signiﬁcat
3382 3442 3584 3496 omnia
3604 3441 3888 3497 decenter

2231 3531 2290 3580 et
2347 3543 2482 3582 cum
2535 3527 2766 3583 ratione
2825 3545 2859 3583 a
2919 3529 3036 3585 Deo
3097 3531 3383 3595 ordinari,
3441 3532 3725 3602 quoniam
3759 3532 3887 3587 sola

2231 3617 2564 3688 composita
2596 3617 3024 3690 rationalisque
3068 3625 3299 3685 natura,
3335 3637 3467 3691 quas
3499 3637 3620 3677 non
3652 3621 3770 3677 alia
3798 3626 3892 3676 est

2231 3721 2409 3776 quam
2461 3707 2656 3768 homo.
2695 3724 2875 3763 manu
2924 3715 2990 3763 ut
3037 3709 3365 3780 plurimum
3399 3727 3530 3781 quas
3568 3711 3892 3766 utilissima

2229 3800 2372 3850 sunt
2401 3795 2638 3850 efﬁcere
2669 3797 2839 3853 solet.

2302 3883 2394 3942 1V.
2429 3887 2500 3939 25
2537 3888 2625 3938 27.
2674 3909 2700 3934 «
2734 3889 2926 3950 Quare
2973 3886 3347 3942 fremuerunt
3391 3889 3665 3943 nationes
3695 3895 3754 3944 et
3782 3907 3890 3960 po-

2232 3973 2417 4044 «puli
2476 3974 2746 4030 meditati
2803 3980 2942 4029 sunt
3008 3976 3254 4031 inania?
3337 3978 3666 4032 Astiterunt
3719 3995 3887 4051 reges

2231 4084 2259 4114 ‹‹
2293 4068 2466 4118 terrm
2505 4071 2563 4118 et
2593 4064 2892 4136 principes
2934 4071 3340 4120 convenerunt
3371 4065 3432 4120 in
3465 4083 3648 4120 unum
3683 4067 3886 4122 adver-

2237 4175 2264 4202 ι(
2297 4170 2398 4208 sus
2429 4154 2748 4209 Dominum
2798 4161 2857 4210 et
2909 4155 3191 4210 adversus
3222 4156 3517 4210 Christum
3553 4157 3700 4226 ejus.
3736 4158 3889 4211 Con-

2234 4265 2260 4293 ‹‹
2295 4249 2588 4299 venerunt
2617 4244 2777 4299 enim
2833 4260 2970 4300 vere
3027 4245 3308 4300 adversus
3341 4251 3610 4301 sanctum
3645 4262 3894 4317 puerum

2233 4356 2261 4384 (ί
2296 4338 2464 4388 tuum
2494 4335 2694 4389 Jesum
2747 4351 2923 4406 quem
2977 4351 3256 4402 unxeras,
3289 4336 3392 4391 40
3423 4334 3683 4392 Herodes
3714 4336 3897 4391 simul

2236 4445 2264 4473 ‹‹
2301 4429 2360 4478 et
2389 4424 2634 4479 Pontius
2666 4424 2908 4479 Pilatus.
2950 4445 2973 4476 ι)

2309 4513 2586 4579 Quaenam
2601 4513 2873 4569 nationes
2891 4514 3172 4570 adversus
3188 4515 3476 4571 Christum
3489 4515 3896 4572 fremuerunt?

457 4606 772 4676 Ἰουδαίων,
805 4606 1092 4678 δηλονότι.
1129 4607 1191 4664 Εἰ
1251 4606 1356 4684 γὰρ
1413 4605 1503 4660 καὶ
1544 4601 1802 4661 Ἰουδαῖοι
1831 4604 1968 4673 ἦσαν
1999 4607 2110 4659 πάν·

2235 4603 2515 4659 Nationes
2572 4603 2850 4660 videlicet
2903 4604 3261 4661 Iudaeorum.
3325 4606 3469 4660 Nam
3528 4607 3638 4661 etsi
3688 4621 3898 4661 omnes

458 4723 577 4770 τες,
637 4699 765 4754 ἀλλ’
824 4697 916 4752 οῦν
975 4697 1036 4753 ἐκ
1093 4693 1368 4776 διαφόρων
1420 4695 1606 4762 ἐθνῶν,
1666 4694 1718 4749 ἐν
1768 4697 1852 4756 οἱς
1881 4697 2016 4764 ἦσαν
2050 4691 2128 4748 δι-

463 4791 835 4865 εσπαρμήνοι.
867 4789 947 4846 Τὸ
979 4784 1057 4853 δὶ,
1084 4811 1112 4838 cc
1145 4792 1379 4856 Ποιῆσαι
1409 4784 1510 4841 ὅσα
1539 4787 1574 4854 ἡ
1607 4786 1731 4859 χείρ
1765 4805 1883 4854 σου,
1922 4811 1948 4836 ν)
1977 4805 2130 4840 τουτ-

463 4883 635 4950 έστιν,
683 4880 788 4936 οὐκ
845 4879 995 4936 αὐτοὶ
1058 4876 1315 4954 ἴσχυσαν,
1374 4875 1522 4932 ἀλλᾶ
1551 4877 1613 4931 σὺ
1647 4875 1700 4932 εἶ
1727 4879 1754 4932 ὁ
1785 4877 1849 4933 τὸ
1879 4881 1984 4930 πΞὶν
2015 4875 2127 4931 ἐπι.

461 4971 668 5046 τρέψας
717 4971 806 5025 καὶ
856 4967 935 5032 εἷς
983 4970 1148 5044 πὲρας
1206 4967 1450 5045 ἀγαγὼν,
1485 4968 1513 5021 ὁ
1543 4965 1862 5046 εὐμήχανος
1914 4966 2004 5022 καὶ
2037 4987 2126 5022 σο-

465 5061 588 5142 φός.
627 5059 907 5130 Συνῆλθον
972 5058 1067 5133 μὲν
1125 5055 1226 5132 γὰρ
1251 5054 1473 5142 salvo:
1495 5141 1503 5142 ί
1526 5053 1631 5142 Eb;
1658 5052 1874 5129 ἐχθροὶ,
1905 5052 1996 5108 καὶ
2035 5074 2127 5133 φοι

458 5137 588 5226 ma
620 5150 957 5225 προαιρέσει,
991 5145 1210 5202 ἐποίουν
1245 5141 1302 5200 δὲ
1331 5144 1365 5200 ἆ
1396 5143 1458 5199 σὺ
1488 5137 1746 5198 ἑϐδῦλου.

524 5357 555 5386 α
595 5330 702 5386 Σὺν
733 5324 901 5384 ἔθνεσι
932 5325 1025 5381 καὶ
1056 5324 1212 5386 λαοῖς
1244 5321 1488 5394 Ἰσραήλ.
1525 5345 1552 5373 η

527 5422 620 5477 Ἐν
649 5417 1024 5489 Ἰερουσαλήμ
1068 5408 1313 5491 Ἑϐραῖοι
1363 5411 1498 5486 μετὰ
1543 5411 1762 5492 Καῖάφα
1799 5411 1891 5467 καὶ
1931 5413 2122 5484 Ἀννα,

451 5510 585 5570 λαοὶ
623 5509 765 5585 μετᾶ
795 5506 1062 5565 Πιλάτου.

515 5715 568 5751 ⁵⁸
605 5711 764 5772 Psal.
802 5722 1046 5775 uxzm,
1082 5705 1135 5760 3.

2238 4693 2420 4749 Judzni
2446 4701 2903 4750 erantattamen
2927 4713 2994 4751 ex
3013 4697 3189 4751 variis
3213 4695 3556 4751 nationibus
3578 4696 3898 4751 veniebant

2237 4784 2395 4838 inter
2425 4800 2571 4855 quas
2607 4785 2859 4855 dispersi
2911 4792 3097 4846 erant.
3146 4806 3174 4835 ‹‹
3211 4786 3280 4840 Ut
3311 4786 3578 4839 facerent
3607 4801 3893 4856 quaecun—

2240 4889 2354 4946 que
2390 4889 2600 4928 manus
2630 4879 2766 4929 tua:
2801 4895 2829 4924 »
2885 4873 2997 4929 hoc
3055 4880 3162 4942 est,
3224 4891 3343 4928 non
3391 4875 3501 4946 ipsi
3537 4873 3895 4946 potuissent,

2239 4963 2344 5018 sed
2375 4969 2435 5018 tu
2468 4979 2530 5019 es
2557 4964 2656 5035 qui
2691 4980 2816 5019 rem
2841 4981 3078 5019 omnem
3105 4964 3489 5036 permittebas
3521 4970 3580 5020 et
3607 4965 3682 5020 ad
3708 4965 3893 5020 finem

2239 5053 2595 5118 deducebas,
2630 5071 2845 5126 nempe
2893 5053 3156 5125 prudens
3189 5071 3254 5110 ac
3288 5054 3546 5125 sapiens.
3585 5055 3675 5109 llli
3708 5055 3894 5126 siqui-

2237 5141 2374 5198 dem
2410 5149 2814 5200 convenerant
2863 5151 3150 5215 tanquam
3209 5143 3436 5200 inimici
3470 5150 3528 5198 et
3559 5144 3895 5201 truculenta

2235 5234 2554 5304 volentate,
2587 5235 2690 5292 sed
2721 5234 3018 5290 faciebant
3048 5252 3179 5306 quia
3212 5241 3273 5289 tu
3304 5235 3562 5290 volebas.

2307 5347 2336 5376 ιε
2369 5326 2515 5380 Cum
2544 5325 2820 5397 gentibus
2842 5331 2900 5380 et
2931 5325 3166 5397 populis
3196 5324 3397 5380 Israel.
3433 5345 3461 5373 »

2310 5414 2374 5469 In
2403 5415 2732 5469 Jerusalem
2764 5414 2993 5470 Hebraei
3033 5430 3170 5470 cum
3226 5413 3448 5485 Caipha
3479 5419 3537 5470 et
3565 5415 3754 5481 Anna,
3783 5429 3893 5486 po-

2234 5502 2362 5576 puli
2393 5520 2532 5561 cum
2563 5503 2776 5562 Pilato.
