4160 6450
370 316 485 375 103

443 475 472 502 ι(
503 451 574 508 Ut
592 451 857 508 facerent
876 463 1246 522 quascunque
1269 463 1484 505 manus
1506 454 1608 506 tua
1629 455 1689 506 et
1707 447 2027 505 consilium
2055 468 2110 528 Α

371 564 399 592 ‹‹
432 547 599 597 tuum
634 548 808 598 antea
841 541 967 596 fieri
1002 539 1406 595 decreverant.
1444 563 1471 590 ››

445 632 601 688 Idem
630 631 969 704 significant
990 646 1206 684 manus
1229 637 1288 684 et
1306 630 1644 686 consilium.
1667 629 1840 685 Nulla
1871 628 2029 684 enim

369 722 605 777 consilii
638 721 986 780 necessitas,
1021 721 1115 774 cui
1166 719 1336 774 adest
1367 720 1650 791 potentia.
1687 721 1862 774 Facta
1891 723 2032 773 sunt

367 828 504 882 ergo
537 826 908 881 quaecunque
965 809 1037 864 ab
1081 809 1251 862 initio
1285 808 1574 863 ordinasti
1606 807 2026 880 Apostolorum

363 901 565 970 itrque
596 899 859 972 precatio
884 916 1004 953 non
1032 905 1157 953 erat
1181 898 1256 953 ad
1288 896 1664 969 repellendas
1700 896 2029 960 molestias,

367 989 470 1044 sed
528 1007 634 1061 pro
693 989 1045 1062 evangelicae
1103 987 1388 1044 orationis
1450 1004 1770 1055 successu;
1831 1001 2025 1056 neque

363 1078 523 1134 enim
556 1079 854 1144 dicebant,
893 1078 1118 1147 Libera,
1154 1077 1278 1148 sed,
1304 1079 1386 1133 Da
1419 1077 1602 1134 servis
1627 1077 1769 1146 tuis,
1801 1081 1868 1132 ut
1888 1091 2026 1130 cum

358 1167 630 1224 libertate
665 1169 1006 1240 loquantur.

427 1258 518 1323 IV,
552 1260 619 1312 29
654 1260 741 1312 31.
776 1281 804 1309 ‹‹
834 1260 902 1313 Et
932 1273 1112 1326 nunc,
1161 1257 1432 1324 Domine,
1465 1257 1698 1330 respice
1729 1254 1802 1311 ad
1833 1254 2029 1310 minas

363 1367 384 1396 ι
419 1363 649 1414 eorum,
689 1353 748 1402 et
776 1346 852 1403 da
884 1347 1065 1403 servis
1100 1347 1238 1415 tuis,
1283 1353 1350 1402 ut
1379 1362 1518 1402 cum
1550 1345 1717 1401 omni
1753 1343 2026 1400 libertate

357 1459 383 1488 α
420 1453 759 1492 sermonem
797 1443 964 1492 tuum
995 1437 1322 1509 loquantur
1352 1453 1364 1491 :
1412 1453 1661 1492 manum
1697 1441 1855 1490 tuam
1889 1449 2023 1504 por-

359 1547 382 1578 ιι
414 1527 658 1600 rigendo
689 1526 762 1584 ad
793 1527 926 1596 hoc,
962 1533 1026 1582 ut
1057 1528 1290 1583 sanatio
1342 1532 1400 1582 et
1450 1526 1620 1600 signa
1650 1542 1717 1581 ac
1762 1522 2030 1596 prodigia

367 1640 393 1667 ‹‹
431 1617 705 1684 edantur,
735 1634 842 1689 per
872 1633 1091 1673 nomen
1141 1616 1329 1672 sancti
1375 1615 1507 1672 Filii
1546 1615 1631 1670 tui
1661 1615 1818 1670 Jesu.
1852 1613 2026 1668 Cum-

365 1729 392 1757 «
427 1723 542 1777 que
572 1713 848 1763 orassent
877 1707 988 1773 illi,
1038 1711 1238 1763 motus
1288 1712 1378 1762 est
1421 1706 1588 1761 locus
1618 1706 1681 1760 in
1714 1721 1830 1776 quo
1858 1705 2028 1759 erant

362 1819 390 1848 «
425 1798 788 1870 congregati,
842 1803 900 1852 et
953 1795 1166 1869 repleti
1226 1802 1365 1852 sunt
1397 1811 1604 1851 omnes
1636 1794 1858 1866 Spiritu
1890 1809 2028 1850 san-
2059 1830 2102 1894 Β

363 1912 390 1938 ι(
426 1895 539 1955 cto,
581 1905 649 1944 ac
704 1888 1112 1960 loquebantur
1170 1905 1509 1944 sermonem
1541 1887 1644 1943 Dei
1676 1903 1812 1942 cum
1841 1886 2019 1943 liber-

363 2000 391 2028 (ι
430 1983 566 2033 tate.
603 2000 630 2029 ››

433 2068 676 2140 Signum
707 2067 865 2139 quod
916 2068 1118 2124 audita
1178 2072 1336 2124 esset
1394 2066 1606 2133 oratio,
1659 2065 1773 2122 fuit
1820 2070 2023 2122 terrm-

358 2164 554 2212 motus
585 2175 595 2211 :
627 2157 926 2212 interdum
964 2174 1098 2212 vero
1131 2157 1345 2213 accidit
1393 2162 1460 2212 ut
1509 2157 1612 2211 iraa
1660 2156 1894 2228 signum
1925 2155 2022 2210 sit.

360 2246 601 2318 Repleri
635 2253 836 2302 autem
882 2247 1106 2318 Spiritu
1155 2253 1358 2302 sancto
1408 2246 1707 2318 significat
1736 2251 1888 2300 totos
1919 2244 2026 2300 ad-

358 2335 548 2391 dictos
584 2354 713 2392 esse
745 2336 897 2392 datae
929 2337 1074 2408 ipsis
1105 2336 1438 2408 operationi
1471 2335 1654 2390 divini
1683 2335 1936 2407 Spiritus
1966 2339 2026 2389 et

362 2441 575 2496 parum
607 2443 642 2481 a
665 2426 848 2481 rebus
879 2427 1061 2482 averti
1087 2426 1430 2482 carnalibus
1455 2442 1468 2479 :
1493 2425 1583 2480 vel
1610 2425 1768 2496 quod
1791 2421 2021 2480 incensi

365 2521 555 2578 erant,
591 2521 648 2570 et
692 2515 939 2570 ardebat
995 2517 1056 2570 in
1114 2516 1201 2570 eis
1257 2515 1504 2581 donum,
1560 2520 1804 2586 propter
1861 2512 2022 2584 quod

357 2603 763 2675 loquebantur
792 2622 926 2660 cum
958 2604 1252 2671 libertate,
1287 2618 1574 2676 corporea
1616 2602 1883 2674 pericula
1914 2601 2021 2657 de-

360 2695 700 2766 spicientes,
733 2713 768 2751 a
798 2713 914 2767 quo
973 2695 1152 2750 etiam
1209 2694 1363 2749 dono
1419 2699 1546 2748 erat
1576 2711 1677 2748 cor
1707 2699 1766 2748 et
1795 2693 2017 2762 anima,

350 2790 634 2856 tanquam
663 2785 826 2858 origo
853 2785 1112 2840 motibus
1167 2782 1696 2839 intellectualibus.
1746 2784 1890 2838 Nam
1917 2799 2021 2838 cor

351 2872 412 2927 id
458 2890 619 2930 nunc
674 2875 990 2947 signiﬁcat,
1050 2873 1231 2929 veluti
1291 2872 1552 2946 primum
1613 2871 2016 2928 subsistentia:

346 2965 648 3033 animalis,
691 2966 850 3037 quod
879 2966 1059 3021 etiam
1120 2964 1321 3020 vitalia
1375 2963 1652 3019 sustinet.
1687 2963 1820 3017 Haec
1853 2962 2015 3017 enim

351 3058 693 3114 subindicat
722 3076 828 3130 per
857 3075 960 3113 cor
990 3063 1048 3112 et
1075 3056 1336 3112 animam
1371 3072 1504 3126 quae
1536 3054 1610 3111 ad
1641 3071 1830 3110 unum
1861 3071 2014 3110 con-

341 3155 590 3204 currunt
618 3149 1015 3220 compositum
1045 3147 1211 3212 Quod
1234 3152 1433 3202 autem
1459 3145 1678 3201 dicitur
1703 3161 1716 3198 :
1742 3146 1948 3208 «Erat,
1975 3166 2003 3193 υ

1494 311 1927 376 ωουΜΕΝΠ
1971 312 2276 376 ΤΒΙΟΟΔ
2321 313 2700 378 EPISCOPI.

3667 317 3788 378 104

2217 469 2247 500 α
2278 452 2514 519 Ποιῆσαι
2569 447 2668 504 ὅσα
2697 450 2732 520 ἠ
2768 447 2892 527 χείρ
2952 470 3049 508 σου
3097 450 3187 508 καὶ
3240 451 3275 522 ἠ
3321 447 3499 528 βουλή
3533 471 3631 507 σου
3660 470 3801 525 προ-

2141 561 2168 589 ι‹
2201 537 2367 612 ώρισε
2393 536 2661 614 γενέσθαι.
2696 571 2720 596 ιο

2209 628 2287 684 Τὸ
2319 627 2448 684 αὐτὸ
2483 627 2740 705 βούλεται
2771 627 2974 701 δηλοῦν
3010 633 3045 702 ἡ
3077 631 3200 708 χεὶρ
3247 631 3338 688 καὶ
3381 634 3417 702 ἡ
3466 629 3668 708 βουλή.
3703 629 3801 686 Δύ-

2138 737 2304 789 ναμις
2333 717 2434 794 γὰρ
2489 720 2536 792 ᾧ
2583 720 2889 795 πρόσεστιν,
2950 721 3014 777 ού
3072 721 3236 797 χρεία
3268 720 3498 797 βουλῆς.
3538 721 3672 778 Ὀσα
3705 719 3797 775 οὖν

2137 802 2377 879 διέταξας
2427 807 2478 878 ἐξ
2518 809 2698 884 ἀρχῆς
2749 811 2990 888 γέγονεν.
3043 809 3121 866 Οὐ
3171 811 3555 882 παραιτήσεως
3597 806 3654 863 δὶ
3682 813 3792 863 τῶν

2136 893 2416 976 δυσχερῶν
2444 900 2479 967 ἡ
2511 902 2618 953 τῶν
2667 897 2991 954 ἀποστόλων
3053 898 3216 974 εύχὴ,
3250 897 3376 953 ἀλλ’
3424 898 3554 974 ὑπὲρ
3587 893 3794 953 εύοδώ-

2135 1005 2270 1040 σεων
2315 991 2411 1042 τοῦ
2460 986 2818 1063 εύαγγελικοῦ
2884 989 3262 1064 κηρύγματος.
3317 985 3396 1045 Ού
3455 987 3559 1062 γὰρ
3615 985 3792 1056 εἶπον,

2134 1074 2376 1149 Ἐξελοῦ,
2409 1074 2576 1147 ἀλλὰ,
2636 1077 2735 1141 Δὸς
2793 1083 2912 1142 τοῖς
2972 1075 3194 1141 δούλοις
3251 1098 3375 1146 σου,
3413 1079 3550 1151 μετᾶ
3579 1075 3801 1152 παρῥη-

2135 1165 2254 1229 σίας
2287 1164 2500 1224 λαλεῖν.

2208 1279 2232 1309 ι
2265 1257 2368 1313 Καὶ
2417 1257 2486 1312 τὰ
2531 1259 2646 1326 νῦν,
2703 1258 2884 1334 Κύριε,
2933 1255 3084 1314 ἔπιδε
3124 1256 3213 1313 ἐπὶ
3262 1258 3360 1318 τὰς
3414 1252 3644 1318 ἀπειλὰς
3695 1252 3792 1308 αύ-

2135 1348 2328 1413 «τῶν,
2369 1345 2460 1400 καὶ
2521 1342 2612 1409 δὸς
2666 1351 2784 1409 τοῖς
2837 1345 3064 1411 δούλοις
3117 1367 3236 1420 σου,
3296 1365 3433 1420 μετα
3486 1341 3798 1420 παρῥησίας

2136 1456 2163 1486 ι(
2195 1434 2377 1504 πάσης
2427 1433 2616 1491 λαλεῖν
2660 1436 2752 1492 τὸν
2808 1432 2974 1513 λόγον
3015 1457 3135 1507 σου,
3167 1433 3222 1491 ἂν
3250 1439 3331 1508 τῷ
3359 1434 3458 1503 τὴν
3500 1432 3665 1508 χεῖρά
3694 1451 3791 1487 σου

2135 1549 2162 1576 (ι
2198 1524 2452 1580 εκτείνειν
2503 1547 2560 1582 σε
2586 1525 2664 1592 εἷς
2707 1523 2874 1597 ἷάσιν,
2919 1527 3010 1582 καὶ
3064 1531 3268 1601 σημεῖα
3313 1523 3404 1580 καὶ
3451 1524 3649 1598 τέρατα
3699 1544 3792 1598 γε·

2136 1637 2163 1664 ι(
2196 1610 2376 1668 νέσθαι
2427 1611 2515 1670 διὰ
2543 1619 2638 1670 τοῦ
2684 1615 2952 1689 ὀνόματος
2996 1619 3096 1671 τοῦ
3143 1614 3296 1690 ἁγίου
3324 1611 3520 1674 παιδός
3552 1633 3649 1668 σου
3681 1615 3792 1683 ³1η·

2137 1726 2164 1755 ιι
2197 1709 2320 1760 σοῦ.
2354 1704 2455 1760 Καὶ
2515 1702 2808 1776 δεηθέντων
2869 1705 3070 1776 αὐτῶν,
3128 1703 3394 1776 ἦσαλεύθη
3447 1704 3475 1758 ὁ
3522 1704 3693 1765 τόπος
3738 1700 3792 1758 ἦν

2137 1818 2164 1846 ‹‹
2193 1791 2238 1867 ᾧ
2311 1795 2446 1865 ἦσαν
2528 1795 2874 1873 συνηγμένοι.
2953 1798 3050 1853 Καὶ
3132 1793 3484 1868 ἐπλήσθησαν
3556 1795 3788 1850 ’ἅπαντες

2135 1913 2164 1940 ι(
2199 1887 2513 1961 Πνεύματος
2559 1888 2734 1965 ἆγίου,
2765 1888 2856 1944 καὶ
2899 1887 3133 1945 ἐλάλουν
3181 1887 3271 1944 τὸν
3319 1885 3488 1963 λόγον
3524 1890 3622 1943 τοῦ
3653 1888 3790 1942 Θεοῦ

2135 2001 2162 2030 ι(
2196 1977 2330 2052 μετὰ
2361 1978 2686 2054 παρρησίας.
2723 2003 2752 2032 ››

2205 2061 2500 2140 Σύμϐολον
2557 2073 2654 2122 τοῦ
2713 2068 3037 2137 ἀκουσθῆναι
3107 2068 3206 2137 τήν
3257 2065 3440 2137 δέησιν
3501 2063 3700 2134 αὐτῶν,
3758 2064 3786 2118 ὁ

2132 2157 2376 2229 σεισμός⁶
2432 2151 2544 2212 ἔστι
2592 2153 2650 2211 δὲ
2701 2158 2790 2212 ὅτε
2834 2156 2924 2213 καὶ
2968 2156 3157 2232 ὀργῆς.
3217 2157 3294 2213 Τὸ
3352 2153 3411 2210 δὲ
3469 2153 3784 2224 πλησθῆναι

2132 2245 2447 2318 Πνεύματος
2491 2247 2671 2321 ἁγίου,
2704 2244 2873 2317 δηλοῖ
2925 2248 3011 2314 τὸ,
3072 2244 3238 2308 ὅλους
3268 2251 3368 2315 τῆς
3398 2243 3663 2320 ἐνεργείας
3691 2245 3790 2297 τοῦ

2130 2332 2387 2399 δοθέντος
2447 2335 2632 2398 αὐτοῖς
2689 2336 2835 2400 θείου
2892 2335 3205 2408 ΙΙνεύματος
3268 2335 3531 2410 γενέσθαι,
3595 2331 3788 2406 μικρὸν

2128 2425 2236 2480 ἀπὸ
2287 2423 2462 2481 τῶνδε
2515 2430 2623 2482 τῶν
2685 2429 2958 2500 σαρκικῶν
3021 2425 3553 2501 ἀποστρεφομένους.
3605 2423 3674 2478 Ἥ
3704 2419 3788 2476 ὅτι

2128 2514 2666 2590 ἀνεζωπυρίσθησαν,
2725 2515 2815 2570 καὶ
2868 2515 3138 2571 ἀνεκαίετο
3170 2513 3221 2568 ἐν
3275 2513 3460 2575 αὐτοῖς
3506 2512 3569 2567 τὸ
3621 2510 3786 2590 χάρι-

2127 2625 2260 2678 σμα,
2313 2601 2383 2659 δι’
2430 2604 2562 2680 ὅπερ
2620 2602 2854 2660 ἐλάλουν
2918 2605 3054 2678 μετᾶ
3111 2599 3793 2680 παρῤῥησίας,ἀφειδοῦν-

2122 2714 2210 2755 τες
2264 2699 2372 2749 τῶν
2429 2700 2756 2769 σωματικῶν
2817 2692 3097 2752 κινδύνων.
3159 2695 3273 2774 Ἀφ’
3331 2693 3394 2748 οὗ
3451 2691 3543 2747 καὶ
3591 2688 3788 2766 καρδία

2123 2783 2213 2838 καὶ
2244 2786 2425 2860 ψυχὴν
2478 2785 2650 2840 οἱονεὶ
2705 2785 2793 2840 καὶ
2851 2789 2970 2840 τοῖς
3026 2788 3238 2860 νοεροῖς
3293 2784 3584 2854 κινήμασι.
3614 2784 3785 2836 Τοῦτο

2123 2874 2228 2949 γάρ
2258 2877 2349 2927 νῦν
2381 2875 2416 2944 ἡ
2449 2871 2648 2950 καρδία
2699 2872 2979 2950 βούλεται,
3038 2875 3130 2928 ἅτε
3180 2871 3269 2927 καὶ
3333 2871 3525 2946 πρώτη
3555 2877 3657 2940 τῆς
3686 2873 3786 2925 τοῦ

2127 2963 2269 3033 ζώου
2329 2963 2674 3026 ὑποστάσεως
2763 2963 3095 3041 ὑφισταμένη
3178 2962 3271 3017 καὶ
3329 2966 3446 3023 τοῖς
3507 2964 3782 3030 ζωτικοῖς.

2121 3056 2306 3111 Ταῦτα
2368 3054 2472 3129 γὰρ
2537 3055 2906 3110 ὑπαινίττεται
2968 3051 3058 3108 διὰ
3113 3055 3214 3117 τῆς
3275 3047 3501 3124 καρδίας
3553 3047 3786 3118 καὶτῆς

2121 3146 2308 3218 ψυχῆς
2341 3145 2478 3214 πρὸς
2508 3139 2564 3198 ’ἐν
2593 3141 2884 3217 κατάλυμα
2935 3144 3035 3212 τὴν
3085 3141 3265 3217 ὁρμὴν
3305 3138 3674 3212 ποιουμένων.
3706 3140 3783 3194 Τὸ

341 3238 440 3293 Dei
463 3238 976 3294 manutenentiam
993 3235 1373 3310 signiticatad
1393 3234 1863 3290 conservandam
1883 3233 2007 3290 ani-

2130 3231 2199 3292 δὲ.
2257 3260 2284 3288 ‹‹
2326 3235 2454 3305 Ἦν,
2493 3259 2512 3284 ι
2574 3234 2637 3288 τὸ
2692 3233 2829 3309 πρὸς
2885 3232 3236 3308 εὐαρέστησιν
3293 3235 3562 3286 συντεῖνον
3622 3229 3782 3287 Θεοῦ.

341 3330 425 3385 mi
449 3327 934 3400 placabilitatem.
971 3329 1061 3384 ιιι
1103 3327 1248 3381 Nam
1271 3325 1663 3397 intelligentis
1686 3340 2005 3396 argumen-

340 3423 470 3474 tum
504 3424 594 3473 est
621 3423 1004 3472 contemnere
1039 3415 1323 3487 pericula,
1360 3414 1572 3470 vivacis
1615 3420 1817 3469 autem
1849 3413 2007 3469 indi-

343 3507 504 3563 cium
535 3505 872 3562 absolutam
899 3522 1029 3562 esse
1061 3505 1219 3560 circa
1273 3503 1606 3575 corporalia
1637 3509 2003 3573 temperatu-

341 3613 490 3652 ram.
527 3612 743 3666 nempe
797 3601 864 3650 ut
912 3610 1121 3666 pauca,
1179 3599 1237 3648 et
1292 3599 1585 3664 quantum
1636 3591 1710 3647 ad
1744 3591 2004 3648 tenuiter

337 3685 654 3741 vivendum
685 3684 830 3740 satis
863 3684 1002 3746 sint,
1036 3682 1279 3738 habenti
1313 3681 1657 3738 sufﬁciant:
1707 3698 2003 3737 summam

339 3781 537 3830 autem
597 3774 814 3829 habeat
868 3789 1073 3828 curam
1135 3778 1199 3826 ut
1259 3770 1569 3844 egentibus
1601 3771 1998 3842 provideatur.

335 3867 630 3919 Praeterea
651 3863 722 3920 de
745 3880 812 3919 eo
837 3862 994 3934 quod
1019 3867 1352 3918 commotus
1376 3868 1466 3917 est
1493 3860 1798 3922 locus,hoc
1820 3861 1999 3916 etiam

334 3953 668 4027 intelligere
727 3958 960 4025 oportet
1011 3951 1169 4023 quod
1229 3952 1420 4006 factus
1481 3956 1571 4005 est
1626 3955 1998 4005 terrmmotus

333 4049 399 4098 ut
429 4043 770 4099 incredulos
827 4041 1070 4113 quidem
1127 4058 1195 4096 ac
1253 4040 1691 4095 comminantes
1723 4043 1996 4105 terreret,

334 4132 636 4205 apostolos
668 4147 803 4186 vero
857 4131 919 4184 in
977 4129 1290 4184 audaciam
1341 4127 1682 4182 adduceret.
1721 4127 1881 4182 Finis
1914 4126 1994 4181 si-

334 4221 576 4292 quidem
607 4237 675 4276 ac
706 4219 1034 4275 necessitas
1059 4217 1270 4274 talium
1294 4217 1601 4290 signorum
1633 4221 1760 4272 erat
1788 4221 1854 4271 ut
1881 4215 1997 4287 ipsi

333 4310 857 4366 conﬁrmarentur.

405 4400 496 4465 IV,
533 4401 621 4455 32.
687 4421 711 4450 (ι
747 4396 1144 4453 Multitudinis
1203 4401 1404 4452 autem
1464 4393 1836 4452 credentium
1870 4401 1997 4452 erat

342 4511 363 4540 ι
400 4505 500 4544 cor
530 4505 718 4543 unum
752 4494 810 4544 et
839 4488 1042 4542 anima
1073 4503 1231 4542 una:
1294 4502 1405 4541 nec
1436 4485 1755 4557 quisquam
1787 4503 1994 4542 eorum

2117 3327 2228 3378 Τοῦ
2275 3326 2468 3396 νοεροῦ
2515 3322 2616 3398 γὰρ
2667 3318 2923 3400 ἔλεγχος,
2966 3323 3030 3376 τὸ
3082 3317 3322 3398 ἀφειδεῖν
3352 3323 3459 3374 τῶν
3495 3313 3780 3374 κινδύνων.

2117 3417 2228 3470 Τοῦ
2263 3416 2498 3482 ζωτικοῦ
2530 3410 2586 3468 δὲ
2626 3414 2931 3489 γνώρισμα,
2963 3412 3026 3466 τὸ
3085 3411 3208 3484 περὶ
3263 3411 3330 3464 τὰ
3361 3407 3651 3482 σωματικά
3676 3407 3781 3475 τήν

2117 3498 2451 3577 διεξαγωγὴν
2508 3495 2930 3576 ἐξηκριϐῶσθαι,
2987 3499 3063 3562 ὡς
3122 3498 3287 3574 ὀλίγα
3349 3499 3444 3572 μὶν
3500 3497 3589 3553 καὶ
3651 3495 3779 3552 ὅσον

2115 3592 2349 3663 ἀποζῇν,
2398 3592 2768 3667 χορηγεῖσθαι
2817 3593 2897 3662 τῷ
2943 3586 3287 3662 κεκτημένῳ,
3319 3588 3381 3643 τὸ
3431 3592 3534 3642 πᾶν
3573 3583 3630 3641 δὲ
3657 3589 3778 3648 τοῖς

2115 3681 2238 3756 βίου
2297 3681 2614 3751 σπανίζουσι
2673 3684 3162 3758 καρποφορεῖσθαι.
3210 3680 3328 3735 “Et:
3384 3675 3509 3752 περὶ
3559 3678 3656 3732 τοῦ
3687 3695 3780 3729 σα-

2113 3768 2368 3840 λευθῆναι
2422 3771 2514 3825 τὸν
2567 3768 2761 3836 τόπον,
2819 3769 2911 3824 καὶ
2970 3771 3134 3824 τοῦτο
3186 3774 3377 3836 νοῆσαι
3433 3763 3533 3834 δεῖ,
3567 3765 3640 3827 ὡς
3673 3785 3780 3843 φο-

2111 3853 2224 3914 ϐῶν
2261 3859 2357 3932 μὲν
2409 3859 2538 3921 τοὺς
2594 3857 2857 3922 ἀπίστους
2911 3857 3001 3913 καὶ
3059 3855 3417 3917 ἀπειλοῦντας
3469 3855 3497 3909 ὁ
3549 3856 3775 3928 σεισμὸς

2109 3948 2340 4022 ἐγένετο,
2375 3949 2452 4014 εἷς
2499 3951 2700 4024 θάρσος
2733 3945 2792 4004 δὲ
2839 3949 2986 4024 ἄγων
3017 3948 3144 4009 τοὺς
3177 3945 3543 4016 ἀποστόλους,
3575 3943 3770 4014 ἐπειδή

2107 4037 2258 4116 ἀρχὴ
2308 4039 2378 4108 ἦν
2429 4038 2517 4093 καὶ
2567 4037 2730 4114 χρεία
2766 4043 2874 4094 τῶν
2932 4036 3201 4093 τοιούτων
3251 4034 3495 4110 σημείων
3537 4035 3673 4112 πρὸς
3702 4035 3772 4090 τὸ

2111 4126 2311 4190 αὐτοὺς
2343 4129 2729 4204 στερεωθῆναι.

2176 4421 2205 4451 ‹‹
2232 4400 2337 4452 Τοῦ
2387 4394 2446 4454 δὶ
2491 4397 2742 4470 πλήθους
2791 4403 2901 4456 τῶν
2950 4400 3350 4456 πιστευσάνυων
3384 4398 3451 4470 ἦν
3496 4401 3532 4470 ἡ
3573 4395 3775 4474 καρδία

2101 4509 2129 4540 α
2157 4486 2248 4542 καὶ
2278 4489 2312 4558 ἡ
2349 4489 2503 4564 ψυχή
2541 4489 2656 4564 μία.
2722 4490 2824 4546 Καὶ
2883 4487 3012 4546 ούδὶ
3070 4490 3152 4553 εἷς
3178 4510 3228 4545 τι
3260 4493 3369 4545 τῶν
3404 4489 3772 4566 ὑπαρχόντων

345 4604 373 4632 ‹‹
403 4598 533 4652 quae
565 4579 907 4652 possidebat
954 4577 1181 4649 aliquid
1237 4593 1412 4633 suum
1446 4593 1576 4632 esse
1616 4576 1868 4648 dicebat,
1897 4576 2001 4632 sed

2130 4575 2313 4649 (αὐτῷ
2371 4574 2552 4654 ἔλεγεν
2607 4575 2750 4633 ἴδιον
2811 4578 2970 4650 εἶναι,
3027 4575 3157 4635 ἀλλ’
3215 4578 3282 4648 ἦν
3342 4577 3527 4641 αὐτοῖς
3559 4578 3774 4634 ἅπαντα

337 4695 366 4722 ‹‹
401 4677 571 4728 erant
600 4671 720 4728 illis
752 4670 955 4726 omnia
984 4668 1350 4725 communia.
1385 4690 1412 4718 »ι

408 4763 640 4816 Mutuus
661 4778 830 4817 amor
852 4761 1007 4815 inter
1028 4777 1129 4814 eos
1153 4763 1280 4814 erat
1301 4758 1479 4812 etiam
1508 4774 1577 4812 ex
1609 4757 1993 4830 praeceptoris

331 4849 546 4905 Christi
581 4851 777 4920 jussu,
813 4867 947 4905 cum
981 4847 1212 4903 dixerat
1237 4835 1310 4901 :‘u
1347 4847 1459 4901 Per
1488 4846 1599 4901 hoc
1632 4851 1994 4918 cognoscent

332 4955 543 4993 omnes
575 4940 732 5009 quod
765 4939 879 4994 mei
915 4938 1042 4993 sitis
1077 4935 1376 5007 discipuli.
1403 4935 1452 4989 si
1480 4935 1861 4990 dilectionem
1896 4936 1993 4991 ha-

327 5025 580 5082 bueritis
613 5027 770 5082 inter
797 5044 897 5082 vos
921 5032 1189 5080 mutuam
1211 5024 1276 5079 ⁵⁵.
1302 5046 1330 5075 ››
1365 5023 1502 5078 Ideo
1527 5025 1703 5079 etiam
1739 5024 1992 5096 quisque

327 5115 664 5189 proximum
727 5122 1012 5188 reputans
1065 5122 1350 5185 tanquam
1384 5115 1668 5185 seipsum.
1717 5114 1870 5169 nihil
1903 5132 1995 5171 eo-

328 5223 462 5261 rum
495 5223 624 5276 quaa
648 5205 1120 5277 possidebatsibi
1151 5205 1264 5277 ipsi
1295 5203 1601 5276 proprium
1636 5204 1990 5260 vindicando

326 5296 626 5350 retinebat
667 5296 770 5351 sed
795 5297 854 5350 in
877 5311 1258 5351 communem
1283 5294 1600 5349 utilitatem
1634 5294 1988 5365 proferebat.

328 5384 493 5439 Unde
526 5386 703 5439 etiam
753 5385 1004 5457 gratiam
1067 5400 1343 5456 magnam
1400 5385 1483 5439 ait
1515 5384 1637 5439 illis
1681 5401 1749 5439 ex
1783 5390 1989 5441 mutua

327 5471 650 5529 dilectione
687 5473 1050 5530 accessisse:
1086 5490 1158 5529 ex
1191 5489 1259 5528 eo
1313 5473 1473 5528 enim
1505 5473 1665 5544 quod
1695 5474 1848 5530 nihil
1880 5474 1993 5530 sibi

403 5677 452 5715 ³⁵
475 5677 645 5736 Joan.
679 5689 799 5743 xm,
833 5679 922 5734 88.

2109 4690 2138 4719 «
2166 4667 2343 4724 κοινά.
2377 4691 2404 4719 ι)

2174 4759 2250 4814 Τὸ
2280 4755 2664 4835 φιλάλληλον,
2714 4760 2804 4814 καὶ
2847 4757 2900 4831 ἐξ
2950 4759 3151 4835 ἐγγύης
3191 4765 3402 4835 προσῆν
3453 4758 3639 4820 αὐτοῖς
3668 4761 3772 4814 τοῦ

2104 4843 2433 4903 διδασκάλου
2465 4847 2722 4922 Χριστοῦ,
2757 4843 2827 4902 δι’
2876 4848 2949 4902 ὧν
2996 4845 3196 4924 ἔλεγεν·
3231 4873 3258 4899 ‹‹
3293 4847 3380 4904 Ἐν
3409 4845 3592 4919 τούτῳ
3624 4845 3773 4920 γνώο

2104 4956 2289 4992 σονται
2341 4936 2539 5000 πάντες
2594 4937 2677 4992 δτι
2737 4935 2867 5010 ἐμοὶ
2930 4935 3171 5010 μαθηταί
3221 4937 3358 5008 ἐστε,
3411 4935 3497 4991 ὲᾶν
3549 4935 3774 5010 ἀγάπην

2102 5019 2271 5100 ἔχητε
2317 5023 2369 5080 ἒν
2414 5023 2710 5096 ἀλλήλοις,
2748 5050 2776 5077 ››
2827 5027 3024 5101 Διόπερ
3068 5026 3159 5081 καὶ
3209 5023 3431 5086 ἕκαστος
3475 5025 3549 5087 ὡς
3579 5023 3770 5079 ἑαυτὸν

2102 5115 2421 5189 ἡγούμενος
2451 5115 2542 5170 τὸν
2577 5115 2839 5185 πλησίον,
2874 5113 3030 5172 οὐδὲν
3056 5120 3165 5171 τῶν
3206 5113 3565 5190 ὑπαρχόντων
3594 5113 3772 5186 ἑαυτῷ

2102 5201 2506 5276 ἐξιδιαζόμενος
2537 5210 2806 5281 κατεῖχεν,
2859 5203 2984 5261 ἀλλ’
3031 5205 3107 5268 εἷς
3155 5203 3551 5279 κοινοχρησίαν
3598 5223 3774 5278 προσ-

2102 5294 2263 5348 ετίθει
2318 5295 2403 5368 Ἐξ
2448 5295 2510 5350 οὗ
2562 5296 2651 5350 καὶ
2763 5296 2777 5316 '
3041 5295 3056 5314 ‘
3229 5293 3279 5349 ’λ
3428 5293 3442 5314 ’
3519 5297 3542 5311 ⁹
3603 5291 3626 5347 ἒ
3701 5290 3735 5348 λ

2167 5338 2178 5348 .
2220 5337 2242 5348 ..
2272 5339 2285 5352 .
2704 5316 2866 5370 χαριν
2924 5316 3057 5374 φησι
3109 5315 3244 5369 μεγα
3287 5316 3352 5365 ην
3385 5314 3570 5354 αυτοις
3632 5313 3697 5347 πε
3741 5324 3773 5337 σ-

2101 5385 2212 5439 θεῖν
2239 5384 2345 5440 ἀπὸ
2395 5393 2498 5454 τῆς
2548 5385 2932 5457 wax/mica;
3005 5387 3099 5458 Τῷ
3141 5385 3242 5460 γάρ
3278 5386 3355 5457 μή
3388 5381 3770 5454 ἐξιδιάζεσθαι,

2101 5471 2285 5537 οὐδεὶς
2341 5475 2409 5545 ἦν
2464 5473 2652 5546 ἐνδεὴς
2708 5475 2760 5531 έν
2817 5476 3021 5540 αὐτοῖς.
3079 5477 3251 5549 Ὅπερ
3290 5478 3411 5545 τοῦ,
3444 5498 3472 5526 (ι
3507 5471 3772 5548 Ἀνοίγεις
