4160 6442
308 398 402 458 105

1305 394 1714 459 COMMENT.
1765 397 1842 454 IN
1890 395 2088 457 ACTA
2134 395 2733 459 APOSTOLORUM.

3617 399 3733 461 106

314 529 366 586 σῦ
391 530 486 600 τὴν
517 526 686 606 χεῖρά
716 550 839 600 σου,
868 529 965 585 καὶ
998 525 1282 604 ἐμπιπλᾷς
1313 533 1419 584 πᾶν
1449 533 1614 601 ζῶον,
1649 551 1677 579 ››
1729 527 1964 601 μίμησις

2111 529 2222 603 psis
2253 530 2852 602 vindicarent,nullus
2884 533 3041 591 inter
3070 551 3172 591 eos
3203 550 3382 609 egens
3411 531 3730 608 erat,quod

317 623 393 691 ἦν.

385 830 403 855 ι
449 803 550 861 Καὶ
582 801 801 878 μεγάλῃ
830 797 1064 872 δυνάμει
1113 797 1399 856 ἀπεδίδουν
1452 801 1515 855 τὸ
1561 798 1854 874 μαρτύριον
1915 797 1968 852 οἱ

318 920 342 946 «ι
394 892 701 948 ἀπόστολοι
757 898 861 960 τῆς
920 889 1258 951 ἀναστάσεως
1315 894 1411 945 τοῦ
1488 889 1692 964 Κυρίου
1761 889 1964 960 Ἰησοῦ,

320 1009 345 1036 τι
375 985 535 1058 χάρις
565 1002 623 1036 τε
655 979 872 1056 μεγάλη
905 981 974 1048 ἦν
1016 978 1105 1033 ἐπὶ
1162 979 1366 1042 πάντας
1417 978 1634 1040 αύτούς.
1669 974 1811 1035 Οὐδὲ
1864 976 1966 1053 γὰρ

325 1100 342 1125 ι
370 1071 553 1144 ἐνδεής
582 1094 664 1134 τις
698 1072 950 1150 ὑπῆρχεν
982 1069 1032 1124 ἐν
1076 1069 1279 1131 αὐτοῖς.
1339 1073 1496 1127 ’Ὀσοι
1544 1069 1647 1145 γὰρ
1703 1070 1967 1141 κτήτορες

319 1194 343 1218 (ι
375 1166 598 1243 χωρίων
627 1163 662 1233 ἢ
704 1163 894 1218 οἰκιῶν
928 1164 1206 1240 ὑπῆρχον,
1257 1159 1569 1223 πωλοῦντες
1629 1155 1818 1239 ἔφερον
1870 1158 1966 1221 τὰς

315 1285 340 1310 ιι
368 1256 540 1330 τιμάς
574 1258 682 1309 τῶν
713 1250 1190 1327 πιπρασκομένων.
1228 1275 1248 1303 ι

383 1439 485 1506 Τὸ,
546 1432 858 1502 ἀπεδίδουν,
949 1431 1191 1506 καθάπερ
1277 1431 1718 1508 ἐγχειρισθέντας
1774 1428 1971 1492 αὐτούς

311 1549 384 1598 τι,
421 1517 679 1593 δείκνυσι,
710 1522 800 1578 καὶ
831 1522 908 1584 ὡς
937 1520 1062 1594 περὶ
1093 1518 1420 1599 ὀφλήματος
1461 1517 1607 1594 λέγει
1661 1518 1818 1574 αὐτό.
1873 1517 1972 1572 Διά

316 1619 419 1694 γάρ
451 1620 563 1671 τῶν
595 1617 965 1686 θεοσημειῶν,
999 1609 1142 1675 θείαν
1172 1607 1400 1680 δύναμιν
1429 1606 1700 1664 ἐδείκνυον
1725 1603 1850 1662 ὄντα
1877 1607 1970 1662 τὸν

317 1709 375 1762 ἐκ
403 1710 606 1778 νεκρῶν
638 1703 961 1759 ἀναστάντα.

389 1822 415 1848 ε(
449 1796 549 1850 Καὶ
597 1793 809 1849 ἐτίθουν
843 1792 990 1866 παρὰ
1046 1789 1175 1853 τοῦς
1223 1787 1394 1852 πόδας
1453 1793 1560 1844 τῶν
1619 1786 1973 1850 ἀποστόλων.

2079 620 2242 677 illius
2273 622 2531 678 Davidici
2581 624 2721 679 dicti
2781 624 3033 681 imitatio
3096 631 3262 681 erat:
3324 649 3353 676 «
3407 627 3621 698 Aperis
3671 631 3734 683 tu

2079 728 2324 768 manum
2358 718 2545 782 tuam,
2580 720 2640 770 et
2672 715 2888 786 imples
2921 732 3097 771 omne
3129 717 3354 773 animal
3387 717 3452 772 ⁸⁸.
3487 740 3516 769 »

2152 824 2180 851 «
2213 803 2304 870 IV,
2338 805 2426 871 33,
2461 806 2548 858 34.
2584 806 2655 859 Et
2686 822 2901 874 magna
2932 806 3147 861 virtute
3206 807 3536 862 reddebant
3589 824 3735 879 apo-

2079 911 2107 942 «ι
2141 890 2278 946 stoli
2312 893 2722 949 testimonium
2780 895 3237 950 resurrectionis
3294 897 3529 951 Domini
3573 898 3730 963 Jesu,

2078 1001 2108 1030 «
2140 981 2445 1052 gratiaque
2469 999 2684 1053 magna
2717 988 2845 1039 erat
2893 1000 3074 1055 super
3106 984 3268 1054 ipsos
3303 1002 3315 1038 :
3348 1001 3542 1056 neque
3572 985 3734 1041 enim

2077 1089 2108 1118 ι(
2141 1067 2436 1141 quispiam
2471 1087 2651 1144 egens
2689 1078 2818 1128 erat
2847 1073 3005 1128 inter
3054 1073 3212 1128 illos.
3273 1075 3417 1129 Nam
3447 1079 3741 1146 quotquot

2081 1176 2110 1210 ι
2141 1174 2516 1228 possessores
2548 1161 2912 1232 praediorum
2947 1167 3051 1218 aut
3109 1162 3327 1218 aedium
3360 1169 3534 1220 erant
3583 1164 3740 1218 inter

2080 1267 2106 1300 ι
2150 1265 2272 1315 eos,
2321 1249 2642 1308 vendentes
2701 1252 3033 1309 afferebant
3090 1254 3284 1325 pretia
3342 1270 3548 1310 eorum
3607 1269 3739 1325 qua

2081 1359 2110 1388 «
2139 1338 2571 1396 vendebantur.
2605 1363 2633 1392 »

2154 1428 2362 1498 Dictio,
2395 1429 2745 1500 reddebant,
2791 1436 3077 1504 tanquam
3135 1433 3365 1505 aliquid
3420 1434 3602 1489 fuerit
3654 1433 3740 1490 eis

2080 1518 2490 1575 concreditum
2523 1521 2908 1593 signiﬁcat,et
2926 1523 3038 1578 hoc
3053 1522 3233 1578 veluti
3255 1523 3327 1579 de
3358 1523 3560 1580 debito
3573 1523 3738 1580 dicit.

2082 1609 2226 1663 Nam
2259 1625 2365 1680 per
2409 1608 2607 1666 divina
2661 1611 2832 1684 signa
2887 1611 3149 1668 divinam
3208 1613 3607 1669 ostendebant
3635 1631 3745 1686 po-

2083 1698 2333 1753 tentiam
2363 1699 2495 1771 ejus
2520 1700 2621 1770 qui
2653 1716 2688 1755 a
2719 1701 2971 1757 mortuis
3004 1703 3382 1758 surrexisset.

2158 1788 2314 1854 «IV,
2349 1790 2434 1842 35.
2481 1790 2552 1843 Et
2599 1789 2906 1860 ponebant
2965 1790 3040 1846 ad
3097 1791 3280 1862 pedes
3312 1791 3744 1864 apostolorum.

330 1910 356 1937 ι
391 1880 660 1939 Διεδίδοτο
717 1879 776 1936 δὲ
830 1878 1047 1954 ἓκάστῳ
1102 1879 1291 1943 καθότι
1350 1876 1410 1933 ἄν
1491 1898 1574 1940 τις
1656 1875 1845 1953 χρείαν
1894 1877 1974 1931 εῖ-

2111 1897 2115 1925 :
2171 1877 2648 1934 Distribuebatur
2695 1885 2896 1936 autem
2956 1881 3211 1954 singulis
3269 1887 3446 1954 prout
3527 1883 3746 1954 cuique

330 2000 356 2028 σι
395 1996 499 2029 γεν.
537 1999 564 2024 η

433 1996 499 2029 εν.
537 1999 564 2024 n

393 1993 472 2120 ἐν)
504 2063 653 2138 παρά
679 2060 807 2124 τοὺς
856 2057 1026 2122 πόδας
1085 2059 1179 2120 τὰς
1235 2057 1403 2133 τιμὰς
1458 2058 1663 2113 τιθέναι
1693 2060 1800 2111 τῶν
1832 2055 1974 2110 ἀπο-

323 2153 562 2221 στόλων,
595 2151 739 2207 ἀλλά
774 2152 850 2224 μὴ
881 2149 1018 2225 πρὸς
1041 2148 1136 2209 τὰς
1168 2153 1381 2227 χεῖρας,
1423 2147 1521 2215 τὴν
1551 2145 1772 2215 πολλὴν
1803 2146 1972 2218 τιμὴν

315 2237 721 2300 καὶεῦλαῧειαν
752 2247 862 2296 τῶν
919 2241 1309 2314 προσαγόντων
1363 2236 1550 2308 δηλοῖ.
1608 2239 1726 2292 ’ωτι
1761 2234 1817 2291 δὲ
1875 2236 1978 2290 οὐκ

310 2335 394 2397 εἷς
423 2334 523 2392 τὰς
556 2338 748 2407 χεῖρας
796 2329 1050 2401 ἐτόλμων
1107 2325 1310 2398 δοῦναι,
1370 2326 1566 2389 αὐτοὺς
1633 2325 1855 2400 κυρίους
1909 2325 1973 2394 ἦν

312 2428 491 2477 ποιεῖν
547 2421 639 2475 καὶ
696 2418 1050 2490 οἰκονόμους,
1107 2416 1182 2479 ὡς
1230 2415 1289 2470 ἐκ
1339 2419 1534 2470 κοινῶν
1590 2413 1978 2474 ἀναλίσκοντας

309 2513 579 2586 ταμείων,
613 2510 702 2564 καὶ
739 2511 814 2581 μὴ
857 2509 932 2569 ὡς
990 2506 1040 2575 ἐξ
1103 2504 1256 2560 ἰδίων
1321 2503 1409 2560 διὰ
1466 2510 1690 2581 χειρῶν.
1743 2505 1864 2561 Ἔτι
1915 2504 1978 2559 τὸ

310 2604 452 2678 πρὸς
484 2602 616 2659 τοὺς
649 2595 841 2666 πόδας,
900 2595 991 2651 καὶ
1049 2590 1209 2657 σέϐας
1268 2594 1462 2657 αὐτοῖς
1520 2595 1850 2669 περιεποίει,
1914 2613 1983 2648 κα

316 2690 564 2753 ὀνείδους
593 2690 791 2767 ἀφῄρει
821 2689 922 2757 τὴν
952 2683 1155 2742 ἔνδειαν
1185 2690 1294 2740 τῶν
1325 2682 1693 2762 τρεφομένων.
1732 2681 1980 2742 Ἐδίδουν

311 2782 391 2852 δὲ,
429 2783 507 2844 ὡς
540 2779 602 2835 ἐκ
630 2784 830 2835 κοινῶν
854 2776 1096 2851 ταμείων
1125 2771 1583 2851 χορηγουμένων.

387 2985 417 3015 α
447 2963 646 3029 ’[ωσῆς
681 2955 738 3012 δὲ
797 2957 826 3011 6
879 2953 1200 3026 ἐπικληθεὶς
1242 2948 1527 3028 Βαρνάϐας
1563 2953 1665 3008 ὑπὸ
1698 2958 1805 3008 τῶν
1839 2951 1982 3009 ἁπο-

314 3079 342 3102 κ
377 3048 623 3117 στόλων,
649 3049 680 3102 6'
709 3045 872 3115 ἐστιν,
906 3046 1022 3107 υἱὸς
1083 3042 1507 3121 παρακλήσεως,
1567 3040 1820 3114 Λευίτης,
1881 3042 1984 3099 Κύ-

322 3167 343 3190 .
377 3161 546 3213 πριος
575 3141 658 3209 τῷ
698 3133 856 3212 γὰιει,
917 3135 1262 3210 ὑπάρχοντος
1318 3133 1488 3188 αὐτοῦ
1537 3133 1727 3207 ἀγροῦ,
1785 3129 1984 3202 πωλή-

319 3256 341 3281 ι
375 3248 470 3289 σας
502 3225 700 3301 ἤνεγκε
725 3226 790 3280 τὸ
826 3228 1044 3299 χρῆμα,
1077 3223 1168 3278 καὶ
1198 3219 1363 3293 ἔθηκε
1417 3221 1566 3297 παρὰ
1624 3220 1753 3284 τοὺς
1811 3217 1983 3281 πόδας

319 3343 348 3370 τι
377 3325 488 3374 τῶν
517 3315 872 3372 ἀποστόλων.
909 3338 936 3364 δ)

394 3414 620 3481 Πρῶτον
656 3408 930 3479 μέμνηται
986 3408 1089 3458 τοῦ
1145 3404 1604 3477 κατωρθωκότος,
1664 3402 1831 3478 ἤγουν
1889 3405 1986 3456 τοῦ

315 3502 506 3568 Ἰωσῆ,
543 3498 618 3558 εἷς
677 3491 902 3570 ἔλεγχον
971 3495 1191 3566 μείζονα
1249 3492 1518 3560 Ἀνανίου,
1574 3490 1658 3546 ὅτι
1714 3490 1988 3546 τοσούτων

320 3585 500 3644 ὄντων
530 3593 639 3642 τῶν
671 3589 843 3641 ταῦτα
872 3592 1196 3648 ποιούντων,
1245 3582 1336 3636 καὶ
1385 3581 1660 3637 τοσούτων
1717 3583 1986 3656 σημείων,

324 3680 422 3733 καὶ
448 3677 719 3745 τοσαύτης
745 3675 1004 3751 χάριτος,
1039 3672 1127 3727 ὑπ’
1159 3669 1382 3732 οὐδενὸς
1428 3672 1637 3726 τούτων
1671 3668 1986 3740 ἐπαιδεύθη.

339 3771 438 3837 Τῷ
465 3764 695 3839 δὶίωσῇ
750 3765 859 3820 ἀπὸ
887 3769 999 3820 τῶν
1061 3759 1418 3818 Ἀποστόλων
1477 3763 1511 3830 ἡ
1572 3759 1772 3829 κλῆσις
1825 3759 1989 3834 ἐπρυ-

341 3855 596 3923 τανεύθη,
629 3854 922 3928 μαρτύριον
979 3851 1176 3926 ἀρετῆς
1232 3848 1706 3926 φιΛοικτίρμονος.
1761 3847 1993 3916 Λευῒτης

339 3942 401 3999 δὲ
433 3942 528 4010 ὧν,
563 3943 802 4017 Κύπριος
835 3939 1234 4020 ἐχρημάτιζεν,
1263 3935 1350 3994 ὅτι
1379 3939 1406 3992 6
1435 3936 1606 4010 νόμος
1638 3933 1745 4006 ἤδη
1779 3935 1990 4007 ἐλύετο,

330 4035 428 4089 καί
465 4033 742 4106 μετῴκουν
777 4030 826 4101 ἐξ
864 4027 1131 4088 Ἰουδαίας
1163 4028 1300 4083 ὅπου
1357 4027 1416 4081 ἂν
1471 4047 1552 4088 τις
1604 4025 1891 4100 βούΙΟιτο.
1923 4025 1994 4080 Τὸ

328 4123 392 4180 δὲ
431 4118 706 4198 βαρνάϐας
740 4121 790 4190 ἐξ
832 4117 1100 4181 Ἰουδαίας
1147 4116 1402 4191 γλώσσης
1460 4116 1534 4178 εἰς
1588 4113 1828 4172 Ἑλλάδα
1880 4115 1997 4170 ἀνα.

325 4214 738 4286 πτυσαόμενον,
817 4211 934 4266 υἱὸν
1024 4205 1420 4282 παρακλήσεως
1495 4209 1751 4281 παριστᾷ,
1835 4205 1999 4260 οἱονεὶ

319 4301 688 4377 παραμυθίας
734 4299 827 4356 καὶ
861 4297 1183 4373 οίκτιρμοῦ.
1250 4295 1678 4371 Προπαρασκευὴ
1738 4291 1796 4349 δὲ
1839 4298 2000 4350 τοῦτο

317 4397 426 4448 τοῦ
459 4393 600 4446 κατὰ
626 4390 866 4447 Ἀνανίαν
893 4388 986 4443 καὶ
1011 4387 1318 4462 Σάπφειραν
1347 4383 1600 4459 ὀλεθρίου
1632 4381 2004 4460 διηγήματος,

320 4484 588 4554 Μιμήσει
616 4481 718 4555 γάρ
745 4480 839 4535 καὶ
873 4479 1043 4540 οὗτος
1076 4480 1172 4532 τοῦ
1198 4479 1383 4547 Ἰωσῆ,
1416 4475 1506 4529 τὸν
1536 4473 1697 4549 ἀργὸν
1726 4471 2006 4548 ἀποδόμε-

319 4594 448 4638 νος,
496 4572 576 4644 μή
611 4568 987 4638 καταλλήλως
1059 4565 1414 4642 χρησάμενος
1464 4567 1532 4638 τῇ
1589 4561 1740 4638 ἀρχῇ
1788 4563 1878 4618 καί
1932 4568 2011 4636 τῷ

318 4660 514 4731 τέλει,
551 4655 743 4714 ἔλαθεν
782 4658 958 4728 ἑαυτῷ
990 4652 1218 4730 ὄλεθρον
1251 4651 1586 4728 διαθέμενος.

412 4959 446 4985 «ι
482 4934 653 5005 Ἀνὴρ
687 4928 745 4986 δέ
771 4949 857 4992 τις
894 4927 1149 4987 Ἀνανίας
1180 4925 1414 4999 ὀνόματι
1469 4923 1562 4978 σὺν
1595 4925 1877 5004 Σαπφείρῃ
1935 4928 2005 5000 τῇ

334 5051 363 5076 ε(
405 5023 626 5098 γυναικὶ
689 5019 855 5074 αὐτοῦ
937 5016 1195 5086 ἐπώλησε
1267 5022 1474 5089 κτῆμα,
1543 5015 1634 5070 καὶ
1690 5013 2007 5088 ἐνοσφίσατο

339 5139 372 5164 α
401 5111 516 5167 ἀπὸ
547 5117 648 5179 τῆς
676 5111 863 5182 τιμῆς,
893 5103 1198 5168 συνειδυίας
1234 5105 1326 5160 καὶ
1382 5112 1484 5174 τῆς
1537 5108 1788 5181 γυναικὸς
1819 5104 2007 5175 αὐτοῦ,

329 5229 360 5257 (ι
399 5203 499 5258 καὶ
533 5195 760 5276 ἐνέγκας
790 5198 954 5273 μέρος
987 5219 1038 5252 τι
1071 5198 1216 5273 παρά
1243 5193 1373 5259 τοὺς
1405 5192 1575 5257 πόδας
1634 5199 1741 5250 τῶν
1772 5193 2010 5250 ἀποστό-

337 5325 359 5350 ι
404 5297 529 5353 λων
561 5293 773 5364 ἔθηκεν.
811 5316 833 5344 ι

409 5384 744 5445 Ὀλοτελῶς
776 5383 880 5458 γάρ
911 5378 1215 5447 Σατανικῆς
1278 5379 1470 5453 μανίας
1525 5379 1738 5452 μεστὸς,
1795 5379 1823 5432 6
1883 5377 2014 5444 αὖθ..

325 5483 621 5558 ορμήτως
683 5473 774 5528 καὶ
801 5473 902 5528 οὐκ
930 5472 984 5545 ἐξ
1015 5469 1257 5547 ἀνάγκης
1313 5469 1404 5524 καὶ
1468 5467 1586 5542 βίας
1640 5466 1905 5558 ἑλόμενος
1953 5471 2015 5525 τὸ

324 5557 636 5649 χρηστὸν,
666 5561 781 5638 ἄμα
813 5560 872 5620 δὲ
897 5565 967 5636 τῇ
999 5561 1148 5636 ἀρχῇ
1207 5561 1305 5629 τὴν
1355 5558 1479 5633 περὶ
1509 5558 1571 5612 τὸ
1627 5557 1825 5634 ἀγαθὸν
1879 5557 2019 5628 ζέσιν

404 5724 458 5764 ⁸⁸
489 5718 668 5781 Psal.
699 5731 972 5787 unum,
995 5713 1082 5771 16.

685 5852 920 5912 Pyram
945 5891 958 5904 .
1006 5843 1118 5906 Gn.
1165 5841 1421 5904 CXVIII.

2089 1989 2115 2016 α
2150 1983 2298 2039 opus
2330 1973 2475 2024 erat.
2510 1991 2538 2020 »

2157 2056 2245 2112 Ad
2276 2057 2457 2128 pedes
2489 2059 2896 2130 apostolorum
2932 2061 3122 2132 pretia
3151 2078 3372 2132 ponere
3432 2067 3491 2118 et
3519 2079 3640 2117 non
3670 2060 3746 2117 ad

2087 2162 2322 2215 manus,
2351 2164 2634 2218 magnum
2668 2148 2894 2204 indicat
2915 2150 3204 2206 honorem
3253 2167 3320 2206 ac
3355 2151 3749 2206 reverentiam

2089 2253 2294 2292 eorum
2327 2237 2426 2306 qui
2453 2238 2787 2293 ati’erebant
2814 2239 2977 2303 Quod
3007 2241 3279 2295 autemin
3313 2241 3592 2296 manibus
3609 2240 3751 2295 dare

2089 2343 2207 2381 non
2239 2326 2562 2394 audebant,
2593 2334 2722 2383 erat
2777 2328 2914 2384 illos
2972 2331 3337 2386 constituere
3378 2331 3655 2385 dominos
3683 2345 3752 2393 ac

2088 2418 2555 2489 dispensatores,
2590 2425 2738 2474 utex
2756 2420 3036 2476 omnibus
3073 2423 3500 2493 promptuariis
3533 2438 3748 2477 consu—

2088 2514 2408 2576 merent,et
2431 2526 2552 2564 non
2576 2510 2676 2566 42
2699 2527 2806 2581 per
2831 2527 3044 2566 manus
3075 2511 3147 2566 de
3169 2511 3754 2583 pr0priis.Praaterea

2091 2598 2250 2669 quod
2279 2598 2499 2653 dicitur
2523 2621 2551 2649 «
2587 2599 2661 2654 ad
2693 2599 2930 2671 pedes,»
2970 2606 3028 2655 et
3047 2601 3489 2656 venerationem
3514 2601 3636 2656 illis
3653 2598 3751 2656 ad-

2093 2687 2358 2755 debat,et
2386 2687 2779 2756 indigentiam
2814 2705 3019 2744 eorum
3062 2691 3162 2760 qui
3198 2690 3504 2745 alerentur
3532 2688 3750 2761 probro

2091 2776 2398 2833 liberabat.
2411 2777 2888 2834 Distribuebatur
2909 2784 3107 2835 autem
3133 2785 3417 2851 tanquam
3433 2795 3462 2834 e
3479 2794 3749 2834 commu-

2091 2867 2269 2922 nibus
2300 2872 2358 2922 et
2387 2866 2836 2922 abundantibus
2871 2869 3317 2940 promptuariis.

2166 2979 2193 3006 ‹‹
2227 2958 2321 3022 IV,
2353 2959 2444 3024 36,
2485 2957 2574 3011 37.
2634 2959 2798 3013 Joses
2851 2964 3074 3027 autem,
3136 2960 3238 3031 qui
3292 2960 3744 3033 cognominatus

2093 3070 2122 3097 ‹‹
2157 3051 2246 3102 est
2275 3046 2575 3102 Barnabas
2606 3046 2678 3101 ab
2712 3048 3020 3118 apostolis,
3055 3048 3216 3120 quod
3247 3055 3357 3117 est,
3409 3049 3572 3105 ﬁlius
3604 3064 3745 3104 con-

2095 3157 2123 3186 ‹‹
2157 3136 2487 3204 δοιεὶίοῐιὶε,
2525 3136 2768 3204 Levites,
2803 3137 3049 3209 Cyprius
3079 3155 3317 3211 genere,
3367 3156 3504 3194 cum
3563 3137 3746 3194 habe—

2099 3249 2126 3278 «
2159 3233 2251 3282 ret
2281 3242 2506 3298 agrum,
2539 3226 2806 3282 vendidit
2836 3233 3070 3296 eum,et
3097 3229 3300 3284 attulit
3325 3228 3605 3300 pretium,
3640 3243 3748 3299 po-

2045 3322 2059 3344 ‘
2099 3339 2126 3366 «
2161 3316 2398 3385 suitque
2427 3315 2502 3370 ad
2532 3315 2714 3386 pedes
2745 3316 3171 3387 apostolorum.
3204 3338 3231 3370 ιι

2169 3405 2434 3460 Primum
2461 3405 2590 3477 ejus
2623 3406 2901 3461 meminit
2950 3408 3051 3478 qui
3109 3408 3464 3480 praeclarum
3512 3407 3750 3464 facinus

2099 3501 2376 3569 operatus
2409 3501 2517 3565 est,
2550 3514 2764 3568 nempe
2798 3497 2986 3569 ipsius
3015 3499 3251 3562 Jose,ad
3276 3501 3566 3572 majorem
3598 3503 3758 3555 Ana-

2099 3587 2215 3643 niaa
2245 3586 2709 3642 confutationem
2732 3603 2744 3642 :
2771 3587 2949 3658 quod,
2984 3605 3120 3643 cum
3144 3591 3292 3645 tanti
3327 3595 3530 3646 essent
3550 3590 3650 3661 qui
3671 3595 3759 3644 ta-

2101 3676 2183 3731 lia
2212 3681 2456 3746 agerent
2486 3681 2545 3731 et
2571 3681 2735 3731 tanta
2773 3676 2961 3746 signa,
2996 3683 3280 3750 tantaque
3332 3679 3540 3751 gratia,
3592 3677 3760 3733 nullo

2102 3765 2315 3819 horum
2349 3770 2652 3819 correctus
2710 3764 2804 3819 sit.
2857 3767 2992 3836 Ipsa
3045 3773 3241 3822 autem
3269 3769 3403 3823 Jose
3435 3767 3758 3839 appellatio

2104 3853 2176 3909 ab
2208 3852 2493 3923 apostolis
2527 3853 2768 3908 inducta
2801 3859 2890 3907 est
2938 3854 2999 3908 in
3055 3857 3463 3911 testimonium
3522 3855 3760 3911 virtutis

2104 3943 2286 3998 animi
2322 3958 2460 4013 erga
2480 3958 2773 4012 pauperes
2805 3943 3108 4014 pr0pensi.
3142 3944 3286 3999 Cum
3319 3951 3515 4000 autem
3548 3945 3760 3999 levites

2107 4038 2284 4098 esset,
2316 4032 2565 4104 Cyprius
2596 4032 2924 4099 dicebatur,
2958 4035 3117 4104 quod
3149 4035 3242 4091 lex
3278 4037 3406 4108 jam
3439 4035 3633 4091 soluta
3664 4052 3762 4092 es-

2109 4127 2284 4188 set,et
2313 4138 2348 4176 a
2377 4120 2578 4176 Iudaea
2609 4122 3116 4195 transmigrabant
3144 4141 3260 4195 quo
3289 4125 3540 4196 quisque
3563 4125 3765 4180 vellet.

2111 4212 2298 4267 Dictio
2330 4216 2529 4267 autem
2564 4213 2861 4268 Barnabas
2893 4213 2966 4269 ab
3003 4214 3290 4270 Hebraica
3312 4215 3514 4288 lingua
3536 4216 3598 4270 in
3650 4215 3766 4270 La-

2113 4303 2301 4357 tinam
2317 4302 2586 4357 traducta
2609 4302 2797 4357 filium
2815 4302 3770 4377 designatconsolationis,nempe

2116 4392 2351 4464 pietatis
2383 4408 2520 4464 erga
2549 4408 2862 4463 pauperes.
2898 4394 3015 4448 Hoc
3047 4400 3246 4450 autem
3293 4401 3576 4466 tanquam
3609 4411 3770 4466 prai-

2117 4482 2349 4538 ludium
2381 4487 2473 4536 est
2500 4480 2575 4537 ad
2606 4482 3012 4538 narrationem
3057 4485 3413 4555 perditionis
3441 4485 3685 4540 Ananiaa
3717 4489 3776 4540 et

2122 4571 2445 4643 Sapphirae.
2482 4573 2626 4627 Nam
2660 4578 2719 4626 et
2749 4573 2845 4627 hic
2871 4573 3060 4644 ipsius
3090 4576 3221 4630 Jose
3253 4575 3583 4630 imitatione
3634 4589 3773 4647 agro

2042 4663 2088 4726 D
2120 4661 2440 4730 divendito,
2473 4678 2595 4717 non
2623 4663 3001 4718 convenienti
3042 4665 3218 4720 modo
3278 4681 3421 4720 usus
3477 4663 3772 4736 principio

2111 4756 2171 4807 et
2202 4752 2340 4818 ﬁne,
2374 4751 2666 4823 ignoravit
2693 4752 2855 4822 quod
2888 4752 3002 4807 sibi
3050 4753 3163 4824 ipsi
3197 4753 3597 4824 perditionem
3632 4769 3776 4808 con-

2116 4841 2366 4897 ciliaret.

2189 4955 2217 4982 «
2253 4933 2312 4998 ν,
2349 4935 2398 4996 1,
2422 4934 2474 4984 2.
2505 4931 2814 4986 Virautem
2831 4931 3076 5002 quidam
3092 4933 3353 4988 Ananias
3377 4932 3622 4988 nomine
3641 4949 3779 4988 cum

2120 5045 2146 5072 ι(
2182 5021 2472 5093 Sapphira
2500 5037 2683 5077 uxore
2736 5038 2842 5077 sua
2901 5021 3167 5077 vendidit
3220 5023 3663 5094 possessionem
3724 5028 3785 5078 et

2120 5133 2150 5161 ‹‹
2182 5111 2475 5166 fraudavit
2506 5111 2578 5166 de
2610 5112 2826 5182 pretio,
2863 5113 3100 5168 conscia
3136 5113 3312 5168 etiam
3351 5130 3531 5168 uxore
3575 5129 3703 5179 sua,
3727 5117 3789 5167 et

2123 5224 2151 5252 ‹‹
2179 5201 2421 5257 allatam
2445 5207 2674 5272 partem
2713 5201 3037 5272 quamdam
3069 5203 3267 5273 posuit
3306 5203 3380 5258 ad
3412 5202 3596 5275 pedes
3640 5219 3788 5274 apo-

2124 5313 2153 5342 ‹‹
2183 5291 2492 5346 stolorum.
2535 5314 2563 5341 »

2197 5381 2451 5436 Omnino
2484 5381 2644 5436 enim
2679 5382 2954 5437 Satanica
2982 5382 3219 5438 insania
3247 5383 3472 5454 plenus
3505 5387 3650 5446 erat,
3688 5398 3770 5453 qu

2127 5488 2262 5527 cum
2297 5471 2534 5544 proprio
2563 5471 2853 5527 instinctu
2885 5477 2943 5527 et
2973 5489 3092 5528 non
3125 5490 3195 5528 ex
3249 5474 3626 5540 necessitate,
3690 5476 3796 5526 aut

2128 5562 2182 5616 vi
2214 5562 2418 5633 aliqua
2455 5561 2614 5633 quod
2645 5561 2873 5618 bonum
2887 5568 2976 5618 est
3005 5563 3492 5637 elegisset,simul
3515 5564 3798 5617 tamenut
