4160 6466
449 317 565 376 107

1565 317 1975 380 (ῈΟΗΜΕΝΙΙ
2019 313 2328 376 TBICCE
2373 312 2726 376 EPISCOPI

3750 307 3864 370 108

445 450 688 521 incepit,
715 451 776 505 in
796 449 1020 505 fervore
1051 449 1195 505 boni
1228 450 1489 522 tepidior
1517 451 1706 506 factus
1734 456 1842 519 est,
1877 457 1935 504 et
1965 466 2081 505 cen'

2206 445 2638 520 κατεψυγμένος,
2671 445 2760 499 καὶ
2789 446 2852 498 τὸ
2881 448 2994 518 χρῆ
3009 463 3083 516 μα
3115 439 3245 497 ὅλον
3294 437 3604 502 ἀναλώσας.
3637 441 3779 516 Τρία
3809 438 3866 496 δὶ

443 534 577 594 sum
609 557 846 596 omnem
877 539 1156 611 perdidit.
1192 538 1326 594 Tria
1354 546 1553 595 autem
1604 547 1745 595 tunc
1772 540 1932 596 edita
1962 536 2101 594 sunt

443 629 601 684 circa
633 629 908 684 eumdem
941 631 1109 702 signa
1145 648 1155 684 :
1185 630 1444 702 cognitio
1478 630 1870 698 occultorum,
1904 635 2100 685 exter-

443 719 687 774 refactio
715 736 871 774 curae
902 720 1144 780 mentis.
1182 725 1239 774 et
1270 726 1563 791 praeterea
1611 720 1890 775 interitus
1925 720 2098 791 jussa

444 807 817 864 subsecutus.

521 920 546 949 α
578 899 642 964 ν,
670 900 700 952 3
733 901 784 954 6.
816 899 974 954 Dixit
1030 906 1228 955 autem
1279 903 1488 956 Petrus
1518 918 1530 954 :
1564 901 1814 966 Anania,
1849 916 1955 954 cur
1985 900 2098 954 im-

443 1009 470 1038 ‹‹
507 987 690 1059 plevit
721 988 969 1043 Satanas
1001 1005 1102 1045 cor
1133 996 1321 1056 tuum,
1355 996 1420 1045 ut
1448 991 1790 1046 mentireris
1849 990 2092 1060 Spiritui

443 1098 469 1124 ‹‹
502 1082 707 1131 sancto
742 1083 800 1131 et
829 1077 1138 1133 fraudares
1171 1078 1241 1133 de
1282 1080 1472 1150 pretio
1504 1079 1626 1150 agri
1656 1078 1682 1132 ?
1711 1081 1916 1133 Nonne
1969 1095 2097 1133 ma-

443 1185 472 1215 «
505 1182 656 1221 nens
685 1172 828 1233 {non
861 1167 1156 1236 venditus)
1191 1169 1295 1222 tibi
1331 1169 1637 1233 mansit,et
1667 1168 2003 1223 divenditus
2032 1169 2094 1223 in

445 1276 473 1305 α
501 1261 599 1310 tua
624 1262 750 1311 erat
779 1262 1073 1327 potestate
1095 1256 1122 1311 ?
1152 1258 1342 1321 Quare
1380 1258 1632 1328 posuisti
1664 1258 1726 1312 in
1757 1256 1934 1312 corde
1993 1263 2092 1311 tuo

447 1368 467 1393 ε
505 1361 633 1399 rem
656 1345 828 1400 istam
858 1345 885 1399 ?
914 1347 1038 1399 Non
1073 1362 1134 1400 es
1164 1347 1451 1400 mentitus
1483 1345 1955 1413 hominibus,43
1990 1345 2093 1401 sed

447 1454 471 1486 ι
504 1437 643 1489 Deo.
678 1435 941 1490 Audiens
971 1439 1170 1490 autem
1197 1437 1459 1491 Ananias
1490 1436 1598 1491 hos
1631 1452 1938 1491 sermones
1969 1435 2092 1491 col-

443 1549 472 1576 ι(
501 1525 702 1596 lapsus
724 1526 1059 1596 exspiravit.
1092 1527 1162 1580 Et
1219 1527 1411 1582 factus
1469 1532 1558 1581 est
1612 1527 1790 1581 timor
1842 1542 2092 1598 magnus

447 1637 467 1664 (ι
509 1631 688 1686 super
721 1631 929 1669 omnes
956 1615 1056 1685 qui
1090 1615 1216 1669 haec
1248 1615 1586 1670 audiebant.
1640 1616 1958 1687 Surgentes
1989 1631 2092 1670 au-

444 1726 469 1757 α
501 1710 621 1760 tem
645 1705 896 1776 juvenes
928 1712 1278 1762 amoverunt
1308 1722 1440 1761 eum
1478 1711 1535 1760 et
1583 1706 1804 1762 elatum
1840 1704 2089 1776 sepelie-

419 1815 471 1844 .«
505 1799 662 1849 runt.
699 1816 726 1844 »

513 1907 539 1932 ‹‹
575 1884 829 1952 Anania,
862 1901 969 1938 cur
989 1885 1276 1957 implevit,
1311 1907 1338 1935 »
1362 1891 1474 1941 etc.
1505 1888 1705 1956 Neque
1747 1885 1906 1939 enim
1939 1883 2086 1938 invi-

443 1978 534 2028 tos
555 1990 656 2028 vos
689 1974 981 2029 trahimus
1012 1974 1038 2028 ?
1068 1976 1172 2030 sed
1199 1968 1334 2030 cum
1364 1975 1634 2030 ultrones
1665 1975 1956 2048 placuerit
1985 1991 2087 2028 vo-

437 2061 532 2116 bis
554 2064 768 2117 offerre
823 2065 940 2118 Deo
990 2066 1312 2132 victimam,
1373 2082 1581 2120 rursus
1638 2081 1738 2119 vos
1798 2065 1960 2136 ipsos
2017 2063 2091 2119 ad

436 2153 744 2223 proprium
777 2170 951 2208 usum
977 2155 1278 2209 insumere
1309 2155 1686 2227 sacrilegium
1713 2154 1957 2209 indubie
1980 2159 2088 2209 est.

436 2242 573 2297 Ideo
607 2260 844 2314 quoque
900 2245 1322 2315 sacrilegorum
1384 2262 1556 2316 paena
1611 2245 1876 2316 percussi
1931 2249 2088 2300 sunt.

437 2332 702 2395 Quanam
736 2332 763 2386 7
793 2339 983 2387 morte
1008 2351 1022 2390 :
1052 2350 1192 2389 nam
1224 2335 1336 2389 hoc
1355 2335 1652 2405 signiﬁcat
1675 2331 1938 2406 ἐξέψυξεν,
1970 2334 2094 2390 vel-

438 2421 525 2474 uti
556 2422 806 2492 exaruit,
838 2423 952 2476 hoc
981 2428 1091 2491 est,
1124 2423 1287 2478 vitali
1344 2424 1592 2478 humore
1658 2424 1923 2495 privatus
1981 2429 2089 2480 est.

439 2509 577 2564 Ideo
637 2511 815 2566 etiam
863 2512 1061 2567 vivens
1123 2512 1433 2567 dicebatur
1479 2512 1634 2584 apud
1701 2519 1928 2569 veteres
1982 2509 2090 2566 διε-

445 2599 558 2674 ρός,
595 2599 753 2672 quod
785 2600 944 2656 idem
975 2602 1274 2674 significat
1304 2602 1463 2674 quod
1526 2601 1710 2676 ὑγρός,
1743 2602 1804 2657 id
1835 2608 1942 2669 est,
1979 2603 2090 2659 hu-

441 2689 520 2743 mi
530 2687 660 2744 dus.

516 2780 577 2844 V,
611 2782 726 2833 7-9.
763 2802 790 2829 «
822 2781 1166 2835 Intercessit
1205 2786 1403 2836 autem
1462 2781 1643 2836 trium
1700 2781 1887 2836 ferme
1918 2781 2091 2836 hora-

437 2891 466 2919 «
501 2885 632 2924 rum
665 2869 1068 2938 intervallum,
1120 2876 1179 2924 et
1219 2887 1367 2924 uxor
1412 2871 1540 2942 ejus
1599 2871 1874 2925 nesciens
1935 2869 2092 2941 quod

435 2959 813 3025 «acciderat,
911 2960 1192 3014 introivit.
1295 2960 1453 3014 Dixit
1555 2966 1752 3015 autem
1857 2961 1906 3014 ei
1984 2961 2092 3014 Pe-

430 3069 459 3096 «
497 3053 620 3102 trus
654 3064 666 3101 :
694 3049 796 3102 Dic
827 3049 998 3110 mihi.
1037 3065 1181 3104 num
1234 3049 1383 3103 tanti
1417 3065 1625 3120 agrum
1685 3048 2037 3103 vendidistis
2066 3048 2094 3103 ‘I

431 3159 455 3189 ιι
488 3140 562 3192 At
592 3138 695 3192 illa
721 3138 1146 3204 dixitzEtiam,
1207 3138 1372 3192 tanti.
1436 3139 1644 3193 Petrus
1697 3154 1832 3192 vero
1882 3138 1967 3192 ait
2017 3136 2091 3192 ad

2206 535 2342 592 κατὰ
2376 535 2590 590 ’ταυτὸν
2645 537 2940 605 τηνικαῦτα
3019 535 3243 605 σημεῖαο
3321 529 3596 604 λαθραίων
3644 533 3864 604 γνῶσις,

2214 621 2444 698 μελέτης
2480 623 2716 685 διανοίας
2751 617 3072 700 ἐκφόϐησις,
3099 620 3190 676 καὶ
3235 619 3324 676 ἐπὶ
3355 621 3571 682 τούτοις
3600 619 3866 696 ἀναίρεσις

2209 713 2268 770 ἐκ
2298 713 2758 790 προσταγμάτων.

2282 893 2480 950 «Eine
2510 891 2566 948 δὲ
2620 889 2842 966 Πέτρος·
2902 891 3141 961 Ἀνανία,
3201 888 3291 946 διὰ
3343 889 3400 945 τί
3456 887 3774 964 ἐπλήρωσεν
3836 887 3864 941 6

2213 1005 2236 1034 ι
2270 986 2514 1046 Σατανᾶς
2542 983 2643 1051 τήν
2671 980 2897 1056 καρδίαν
2929 1003 3047 1048 σου,
3091 979 3387 1055 ψεύσασθαί
3419 999 3478 1034 σε
3531 978 3594 1034 τὸ
3645 983 3866 1050 Πνεῦμα

2207 1097 2235 1125 ‹‹
2275 1071 2338 1127 τὸ
2369 1071 2540 1147 ἅγιον,
2570 1072 2661 1128 καὶ
2687 1071 3044 1150 νοσφίσασθαί
3101 1091 3159 1125 σε
3213 1069 3319 1124 ἀπὸ
3382 1075 3484 1139 τῆς
3543 1074 3714 1139 τιμῆς
3768 1070 3866 1122 τοῦ

2207 1188 2237 1218 ι(
2269 1165 2481 1240 χωρίου
2517 1185 2529 1235 ;
2561 1164 2688 1241 οὐχὶ
2727 1166 2885 1238 μένον
2916 1187 3002 1220 σοι
3045 1159 3252 1238 ἔμεινε,
3285 1162 3380 1218 καὶ
3427 1162 3624 1237 πραθὲν
3685 1159 3736 1214 ἐν
3794 1162 3864 1233 τῇ

2206 1279 2235 1308 ‹‹
2263 1259 2330 1330 σῇ
2363 1253 2574 1326 ἐξουσίᾳ
2603 1255 2825 1334 ὑπῆρχε
2855 1276 2870 1326 ς
2902 1253 2955 1310 τί
2982 1253 3065 1310 ὅτι
3125 1252 3249 1308 ἔθου
3308 1251 3360 1307 ἐν
3411 1255 3482 1325 τῇ
3540 1247 3738 1326 καρδίᾳ
3767 1271 3866 1304 σου

2205 1367 2237 1397 ιι
2265 1345 2327 1399 τὸ
2370 1349 2598 1420 πρᾶγμα
2654 1349 2855 1413 τοῦτο;
2913 1344 3011 1400 οὐκ
3067 1341 3277 1418 ἐψεύσω
3331 1341 3661 1416 ἀνθρώποις,
3718 1337 3867 1395 ἀλλά

2207 1457 2236 1485 ‹‹
2257 1438 2336 1506 τῷ
2355 1439 2492 1506 Θεῷ.
2526 1434 2767 1490 Ἀκούων
2798 1431 2855 1489 δὲ
2886 1431 3131 1496 Ἀνανίας
3180 1431 3308 1494 τοὺς
3373 1429 3577 1506 λόγους
3609 1428 3866 1498 τούτους,

2207 1546 2235 1575 ‹‹
2293 1523 2472 1577 πεσὼν
2535 1521 2772 1597 ἐξέψυξε.
2831 1525 2933 1579 Καὶ
3015 1522 3219 1599 ἐγένετο
3283 1514 3455 1597 φόϐος
3545 1520 3720 1595 μέγας
3777 1517 3866 1572 ἐπὶ

2202 1610 2456 1675 «πάντας
2487 1611 2618 1674 τοὺς
2679 1612 2982 1674 ἀκούοντας
3038 1615 3232 1668 ταῦτα.
3284 1612 3638 1672 Ἀναστάντες
3698 1605 3757 1663 δὲ
3815 1609 3868 1662 οἱ

2203 1729 2228 1755 α
2261 1703 2520 1778 νεώτεροι
2552 1701 2900 1759 συνέστειλαν
2959 1703 3145 1774 αὐτὸν,
3204 1702 3294 1758 καὶ
3349 1699 3716 1775 ἐξενέγκαντες
3745 1695 3870 1765 ἔθα-

2190 1816 2229 1851 ,‹‹
2267 1795 2387 1866 ψαν.

2273 1905 2300 1934 ‹‹
2334 1882 2573 1950 Ἀνανία,
2604 1878 2693 1937 διά
2720 1882 2794 1952 τί,
2829 1906 2857 1935 ››
2892 1884 2980 1937 καὶ
3015 1883 3082 1938 τὰ
3131 1882 3279 1951 ἑξῆς.
3338 1880 3429 1949 Μὴ
3486 1878 3611 1955 γὰρ,
3671 1877 3864 1958 φησὶν,

2201 1971 2426 2034 ἃκοντας
2458 1973 2598 2046 ὑμᾶς
2656 1971 2943 2047 ἓλκομεν;
3003 1971 3066 2027 τὸ
3125 1971 3457 2046 αὐθαιρέτως
3518 1969 3648 2043 ὑμῖν
3706 1967 3862 2026 δοκι-

2205 2062 2401 2136 μασθὲν
2432 2063 2510 2126 εἷς
2556 2067 2691 2119 Θεοῦ
2726 2059 3102 2136 καλλιέρημα,
3133 2058 3287 2125 αὖθις
3346 2057 3542 2122 αὐτοὺς
3601 2057 3676 2120 είς
3732 2059 3863 2113 ἔαυ-

2199 2155 2306 2205 τῶν
2337 2155 2526 2230 χρείαν
2557 2150 2818 2223 δαπανᾷν,
2851 2149 3137 2224 ἱεροσυλία
3168 2147 3573 2224 ἀναντίῤῥητος.
3617 2148 3711 2203 Διὸ
3765 2147 3864 2203 καὶ

2201 2245 2281 2313 τῷ
2309 2246 2416 2296 τῶν
2449 2238 2752 2317 ἱεροσύλων
2812 2235 3302 2310 καθυπεῦλήθησαν
3361 2237 3673 2313 προστίμῳ.
3732 2237 3865 2296 Τίνι

2198 2331 2380 2405 τούτῳ
2415 2353 2427 2400 ;
2460 2333 2690 2406 θανάτῳ·
2717 2336 2878 2388 τοῦτο
2908 2331 3008 2408 γάρ
3065 2330 3128 2386 τὸ
3187 2328 3452 2400 ἐξέὼυεεν,
3509 2327 3673 2384 οἱονεὶ
3729 2326 3864 2399 ἐξη-

2204 2423 2395 2496 ράνθη,
2474 2425 2744 2490 τουτέστι,
2801 2429 2902 2492 τῆς
2961 2426 3202 2491 ζωτικῆς
3278 2414 3491 2480 νοτίδος
3550 2416 3865 2491 ἐπέρηται.

2203 2511 2296 2565 Διὸ
2325 2511 2415 2565 καὶ
2445 2509 2643 2588 διερὸς,
2676 2512 2704 2566 ὁ
2753 2516 2884 2582 ζῶν,
2926 2509 3073 2586 παρά
3125 2513 3244 2570 τοῖς
3301 2507 3560 2569 παλαιοῖς
3621 2505 3866 2581 εἴρηται,

2201 2597 2255 2654 ἐν
2287 2597 2391 2654 ἷ¹σω
2421 2604 2540 2669 τοῦ,
2578 2600 2765 2677 ὑγρός.

2273 2804 2300 2830 ‹‹
2334 2780 2584 2854 Ἐγένετο
2643 2777 2700 2834 δὲ
2758 2778 2832 2840 ὡς
2893 2777 3048 2854 ὡρῶν
3108 2781 3277 2850 τριῶν
3336 2773 3632 2850 διάστημα,
3665 2776 3754 2831 καὶ
3821 2779 3858 2846 ἡ

2202 2892 2231 2921 ‹‹
2265 2871 2400 2944 γυνή
2435 2869 2602 2924 αὐτοῦ
2640 2869 2717 2942 μή
2770 2865 2946 2922 εἰδυῖα
2991 2867 3055 2922 τὸ
3111 2867 3356 2942 γεγονὸς,
3416 2865 3689 2934 εἰσῆλθεν.
3719 2867 3863 2922 Ἀπ-

2205 2981 2232 3011 ι‹
2267 2943 2452 3033 εκρίθη
2488 2955 2545 3012 δὲ
2575 2957 2714 3030 αὐτῇ
2755 2958 2784 3012 ὁ
2825 2957 3052 3028 Πέτρος·
3088 2943 3226 3014 Εἰπέ
3286 2976 3402 3029 μοι,
3463 2953 3508 3009 εί
3560 2956 3857 3010 τοσούτου.

2201 3072 2229 3101 ‹‹
2262 3049 2324 3103 τὸ
2355 3046 2564 3126 χωρίον
2618 3044 2925 3115 ἀπέδοσθε;
2968 3047 3030 3102 Ἦ
3081 3043 3138 3101 δὲ
3196 3046 3339 3114 εἶπε,
3398 3047 3526 3112 Ναὶ,
3558 3043 3853 3100 τοσούτου.

2199 3139 2302 3192 «'0
2335 3135 2392 3192 δὲ
2423 3137 2628 3212 Πέτρος
2661 3137 2779 3192 εἶπε
2806 3136 2944 3212 πρὸς
2975 3134 3168 3206 αὐτήν·
3224 3134 3294 3192 Τί
3351 3133 3437 3189 ὅτι
3488 3135 3856 3212 συνεφωνήθη

427 3249 454 3276 ι(
488 3243 618 3282 eam
651 3244 663 3281 :
693 3233 805 3282 Cur
834 3229 1241 3298 conspiratum
1256 3234 1346 3282 est
1374 3227 1532 3281 inter
1553 3245 1653 3282 vos
1675 3234 1741 3282 ut
1771 3227 2079 3283 tentaretis

2198 3252 2219 3279 ι‹
2255 3227 2382 3300 ὑμῖν
2407 3231 2658 3301 πειρᾶσαι
2687 3227 2749 3281 τὸ
2779 3229 2988 3298 πνεῦμα
3018 3225 3227 3301 Κυρίου
3263 3242 3278 3292 ;
3314 3220 3435 3278 ἰδοὺ
3467 3223 3519 3278 οἱ
3543 3220 3706 3285 πόδες
3738 3227 3856 3278 τῶν

433 3338 458 3370 α
492 3318 777 3387 Spiritum
812 3317 1044 3370 Domini
1074 3316 1101 3369 ‘I
1142 3317 1288 3370 Ecce
1357 3314 1538 3386 pedes
1571 3333 1776 3370 eorum
1827 3317 1928 3387 qui
1988 3332 2079 3370 se-

425 3428 454 3457 «
489 3406 791 3478 pelieruut
821 3407 1007 3459 virum
1044 3411 1208 3459 tuum
1232 3404 1307 3460 ad
1329 3405 1546 3459 ostium
1581 3405 1818 3472 adsunt,
1851 3409 1910 3460 et
1939 3405 2078 3460 effe-

427 3517 456 3544 ‹‹
490 3500 625 3549 rent
655 3501 729 3548 te.
760 3516 780 3545 ι

499 3583 642 3638 Vide
676 3584 833 3654 quod
882 3602 1002 3639 non
1055 3584 1299 3639 vocabat
1347 3601 1477 3639 eam
1536 3586 1764 3652 Petrus,
1821 3585 1925 3639 sed
1982 3601 2080 3639 ex-

433 3671 742 3742 spectabat
770 3676 836 3724 ut
883 3672 1014 3742 ipsa
1043 3671 1184 3724 dum
1232 3671 1411 3726 vellet
1457 3672 1888 3744 ingrederetur,
1945 3671 2081 3727 data

433 3758 521 3813 illi
556 3765 846 3829 potestate
878 3766 937 3814 et
986 3760 1400 3831 resipiscendi,
1435 3768 1493 3815 et
1548 3779 1670 3816 non
1702 3761 2082 3834 impudenter

430 3848 826 3921 ingrediendi.
889 3851 1161 3922 Ingressa
1235 3856 1324 3905 est
1380 3856 1579 3906 autem
1631 3852 1912 3924 ignorans
1944 3869 2076 3924 qua)

423 3939 582 3994 circa
611 3940 800 3994 virum
829 3940 1173 3996 acciderant
1206 3957 1220 3994 :
1275 3941 1417 4011 quia
1445 3959 1642 4013 neque
1703 3941 1790 3996 illi
1822 3941 2079 3997 audebat

420 4028 738 4100 quisquam
765 4030 1039 4100 detegere
1075 4029 1285 4083 timore
1316 4047 1384 4084 ac
1426 4031 1760 4085 reverentia
1787 4031 2072 4102 magistri.

418 4119 596 4188 Atqui
630 4119 907 4172 horarum
952 4120 1131 4172 trium
1185 4119 1564 4174 intervallum
1615 4119 1919 4174 sufﬁciens
1951 4125 2078 4174 erat

415 4212 480 4260 ut
510 4223 618 4277 per
648 4207 870 4261 multos
904 4211 1302 4278 spargeretur,
1327 4206 1430 4262 sed
1459 4208 1669 4261 timore
1701 4208 2076 4263 continentes

417 4296 868 4350 etfecerat.Nam
904 4301 961 4350 et
991 4296 1103 4349 hoc
1135 4296 1442 4350 admirans
1475 4297 1658 4350 Lucas
1691 4297 2072 4369 evangelista,

412 4390 732 4455 utrumque
765 4386 984 4456 posuit,
1017 4390 1076 4439 et
1107 4385 1388 4440 horarum
1423 4386 1680 4456 spatium
1715 4389 1774 4441 et
1803 4386 2072 4441 mulieris

411 4474 836 4546 ignorantiam.
910 4476 1289 4548 Interrogans
1337 4481 1534 4530 autem
1597 4478 1804 4547 quanti
1865 4493 2068 4550 agrum

2191 3341 2219 3367 (ς
2253 3315 2535 3390 θαψάντων
2564 3317 2656 3371 τὸν
2710 3311 2878 3390 ἄνδρα
2933 3335 3052 3384 σου,
3111 3311 3200 3369 ἐπὶ
3254 3316 3324 3387 τῇ
3375 3313 3532 3388 θύρᾳ,
3588 3313 3677 3367 καὶ
3710 3311 3859 3382 ἐξοί-

2192 3428 2220 3457 ‹‹
2253 3407 2405 3461 σουσί
2439 3426 2515 3462 σε.
2554 3432 2575 3460 ι

2259 3592 2392 3660 Ὃρα
2421 3587 2506 3641 ὅτι
2533 3585 2632 3640 οὐκ
2662 3582 2840 3640 ἐκάλει
2874 3586 2902 3639 ὁ
2959 3584 3190 3659 Πέτρος,
3245 3581 3374 3639 ἀλλ’
3434 3581 3709 3654 ἀναμένει,
3773 3582 3859 3644 ὡς

2189 3674 2355 3744 αὐτὴν
2397 3672 2657 3730 εἰσελθεῖν
2686 3673 2776 3729 ὅτε
2824 3672 3104 3748 βούλεται,
3165 3668 3352 3733 διδοὺς
3408 3671 3554 3743 αὖτῇ
3606 3669 3860 3742 ἐξουσίαν

2187 3764 2402 3820 καὶτοῦ
2460 3763 2930 3838 μεταμεληθῆναι,
2987 3761 3076 3817 καὶ
3121 3765 3223 3816 τοῦ
3256 3760 3332 3833 μὴ
3368 3755 3607 3821 ἀναιδῶς
3660 3759 3857 3814 εἰσελ-

2187 3859 2318 3918 θεῖν.
2357 3853 2594 3918 Εἲσῆλθε
2625 3851 2682 3908 δὲ
2731 3852 2798 3908 τὰ
2845 3851 2981 3907 κατά
3025 3852 3116 3906 τὸν
3173 3847 3341 3924 ἄνδρα
3397 3849 3474 3922 μή
3531 3844 3726 3917 εἲδυῖα,
3756 3846 3853 3903 ὅτι

2189 3940 2330 4016 μηδέ
2359 3963 2440 4004 τις
2471 3940 2683 4015 ἐτόλμα
2740 3941 2878 4014 αὐτῇ
2928 3939 3178 4010 ἐξειπεῖν,
3227 3933 3385 4018 φόϐῳ
3415 3936 3505 3992 καὶ
3560 3940 3699 4010 τιμῇ
3742 3937 3852 3991 τοῦ

2186 4028 2537 4086 διδασκάλου.
2574 4031 2766 4087 Καίτοι
2815 4051 2879 4104 γε
2929 4029 3087 4106 ὡρῶν
3144 4031 3314 4102 τριῶν
3346 4025 3622 4100 διάστημα
3653 4025 3850 4081 ἱκανὸν

2183 4122 2252 4190 ἧν
2286 4119 2361 4182 εἷς
2393 4118 2641 4184 πολλοὺς
2671 4117 2968 4176 διαδοῦναι.
3003 4116 3160 4176 Ἀλλ’
3193 4119 3220 4172 6
3279 4111 3449 4194 φόϐος
3507 4115 3704 4179 αὐτοὺς
3760 4114 3864 4194 ἐγ-

2184 4214 2398 4280 κρατεῖς
2427 4209 2625 4264 ἐποίει.
2660 4212 2834 4266 Τοῦτο
2865 4207 2970 4285 γὰρ
3027 4207 3117 4262 καὶ
3167 4207 3195 4260 ὁ
3252 4203 3662 4282 Εὐαγγελιστής
3697 4213 3858 4259 Aou-

2185 4304 2282 4362 κᾶς
2339 4297 2649 4372 θαυμάζων,
2709 4299 2876 4376 ἂμφω
2959 4295 3182 4367 τέθεικε,
3241 4295 3332 4351 καὶ
3387 4295 3450 4350 τὸ
3508 4297 3620 4348 τῶν
3681 4294 3854 4369 ὡρῶν

2185 4386 2484 4461 διάστημα,
2543 4389 2633 4443 καὶ
2685 4389 2787 4456 τὴν
2847 4393 2947 4456 τῆς
3007 4386 3264 4464 γυναικὸς
3295 4384 3540 4460 ἂγνοιαν.
3579 4385 3854 4460 Ἐρωτῶν

2184 4475 2239 4534 δὲ
2269 4479 2442 4535 πόσου
2473 4481 2535 4536 τὸ
2565 4478 2772 4555 χωρίον
2803 4475 3088 4546 ἀπέδοντο,
3133 4476 3270 4550 αὖτῇ
3320 4480 3555 4553 παρεῖχε
3597 4475 3856 4550 συγγνιίν

409 4564 822 4633 vendiderant,
857 4565 1042 4620 veniae
1070 4565 1154 4619 illi
1183 4565 1560 4620 occasionem
1592 4565 1912 4636 praebebat,
1935 4571 2069 4622 tan-

2198 4591 2293 4639 ιης
2321 4569 2606 4646 ἀφορμὴν,
2638 4569 2714 4631 ὡς
2739 4567 2838 4623 οὐκ
2866 4565 2948 4623 ἐπ’
2975 4566 3134 4641 αὐτῇ,
3194 4563 3340 4622 ἀλλὰ
3395 4564 3482 4620 ἐπὶ
3548 4569 3629 4637 τῷ
3684 4561 3852 4640 ἀνδρὶ

411 4671 589 4724 quam
623 4672 740 4710 non
770 4654 926 4727 apud
973 4654 1163 4724 illam,
1197 4654 1298 4710 sed
1331 4655 1489 4726 apud
1547 4655 1735 4710 virum
1796 4656 1908 4711 sita
1937 4655 2068 4711 fue-

409 4746 484 4800 rit
516 4751 776 4817 potestas
809 4745 1104 4801 vendendi
1167 4750 1224 4800 et
1279 4745 1593 4801 fraudandi
1628 4762 1642 4800 :
1683 4750 1741 4800 et
1781 4747 2063 4818 quoniam

409 4834 468 4888 in
502 4834 638 4890 dolo
670 4835 1040 4890 conformem
1099 4835 1220 4889 viro
1258 4835 1522 4906 reperit,
1582 4835 1764 4889 simili
1824 4853 2061 4908 quoque

405 4939 581 4992 poena
611 4923 1050 4980 condemnavit.
1085 4925 1254 4978 Novit
1293 4925 1452 4978 enim
1506 4930 1883 4996 contemptus
1915 4926 2061 4981 divi-

404 5029 620 5067 norum
654 5030 789 5068 eum
822 5029 1061 5084 quoque
1093 5014 1153 5068 in
1186 5015 1335 5068 iram
1369 5014 1688 5070 incendere
1721 5015 1822 5086 qui
1875 5022 1963 5071 est
1988 5016 2059 5072 ab

400 5103 490 5156 ira
535 5101 788 5156 alienus.
852 5103 951 5157 His
1006 5103 1185 5157 etiam
1246 5103 1424 5158 [idem
1482 5104 1622 5159 facit
1680 5105 2060 5160 sermonibus

2175 4666 2274 4729 τῆς
2308 4658 2545 4730 ἐξουσίας
2574 4658 2834 4732 κειμένης
2862 4661 2961 4713 τοῦ
2987 4653 3290 4721 ἀποδόσθαι
3349 4654 3438 4711 καὶ
3497 4657 3595 4709 τού
3645 4654 3851 4729 νοσφί-

2174 4751 2387 4805 σασθαι.
2420 4748 2525 4804 Καὶ
2574 4746 2762 4816 ἐπειδή
2796 4747 3086 4826 σύμφωνον
3112 4746 3236 4822 εὗρε
3285 4747 3356 4818 τῇ
3389 4741 3678 4814 δολιότητι
3733 4748 3848 4798 τοῦ

2171 4836 2390 4914 ἀνδρὸς,
2422 4841 2500 4909 τῷ
2532 4839 2710 4911 ὃμοίῳ
2739 4837 2828 4892 καὶ
2860 4836 3029 4906 αὐτὴν
3082 4836 3413 4908 ὑποτιμᾶται
3461 4837 3634 4906 κακῷ.
3693 4830 3843 4890 Οἵδε

2168 4924 2269 4999 γὰρ
2301 4927 2336 4992 ἡ
2365 4924 2762 5002 καταφρόνησις
2796 4922 2954 4988 θείων
2982 4923 3071 4978 καὶ
3128 4923 3220 4978 τὸν
3282 4921 3554 4998 ἀόργητον
3591 4918 3843 4974 ἐκκαίειν

2169 5014 2307 5087 πρὸς
2335 5011 2526 5088 ὀργήν.
2563 5013 2747 5076 Πίστις
2770 5017 2878 5068 τῶν
2913 5011 3115 5087 λόγων,
3173 5011 3262 5066 καὶ
3321 5012 3356 5080 ἡ
3405 5013 3503 5066 τοῦ
3557 5007 3613 5063 ἐν
3679 5002 3845 5062 Σαϐ-

2171 5096 2322 5174 ϐάτῳ
2354 5100 2717 5176 ξυλευομένου
2754 5103 2857 5158 ὑπὸ
2909 5101 3189 5163 Μωΰσὲως
3220 5105 3318 5156 τοῦ
3352 5098 3666 5174 πραοτάτου
3698 5098 3854 5172 πρὸς

2171 5189 2547 5256 λιθολευστίαν
2581 5188 2815 5255 ἔκδοσις.
2850 5191 3043 5248 Καίτοι
3073 5190 3186 5247 ἐκεῖ
3210 5191 3305 5264 μὶν
3341 5186 3578 5258 ἐντολῆς
3615 5187 3740 5260 περὶ
3773 5190 3864 5244 τὰ

2164 5283 2470 5352 καθήκοντα
2498 5278 2800 5356 παράϐασις
2861 5282 3062 5358 ὠρᾶτο,
3128 5280 3354 5336 ἐνταῦθα
3415 5277 3472 5334 δὲ
3521 5274 3862 5354 ἱεροσυλία.

2165 5371 2245 5429 Τὰ
2275 5371 2377 5446 γὰρ
2411 5376 2489 5444 τῷ
2528 5377 2646 5445 Θεῷ
2676 5372 2992 5429 ἀνατεθέντα
3028 5372 3176 5447 πρὸς
3213 5369 3511 5451 διατροφὴν
3559 5374 3667 5425 τῶν
3699 5367 3863 5424 ἀπό-

2165 5481 2294 5537 ρων,
2347 5461 2501 5518 αύτοὶ
2561 5462 2636 5524 είς
2696 5463 2952 5538 περιττὰς
3015 5462 3195 5519 αὐτῶν
3256 5461 3453 5537 χρείας
3511 5457 3852 5530 ἀνήλισκον,

396 5191 501 5246 illa
537 5191 772 5246 traditio
806 5192 914 5247 sub
950 5195 1104 5248 Mose
1158 5194 1666 5259 mansuetissimo,
1720 5201 1786 5249 ut
1837 5194 2054 5265 lapidi-

390 5282 500 5336 bus
527 5280 906 5344 obrueretur,
953 5281 1054 5352 qui
1107 5280 1358 5336 Sabbato
1418 5281 1578 5353 ligna
1637 5282 1960 5354 collegerat
1989 5283 2052 5337 1°.

395 5371 466 5424 Et
490 5370 571 5423 ibi
604 5369 846 5440 quidem
880 5371 1273 5442 transgressio
1305 5371 1581 5441 apparuit
1621 5371 1682 5425 in
1743 5370 1835 5425 his
1923 5388 2054 5442 quae

383 5459 491 5516 dec
507 5459 672 5516 entia
685 5458 976 5527 erant,hic
991 5464 1192 5515 autem
1215 5460 1592 5532 sacrilegium
1611 5477 1623 5514 :
1640 5464 1742 5515 44
1756 5460 2052 5532 siquidem

469 5670 518 5709 ⁸⁷
543 5675 716 5729 Num.
755 5689 848 5738 xv,
882 5673 949 5726 32
982 5687 1146 5743 seqq.
