4160 6434
409 352 522 411 Hi

1532 322 1963 392 (ECUMENII
2005 316 2313 380 TRICUIE
2358 315 2706 379 EPISCOPI

3715 313 3831 377 ιιι

412 505 437 538 α
472 499 632 558 gere,
665 480 767 537 sed
791 472 1211 551 magniﬁcabat
1231 486 1330 527 eos
1347 466 1623 540 pepulus.
1651 460 1832 533 Magis
1862 462 2061 513 autem

2184 476 2202 503 ι
2240 449 2392 505 λυνεν
2452 448 2648 513 αὐτοὺς
2701 450 2730 503 6
2789 447 2940 511 λαός.
3019 446 3250 504 Μᾶλλον
3323 444 3382 503 δὲ
3446 447 3827 524 προσετίθεντο

2404 539 2416 558 Ι
2645 542 2672 555 α-
2725 545 2762 558 π
2820 537 2855 558 ,I
3034 535 3057 558 Χ
3093 539 3141 558 In
3224 535 3239 557 ἲ
3283 533 3381 558 δ-ο
3519 556 3529 558 -
3614 557 3617 558 ,
3662 536 3680 558 \

411 598 439 626 ‹‹
474 552 834 631 accedebant
860 567 1172 624 credentes
1204 562 1476 626 Domino,
1505 552 1822 613 multitudo
1845 563 2061 621 nempe

411 687 440 716 «
484 665 747 719 virorum
779 658 957 714 simul
990 673 1057 711 ac
1092 652 1436 716 mulierum,
1469 648 1551 701 ita
1578 650 1645 701 ut
1702 659 1807 715 per
1835 639 2062 713 plateas

412 778 440 807 ι(
476 756 756 811 efferrent
813 750 1104 810 inﬁrmos,
1165 746 1573 816 ponerentque
1626 737 1688 790 in
1738 729 1974 788 lectulis
2006 732 2064 782 et

411 867 440 896 «
475 841 798 917 grabbatis,
829 845 893 894 ut
921 834 1213 893 venientis
1273 830 1428 887 Petri
1476 828 1567 883 vel
1605 823 1816 880 umbra
1847 834 2060 892 quem-

410 957 438 986 «
480 914 639 1006 piam
672 931 914 986 illorum
949 925 1350 982 obumbraret'
1411 914 1808 975 Conveniebat
1862 916 2060 966 autem

411 1046 438 1075 «
481 1029 541 1079 et
597 1020 917 1078 multitudo
982 1017 1309 1071 vicinarum
1357 1010 1661 1066 civitatum
1707 1000 2059 1065 Jerusalem,

411 1137 440 1165 «
476 1114 733 1169 afl‘erens
756 1126 942 1182 aegros
970 1123 1036 1163 ac
1062 1110 1296 1161 vexatos
1322 1118 1356 1157 ει
1373 1097 1679 1171 spiritibus
1709 1089 2060 1155 immundis,

412 1227 440 1255 «
474 1204 576 1275 qui
608 1201 976 1258 sanabantur
1005 1210 1234 1251 omnes.
1270 1216 1299 1243 ››

482 1296 563 1349 Tu
586 1309 720 1348 vero
747 1289 887 1345 mihi
918 1288 1151 1342 intuere
1182 1279 1481 1355 quomodo
1512 1273 1916 1349 apostolorum
1942 1268 2062 1323 vita

413 1383 790 1457 procedebat.
824 1378 1085 1435 Tristitia
1123 1375 1383 1447 primum
1424 1368 1643 1425 accidit
1692 1369 1935 1438 propter
1963 1375 2058 1415 as-

2176 563 2195 590 σ
2232 539 2576 601 πιστεύοντες
2606 542 2686 612 τῷ
2725 537 2929 614 Κυρίῳ,
2988 535 3181 609 πλήθη
3216 533 3422 612 ἀνδρῶν
3477 556 3537 592 τε
3589 536 3680 592 καὶ
3727 558 3828 612 γυ-

2170 653 2197 680 ‹‹
2230 632 2450 699 ναικῶν,
2509 626 2651 684 ὥστε
2729 628 2869 684 κατὰ
2924 627 3023 690 τὰς
3097 624 3362 690 πλατείας
3409 625 3648 706 ἐκφέρειν
3700 627 3830 693 τοὺς

2170 744 2199 772 ‹‹
2231 720 2486 791 ἀσθενεῖς,
2519 721 2609 774 καὶ
2662 719 2865 784 τιθέναι
2924 719 3010 774 ἐπὶ
3078 718 3280 775 κλινῶν
3331 719 3422 774 καὶ
3463 712 3819 793 κραϐϐάπων,

2171 809 2318 865 «ἳνα
2351 809 2657 886 ἐρχομένου
2718 809 2926 885 Πέτρου
2986 810 3083 864 κᾶν
3112 811 3148 878 ἡ
3188 808 3315 864 σκιά
3369 807 3655 883 ἐπισκιάσῃ
3709 798 3817 863 τινῖ

2172 924 2193 953 ι
2224 899 2419 955 αὐτῶν.
2459 902 2776 975 Συνήρχετο
2810 896 2868 954 δὲ
2917 899 3004 954 καὶ
3038 899 3102 954 τὸ
3149 897 3362 968 πλῆτος
3390 902 3500 953 τῶν
3528 897 3680 972 πέριξ
3711 898 3817 953 πό-

2169 1014 2192 1044 σ
2229 988 2367 1045 λεων
2393 987 2469 1051 εἷς
2502 988 2889 1064 Ἰερουσαλὴμ,
2923 988 3171 1064 φέροντες
3218 986 3459 1052 ἀσθενεῖς
3487 987 3578 1043 καὶ
3612 985 3820 1066 ὀχλου-

2168 1104 2195 1131 ‹‹
2233 1078 2426 1153 μένους
2463 1079 2564 1134 ὑπὸ
2621 1079 2942 1152 πνευμάτων
2976 1078 3320 1153 ἀκαθάρτων,
3378 1075 3583 1140 οἵτινες
3628 1076 3822 1152 ἐθερα-

2171 1192 2201 1223 ιι
2233 1169 2463 1224 πεύοντο
2494 1167 2749 1231 ἅπαντες.
2786 1191 2812 1223 ι

2235 1262 2376 1334 "Op:
2406 1257 2464 1314 δὲ
2497 1281 2593 1332 μοι
2622 1264 2740 1321 πῶς
2772 1260 2800 1314 6
2830 1263 2937 1314 τῶν
2998 1258 3327 1315 ἀποστόλων
3382 1256 3648 1336 ὑφαίνετο
3671 1256 3820 1332 βίος.

2168 1348 2414 1422 Ἀθυμία
2437 1351 2629 1425 πρώτη
2689 1349 2878 1427 γέγονε
2930 1347 3020 1404 διὰ
3071 1348 3174 1418 τὴν
3234 1346 3530 1423 ἀνάληψιν·
3562 1347 3696 1404 Εἶτα
3727 1346 3821 1403 εύ-

412 1435 834 1546 ;umptionem,
858 1467 1075 1525 deinde
1104 1435 1314 1520 lletitia
1336 1464 1578 1533 propter
1601 1435 1855 1527 Spiritus
1868 1448 2059 1506 sancti

2184 1438 2335 1511 θυμία
2366 1437 2453 1494 διὰ
2481 1440 2583 1509 τὴν
2637 1439 2735 1495 τοῦ
2795 1438 3110 1512 υνεύματος
3161 1435 3412 1503 κάθοδον.
3492 1436 3668 1493 Πάλιν
3699 1436 3834 1501 ἀθυ-

2217 1527 2228 1546 Ι
2318 1525 2344 1546 δ
2383 1530 2397 1546 ι
2528 1529 2539 1544 \
2690 1527 2710 1546 κ
2804 1528 2855 1546 In
3120 1528 3148 1546 ιν
3296 1526 3346 1546 Ἀ
3440 1525 3451 1546 Ι
3554 1524 3579 1546 5
3620 1526 3635 1546 ἱ
3772 1527 3786 1546 \

412 1542 767 1620 descensum
800 1577 813 1615 :
851 1574 1086 1614 rursum
1120 1552 1363 1609 tristitia
1394 1554 1637 1622 propter
1680 1542 2063 1599 subsannan-

414 1661 522 1721 tes,
548 1651 763 1708 deinde
781 1649 989 1704 laetitia
1005 1650 1248 1718 propter
1269 1640 1475 1697 fideles
1494 1642 1552 1692 et
1568 1636 1787 1721 factum
1802 1632 2058 1721 signum:

2171 1527 2267 1602 μία
2315 1525 2406 1583 διὰ
2459 1529 2587 1591 τοὺς
2645 1527 3033 1604 χλευάζοντας,
3094 1528 3212 1583 εἶτα
3259 1525 3490 1600 εὐθυμία
3551 1524 3644 1582 διὰ
3698 1527 3834 1590 τοὺς

2164 1618 2393 1683 πιστοὺς
2417 1619 2508 1675 καὶ
2538 1618 2602 1674 τὸ
2632 1624 2882 1690 σημεῖον.
2922 1618 3099 1673 Πάλιν
3131 1616 3340 1691 ἀθυμία
3398 1613 3489 1671 διὰ
3552 1616 3616 1671 τὸ
3661 1635 3833 1671 κατα-

410 1742 485 1799 ad
510 1703 941 1797 lianc—tristitia
966 1703 1137 1807 quod
1157 1733 1525 1793 tenerentur,
1581 1720 1796 1779 deinde
1854 1717 2061 1774 laetitia

2184 1709 2618 1807 rxaojjvat,.el':ca
2675 1704 2906 1782 εὸθυμία
2966 1704 3057 1763 διὰ
3108 1713 3210 1777 τῆς
3270 1703 3594 1781 ἀπολογίας.
3649 1705 3831 1763 Πάλιν

408 1838 650 1906 propter
677 1793 1151 1901 responsionem.
1185 1825 1405 1878 lterum
1438 1818 1535 1874 hic
1563 1832 1598 1870 a
1628 1811 1812 1885 signis
1843 1807 2054 1864 etillu-

2184 1802 2393 1863 ινταῦθα
2469 1797 2577 1852 ἀπὸ
2650 1802 2759 1852 τῶν
2819 1796 3064 1871 σημείων
3125 1795 3219 1851 καὶ
3271 1801 3370 1865 τῆς
3421 1793 3825 1870 λαμπρότητος

2209 1887 2257 1906 1-
2353 1886 2365 1906 Ι
2458 1886 2472 1905 9
2532 1888 2546 1906 ς
2600 1884 2643 1906 θκ
2776 1891 2802 1903 ει
2875 1886 2889 1906 9
3072 1884 3085 1906 Ι
3279 1884 3294 1904 \
3391 1890 3417 1900 ο
3528 1905 3543 1906 η
3586 1879 3765 1906 \\-'!

411 1924 696 1980 stratione
727 1899 957 1985 laetitia,
991 1916 1095 1971 sed
1123 1928 1402 1971 asummo
1433 1906 1738 1964 sacerdote
1770 1909 1827 1958 et
1846 1901 1939 1956 his
1957 1899 2058 1971 qui

413 2030 513 2070 eos
569 2008 1153 2084 comprehenderunt
1209 2001 1466 2058 tristitia.
1512 1997 1776 2068 Idipsum
1823 2005 2061 2063 quoque

409 2102 568 2176 apud
594 2079 820 2158 veteres
859 2100 1152 2170 quotquot
1191 2094 1365 2166 juxta
1420 2090 1520 2144 Dei
1580 2087 1876 2159 prmcepta
1903 2079 2059 2134 vixe-

410 2198 553 2249 runt
582 2191 881 2263 quispiam
913 2186 1178 2242 invenire
1211 2181 1446 2255 poterit.
1481 2180 1561 2234 Ne
1593 2173 1827 2231 mireris
1858 2175 2059 2227 autem

414 2257 780 2356 quomodo-a
801 2279 923 2334 suis
955 2274 1232 2332 domibus
1287 2268 1683 2332 discedentes,
1742 2263 1804 2318 in
1835 2257 2060 2330 templo

412 2348 802 2428 versabantur
806 2369 978 2440 juxta
990 2364 1285 2437 porticum
1304 2356 1662 2423 Salomonis,
1687 2359 1745 2409 et
1764 2348 2060 2424 quomodo

412 2459 935 2534 permittebantur.
968 2458 1093 2511 lam
1125 2452 1287 2508 enim
1335 2447 1567 2504 cunctis
1621 2441 1834 2499 terrori
1893 2441 2065 2495 erant

409 2530 654 2624 prapter
673 2545 1119 2604 multitudinem
1141 2542 1446 2614 signorum
1476 2552 1583 2609 per
1613 2550 1714 2588 eos
1744 2530 2060 2586 editorum.

411 2619 554 2696 δίεῶ
589 2640 701 2694 hoc
742 2638 920 2693 etiam
970 2634 1095 2688 vult
1134 2628 1469 2703 significare
1524 2642 1593 2680 ex
1630 2639 1697 2678 eo
1732 2619 1891 2693 quod
1923 2619 2007 2674 ait
2048 2635 2060 2672 :

413 2753 440 2781 α
472 2733 584 2785 Per
612 2744 825 2784 manus
852 2741 986 2780 vero
1020 2720 1426 2795 apostolorum
1450 2715 1780 2772 edebantur
1810 2711 1978 2783 signa
2006 2714 2067 2764 et

412 2818 685 2892 prodigia
717 2816 903 2871 multa
936 2815 997 2869 in
1028 2810 1270 2885 populo,
1304 2830 1331 2860 ››
1368 2806 1686 2876 statimque
1718 2800 2062 2873 subjungit:

412 2932 441 2961 «
475 2911 833 2965 Caeterorum
866 2910 1065 2962 autem
1096 2918 1271 2957 nemo
1303 2898 1559 2955 audebat
1587 2912 1648 2950 se
1703 2893 2065 2964 conjungere

411 2999 554 3070 illis,
590 3021 616 3048 »
638 2999 749 3053 hoc
774 3001 880 3059 est,
900 3010 1095 3065 neque
1118 2991 1190 3047 ad
1224 2990 1383 3061 ipsos
1406 2987 1721 3058 quisquam
1744 2980 2067 3054 appropin-

412 3105 594 3160 quare
607 3086 883 3143 audebat.
902 3084 1002 3139 46
1019 3106 1044 3132 ‹‹
1063 3079 1175 3136 Sed
1193 3075 1614 3151 magnificabat
1626 3090 1727 3129 eos
1741 3070 2015 3144 p0pulus.
2038 3088 2066 3117 »

409 3155 745 3245 Quisnam?
804 3173 1105 3231 Iudaicus.
1168 3167 1370 3235 Quos?
1422 3161 1757 3237 Apostolos.
1820 3160 1889 3215 Et
1924 3155 2066 3229 quid

410 3275 537 3324 erat
566 3263 1111 3340 magnifaciendum
1140 3264 1167 3315 ?
1197 3255 1363 3325 Quod
1392 3254 1609 3311 Christi
1642 3252 1779 3309 fidei
1812 3247 2068 3305 assenti-

411 3363 564 3414 rent.
599 3360 894 3412 Praeterea
929 3354 1106 3409 etiam
1131 3347 1289 3421 quod
1313 3347 1587 3402 infirmos
1619 3357 1757 3397 suos
1788 3342 2071 3395 efferrent

415 3449 573 3503 cives
606 3448 668 3501 in
700 3446 861 3500 vicos
907 3448 965 3498 et
1028 3441 1257 3513 plateas
1315 3434 1567 3492 civitatis
1625 3432 1688 3486 in
1743 3428 1979 3484 lectulis
2011 3432 2071 3481 et

413 3536 734 3611 grabbatis,
755 3539 824 3589 ut
852 3550 957 3605 per
985 3530 1259 3587 umbram
1299 3524 1455 3581 Petri
1486 3521 1896 3594 prolongatam
1926 3532 2067 3572 con-

415 3606 809 3700 sequerentur
825 3616 1275 3691 salutem,quod
1301 3616 1363 3670 in
1393 3612 1625 3669 Christo
1655 3626 1776 3665 non
1799 3606 2065 3679 contigit.

418 3697 643 3773 Sedille
666 3717 777 3771 hoc
809 3728 1046 3786 quoque
1062 3725 1210 3781 opus
1252 3703 1609 3778 promiserat
1638 3716 1773 3755 cum
1804 3697 2066 3764 diceret;

413 3829 441 3859 «
457 3806 565 3872 Qui
582 3805 771 3861 credit
785 3804 844 3858 in
860 3818 955 3857 me
974 3814 1156 3872 opera
1168 3812 1299 3867 quae
1327 3809 1429 3865 ego
1444 3790 1594 3846 facio
1609 3788 1781 3844 etille
1796 3786 1991 3855 faciet,
2011 3789 2071 3839 et

413 3895 505 3951 his
522 3895 751 3967 majora
766 3889 1021 3948 faciet“.
1043 3912 1068 3937 »
1083 3890 1287 3957 Itaque
1301 3883 1480 3938 etiam
1494 3881 1619 3935 haec
1633 3896 1667 3934 a
1682 3875 2068 3951 promittente

414 3987 645 4044 Christo
676 3984 1057 4057 contigerunt
1084 3976 1390 4050 apostolis,
1418 3978 1477 4028 et
1509 3986 1647 4043 erga
1676 3986 1776 4025 eos
1806 3967 1909 4039 qui
1941 3982 2067 4022 cre-

415 4076 637 4132 debant
666 4081 725 4129 et
751 4054 888 4143 erga
911 4087 1011 4126 eos
1045 4068 1146 4138 qui
1173 4064 1536 4121 curabantur
1567 4065 1626 4114 et
1654 4059 1812 4115 circa
1843 4073 1945 4112 eos
1967 4054 2070 4126 qui

416 4164 840 4237 puniebantur,
874 4157 1068 4230 qualis
1108 4155 1221 4210 fuit
1273 4151 1557 4207 Ananias.
1590 4150 1734 4204 Nam
1765 4146 1875 4201 etsi
1915 4147 2071 4216 Apo-

416 4235 554 4309 stoli
585 4250 853 4307 modeste
895 4248 969 4302 de
998 4263 1060 4301 se
1093 4243 1443 4306 sentientes,
1474 4235 1897 4294 miraculorum
1931 4249 2067 4305 ope-

414 4344 678 4401 rationes
735 4340 810 4397 ad
841 4339 1272 4412 praecentorem
1321 4327 1680 4397 referebant,
1713 4341 1819 4397 per
1847 4339 2069 4381 nomen

414 4434 544 4505 ejus
574 4433 701 4486 haec
735 4429 1092 4485 efﬁcientes:
1126 4428 1389 4479 attamen
1404 4419 1517 4474 vita
1537 4431 1742 4473 eorum
1765 4415 2069 4486 virtusque

412 4503 546 4578 vere
580 4519 943 4593 evangelica,
976 4516 1193 4570 idonea
1225 4517 1349 4568 erat
1380 4526 1511 4581 quas
1559 4506 1887 4579 plurimum
1946 4503 2069 4561 col-

2174 1886 2425 1961 εὐθυμία,
2448 1886 2555 1942 ἀπὸ
2596 1884 2653 1942 δὲ
2708 1891 2805 1942 τοῦ
2865 1884 3167 1962 ἀρχιερέως
3205 1884 3296 1941 καὶ
3352 1890 3461 1941 τῶν
3518 1879 3835 1940 συλλαϐόν-

2172 1997 2281 2033 των
2340 1975 2562 2049 ἀθυμία.
2623 1976 2722 2031 Καὶ
2778 1975 2866 2031 ἐπὶ
2942 1979 3053 2031 τῶν
3110 1974 3362 2031 παλαιῶν
3420 1971 3477 2029 δέ
3533 1972 3652 2029 ὅσοι
3696 1973 3839 2030 κατὰ

2175 2068 2303 2125 Θεὸν
2334 2065 2533 2138 ἔζησαν
2558 2068 2623 2123 τὸ
2655 2067 2791 2122 αὐτὸ
2821 2065 2969 2141 εὕροι
3023 2086 3106 2128 τις
3164 2066 3244 2126 ἃν.
3304 2065 3396 2135 Μὴ
3428 2065 3717 2139 θαυμάσης
3749 2061 3836 2135 Si,

2175 2159 2333 2236 φησὶ,
2389 2164 2506 2219 πῶς
2564 2161 2673 2213 τῶν
2728 2158 2933 2213 ἑαυτῶν
2985 2156 3172 2212 οἰκιῶν
3231 2155 3580 2225 ἀποστάντες,
3641 2154 3693 2211 ἐν
3752 2159 3841 2229 τῷ

2174 2250 2305 2323 ἱερῷ
2345 2245 2533 2323 διῆγον
2591 2247 2728 2303 κατά
2778 2249 2878 2318 τήν
2941 2246 3101 2302 στοὰν
3148 2246 3510 2319 Σολομῶνος,
3569 2245 3660 2301 καὶ
3712 2249 3837 2308 πῶς

2178 2343 2613 2415 συνεχωροῦντο.
2675 2332 2913 2414 Φοϐεροὶ
2963 2338 3071 2414 γὰρ
3126 2337 3266 2407 ἦσαν
3325 2334 3525 2392 ἅπασιν
3581 2333 3695 2406 ἤδη
3755 2339 3838 2409 τῷ

2175 2428 2379 2500 πλήθει
2447 2434 2559 2484 τῶν
2646 2425 2717 2483 δι’
2802 2428 2975 2484 αὐτῶν
3049 2426 3457 2503 ἐνεργουμένων
3513 2426 3835 2500 θαυμάτων.

2173 2525 2347 2575 Τοῦτο
2379 2519 2480 2596 γὰρ
2523 2519 2611 2574 καὶ
2677 2517 2937 2595 βούλεται
2986 2513 3189 2590 δηλοῦν
3223 2517 3274 2574 ἐν
3329 2522 3410 2591 τῷ
3466 2518 3687 2597 φάσκειν
3745 2518 3840 2589 τὸ,

2176 2634 2205 2664 ι(
2241 2609 2336 2665 Διᾶ
2392 2614 2501 2664 τῶν
2556 2613 2772 2684 χειρῶν
2827 2612 2935 2664 τῶν
2987 2607 3311 2663 ἀποστόλων
3369 2606 3580 2684 ἐγίνετο
3631 2611 3842 2681 σημεῖα

2175 2700 2267 2756 καὶ
2297 2699 2490 2774 τέρατα
2520 2697 2706 2755 πολλὰ
2744 2698 2795 2753 ἐν
2846 2702 2926 2771 τῷ
2959 2696 3078 2771 λαῷ
3100 2720 3152 2769 »,
3204 2697 3297 2753 καὶ
3348 2696 3505 2761 εὐθὺς
3536 2697 3839 2772 ἐπιφέρειν,

2182 2812 2207 2845 ε
2239 2795 2354 2845 Τῶν
2386 2786 2444 2844 δὲ
2475 2788 2686 2845 λοιπῶν
2731 2785 2908 2850 οὐδεὶς
2960 2786 3170 2862 ἐτόλμα
3217 2786 3521 2852 κολλᾶσθαι
3569 2785 3781 2849 αὐτοῖς’
3811 2809 3840 2839 ››

2177 2877 2474 2947 τουτέστιν,
2546 2874 2670 2934 οὐδὲ
2746 2876 3120 2954 προσεγγίζειν
3200 2897 3284 2939 τις
3354 2877 3542 2939 αὐτοῖς
3600 2873 3842 2949 ἐτόλμα.

2179 2995 2207 3022 ‹‹
2245 2968 2403 3027 Ἀλλ’
2439 2966 2643 3042 ἔμελλε
2684 2965 3010 3044 μεγαλύνειν
3042 2967 3238 3030 αὐτοὺς
3299 2967 3326 3022 6
3385 2965 3537 3029 λαός.
3577 2991 3598 3016 ι
3632 2964 3730 3028 Τίς
3760 2985 3776 3036 ;
3813 2967 3846 3021 6

2181 3057 2501 3121 Ἰουδαϊκός.
2573 3057 2785 3127 Τίνας;
2869 3056 2998 3119 τοὺς
3085 3055 3452 3119 ἀποστόλους.
3521 3057 3616 3113 Καὶ
3667 3055 3718 3110 τί
3776 3055 3846 3111 τὸ

2186 3147 2469 3223 μεγαλεῖον
2503 3166 2517 3217 ;
2547 3148 2610 3203 τὸ
2645 3147 2780 3221 μετὰ
2804 3150 2902 3202 τοῦ
2941 3149 3010 3221 τῇ
3059 3144 3238 3202 πίστει
3296 3144 3679 3221 προστίθεσθαι
3734 3147 3843 3199 τοῦ

2176 3240 2435 3313 Χριστοῦ,
2469 3236 2547 3292 ἔσι
2576 3237 2667 3292 καὶ
2707 3237 2835 3299 τοὺς
2867 3235 3106 3301 ἀσθενεῖς
3165 3235 3342 3292 αὐτῶν
3392 3234 3634 3313 ἐκφέρειν
3691 3234 3840 3290 κατά

2175 3328 2269 3389 τὰς
2302 3328 2477 3402 ῥύμας
2508 3337 2598 3382 καί
2623 3326 2718 3388 τὰς
2769 3324 3030 3388 πλατείας
3078 3332 3179 3395 τῆς
3226 3322 3446 3386 πόλεως
3501 3322 3590 3379 ἐπὶ
3628 3322 3846 3379 κλινῶν

2174 3417 2265 3472 καὶ
2304 3411 2651 3492 κραϐϐάτων,
2707 3417 2781 3478 ὡς
2840 3415 2902 3470 ἂν
2959 3422 3062 3485 τῆς
3094 3420 3247 3478 σκιᾶς
3309 3415 3514 3491 Ηέτρου
3572 3413 3841 3490 ρωννύιιν

2176 3506 2576 3582 εύμεγεθούσης
2649 3505 2987 3581 τυγχάνωσι.
3072 3505 3247 3581 Ὅπερ
3304 3504 3393 3560 ἐπὶ
3441 3505 3681 3580 Χριστοῦ
3732 3502 3842 3559 οὐκ

2177 3593 2410 3671 ἐγένετο,
2444 3592 2591 3650 ἀλλὰ
2626 3592 2712 3648 ταὶ
2771 3596 2937 3649 τοῦτο
2992 3588 3146 3669 ἔργον
3207 3597 3306 3648 τοῦ
3364 3590 3847 3669 ἐπαγγειλαμένου

2174 3686 2265 3742 καὶ
2318 3684 2587 3747 εἰπόντος·
2653 3707 2679 3739 ε
2712 3686 2769 3738 '0
2825 3684 3093 3739 πιστεύων
3154 3683 3231 3746 εἷς
3302 3683 3400 3757 ἐμὲ
3435 3725 3450 3752 ,
3496 3683 3567 3739 τὰ
3624 3678 3756 3758 ἔργα
3810 3684 3848 3738 ἃ

2175 3774 2285 3850 ἐγὼ
2342 3780 2513 3843 ποιῶ,
2568 3773 2816 3836 κάκεῖνος
2883 3775 3128 3843 ποιησει,
3186 3771 3279 3828 καὶ
3342 3771 3563 3846 μείζονα
3621 3770 3844 3827 τούτων

2174 3868 2416 3936 ποιησει.
2453 3889 2481 3917 ››
2510 3870 2668 3920 Ὧστε
2695 3863 2785 3918 καὶ
2838 3866 3008 3919 ταῦτα
3059 3863 3165 3918 ἀπὸ
3221 3864 3317 3917 τοῦ
3365 3860 3844 3937 ἐπαγγειλαμένου

2175 3958 2410 4030 Χριστοῦ
2456 3955 2692 4024 συνήντα
2739 3957 2857 4015 τοῖς
2914 3950 3272 4020 ἀποστόλοις,
3304 3949 3397 4007 διὰ
3444 3956 3553 4008 τῶν
3612 3971 3841 4007 πιστευ-

2178 4044 2404 4115 σάντων,
2466 4041 2557 4097 διά
2609 4046 2717 4098 τῶν
2767 4041 3238 4118 θεραπευομένων,
3301 4040 3391 4096 διὰ
3443 4045 3552 4096 τῶν
3600 4040 3843 4111 κολαζο-

2180 4134 2371 4209 μένων,
2405 4134 2479 4195 ὡς
2511 4134 2539 4188 6
2570 4132 2843 4196 Ἁνανίας.
2877 4132 2941 4189 El
2981 4132 3084 4209 γὰρ
3136 4130 3229 4186 καὶ
3258 4130 3413 4187 αὐτοὶ
3448 4131 3500 4186 οὶ
3527 4130 3843 4189 ἀπόστολοι

2180 4226 2713 4302 μετριοφρονοῦντες,
2797 4227 2878 4295 τῷ
2963 4218 3270 4296 διδασκάλῃ
3356 4218 3662 4276 ἀνετίθεσαν
3732 4222 3841 4284 τὰς

2176 4311 2630 4390 θαυματουργίας,
2665 4312 2717 4367 ἐν
2747 4316 2828 4385 τῷ
2861 4310 3086 4384 ὀνόματι
3145 4309 3313 4367 αὐτοῦ
3368 4309 3567 4372 ταύτας
3623 4330 3844 4385 συμπε-

2178 4404 2511 4481 ραινόμενοι,
2536 4400 2683 4458 ἀλλά
2712 4403 2802 4457 καὶ
2835 4403 2864 4456 ὁ
2899 4400 3018 4477 βίος
3051 4399 3226 4457 αὐτῶν
3286 4400 3378 4455 καὶ
3407 4402 3444 4471 ἡ
3479 4400 3643 4477 ἀρετὴ
3691 4401 3845 4456 ἀπο-

2177 4494 2407 4563 στολική
2466 4493 2599 4548 οὖσα
2672 4491 2830 4547 ἰκανά
2900 4492 2963 4546 τὸ
3018 4489 3307 4567 μεγαλεῖον
3364 4484 3660 4567 βραϐεῦσαι
3711 4494 3838 4553 τοῖς

424 4571 544 4578 --η
584 4571 942 4593 -.πο-ω--.
1398 4571 1417 4581 ,
1559 4571 1578 4579 -

411 4612 777 4679 laudaretur,
837 4620 1238 4680 magnumque
1294 4603 1716 4672 assequeretur
1752 4596 2065 4669 prwmium

2184 4583 2319 4641 οὕτω
2348 4580 2786 4659 προαιρουμένος
2821 4581 3003 4657 βιοῦν.

411 4704 473 4759 in
502 4702 595 4759 his
628 4701 729 4775 qui
759 4701 842 4756 ita
861 4699 1052 4755 vivere
1081 4693 1464 4766 delegissent.

1055 4784 1308 4842 CAPUT-
1333 4782 1422 4837 VI.

415 4883 707 4955 Apostolos
736 4882 944 4955 carceri
995 4880 1228 4955 injectos
1251 4873 1514 4955 angelus.
1533 4872 1633 4955 Dei
1662 4874 1820 4924 nocte
1842 4868 2063 4955 equam,

483 4950 679 5011 Curam
711 4954 951 5019 tradens,
975 4956 1037 5004 ut
1050 4939 1134 5003 ὀὺ
1163 4939 1377 5002 nullan}
1401 4943 1699 5019 obstantem
1722 4939 2062 5019 prohibitio-

483 5044 602 5081 nem
634 5030 906 5081 cessarent
937 5011 970 5076 ὰ
997 5019 1407 5091 praedicatione
1455 5016 1601 5080 Jesu,
1635 5015 1694 5067 in
1742 5028 1851 5091 quo
1897 5011 2065 5065 etiam

486 5098 727 5152 habetur
755 5096 905 5166 quod
936 5085 1128 5164 postea
1177 5091 1465 5166 pontiﬁces
1494 5099 1714 5140 rursum
1742 5085 1887 5148 ipsos
1917 5098 2065 5166 coni-

477 5152 896 5242 prehendentes,
936 5152 954 5164 ³
986 5152 1298 5242 ⁸λοοετιᾳῐιαηι
1343 5152 1659 5242 iusserunt
1703 5172 1769 5242 ne
1804 5152 2063 5242 «mplius

484 5226 761 5307 'docerent,
788 5226 943 5293 caesos
965 5226 1311 5291 dimiserunt.
1365 5226 1685 5307 Gamalielis
1713 5227 1777 5281 de
1799 5226 2062 5307 apostolis

482 5297 760 5369 sententia
782 5310 958 5378 ﬁdelis
980 5324 1090 5362 una
1109 5323 1231 5361 cum
1254 5320 1379 5359 cum
1402 5300 1668 5371 exemplis
1687 5297 1969 5353 nonnullis
1998 5313 2061 5351 ac

483 5384 823 5440 evidentibus
844 5379 1290 5452 probationibus.

484 5487 545 5554 V,
579 5484 775 5539 17-26.
807 5505 834 5532 ‹‹
869 5482 1203 5553 Exsurgens
1235 5480 1435 5533 autem
1474 5473 1755 5548 princeps
1785 5467 2059 5527 sacerdo-
2114 5458 2118 5462 Α

406 5594 435 5622 ‹‹
469 5578 596 5628 tum
628 5575 687 5626 et
716 5584 926 5626 omnes
957 5567 1059 5638 qui
1089 5581 1225 5622 cum
1277 5579 1345 5618 eo
1376 5564 1567 5628 erant,
1599 5575 1731 5631 quas
1781 5561 1872 5612 est
1900 5560 2062 5612 secta

476 5752 523 5788 ⁸³
542 5752 707 5810 Joan.
738 5767 857 5822 xiv,
888 5751 974 5806 l2.

2818 4762 3185 4830 ΚΕΦΑΛ.ς.

2174 4860 2294 4915 "Et:
2354 4856 2481 4916 τοὺς
2540 4849 2882 4913 ἀποστόλους
2966 4843 3374 4923 ἐμϐληθένταςΔ
3415 4853 3494 4921 τῷ
3551 4845 3843 4923 δεσμωτη-

2249 4926 2370 5002 ρίῳ,
2422 4923 2693 5002 Δἄγγελος
2769 4926 2929 5002 Θεοῦ,
2998 4920 3222 5002 νύκτωρ
3295 4920 3538 5002 ἐξέωσεν,
3616 4920 3841 5002 ἐπιτρές

2245 4991 2367 5073 ἰιθας
2412 4991 2710 5073 ἀκωλύτως
2772 4994 3085 5073 ,κηρύσσειν
3171 4991 3262 5050 τὸν
3333 4991 3579 5073 Ἶησοῦν.
3648 4991 3838 5073 Ἐνζῷ

2247 5056 2345 5127 ότι
2377 5090 2445 5145 τῃ
2479 5069 2601 5145 ἑξῆς
2636 5056 2831 5145 αὐέοῦς
2852 5056 2964 5145 uol
2993 5065 3273 5145 ἀρχέερεῖς
3332 5056 3500 5122 πάλιν
3559 5056 3843 5145 συλλαϐό-

2294 5093 2329 5126 τι
2377 5090 2445 5145 τῃ
2479 5085 2601 5138 εξης
2636 5085 2831 5129 αυτους
2892 5085 2943 5121 οι
2993 5085 3062 5142 κιρ
3116 5086 3157 5120 ιε
3197 5086 3273 5128 εις
3332 5085 3500 5122 πάλιν
3559 5085 3843 5121 συΛΛαυο-

2294 5162 2426 5219 ενοι,
2517 5140 2629 5219 ἐφέ
2681 5139 2728 5211 ᾧ
2758 5210 2773 5219 ‘
2823 5138 3021 5219 μηκέτι
3051 5085 3408 5219 ιχδιὲάσκεινλ
3488 5135 3843 5219 μαστιίξαντες

2244 5208 2895 5285 ἀπέλυσαν.Ταμαλιῆλ
2966 5210 3166 5285 γνῲμη
3238 5211 3417 5285 πιστὴ
3489 5208 3639 5284 περὶ
3718 5212 3834 5285 τῶν

2247 5285 2569 5358 ἀποστόλων
2650 5279 2787 5357 μετὰ
2844 5279 2851 5282 ’
2899 5279 3360 5358 παραδειγμάτων
3409 5279 3413 5280 ί
3466 5279 3630 5337 τινῶν
3735 5280 3828 5336 καὶ

2240 5356 2588 5429 ἀποδείξεων.

2244 5483 2272 5511 ι(
2306 5455 2562 5518 Ἀναστὰς
2594 5450 2651 5509 δὲ
2681 5454 2709 5508 ὁ
2732 5452 3019 5530 ἀρχιερεὺς
3044 5453 3135 5508 καὶ
3174 5451 3369 5517 πάντες
3427 5452 3484 5507 οἱ
3535 5449 3626 5506 σὺν
3655 5449 3833 5524 αὐτῷ,

2171 5573 2199 5601 (ι
2229 5550 2265 5620 ἡ
2298 5548 2434 5603 οὖσα
2462 5542 2666 5621 αἵρεσις
2700 5547 2807 5599 τῶν
2835 5540 3220 5600 Σαδδουκαίων
3254 5541 3605 5614 ἐπλήσθησαν
3640 5539 3826 5614 ζήλου
