  <div class='ocr_page' id='page_1' title='image "/cluster/home/n/w/nwhite01/storage/ocr_20150623/118:no.1/coo.31924054870229/066.png"; bbox 0 0 4160 6444; ppageno 0'>
   <div class='ocr_carea' id='block_1_1' title="bbox 346 513 448 577">
    <p class='ocr_par' dir='ltr' id='par_1_1' title="bbox 346 513 448 577">
     <span class='ocr_line' id='line_1_1' title="bbox 346 513 448 577; baseline -0.01 -1"><span class='ocrx_word' id='word_1_1' title='bbox 346 513 448 577; x_wconf 73' lang='lat'>113</span> 
     </span>
    </p>
   </div>
   <div class='ocr_carea' id='block_1_2' title="bbox 1373 511 2812 575">
    <p class='ocr_par' dir='ltr' id='par_1_2' title="bbox 1373 511 2812 575">
     <span class='ocr_line' id='line_1_2' title="bbox 1373 511 2812 575; baseline -0.003 0"><span class='ocrx_word' id='word_1_2' title='bbox 1373 512 1778 575; x_wconf 76' lang='lat' dir='ltr'>COMMENT.</span> <span class='ocrx_word' id='word_1_3' title='bbox 1821 515 1900 574; x_wconf 86' lang='grc' dir='ltr'>ΙΝ</span> <span class='ocrx_word' id='word_1_4' title='bbox 1944 514 2153 575; x_wconf 82' lang='lat' dir='ltr'>ACTA</span> <span class='ocrx_word' id='word_1_5' title='bbox 2200 511 2812 574; x_wconf 80' lang='lat' dir='ltr'>APOSTULORUM.</span> 
     </span>
    </p>
   </div>
   <div class='ocr_carea' id='block_1_3' title="bbox 3679 511 3797 571">
    <p class='ocr_par' dir='ltr' id='par_1_3' title="bbox 3679 511 3797 571">
     <span class='ocr_line' id='line_1_3' title="bbox 3679 511 3797 571; baseline 0.025 -3"><span class='ocrx_word' id='word_1_6' title='bbox 3679 511 3797 571; x_wconf 75' lang='grc'>114</span> 
     </span>
    </p>
   </div>
   <div class='ocr_carea' id='block_1_4' title="bbox 351 642 2015 729">
    <p class='ocr_par' dir='ltr' id='par_1_4' title="bbox 351 642 2015 729">
     <span class='ocr_line' id='line_1_4' title="bbox 351 642 2015 729; baseline -0.002 -26"><span class='ocrx_word' id='word_1_7' title='bbox 351 667 378 708; x_wconf 77' lang='grc' dir='ltr'>ι</span> <span class='ocrx_word' id='word_1_8' title='bbox 406 647 495 703; x_wconf 81' lang='grc' dir='ltr'>καὶ</span> <span class='ocrx_word' id='word_1_9' title='bbox 527 642 803 703; x_wconf 68' lang='grc' dir='ltr'>ἐπέϐαλον</span> <span class='ocrx_word' id='word_1_10' title='bbox 854 646 958 712; x_wconf 78' lang='grc' dir='ltr'>τάς</span> <span class='ocrx_word' id='word_1_11' title='bbox 1011 652 1207 729; x_wconf 84' lang='grc' dir='ltr'>χεῖρας</span> <span class='ocrx_word' id='word_1_12' title='bbox 1240 646 1416 702; x_wconf 79' lang='grc' dir='ltr'>αὐτῶν</span> <span class='ocrx_word' id='word_1_13' title='bbox 1464 644 1553 701; x_wconf 81' lang='grc' dir='ltr'>ἰπὶ</span> <span class='ocrx_word' id='word_1_14' title='bbox 1612 646 1739 709; x_wconf 76' lang='grc' dir='ltr'>τοὺς</span> <span class='ocrx_word' id='word_1_15' title='bbox 1798 643 2015 702; x_wconf 84' lang='grc' dir='ltr'>ἀποστό-</span> 
     </span>
    </p>
   </div>
   <div class='ocr_carea' id='block_1_5' title="bbox 2128 642 3788 729">
    <p class='ocr_par' dir='ltr' id='par_1_5' title="bbox 2140 644 3788 722">
     <span class='ocr_line' id='line_1_5' title="bbox 2140 644 3788 722; baseline 0.004 -23"><span class='ocrx_word' id='word_1_16' title='bbox 2140 669 2169 698; x_wconf 85' lang='grc'>‹‹</span> <span class='ocrx_word' id='word_1_17' title='bbox 2202 644 2683 711; x_wconf 71' lang='lat' dir='ltr'>Sadducmorum,</span> <span class='ocrx_word' id='word_1_18' title='bbox 2715 645 2926 718; x_wconf 86' lang='lat' dir='ltr'>repleti</span> <span class='ocrx_word' id='word_1_19' title='bbox 2957 652 3094 702; x_wconf 93' lang='lat' dir='ltr'>sunt</span> <span class='ocrx_word' id='word_1_20' title='bbox 3122 649 3522 714; x_wconf 72' lang='lat' dir='ltr'>aemulatione,</span> <span class='ocrx_word' id='word_1_21' title='bbox 3555 653 3616 703; x_wconf 90' lang='lat' dir='ltr'>et</span> <span class='ocrx_word' id='word_1_22' title='bbox 3644 649 3788 722; x_wconf 86' lang='lat' dir='ltr'>inje-</span> 
     </span>
    </p>
   </div>
   <div class='ocr_carea' id='block_1_6' title="bbox 355 732 2026 812">
    <p class='ocr_par' dir='ltr' id='par_1_6' title="bbox 355 732 2026 812">
     <span class='ocr_line' id='line_1_6' title="bbox 355 732 2026 812; baseline 0 -20"><span class='ocrx_word' id='word_1_23' title='bbox 355 765 380 792; x_wconf 71' lang='grc' dir='ltr'>α</span> <span class='ocrx_word' id='word_1_24' title='bbox 417 737 577 808; x_wconf 84' lang='grc' dir='ltr'>λους,</span> <span class='ocrx_word' id='word_1_25' title='bbox 607 739 699 793; x_wconf 75' lang='grc' dir='ltr'>καὶ</span> <span class='ocrx_word' id='word_1_26' title='bbox 732 732 923 803; x_wconf 76' lang='grc' dir='ltr'>ἔθεντο</span> <span class='ocrx_word' id='word_1_27' title='bbox 958 738 1160 800; x_wconf 80' lang='grc' dir='ltr'>αὐτοὺς</span> <span class='ocrx_word' id='word_1_28' title='bbox 1190 736 1242 792; x_wconf 81' lang='grc' dir='ltr'>ἐν</span> <span class='ocrx_word' id='word_1_29' title='bbox 1273 739 1503 812; x_wconf 75' lang='grc' dir='ltr'>τηρήσει</span> <span class='ocrx_word' id='word_1_30' title='bbox 1535 734 1796 810; x_wconf 81' lang='grc' dir='ltr'>δημοσίᾳ.</span> <span class='ocrx_word' id='word_1_31' title='bbox 1831 737 2026 811; x_wconf 82' lang='grc' dir='ltr'>Ἀγγε-</span> 
     </span>
    </p>
   </div>
   <div class='ocr_carea' id='block_1_7' title="bbox 357 825 2023 904">
    <p class='ocr_par' dir='ltr' id='par_1_7' title="bbox 357 825 2023 904">
     <span class='ocr_line' id='line_1_7' title="bbox 357 825 2023 904; baseline -0.001 -21"><span class='ocrx_word' id='word_1_32' title='bbox 357 855 382 883; x_wconf 74' lang='lat' dir='ltr'>ut</span> <span class='ocrx_word' id='word_1_33' title='bbox 415 829 513 892; x_wconf 88' lang='grc' dir='ltr'>λος</span> <span class='ocrx_word' id='word_1_34' title='bbox 573 826 633 884; x_wconf 67' lang='grc' dir='ltr'>δὲ</span> <span class='ocrx_word' id='word_1_35' title='bbox 693 828 900 904; x_wconf 82' lang='grc' dir='ltr'>Κυρίου</span> <span class='ocrx_word' id='word_1_36' title='bbox 961 825 1053 883; x_wconf 77' lang='grc' dir='ltr'>διὰ</span> <span class='ocrx_word' id='word_1_37' title='bbox 1101 835 1202 898; x_wconf 88' lang='grc' dir='ltr'>τῆς</span> <span class='ocrx_word' id='word_1_38' title='bbox 1249 827 1439 890; x_wconf 86' lang='grc' dir='ltr'>νυκτὸς</span> <span class='ocrx_word' id='word_1_39' title='bbox 1496 825 1680 898; x_wconf 69' lang='grc' dir='ltr'>ἤνοιξε</span> <span class='ocrx_word' id='word_1_40' title='bbox 1707 825 1802 888; x_wconf 79' lang='grc' dir='ltr'>τὰς</span> <span class='ocrx_word' id='word_1_41' title='bbox 1861 827 2023 902; x_wconf 90' lang='grc' dir='ltr'>θύρας</span> 
     </span>
    </p>
   </div>
   <div class='ocr_carea' id='block_1_8' title="bbox 359 915 2026 998">
    <p class='ocr_par' dir='ltr' id='par_1_8' title="bbox 359 915 2026 998">
     <span class='ocr_line' id='line_1_8' title="bbox 359 915 2026 998; baseline -0.002 -23"><span class='ocrx_word' id='word_1_42' title='bbox 359 943 384 975; x_wconf 74' lang='grc' dir='ltr'>ι</span> <span class='ocrx_word' id='word_1_43' title='bbox 415 927 518 990; x_wconf 84' lang='grc' dir='ltr'>τῆς</span> <span class='ocrx_word' id='word_1_44' title='bbox 547 918 824 998; x_wconf 68' lang='grc' dir='ltr'>φυλακῆς,</span> <span class='ocrx_word' id='word_1_45' title='bbox 857 917 1141 996; x_wconf 81' lang='grc' dir='ltr'>ἐξαγαγὼν</span> <span class='ocrx_word' id='word_1_46' title='bbox 1191 915 1249 974; x_wconf 74' lang='grc' dir='ltr'>δὲ</span> <span class='ocrx_word' id='word_1_47' title='bbox 1303 916 1497 980; x_wconf 83' lang='grc' dir='ltr'>αὐτοὺς</span> <span class='ocrx_word' id='word_1_48' title='bbox 1527 918 1662 972; x_wconf 81' lang='grc' dir='ltr'>εἷπε·</span> <span class='ocrx_word' id='word_1_49' title='bbox 1729 916 2026 991; x_wconf 79' lang='grc' dir='ltr'>Πορεύεσθε</span> 
     </span>
    </p>
   </div>
   <div class='ocr_carea' id='block_1_9' title="bbox 361 1003 2025 1081">
    <p class='ocr_par' dir='ltr' id='par_1_9' title="bbox 361 1003 2025 1081">
     <span class='ocr_line' id='line_1_9' title="bbox 361 1003 2025 1081; baseline -0.002 -19"><span class='ocrx_word' id='word_1_50' title='bbox 361 1033 388 1062; x_wconf 77' lang='grc' dir='ltr'>σι</span> <span class='ocrx_word' id='word_1_51' title='bbox 418 1009 508 1064; x_wconf 75' lang='grc' dir='ltr'>καὶ</span> <span class='ocrx_word' id='word_1_52' title='bbox 537 1007 816 1072; x_wconf 79' lang='grc' dir='ltr'>σταθέντες</span> <span class='ocrx_word' id='word_1_53' title='bbox 850 1005 1078 1064; x_wconf 80' lang='grc' dir='ltr'>λαλεῖτε</span> <span class='ocrx_word' id='word_1_54' title='bbox 1126 1005 1180 1062; x_wconf 72' lang='grc' dir='ltr'>ἐν</span> <span class='ocrx_word' id='word_1_55' title='bbox 1228 1010 1308 1077; x_wconf 82' lang='grc' dir='ltr'>τῷ</span> <span class='ocrx_word' id='word_1_56' title='bbox 1361 1005 1493 1081; x_wconf 78' lang='grc' dir='ltr'>ίερῷ</span> <span class='ocrx_word' id='word_1_57' title='bbox 1539 1009 1616 1075; x_wconf 83' lang='grc' dir='ltr'>τῷ</span> <span class='ocrx_word' id='word_1_58' title='bbox 1673 1003 1793 1077; x_wconf 85' lang='grc' dir='ltr'>λαῷ</span> <span class='ocrx_word' id='word_1_59' title='bbox 1851 1005 2025 1060; x_wconf 82' lang='grc' dir='ltr'>πάντα</span> 
     </span>
    </p>
   </div>
   <div class='ocr_carea' id='block_1_10' title="bbox 363 1090 2020 1173">
    <p class='ocr_par' dir='ltr' id='par_1_10' title="bbox 363 1090 2020 1173">
     <span class='ocr_line' id='line_1_10' title="bbox 363 1090 2020 1173; baseline -0.005 -18"><span class='ocrx_word' id='word_1_60' title='bbox 363 1121 392 1156; x_wconf 76' lang='grc' dir='ltr'>ι</span> <span class='ocrx_word' id='word_1_61' title='bbox 419 1099 487 1154; x_wconf 68' lang='grc' dir='ltr'>τὰ</span> <span class='ocrx_word' id='word_1_62' title='bbox 519 1099 742 1173; x_wconf 69' lang='grc' dir='ltr'>ῥήματα</span> <span class='ocrx_word' id='word_1_63' title='bbox 799 1104 900 1167; x_wconf 89' lang='grc' dir='ltr'>τῆς</span> <span class='ocrx_word' id='word_1_64' title='bbox 960 1101 1109 1168; x_wconf 85' lang='grc' dir='ltr'>ζωῆς</span> <span class='ocrx_word' id='word_1_65' title='bbox 1170 1095 1395 1166; x_wconf 81' lang='grc' dir='ltr'>ταύτης.</span> <span class='ocrx_word' id='word_1_66' title='bbox 1429 1093 1796 1156; x_wconf 87' lang='grc' dir='ltr'>Ἀκούσωντες</span> <span class='ocrx_word' id='word_1_67' title='bbox 1830 1090 1887 1148; x_wconf 73' lang='grc' dir='ltr'>δὲ</span> <span class='ocrx_word' id='word_1_68' title='bbox 1913 1092 2020 1148; x_wconf 82' lang='grc' dir='ltr'>εἷσ-</span> 
     </span>
    </p>
   </div>
   <div class='ocr_carea' id='block_1_11' title="bbox 358 1179 2019 1262">
    <p class='ocr_par' dir='ltr' id='par_1_11' title="bbox 358 1179 2019 1262">
     <span class='ocr_line' id='line_1_11' title="bbox 358 1179 2019 1262; baseline -0.003 -21"><span class='ocrx_word' id='word_1_69' title='bbox 358 1213 388 1241; x_wconf 80' lang='grc' dir='ltr'>α</span> <span class='ocrx_word' id='word_1_70' title='bbox 416 1187 598 1258; x_wconf 87' lang='grc' dir='ltr'>ῆλθον</span> <span class='ocrx_word' id='word_1_71' title='bbox 637 1187 741 1242; x_wconf 79' lang='grc' dir='ltr'>ὑπὸ</span> <span class='ocrx_word' id='word_1_72' title='bbox 770 1187 863 1242; x_wconf 81' lang='grc' dir='ltr'>τὸν</span> <span class='ocrx_word' id='word_1_73' title='bbox 905 1185 1102 1262; x_wconf 82' lang='grc' dir='ltr'>ὃρθρον</span> <span class='ocrx_word' id='word_1_74' title='bbox 1151 1185 1227 1249; x_wconf 84' lang='grc' dir='ltr'>είς</span> <span class='ocrx_word' id='word_1_75' title='bbox 1256 1185 1318 1240; x_wconf 88' lang='grc' dir='ltr'>τὸ</span> <span class='ocrx_word' id='word_1_76' title='bbox 1350 1184 1517 1259; x_wconf 76' lang='grc' dir='ltr'>ἱερὸν,</span> <span class='ocrx_word' id='word_1_77' title='bbox 1575 1183 1664 1239; x_wconf 85' lang='grc' dir='ltr'>καὶ</span> <span class='ocrx_word' id='word_1_78' title='bbox 1715 1179 2019 1242; x_wconf 82' lang='grc' dir='ltr'>ἐδίδασκον.</span> 
     </span>
    </p>
   </div>
   <div class='ocr_carea' id='block_1_12' title="bbox 363 1273 2018 1354">
    <p class='ocr_par' dir='ltr' id='par_1_12' title="bbox 363 1273 2018 1354">
     <span class='ocr_line' id='line_1_12' title="bbox 363 1273 2018 1354; baseline -0.001 -24"><span class='ocrx_word' id='word_1_79' title='bbox 363 1305 388 1330; x_wconf 78' lang='grc' dir='ltr'><strong><em>η</em></strong></span> <span class='ocrx_word' id='word_1_80' title='bbox 429 1279 879 1354; x_wconf 68' lang='grc' dir='ltr'>Παραγενόμενος</span> <span class='ocrx_word' id='word_1_81' title='bbox 938 1274 996 1332; x_wconf 70' lang='grc' dir='ltr'>δὲ</span> <span class='ocrx_word' id='word_1_82' title='bbox 1039 1275 1385 1352; x_wconf 78' lang='grc' dir='ltr'>ὁάρχιερεὺς</span> <span class='ocrx_word' id='word_1_83' title='bbox 1441 1273 1532 1330; x_wconf 87' lang='grc' dir='ltr'>καὶ</span> <span class='ocrx_word' id='word_1_84' title='bbox 1589 1275 1643 1330; x_wconf 82' lang='grc' dir='ltr'>οὶ</span> <span class='ocrx_word' id='word_1_85' title='bbox 1700 1275 1791 1329; x_wconf 80' lang='grc' dir='ltr'>σὺν</span> <span class='ocrx_word' id='word_1_86' title='bbox 1849 1273 2018 1346; x_wconf 82' lang='grc' dir='ltr'>αὐτῷ,</span> 
     </span>
    </p>
   </div>
   <div class='ocr_carea' id='block_1_13' title="bbox 354 1363 2016 1442">
    <p class='ocr_par' dir='ltr' id='par_1_13' title="bbox 354 1363 2016 1442">
     <span class='ocr_line' id='line_1_13' title="bbox 354 1363 2016 1442; baseline -0.003 -21"><span class='ocrx_word' id='word_1_87' title='bbox 354 1394 382 1421; x_wconf 73' lang='grc' dir='ltr'>α</span> <span class='ocrx_word' id='word_1_88' title='bbox 419 1369 784 1425; x_wconf 77' lang='grc' dir='ltr'>συνεκάλεσαν</span> <span class='ocrx_word' id='word_1_89' title='bbox 820 1368 885 1424; x_wconf 85' lang='grc' dir='ltr'>τὸ</span> <span class='ocrx_word' id='word_1_90' title='bbox 918 1364 1193 1442; x_wconf 85' lang='grc' dir='ltr'>συνέδριον</span> <span class='ocrx_word' id='word_1_91' title='bbox 1224 1367 1313 1421; x_wconf 82' lang='grc' dir='ltr'>καὶ</span> <span class='ocrx_word' id='word_1_92' title='bbox 1347 1371 1521 1420; x_wconf 82' lang='grc' dir='ltr'>πᾶσαν</span> <span class='ocrx_word' id='word_1_93' title='bbox 1579 1366 1678 1434; x_wconf 76' lang='grc' dir='ltr'>τὴν</span> <span class='ocrx_word' id='word_1_94' title='bbox 1734 1363 2016 1440; x_wconf 83' lang='grc' dir='ltr'>γερουσίαν</span> 
     </span>
    </p>
   </div>
   <div class='ocr_carea' id='block_1_14' title="bbox 354 1449 2013 1534">
    <p class='ocr_par' dir='ltr' id='par_1_14' title="bbox 354 1449 2013 1534">
     <span class='ocr_line' id='line_1_14' title="bbox 354 1449 2013 1534; baseline -0.003 -23"><span class='ocrx_word' id='word_1_95' title='bbox 354 1463 523 1514; x_wconf 78' lang='grc' dir='ltr'>«τῶν</span> <span class='ocrx_word' id='word_1_96' title='bbox 549 1460 682 1513; x_wconf 70' lang='grc' dir='ltr'>υἱῶν</span> <span class='ocrx_word' id='word_1_97' title='bbox 731 1457 984 1534; x_wconf 72' lang='grc' dir='ltr'>Ἰσραήλ,</span> <span class='ocrx_word' id='word_1_98' title='bbox 1043 1456 1133 1512; x_wconf 83' lang='grc' dir='ltr'>καὶ</span> <span class='ocrx_word' id='word_1_99' title='bbox 1166 1455 1488 1512; x_wconf 87' lang='grc' dir='ltr'>ἀπεστειλαν</span> <span class='ocrx_word' id='word_1_100' title='bbox 1557 1453 1634 1516; x_wconf 69' lang='grc' dir='ltr'>εἷς</span> <span class='ocrx_word' id='word_1_101' title='bbox 1691 1453 1754 1508; x_wconf 89' lang='grc' dir='ltr'>τὸ</span> <span class='ocrx_word' id='word_1_102' title='bbox 1800 1449 2013 1526; x_wconf 88' lang='grc' dir='ltr'>δεσμω-</span> 
     </span>
    </p>
   </div>
   <div class='ocr_carea' id='block_1_15' title="bbox 350 1543 2014 1623">
    <p class='ocr_par' dir='ltr' id='par_1_15' title="bbox 350 1543 2014 1623">
     <span class='ocr_line' id='line_1_15' title="bbox 350 1543 2014 1623; baseline -0.002 -22"><span class='ocrx_word' id='word_1_103' title='bbox 350 1572 381 1601; x_wconf 72' lang='lat' dir='ltr'>cx</span> <span class='ocrx_word' id='word_1_104' title='bbox 413 1551 638 1623; x_wconf 78' lang='grc' dir='ltr'>τήριον,</span> <span class='ocrx_word' id='word_1_105' title='bbox 671 1546 908 1622; x_wconf 78' lang='grc' dir='ltr'>ἀχθῆναι</span> <span class='ocrx_word' id='word_1_106' title='bbox 958 1546 1178 1608; x_wconf 81' lang='grc' dir='ltr'>αὐτούς.</span> <span class='ocrx_word' id='word_1_107' title='bbox 1232 1545 1298 1602; x_wconf 77' lang='lat' dir='ltr'>Ol</span> <span class='ocrx_word' id='word_1_108' title='bbox 1357 1545 1415 1599; x_wconf 72' lang='grc' dir='ltr'>δὲ</span> <span class='ocrx_word' id='word_1_109' title='bbox 1466 1543 1730 1619; x_wconf 75' lang='grc' dir='ltr'>ὑπηρέται</span> <span class='ocrx_word' id='word_1_110' title='bbox 1769 1563 2014 1618; x_wconf 80' lang='grc' dir='ltr'>παραγε-</span> 
     </span>
    </p>
   </div>
   <div class='ocr_carea' id='block_1_16' title="bbox 351 1633 2014 1713">
    <p class='ocr_par' dir='ltr' id='par_1_16' title="bbox 351 1633 2014 1713">
     <span class='ocr_line' id='line_1_16' title="bbox 351 1633 2014 1713; baseline -0.004 -19"><span class='ocrx_word' id='word_1_111' title='bbox 351 1664 380 1694; x_wconf 75' lang='grc' dir='ltr'>ιι</span> <span class='ocrx_word' id='word_1_112' title='bbox 412 1639 660 1710; x_wconf 85' lang='grc' dir='ltr'>νόμενοι,</span> <span class='ocrx_word' id='word_1_113' title='bbox 697 1637 807 1712; x_wconf 79' lang='grc' dir='ltr'>οὐχ</span> <span class='ocrx_word' id='word_1_114' title='bbox 837 1638 992 1713; x_wconf 82' lang='grc' dir='ltr'>εὗρον</span> <span class='ocrx_word' id='word_1_115' title='bbox 1037 1636 1230 1700; x_wconf 81' lang='grc' dir='ltr'>αὐτοὺς</span> <span class='ocrx_word' id='word_1_116' title='bbox 1288 1634 1341 1690; x_wconf 74' lang='grc' dir='ltr'>ἐν</span> <span class='ocrx_word' id='word_1_117' title='bbox 1395 1639 1475 1707; x_wconf 83' lang='grc' dir='ltr'>τῷ</span> <span class='ocrx_word' id='word_1_118' title='bbox 1532 1633 1771 1711; x_wconf 79' lang='grc' dir='ltr'>φυλακῇ.</span> <span class='ocrx_word' id='word_1_119' title='bbox 1848 1635 2014 1689; x_wconf 84' lang='grc' dir='ltr'>Ἀνα-</span> 
     </span>
    </p>
   </div>
   <div class='ocr_carea' id='block_1_17' title="bbox 354 1723 2012 1805">
    <p class='ocr_par' dir='ltr' id='par_1_17' title="bbox 354 1723 2012 1805">
     <span class='ocr_line' id='line_1_17' title="bbox 354 1723 2012 1805; baseline -0.001 -25"><span class='ocrx_word' id='word_1_120' title='bbox 354 1755 384 1780; x_wconf 73' lang='grc' dir='ltr'>κ</span> <span class='ocrx_word' id='word_1_121' title='bbox 423 1729 746 1803; x_wconf 77' lang='grc' dir='ltr'>στρέψαντες</span> <span class='ocrx_word' id='word_1_122' title='bbox 795 1725 853 1782; x_wconf 75' lang='grc' dir='ltr'>δὲ</span> <span class='ocrx_word' id='word_1_123' title='bbox 910 1725 1274 1805; x_wconf 73' lang='grc' dir='ltr'>ἀπήγγειλαν,</span> <span class='ocrx_word' id='word_1_124' title='bbox 1334 1725 1610 1804; x_wconf 87' lang='grc' dir='ltr'>λέγοντες,</span> <span class='ocrx_word' id='word_1_125' title='bbox 1668 1725 1752 1780; x_wconf 82' lang='grc' dir='ltr'>δτι</span> <span class='ocrx_word' id='word_1_126' title='bbox 1809 1723 1880 1778; x_wconf 90' lang='grc' dir='ltr'>Τὸ</span> <span class='ocrx_word' id='word_1_127' title='bbox 1917 1725 2012 1796; x_wconf 76' lang='grc' dir='ltr'>μὲν</span> 
     </span>
    </p>
   </div>
   <div class='ocr_carea' id='block_1_18' title="bbox 357 1813 2010 1893">
    <p class='ocr_par' dir='ltr' id='par_1_18' title="bbox 357 1813 2010 1893">
     <span class='ocr_line' id='line_1_18' title="bbox 357 1813 2010 1893; baseline -0.002 -22"><span class='ocrx_word' id='word_1_128' title='bbox 357 1841 387 1870; x_wconf 76' lang='grc' dir='ltr'>α</span> <span class='ocrx_word' id='word_1_129' title='bbox 422 1815 794 1893; x_wconf 75' lang='grc' dir='ltr'>δεσμωτήριον</span> <span class='ocrx_word' id='word_1_130' title='bbox 889 1816 1115 1893; x_wconf 79' lang='grc' dir='ltr'>εὕρομεν</span> <span class='ocrx_word' id='word_1_131' title='bbox 1188 1815 1564 1888; x_wconf 80' lang='grc' dir='ltr'>κεκλεισμένον</span> <span class='ocrx_word' id='word_1_132' title='bbox 1623 1813 1674 1869; x_wconf 83' lang='grc' dir='ltr'>έν</span> <span class='ocrx_word' id='word_1_133' title='bbox 1733 1814 1879 1889; x_wconf 82' lang='grc' dir='ltr'>πάσῃ</span> <span class='ocrx_word' id='word_1_134' title='bbox 1917 1813 2010 1869; x_wconf 88' lang='grc' dir='ltr'>ἀσ-</span> 
     </span>
    </p>
   </div>
   <div class='ocr_carea' id='block_1_19' title="bbox 363 1899 2008 1986">
    <p class='ocr_par' dir='ltr' id='par_1_19' title="bbox 363 1899 2008 1986">
     <span class='ocr_line' id='line_1_19' title="bbox 363 1899 2008 1986; baseline -0.001 -28"><span class='ocrx_word' id='word_1_135' title='bbox 363 1932 392 1958; x_wconf 75' lang='grc' dir='ltr'>α</span> <span class='ocrx_word' id='word_1_136' title='bbox 427 1907 634 1984; x_wconf 69' lang='grc' dir='ltr'>φαλείᾳ,</span> <span class='ocrx_word' id='word_1_137' title='bbox 662 1906 754 1962; x_wconf 87' lang='grc' dir='ltr'>καὶ</span> <span class='ocrx_word' id='word_1_138' title='bbox 809 1905 937 1968; x_wconf 79' lang='grc' dir='ltr'>τοὺς</span> <span class='ocrx_word' id='word_1_139' title='bbox 997 1905 1242 1986; x_wconf 76' lang='grc' dir='ltr'>φύλακας</span> <span class='ocrx_word' id='word_1_140' title='bbox 1299 1899 1400 1975; x_wconf 74' lang='grc' dir='ltr'>ἔξω</span> <span class='ocrx_word' id='word_1_141' title='bbox 1462 1905 1696 1965; x_wconf 77' lang='grc' dir='ltr'>ἑστῶτας</span> <span class='ocrx_word' id='word_1_142' title='bbox 1748 1903 1854 1978; x_wconf 91' lang='grc' dir='ltr'>πρὸ</span> <span class='ocrx_word' id='word_1_143' title='bbox 1901 1908 2008 1958; x_wconf 81' lang='grc' dir='ltr'>τῶν</span> 
     </span>
    </p>
   </div>
   <div class='ocr_carea' id='block_1_20' title="bbox 2140 736 3791 809">
    <p class='ocr_par' dir='ltr' id='par_1_20' title="bbox 2140 736 3791 809">
     <span class='ocr_line' id='line_1_20' title="bbox 2140 736 3791 809; baseline 0.004 -20"><span class='ocrx_word' id='word_1_144' title='bbox 2140 756 2166 789; x_wconf 73' lang='grc' dir='ltr'>ι</span> <span class='ocrx_word' id='word_1_145' title='bbox 2191 740 2402 792; x_wconf 91' lang='lat' dir='ltr'>cerunt</span> <span class='ocrx_word' id='word_1_146' title='bbox 2420 752 2635 791; x_wconf 89' lang='lat' dir='ltr'>manus</span> <span class='ocrx_word' id='word_1_147' title='bbox 2661 736 2722 790; x_wconf 90' lang='lat' dir='ltr'>in</span> <span class='ocrx_word' id='word_1_148' title='bbox 2745 736 3067 807; x_wconf 81' lang='lat' dir='ltr'>apostolos,</span> <span class='ocrx_word' id='word_1_149' title='bbox 3095 739 3189 791; x_wconf 79' lang='grc'>47</span> <span class='ocrx_word' id='word_1_150' title='bbox 3217 743 3663 809; x_wconf 88' lang='lat' dir='ltr'>posueruntque</span> <span class='ocrx_word' id='word_1_151' title='bbox 3689 756 3791 796; x_wconf 84' lang='lat' dir='ltr'>eos</span> 
     </span>
    </p>
   </div>
   <div class='ocr_carea' id='block_1_21' title="bbox 2138 825 3792 898">
    <p class='ocr_par' dir='ltr' id='par_1_21' title="bbox 2138 825 3792 898">
     <span class='ocr_line' id='line_1_21' title="bbox 2138 825 3792 898; baseline 0.004 -21"><span class='ocrx_word' id='word_1_152' title='bbox 2138 847 2166 877; x_wconf 83' lang='lat'><strong>«</strong></span> <span class='ocrx_word' id='word_1_153' title='bbox 2198 825 2258 880; x_wconf 88' lang='lat' dir='ltr'>in</span> <span class='ocrx_word' id='word_1_154' title='bbox 2284 825 2556 881; x_wconf 91' lang='lat' dir='ltr'>custodia</span> <span class='ocrx_word' id='word_1_155' title='bbox 2576 825 2832 896; x_wconf 89' lang='lat' dir='ltr'>publica.</span> <span class='ocrx_word' id='word_1_156' title='bbox 2858 826 3116 898; x_wconf 77' lang='lat' dir='ltr'>Angelus</span> <span class='ocrx_word' id='word_1_157' title='bbox 3139 831 3334 881; x_wconf 89' lang='lat' dir='ltr'>autem</span> <span class='ocrx_word' id='word_1_158' title='bbox 3362 828 3593 882; x_wconf 88' lang='lat' dir='ltr'>Domini</span> <span class='ocrx_word' id='word_1_159' title='bbox 3617 835 3792 884; x_wconf 89' lang='lat' dir='ltr'>nocte</span> 
     </span>
    </p>
   </div>
   <div class='ocr_carea' id='block_1_22' title="bbox 2135 914 3789 986">
    <p class='ocr_par' dir='ltr' id='par_1_22' title="bbox 2135 914 3789 986">
     <span class='ocr_line' id='line_1_22' title="bbox 2135 914 3789 986; baseline 0.005 -22"><span class='ocrx_word' id='word_1_160' title='bbox 2135 937 2164 965; x_wconf 84' lang='lat'><strong>«</strong></span> <span class='ocrx_word' id='word_1_161' title='bbox 2198 914 2432 986; x_wconf 89' lang='lat' dir='ltr'>aperuit</span> <span class='ocrx_word' id='word_1_162' title='bbox 2452 916 2605 970; x_wconf 88' lang='lat' dir='ltr'>ostia</span> <span class='ocrx_word' id='word_1_163' title='bbox 2627 916 2906 981; x_wconf 90' lang='lat' dir='ltr'>carceris,</span> <span class='ocrx_word' id='word_1_164' title='bbox 2953 915 3219 986; x_wconf 86' lang='lat' dir='ltr'>ipsisque</span> <span class='ocrx_word' id='word_1_165' title='bbox 3245 917 3472 970; x_wconf 78' lang='lat' dir='ltr'>eductis</span> <span class='ocrx_word' id='word_1_166' title='bbox 3493 917 3673 972; x_wconf 84' lang='lat' dir='ltr'>dixit:</span> <span class='ocrx_word' id='word_1_167' title='bbox 3705 920 3789 974; x_wconf 92' lang='lat' dir='ltr'>Ite</span> 
     </span>
    </p>
   </div>
   <div class='ocr_carea' id='block_1_23' title="bbox 2133 1005 3792 1078">
    <p class='ocr_par' dir='ltr' id='par_1_23' title="bbox 2133 1005 3792 1078">
     <span class='ocr_line' id='line_1_23' title="bbox 2133 1005 3792 1078; baseline 0.004 -22"><span class='ocrx_word' id='word_1_168' title='bbox 2133 1027 2162 1056; x_wconf 87' lang='lat'>«</span> <span class='ocrx_word' id='word_1_169' title='bbox 2197 1010 2254 1060; x_wconf 93' lang='lat' dir='ltr'>et</span> <span class='ocrx_word' id='word_1_170' title='bbox 2283 1009 2509 1060; x_wconf 81' lang='lat' dir='ltr'>stantes</span> <span class='ocrx_word' id='word_1_171' title='bbox 2552 1005 2613 1059; x_wconf 92' lang='lat' dir='ltr'>in</span> <span class='ocrx_word' id='word_1_172' title='bbox 2669 1006 2890 1077; x_wconf 89' lang='lat' dir='ltr'>templo</span> <span class='ocrx_word' id='word_1_173' title='bbox 2945 1006 3262 1076; x_wconf 88' lang='lat' dir='ltr'>loquimini</span> <span class='ocrx_word' id='word_1_174' title='bbox 3310 1007 3530 1078; x_wconf 90' lang='lat' dir='ltr'>populo</span> <span class='ocrx_word' id='word_1_175' title='bbox 3589 1009 3792 1064; x_wconf 91' lang='lat' dir='ltr'>omnia</span> 
     </span>
    </p>
   </div>
   <div class='ocr_carea' id='block_1_24' title="bbox 2133 1094 3787 1166">
    <p class='ocr_par' dir='ltr' id='par_1_24' title="bbox 2133 1094 3787 1166">
     <span class='ocr_line' id='line_1_24' title="bbox 2133 1094 3787 1166; baseline 0.004 -21"><span class='ocrx_word' id='word_1_176' title='bbox 2133 1117 2162 1145; x_wconf 91' lang='grc'><em>‹‹</em></span> <span class='ocrx_word' id='word_1_177' title='bbox 2192 1094 2374 1151; x_wconf 87' lang='lat' dir='ltr'>verba</span> <span class='ocrx_word' id='word_1_178' title='bbox 2403 1094 2534 1149; x_wconf 70' lang='lat' dir='ltr'>vitae</span> <span class='ocrx_word' id='word_1_179' title='bbox 2565 1095 2767 1166; x_wconf 88' lang='lat' dir='ltr'>hujus.</span> <span class='ocrx_word' id='word_1_180' title='bbox 2802 1098 2876 1151; x_wconf 86' lang='lat' dir='ltr'>At</span> <span class='ocrx_word' id='word_1_181' title='bbox 2926 1095 3034 1160; x_wconf 91' lang='lat' dir='ltr'>illi,</span> <span class='ocrx_word' id='word_1_182' title='bbox 3087 1113 3223 1150; x_wconf 88' lang='lat' dir='ltr'>cum</span> <span class='ocrx_word' id='word_1_183' title='bbox 3274 1096 3399 1150; x_wconf 64' lang='lat' dir='ltr'>haec</span> <span class='ocrx_word' id='word_1_184' title='bbox 3458 1097 3787 1166; x_wconf 79' lang='lat' dir='ltr'>audissent,</span> 
     </span>
    </p>
   </div>
   <div class='ocr_carea' id='block_1_25' title="bbox 2137 1185 3784 1256">
    <p class='ocr_par' dir='ltr' id='par_1_25' title="bbox 2137 1185 3784 1256">
     <span class='ocr_line' id='line_1_25' title="bbox 2137 1185 3784 1256; baseline 0.003 -18"><span class='ocrx_word' id='word_1_185' title='bbox 2137 1185 2562 1240; x_wconf 71' lang='lat' dir='ltr'>cintraverunt</span> <span class='ocrx_word' id='word_1_186' title='bbox 2591 1185 2856 1241; x_wconf 89' lang='lat' dir='ltr'>diluculo</span> <span class='ocrx_word' id='word_1_187' title='bbox 2889 1186 2950 1240; x_wconf 90' lang='lat' dir='ltr'>in</span> <span class='ocrx_word' id='word_1_188' title='bbox 3005 1186 3296 1256; x_wconf 88' lang='lat' dir='ltr'>templum</span> <span class='ocrx_word' id='word_1_189' title='bbox 3349 1203 3417 1241; x_wconf 91' lang='lat' dir='ltr'>ac</span> <span class='ocrx_word' id='word_1_190' title='bbox 3473 1187 3784 1243; x_wconf 87' lang='lat' dir='ltr'>docebant.</span> 
     </span>
    </p>
   </div>
   <div class='ocr_carea' id='block_1_26' title="bbox 2134 1275 3784 1348">
    <p class='ocr_par' dir='ltr' id='par_1_26' title="bbox 2134 1275 3784 1348">
     <span class='ocr_line' id='line_1_26' title="bbox 2134 1275 3784 1348; baseline 0.002 -20"><span class='ocrx_word' id='word_1_191' title='bbox 2134 1294 2162 1328; x_wconf 74' lang='grc' dir='ltr'>ι</span> <span class='ocrx_word' id='word_1_192' title='bbox 2192 1275 2529 1330; x_wconf 84' lang='lat' dir='ltr'>Adveniens</span> <span class='ocrx_word' id='word_1_193' title='bbox 2561 1282 2760 1330; x_wconf 88' lang='lat' dir='ltr'>autem</span> <span class='ocrx_word' id='word_1_194' title='bbox 2804 1275 3080 1347; x_wconf 85' lang='lat' dir='ltr'>princeps</span> <span class='ocrx_word' id='word_1_195' title='bbox 3135 1277 3532 1344; x_wconf 84' lang='lat' dir='ltr'>sacerdotum,</span> <span class='ocrx_word' id='word_1_196' title='bbox 3579 1282 3637 1332; x_wconf 91' lang='lat' dir='ltr'>et</span> <span class='ocrx_word' id='word_1_197' title='bbox 3685 1278 3784 1348; x_wconf 91' lang='lat' dir='ltr'>qui</span> 
     </span>
    </p>
   </div>
   <div class='ocr_carea' id='block_1_27' title="bbox 2132 1367 3786 1434">
    <p class='ocr_par' dir='ltr' id='par_1_27' title="bbox 2132 1367 3786 1434">
     <span class='ocr_line' id='line_1_27' title="bbox 2132 1367 3786 1434; baseline 0.004 -18"><span class='ocrx_word' id='word_1_198' title='bbox 2132 1388 2154 1416; x_wconf 71' lang='grc' dir='ltr'>α</span> <span class='ocrx_word' id='word_1_199' title='bbox 2195 1382 2330 1421; x_wconf 91' lang='lat' dir='ltr'>cum</span> <span class='ocrx_word' id='word_1_200' title='bbox 2365 1382 2433 1420; x_wconf 93' lang='lat' dir='ltr'>eo</span> <span class='ocrx_word' id='word_1_201' title='bbox 2468 1370 2660 1430; x_wconf 90' lang='lat' dir='ltr'>erant,</span> <span class='ocrx_word' id='word_1_202' title='bbox 2719 1372 3195 1420; x_wconf 88' lang='lat' dir='ltr'>convocaverunt</span> <span class='ocrx_word' id='word_1_203' title='bbox 3250 1367 3591 1434; x_wconf 89' lang='lat' dir='ltr'>concilium,</span> <span class='ocrx_word' id='word_1_204' title='bbox 3651 1369 3786 1423; x_wconf 89' lang='lat' dir='ltr'>uni-</span> 
     </span>
    </p>
   </div>
   <div class='ocr_carea' id='block_1_28' title="bbox 2128 1457 3787 1527">
    <p class='ocr_par' dir='ltr' id='par_1_28' title="bbox 2128 1457 3787 1527">
     <span class='ocr_line' id='line_1_28' title="bbox 2128 1457 3787 1527; baseline 0.003 -20"><span class='ocrx_word' id='word_1_205' title='bbox 2128 1478 2156 1507; x_wconf 84' lang='lat'>«</span> <span class='ocrx_word' id='word_1_206' title='bbox 2189 1473 2544 1527; x_wconf 84' lang='lat' dir='ltr'>versumque</span> <span class='ocrx_word' id='word_1_207' title='bbox 2577 1461 2853 1511; x_wconf 89' lang='lat' dir='ltr'>senatum</span> <span class='ocrx_word' id='word_1_208' title='bbox 2883 1457 3144 1511; x_wconf 84' lang='lat' dir='ltr'>ﬁliorum</span> <span class='ocrx_word' id='word_1_209' title='bbox 3174 1457 3376 1523; x_wconf 88' lang='lat' dir='ltr'>Israel,</span> <span class='ocrx_word' id='word_1_210' title='bbox 3403 1463 3460 1512; x_wconf 92' lang='lat' dir='ltr'>et</span> <span class='ocrx_word' id='word_1_211' title='bbox 3491 1458 3787 1513; x_wconf 89' lang='lat' dir='ltr'>miserunt</span> 
     </span>
    </p>
   </div>
   <div class='ocr_carea' id='block_1_29' title="bbox 2126 1545 3783 1613">
    <p class='ocr_par' dir='ltr' id='par_1_29' title="bbox 2126 1545 3783 1613">
     <span class='ocr_line' id='line_1_29' title="bbox 2126 1545 3783 1613; baseline 0.004 -16"><span class='ocrx_word' id='word_1_212' title='bbox 2126 1568 2154 1597; x_wconf 89' lang='lat'>«</span> <span class='ocrx_word' id='word_1_213' title='bbox 2186 1545 2260 1601; x_wconf 87' lang='lat' dir='ltr'>ad</span> <span class='ocrx_word' id='word_1_214' title='bbox 2295 1562 2618 1613; x_wconf 88' lang='lat' dir='ltr'>carcerem,</span> <span class='ocrx_word' id='word_1_215' title='bbox 2647 1551 2711 1600; x_wconf 89' lang='lat' dir='ltr'>ut</span> <span class='ocrx_word' id='word_1_216' title='bbox 2762 1546 2849 1600; x_wconf 93' lang='lat' dir='ltr'>illi</span> <span class='ocrx_word' id='word_1_217' title='bbox 2908 1546 3367 1601; x_wconf 89' lang='lat' dir='ltr'>adducerentur.</span> <span class='ocrx_word' id='word_1_218' title='bbox 3420 1548 3783 1604; x_wconf 88' lang='lat' dir='ltr'>Accedentes</span> 
     </span>
    </p>
   </div>
   <div class='ocr_carea' id='block_1_30' title="bbox 2126 1637 3779 1697">
    <p class='ocr_par' dir='ltr' id='par_1_30' title="bbox 2126 1637 3779 1697">
     <span class='ocr_line' id='line_1_30' title="bbox 2126 1637 3779 1697; baseline 0.004 -8"><span class='ocrx_word' id='word_1_219' title='bbox 2126 1660 2155 1689; x_wconf 83' lang='lat'><strong>«</strong></span> <span class='ocrx_word' id='word_1_220' title='bbox 2186 1642 2384 1693; x_wconf 90' lang='lat' dir='ltr'>autem</span> <span class='ocrx_word' id='word_1_221' title='bbox 2421 1637 2681 1692; x_wconf 90' lang='lat' dir='ltr'>ministri</span> <span class='ocrx_word' id='word_1_222' title='bbox 2714 1654 2836 1692; x_wconf 93' lang='lat' dir='ltr'>non</span> <span class='ocrx_word' id='word_1_223' title='bbox 2867 1637 3228 1693; x_wconf 88' lang='lat' dir='ltr'>invenerunt</span> <span class='ocrx_word' id='word_1_224' title='bbox 3258 1655 3358 1694; x_wconf 90' lang='lat' dir='ltr'>eos</span> <span class='ocrx_word' id='word_1_225' title='bbox 3389 1640 3450 1694; x_wconf 90' lang='lat' dir='ltr'>in</span> <span class='ocrx_word' id='word_1_226' title='bbox 3503 1657 3738 1697; x_wconf 89' lang='lat' dir='ltr'>carcere</span> <span class='ocrx_word' id='word_1_227' title='bbox 3766 1659 3779 1696; x_wconf 92' lang='lat'>:</span> 
     </span>
    </p>
   </div>
   <div class='ocr_carea' id='block_1_31' title="bbox 2124 1735 3780 1806">
    <p class='ocr_par' dir='ltr' id='par_1_31' title="bbox 2124 1735 3780 1806">
     <span class='ocr_line' id='line_1_31' title="bbox 2124 1735 3780 1806; baseline 0.005 -19"><span class='ocrx_word' id='word_1_228' title='bbox 2124 1735 2527 1806; x_wconf 86' lang='lat' dir='ltr'>«reversique</span> <span class='ocrx_word' id='word_1_229' title='bbox 2588 1736 3019 1790; x_wconf 87' lang='lat' dir='ltr'>nuntiaverunt</span> <span class='ocrx_word' id='word_1_230' title='bbox 3072 1737 3340 1792; x_wconf 87' lang='lat' dir='ltr'>dicentes</span> <span class='ocrx_word' id='word_1_231' title='bbox 3398 1755 3410 1792; x_wconf 92' lang='lat'>:</span> <span class='ocrx_word' id='word_1_232' title='bbox 3471 1741 3780 1796; x_wconf 85' lang='lat' dir='ltr'>Carcerem</span> 
     </span>
    </p>
   </div>
   <div class='ocr_carea' id='block_1_32' title="bbox 2126 1825 3776 1900">
    <p class='ocr_par' dir='ltr' id='par_1_32' title="bbox 2126 1825 3776 1900">
     <span class='ocr_line' id='line_1_32' title="bbox 2126 1825 3776 1900; baseline 0.005 -24"><span class='ocrx_word' id='word_1_233' title='bbox 2126 1845 2155 1876; x_wconf 86' lang='grc'>‹‹</span> <span class='ocrx_word' id='word_1_234' title='bbox 2186 1825 2426 1895; x_wconf 89' lang='lat' dir='ltr'>quidem</span> <span class='ocrx_word' id='word_1_235' title='bbox 2449 1825 2720 1879; x_wconf 90' lang='lat' dir='ltr'>clausum</span> <span class='ocrx_word' id='word_1_236' title='bbox 2744 1825 3083 1880; x_wconf 89' lang='lat' dir='ltr'>invenimus</span> <span class='ocrx_word' id='word_1_237' title='bbox 3103 1843 3237 1880; x_wconf 91' lang='lat' dir='ltr'>cum</span> <span class='ocrx_word' id='word_1_238' title='bbox 3263 1828 3423 1882; x_wconf 91' lang='lat' dir='ltr'>omni</span> <span class='ocrx_word' id='word_1_239' title='bbox 3447 1827 3776 1900; x_wconf 72' lang='lat' dir='ltr'>diligentia,</span> 
     </span>
    </p>
   </div>
   <div class='ocr_carea' id='block_1_33' title="bbox 2123 1913 3776 1990">
    <p class='ocr_par' dir='ltr' id='par_1_33' title="bbox 2123 1913 3776 1990">
     <span class='ocr_line' id='line_1_33' title="bbox 2123 1913 3776 1990; baseline 0.006 -26"><span class='ocrx_word' id='word_1_240' title='bbox 2123 1936 2153 1964; x_wconf 78' lang='grc' dir='ltr'>ι(</span> <span class='ocrx_word' id='word_1_241' title='bbox 2187 1919 2244 1969; x_wconf 92' lang='lat' dir='ltr'>et</span> <span class='ocrx_word' id='word_1_242' title='bbox 2275 1913 2552 1968; x_wconf 89' lang='lat' dir='ltr'>custodes</span> <span class='ocrx_word' id='word_1_243' title='bbox 2599 1913 2745 1968; x_wconf 88' lang='lat' dir='ltr'>foris</span> <span class='ocrx_word' id='word_1_244' title='bbox 2798 1919 3043 1982; x_wconf 87' lang='lat' dir='ltr'>stantes,</span> <span class='ocrx_word' id='word_1_245' title='bbox 3104 1933 3306 1971; x_wconf 86' lang='lat' dir='ltr'>verum</span> <span class='ocrx_word' id='word_1_246' title='bbox 3356 1917 3453 1972; x_wconf 91' lang='lat' dir='ltr'>ubi</span> <span class='ocrx_word' id='word_1_247' title='bbox 3507 1919 3776 1990; x_wconf 88' lang='lat' dir='ltr'>aperuis-</span> 
     </span>
    </p>
   </div>
   <div class='ocr_carea' id='block_1_34' title="bbox 359 1990 2015 2088">
    <p class='ocr_par' dir='ltr' id='par_1_34' title="bbox 359 1990 2003 2070">
     <span class='ocr_line' id='line_1_34' title="bbox 359 1990 2003 2070; baseline -0.001 -22"><span class='ocrx_word' id='word_1_248' title='bbox 359 2020 388 2048; x_wconf 76' lang='grc' dir='ltr'>ιι</span> <span class='ocrx_word' id='word_1_249' title='bbox 422 1999 612 2069; x_wconf 83' lang='grc' dir='ltr'>θυρῶν.</span> <span class='ocrx_word' id='word_1_250' title='bbox 673 1995 1007 2066; x_wconf 82' lang='grc' dir='ltr'>Ἀνοίξαντες</span> <span class='ocrx_word' id='word_1_251' title='bbox 1067 1992 1144 2065; x_wconf 71' lang='grc' dir='ltr'>δὲ,</span> <span class='ocrx_word' id='word_1_252' title='bbox 1196 1990 1303 2050; x_wconf 78' lang='grc' dir='ltr'>ἔσω</span> <span class='ocrx_word' id='word_1_253' title='bbox 1360 1991 1550 2049; x_wconf 84' lang='grc' dir='ltr'>οὐδένα</span> <span class='ocrx_word' id='word_1_254' title='bbox 1608 1992 1855 2070; x_wconf 77' lang='grc' dir='ltr'>εὕρομεν.</span> <span class='ocrx_word' id='word_1_255' title='bbox 1916 1993 2003 2056; x_wconf 76' lang='grc' dir='ltr'>Ὠς</span> 
     </span>
    </p>
   </div>
   <div class='ocr_carea' id='block_1_35' title="bbox 2128 1990 3772 2088">
    <p class='ocr_par' dir='ltr' id='par_1_35' title="bbox 2128 2004 3772 2075">
     <span class='ocr_line' id='line_1_35' title="bbox 2128 2004 3772 2075; baseline 0.003 -18"><span class='ocrx_word' id='word_1_256' title='bbox 2128 2025 2149 2052; x_wconf 78' lang='grc' dir='ltr'>ι(</span> <span class='ocrx_word' id='word_1_257' title='bbox 2184 2020 2405 2068; x_wconf 90' lang='lat' dir='ltr'>semus,</span> <span class='ocrx_word' id='word_1_258' title='bbox 2440 2004 2745 2058; x_wconf 89' lang='lat' dir='ltr'>neminem</span> <span class='ocrx_word' id='word_1_259' title='bbox 2779 2004 2942 2059; x_wconf 88' lang='lat' dir='ltr'>intus</span> <span class='ocrx_word' id='word_1_260' title='bbox 2973 2006 3325 2075; x_wconf 89' lang='lat' dir='ltr'>reperimus.</span> <span class='ocrx_word' id='word_1_261' title='bbox 3379 2006 3524 2061; x_wconf 90' lang='lat' dir='ltr'>Cum</span> <span class='ocrx_word' id='word_1_262' title='bbox 3573 2013 3772 2063; x_wconf 88' lang='lat' dir='ltr'>autem</span> 
     </span>
    </p>
   </div>
   <div class='ocr_carea' id='block_1_36' title="bbox 350 2083 2002 2160">
    <p class='ocr_par' dir='ltr' id='par_1_36' title="bbox 350 2083 2002 2160">
     <span class='ocr_line' id='line_1_36' title="bbox 350 2083 2002 2160; baseline 0 -23"><span class='ocrx_word' id='word_1_263' title='bbox 350 2110 380 2137; x_wconf 83' lang='lat'><em>«</em></span> <span class='ocrx_word' id='word_1_264' title='bbox 412 2084 470 2142; x_wconf 73' lang='grc' dir='ltr'>δὲ</span> <span class='ocrx_word' id='word_1_265' title='bbox 519 2085 759 2155; x_wconf 76' lang='grc' dir='ltr'>ἤκουσαν</span> <span class='ocrx_word' id='word_1_266' title='bbox 816 2085 944 2149; x_wconf 77' lang='grc' dir='ltr'>τοὺς</span> <span class='ocrx_word' id='word_1_267' title='bbox 993 2083 1190 2160; x_wconf 82' lang='grc' dir='ltr'>λόγους</span> <span class='ocrx_word' id='word_1_268' title='bbox 1246 2085 1472 2146; x_wconf 81' lang='grc' dir='ltr'>τούτους</span> <span class='ocrx_word' id='word_1_269' title='bbox 1522 2084 1552 2139; x_wconf 84' lang='grc' dir='ltr'>ὅ</span> <span class='ocrx_word' id='word_1_270' title='bbox 1580 2104 1639 2138; x_wconf 87' lang='grc' dir='ltr'>τε</span> <span class='ocrx_word' id='word_1_271' title='bbox 1694 2084 1866 2159; x_wconf 72' lang='grc' dir='ltr'>ἱερεὺς</span> <span class='ocrx_word' id='word_1_272' title='bbox 1912 2085 2002 2139; x_wconf 83' lang='grc' dir='ltr'>καὶ</span> 
     </span>
    </p>
   </div>
   <div class='ocr_carea' id='block_1_37' title="bbox 346 2171 2005 2254">
    <p class='ocr_par' dir='ltr' id='par_1_37' title="bbox 346 2171 2005 2254">
     <span class='ocr_line' id='line_1_37' title="bbox 346 2171 2005 2254; baseline -0.001 -26"><span class='ocrx_word' id='word_1_273' title='bbox 346 2177 772 2254; x_wconf 73' lang='grc' dir='ltr'>αὸστρατηγὸς</span> <span class='ocrx_word' id='word_1_274' title='bbox 829 2180 926 2232; x_wconf 81' lang='grc' dir='ltr'>τοῦ</span> <span class='ocrx_word' id='word_1_275' title='bbox 987 2176 1135 2252; x_wconf 76' lang='grc' dir='ltr'>ἱεροῦ</span> <span class='ocrx_word' id='word_1_276' title='bbox 1190 2173 1280 2230; x_wconf 83' lang='grc' dir='ltr'>καί</span> <span class='ocrx_word' id='word_1_277' title='bbox 1340 2174 1392 2230; x_wconf 89' lang='grc' dir='ltr'>οί</span> <span class='ocrx_word' id='word_1_278' title='bbox 1452 2174 1749 2254; x_wconf 82' lang='grc' dir='ltr'>ἀρχιερεῖς,</span> <span class='ocrx_word' id='word_1_279' title='bbox 1810 2171 2005 2244; x_wconf 86' lang='grc' dir='ltr'>διηπό-</span> 
     </span>
    </p>
   </div>
   <div class='ocr_carea' id='block_1_38' title="bbox 342 2262 2008 2343">
    <p class='ocr_par' dir='ltr' id='par_1_38' title="bbox 342 2262 2008 2343">
     <span class='ocr_line' id='line_1_38' title="bbox 342 2262 2008 2343; baseline -0.001 -26"><span class='ocrx_word' id='word_1_280' title='bbox 342 2291 372 2317; x_wconf 80' lang='lat'><em>«</em></span> <span class='ocrx_word' id='word_1_281' title='bbox 397 2286 528 2342; x_wconf 78' lang='grc' dir='ltr'>ρουν</span> <span class='ocrx_word' id='word_1_282' title='bbox 558 2265 683 2341; x_wconf 83' lang='grc' dir='ltr'>περί</span> <span class='ocrx_word' id='word_1_283' title='bbox 712 2265 912 2337; x_wconf 77' lang='grc' dir='ltr'>αὐτῶν,</span> <span class='ocrx_word' id='word_1_284' title='bbox 950 2264 1003 2320; x_wconf 91' lang='grc' dir='ltr'>τί</span> <span class='ocrx_word' id='word_1_285' title='bbox 1061 2264 1122 2320; x_wconf 82' lang='grc' dir='ltr'>ἂν</span> <span class='ocrx_word' id='word_1_286' title='bbox 1187 2263 1399 2343; x_wconf 87' lang='grc' dir='ltr'>γένοιτο</span> <span class='ocrx_word' id='word_1_287' title='bbox 1457 2267 1644 2320; x_wconf 78' lang='grc' dir='ltr'>τοῦτο.</span> <span class='ocrx_word' id='word_1_288' title='bbox 1700 2262 2008 2339; x_wconf 82' lang='grc' dir='ltr'>Παραγενό-</span> 
     </span>
    </p>
   </div>
   <div class='ocr_carea' id='block_1_39' title="bbox 340 2350 2012 2433">
    <p class='ocr_par' dir='ltr' id='par_1_39' title="bbox 340 2350 2012 2433">
     <span class='ocr_line' id='line_1_39' title="bbox 340 2350 2012 2433; baseline -0.001 -25"><span class='ocrx_word' id='word_1_289' title='bbox 340 2380 368 2408; x_wconf 73' lang='grc' dir='ltr'>α</span> <span class='ocrx_word' id='word_1_290' title='bbox 410 2377 581 2429; x_wconf 84' lang='grc' dir='ltr'>μενος</span> <span class='ocrx_word' id='word_1_291' title='bbox 638 2354 697 2412; x_wconf 80' lang='grc' dir='ltr'>δέ</span> <span class='ocrx_word' id='word_1_292' title='bbox 724 2377 809 2419; x_wconf 89' lang='grc' dir='ltr'>τις</span> <span class='ocrx_word' id='word_1_293' title='bbox 863 2354 1186 2433; x_wconf 86' lang='grc' dir='ltr'>ἀπέγγειλεν</span> <span class='ocrx_word' id='word_1_294' title='bbox 1235 2355 1448 2424; x_wconf 85' lang='grc' dir='ltr'>αὐτοῖς,</span> <span class='ocrx_word' id='word_1_295' title='bbox 1480 2354 1564 2408; x_wconf 81' lang='grc' dir='ltr'>ὅτι</span> <span class='ocrx_word' id='word_1_296' title='bbox 1625 2350 1764 2410; x_wconf 85' lang='grc' dir='ltr'>Ἰδοὺ</span> <span class='ocrx_word' id='word_1_297' title='bbox 1815 2354 1868 2408; x_wconf 75' lang='grc' dir='ltr'>οἱ</span> <span class='ocrx_word' id='word_1_298' title='bbox 1918 2351 2012 2407; x_wconf 77' lang='grc' dir='ltr'>ἅν-</span> 
     </span>
    </p>
   </div>
   <div class='ocr_carea' id='block_1_40' title="bbox 352 2442 2009 2522">
    <p class='ocr_par' dir='ltr' id='par_1_40' title="bbox 352 2442 2009 2522">
     <span class='ocr_line' id='line_1_40' title="bbox 352 2442 2009 2522; baseline -0.002 -21"><span class='ocrx_word' id='word_1_299' title='bbox 352 2467 374 2495; x_wconf 75' lang='grc' dir='ltr'>ι</span> <span class='ocrx_word' id='word_1_300' title='bbox 409 2443 534 2519; x_wconf 81' lang='grc' dir='ltr'>δρες</span> <span class='ocrx_word' id='word_1_301' title='bbox 580 2447 674 2510; x_wconf 76' lang='grc' dir='ltr'>οὓς</span> <span class='ocrx_word' id='word_1_302' title='bbox 734 2442 913 2510; x_wconf 76' lang='grc' dir='ltr'>ἔθεσθε</span> <span class='ocrx_word' id='word_1_303' title='bbox 971 2443 1023 2500; x_wconf 79' lang='grc' dir='ltr'>ἐν</span> <span class='ocrx_word' id='word_1_304' title='bbox 1051 2448 1120 2519; x_wconf 77' lang='grc' dir='ltr'>τῇ</span> <span class='ocrx_word' id='word_1_305' title='bbox 1152 2443 1393 2522; x_wconf 80' lang='grc' dir='ltr'>φυλακῇ,</span> <span class='ocrx_word' id='word_1_306' title='bbox 1453 2442 1585 2500; x_wconf 83' lang='grc' dir='ltr'>εἰσὶν</span> <span class='ocrx_word' id='word_1_307' title='bbox 1644 2443 1694 2498; x_wconf 78' lang='grc' dir='ltr'>ἐν</span> <span class='ocrx_word' id='word_1_308' title='bbox 1751 2447 1829 2515; x_wconf 84' lang='grc' dir='ltr'>τῷ</span> <span class='ocrx_word' id='word_1_309' title='bbox 1878 2443 2009 2518; x_wconf 76' lang='grc' dir='ltr'>ἱερῷ</span> 
     </span>
    </p>
   </div>
   <div class='ocr_carea' id='block_1_41' title="bbox 355 2531 2009 2599">
    <p class='ocr_par' dir='ltr' id='par_1_41' title="bbox 355 2531 2009 2599">
     <span class='ocr_line' id='line_1_41' title="bbox 355 2531 2009 2599; baseline -0.003 -8"><span class='ocrx_word' id='word_1_310' title='bbox 355 2560 380 2591; x_wconf 91' lang='lat' dir='ltr'><strong>I</strong></span> <span class='ocrx_word' id='word_1_311' title='bbox 426 2537 665 2599; x_wconf 76' lang='grc' dir='ltr'>ἑστῶτες</span> <span class='ocrx_word' id='word_1_312' title='bbox 688 2537 774 2592; x_wconf 78' lang='grc' dir='ltr'>καὶ</span> <span class='ocrx_word' id='word_1_313' title='bbox 831 2531 1174 2598; x_wconf 83' lang='grc' dir='ltr'>διδάσκοντες</span> <span class='ocrx_word' id='word_1_314' title='bbox 1202 2534 1295 2589; x_wconf 87' lang='grc' dir='ltr'>τὸν</span> <span class='ocrx_word' id='word_1_315' title='bbox 1355 2532 1511 2593; x_wconf 86' lang='grc' dir='ltr'>λαόν.</span> <span class='ocrx_word' id='word_1_316' title='bbox 1571 2532 1703 2590; x_wconf 85' lang='grc' dir='ltr'>Τότε</span> <span class='ocrx_word' id='word_1_317' title='bbox 1759 2531 2009 2589; x_wconf 86' lang='grc' dir='ltr'>ἀπελθὼν</span> 
     </span>
    </p>
   </div>
   <div class='ocr_carea' id='block_1_42' title="bbox 344 2621 2010 2702">
    <p class='ocr_par' dir='ltr' id='par_1_42' title="bbox 344 2621 2010 2702">
     <span class='ocr_line' id='line_1_42' title="bbox 344 2621 2010 2702; baseline -0.001 -24"><span class='ocrx_word' id='word_1_318' title='bbox 344 2652 372 2678; x_wconf 76' lang='grc' dir='ltr'>α</span> <span class='ocrx_word' id='word_1_319' title='bbox 404 2627 435 2682; x_wconf 82' lang='grc' dir='ltr'><strong>ὁ</strong></span> <span class='ocrx_word' id='word_1_320' title='bbox 470 2626 779 2702; x_wconf 80' lang='grc' dir='ltr'>στρατηγὸς</span> <span class='ocrx_word' id='word_1_321' title='bbox 811 2625 902 2680; x_wconf 76' lang='grc' dir='ltr'>σὺν</span> <span class='ocrx_word' id='word_1_322' title='bbox 931 2630 1050 2688; x_wconf 86' lang='grc' dir='ltr'>τοῖς</span> <span class='ocrx_word' id='word_1_323' title='bbox 1083 2624 1402 2700; x_wconf 76' lang='grc' dir='ltr'>ὑπηρέταις,</span> <span class='ocrx_word' id='word_1_324' title='bbox 1433 2624 1520 2678; x_wconf 84' lang='grc' dir='ltr'>καὶ</span> <span class='ocrx_word' id='word_1_325' title='bbox 1555 2624 1756 2700; x_wconf 68' lang='grc' dir='ltr'>⁴ἤγαγεν</span> <span class='ocrx_word' id='word_1_326' title='bbox 1811 2621 2010 2685; x_wconf 80' lang='grc' dir='ltr'>αὐτοὺς</span> 
     </span>
    </p>
   </div>
   <div class='ocr_carea' id='block_1_43' title="bbox 345 2714 882 2790">
    <p class='ocr_par' dir='ltr' id='par_1_43' title="bbox 345 2714 882 2790">
     <span class='ocr_line' id='line_1_43' title="bbox 345 2714 882 2790; baseline -0.006 -21"><span class='ocrx_word' id='word_1_327' title='bbox 345 2741 372 2769; x_wconf 70' lang='grc' dir='ltr'>α</span> <span class='ocrx_word' id='word_1_328' title='bbox 399 2715 465 2771; x_wconf 79' lang='grc' dir='ltr'>οὗ</span> <span class='ocrx_word' id='word_1_329' title='bbox 503 2717 643 2789; x_wconf 77' lang='grc' dir='ltr'>μετὰ</span> <span class='ocrx_word' id='word_1_330' title='bbox 675 2714 818 2790; x_wconf 86' lang='grc' dir='ltr'>βίας.</span> <span class='ocrx_word' id='word_1_331' title='bbox 854 2739 882 2766; x_wconf 84' lang='grc'>››</span> 
     </span>
    </p>
   </div>
   <div class='ocr_carea' id='block_1_44' title="bbox 418 2801 2012 2880">
    <p class='ocr_par' dir='ltr' id='par_1_44' title="bbox 418 2801 2012 2880">
     <span class='ocr_line' id='line_1_44' title="bbox 418 2801 2012 2880; baseline -0.002 -19"><span class='ocrx_word' id='word_1_332' title='bbox 418 2806 644 2861; x_wconf 86' lang='grc' dir='ltr'>Τούτων</span> <span class='ocrx_word' id='word_1_333' title='bbox 702 2803 1046 2880; x_wconf 78' lang='grc' dir='ltr'>τελουμένων</span> <span class='ocrx_word' id='word_1_334' title='bbox 1105 2803 1208 2859; x_wconf 84' lang='grc' dir='ltr'>ὑπὸ</span> <span class='ocrx_word' id='word_1_335' title='bbox 1265 2808 1370 2860; x_wconf 82' lang='grc' dir='ltr'>τῶν</span> <span class='ocrx_word' id='word_1_336' title='bbox 1441 2802 1790 2876; x_wconf 80' lang='grc' dir='ltr'>ἀποστόλων,</span> <span class='ocrx_word' id='word_1_337' title='bbox 1851 2801 1921 2859; x_wconf 89' lang='grc' dir='ltr'>δι’</span> <span class='ocrx_word' id='word_1_338' title='bbox 1979 2801 2012 2857; x_wconf 79' lang='grc' dir='ltr'>ἃ</span> 
     </span>
    </p>
   </div>
   <div class='ocr_carea' id='block_1_45' title="bbox 357 2893 2013 2970">
    <p class='ocr_par' dir='ltr' id='par_1_45' title="bbox 357 2893 2013 2970">
     <span class='ocr_line' id='line_1_45' title="bbox 357 2893 2013 2970; baseline -0.002 -19"><span class='ocrx_word' id='word_1_339' title='bbox 357 2895 448 2951; x_wconf 79' lang='grc' dir='ltr'>καὶ</span> <span class='ocrx_word' id='word_1_340' title='bbox 478 2893 704 2964; x_wconf 87' lang='grc' dir='ltr'>πλῆθος</span> <span class='ocrx_word' id='word_1_341' title='bbox 749 2899 830 2967; x_wconf 80' lang='grc' dir='ltr'>τῷ</span> <span class='ocrx_word' id='word_1_342' title='bbox 881 2895 1195 2969; x_wconf 75' lang='grc' dir='ltr'>κηρύγματι</span> <span class='ocrx_word' id='word_1_343' title='bbox 1252 2893 1698 2970; x_wconf 88' lang='grc' dir='ltr'>προσεπορίζετο,</span> <span class='ocrx_word' id='word_1_344' title='bbox 1756 2895 1847 2949; x_wconf 85' lang='grc' dir='ltr'>καὶ</span> <span class='ocrx_word' id='word_1_345' title='bbox 1905 2897 2013 2950; x_wconf 80' lang='grc' dir='ltr'>τῶν</span> 
     </span>
    </p>
   </div>
   <div class='ocr_carea' id='block_1_46' title="bbox 354 2979 2010 3058">
    <p class='ocr_par' dir='ltr' id='par_1_46' title="bbox 354 2979 2010 3058">
     <span class='ocr_line' id='line_1_46' title="bbox 354 2979 2010 3058; baseline -0.002 -18"><span class='ocrx_word' id='word_1_346' title='bbox 354 2988 569 3040; x_wconf 77' lang='grc' dir='ltr'>πιστῶν</span> <span class='ocrx_word' id='word_1_347' title='bbox 602 2983 666 3038; x_wconf 83' lang='grc' dir='ltr'>τὸ</span> <span class='ocrx_word' id='word_1_348' title='bbox 693 2982 910 3054; x_wconf 86' lang='grc' dir='ltr'>πλῆθος</span> <span class='ocrx_word' id='word_1_349' title='bbox 939 2982 1170 3058; x_wconf 82' lang='grc' dir='ltr'>πελάγει</span> <span class='ocrx_word' id='word_1_350' title='bbox 1202 2982 1500 3054; x_wconf 82' lang='grc' dir='ltr'>ἐνάμιλλον</span> <span class='ocrx_word' id='word_1_351' title='bbox 1551 2979 1660 3052; x_wconf 76' lang='grc' dir='ltr'>ἤδη</span> <span class='ocrx_word' id='word_1_352' title='bbox 1720 2980 2010 3046; x_wconf 83' lang='grc' dir='ltr'>καθίστατο</span> 
     </span>
    </p>
   </div>
   <div class='ocr_carea' id='block_1_47' title="bbox 347 3070 2014 3150">
    <p class='ocr_par' dir='ltr' id='par_1_47' title="bbox 347 3070 2014 3150">
     <span class='ocr_line' id='line_1_47' title="bbox 347 3070 2014 3150; baseline -0.002 -19"><span class='ocrx_word' id='word_1_353' title='bbox 347 3078 418 3148; x_wconf 77' lang='grc' dir='ltr'>τῇ</span> <span class='ocrx_word' id='word_1_354' title='bbox 442 3075 566 3138; x_wconf 80' lang='grc' dir='ltr'>καθ’</span> <span class='ocrx_word' id='word_1_355' title='bbox 619 3073 845 3138; x_wconf 73' lang='grc' dir='ltr'>ὲκάστθν</span> <span class='ocrx_word' id='word_1_356' title='bbox 894 3070 1154 3128; x_wconf 80' lang='grc' dir='ltr'>ἐπιδόσει·</span> <span class='ocrx_word' id='word_1_357' title='bbox 1215 3073 1466 3140; x_wconf 65' lang='grc' dir='ltr'>ἀναστὰς,</span> <span class='ocrx_word' id='word_1_358' title='bbox 1521 3072 1706 3150; x_wconf 77' lang='grc' dir='ltr'>φησὶν,</span> <span class='ocrx_word' id='word_1_359' title='bbox 1759 3073 1787 3126; x_wconf 88' lang='grc' dir='ltr'>ὁ</span> <span class='ocrx_word' id='word_1_360' title='bbox 1821 3073 2014 3148; x_wconf 83' lang='grc' dir='ltr'>ἀρχιε-</span> 
     </span>
    </p>
   </div>
   <div class='ocr_carea' id='block_1_48' title="bbox 351 3159 2014 3239">
    <p class='ocr_par' dir='ltr' id='par_1_48' title="bbox 351 3159 2014 3239">
     <span class='ocr_line' id='line_1_48' title="bbox 351 3159 2014 3239; baseline -0.001 -21"><span class='ocrx_word' id='word_1_361' title='bbox 351 3164 497 3239; x_wconf 83' lang='grc' dir='ltr'>ριύς·</span> <span class='ocrx_word' id='word_1_362' title='bbox 559 3162 811 3219; x_wconf 82' lang='grc' dir='ltr'>τουτέστι</span> <span class='ocrx_word' id='word_1_363' title='bbox 856 3159 1149 3236; x_wconf 75' lang='grc' dir='ltr'>διεγερθεὶς</span> <span class='ocrx_word' id='word_1_364' title='bbox 1185 3205 1198 3230; x_wconf 86' lang='grc'>,</span> <span class='ocrx_word' id='word_1_365' title='bbox 1249 3163 1490 3234; x_wconf 81' lang='grc' dir='ltr'>κινηθεὶς</span> <span class='ocrx_word' id='word_1_366' title='bbox 1566 3161 1652 3216; x_wconf 82' lang='grc' dir='ltr'>ἐπὶ</span> <span class='ocrx_word' id='word_1_367' title='bbox 1703 3167 1822 3226; x_wconf 84' lang='grc' dir='ltr'>τοῖς</span> <span class='ocrx_word' id='word_1_368' title='bbox 1866 3183 2014 3238; x_wconf 86' lang='grc' dir='ltr'>γινο-</span> 
     </span>
    </p>
   </div>
   <div class='ocr_carea' id='block_1_49' title="bbox 354 3249 2014 3329">
    <p class='ocr_par' dir='ltr' id='par_1_49' title="bbox 354 3249 2014 3329">
     <span class='ocr_line' id='line_1_49' title="bbox 354 3249 2014 3329; baseline -0.001 -21"><span class='ocrx_word' id='word_1_369' title='bbox 354 3255 564 3327; x_wconf 77' lang='grc' dir='ltr'>μένοις,</span> <span class='ocrx_word' id='word_1_370' title='bbox 595 3249 961 3329; x_wconf 74' lang='grc' dir='ltr'>σφοδρότερον</span> <span class='ocrx_word' id='word_1_371' title='bbox 1022 3250 1206 3314; x_wconf 79' lang='grc' dir='ltr'>αύτοῖς</span> <span class='ocrx_word' id='word_1_372' title='bbox 1264 3251 1583 3321; x_wconf 75' lang='grc' dir='ltr'>ἐπιτίθεται,</span> <span class='ocrx_word' id='word_1_373' title='bbox 1620 3251 1858 3324; x_wconf 87' lang='grc' dir='ltr'>μάλιστα</span> <span class='ocrx_word' id='word_1_374' title='bbox 1907 3256 2014 3306; x_wconf 81' lang='grc' dir='ltr'>τῶν</span> 
     </span>
    </p>
   </div>
   <div class='ocr_carea' id='block_1_50' title="bbox 353 3340 2081 3454">
    <p class='ocr_par' dir='ltr' id='par_1_50' title="bbox 353 3340 2081 3454">
     <span class='ocr_line' id='line_1_50' title="bbox 353 3340 2081 3454; baseline -0.001 -55"><span class='ocrx_word' id='word_1_375' title='bbox 353 3340 741 3400; x_wconf 75' lang='grc' dir='ltr'>Σαδδουκαίων</span> <span class='ocrx_word' id='word_1_376' title='bbox 821 3341 983 3396; x_wconf 79' lang='grc' dir='ltr'>αὐτὸν</span> <span class='ocrx_word' id='word_1_377' title='bbox 1059 3341 1547 3418; x_wconf 82' lang='grc' dir='ltr'>ἀπανθρωπότερον</span> <span class='ocrx_word' id='word_1_378' title='bbox 1627 3341 1954 3398; x_wconf 81' lang='grc' dir='ltr'>ἐκκαιόντων</span> <span class='ocrx_word' id='word_1_379' title='bbox 1989 3385 2004 3410; x_wconf 87' lang='grc'>,</span> <span class='ocrx_word' id='word_1_380' title='bbox 2037 3388 2081 3454; x_wconf 76' lang='lat' dir='ltr'>C</span> 
     </span>
     <span class='ocr_line' id='line_1_51' title="bbox 353 3431 1959 3454; baseline -0.001 0"><span class='ocrx_word' id='word_1_381' title='bbox 353 3434 367 3454; x_wconf 78' lang='grc' dir='ltr'>ι</span> <span class='ocrx_word' id='word_1_382' title='bbox 434 3435 446 3452; x_wconf 90' lang='grc' dir='ltr'><strong><em>Ι</em></strong></span> <span class='ocrx_word' id='word_1_383' title='bbox 696 3436 749 3454; x_wconf 32' lang='grc' dir='ltr'>κ’</span> <span class='ocrx_word' id='word_1_384' title='bbox 841 3452 890 3454; x_wconf 44' lang='lat'>,_</span> <span class='ocrx_word' id='word_1_385' title='bbox 956 3453 985 3454; x_wconf 29' lang='grc' dir='ltr'>γέ</span> <span class='ocrx_word' id='word_1_386' title='bbox 1062 3431 1102 3454; x_wconf 57' lang='lat' dir='ltr'>,l</span> <span class='ocrx_word' id='word_1_387' title='bbox 1264 3432 1414 3454; x_wconf 41' lang='lat' dir='ltr'>,,’,A~</span> <span class='ocrx_word' id='word_1_388' title='bbox 1539 3431 1557 3454; x_wconf 32' lang='grc' dir='ltr'>’γ</span> <span class='ocrx_word' id='word_1_389' title='bbox 1602 3452 1660 3454; x_wconf 29' lang='grc' dir='ltr'>,γέ</span> <span class='ocrx_word' id='word_1_390' title='bbox 1714 3431 1727 3454; x_wconf 62' lang='grc' dir='ltr'>λ</span> <span class='ocrx_word' id='word_1_391' title='bbox 1774 3453 1779 3454; x_wconf 59' lang='lat'><strong><em>,</em></strong></span> <span class='ocrx_word' id='word_1_392' title='bbox 1922 3433 1959 3454; x_wconf 56' lang='lat'>,\</span> 
     </span>
    </p>
   </div>
   <div class='ocr_carea' id='block_1_51' title="bbox 344 3431 2006 3509">
    <p class='ocr_par' dir='ltr' id='par_1_51' title="bbox 344 3431 2006 3509">
     <span class='ocr_line' id='line_1_52' title="bbox 344 3431 2006 3509; baseline -0.001 -20"><span class='ocrx_word' id='word_1_393' title='bbox 344 3434 606 3509; x_wconf 78' lang='grc' dir='ltr'>ὁρώντων</span> <span class='ocrx_word' id='word_1_394' title='bbox 833 3431 1172 3508; x_wconf 78' lang='grc' dir='ltr'>στυγουμένῃ</span> <span class='ocrx_word' id='word_1_395' title='bbox 1256 3432 1442 3496; x_wconf 79' lang='grc' dir='ltr'>αὐτοῖς</span> <span class='ocrx_word' id='word_1_396' title='bbox 1529 3431 1836 3502; x_wconf 84' lang='grc' dir='ltr'>ἀναστάσει,</span> <span class='ocrx_word' id='word_1_397' title='bbox 1878 3433 2006 3494; x_wconf 82' lang='grc' dir='ltr'>τοὺς</span> 
     </span>
    </p>
   </div>
   <div class='ocr_carea' id='block_1_52' title="bbox 342 3521 2004 3598">
    <p class='ocr_par' dir='ltr' id='par_1_52' title="bbox 342 3521 2004 3598">
     <span class='ocr_line' id='line_1_53' title="bbox 342 3521 2004 3598; baseline 0 -20"><span class='ocrx_word' id='word_1_398' title='bbox 342 3521 692 3585; x_wconf 80' lang='grc' dir='ltr'>ἀποστόλους</span> <span class='ocrx_word' id='word_1_399' title='bbox 752 3522 818 3576; x_wconf 85' lang='grc' dir='ltr'>τὸ</span> <span class='ocrx_word' id='word_1_400' title='bbox 867 3527 970 3576; x_wconf 78' lang='grc' dir='ltr'>πᾶν</span> <span class='ocrx_word' id='word_1_401' title='bbox 1002 3523 1426 3598; x_wconf 77' lang='grc' dir='ltr'>κατορθοῦντας.</span> <span class='ocrx_word' id='word_1_402' title='bbox 1463 3523 1695 3596; x_wconf 87' lang='grc' dir='ltr'>Χριστὸν</span> <span class='ocrx_word' id='word_1_403' title='bbox 1723 3524 1829 3597; x_wconf 80' lang='grc' dir='ltr'>γὰρ</span> <span class='ocrx_word' id='word_1_404' title='bbox 1877 3523 2004 3578; x_wconf 85' lang='grc' dir='ltr'>ἀνα-</span> 
     </span>
    </p>
   </div>
   <div class='ocr_carea' id='block_1_53' title="bbox 345 3611 2010 3690">
    <p class='ocr_par' dir='ltr' id='par_1_53' title="bbox 345 3611 2010 3690">
     <span class='ocr_line' id='line_1_54' title="bbox 345 3611 2010 3690; baseline 0 -21"><span class='ocrx_word' id='word_1_405' title='bbox 345 3614 544 3669; x_wconf 79' lang='grc' dir='ltr'>στάντα</span> <span class='ocrx_word' id='word_1_406' title='bbox 599 3613 988 3690; x_wconf 68' lang='grc' dir='ltr'>κηρύσσοντες,</span> <span class='ocrx_word' id='word_1_407' title='bbox 1035 3612 1238 3684; x_wconf 82' lang='grc' dir='ltr'>ταύτης</span> <span class='ocrx_word' id='word_1_408' title='bbox 1291 3613 1368 3676; x_wconf 80' lang='grc' dir='ltr'>εἰς</span> <span class='ocrx_word' id='word_1_409' title='bbox 1427 3611 1606 3670; x_wconf 89' lang='grc' dir='ltr'>πίστιν</span> <span class='ocrx_word' id='word_1_410' title='bbox 1647 3635 1714 3683; x_wconf 90' lang='grc' dir='ltr'>τη</span> <span class='ocrx_word' id='word_1_411' title='bbox 1746 3618 1843 3669; x_wconf 77' lang='grc' dir='ltr'>τοῦ</span> <span class='ocrx_word' id='word_1_412' title='bbox 1892 3615 2010 3670; x_wconf 88' lang='grc' dir='ltr'>ἀνα-</span> 
     </span>
    </p>
   </div>
   <div class='ocr_carea' id='block_1_54' title="bbox 352 3703 2010 3781">
    <p class='ocr_par' dir='ltr' id='par_1_54' title="bbox 352 3703 2010 3781">
     <span class='ocr_line' id='line_1_55' title="bbox 352 3703 2010 3781; baseline 0.001 -23"><span class='ocrx_word' id='word_1_413' title='bbox 352 3705 581 3763; x_wconf 74' lang='grc' dir='ltr'>στάντος</span> <span class='ocrx_word' id='word_1_414' title='bbox 602 3703 831 3778; x_wconf 73' lang='grc' dir='ltr'>ὀνόματι</span> <span class='ocrx_word' id='word_1_415' title='bbox 876 3707 1414 3779; x_wconf 85' lang='grc' dir='ltr'>θαυματουργοῦντες</span> <span class='ocrx_word' id='word_1_416' title='bbox 1472 3703 1851 3781; x_wconf 75' lang='grc' dir='ltr'>ἀπεφαίνοντο,</span> <span class='ocrx_word' id='word_1_417' title='bbox 1911 3703 2010 3760; x_wconf 86' lang='grc' dir='ltr'>ούκ</span> 
     </span>
    </p>
   </div>
   <div class='ocr_carea' id='block_1_55' title="bbox 360 3788 2006 3870">
    <p class='ocr_par' dir='ltr' id='par_1_55' title="bbox 360 3788 2006 3870">
     <span class='ocr_line' id='line_1_56' title="bbox 360 3788 2006 3870; baseline 0.002 -24"><span class='ocrx_word' id='word_1_418' title='bbox 360 3791 428 3846; x_wconf 75' lang='grc' dir='ltr'>ἂν</span> <span class='ocrx_word' id='word_1_419' title='bbox 455 3795 615 3846; x_wconf 74' lang='grc' dir='ltr'>τοῦτο</span> <span class='ocrx_word' id='word_1_420' title='bbox 647 3788 936 3866; x_wconf 79' lang='grc' dir='ltr'>συμϐαῖνον</span> <span class='ocrx_word' id='word_1_421' title='bbox 971 3791 1087 3870; x_wconf 78' lang='grc' dir='ltr'>εἷ’γε</span> <span class='ocrx_word' id='word_1_422' title='bbox 1144 3790 1340 3869; x_wconf 77' lang='grc' dir='ltr'>ψεῦδος</span> <span class='ocrx_word' id='word_1_423' title='bbox 1395 3793 1459 3849; x_wconf 89' lang='grc' dir='ltr'>τὸ</span> <span class='ocrx_word' id='word_1_424' title='bbox 1515 3798 1743 3869; x_wconf 77' lang='grc' dir='ltr'>πρᾶγμα</span> <span class='ocrx_word' id='word_1_425' title='bbox 1787 3793 2006 3870; x_wconf 83' lang='grc' dir='ltr'>ὑπέτρε-</span> 
     </span>
    </p>
   </div>
   <div class='ocr_carea' id='block_1_56' title="bbox 365 3877 2012 3960">
    <p class='ocr_par' dir='ltr' id='par_1_56' title="bbox 365 3877 2012 3960">
     <span class='ocr_line' id='line_1_57' title="bbox 365 3877 2012 3960; baseline 0.002 -24"><span class='ocrx_word' id='word_1_426' title='bbox 365 3899 484 3956; x_wconf 83' lang='grc' dir='ltr'>χεν.</span> <span class='ocrx_word' id='word_1_427' title='bbox 519 3877 698 3946; x_wconf 63' lang='grc' dir='ltr'>Οὕτως</span> <span class='ocrx_word' id='word_1_428' title='bbox 725 3884 817 3938; x_wconf 78' lang='grc' dir='ltr'>οὗν</span> <span class='ocrx_word' id='word_1_429' title='bbox 863 3878 1325 3959; x_wconf 64' lang='grc' dir='ltr'>ἕκτεθηριωμένοι</span> <span class='ocrx_word' id='word_1_430' title='bbox 1375 3883 1463 3938; x_wconf 86' lang='grc' dir='ltr'>καὶ</span> <span class='ocrx_word' id='word_1_431' title='bbox 1521 3884 1657 3960; x_wconf 87' lang='grc' dir='ltr'>πρὸς</span> <span class='ocrx_word' id='word_1_432' title='bbox 1709 3884 1874 3960; x_wconf 80' lang='grc' dir='ltr'>φόνον</span> <span class='ocrx_word' id='word_1_433' title='bbox 1903 3888 2012 3939; x_wconf 81' lang='grc' dir='ltr'>τῶν</span> 
     </span>
    </p>
   </div>
   <div class='ocr_carea' id='block_1_57' title="bbox 355 3970 2009 4053">
    <p class='ocr_par' dir='ltr' id='par_1_57' title="bbox 355 3970 2009 4053">
     <span class='ocr_line' id='line_1_58' title="bbox 355 3970 2009 4053; baseline 0.002 -27"><span class='ocrx_word' id='word_1_434' title='bbox 355 3970 678 4027; x_wconf 80' lang='grc' dir='ltr'>ἀποστόλων</span> <span class='ocrx_word' id='word_1_435' title='bbox 732 3974 1290 4048; x_wconf 83' lang='grc' dir='ltr'>παρασκευαζόμενοι,</span> <span class='ocrx_word' id='word_1_436' title='bbox 1370 3971 1504 4035; x_wconf 90' lang='grc' dir='ltr'>τέως</span> <span class='ocrx_word' id='word_1_437' title='bbox 1588 3973 1682 4046; x_wconf 75' lang='grc' dir='ltr'>μὲν</span> <span class='ocrx_word' id='word_1_438' title='bbox 1759 3974 2009 4053; x_wconf 75' lang='grc' dir='ltr'>φυλακῆς</span> 
     </span>
    </p>
   </div>
   <div class='ocr_carea' id='block_1_58' title="bbox 346 4060 2009 4140">
    <p class='ocr_par' dir='ltr' id='par_1_58' title="bbox 346 4060 2009 4140">
     <span class='ocr_line' id='line_1_59' title="bbox 346 4060 2009 4140; baseline 0.001 -23"><span class='ocrx_word' id='word_1_439' title='bbox 346 4060 622 4140; x_wconf 64' lang='grc' dir='ltr'>ἀσφαλείᾳ</span> <span class='ocrx_word' id='word_1_440' title='bbox 703 4061 1041 4138; x_wconf 83' lang='grc' dir='ltr'>συνέχουσιν,</span> <span class='ocrx_word' id='word_1_441' title='bbox 1127 4061 1189 4117; x_wconf 83' lang='grc' dir='ltr'>ού</span> <span class='ocrx_word' id='word_1_442' title='bbox 1273 4061 1543 4138; x_wconf 76' lang='grc' dir='ltr'>παρευθὺς</span> <span class='ocrx_word' id='word_1_443' title='bbox 1593 4062 1878 4139; x_wconf 76' lang='grc' dir='ltr'>ἀγαγόντες</span> <span class='ocrx_word' id='word_1_444' title='bbox 1933 4063 2009 4126; x_wconf 83' lang='grc' dir='ltr'>εἷς</span> 
     </span>
    </p>
   </div>
   <div class='ocr_carea' id='block_1_59' title="bbox 341 4149 2010 4230">
    <p class='ocr_par' dir='ltr' id='par_1_59' title="bbox 341 4149 2010 4230">
     <span class='ocr_line' id='line_1_60' title="bbox 341 4149 2010 4230; baseline 0.001 -22"><span class='ocrx_word' id='word_1_445' title='bbox 341 4151 550 4228; x_wconf 75' lang='grc' dir='ltr'>κρίσιν,</span> <span class='ocrx_word' id='word_1_446' title='bbox 614 4151 770 4207; x_wconf 75' lang='grc' dir='ltr'>αὐτοὶ</span> <span class='ocrx_word' id='word_1_447' title='bbox 823 4149 879 4208; x_wconf 71' lang='grc' dir='ltr'>δὲ</span> <span class='ocrx_word' id='word_1_448' title='bbox 902 4158 982 4226; x_wconf 82' lang='grc' dir='ltr'>τῷ</span> <span class='ocrx_word' id='word_1_449' title='bbox 1040 4149 1315 4227; x_wconf 74' lang='grc' dir='ltr'>ἐνδοσίμῳ</span> <span class='ocrx_word' id='word_1_450' title='bbox 1370 4154 1469 4222; x_wconf 86' lang='grc' dir='ltr'>τήν</span> <span class='ocrx_word' id='word_1_451' title='bbox 1533 4153 1864 4230; x_wconf 81' lang='grc' dir='ltr'>μετάγνωσιν</span> <span class='ocrx_word' id='word_1_452' title='bbox 1917 4152 2010 4209; x_wconf 83' lang='grc' dir='ltr'>αύ-</span> 
     </span>
    </p>
   </div>
   <div class='ocr_carea' id='block_1_60' title="bbox 334 4239 2010 4319">
    <p class='ocr_par' dir='ltr' id='par_1_60' title="bbox 334 4239 2010 4319">
     <span class='ocr_line' id='line_1_61' title="bbox 334 4239 2010 4319; baseline 0 -21"><span class='ocrx_word' id='word_1_453' title='bbox 334 4248 465 4305; x_wconf 84' lang='grc' dir='ltr'>τοῖς</span> <span class='ocrx_word' id='word_1_454' title='bbox 508 4241 603 4297; x_wconf 67' lang='grc' dir='ltr'>διὰ</span> <span class='ocrx_word' id='word_1_455' title='bbox 630 4246 730 4298; x_wconf 77' lang='grc' dir='ltr'>τοῦ</span> <span class='ocrx_word' id='word_1_456' title='bbox 783 4239 936 4305; x_wconf 85' lang='grc' dir='ltr'>δέους</span> <span class='ocrx_word' id='word_1_457' title='bbox 995 4249 1096 4313; x_wconf 87' lang='grc' dir='ltr'>τῆς</span> <span class='ocrx_word' id='word_1_458' title='bbox 1159 4243 1346 4319; x_wconf 74' lang='grc' dir='ltr'>είρκῆς</span> <span class='ocrx_word' id='word_1_459' title='bbox 1403 4243 1726 4319; x_wconf 86' lang='grc' dir='ltr'>πανούργως</span> <span class='ocrx_word' id='word_1_460' title='bbox 1790 4242 2010 4318; x_wconf 83' lang='grc' dir='ltr'>μαιευό-</span> 
     </span>
    </p>
   </div>
   <div class='ocr_carea' id='block_1_61' title="bbox 343 4329 2010 4407">
    <p class='ocr_par' dir='ltr' id='par_1_61' title="bbox 343 4329 2010 4407">
     <span class='ocr_line' id='line_1_62' title="bbox 343 4329 2010 4407; baseline 0.001 -21"><span class='ocrx_word' id='word_1_461' title='bbox 343 4353 529 4405; x_wconf 77' lang='grc' dir='ltr'>μενοι.</span> <span class='ocrx_word' id='word_1_462' title='bbox 600 4333 834 4390; x_wconf 86' lang='grc' dir='ltr'>Ἐκεῖνοι</span> <span class='ocrx_word' id='word_1_463' title='bbox 894 4333 991 4406; x_wconf 77' lang='grc' dir='ltr'>μὶν</span> <span class='ocrx_word' id='word_1_464' title='bbox 1034 4331 1129 4387; x_wconf 73' lang='grc' dir='ltr'>οὖν</span> <span class='ocrx_word' id='word_1_465' title='bbox 1184 4332 1378 4396; x_wconf 73' lang='grc' dir='ltr'>οὕτως.</span> <span class='ocrx_word' id='word_1_466' title='bbox 1431 4333 1560 4395; x_wconf 87' lang='grc' dir='ltr'>Θεὸς</span> <span class='ocrx_word' id='word_1_467' title='bbox 1584 4329 1640 4388; x_wconf 72' lang='grc' dir='ltr'>δὲ</span> <span class='ocrx_word' id='word_1_468' title='bbox 1669 4336 1738 4407; x_wconf 74' lang='grc' dir='ltr'>τῇ</span> <span class='ocrx_word' id='word_1_469' title='bbox 1799 4331 1887 4388; x_wconf 81' lang='grc' dir='ltr'>διὰ</span> <span class='ocrx_word' id='word_1_470' title='bbox 1910 4353 2010 4387; x_wconf 87' lang='grc' dir='ltr'>κα-</span> 
     </span>
    </p>
   </div>
   <div class='ocr_carea' id='block_1_62' title="bbox 341 4417 2011 4498">
    <p class='ocr_par' dir='ltr' id='par_1_62' title="bbox 341 4417 2011 4498">
     <span class='ocr_line' id='line_1_63' title="bbox 341 4417 2011 4498; baseline -0.001 -21"><span class='ocrx_word' id='word_1_471' title='bbox 341 4421 620 4498; x_wconf 83' lang='grc' dir='ltr'>κουργίαν</span> <span class='ocrx_word' id='word_1_472' title='bbox 648 4417 920 4496; x_wconf 77' lang='grc' dir='ltr'>ἀναϐολῇ,</span> <span class='ocrx_word' id='word_1_473' title='bbox 971 4420 1098 4485; x_wconf 71' lang='grc' dir='ltr'>τοὺς</span> <span class='ocrx_word' id='word_1_474' title='bbox 1161 4422 1255 4496; x_wconf 75' lang='grc' dir='ltr'>μὲν</span> <span class='ocrx_word' id='word_1_475' title='bbox 1313 4427 1392 4494; x_wconf 82' lang='grc' dir='ltr'>τῷ</span> <span class='ocrx_word' id='word_1_476' title='bbox 1421 4422 1496 4486; x_wconf 83' lang='grc' dir='ltr'>εἷς</span> <span class='ocrx_word' id='word_1_477' title='bbox 1534 4423 1708 4497; x_wconf 81' lang='grc' dir='ltr'>μάτην</span> <span class='ocrx_word' id='word_1_478' title='bbox 1766 4443 2011 4492; x_wconf 85' lang='grc' dir='ltr'>πεπονη-</span> 
     </span>
    </p>
   </div>
   <div class='ocr_carea' id='block_1_63' title="bbox 343 4509 2014 4592">
    <p class='ocr_par' dir='ltr' id='par_1_63' title="bbox 343 4509 2014 4592">
     <span class='ocr_line' id='line_1_64' title="bbox 343 4509 2014 4592; baseline -0.001 -26"><span class='ocrx_word' id='word_1_479' title='bbox 343 4517 579 4588; x_wconf 81' lang='grc' dir='ltr'>ρεῦσθαι</span> <span class='ocrx_word' id='word_1_480' title='bbox 671 4512 998 4592; x_wconf 75' lang='grc' dir='ltr'>κατῄσχυνε,</span> <span class='ocrx_word' id='word_1_481' title='bbox 1085 4513 1213 4576; x_wconf 79' lang='grc' dir='ltr'>τοὺς</span> <span class='ocrx_word' id='word_1_482' title='bbox 1291 4510 1640 4574; x_wconf 89' lang='grc' dir='ltr'>ἀποστόλους</span> <span class='ocrx_word' id='word_1_483' title='bbox 1695 4509 1754 4567; x_wconf 68' lang='grc' dir='ltr'>δὲ</span> <span class='ocrx_word' id='word_1_484' title='bbox 1798 4515 1867 4584; x_wconf 82' lang='grc' dir='ltr'>τῇ</span> <span class='ocrx_word' id='word_1_485' title='bbox 1925 4509 2014 4565; x_wconf 71' lang='grc' dir='ltr'>διὰ</span> 
     </span>
    </p>
   </div>
   <div class='ocr_carea' id='block_1_64' title="bbox 340 4599 2011 4679">
    <p class='ocr_par' dir='ltr' id='par_1_64' title="bbox 340 4599 2011 4679">
     <span class='ocr_line' id='line_1_65' title="bbox 340 4599 2011 4679; baseline -0.001 -23"><span class='ocrx_word' id='word_1_486' title='bbox 340 4602 504 4667; x_wconf 81' lang='grc' dir='ltr'>θείου</span> <span class='ocrx_word' id='word_1_487' title='bbox 567 4599 802 4677; x_wconf 86' lang='grc' dir='ltr'>ἀγγέλου</span> <span class='ocrx_word' id='word_1_488' title='bbox 858 4608 960 4672; x_wconf 89' lang='grc' dir='ltr'>τῆς</span> <span class='ocrx_word' id='word_1_489' title='bbox 1015 4600 1268 4679; x_wconf 79' lang='grc' dir='ltr'>φυλακῆς</span> <span class='ocrx_word' id='word_1_490' title='bbox 1325 4599 1532 4676; x_wconf 77' lang='grc' dir='ltr'>ἐκϐολῇ</span> <span class='ocrx_word' id='word_1_491' title='bbox 1596 4599 1808 4676; x_wconf 82' lang='grc' dir='ltr'>μᾶλλον</span> <span class='ocrx_word' id='word_1_492' title='bbox 1869 4600 2011 4657; x_wconf 76' lang='grc' dir='ltr'>ἐστε-</span> 
     </span>
    </p>
   </div>
   <div class='ocr_carea' id='block_1_65' title="bbox 346 4687 2016 4767">
    <p class='ocr_par' dir='ltr' id='par_1_65' title="bbox 346 4687 2016 4767">
     <span class='ocr_line' id='line_1_66' title="bbox 346 4687 2016 4767; baseline 0 -23"><span class='ocrx_word' id='word_1_493' title='bbox 346 4691 554 4767; x_wconf 76' lang='grc' dir='ltr'>ρέωσε,</span> <span class='ocrx_word' id='word_1_494' title='bbox 585 4689 679 4744; x_wconf 86' lang='grc' dir='ltr'>καὶ</span> <span class='ocrx_word' id='word_1_495' title='bbox 708 4687 742 4745; x_wconf 76' lang='grc' dir='ltr'>ἃ</span> <span class='ocrx_word' id='word_1_496' title='bbox 781 4691 893 4765; x_wconf 78' lang='grc' dir='ltr'>χρὴ</span> <span class='ocrx_word' id='word_1_497' title='bbox 944 4690 1037 4746; x_wconf 79' lang='grc' dir='ltr'>καὶ</span> <span class='ocrx_word' id='word_1_498' title='bbox 1098 4691 1224 4746; x_wconf 79' lang='grc' dir='ltr'>ὅποι</span> <span class='ocrx_word' id='word_1_499' title='bbox 1282 4694 1821 4767; x_wconf 79' lang='grc' dir='ltr'>προσκαρτεροῦντας</span> <span class='ocrx_word' id='word_1_500' title='bbox 1867 4689 2016 4763; x_wconf 78' lang='grc' dir='ltr'>ἐνερ-</span> 
     </span>
    </p>
   </div>
   <div class='ocr_carea' id='block_1_66' title="bbox 340 4766 2102 4858">
    <p class='ocr_par' dir='ltr' id='par_1_66' title="bbox 340 4766 2102 4858">
     <span class='ocr_line' id='line_1_67' title="bbox 340 4766 2102 4858; baseline -0.002 -24"><span class='ocrx_word' id='word_1_501' title='bbox 340 4766 492 4856; x_wconf 82' lang='grc' dir='ltr'>γεῖν,</span> <span class='ocrx_word' id='word_1_502' title='bbox 525 4777 818 4837; x_wconf 85' lang='grc' dir='ltr'>συνέτισεν.</span> <span class='ocrx_word' id='word_1_503' title='bbox 856 4778 1112 4858; x_wconf 81' lang='grc' dir='ltr'>Ἀγνοίας</span> <span class='ocrx_word' id='word_1_504' title='bbox 1171 4777 1229 4835; x_wconf 76' lang='grc' dir='ltr'>δὲ</span> <span class='ocrx_word' id='word_1_505' title='bbox 1282 4766 1386 4850; x_wconf 88' lang='grc' dir='ltr'>τῆς</span> <span class='ocrx_word' id='word_1_506' title='bbox 1443 4779 1744 4858; x_wconf 86' lang='grc' dir='ltr'>ἀγγελικῆς</span> <span class='ocrx_word' id='word_1_507' title='bbox 1800 4766 2102 4849; x_wconf 75' lang='grc' dir='ltr'>ἀντιλή-Ῑ)</span> 
     </span>
    </p>
   </div>
   <div class='ocr_carea' id='block_1_67' title="bbox 347 4865 2019 4944">
    <p class='ocr_par' dir='ltr' id='par_1_67' title="bbox 347 4865 2019 4944">
     <span class='ocr_line' id='line_1_68' title="bbox 347 4865 2019 4944; baseline -0.002 -19"><span class='ocrx_word' id='word_1_508' title='bbox 347 4873 508 4943; x_wconf 74' lang='grc' dir='ltr'>ψεως</span> <span class='ocrx_word' id='word_1_509' title='bbox 543 4867 675 4930; x_wconf 78' lang='grc' dir='ltr'>τοὺς</span> <span class='ocrx_word' id='word_1_510' title='bbox 710 4869 1040 4944; x_wconf 79' lang='grc' dir='ltr'>μιαιφόνους</span> <span class='ocrx_word' id='word_1_511' title='bbox 1106 4865 1545 4942; x_wconf 77' lang='grc' dir='ltr'>μεσολαϐούσης,</span> <span class='ocrx_word' id='word_1_512' title='bbox 1576 4872 1695 4925; x_wconf 84' lang='grc' dir='ltr'>καθ’</span> <span class='ocrx_word' id='word_1_513' title='bbox 1723 4870 1782 4925; x_wconf 79' lang='grc' dir='ltr'>ὃν</span> <span class='ocrx_word' id='word_1_514' title='bbox 1832 4868 2019 4942; x_wconf 87' lang='grc' dir='ltr'>καιρὸν</span> 
     </span>
    </p>
   </div>
   <div class='ocr_carea' id='block_1_68' title="bbox 347 4953 2021 5034">
    <p class='ocr_par' dir='ltr' id='par_1_68' title="bbox 347 4953 2021 5034">
     <span class='ocr_line' id='line_1_69' title="bbox 347 4953 2021 5034; baseline -0.001 -20"><span class='ocrx_word' id='word_1_515' title='bbox 347 4953 697 5014; x_wconf 71' lang='grc' dir='ltr'>ανεὸάλοντο</span> <span class='ocrx_word' id='word_1_516' title='bbox 772 4957 835 5013; x_wconf 81' lang='grc' dir='ltr'>τὸ</span> <span class='ocrx_word' id='word_1_517' title='bbox 910 4958 1036 5033; x_wconf 84' lang='grc' dir='ltr'>τρὸς</span> <span class='ocrx_word' id='word_1_518' title='bbox 1091 4957 1267 5034; x_wconf 87' lang='grc' dir='ltr'>κρίσιν</span> <span class='ocrx_word' id='word_1_519' title='bbox 1340 4959 1468 5022; x_wconf 77' lang='grc' dir='ltr'>τοὺς</span> <span class='ocrx_word' id='word_1_520' title='bbox 1516 4957 1858 5021; x_wconf 86' lang='grc' dir='ltr'>ἀποστόλους</span> <span class='ocrx_word' id='word_1_521' title='bbox 1916 4979 2021 5013; x_wconf 81' lang='grc' dir='ltr'>πα-</span> 
     </span>
    </p>
   </div>
   <div class='ocr_carea' id='block_1_69' title="bbox 352 5044 2022 5126">
    <p class='ocr_par' dir='ltr' id='par_1_69' title="bbox 352 5044 2022 5126">
     <span class='ocr_line' id='line_1_70' title="bbox 352 5044 2022 5126; baseline -0.001 -23"><span class='ocrx_word' id='word_1_522' title='bbox 352 5054 661 5124; x_wconf 75' lang='grc' dir='ltr'>ραστῆσαι,</span> <span class='ocrx_word' id='word_1_523' title='bbox 687 5048 789 5102; x_wconf 86' lang='grc' dir='ltr'>ούκ</span> <span class='ocrx_word' id='word_1_524' title='bbox 837 5045 976 5104; x_wconf 69' lang='grc' dir='ltr'>ἐλέει</span> <span class='ocrx_word' id='word_1_525' title='bbox 1025 5051 1166 5121; x_wconf 82' lang='grc' dir='ltr'>(πῶς</span> <span class='ocrx_word' id='word_1_526' title='bbox 1198 5049 1306 5123; x_wconf 79' lang='grc' dir='ltr'>γὰρ</span> <span class='ocrx_word' id='word_1_527' title='bbox 1337 5049 1388 5104; x_wconf 74' lang='grc' dir='ltr'>οἱ</span> <span class='ocrx_word' id='word_1_528' title='bbox 1419 5047 1610 5104; x_wconf 83' lang='grc' dir='ltr'>πλεῖον</span> <span class='ocrx_word' id='word_1_529' title='bbox 1662 5044 1836 5126; x_wconf 74' lang='grc' dir='ltr'>ὄφεων</span> <span class='ocrx_word' id='word_1_530' title='bbox 1885 5048 2022 5124; x_wconf 83' lang='grc' dir='ltr'>πρὸς</span> 
     </span>
    </p>
   </div>
   <div class='ocr_carea' id='block_1_70' title="bbox 349 5136 2022 5216">
    <p class='ocr_par' dir='ltr' id='par_1_70' title="bbox 349 5136 2022 5216">
     <span class='ocr_line' id='line_1_71' title="bbox 349 5136 2022 5216; baseline -0.002 -22"><span class='ocrx_word' id='word_1_531' title='bbox 349 5138 535 5212; x_wconf 76' lang='grc' dir='ltr'>ὀργῆν</span> <span class='ocrx_word' id='word_1_532' title='bbox 607 5136 1104 5216; x_wconf 70' lang='grc' dir='ltr'>ἀφωρμημένοις),</span> <span class='ocrx_word' id='word_1_533' title='bbox 1162 5136 1290 5195; x_wconf 88' lang='grc' dir='ltr'>ἀλλ’</span> <span class='ocrx_word' id='word_1_534' title='bbox 1345 5137 1436 5193; x_wconf 74' lang='grc' dir='ltr'>ἰνα</span> <span class='ocrx_word' id='word_1_535' title='bbox 1493 5142 1710 5213; x_wconf 82' lang='grc' dir='ltr'>πρῶτον</span> <span class='ocrx_word' id='word_1_536' title='bbox 1765 5140 1860 5212; x_wconf 76' lang='grc' dir='ltr'>μὲν</span> <span class='ocrx_word' id='word_1_537' title='bbox 1891 5139 2022 5200; x_wconf 80' lang='grc' dir='ltr'>τοὺς</span> 
     </span>
    </p>
   </div>
   <div class='ocr_carea' id='block_1_71' title="bbox 355 5227 2026 5305">
    <p class='ocr_par' dir='ltr' id='par_1_71' title="bbox 355 5227 2026 5305">
     <span class='ocr_line' id='line_1_72' title="bbox 355 5227 2026 5305; baseline -0.001 -20"><span class='ocrx_word' id='word_1_538' title='bbox 355 5229 653 5300; x_wconf 78' lang='grc' dir='ltr'>οἰηθέντας</span> <span class='ocrx_word' id='word_1_539' title='bbox 683 5230 747 5284; x_wconf 85' lang='grc' dir='ltr'>τὸ</span> <span class='ocrx_word' id='word_1_540' title='bbox 777 5230 980 5285; x_wconf 69' lang='grc' dir='ltr'>ἑαυτῶν</span> <span class='ocrx_word' id='word_1_541' title='bbox 1016 5227 1282 5305; x_wconf 85' lang='grc' dir='ltr'>βούλημα</span> <span class='ocrx_word' id='word_1_542' title='bbox 1311 5227 1402 5284; x_wconf 74' lang='grc' dir='ltr'>διὰ</span> <span class='ocrx_word' id='word_1_543' title='bbox 1457 5236 1557 5300; x_wconf 78' lang='grc' dir='ltr'>τῆς</span> <span class='ocrx_word' id='word_1_544' title='bbox 1604 5235 1851 5305; x_wconf 80' lang='grc' dir='ltr'>κατοχῆς</span> <span class='ocrx_word' id='word_1_545' title='bbox 1886 5228 2026 5284; x_wconf 80' lang='grc' dir='ltr'>ἐκτε-</span> 
     </span>
    </p>
   </div>
   <div class='ocr_carea' id='block_1_72' title="bbox 348 5318 2022 5397">
    <p class='ocr_par' dir='ltr' id='par_1_72' title="bbox 348 5318 2022 5397">
     <span class='ocr_line' id='line_1_73' title="bbox 348 5318 2022 5397; baseline -0.001 -22"><span class='ocrx_word' id='word_1_546' title='bbox 348 5319 502 5387; x_wconf 79' lang='grc' dir='ltr'>λεῖν,</span> <span class='ocrx_word' id='word_1_547' title='bbox 534 5319 628 5374; x_wconf 79' lang='grc' dir='ltr'>καὶ</span> <span class='ocrx_word' id='word_1_548' title='bbox 660 5318 841 5392; x_wconf 87' lang='grc' dir='ltr'>τούτῳ</span> <span class='ocrx_word' id='word_1_549' title='bbox 870 5319 1263 5397; x_wconf 69' lang='grc' dir='ltr'>φραξαμένους,</span> <span class='ocrx_word' id='word_1_550' title='bbox 1297 5319 1412 5375; x_wconf 76' lang='grc' dir='ltr'>εἶτα</span> <span class='ocrx_word' id='word_1_551' title='bbox 1471 5320 1857 5395; x_wconf 78' lang='grc' dir='ltr'>ἡστοχηκότας</span> <span class='ocrx_word' id='word_1_552' title='bbox 1914 5321 2022 5374; x_wconf 81' lang='grc' dir='ltr'>τῶν</span> 
     </span>
    </p>
   </div>
   <div class='ocr_carea' id='block_1_73' title="bbox 353 5407 2026 5483">
    <p class='ocr_par' dir='ltr' id='par_1_73' title="bbox 353 5407 2026 5483">
     <span class='ocr_line' id='line_1_74' title="bbox 353 5407 2026 5483; baseline -0.001 -17"><span class='ocrx_word' id='word_1_553' title='bbox 353 5409 781 5482; x_wconf 80' lang='grc' dir='ltr'>μελετηθέντων</span> <span class='ocrx_word' id='word_1_554' title='bbox 844 5407 935 5465; x_wconf 74' lang='grc' dir='ltr'>διὰ</span> <span class='ocrx_word' id='word_1_555' title='bbox 999 5416 1100 5479; x_wconf 86' lang='grc' dir='ltr'>τῆς</span> <span class='ocrx_word' id='word_1_556' title='bbox 1147 5409 1292 5474; x_wconf 86' lang='grc' dir='ltr'>θείας</span> <span class='ocrx_word' id='word_1_557' title='bbox 1351 5408 1678 5479; x_wconf 74' lang='grc' dir='ltr'>ἐπισκοπῆς,</span> <span class='ocrx_word' id='word_1_558' title='bbox 1729 5411 1764 5478; x_wconf 80' lang='grc' dir='ltr'>ἡ</span> <span class='ocrx_word' id='word_1_559' title='bbox 1827 5407 2026 5483; x_wconf 86' lang='grc' dir='ltr'>ἀπορία</span> 
     </span>
    </p>
   </div>
   <div class='ocr_carea' id='block_1_74' title="bbox 356 5495 2026 5576">
    <p class='ocr_par' dir='ltr' id='par_1_74' title="bbox 356 5495 2026 5576">
     <span class='ocr_line' id='line_1_75' title="bbox 356 5495 2026 5576; baseline -0.002 -19"><span class='ocrx_word' id='word_1_560' title='bbox 356 5505 476 5557; x_wconf 76' lang='grc' dir='ltr'>τῶν</span> <span class='ocrx_word' id='word_1_561' title='bbox 513 5495 966 5576; x_wconf 76' lang='grc' dir='ltr'>βεϐουλευμένων</span> <span class='ocrx_word' id='word_1_562' title='bbox 1015 5497 1300 5572; x_wconf 80' lang='grc' dir='ltr'>παιδεύσῃ,</span> <span class='ocrx_word' id='word_1_563' title='bbox 1335 5499 1479 5564; x_wconf 89' lang='grc' dir='ltr'>θείαν</span> <span class='ocrx_word' id='word_1_564' title='bbox 1539 5500 1678 5554; x_wconf 83' lang='grc' dir='ltr'>εἶναι</span> <span class='ocrx_word' id='word_1_565' title='bbox 1733 5500 1832 5567; x_wconf 77' lang='grc' dir='ltr'>τήν</span> <span class='ocrx_word' id='word_1_566' title='bbox 1867 5495 2026 5554; x_wconf 88' lang='grc' dir='ltr'>δύνα-</span> 
     </span>
    </p>
   </div>
   <div class='ocr_carea' id='block_1_75' title="bbox 355 5587 2027 5667">
    <p class='ocr_par' dir='ltr' id='par_1_75' title="bbox 355 5587 2027 5667">
     <span class='ocr_line' id='line_1_76' title="bbox 355 5587 2027 5667; baseline -0.001 -22"><span class='ocrx_word' id='word_1_567' title='bbox 355 5612 478 5662; x_wconf 89' lang='grc' dir='ltr'>μιν.</span> <span class='ocrx_word' id='word_1_568' title='bbox 503 5591 563 5649; x_wconf 84' lang='grc' dir='ltr'><strong><em>Ἠ</em></strong></span> <span class='ocrx_word' id='word_1_569' title='bbox 613 5590 722 5667; x_wconf 76' lang='grc' dir='ltr'>γὰρ</span> <span class='ocrx_word' id='word_1_570' title='bbox 788 5590 894 5645; x_wconf 86' lang='grc' dir='ltr'>ὑπὸ</span> <span class='ocrx_word' id='word_1_571' title='bbox 951 5592 1053 5644; x_wconf 76' lang='grc' dir='ltr'>τοῦ</span> <span class='ocrx_word' id='word_1_572' title='bbox 1108 5587 1345 5663; x_wconf 85' lang='grc' dir='ltr'>ἀγγέλου</span> <span class='ocrx_word' id='word_1_573' title='bbox 1397 5596 1499 5659; x_wconf 86' lang='grc' dir='ltr'>τῆς</span> <span class='ocrx_word' id='word_1_574' title='bbox 1561 5588 1812 5665; x_wconf 74' lang='grc' dir='ltr'>φυλακῆς</span> <span class='ocrx_word' id='word_1_575' title='bbox 1874 5587 2027 5658; x_wconf 80' lang='grc' dir='ltr'>ὑπεξ-</span> 
     </span>
    </p>
   </div>
   <div class='ocr_carea' id='block_1_76' title="bbox 351 5677 2028 5758">
    <p class='ocr_par' dir='ltr' id='par_1_76' title="bbox 351 5677 2028 5758">
     <span class='ocr_line' id='line_1_77' title="bbox 351 5677 2028 5758; baseline -0.004 -21"><span class='ocrx_word' id='word_1_576' title='bbox 351 5682 569 5758; x_wconf 81' lang='grc' dir='ltr'>αγωγή,</span> <span class='ocrx_word' id='word_1_577' title='bbox 636 5685 759 5743; x_wconf 86' lang='grc' dir='ltr'>τοῖς</span> <span class='ocrx_word' id='word_1_578' title='bbox 825 5678 920 5752; x_wconf 80' lang='grc' dir='ltr'>μὶν</span> <span class='ocrx_word' id='word_1_579' title='bbox 963 5677 1304 5741; x_wconf 85' lang='grc' dir='ltr'>ἀποστόλοις</span> <span class='ocrx_word' id='word_1_580' title='bbox 1363 5677 1440 5743; x_wconf 80' lang='grc' dir='ltr'>είς</span> <span class='ocrx_word' id='word_1_581' title='bbox 1495 5677 1861 5753; x_wconf 85' lang='grc' dir='ltr'>παραμυθίαν,</span> <span class='ocrx_word' id='word_1_582' title='bbox 1911 5683 2028 5740; x_wconf 83' lang='grc' dir='ltr'>τοῖς</span> 
     </span>
    </p>
   </div>
   <div class='ocr_carea' id='block_1_77' title="bbox 350 5763 2030 5843">
    <p class='ocr_par' dir='ltr' id='par_1_77' title="bbox 350 5763 2030 5843">
     <span class='ocr_line' id='line_1_78' title="bbox 350 5763 2030 5843; baseline -0.005 -12"><span class='ocrx_word' id='word_1_583' title='bbox 350 5771 650 5836; x_wconf 81' lang='grc' dir='ltr'>Ἰουδαίοις</span> <span class='ocrx_word' id='word_1_584' title='bbox 685 5767 746 5827; x_wconf 72' lang='grc' dir='ltr'>δὶ</span> <span class='ocrx_word' id='word_1_585' title='bbox 777 5768 858 5833; x_wconf 87' lang='grc' dir='ltr'>είς</span> <span class='ocrx_word' id='word_1_586' title='bbox 888 5763 1159 5843; x_wconf 80' lang='grc' dir='ltr'>ὠφέλειαν</span> <span class='ocrx_word' id='word_1_587' title='bbox 1211 5767 1523 5833; x_wconf 87' lang='grc' dir='ltr'>καθίστατο.</span> <span class='ocrx_word' id='word_1_588' title='bbox 1585 5768 1786 5825; x_wconf 85' lang='grc' dir='ltr'>Ἕλαθε</span> <span class='ocrx_word' id='word_1_589' title='bbox 1818 5764 1876 5822; x_wconf 70' lang='grc' dir='ltr'>δὲ</span> <span class='ocrx_word' id='word_1_590' title='bbox 1902 5766 2030 5830; x_wconf 81' lang='grc' dir='ltr'>τοὺς</span> 
     </span>
    </p>
   </div>
   <div class='ocr_carea' id='block_1_78' title="bbox 349 5854 2030 5935">
    <p class='ocr_par' dir='ltr' id='par_1_78' title="bbox 349 5854 2030 5935">
     <span class='ocr_line' id='line_1_79' title="bbox 349 5854 2030 5935; baseline -0.013 -10"><span class='ocrx_word' id='word_1_591' title='bbox 349 5863 682 5934; x_wconf 82' lang='grc' dir='ltr'>Ἰουδαίους,</span> <span class='ocrx_word' id='word_1_592' title='bbox 744 5861 843 5916; x_wconf 85' lang='grc' dir='ltr'>ἳνα</span> <span class='ocrx_word' id='word_1_593' title='bbox 909 5861 1150 5935; x_wconf 82' lang='grc' dir='ltr'>πρῶτον,</span> <span class='ocrx_word' id='word_1_594' title='bbox 1206 5857 1280 5921; x_wconf 84' lang='grc' dir='ltr'>ὡς</span> <span class='ocrx_word' id='word_1_595' title='bbox 1331 5854 1486 5933; x_wconf 73' lang='grc' dir='ltr'>ἔφην,</span> <span class='ocrx_word' id='word_1_596' title='bbox 1541 5856 1595 5914; x_wconf 74' lang='grc' dir='ltr'>ἰν</span> <span class='ocrx_word' id='word_1_597' title='bbox 1625 5855 1825 5934; x_wconf 82' lang='grc' dir='ltr'>ἀπορίᾳ</span> <span class='ocrx_word' id='word_1_598' title='bbox 1875 5856 2030 5932; x_wconf 79' lang='grc' dir='ltr'>γενό-</span> 
     </span>
    </p>
   </div>
   <div class='ocr_carea' id='block_1_79' title="bbox 2120 2093 3775 2167">
    <p class='ocr_par' dir='ltr' id='par_1_79' title="bbox 2120 2093 3775 2167">
     <span class='ocr_line' id='line_1_80' title="bbox 2120 2093 3775 2167; baseline 0.006 -25"><span class='ocrx_word' id='word_1_599' title='bbox 2120 2116 2148 2143; x_wconf 87' lang='grc'>‹‹</span> <span class='ocrx_word' id='word_1_600' title='bbox 2192 2093 2500 2149; x_wconf 85' lang='lat' dir='ltr'>audissent</span> <span class='ocrx_word' id='word_1_601' title='bbox 2564 2095 2671 2148; x_wconf 89' lang='lat' dir='ltr'>hos</span> <span class='ocrx_word' id='word_1_602' title='bbox 2730 2110 3040 2150; x_wconf 87' lang='lat' dir='ltr'>sermones</span> <span class='ocrx_word' id='word_1_603' title='bbox 3096 2101 3153 2149; x_wconf 89' lang='lat' dir='ltr'>et</span> <span class='ocrx_word' id='word_1_604' title='bbox 3219 2096 3484 2167; x_wconf 81' lang='lat' dir='ltr'>pontifex</span> <span class='ocrx_word' id='word_1_605' title='bbox 3541 2102 3601 2152; x_wconf 90' lang='lat' dir='ltr'>et</span> <span class='ocrx_word' id='word_1_606' title='bbox 3656 2097 3775 2152; x_wconf 83' lang='lat' dir='ltr'>dux</span> 
     </span>
    </p>
   </div>
   <div class='ocr_carea' id='block_1_80' title="bbox 2117 2181 3764 2255">
    <p class='ocr_par' dir='ltr' id='par_1_80' title="bbox 2117 2181 3764 2255">
     <span class='ocr_line' id='line_1_81' title="bbox 2117 2181 3764 2255; baseline 0.005 -22"><span class='ocrx_word' id='word_1_607' title='bbox 2117 2204 2146 2233; x_wconf 77' lang='grc' dir='ltr'>ι(</span> <span class='ocrx_word' id='word_1_608' title='bbox 2178 2181 2385 2254; x_wconf 86' lang='lat' dir='ltr'>templi</span> <span class='ocrx_word' id='word_1_609' title='bbox 2415 2183 2836 2253; x_wconf 88' lang='lat' dir='ltr'>principesque</span> <span class='ocrx_word' id='word_1_610' title='bbox 2869 2183 3263 2251; x_wconf 89' lang='lat' dir='ltr'>sacerdotum,</span> <span class='ocrx_word' id='word_1_611' title='bbox 3284 2185 3665 2255; x_wconf 73' lang='lat' dir='ltr'>ambigebant</span> <span class='ocrx_word' id='word_1_612' title='bbox 3691 2186 3764 2242; x_wconf 89' lang='lat' dir='ltr'>de</span> 
     </span>
    </p>
   </div>
   <div class='ocr_carea' id='block_1_81' title="bbox 2116 2271 3760 2343">
    <p class='ocr_par' dir='ltr' id='par_1_81' title="bbox 2116 2271 3760 2343">
     <span class='ocr_line' id='line_1_82' title="bbox 2116 2271 3760 2343; baseline 0.004 -19"><span class='ocrx_word' id='word_1_613' title='bbox 2116 2271 2297 2327; x_wconf 84' lang='lat' dir='ltr'>«illis</span> <span class='ocrx_word' id='word_1_614' title='bbox 2328 2271 2617 2343; x_wconf 86' lang='lat' dir='ltr'>quidnam</span> <span class='ocrx_word' id='word_1_615' title='bbox 2657 2272 2768 2326; x_wconf 88' lang='lat' dir='ltr'>hoc</span> <span class='ocrx_word' id='word_1_616' title='bbox 2825 2271 3046 2327; x_wconf 89' lang='lat' dir='ltr'>factum</span> <span class='ocrx_word' id='word_1_617' title='bbox 3101 2278 3276 2328; x_wconf 85' lang='lat' dir='ltr'>esset.</span> <span class='ocrx_word' id='word_1_618' title='bbox 3327 2275 3578 2339; x_wconf 87' lang='lat' dir='ltr'>Quidam</span> <span class='ocrx_word' id='word_1_619' title='bbox 3624 2291 3760 2330; x_wconf 89' lang='lat' dir='ltr'>vero</span> 
     </span>
    </p>
   </div>
   <div class='ocr_carea' id='block_1_82' title="bbox 2117 2361 3769 2436">
    <p class='ocr_par' dir='ltr' id='par_1_82' title="bbox 2117 2361 3769 2436">
     <span class='ocr_line' id='line_1_83' title="bbox 2117 2361 3769 2436; baseline 0.001 -20"><span class='ocrx_word' id='word_1_620' title='bbox 2117 2383 2145 2411; x_wconf 90' lang='grc'>‹‹</span> <span class='ocrx_word' id='word_1_621' title='bbox 2178 2361 2501 2417; x_wconf 86' lang='lat' dir='ltr'>adveniens</span> <span class='ocrx_word' id='word_1_622' title='bbox 2530 2361 2825 2416; x_wconf 90' lang='lat' dir='ltr'>nuntiavit</span> <span class='ocrx_word' id='word_1_623' title='bbox 2854 2362 2976 2416; x_wconf 91' lang='lat' dir='ltr'>eis:</span> <span class='ocrx_word' id='word_1_624' title='bbox 3020 2364 3166 2417; x_wconf 90' lang='lat' dir='ltr'>Ecce</span> <span class='ocrx_word' id='word_1_625' title='bbox 3221 2362 3324 2416; x_wconf 90' lang='lat' dir='ltr'>viri</span> <span class='ocrx_word' id='word_1_626' title='bbox 3368 2381 3516 2434; x_wconf 91' lang='lat' dir='ltr'>quos</span> <span class='ocrx_word' id='word_1_627' title='bbox 3561 2365 3769 2436; x_wconf 90' lang='lat' dir='ltr'>posui-</span> 
     </span>
    </p>
   </div>
   <div class='ocr_carea' id='block_1_83' title="bbox 2117 2451 3768 2525">
    <p class='ocr_par' dir='ltr' id='par_1_83' title="bbox 2117 2451 3768 2525">
     <span class='ocr_line' id='line_1_84' title="bbox 2117 2451 3768 2525; baseline 0.005 -23"><span class='ocrx_word' id='word_1_628' title='bbox 2117 2473 2145 2502; x_wconf 85' lang='lat'><strong>«</strong></span> <span class='ocrx_word' id='word_1_629' title='bbox 2179 2452 2287 2507; x_wconf 90' lang='lat' dir='ltr'>stis</span> <span class='ocrx_word' id='word_1_630' title='bbox 2317 2452 2378 2506; x_wconf 93' lang='lat' dir='ltr'>in</span> <span class='ocrx_word' id='word_1_631' title='bbox 2411 2467 2647 2506; x_wconf 85' lang='lat' dir='ltr'>carcere</span> <span class='ocrx_word' id='word_1_632' title='bbox 2680 2455 2842 2506; x_wconf 85' lang='lat' dir='ltr'>stant</span> <span class='ocrx_word' id='word_1_633' title='bbox 2898 2451 2960 2506; x_wconf 91' lang='lat' dir='ltr'>in</span> <span class='ocrx_word' id='word_1_634' title='bbox 3004 2451 3224 2522; x_wconf 90' lang='lat' dir='ltr'>templo</span> <span class='ocrx_word' id='word_1_635' title='bbox 3276 2452 3610 2524; x_wconf 91' lang='lat' dir='ltr'>docentque</span> <span class='ocrx_word' id='word_1_636' title='bbox 3662 2471 3768 2525; x_wconf 90' lang='lat' dir='ltr'>po-</span> 
     </span>
    </p>
   </div>
   <div class='ocr_carea' id='block_1_84' title="bbox 2121 2539 3772 2612">
    <p class='ocr_par' dir='ltr' id='par_1_84' title="bbox 2121 2539 3772 2612">
     <span class='ocr_line' id='line_1_85' title="bbox 2121 2539 3772 2612; baseline 0.005 -21"><span class='ocrx_word' id='word_1_637' title='bbox 2121 2561 2150 2591; x_wconf 79' lang='lat'>«</span> <span class='ocrx_word' id='word_1_638' title='bbox 2179 2539 2410 2612; x_wconf 92' lang='lat' dir='ltr'>pulum.</span> <span class='ocrx_word' id='word_1_639' title='bbox 2443 2541 2604 2595; x_wconf 89' lang='lat' dir='ltr'>Tunc</span> <span class='ocrx_word' id='word_1_640' title='bbox 2635 2539 2782 2596; x_wconf 89' lang='lat' dir='ltr'>abiit</span> <span class='ocrx_word' id='word_1_641' title='bbox 2810 2541 2927 2596; x_wconf 85' lang='lat' dir='ltr'>dux</span> <span class='ocrx_word' id='word_1_642' title='bbox 2958 2558 3094 2596; x_wconf 89' lang='lat' dir='ltr'>cum</span> <span class='ocrx_word' id='word_1_643' title='bbox 3123 2541 3440 2608; x_wconf 91' lang='lat' dir='ltr'>ministris,</span> <span class='ocrx_word' id='word_1_644' title='bbox 3487 2559 3554 2599; x_wconf 90' lang='lat' dir='ltr'>ac</span> <span class='ocrx_word' id='word_1_645' title='bbox 3603 2543 3772 2600; x_wconf 83' lang='lat' dir='ltr'>duxit</span> 
     </span>
    </p>
   </div>
   <div class='ocr_carea' id='block_1_85' title="bbox 2118 2618 2869 2686">
    <p class='ocr_par' dir='ltr' id='par_1_85' title="bbox 2118 2618 2869 2686">
     <span class='ocr_line' id='line_1_86' title="bbox 2118 2618 2869 2686; baseline -0.004 -6"><span class='ocrx_word' id='word_1_646' title='bbox 2118 2651 2147 2680; x_wconf 85' lang='lat'><strong>«</strong></span> <span class='ocrx_word' id='word_1_647' title='bbox 2181 2629 2317 2686; x_wconf 90' lang='lat' dir='ltr'>illos</span> <span class='ocrx_word' id='word_1_648' title='bbox 2350 2629 2479 2686; x_wconf 87' lang='lat' dir='ltr'>sine</span> <span class='ocrx_word' id='word_1_649' title='bbox 2511 2630 2586 2684; x_wconf 91' lang='lat' dir='ltr'>vi.</span> <span class='ocrx_word' id='word_1_650' title='bbox 2621 2652 2647 2680; x_wconf 84' lang='lat'>»</span> <span class='ocrx_word' id='word_1_651' title='bbox 2867 2618 2869 2620; x_wconf 67' lang='grc'><em>’</em></span> 
     </span>
    </p>
   </div>
   <div class='ocr_carea' id='block_1_86' title="bbox 2188 2808 3769 2883">
    <p class='ocr_par' dir='ltr' id='par_1_86' title="bbox 2188 2808 3769 2883">
     <span class='ocr_line' id='line_1_87' title="bbox 2188 2808 3769 2883; baseline 0.004 -20"><span class='ocrx_word' id='word_1_652' title='bbox 2188 2809 2289 2864; x_wconf 87' lang='lat' dir='ltr'>His</span> <span class='ocrx_word' id='word_1_653' title='bbox 2320 2808 2393 2863; x_wconf 91' lang='lat' dir='ltr'>ab</span> <span class='ocrx_word' id='word_1_654' title='bbox 2421 2809 2708 2880; x_wconf 87' lang='lat' dir='ltr'>apostolis</span> <span class='ocrx_word' id='word_1_655' title='bbox 2762 2811 3043 2881; x_wconf 87' lang='lat' dir='ltr'>peractis,</span> <span class='ocrx_word' id='word_1_656' title='bbox 3104 2817 3348 2882; x_wconf 86' lang='lat' dir='ltr'>propter</span> <span class='ocrx_word' id='word_1_657' title='bbox 3387 2829 3520 2883; x_wconf 82' lang='lat' dir='ltr'>quae</span> <span class='ocrx_word' id='word_1_658' title='bbox 3565 2813 3769 2870; x_wconf 87' lang='lat' dir='ltr'>multi-</span> 
     </span>
    </p>
   </div>
   <div class='ocr_carea' id='block_1_87' title="bbox 2117 2897 3770 2970">
    <p class='ocr_par' dir='ltr' id='par_1_87' title="bbox 2117 2897 3770 2970">
     <span class='ocr_line' id='line_1_88' title="bbox 2117 2897 3770 2970; baseline 0.005 -18"><span class='ocrx_word' id='word_1_659' title='bbox 2117 2897 2260 2953; x_wconf 90' lang='lat' dir='ltr'>tudo</span> <span class='ocrx_word' id='word_1_660' title='bbox 2284 2898 2696 2970; x_wconf 71' lang='lat' dir='ltr'>praedicationi</span> <span class='ocrx_word' id='word_1_661' title='bbox 2718 2899 3082 2967; x_wconf 87' lang='lat' dir='ltr'>attendebat,</span> <span class='ocrx_word' id='word_1_662' title='bbox 3111 2906 3170 2955; x_wconf 91' lang='lat' dir='ltr'>et</span> <span class='ocrx_word' id='word_1_663' title='bbox 3191 2901 3459 2957; x_wconf 81' lang='lat' dir='ltr'>fidelium</span> <span class='ocrx_word' id='word_1_664' title='bbox 3483 2919 3770 2961; x_wconf 89' lang='lat' dir='ltr'>numerus</span> 
     </span>
    </p>
   </div>
   <div class='ocr_carea' id='block_1_88' title="bbox 2117 2987 3769 3063">
    <p class='ocr_par' dir='ltr' id='par_1_88' title="bbox 2117 2987 3769 3063">
     <span class='ocr_line' id='line_1_89' title="bbox 2117 2987 3769 3063; baseline 0.005 -22"><span class='ocrx_word' id='word_1_665' title='bbox 2117 2987 2466 3058; x_wconf 89' lang='lat' dir='ltr'>quotidiano</span> <span class='ocrx_word' id='word_1_666' title='bbox 2492 2988 2860 3044; x_wconf 89' lang='lat' dir='ltr'>incremento</span> <span class='ocrx_word' id='word_1_667' title='bbox 2885 2989 3013 3060; x_wconf 87' lang='lat' dir='ltr'>jam</span> <span class='ocrx_word' id='word_1_668' title='bbox 3065 2991 3245 3045; x_wconf 89' lang='lat' dir='ltr'>maris</span> <span class='ocrx_word' id='word_1_669' title='bbox 3277 3007 3472 3046; x_wconf 74' lang='lat' dir='ltr'>arenaa</span> <span class='ocrx_word' id='word_1_670' title='bbox 3522 2993 3769 3063; x_wconf 81' lang='lat' dir='ltr'>aequalis</span> 
     </span>
    </p>
   </div>
   <div class='ocr_carea' id='block_1_89' title="bbox 2119 3077 3767 3150">
    <p class='ocr_par' dir='ltr' id='par_1_89' title="bbox 2119 3077 3767 3150">
     <span class='ocr_line' id='line_1_90' title="bbox 2119 3077 3767 3150; baseline 0.004 -19"><span class='ocrx_word' id='word_1_671' title='bbox 2119 3077 2330 3132; x_wconf 80' lang='lat' dir='ltr'>ﬂebat:</span> <span class='ocrx_word' id='word_1_672' title='bbox 2355 3078 3210 3150; x_wconf 86' lang='lat' dir='ltr'>exsurgens,inquit,princeps</span> <span class='ocrx_word' id='word_1_673' title='bbox 3226 3081 3621 3148; x_wconf 88' lang='lat' dir='ltr'>sacerdotum,</span> <span class='ocrx_word' id='word_1_674' title='bbox 3655 3083 3767 3138; x_wconf 91' lang='lat' dir='ltr'>hoc</span> 
     </span>
    </p>
   </div>
   <div class='ocr_carea' id='block_1_90' title="bbox 2118 3167 3764 3242">
    <p class='ocr_par' dir='ltr' id='par_1_90' title="bbox 2118 3167 3764 3242">
     <span class='ocr_line' id='line_1_91' title="bbox 2118 3167 3764 3242; baseline 0.002 -20"><span class='ocrx_word' id='word_1_675' title='bbox 2118 3172 2209 3222; x_wconf 89' lang='lat' dir='ltr'>est</span> <span class='ocrx_word' id='word_1_676' title='bbox 2239 3172 2494 3233; x_wconf 88' lang='lat' dir='ltr'>erectus,</span> <span class='ocrx_word' id='word_1_677' title='bbox 2527 3173 2860 3222; x_wconf 89' lang='lat' dir='ltr'>commotus</span> <span class='ocrx_word' id='word_1_678' title='bbox 2889 3167 2962 3222; x_wconf 92' lang='lat' dir='ltr'>ob</span> <span class='ocrx_word' id='word_1_679' title='bbox 3013 3184 3082 3223; x_wconf 89' lang='lat' dir='ltr'>ea</span> <span class='ocrx_word' id='word_1_680' title='bbox 3140 3186 3272 3238; x_wconf 72' lang='lat' dir='ltr'>qum</span> <span class='ocrx_word' id='word_1_681' title='bbox 3321 3170 3764 3242; x_wconf 82' lang='lat' dir='ltr'>contingebant,</span> 
     </span>
    </p>
   </div>
   <div class='ocr_carea' id='block_1_91' title="bbox 2118 3257 3769 3316">
    <p class='ocr_par' dir='ltr' id='par_1_91' title="bbox 2118 3257 3769 3316">
     <span class='ocr_line' id='line_1_92' title="bbox 2118 3257 3769 3316; baseline 0.003 -6"><span class='ocrx_word' id='word_1_682' title='bbox 2118 3257 2526 3312; x_wconf 89' lang='lat' dir='ltr'>vehementius</span> <span class='ocrx_word' id='word_1_683' title='bbox 2561 3257 2621 3312; x_wconf 90' lang='lat' dir='ltr'>in</span> <span class='ocrx_word' id='word_1_684' title='bbox 2656 3274 2756 3312; x_wconf 90' lang='lat' dir='ltr'>eos</span> <span class='ocrx_word' id='word_1_685' title='bbox 2790 3257 2996 3311; x_wconf 88' lang='lat' dir='ltr'>irruit:</span> <span class='ocrx_word' id='word_1_686' title='bbox 3032 3259 3289 3313; x_wconf 85' lang='lat' dir='ltr'>maxime</span> <span class='ocrx_word' id='word_1_687' title='bbox 3322 3258 3659 3315; x_wconf 82' lang='lat' dir='ltr'>Sadducaeis</span> <span class='ocrx_word' id='word_1_688' title='bbox 3683 3261 3769 3316; x_wconf 89' lang='lat' dir='ltr'>in-</span> 
     </span>
    </p>
   </div>
   <div class='ocr_carea' id='block_1_92' title="bbox 2120 3344 3773 3409">
    <p class='ocr_par' dir='ltr' id='par_1_92' title="bbox 2120 3344 3773 3409">
     <span class='ocr_line' id='line_1_93' title="bbox 2120 3344 3773 3409; baseline 0.004 -10"><span class='ocrx_word' id='word_1_689' title='bbox 2120 3344 2442 3400; x_wconf 89' lang='lat' dir='ltr'>humanius</span> <span class='ocrx_word' id='word_1_690' title='bbox 2501 3362 2635 3400; x_wconf 89' lang='lat' dir='ltr'>eum</span> <span class='ocrx_word' id='word_1_691' title='bbox 2694 3345 3229 3409; x_wconf 85' lang='lat' dir='ltr'>inﬂammantibus,</span> <span class='ocrx_word' id='word_1_692' title='bbox 3291 3365 3425 3403; x_wconf 88' lang='lat' dir='ltr'>cum</span> <span class='ocrx_word' id='word_1_693' title='bbox 3500 3349 3773 3405; x_wconf 88' lang='lat' dir='ltr'>viderent</span> 
     </span>
    </p>
   </div>
   <div class='ocr_carea' id='block_1_93' title="bbox 2120 3434 3768 3508">
    <p class='ocr_par' dir='ltr' id='par_1_93' title="bbox 2120 3434 3768 3508">
     <span class='ocr_line' id='line_1_94' title="bbox 2120 3434 3768 3508; baseline 0.003 -18"><span class='ocrx_word' id='word_1_694' title='bbox 2120 3434 2421 3506; x_wconf 89' lang='lat' dir='ltr'>apostolos</span> <span class='ocrx_word' id='word_1_695' title='bbox 2453 3451 2690 3490; x_wconf 89' lang='lat' dir='ltr'>omnem</span> <span class='ocrx_word' id='word_1_696' title='bbox 2723 3452 2957 3490; x_wconf 91' lang='lat' dir='ltr'>movere</span> <span class='ocrx_word' id='word_1_697' title='bbox 2989 3435 3250 3507; x_wconf 82' lang='lat' dir='ltr'>lapidem</span> <span class='ocrx_word' id='word_1_698' title='bbox 3282 3436 3355 3491; x_wconf 82' lang='lat' dir='ltr'>ad</span> <span class='ocrx_word' id='word_1_699' title='bbox 3401 3438 3768 3508; x_wconf 87' lang='lat' dir='ltr'>probandam</span> 
     </span>
    </p>
   </div>
   <div class='ocr_carea' id='block_1_94' title="bbox 2118 3524 3770 3597">
    <p class='ocr_par' dir='ltr' id='par_1_94' title="bbox 2118 3524 3770 3597">
     <span class='ocr_line' id='line_1_95' title="bbox 2118 3524 3770 3597; baseline 0.002 -17"><span class='ocrx_word' id='word_1_700' title='bbox 2118 3524 2642 3593; x_wconf 88' lang='lat' dir='ltr'>resurrectionem,</span> <span class='ocrx_word' id='word_1_701' title='bbox 2703 3526 2795 3580; x_wconf 91' lang='lat' dir='ltr'>cui</span> <span class='ocrx_word' id='word_1_702' title='bbox 2859 3525 2972 3597; x_wconf 80' lang='lat' dir='ltr'>ipsi</span> <span class='ocrx_word' id='word_1_703' title='bbox 3048 3525 3534 3582; x_wconf 89' lang='lat' dir='ltr'>adversabantur.</span> <span class='ocrx_word' id='word_1_704' title='bbox 3625 3531 3770 3586; x_wconf 87' lang='lat' dir='ltr'>Cum</span> 
     </span>
    </p>
   </div>
   <div class='ocr_carea' id='block_1_95' title="bbox 2121 3614 3772 3688">
    <p class='ocr_par' dir='ltr' id='par_1_95' title="bbox 2121 3614 3772 3688">
     <span class='ocr_line' id='line_1_96' title="bbox 2121 3614 3772 3688; baseline 0.003 -18"><span class='ocrx_word' id='word_1_705' title='bbox 2121 3614 2281 3670; x_wconf 90' lang='lat' dir='ltr'>enim</span> <span class='ocrx_word' id='word_1_706' title='bbox 2308 3614 2610 3670; x_wconf 90' lang='lat' dir='ltr'>Christum</span> <span class='ocrx_word' id='word_1_707' title='bbox 2659 3616 3058 3671; x_wconf 87' lang='lat' dir='ltr'>resurrexisse</span> <span class='ocrx_word' id='word_1_708' title='bbox 3115 3617 3531 3688; x_wconf 64' lang='lat' dir='ltr'>praedicarent,</span> <span class='ocrx_word' id='word_1_709' title='bbox 3591 3619 3772 3675; x_wconf 88' lang='lat' dir='ltr'>etiam</span> 
     </span>
    </p>
   </div>
   <div class='ocr_carea' id='block_1_96' title="bbox 2120 3703 3769 3778">
    <p class='ocr_par' dir='ltr' id='par_1_96' title="bbox 2120 3703 3769 3778">
     <span class='ocr_line' id='line_1_97' title="bbox 2120 3703 3769 3778; baseline 0.004 -20"><span class='ocrx_word' id='word_1_710' title='bbox 2120 3703 2194 3758; x_wconf 87' lang='lat' dir='ltr'>ad</span> <span class='ocrx_word' id='word_1_711' title='bbox 2223 3705 2682 3759; x_wconf 89' lang='lat' dir='ltr'>resurrectionis</span> <span class='ocrx_word' id='word_1_712' title='bbox 2714 3705 3252 3770; x_wconf 83' lang='lat' dir='ltr'>confirmationem,</span> <span class='ocrx_word' id='word_1_713' title='bbox 3286 3707 3415 3778; x_wconf 88' lang='lat' dir='ltr'>ejus</span> <span class='ocrx_word' id='word_1_714' title='bbox 3443 3709 3543 3778; x_wconf 88' lang='lat' dir='ltr'>qui</span> <span class='ocrx_word' id='word_1_715' title='bbox 3577 3726 3769 3764; x_wconf 79' lang='lat' dir='ltr'>resur-</span> 
     </span>
    </p>
   </div>
   <div class='ocr_carea' id='block_1_97' title="bbox 2119 3794 3770 3855">
    <p class='ocr_par' dir='ltr' id='par_1_97' title="bbox 2119 3794 3770 3855">
     <span class='ocr_line' id='line_1_98' title="bbox 2119 3794 3770 3855; baseline 0.004 -8"><span class='ocrx_word' id='word_1_716' title='bbox 2119 3801 2355 3848; x_wconf 90' lang='lat' dir='ltr'>rexerat</span> <span class='ocrx_word' id='word_1_717' title='bbox 2375 3794 2619 3848; x_wconf 91' lang='lat' dir='ltr'>nomine</span> <span class='ocrx_word' id='word_1_718' title='bbox 2645 3794 2933 3849; x_wconf 88' lang='lat' dir='ltr'>miracula</span> <span class='ocrx_word' id='word_1_719' title='bbox 2950 3795 3126 3850; x_wconf 86' lang='lat' dir='ltr'>edere</span> <span class='ocrx_word' id='word_1_720' title='bbox 3169 3795 3735 3854; x_wconf 90' lang='lat' dir='ltr'>demonstrabantur</span> <span class='ocrx_word' id='word_1_721' title='bbox 3758 3817 3770 3855; x_wconf 95' lang='lat'>:</span> 
     </span>
    </p>
   </div>
   <div class='ocr_carea' id='block_1_98' title="bbox 2121 3882 3772 3956">
    <p class='ocr_par' dir='ltr' id='par_1_98' title="bbox 2121 3882 3772 3956">
     <span class='ocr_line' id='line_1_99' title="bbox 2121 3882 3772 3956; baseline 0.005 -20"><span class='ocrx_word' id='word_1_722' title='bbox 2121 3882 2280 3953; x_wconf 91' lang='lat' dir='ltr'>quod</span> <span class='ocrx_word' id='word_1_723' title='bbox 2312 3899 2692 3954; x_wconf 88' lang='lat' dir='ltr'>nequaquam</span> <span class='ocrx_word' id='word_1_724' title='bbox 2725 3885 3071 3956; x_wconf 83' lang='lat' dir='ltr'>contigisset</span> <span class='ocrx_word' id='word_1_725' title='bbox 3092 3887 3138 3940; x_wconf 91' lang='lat' dir='ltr'>si</span> <span class='ocrx_word' id='word_1_726' title='bbox 3172 3903 3265 3940; x_wconf 91' lang='lat' dir='ltr'>res</span> <span class='ocrx_word' id='word_1_727' title='bbox 3288 3887 3600 3943; x_wconf 89' lang='lat' dir='ltr'>mendacio</span> <span class='ocrx_word' id='word_1_728' title='bbox 3634 3889 3772 3944; x_wconf 93' lang='lat' dir='ltr'>sub-</span> 
     </span>
    </p>
   </div>
   <div class='ocr_carea' id='block_1_99' title="bbox 2124 3971 3773 4047">
    <p class='ocr_par' dir='ltr' id='par_1_99' title="bbox 2124 3971 3773 4047">
     <span class='ocr_line' id='line_1_100' title="bbox 2124 3971 3773 4047; baseline 0.004 -22"><span class='ocrx_word' id='word_1_729' title='bbox 2124 3971 2388 4027; x_wconf 90' lang='lat' dir='ltr'>serviret.</span> <span class='ocrx_word' id='word_1_730' title='bbox 2419 3974 2508 4027; x_wconf 89' lang='lat' dir='ltr'>Ita</span> <span class='ocrx_word' id='word_1_731' title='bbox 2537 3989 2674 4045; x_wconf 88' lang='lat' dir='ltr'>ergo</span> <span class='ocrx_word' id='word_1_732' title='bbox 2708 3974 2933 4028; x_wconf 70' lang='lat' dir='ltr'>efferati</span> <span class='ocrx_word' id='word_1_733' title='bbox 2968 3980 3026 4028; x_wconf 92' lang='lat' dir='ltr'>et</span> <span class='ocrx_word' id='word_1_734' title='bbox 3073 3974 3148 4029; x_wconf 89' lang='lat' dir='ltr'>ad</span> <span class='ocrx_word' id='word_1_735' title='bbox 3197 3975 3419 4030; x_wconf 63' lang='lat' dir='ltr'>caedem</span> <span class='ocrx_word' id='word_1_736' title='bbox 3468 3977 3773 4047; x_wconf 76' lang='lat' dir='ltr'>apostolo-</span> 
     </span>
    </p>
   </div>
   <div class='ocr_carea' id='block_1_100' title="bbox 2122 4062 3776 4134">
    <p class='ocr_par' dir='ltr' id='par_1_100' title="bbox 2122 4062 3776 4134">
     <span class='ocr_line' id='line_1_101' title="bbox 2122 4062 3776 4134; baseline 0.004 -20"><span class='ocrx_word' id='word_1_737' title='bbox 2122 4077 2256 4116; x_wconf 92' lang='lat' dir='ltr'>rum</span> <span class='ocrx_word' id='word_1_738' title='bbox 2287 4063 2623 4132; x_wconf 67' lang='lat' dir='ltr'>praeparati,</span> <span class='ocrx_word' id='word_1_739' title='bbox 2656 4062 2896 4117; x_wconf 90' lang='lat' dir='ltr'>interim</span> <span class='ocrx_word' id='word_1_740' title='bbox 2949 4064 3190 4134; x_wconf 89' lang='lat' dir='ltr'>quidem</span> <span class='ocrx_word' id='word_1_741' title='bbox 3242 4066 3499 4120; x_wconf 84' lang='lat' dir='ltr'>carceris</span> <span class='ocrx_word' id='word_1_742' title='bbox 3549 4066 3776 4121; x_wconf 85' lang='lat' dir='ltr'>securi-</span> 
     </span>
    </p>
   </div>
   <div class='ocr_carea' id='block_1_101' title="bbox 2123 4154 3775 4227">
    <p class='ocr_par' dir='ltr' id='par_1_101' title="bbox 2123 4154 3775 4227">
     <span class='ocr_line' id='line_1_102' title="bbox 2123 4154 3775 4227; baseline 0.004 -22"><span class='ocrx_word' id='word_1_743' title='bbox 2123 4155 2243 4206; x_wconf 89' lang='lat' dir='ltr'>tate</span> <span class='ocrx_word' id='word_1_744' title='bbox 2276 4167 2376 4206; x_wconf 93' lang='lat' dir='ltr'>eos</span> <span class='ocrx_word' id='word_1_745' title='bbox 2406 4157 2732 4217; x_wconf 88' lang='lat' dir='ltr'>asservant,</span> <span class='ocrx_word' id='word_1_746' title='bbox 2765 4169 2885 4208; x_wconf 91' lang='lat' dir='ltr'>non</span> <span class='ocrx_word' id='word_1_747' title='bbox 2940 4155 3136 4209; x_wconf 85' lang='lat' dir='ltr'>statim</span> <span class='ocrx_word' id='word_1_748' title='bbox 3198 4154 3271 4209; x_wconf 91' lang='lat' dir='ltr'>ad</span> <span class='ocrx_word' id='word_1_749' title='bbox 3321 4155 3619 4227; x_wconf 89' lang='lat' dir='ltr'>judicium</span> <span class='ocrx_word' id='word_1_750' title='bbox 3667 4155 3775 4211; x_wconf 90' lang='lat' dir='ltr'>du-</span> 
     </span>
    </p>
   </div>
   <div class='ocr_carea' id='block_1_102' title="bbox 2125 4241 3778 4312">
    <p class='ocr_par' dir='ltr' id='par_1_102' title="bbox 2125 4241 3778 4312">
     <span class='ocr_line' id='line_1_103' title="bbox 2125 4241 3778 4312; baseline 0.004 -17"><span class='ocrx_word' id='word_1_751' title='bbox 2125 4247 2348 4310; x_wconf 91' lang='lat' dir='ltr'>centes,</span> <span class='ocrx_word' id='word_1_752' title='bbox 2384 4241 2487 4297; x_wconf 92' lang='lat' dir='ltr'>sed</span> <span class='ocrx_word' id='word_1_753' title='bbox 2516 4248 2749 4298; x_wconf 87' lang='lat' dir='ltr'>versute</span> <span class='ocrx_word' id='word_1_754' title='bbox 2811 4260 2956 4299; x_wconf 90' lang='lat' dir='ltr'>ansa</span> <span class='ocrx_word' id='word_1_755' title='bbox 3013 4245 3243 4300; x_wconf 88' lang='lat' dir='ltr'>timoris</span> <span class='ocrx_word' id='word_1_756' title='bbox 3301 4247 3578 4312; x_wconf 87' lang='lat' dir='ltr'>carceris,</span> <span class='ocrx_word' id='word_1_757' title='bbox 3637 4245 3778 4302; x_wconf 86' lang='lat' dir='ltr'>facti</span> 
     </span>
    </p>
   </div>
   <div class='ocr_carea' id='block_1_103' title="bbox 2125 4333 3782 4408">
    <p class='ocr_par' dir='ltr' id='par_1_103' title="bbox 2125 4333 3782 4408">
     <span class='ocr_line' id='line_1_104' title="bbox 2125 4333 3782 4408; baseline 0.004 -21"><span class='ocrx_word' id='word_1_758' title='bbox 2125 4333 2535 4404; x_wconf 70' lang='lat' dir='ltr'>pwnitentiam</span> <span class='ocrx_word' id='word_1_759' title='bbox 2568 4334 2641 4390; x_wconf 88' lang='lat' dir='ltr'>ab</span> <span class='ocrx_word' id='word_1_760' title='bbox 2673 4334 2796 4390; x_wconf 91' lang='lat' dir='ltr'>illis</span> <span class='ocrx_word' id='word_1_761' title='bbox 2826 4341 3181 4405; x_wconf 70' lang='lat' dir='ltr'>quaarentes.</span> <span class='ocrx_word' id='word_1_762' title='bbox 3216 4338 3286 4392; x_wconf 89' lang='lat' dir='ltr'>Et</span> <span class='ocrx_word' id='word_1_763' title='bbox 3313 4337 3400 4391; x_wconf 88' lang='lat' dir='ltr'>illi</span> <span class='ocrx_word' id='word_1_764' title='bbox 3434 4337 3674 4408; x_wconf 90' lang='lat' dir='ltr'>quidem</span> <span class='ocrx_word' id='word_1_765' title='bbox 3698 4338 3782 4393; x_wconf 86' lang='lat' dir='ltr'>ita</span> 
     </span>
    </p>
   </div>
   <div class='ocr_carea' id='block_1_104' title="bbox 2127 4421 3781 4498">
    <p class='ocr_par' dir='ltr' id='par_1_104' title="bbox 2127 4421 3781 4498">
     <span class='ocr_line' id='line_1_105' title="bbox 2127 4421 3781 4498; baseline 0.002 -20"><span class='ocrx_word' id='word_1_766' title='bbox 2127 4421 2331 4478; x_wconf 84' lang='lat' dir='ltr'>afﬂicti</span> <span class='ocrx_word' id='word_1_767' title='bbox 2359 4429 2549 4479; x_wconf 87' lang='lat' dir='ltr'>erant.</span> <span class='ocrx_word' id='word_1_768' title='bbox 2586 4425 2741 4480; x_wconf 91' lang='lat' dir='ltr'>Deus</span> <span class='ocrx_word' id='word_1_769' title='bbox 2768 4431 2967 4481; x_wconf 88' lang='lat' dir='ltr'>autem</span> <span class='ocrx_word' id='word_1_770' title='bbox 2997 4442 3105 4498; x_wconf 86' lang='lat' dir='ltr'>per</span> <span class='ocrx_word' id='word_1_771' title='bbox 3132 4443 3360 4482; x_wconf 89' lang='lat' dir='ltr'>moram</span> <span class='ocrx_word' id='word_1_772' title='bbox 3391 4444 3523 4498; x_wconf 64' lang='lat' dir='ltr'>quae</span> <span class='ocrx_word' id='word_1_773' title='bbox 3556 4432 3683 4483; x_wconf 86' lang='lat' dir='ltr'>erat</span> <span class='ocrx_word' id='word_1_774' title='bbox 3707 4427 3781 4484; x_wconf 89' lang='lat' dir='ltr'>ad</span> 
     </span>
    </p>
   </div>
   <div class='ocr_carea' id='block_1_105' title="bbox 2128 4514 3782 4589">
    <p class='ocr_par' dir='ltr' id='par_1_105' title="bbox 2128 4514 3782 4589">
     <span class='ocr_line' id='line_1_106' title="bbox 2128 4514 3782 4589; baseline 0.002 -21"><span class='ocrx_word' id='word_1_775' title='bbox 2128 4514 2355 4569; x_wconf 90' lang='lat' dir='ltr'>malum</span> <span class='ocrx_word' id='word_1_776' title='bbox 2387 4519 2689 4581; x_wconf 89' lang='lat' dir='ltr'>conatum,</span> <span class='ocrx_word' id='word_1_777' title='bbox 2716 4515 2853 4570; x_wconf 93' lang='lat' dir='ltr'>illos</span> <span class='ocrx_word' id='word_1_778' title='bbox 2878 4516 3122 4587; x_wconf 90' lang='lat' dir='ltr'>quidem</span> <span class='ocrx_word' id='word_1_779' title='bbox 3146 4517 3372 4588; x_wconf 90' lang='lat' dir='ltr'>pudore</span> <span class='ocrx_word' id='word_1_780' title='bbox 3399 4517 3782 4589; x_wconf 81' lang='lat' dir='ltr'>affecit,quod</span> 
     </span>
    </p>
   </div>
   <div class='ocr_carea' id='block_1_106' title="bbox 2127 4605 3780 4678">
    <p class='ocr_par' dir='ltr' id='par_1_106' title="bbox 2127 4605 3780 4678">
     <span class='ocr_line' id='line_1_107' title="bbox 2127 4605 3780 4678; baseline 0.002 -17"><span class='ocrx_word' id='word_1_781' title='bbox 2127 4605 2349 4661; x_wconf 85' lang='lat' dir='ltr'>frustra</span> <span class='ocrx_word' id='word_1_782' title='bbox 2371 4605 2679 4678; x_wconf 86' lang='lat' dir='ltr'>malignati</span> <span class='ocrx_word' id='word_1_783' title='bbox 2706 4606 2844 4675; x_wconf 86' lang='lat' dir='ltr'>sint,</span> <span class='ocrx_word' id='word_1_784' title='bbox 2879 4606 3182 4677; x_wconf 88' lang='lat' dir='ltr'>apostolos</span> <span class='ocrx_word' id='word_1_785' title='bbox 3204 4624 3339 4663; x_wconf 89' lang='lat' dir='ltr'>vero</span> <span class='ocrx_word' id='word_1_786' title='bbox 3361 4609 3618 4664; x_wconf 87' lang='lat' dir='ltr'>carceris</span> <span class='ocrx_word' id='word_1_787' title='bbox 3637 4608 3780 4664; x_wconf 90' lang='lat' dir='ltr'>edu-</span> 
     </span>
    </p>
   </div>
   <div class='ocr_carea' id='block_1_107' title="bbox 2128 4692 3778 4767">
    <p class='ocr_par' dir='ltr' id='par_1_107' title="bbox 2128 4692 3778 4767">
     <span class='ocr_line' id='line_1_108' title="bbox 2128 4692 3778 4767; baseline 0 -17"><span class='ocrx_word' id='word_1_788' title='bbox 2128 4694 2325 4750; x_wconf 89' lang='lat' dir='ltr'>ctione</span> <span class='ocrx_word' id='word_1_789' title='bbox 2356 4709 2462 4764; x_wconf 90' lang='lat' dir='ltr'>per</span> <span class='ocrx_word' id='word_1_790' title='bbox 2493 4692 2760 4748; x_wconf 90' lang='lat' dir='ltr'>divinum</span> <span class='ocrx_word' id='word_1_791' title='bbox 2792 4695 3069 4766; x_wconf 83' lang='lat' dir='ltr'>angelum</span> <span class='ocrx_word' id='word_1_792' title='bbox 3097 4695 3284 4767; x_wconf 87' lang='lat' dir='ltr'>magis</span> <span class='ocrx_word' id='word_1_793' title='bbox 3317 4697 3416 4751; x_wconf 76' lang='lat'>48</span> <span class='ocrx_word' id='word_1_794' title='bbox 3444 4696 3778 4751; x_wconf 89' lang='lat' dir='ltr'>roboravit:</span> 
     </span>
    </p>
   </div>
   <div class='ocr_carea' id='block_1_108' title="bbox 2136 4781 3778 4854">
    <p class='ocr_par' dir='ltr' id='par_1_108' title="bbox 2136 4781 3778 4854">
     <span class='ocr_line' id='line_1_109' title="bbox 2136 4781 3778 4854; baseline -0.001 -14"><span class='ocrx_word' id='word_1_795' title='bbox 2136 4790 2194 4840; x_wconf 91' lang='lat' dir='ltr'>et</span> <span class='ocrx_word' id='word_1_796' title='bbox 2224 4782 2440 4854; x_wconf 90' lang='lat' dir='ltr'>quibus</span> <span class='ocrx_word' id='word_1_797' title='bbox 2470 4782 2532 4835; x_wconf 91' lang='lat' dir='ltr'>in</span> <span class='ocrx_word' id='word_1_798' title='bbox 2564 4781 2742 4836; x_wconf 90' lang='lat' dir='ltr'>rebus</span> <span class='ocrx_word' id='word_1_799' title='bbox 2768 4789 2827 4837; x_wconf 88' lang='lat' dir='ltr'>et</span> <span class='ocrx_word' id='word_1_800' title='bbox 2854 4783 2956 4837; x_wconf 91' lang='lat' dir='ltr'>ubi</span> <span class='ocrx_word' id='word_1_801' title='bbox 2995 4800 3130 4838; x_wconf 89' lang='lat' dir='ltr'>cum</span> <span class='ocrx_word' id='word_1_802' title='bbox 3187 4785 3629 4854; x_wconf 86' lang='lat' dir='ltr'>perseverantia</span> <span class='ocrx_word' id='word_1_803' title='bbox 3675 4800 3778 4839; x_wconf 86' lang='lat' dir='ltr'>an-</span> 
     </span>
    </p>
   </div>
   <div class='ocr_carea' id='block_1_109' title="bbox 2133 4870 3782 4946">
    <p class='ocr_par' dir='ltr' id='par_1_109' title="bbox 2133 4870 3782 4946">
     <span class='ocr_line' id='line_1_110' title="bbox 2133 4870 3782 4946; baseline -0.001 -18"><span class='ocrx_word' id='word_1_804' title='bbox 2133 4874 2242 4929; x_wconf 89' lang='lat' dir='ltr'>niti</span> <span class='ocrx_word' id='word_1_805' title='bbox 2285 4875 2606 4943; x_wconf 90' lang='lat' dir='ltr'>oporteret,</span> <span class='ocrx_word' id='word_1_806' title='bbox 2668 4870 2922 4927; x_wconf 90' lang='lat' dir='ltr'>edocuit.</span> <span class='ocrx_word' id='word_1_807' title='bbox 2985 4872 3131 4926; x_wconf 89' lang='lat' dir='ltr'>Cum</span> <span class='ocrx_word' id='word_1_808' title='bbox 3187 4879 3383 4928; x_wconf 85' lang='lat' dir='ltr'>autem</span> <span class='ocrx_word' id='word_1_809' title='bbox 3446 4873 3782 4946; x_wconf 88' lang='lat' dir='ltr'>ignorantia</span> 
     </span>
    </p>
   </div>
   <div class='ocr_carea' id='block_1_110' title="bbox 2133 4960 3782 5035">
    <p class='ocr_par' dir='ltr' id='par_1_110' title="bbox 2133 4960 3782 5035">
     <span class='ocr_line' id='line_1_111' title="bbox 2133 4960 3782 5035; baseline -0.001 -16"><span class='ocrx_word' id='word_1_810' title='bbox 2133 4961 2386 5035; x_wconf 85' lang='lat' dir='ltr'>angelici</span> <span class='ocrx_word' id='word_1_811' title='bbox 2419 4960 2622 5016; x_wconf 82' lang='lat' dir='ltr'>auxilii</span> <span class='ocrx_word' id='word_1_812' title='bbox 2678 4965 2958 5016; x_wconf 88' lang='lat' dir='ltr'>cruentos</span> <span class='ocrx_word' id='word_1_813' title='bbox 3013 4961 3287 5018; x_wconf 90' lang='lat' dir='ltr'>homines</span> <span class='ocrx_word' id='word_1_814' title='bbox 3344 4963 3782 5035; x_wconf 87' lang='lat' dir='ltr'>intercepisset,</span> 
     </span>
    </p>
   </div>
   <div class='ocr_carea' id='block_1_111' title="bbox 2135 5050 3783 5124">
    <p class='ocr_par' dir='ltr' id='par_1_111' title="bbox 2135 5050 3783 5124">
     <span class='ocr_line' id='line_1_112' title="bbox 2135 5050 3783 5124; baseline -0.001 -15"><span class='ocrx_word' id='word_1_815' title='bbox 2135 5070 2203 5109; x_wconf 90' lang='lat' dir='ltr'>eo</span> <span class='ocrx_word' id='word_1_816' title='bbox 2235 5059 2500 5123; x_wconf 89' lang='lat' dir='ltr'>tempore</span> <span class='ocrx_word' id='word_1_817' title='bbox 2541 5068 2658 5122; x_wconf 94' lang='lat' dir='ltr'>quo</span> <span class='ocrx_word' id='word_1_818' title='bbox 2690 5050 2987 5122; x_wconf 87' lang='lat' dir='ltr'>apostolos</span> <span class='ocrx_word' id='word_1_819' title='bbox 3011 5051 3242 5124; x_wconf 86' lang='lat' dir='ltr'>judicio</span> <span class='ocrx_word' id='word_1_820' title='bbox 3275 5053 3552 5108; x_wconf 83' lang='lat' dir='ltr'>exhibere</span> <span class='ocrx_word' id='word_1_821' title='bbox 3595 5053 3783 5109; x_wconf 88' lang='lat' dir='ltr'>distu-</span> 
     </span>
    </p>
   </div>
   <div class='ocr_carea' id='block_1_112' title="bbox 2133 5141 3785 5214">
    <p class='ocr_par' dir='ltr' id='par_1_112' title="bbox 2133 5141 3785 5214">
     <span class='ocr_line' id='line_1_113' title="bbox 2133 5141 3785 5214; baseline -0.001 -14"><span class='ocrx_word' id='word_1_822' title='bbox 2133 5145 2348 5207; x_wconf 88' lang='lat' dir='ltr'>lerant,</span> <span class='ocrx_word' id='word_1_823' title='bbox 2406 5157 2527 5197; x_wconf 88' lang='lat' dir='ltr'>non</span> <span class='ocrx_word' id='word_1_824' title='bbox 2587 5141 2999 5197; x_wconf 89' lang='lat' dir='ltr'>misericordia</span> <span class='ocrx_word' id='word_1_825' title='bbox 3056 5142 3223 5210; x_wconf 91' lang='lat' dir='ltr'>moti,</span> <span class='ocrx_word' id='word_1_826' title='bbox 3284 5143 3582 5214; x_wconf 92' lang='lat' dir='ltr'>quomodo</span> <span class='ocrx_word' id='word_1_827' title='bbox 3625 5144 3785 5200; x_wconf 89' lang='lat' dir='ltr'>enim</span> 
     </span>
    </p>
   </div>
   <div class='ocr_carea' id='block_1_113' title="bbox 2135 5230 3789 5305">
    <p class='ocr_par' dir='ltr' id='par_1_113' title="bbox 2135 5230 3789 5305">
     <span class='ocr_line' id='line_1_114' title="bbox 2135 5230 3789 5305; baseline 0 -15"><span class='ocrx_word' id='word_1_828' title='bbox 2135 5234 2247 5290; x_wconf 91' lang='lat' dir='ltr'>hoc</span> <span class='ocrx_word' id='word_1_829' title='bbox 2278 5231 2406 5287; x_wconf 81' lang='lat' dir='ltr'>fieri</span> <span class='ocrx_word' id='word_1_830' title='bbox 2438 5230 2753 5303; x_wconf 90' lang='lat' dir='ltr'>potuisset,</span> <span class='ocrx_word' id='word_1_831' title='bbox 2787 5247 2922 5286; x_wconf 90' lang='lat' dir='ltr'>cum</span> <span class='ocrx_word' id='word_1_832' title='bbox 2963 5231 3097 5302; x_wconf 90' lang='lat' dir='ltr'>plus</span> <span class='ocrx_word' id='word_1_833' title='bbox 3126 5249 3305 5303; x_wconf 90' lang='lat' dir='ltr'>quam</span> <span class='ocrx_word' id='word_1_834' title='bbox 3356 5238 3665 5305; x_wconf 87' lang='lat' dir='ltr'>serpentes</span> <span class='ocrx_word' id='word_1_835' title='bbox 3715 5234 3789 5290; x_wconf 90' lang='lat' dir='ltr'>ad</span> 
     </span>
    </p>
   </div>
   <div class='ocr_carea' id='block_1_114' title="bbox 2136 5319 3792 5396">
    <p class='ocr_par' dir='ltr' id='par_1_114' title="bbox 2136 5319 3792 5396">
     <span class='ocr_line' id='line_1_115' title="bbox 2136 5319 3792 5396; baseline 0 -18"><span class='ocrx_word' id='word_1_836' title='bbox 2136 5323 2286 5378; x_wconf 90' lang='lat' dir='ltr'>iram</span> <span class='ocrx_word' id='word_1_837' title='bbox 2317 5320 2553 5376; x_wconf 85' lang='lat' dir='ltr'>excitati</span> <span class='ocrx_word' id='word_1_838' title='bbox 2587 5319 2831 5375; x_wconf 84' lang='lat' dir='ltr'>essent?</span> <span class='ocrx_word' id='word_1_839' title='bbox 2861 5320 2966 5375; x_wconf 90' lang='lat' dir='ltr'>sed</span> <span class='ocrx_word' id='word_1_840' title='bbox 2995 5326 3061 5375; x_wconf 92' lang='lat' dir='ltr'>ut</span> <span class='ocrx_word' id='word_1_841' title='bbox 3090 5321 3352 5392; x_wconf 89' lang='lat' dir='ltr'>primum</span> <span class='ocrx_word' id='word_1_842' title='bbox 3392 5323 3634 5394; x_wconf 90' lang='lat' dir='ltr'>quidem</span> <span class='ocrx_word' id='word_1_843' title='bbox 3664 5325 3792 5396; x_wconf 89' lang='lat' dir='ltr'>opi-</span> 
     </span>
    </p>
   </div>
   <div class='ocr_carea' id='block_1_115' title="bbox 2137 5409 3792 5483">
    <p class='ocr_par' dir='ltr' id='par_1_115' title="bbox 2137 5409 3792 5483">
     <span class='ocr_line' id='line_1_116' title="bbox 2137 5409 3792 5483; baseline -0.001 -14"><span class='ocrx_word' id='word_1_844' title='bbox 2137 5418 2309 5469; x_wconf 88' lang='lat' dir='ltr'>natos</span> <span class='ocrx_word' id='word_1_845' title='bbox 2335 5427 2442 5483; x_wconf 87' lang='lat' dir='ltr'>per</span> <span class='ocrx_word' id='word_1_846' title='bbox 2471 5409 2878 5465; x_wconf 90' lang='lat' dir='ltr'>detentionem</span> <span class='ocrx_word' id='word_1_847' title='bbox 2913 5409 3151 5481; x_wconf 85' lang='lat' dir='ltr'>explere</span> <span class='ocrx_word' id='word_1_848' title='bbox 3183 5428 3352 5468; x_wconf 89' lang='lat' dir='ltr'>suam</span> <span class='ocrx_word' id='word_1_849' title='bbox 3403 5413 3792 5481; x_wconf 87' lang='lat' dir='ltr'>voluntatem,</span> 
     </span>
    </p>
   </div>
   <div class='ocr_carea' id='block_1_116' title="bbox 2138 5500 3792 5568">
    <p class='ocr_par' dir='ltr' id='par_1_116' title="bbox 2138 5500 3792 5568">
     <span class='ocr_line' id='line_1_117' title="bbox 2138 5500 3792 5568; baseline -0.001 -9"><span class='ocrx_word' id='word_1_850' title='bbox 2138 5519 2276 5559; x_wconf 87' lang='lat' dir='ltr'>nam</span> <span class='ocrx_word' id='word_1_851' title='bbox 2301 5502 2362 5556; x_wconf 90' lang='lat' dir='ltr'>in</span> <span class='ocrx_word' id='word_1_852' title='bbox 2383 5501 2544 5555; x_wconf 90' lang='lat' dir='ltr'>hunc</span> <span class='ocrx_word' id='word_1_853' title='bbox 2565 5500 2745 5555; x_wconf 86' lang='lat' dir='ltr'>ﬁnem</span> <span class='ocrx_word' id='word_1_854' title='bbox 2765 5516 3002 5556; x_wconf 90' lang='lat' dir='ltr'>carcere</span> <span class='ocrx_word' id='word_1_855' title='bbox 3021 5501 3156 5556; x_wconf 91' lang='lat' dir='ltr'>illos</span> <span class='ocrx_word' id='word_1_856' title='bbox 3180 5501 3792 5568; x_wconf 81' lang='lat' dir='ltr'>incluserant,deinde</span> 
     </span>
    </p>
   </div>
   <div class='ocr_carea' id='block_1_117' title="bbox 2139 5590 3788 5664">
    <p class='ocr_par' dir='ltr' id='par_1_117' title="bbox 2139 5590 3788 5664">
     <span class='ocr_line' id='line_1_118' title="bbox 2139 5590 3788 5664; baseline 0 -18"><span class='ocrx_word' id='word_1_857' title='bbox 2139 5608 2246 5664; x_wconf 90' lang='lat' dir='ltr'>per</span> <span class='ocrx_word' id='word_1_858' title='bbox 2305 5590 2564 5646; x_wconf 88' lang='lat' dir='ltr'>divinam</span> <span class='ocrx_word' id='word_1_859' title='bbox 2620 5590 3019 5646; x_wconf 87' lang='lat' dir='ltr'>visitationem</span> <span class='ocrx_word' id='word_1_860' title='bbox 3080 5593 3384 5664; x_wconf 90' lang='lat' dir='ltr'>conceptis</span> <span class='ocrx_word' id='word_1_861' title='bbox 3441 5592 3619 5648; x_wconf 87' lang='lat' dir='ltr'>rebus</span> <span class='ocrx_word' id='word_1_862' title='bbox 3666 5592 3788 5647; x_wconf 88' lang='lat' dir='ltr'>fru-</span> 
     </span>
    </p>
   </div>
   <div class='ocr_carea' id='block_1_118' title="bbox 2141 5679 3789 5752">
    <p class='ocr_par' dir='ltr' id='par_1_118' title="bbox 2141 5679 3789 5752">
     <span class='ocr_line' id='line_1_119' title="bbox 2141 5679 3789 5752; baseline -0.001 -17"><span class='ocrx_word' id='word_1_863' title='bbox 2141 5685 2377 5750; x_wconf 83' lang='lat' dir='ltr'>stratos,</span> <span class='ocrx_word' id='word_1_864' title='bbox 2409 5680 2538 5751; x_wconf 90' lang='lat' dir='ltr'>ipsa</span> <span class='ocrx_word' id='word_1_865' title='bbox 2569 5679 2806 5736; x_wconf 91' lang='lat' dir='ltr'>concilii</span> <span class='ocrx_word' id='word_1_866' title='bbox 2838 5681 3042 5752; x_wconf 88' lang='lat' dir='ltr'>inopia</span> <span class='ocrx_word' id='word_1_867' title='bbox 3072 5681 3230 5736; x_wconf 89' lang='lat' dir='ltr'>circa</span> <span class='ocrx_word' id='word_1_868' title='bbox 3257 5699 3324 5737; x_wconf 88' lang='lat' dir='ltr'>ea</span> <span class='ocrx_word' id='word_1_869' title='bbox 3358 5698 3488 5751; x_wconf 73' lang='lat' dir='ltr'>quae</span> <span class='ocrx_word' id='word_1_870' title='bbox 3520 5681 3789 5735; x_wconf 89' lang='lat' dir='ltr'>decreve-</span> 
     </span>
    </p>
   </div>
   <div class='ocr_carea' id='block_1_119' title="bbox 2141 5769 3786 5842">
    <p class='ocr_par' dir='ltr' id='par_1_119' title="bbox 2141 5769 3786 5842">
     <span class='ocr_line' id='line_1_120' title="bbox 2141 5769 3786 5842; baseline -0.001 -17"><span class='ocrx_word' id='word_1_871' title='bbox 2141 5777 2294 5840; x_wconf 88' lang='lat' dir='ltr'>rant,</span> <span class='ocrx_word' id='word_1_872' title='bbox 2353 5770 2594 5826; x_wconf 84' lang='lat' dir='ltr'>doceret</span> <span class='ocrx_word' id='word_1_873' title='bbox 2648 5771 2908 5826; x_wconf 87' lang='lat' dir='ltr'>divinam</span> <span class='ocrx_word' id='word_1_874' title='bbox 2968 5788 3097 5827; x_wconf 88' lang='lat' dir='ltr'>esse</span> <span class='ocrx_word' id='word_1_875' title='bbox 3155 5772 3480 5842; x_wconf 88' lang='lat' dir='ltr'>potentiam</span> <span class='ocrx_word' id='word_1_876' title='bbox 3552 5769 3786 5840; x_wconf 87' lang='lat' dir='ltr'>angeli:</span> 
     </span>
    </p>
   </div>
   <div class='ocr_carea' id='block_1_120' title="bbox 2143 5858 3792 5934">
    <p class='ocr_par' dir='ltr' id='par_1_120' title="bbox 2143 5858 3792 5934">
     <span class='ocr_line' id='line_1_121' title="bbox 2143 5858 3792 5934; baseline -0.002 -16"><span class='ocrx_word' id='word_1_877' title='bbox 2143 5877 2400 5934; x_wconf 89' lang='lat' dir='ltr'>namque</span> <span class='ocrx_word' id='word_1_878' title='bbox 2419 5877 2451 5918; x_wconf 86' lang='lat' dir='ltr'>e</span> <span class='ocrx_word' id='word_1_879' title='bbox 2470 5877 2703 5918; x_wconf 87' lang='lat' dir='ltr'>carcere</span> <span class='ocrx_word' id='word_1_880' title='bbox 2736 5861 2970 5917; x_wconf 87' lang='lat' dir='ltr'>eductio</span> <span class='ocrx_word' id='word_1_881' title='bbox 2989 5860 3272 5932; x_wconf 86' lang='lat' dir='ltr'>apostolis</span> <span class='ocrx_word' id='word_1_882' title='bbox 3299 5859 3540 5931; x_wconf 87' lang='lat' dir='ltr'>quidem</span> <span class='ocrx_word' id='word_1_883' title='bbox 3564 5858 3636 5914; x_wconf 87' lang='lat' dir='ltr'>ad</span> <span class='ocrx_word' id='word_1_884' title='bbox 3655 5873 3792 5915; x_wconf 86' lang='lat' dir='ltr'>con-</span> 
     </span>
    </p>
   </div>
  </div>
