4160 6430
417 517 532 576 115

1538 511 1964 572 (ECUMENII
2009 506 2317 571 TRICCIE
2363 509 2715 572 EPISCOPI

3718 515 3826 575 116

419 649 792 708 solationem.
824 645 1044 703 Judaais
1075 662 1210 702 vero
1232 645 1308 702 ad
1332 645 1652 702 utilitatem
1674 644 1937 700 exhibita
1955 650 2062 700 est.
2096 703 2099 710 η

2223 663 2358 712 ενοι,
2394 643 2437 699 εἷ
2467 632 2694 712 θέλοιεν,
2755 644 3180 715 καταλήψωνται
3237 645 3327 698 καί
3377 643 3534 700 αὐτοὶ
3592 643 3682 699 καὶ
3712 657 3839 701 παιδ

421 742 774 813 Ignorarunt
801 742 1000 792 autem
1032 737 1216 792 Judaei
1249 737 1509 791 divinam
1543 752 1672 790 esse
1719 737 2067 808 potentiam,

421 834 488 884 ut
515 827 774 899 primum
808 826 867 879 in
900 825 1264 897 agendorum
1319 825 1708 896 perplexitate
1764 823 2070 879 constituti

424 918 577 974 sicut
620 916 872 978 aiebam,
935 915 982 970 si
1042 915 1262 969 vellent
1317 913 1970 986 comprehenderentur
2018 917 2076 967 et

421 1011 536 1082 ipsi
569 1027 636 1065 ac
661 1009 1035 1064 docerentur.
1071 1007 1162 1060 llli
1195 1023 1330 1061 vero
1353 1007 1500 1062 adeo
1521 1007 1795 1061 exczecati
1822 1012 1981 1066 sunt.
2013 1011 2080 1060 ut

423 1115 619 1170 neque
651 1098 942 1153 auderent
971 1097 1021 1149 vi
1054 1113 1087 1151 a
1119 1096 1339 1167 templo
1371 1096 1717 1150 abstrahere
1755 1095 2075 1166 apostolos.

427 1206 579 1260 quos
601 1195 798 1243 tamen
821 1187 1077 1241 maxime
1107 1185 1724 1241 abominabantur.Ex
1752 1201 1868 1256 quo
1902 1185 2079 1239 etiam

430 1278 812 1336 manifestum
849 1281 938 1330 est
973 1275 1298 1348 gregariam
1352 1274 1585 1329 turbam
1633 1275 2081 1346 prudentiorem

429 1367 613 1423 fuisse
639 1366 896 1422 Judaicis
928 1365 1336 1436 principibus;
1387 1363 1547 1435 quod
1591 1380 1724 1419 cum
1770 1364 1858 1418 illi
1903 1363 2083 1420 rudes

442 1462 662 1521 essent,
695 1473 730 1510 a
780 1455 995 1510 divinis
1053 1455 1237 1528 signis
1287 1455 1540 1510 salutem
1591 1455 1765 1509 citius
1823 1454 2082 1526 amplexi

436 1548 556 1602 sint
586 1562 764 1617 qnam
797 1544 1144 1617 legisperiti.
1181 1544 1315 1599 ldeo
1366 1550 1499 1615 post
1552 1544 1802 1599 multam
1857 1543 2084 1599 divino-

434 1653 567 1692 rum
586 1636 890 1708 signorum
913 1633 1186 1688 notitiam
1201 1649 1267 1688 ac
1281 1633 1699 1688 certitudinem
1715 1634 2087 1706 interrogant

434 1725 797 1799 legisperiti:
837 1748 856 1772 ι
895 1725 1100 1779 Nonne
1139 1729 1434 1795 praecepto
1495 1724 1874 1794 prmcipimus
1921 1723 2085 1778 vobis

436 1832 512 1872 ne
534 1813 932 1886 loqueremini
955 1830 966 1867 :
996 1836 1016 1862 ι
1045 1813 1219 1883 Atqui
1244 1813 1290 1867 si
1317 1812 1442 1868 solo
1466 1819 1781 1885 praecepto,
1798 1830 2087 1885 quorsum

439 1902 712 1960 custodia
767 1918 1169 1974 magnumque
1228 1901 1716 1956 munimentum?
1786 1902 2090 1974 Siquidem

2179 730 2432 801 δευθῶσι,
2481 733 2627 797 θείαν
2691 735 2832 788 εἶναι
2880 734 2978 802 τὴν
3039 731 3287 807 δύναμιν.
3350 734 3418 790 Οἱ
3468 731 3524 788 δὶ
3576 738 3832 790 τοσοῦτον

2179 821 2564 897 ἐπηρώθησαν,
2599 822 2737 878 ὥστε
2780 819 2908 878 οὐδὲ
2955 823 3082 885 τοὺς
3119 820 3586 899 βδελυκτοτάτους
3653 823 3834 888 αὐτοῖς

2182 913 2520 977 ἀποστόλους
2575 913 2840 990 θαρρῆσαι
2933 913 3067 986 μετὰ
3129 912 3249 988 βίας
3301 917 3399 968 τοῦ
3457 914 3606 990 ἱεροῦ
3663 913 3832 990 ἀφελ-

2179 1007 2358 1061 κῦσαι.
2394 1004 2515 1081 Ἀφ’
2545 1001 2606 1057 οὗ
2655 1004 2744 1057 καὶ
2778 1001 2950 1073 δῆλον
2999 1004 3074 1065 ὡς
3124 1003 3480 1078 συνετώτερος
3514 1005 3542 1058 6
3572 1001 3830 1078 ἀγελαῖος

2181 1089 2356 1170 ὄχλος
2396 1097 2505 1146 τῶν
2527 1088 2838 1146 Ἰουδαϊκῶν
2875 1093 3177 1167 ἀρχόντων,
3212 1097 3418 1156 θᾶττων
3459 1090 3676 1146 ἐκείνων
3720 1096 3829 1147 τῶν

2185 1183 2665 1255 ἀμαθῶν,το’3των
2723 1187 2830 1236 τῶν
2879 1187 3145 1256 νομικῶν,
3187 1187 3306 1245 ταῖς
3364 1181 3714 1254 θεοσημείαις
3764 1183 3827 1240 τὸ

2185 1274 2455 1346 σωτήριον
2511 1271 2978 1344 ἐπισπασαμένων.
3030 1271 3228 1348 Διόπερ
3296 1270 3571 1346 ἐρωτῶσιν
3635 1271 3686 1324 οἱ
3743 1293 3838 1326 νο-

2190 1363 2344 1436 μικοὶ
2394 1363 2481 1418 ἐπὶ
2531 1362 2719 1436 πολλῇ
2776 1366 2844 1436 τῇ
2903 1364 3100 1440 γνώσει
3149 1367 3257 1418 τῶν
3314 1364 3657 1435 θεοσημειῶν
3746 1363 3837 1418 καὶ

2188 1453 2561 1532 πληροφορίασ
2597 1479 2624 1506 ‹‹
2657 1453 2732 1510 Οὐ
2789 1453 3135 1529 παραγγελία
3191 1452 3640 1530 παρηγγείλαμεν
3703 1453 3836 1528 ὑμῖν

2195 1545 2268 1618 μὴ
2304 1542 2492 1600 λαλεῖν
2517 1563 2529 1613 ;
2550 1565 2575 1597 ι
2609 1543 2786 1598 καίτοι
2818 1545 2863 1598 εί
2895 1542 3236 1620 παραγγελία
3271 1543 3430 1618 μόνῃ,
3452 1543 3536 1606 τίς
3557 1545 3593 1614 ἡ
3617 1543 3835 1618 φυλακὴ

2191 1635 2280 1689 διαὶ
2311 1636 2346 1704 ἡ
2377 1634 2564 1703 πολλή
2593 1634 2857 1710 ἀσφάλεια
2892 1656 2904 1704 ;
2939 1636 3076 1711 πρὸς
3134 1635 3239 1710 γὰρ
3293 1638 3362 1708 τῇ
3421 1633 3686 1708 καθείρξει
3748 1633 3840 1688 καὶ

2194 1723 2429 1801 φύλακες
2461 1723 2856 1800 προσήδρευον,
2914 1727 2986 1778 ὢν
3049 1726 3114 1780 οὐ
3173 1727 3366 1797 μνήμη
3425 1723 3526 1798 νῦγ
3585 1723 3661 1786 εἷς
3706 1723 3846 1779 ἀπο-

2193 1809 2400 1887 κρυϐἠν
2458 1820 2558 1881 τῆς
2617 1812 2916 1888 ἀγγελικῆς
2985 1813 3442 1887 θαυματουργίας.
3497 1811 3651 1880 Πλήν
3712 1807 3855 1867 ἔστιν

2196 1901 2386 1956 εἰπεῖν’
2441 1902 2503 1958 Εἰ
2562 1905 2630 1974 τῇ
2681 1901 2985 1976 πραγγελίᾳ
3041 1901 3193 1974 ὑμῶν
3252 1900 3340 1956 καὶ
3398 1903 3433 1971 ἠ
3503 1903 3632 1977 παρ’
3689 1903 3853 1974 ἡμῶν

441 1993 716 2050 custodes
749 2009 983 2063 quoque
1007 1990 1350 2046 assidebant
1368 1992 1612 2056 carceri,
1647 2009 1900 2062 quorum
1924 1992 2093 2047 nulla

2223 1991 2336 2066 πρὸς
2397 1991 2644 2064 φυλακὴν
2707 1991 3094 2068 συγκατάθεσις
3151 1990 3471 2067 προσετέθη,
3526 1987 3751 2068 εὒλογοι
3802 1990 3859 2046 αἱ

442 2084 618 2140 modo
651 2083 719 2138 ﬁt
746 2083 972 2138 mentio
1005 2082 1079 2137 ad
1111 2082 1570 2137 occultationem
1623 2082 1878 2154 angelici
1912 2083 2088 2138 mira-

446 2173 598 2228 culi:
632 2188 835 2227 verum
869 2171 1067 2226 dicere
1099 2176 1343 2242 possent
1372 2170 1662 2242 apostoli:
1696 2171 1752 2224 Si
1797 2177 2093 2242 prmcepto

443 2268 635 2319 vestro
664 2267 870 2318 noster
901 2261 1077 2316 etiam
1109 2277 1391 2315 assensus
1416 2260 1490 2314 ad
1521 2260 1955 2316 observantiam
1987 2259 2094 2315 ad-

2202 2084 2291 2134 νῦν
2325 2079 2409 2134 ἐπ’
2470 2080 2722 2151 ἀθέτησιν
2780 2080 3086 2154 ἀνακρίσεις
3142 2102 3199 2135 τε
3256 2081 3347 2134 καὶ
3387 2079 3622 2136 εὐθῦναι.
3675 2079 3739 2136 Εἰ
3800 2077 3858 2134 δὲ

2202 2168 2412 2224 τούτων
2469 2168 2644 2238 οὐδὲν,
2699 2170 2943 2246 ἀφρόνων
3005 2172 3061 2224 αἱ
3118 2174 3208 2224 νῦν
3270 2171 3344 2231 ὡς
3403 2169 3493 2224 ἐπὶ
3551 2164 3859 2244 παραϐάσει

2208 2256 2547 2329 ἐπικλήσεις.

433 2353 681 2424 junctus
713 2356 823 2419 est,
855 2349 1239 2405 rationabiles
1272 2354 1474 2403 essent
1505 2366 1666 2404 nunc
1695 2349 1768 2404 ob
1815 2355 2084 2421 spretum
2139 2354 2503 2421 praeceptum
2549 2350 3048 2422 interrogationes
3092 2349 3271 2405 simul
3321 2353 3379 2404 et.
3425 2348 3722 2406 examina.
3786 2349 3862 2404 At

445 2443 493 2497 si
523 2441 676 2496 nihil
706 2441 941 2504 horum,
971 2440 1340 2495 dementium
1372 2444 1512 2495 sunt
1544 2439 1743 2508 modo,
1775 2441 1936 2495 velut
1966 2440 2039 2494 ob
2073 2440 2611 2512 transgressionem
2633 2440 3082 2512 appellationes.

516 2532 582 2599 V,
614 2532 706 2596 26,
737 2533 825 2584 2‘7.
867 2550 888 2577 ι
918 2529 1228 2585 Timebant
1261 2529 1418 2584 enim
1450 2528 1710 2601 plebem,
1761 2546 1836 2584 ne
1881 2529 2096 2600 lapidi-

444 2645 472 2672 «
505 2621 615 2676 bus
645 2621 1146 2692 opprimerentur.
1194 2619 1496 2675 Adductos
1546 2623 1745 2674 autem
1793 2618 1929 2674 illos
1979 2624 2098 2673 sta-

448 2733 476 2762 α
511 2715 755 2766 tuerunt
782 2709 845 2764 in
876 2709 1128 2765 concilio
1155 2726 1166 2762 :
1203 2714 1261 2763 et
1291 2709 1676 2781 interrogavit
1697 2724 1798 2764 eos
1820 2708 2098 2781 princeps

450 2822 478 2850 «ι
514 2799 893 2856 sacerdotum
924 2797 1151 2854 dicens.
1186 2821 1214 2848 »

521 2889 565 2946 Ο
597 2888 962 2944 dementiam
989 2889 1235 2944 istorum
1264 2889 1276 2944 Ξ
1312 2889 1412 2959 qui
1442 2888 1628 2944 turbaa
1669 2889 1908 2959 quidem
1959 2905 2098 2960 pru-

452 2979 717 3036 dentiam
749 2979 955 3034 latenti
990 2979 1199 3034 timore
1247 2983 1662 3050 cognoverant,
1718 2979 1995 3033 similiter
2043 2985 2104 3034 et

450 3072 576 3142 Dei,
611 3070 712 3142 qui
743 3070 1054 3126 manifeste
1088 3087 1226 3125 suos
1245 3087 1482 3142 semper
1499 3069 1571 3124 de
1595 3069 1870 3125 manibus
1895 3086 2102 3126 eorum

448 3167 734 3232 tanquam
764 3159 1033 3216 volucres
1065 3159 1355 3232 eripiebat
1383 3176 1396 3214 :
1431 3175 1540 3214 nec
1593 3165 1790 3214 tamen
1835 3176 2103 3232 unquam

451 3252 720 3324 adoptari
753 3253 1096 3325 cupiebant.

521 3342 620 3396 ΔΘ
647 3343 709 3409 V,
733 3344 801 3396 28
831 3363 856 3393 ιι
877 3343 1084 3396 Nonne
1105 3347 1400 3413 praecepto
1427 3343 2102 3413 prmcepimusvobisme

2281 2552 2307 2578 ‹‹
2345 2522 2679 2605 Ἐφοϐοὖντο
2727 2528 2830 2603 γὰρ
2858 2528 2950 2583 τὸν
3005 2527 3161 2598 λαὸν,
3215 2526 3306 2582 ’ἱνα
3368 2527 3444 2601 μὴ
3503 2526 3863 2584 λιθασθῶσιν.

2207 2615 2525 2691 Ἀγαγόντες
2555 2613 2612 2672 δὲ
2672 2616 2869 2679 αὐτοὺς
2926 2614 3153 2688 ἔστησαν
3213 2616 3267 2672 ἐν
3298 2621 3378 2690 τῷ
3418 2613 3698 2692 συνεδρίῳ.
3765 2615 3867 2672 Καὶ

2209 2702 2561 2780 ἐπηρώτησεν
2596 2705 2788 2767 αὐτοὺς
2813 2707 2840 2761 6
2871 2706 3177 2783 ἀρχιερεύς.
3226 2731 3253 2758 ››

2280 2891 2376 2947 ’Ὡς
2405 2892 2504 2955 τῆς
2537 2882 2939 2961 ἐμϐροντησίας
2971 2891 3078 2942 τῶν
3112 2885 3196 2942 ἐπ’
3227 2884 3422 2957 ἀδήλῳ
3457 2887 3550 2959 μὲν
3577 2890 3657 2957 τῷ
3704 2881 3869 2963 φόϐῳ

2211 2978 2307 3029 τοῦ
2335 2970 2513 3053 ὄχλου
2544 2975 2608 3029 τὸ
2641 2979 2854 3054 σῶφρον
2888 2975 3305 3053 ἐπεγνωκότων,
3365 2979 3462 3030 τοῦ
3511 2979 3646 3030 Θεοῦ
3679 2971 3740 3029 δὲ
3768 2979 3868 3030 τοῦ

2211 3060 2509 3137 προδήλως
2534 3066 2770 3126 ἀεὶτῶν
2825 3070 3027 3141 χειρῶν
3090 3065 3265 3120 αὐτῶν
3325 3064 3568 3140 καθάπερ
3623 3062 3870 3134 πτηνοὺς

2212 3153 2340 3216 τοὺς
2371 3155 2564 3208 ἑαυτοῦ
2622 3153 3037 3231 ἐξαρπάζοντοςε
3075 3153 3205 3229 μηδ’
3249 3157 3317 3226 ἣν
3371 3174 3492 3209 τινα
3549 3151 3693 3228 ὥραν
3751 3154 3870 3208 υἱο-

2213 3245 2481 3299 ποιεῖσθαι
2513 3245 2984 3320 προθυμουμένων
3022 3246 3034 3300 ι

2292 3360 2311 3383 ι
2349 3334 2426 3390 Οὐ
2478 3333 2823 3408 παραγγελία
2877 3333 3328 3408 παρηγγείλαμεν
3395 3335 3548 3406 ὑμῖν,
3603 3333 3678 3406 μὴ
3713 3329 3873 3388 διδά-

449 3451 478 3479 ‹‹
511 3429 806 3486 doceretis
835 3431 897 3484 in
930 3430 1041 3484 hoc
1071 3429 1362 3486 nomine?
1393 3436 1452 3485 et
1483 3448 1616 3487 ecce
1642 3431 1916 3502 replestis
1936 3432 2099 3486 Jeru-

2223 3446 2251 3475 ‹‹
2283 3443 2423 3478 σκειν
2457 3421 2534 3477 ἐτὶ
2565 3428 2644 3496 τῷ
2701 3423 2929 3495 ὀνόματι
2982 3423 3208 3495 τούτῳς
3256 3423 3343 3478 καὶ
3399 3421 3519 3479 ἱδοὺ
3569 3420 3874 3496 πεπληρώ-

453 3541 480 3569 α
517 3518 703 3573 salem
735 3518 1009 3573 doctrina
1039 3525 1252 3574 vestra.
1290 3540 1317 3568 »

525 3607 624 3662 Vir
653 3608 1050 3679 propudiosus
1077 3614 1136 3662 et
1165 3609 1473 3679 improbus
1506 3614 1565 3664 et
1594 3609 1811 3664 stultus
1858 3628 1957 3666 eos
2007 3611 2103 3666 in-

452 3697 786 3768 terrogavit.
821 3721 846 3745 ‹‹
883 3698 1085 3752 Nonne
1131 3706 1448 3769 praecepto,
1509 3706 1620 3754 etc.
1660 3722 1686 3746 ››
1737 3701 2104 3772 Prmceptum

456 3787 696 3858 quidem
723 3788 849 3857 jam
881 3786 1104 3842 dictum
1139 3794 1228 3842 est
1248 3788 1490 3857 plenum
1549 3806 1679 3844 esse
1731 3791 2105 3852 temeritatis,

457 3883 516 3930 et
545 3876 912 3948 superfluum
945 3894 1072 3932 esse
1107 3877 1314 3933 eadem
1343 3879 1569 3934 eisdem
1602 3878 1674 3934 de
1707 3879 1884 3934 rebus
1936 3896 2101 3952 repe-

452 3971 601 4022 tere.

530 4059 591 4116 ν,
625 4058 715 4125 28,
746 4060 834 4111 29.
871 4080 898 4108 «
931 4059 1002 4111 Et
1028 4058 1204 4112 vultis
1253 4058 1536 4114 inducere
1588 4076 1768 4130 super
1809 4075 1920 4113 nos
1969 4076 2106 4114 san-

465 4164 488 4193 α
522 4146 760 4217 guinem
793 4145 899 4198 viri
947 4145 1144 4215 hujus.
1208 4147 1595 4218 Respondeas
1653 4153 1852 4202 autem
1904 4149 2107 4203 Simon

459 4256 486 4283 «
525 4236 734 4288 Petrus
766 4239 826 4287 et
853 4234 1127 4304 apostoli.
1166 4235 1462 4289 dixerunt.
1504 4257 1526 4284 ιι

533 4322 738 4377 Adhuc
769 4323 855 4376 eis
881 4322 1075 4377 nudus
1101 4324 1279 4378 homo
1301 4325 1630 4381 videbatur.
1670 4327 1740 4382 Ut
1783 4332 1981 4382 autem
2015 4343 2112 4380 os—

461 4413 709 4469 tendant
737 4415 1141 4469 necessarium
1173 4415 1356 4470 fuisse
1388 4426 1774 4487 prmceptum,
1807 4423 1866 4472 et
1897 4423 1961 4471 ut
1991 4435 2110 4472 suae

459 4502 843 4575 providerent
871 4503 1068 4571 saluti,
1103 4510 1286 4576 utque
1330 4506 1778 4562 multitudinem
1833 4507 2112 4563 adversus

462 4591 600 4647 illos
633 4592 1074 4661 exacerbarent,
1109 4593 1234 4649 haec
1267 4594 1563 4650 dicebant.

535 4681 599 4750 V,
631 4684 816 4737 29-31.
842 4705 870 4732 «
906 4682 1158 4738 Obedire
1189 4690 1422 4756 Oportet
1451 4686 1570 4740 Deo
1599 4685 1784 4758 magis
1816 4703 1992 4759 quam
2014 4687 2116 4741 ho-

2228 3535 2248 3564 c
2281 3534 2409 3568 κατε
2437 3515 2536 3583 τὴν
2572 3513 2937 3590 Ἰερουσαλὴμ
2965 3521 3066 3584 τῆς
3101 3511 3337 3590 διδαχῆς
3366 3514 3541 3586 ὑμῶν.
3579 3537 3607 3565 ι)

2292 3605 2352 3660 't)
2383 3604 2743 3679 ἀναίσχυντος
2797 3605 2887 3660 καὶ
2941 3605 3136 3680 ἰταμὸς
3190 3609 3274 3660 καὶ
3334 3606 3519 3682 μωρὸς
3580 3605 3875 3680 ἠρώτησεν

2223 3694 2437 3758 αὐτοὺς,
2476 3718 2502 3745 ‹‹
2534 3695 2678 3769 Οὐχὶ
2709 3695 3073 3770 παραγγελία,
3106 3721 3131 3744 n
3162 3697 3249 3749 καὶ
3287 3696 3429 3768 ἑξῆς.
3460 3696 3519 3750 ῚΙ
3549 3696 3642 3766 μὲν
3673 3714 3881 3768 παραγ-

2221 3785 2379 3862 γελία
2407 3784 2488 3839 ὅτι
2525 3788 2693 3857 μεστὴ
2727 3785 3058 3860 ἐμπληξίας,
3086 3783 3297 3859 εὛρηται
3356 3783 3490 3856 ἤδη,
3518 3785 3609 3839 καὶ
3668 3784 3879 3859 παρέλ-

2221 3895 2315 3932 κον
2343 3876 2408 3930 τα
2438 3874 2572 3930 αὐτὰ
2603 3875 2724 3951 περὶ
2756 3881 2862 3931 τῶν
2896 3875 3070 3930 αὐτῶν
3102 3870 3634 3948 ἐπαναλαμϐάνουσι.

2294 4083 2322 4109 ‹‹
2360 4058 2456 4112 Καὶ
2516 4057 2779 4132 βούλεσθε
2832 4058 3108 4132 ἑπαγανεῖν
3162 4058 3240 4116 ἐφ’
3296 4060 3444 4129 ἡμᾶς
3494 4058 3556 4112 τὸ
3605 4057 3746 4128 αἷμα
3777 4060 3880 4111 τοῦ

2227 4172 2252 4198 ‹‹
2285 4146 2575 4222 ἀνθρώπου
2599 4147 2834 4214 τούτου
2895 4149 3241 4221 Ἀπυκριθιῖς
3283 4144 3340 4202 δὲ
3371 4149 3398 4202 6
3437 4147 3636 4222 Πέτρος
3699 4145 3789 4200 κατ
3830 4147 3884 4200 οἱ

2231 4261 2251 4287 ι
2289 4236 2638 4304 Ἀπόστολοι,
2672 4241 2845 4293 εἷπον.
2886 4263 2910 4287 η

2295 4327 2416 4380 ’Ἔτι
2456 4325 2642 4390 αὐτο“ς
2695 4327 2858 4401 ψιλὸς
2916 4326 3200 4400 ἅνθρωπος
3234 4324 3432 4382 ἐδόκει.
3483 4329 3598 4382 ’Ὶνα
3648 4323 3705 4380 δὲ
3767 4321 3881 4380 δεί-

2227 4415 2386 4486 ξωσιν
2420 4414 2503 4470 ὅτι
2535 4415 2796 4490 ἀναγκαία
2824 4417 2893 4485 ἦν
2924 4419 2957 4484 ἠ
2995 4415 3364 4490 παραγγελία,
3423 4415 3514 4470 καὶ
3568 4412 3748 4493 φειδοῖ
3777 4420 3884 4482 τῆς

2227 4504 2430 4566 οἰκείας
2491 4505 2786 4579 σωτηρίας,
2871 4505 2962 4560 καὶ
3018 4505 3109 4559 ἳνα
3159 4505 3472 4584 τραχύνωσι
3523 4505 3640 4558 κατ’
3698 4501 3882 4558 αὐτῶν

2225 4594 2286 4648 τὸ
2317 4593 2553 4663 πλῆθος,
2587 4598 2754 4650 ταῦτα
2786 4592 2995 4669 ἔλεγον.

2303 4707 2330 4735 ι(
2365 4687 2684 4758 Πειθαρχεῖν
2745 4681 2828 4740 δεῖ
2885 4688 3000 4756 Θεῷ
3062 4681 3299 4756 μᾶλλον,
3357 4684 3390 4752 ἢ
3454 4681 3786 4759 ἀνθρώποις.
3820 4683 3890 4738 Ὀ

468 4771 811 4827 «minibus.
876 4773 1029 4827 Deus
1087 4777 1320 4844 patrum
1408 4779 1746 4830 nostrorum
1809 4775 2099 4831 suscitaviI

2230 4799 2250 4825 ι
2287 4775 2417 4836 Θεὸς
2447 4779 2556 4828 τῶν
2587 4775 2832 4850 πατέρων
2865 4777 3025 4848 ἡμῶν
3056 4775 3272 4850 ἤγειρεν
3334 4777 3568 4846 Ἰησοῦν,
3621 4775 3678 4828 ’ὸν
3723 4773 3894 4846 ὑμεῖς

464 4881 492 4910 α
525 4861 746 4926 Jesum,
789 4877 964 4932 quem
1034 4879 1134 4917 vos
1192 4863 1584 4919 interemistis
1638 4881 1996 4936 suspensum
2053 4866 2116 4920 in

465 4969 496 4998 α
527 4949 709 5021 ligno.
734 4951 900 5006 Hunc
930 4952 1260 5023 principem
1293 4959 1352 5008 et
1380 4953 1740 5010 Salvatorem
1773 4956 1927 5011 Deus
1959 4956 2116 5012 exalo

468 5059 496 5088 «
530 5039 671 5093 tavit
699 5039 941 5094 dextera
972 5057 1103 5095 sua.
1146 5064 1172 5090 ››

539 5127 683 5182 Vide
715 5134 939 5199 quanta
968 5130 1150 5185 fuerit
1174 5148 1401 5200 eorum,
1436 5134 1535 5204 qui
1569 5135 2116 5207 interrogabantur,

464 5217 787 5273 modestia:
821 5235 1017 5290 neque
1036 5221 1195 5276 enim
1215 5237 1349 5276 cum
1381 5222 1686 5280 ferocitate
1709 5225 2115 5296 respondent:

465 5307 761 5377 siquidem
791 5314 1188 5382 prmceptores
1220 5317 1410 5378 erant,
1458 5329 1568 5368 nec
1626 5313 2116 5387 indignabantur,

465 5395 567 5451 sed
600 5396 1040 5453 miserabantur
1071 5414 1297 5465 eorum,
1354 5401 1532 5473 idque
1591 5402 2002 5470 intendebant,
2055 5409 2122 5459 ut

464 5485 601 5539 illos
632 5503 833 5541 errore
866 5488 1215 5544 eximerent.
1251 5492 1375 5545 Non
1409 5492 1569 5546 enim
1629 5492 1910 5547 adversus
1958 5493 2119 5565 ipsos

465 5575 639 5629 rixati
673 5581 849 5630 sunt:
897 5584 999 5631 aut
1055 5578 1192 5632 elati
1243 5579 1398 5634 dono
1446 5581 1752 5653 signorum
1784 5599 1817 5636 a
1850 5583 1966 5638 Deo
2015 5599 2122 5654 per

471 5681 570 5719 eos
613 5665 933 5731 editorum,
987 5670 1418 5726 contumeliose
1476 5671 1598 5726 illis
1656 5672 2118 5744 responderunt,

471 5754 633 5824 ipsos
655 5755 935 5811 adversus
962 5758 1269 5813 stimulum
1307 5760 1614 5815 calcitrare
1660 5762 1979 5817 docentes:
2017 5763 2120 5818 sed

470 5841 730 5910 primum
762 5844 1002 5915 quidem
1035 5845 1202 5902 aiunt
1229 5847 1628 5906 obedientiam
1654 5853 1768 5906 Deo
1789 5852 2120 5922 promptius

2229 4860 2689 4940 «διεχειρίσασθε
2767 4864 3134 4940 κρεμάσαντες
3215 4863 3304 4918 ἐπὶ
3355 4863 3542 4937 ξύλου.
3605 4865 3816 4920 Τοῦτον
3855 4863 3885 4916 6

2229 4977 2256 5003 α
2290 4953 2418 5015 Θεὸς
2478 4953 2722 5030 ἀρχηγὸν
2781 4954 2870 5009 καὶ
2928 4961 3158 5028 Σωτῆρα
3210 4953 3393 5028 ὕψωσε
3441 4956 3509 5027 τῇ
3571 4949 3714 5026 δεξιᾷ
3774 4950 3882 5006 αὖ·

2231 5065 2258 5094 ((
2285 5063 2399 5099 του.
2436 5062 2467 5095 ἱ)

2300 5131 2497 5188 Σκόπει
2532 5131 2590 5186 δὲ
2649 5131 2750 5204 ὅση
2785 5138 2820 5202 ὴ
2856 5133 3118 5189 ἐπιείκεια
3171 5138 3278 5188 τῶν
3329 5131 3742 5205 ἐξεταζομένων.
3800 5131 3890 5187 Οὐ

2228 5223 2334 5298 γὰρ
2387 5220 2626 5298 θρασέως
2687 5223 3086 5299 ἀπ·κρίνονται.
3177 5221 3508 5278 Διδάσκαλοι
3563 5223 3666 5297 γὰρ
3720 5221 3891 5292 ἦσαν,

2227 5313 2318 5368 καὶ
2356 5313 2456 5368 οὐκ
2512 5312 2833 5390 ὠργίζοντο,
2891 5312 3017 5368 ἀλλ’
3057 5312 3256 5382 ἠλέουν
3317 5311 3534 5382 αὐτοὺς,
3591 5303 3680 5366 καὶ
3726 5309 3891 5365 ἐσκό-

2229 5424 2366 5459 πουν
2398 5405 2547 5466 ὅπως
2593 5402 2788 5465 αὐτοὺς
2845 5403 3201 5476 ἂπαλλάξωσι
3249 5409 3347 5472 τῆς
3401 5401 3636 5472 πλάνης.
3671 5399 3748 5458 Οὐ
3779 5399 3892 5475 γὰρ

2230 5491 2528 5566 ἐνάμιλλον
2560 5493 2768 5560 αὐτοῖς,
2800 5491 2886 5547 ἐπὶ
2917 5497 2985 5566 τῇ
3037 5490 3110 5548 δι’
3166 5491 3362 5554 αὐτοὺς
3395 5490 3696 5564 θεοσημείᾳ
3723 5488 3887 5543 ἐπαι-

2233 5584 2482 5658 ρόμενοι,
2560 5579 2888 5660 ὑϐριστικῶς
2973 5582 3160 5644 αὐτοῖς
3237 5583 3558 5656 κέχρηνται,
3614 5579 3690 5652 μή
3744 5578 3894 5653 πρὸς

2228 5672 2422 5746 κέντρα
2467 5670 2740 5742 λακτίζειν
2799 5671 2996 5733 αὐτοὺς
3047 5672 3426 5741 συνετίζοντες.
3493 5667 3673 5725 Ἀλλὰ
3731 5669 3892 5740 πρῶ-

2230 5779 2320 5814 τον
2358 5759 2453 5831 μὶν
2484 5763 2565 5832 τῷ
2623 5758 2740 5832 Θεῷ
2797 5761 3076 5830 πειθήνιον
3136 5759 3532 5834 προτιμότερον
3584 5757 3892 5835 φάσκουσιν

2229 5848 2530 5926 ἀνθρώπων
2615 5849 2942 5922 ἀνατιθέναι,
3023 5848 3456 5928 ἀποῤῥητότερον
3544 5847 3742 5908 αὐτοὺς
3796 5839 3899 5899 δι-
