4160 6428
337 538 447 600 U7
1351 531 1762 596 COMMENT.
1810 533 1892 593 IN
1937 529 2147 592 ACTA
2189 531 2804 594 APOSTOLORUM.
3677 539 3797 599 118

347 668 717 747 ιλέγρχοντες
746 668 826 730 ὡς
867 668 1253 748 καταιρόνητὰς
1283 670 1393 722 τῶν
1453 661 1525 721 δι’
1583 663 1777 726 αὐτοὺς
1837 663 1988 720 θεόθε

2135 664 2514 721 referendam
2544 682 2674 720 esse
2696 682 2877 737 quam
2903 667 3283 724 hominibus:
3307 668 3600 724 occultius
3621 670 3786 742 ipsos

345 756 783 832 ἱκτελουμένων,
817 759 940 812 εἶτα
983 753 1042 812 δὲ
1101 755 1190 811 καὶ
1250 753 1334 811 ὅτι
1388 752 1445 809 ὅν
1507 751 1792 828 ἄνθρωπον
1854 749 1987 826 ψιλὸ

2125 759 2476 810 accusantes
2515 759 2801 825 tanquam
2859 761 3297 827 contemptores
3356 773 3582 826 eorum,
3645 777 3777 830 qum

347 847 717 917 ἀπεκάλεσαν,
748 851 948 902 τοῦτον
1003 847 1145 901 εἶναι
1200 843 1292 900 καὶ
1346 849 1584 918 Σωτῆρα
1637 841 1728 897 καὶ
1769 842 1850 914 τῷ
1902 845 1988 897 Osi

2127 850 2369 917 pr0pter
2398 845 2533 901 illos
2563 851 2806 916 peracta
2833 851 3021 900 erant.
3056 846 3280 901 Deinde
3313 848 3490 902 etiam
3531 849 3689 919 quod
3722 851 3774 905 is

354 937 772 1013 μεμελημὲνον,
817 938 893 998 ὡς
953 937 1046 991 καὶ
1104 933 1166 990 ἐκ
1223 939 1424 1009 νεκρῶν
1481 933 1642 988 αὐτὸν
1699 933 1988 1001 ἂναστῆσαι

2125 950 2303 1004 quem
2336 934 2448 1006 ipsi
2480 935 2709 990 nudum
2737 936 3043 992 hominem
3074 936 3399 1007 appellant,
3433 939 3775 995 etSalvator

351 1030 436 1088 Τὸ
466 1030 574 1106 γὰρ
605 1028 786 1098 οἰκείᾳ
811 1026 1037 1106 φάσκειν
1075 1023 1232 1100 ίσχύϊ
1255 1022 1354 1079 οὐκ
1383 1020 1622 1100 ἀσφαλὲς
1668 1020 1805 1084 τέως
1851 1020 1988 1095 ἐρεῖν

2124 1029 2272 1088 erat,
2305 1030 2363 1078 et
2392 1026 2545 1080 Deus
2579 1031 2808 1080 tantum
2842 1026 3004 1081 illius
3036 1043 3240 1081 curam
3291 1027 3596 1093 habuerat,
3644 1035 3710 1082 ut
3745 1045 3780 1084 a

349 1119 429 1180 ὡς
458 1117 521 1173 ἄν
555 1119 632 1191 μή
665 1115 906 1180 ἀντίθεος
942 1113 1124 1186 τούτῳ
1175 1114 1482 1188 νομίζοιτο.
1543 1113 1754 1168 Τοῦτον
1809 1107 1866 1164 δὲ
1920 1110 1988 1164 τὸ

2124 1114 2378 1169 mortuis
2404 1115 2600 1185 ipsum
2627 1117 3112 1171 suscitaret.Nam
3137 1116 3518 1171 dicereillum
3535 1119 3772 1188 propria

353 1209 464 1265 ὑπὸ
522 1208 658 1263 Θεοῦ
718 1204 992 1279 ύψωθὲντα
1050 1201 1247 1264 αὐτοὺς
1333 1199 1736 1276 διαχρήσασθαι
1804 1198 1988 1271 θανάτο

2122 1204 2450 1258 surrexisse
2478 1204 2712 1274 virtute,
2746 1205 2984 1260 interim
3016 1210 3210 1259 tutum
3240 1205 3508 1260 nondum
3537 1212 3679 1270 erat,
3699 1224 3774 1262 ne

348 1300 615 1372 ππροῦ,
646 1294 774 1350 ὅσου
819 1297 917 1349 τοῦ
967 1292 1373 1368 κατακρίματος
1435 1286 1720 1355 ὑπόδικον,
1779 1289 1853 1352 ὡς
1905 1287 1988 1343 ἀπε

2119 1293 2275 1365 apud
2297 1294 2456 1349 hunc
2478 1295 2922 1350 existimaretur
2942 1297 3060 1350 Deo
3083 1296 3438 1351 contrarius.
3474 1298 3546 1352 Ut
3575 1302 3774 1352 autem

346 1385 522 1462 κάρου
566 1386 764 1459 βαθὲος
797 1381 1110 1454 ἑξανιστῶν,
1141 1380 1503 1457 προτρέπεται
1533 1376 1757 1434 ἰννοεῖν.

420 1681 452 1708 α
480 1660 682 1712 Δοῦναι
719 1653 1007 1727 μετάνοιαν
1037 1655 1117 1724 τῷ
1151 1646 1395 1728 ’[σραήλ,
1445 1647 1537 1704 καὶ
1584 1644 1770 1723 ἄφεσιν
1829 1645 2007 1722 ἆμαρ-

355 1771 386 1799 α
415 1750 568 1802 τῶν.
601 1767 630 1795 ιο

433 1836 589 1894 Οὕτω
645 1831 978 1907 μετεωρίσας
1027 1831 1122 1887 τὸν
1187 1830 1311 1908 περὶ
1367 1835 1466 1886 τοῦ
1519 1832 1754 1901 σταυροῦ
1808 1825 2002 1905 λόγον,

357 1926 446 1980 καὶ
480 1925 554 1986 ὠς
583 1923 962 2000 ἆσύγγνωστον
1007 1921 1320 1996 κατάκριμα
1376 1925 1496 1982 τοῖς
1550 1921 1620 1993 τῇ
1682 1917 1820 1990 αύτῇ
1865 1916 2001 1972 κατὰ

2119 1398 2154 1437 a
2177 1382 2474 1454 profundo
2497 1385 2714 1440 excitet
2735 1401 2967 1456 sapore,
2984 1384 3771 1458 exhortaturadintelligen-

2115 1470 2260 1527 dum
2291 1478 2528 1544 quanta)
2559 1473 2929 1529 damnationi
2962 1474 3039 1528 sit
3067 1474 3390 1530 obnoxium
3421 1475 3582 1546 ipsos
3609 1475 3770 1530 hunc

2117 1577 2152 1616 a
2185 1565 2300 1617 Deo
2333 1562 2658 1618 exaltatum
2690 1568 2882 1618 morte
2915 1562 3110 1618 crucis
3140 1563 3541 1620 interemisse.

2188 1671 2216 1701 ι(
2247 1650 2338 1708 Ad
2363 1650 2620 1707 dandam
2651 1652 3059 1724 paenitentiam
3090 1653 3295 1721 Israel,
3342 1669 3411 1708 ac
3455 1653 3767 1709 remissio-

2115 1759 2140 1792 ε
2176 1755 2314 1796 nem
2343 1747 2742 1813 peccatorum.
2774 1764 2802 1792 »

2184 1829 2284 1886 50
2306 1831 2450 1887 Cum
2484 1848 2821 1888 sermonem
2854 1834 2926 1889 de
2957 1851 3132 1890 cruce
3171 1833 3318 1889 adeo
3352 1833 3764 1904 sublimasset,

2111 1921 2956 1991 ettanquamirremissibilem
2970 1923 3769 1979 exhibuissetdannationem

352 2014 581 2087 Χριστὸν
614 2011 789 2087 λύσσῃ
842 2009 1366 2083 ἔναποκαθημένοις,
1426 2008 1607 2083 ὥσπερ
1663 2011 1761 2063 τοῦ
1807 2007 1988 2062 τοσού-

2111 2008 2204 2064 his
2236 2010 2336 2080 qui
2367 2010 2553 2066 furori
2585 2010 2867 2067 adversus
2898 2012 3197 2067 Christum
3225 2012 3517 2067 intentato
3558 2013 3760 2070 adhae-

344 2125 444 2159 του
473 2103 684 2179 ἃχθους
713 2101 1130 2176 ἆποφορτισμὸν
1159 2099 1343 2161 αὐτοῖς
1405 2099 1833 2175 μηχανώμενος,
1894 2118 2001 2174 φη-

341 2193 452 2248 σίν.
491 2191 652 2248 Ἀλλ’
685 2189 843 2253 οὗτος
872 2191 967 2264 μὲν
1003 2189 1092 2268 ὑφ’
1124 2189 1277 2264 ὑμῶν
1333 2188 1652 2261 ἀτιμωθείς,
1706 2187 1810 2241 ὑπὸ
1867 2188 2001 2240 Θεοῦ

341 2281 400 2340 δὲ
443 2282 710 2356 ὑψωθεὶς,
770 2275 940 2335 ἔδωκε
996 2282 1208 2351 πνεῦμα
1266 2277 1552 2351 μετανοίας
1617 2279 1698 2347 τῷ
1755 2272 1998 2347 Ἰσραὴλ,

348 2373 441 2428 ιιαὶ
471 2371 663 2450 ἄφεσιν
696 2369 1002 2445 ἁμαρτιῶν,
1035 2365 1188 2424 οὐδὲν
1219 2373 1320 2438 τῆς
1373 2364 1463 2423 διὰ
1501 2366 1593 2422 τὸν
1642 2363 1870 2438 σταυρὸν
1921 2363 1999 2426 είς

334 2463 497 2519 αὐτὸν
550 2459 857 2536 παροινίας,
917 2458 994 2520 είς
1051 2456 1412 2532 ἀποστροφὴν
1471 2453 1774 2529 δυναμένης
1825 2452 1995 2528 ἄγειν,

330 2552 522 2608 καθότι
555 2551 587 2606 6
620 2551 726 2607 ὑπὸ
774 2551 910 2606 Θεοῦ
966 2546 1210 2622 ὑψωθεὶς
1267 2547 1630 2620 ἀμνησικακεῖ
1676 2543 1814 2618 πρὸς
1867 2541 1999 2604 τοὺς

333 2640 428 2699 διὰ
458 2642 684 2704 πειθοῦς
709 2639 870 2695 αὐτὸν
902 2637 1304 2715 ἐπεγνωκότας.
1337 2637 1477 2709 ’Όρα
1509 2633 1567 2690 δὲ
1615 2639 1732 2696 πῶς
1777 2634 1872 2689 καὶ
1925 2630 1996 2688 δι’

332 2731 515 2808 ἶογων
547 2729 638 2785 καὶ
669 2727 934 2806 ῥημάτων
965 2721 1356 2799 παιδευόμενοι
1390 2721 1674 2794 Ἰουδαῖοι,
1715 2723 1778 2778 ού
1823 2742 1998 2796 προσ-

328 2829 505 2898 εῖχον,
539 2819 626 2876 διὸ
654 2820 747 2875 καὶ
776 2821 812 2889 ἡ
844 2819 1161 2892 κατάκρισις
1191 2816 1374 2872 αὐτῶν
1422 2813 1628 2871 δικαία.
1690 2814 1768 2869 Δι’
1814 2811 1990 2889 ἔργων

327 2915 450 2986 μὶν,
511 2912 827 2985 συγχωρῶν
884 2907 1015 2969 τοὺς
1069 2903 1416 2969 ἀποστόλους
1473 2903 1550 2966 εἷς
1639 2901 1994 2976 δεσμωτήρια

319 3001 545 3076 ἄγεσθαι
593 3000 714 3072 μὶν,
776 2997 1091 3068 θευμασίως
1144 2993 1202 3052 δὲ
1264 2994 1509 3059 λύεσθαι.
1572 2993 1672 3049 Διᾶ
1723 2992 1987 3070 ῥημάτων

324 3089 400 3158 δὶ,
425 3089 522 3144 ἵνα
551 3088 645 3144 καὶ
678 3084 934 3145 Ἰουδαῖοι
967 3083 1056 3141 διὰ
1091 3089 1193 3140 τοῦ
1249 3082 1424 3161 λόγου
1473 3088 1582 3138 τῶν
1641 3079 1988 3152 ἀποστόλων,

324 3180 411 3235 καὶ
438 3180 642 3240 πάντες
671 3174 1054 3232 παιδεύωνται.
1089 3172 1264 3231 Ἀλλᾶ
1308 3172 1399 3228 καὶ
1447 3171 1601 3227 αὐτοὶ
1650 3171 1703 3226 οἱ
1750 3170 1984 3226 ἀπόστοο

326 3270 418 3326 λοι
478 3268 561 3330 εἷς
619 3265 931 3342 πσῤῥησίαν
992 3263 1328 3344 ἀλείφονται.
1389 3263 1458 3321 Οἱ
1517 3263 1613 3334 μὶν
1669 3259 1760 3316 οὖν
1820 3258 1984 3316 ἄλλοι

330 3359 727 3434 κατενύγησαν,
785 3355 877 3410 καὶ
932 3359 1002 3428 τῇ
1061 3359 1244 3418 πειθοῖ
1291 3357 1401 3408 τῶν
1487 3350 1668 3428 λόγων
1725 3349 1982 3406 κοινωνοὶ

324 3452 434 3504 τῶν
465 3443 798 3502 ἀποστόλων
847 3445 1150 3518 γεγόνασιν.
1208 3443 1270 3500 Ὀ
1325 3441 1612 3518 ἀρχίερεὺς
1667 3438 1725 3496 δὶ
1779 3441 1869 3496 καὶ
1929 3441 1984 3495 οἱ

328 3539 597 3614 ἄρχοντες
624 3535 766 3591 κατὰ
793 3539 904 3589 τῶν
958 3530 1288 3588 ἀποστόλων
1338 3529 1670 3607 διεπρίοντο,
1713 3534 1985 3611 φονῶντες

324 3630 444 3682 κατ’
477 3627 683 3694 αὐτῶν,
739 3623 858 3680 ἐπεὶ
923 3621 1120 3679 λοιπὸν
1172 3618 1556 3699 ἐκφανέστερον
1585 3627 1620 3689 ῆ
1651 3621 1791 3675 κατὰ
1837 3623 1982 3694 Χρι-

334 3720 466 3769 στοῦ
496 3713 666 3769 αότῶν
699 3713 872 3771 λύσσα
901 3711 1102 3786 προῄει
1141 3711 1216 3772 ὡς
1251 3711 1310 3765 οὐ
1343 3708 1545 3780 δικαία,
1604 3708 1750 3765 ἀλλὰ
1799 3708 1983 3787 φθόνῳ

339 3804 437 3857 καὶ
493 3800 580 3857 ἐπὶ
629 3804 816 3874 ’ὅμοιον
875 3801 1041 3881 φόνον
1090 3799 1284 3862 αὐτοὺς
1339 3799 1681 3877 προάγουσα.
1743 3798 1837 3853 Διὸ
1892 3799 1982 3853 καὶ

336 3911 490 3969 φασι·
524 3917 552 3942 ιτ
585 3890 850 3949 Βούλεσθε
878 3891 942 3946 τὸ
973 3892 1112 3964 αἱμα
1143 3893 1242 3944 τοῦ
1301 3888 1594 3961 ἀνθρώπου
1649 3885 1848 3943 τούτου
1901 3883 1984 3964 ἐφ’

329 3984 480 4055 ἡμᾶς
501 3979 720 4058 ἀγαγεῖν
749 4001 764 4050 ;
799 4005 828 4032 ››
861 3981 1001 4052 αἷμα
1029 3979 1122 4034 τὸν
1156 3978 1318 4056 φόνον
1378 3977 1652 4054 λὲγοντες,
1703 3976 1779 4038 ὦς
1830 3974 1921 4030 καὶ
1954 3975 1982 4030 6

319 4070 456 4133 θεὸς
477 4071 619 4146 πρὸς
647 4070 759 4124 τὸν·
797 4069 924 4124 Κάϊν
944 4091 970 4118 α
994 4068 1161 4136 Φωνὴ
1182 4067 1417 4140 αἳματος
1435 4070 1533 4122 τοῦ
1559 4063 1799 4143 ἀδελφοῦ
1826 4085 1980 4134 σου,››

317 4160 441 4216 ἀντὶ
471 4163 574 4214 τοῦ
604 4161 634 4214 6
664 4160 853 4233 φόνος.
882 4159 1069 4216 Ταῦτα
1112 4155 1172 4212 δὲ
1227 4155 1477 4236 ἔφασκον.
1536 4151 1816 4223 Ἰουδαῖοι,
1866 4174 1980 4234 φει-

315 4249 410 4306 δοῖ
435 4247 601 4319 δῆθεν
637 4255 738 4318 τῆς
765 4250 970 4305 ἑαυτῶν
1005 4247 1302 4322 σωτηρίας,
1332 4246 1395 4302 τὸ
1421 4244 1638 4315 πλῆθος
1684 4243 1820 4300 κατὰ
1872 4247 1980 4300 τῶν

314 4339 652 4398 ἀποστόλων
694 4337 1073 4414 τραχύνοντες.

2115 2105 2336 2168 serant,
2360 2101 2538 2155 veluti
2564 2101 2709 2156 tanti
2735 2102 2960 2156 doloris
2978 2103 3463 2157 exonerationem
3487 2103 3571 2158 eis
3592 2121 3770 2160 exco-

2111 2189 2324 2260 gitans,
2359 2191 2478 2245 ait:
2513 2189 2626 2245 Sed
2657 2191 2752 2245 hic
2782 2208 2816 2246 a
2839 2191 3001 2246 vobis
3033 2191 3274 2262 quidem
3296 2192 3660 2249 contumelia
3676 2193 3765 2248 af-

2107 2277 2360 2348 fectus,a
2374 2281 2490 2334 Deo
2511 2296 2644 2335 vero
2663 2279 3147 2345 exaltatus,dedit
3167 2281 3444 2352 spiritum
3464 2282 3760 2352 poeniten-

2110 2369 2206 2424 tiae
2227 2371 2340 2441 ipsi
2362 2371 2566 2436 Israel,
2588 2388 2656 2426 ac
2679 2372 3095 2427 remissionem
3120 2373 3676 2444 peccatorum,adeo
3699 2380 3767 2430 ut

2109 2459 2493 2517 debacchatio
2524 2460 2586 2516 in
2608 2477 2740 2516 eum
2766 2477 2871 2532 per
2891 2477 3129 2517 crucem
3147 2461 3408 2516 admissa
3425 2477 3546 2516 non
3575 2463 3764 2533 possit

2107 2546 2366 2612 efficere,
2398 2553 2464 2603 ut
2519 2565 2552 2604 a
2607 2547 2772 2604 vobis
2819 2554 3137 2616 avertatur,
3198 2566 3266 2604 eo
3325 2548 3481 2620 quod
3542 2549 3592 2604 is
3649 2550 3752 2620 qui

2105 2652 2142 2692 a
2170 2637 2289 2692 Deo
2322 2638 2612 2693 exaltatus
2669 2644 2758 2694 est
2804 2628 3160 2710 injuriarum
3209 2639 3578 2695 obliviscitur
3623 2658 3763 2713 erga

2105 2725 2240 2781 illos
2272 2727 2373 2798 qui
2405 2743 2512 2799 per
2541 2727 2944 2784 obedientiam
2978 2729 3151 2784 illum
3194 2731 3558 2802 agnoverint.
3615 2731 3758 2787 Vide

2102 2824 2303 2874 autem
2319 2819 2619 2890 quomodo
2630 2820 2815 2876 Judwi
2833 2826 2892 2874 et
2907 2837 3016 2892 per
3031 2837 3212 2892 opera
3229 2828 3288 2878 et
3311 2838 3418 2893 per
3430 2822 3609 2879 verba
3626 2839 3758 2879 cor-

2103 2909 2255 2980 repti
2301 2925 2422 2963 non
2476 2909 2994 2981 obtemperarunt,
3053 2911 3307 2982 ideoque
3363 2928 3570 2967 eorum
3623 2929 3761 2970 con-

2101 2997 2403 3054 demnatio
2428 2998 2595 3069 justa
2625 3004 2730 3054 est.
2768 3001 2881 3056 Per
2911 3017 3093 3071 opera
3122 3000 3388 3071 quidem,
3421 3017 3556 3058 cum
3601 3003 3756 3058 Deus

2100 3087 2402 3158 apostolos
2425 3087 2486 3142 in
2507 3104 2774 3144 carceres
2799 3088 2936 3144 duci
2953 3089 3379 3161 permittit,sed
3400 3091 3754 3148 admirando

2101 3177 2278 3232 modo
2310 3177 2545 3232 liberat.
2579 3179 2692 3259 Der
2714 3179 2892 3234 verba
2923 3195 3084 3244 vero,
3118 3185 3183 3234 ut
3199 3185 3257 3234 et
3278 3180 3465 3234 Judaai
3496 3198 3604 3253 per
3619 3197 3758 3252 apo-

2097 3265 2385 3321 stolorum
2399 3283 2708 3322 sermones
2722 3273 2780 3321 et
2794 3269 2991 3323 caatcri
3005 3285 3214 3324 omnes
3227 3269 3672 3341 corriperentur
3683 3287 3751 3326 ac

2096 3355 2496 3412 erudirentur.
2529 3356 2653 3412 Imo
2687 3361 2746 3411 et
2769 3357 2884 3428 ipsi
2913 3373 3150 3429 quoque
3181 3357 3435 3429 apostoli
3459 3357 3533 3413 ad
3563 3358 3754 3414 libere

2095 3445 2464 3517 loquendum
2482 3447 2997 3519 inunguntur.Alii
3016 3448 3217 3520 itaque
3230 3449 3570 3520 compuncti
3585 3455 3744 3515 sunt,

2095 3539 2155 3590 et
2175 3550 2281 3605 per
2301 3533 2703 3590 obedientiam
2725 3535 3050 3609 participes
3075 3537 3214 3592 facti
3243 3542 3383 3592 sunt
3403 3553 3749 3593 sermonum

2093 3623 2587 3695 apostolicorum:
2610 3625 2829 3680 summi
2849 3642 2982 3680 vero
3000 3626 3339 3682 sacerdotes
3352 3643 3420 3682 ac
3441 3628 3741 3700 principes

2094 3711 2292 3767 furore
2311 3712 2592 3768 adversus
2610 3713 2912 3784 apostolos
2939 3714 3315 3786 agitabantur
3335 3715 3577 3771 illorum
3597 3732 3750 3774 mor-

2096 3807 2214 3856 tem
2230 3806 2580 3872 appetentes
2597 3818 2608 3856 :
2628 3807 2695 3856 ut
2697 3803 2720 3873 j
2730 3819 2825 3858 am
2841 3803 3215 3858 manifestius
3237 3805 3314 3859 sit
3326 3820 3531 3859 eorum
3545 3805 3746 3860 adver-

2096 3907 2196 3945 sus
2210 3889 2506 3945 Christum
2525 3889 2784 3946 furorem
2801 3908 2923 3946 non
2937 3893 3105 3962 quasi
3112 3893 3135 3964 j
3146 3898 3344 3947 ustum
3357 3894 3742 3964 processisse,

2096 3977 2198 4033 sed
2221 3978 2546 4046 exinvidia,
2577 3979 2678 4050 qui
2701 3979 2775 4034 ad
2796 3980 3136 4052 hujusmodi
3163 3980 3387 4036 caedem
3410 3981 3572 4054 ipsos
3602 3999 3741 4054 pro-

2095 4065 2434 4121 ducat.Ideo
2452 4066 2633 4122 etiam
2651 4066 2822 4122 aiunt
2841 4083 2853 4121 :
2871 4091 2897 4117 α
2915 4067 3104 4124 Vultis
3121 4068 3407 4124 inducere
3430 4085 3608 4140 super
3631 4086 3740 4125 nos

2095 4157 2448 4231 sanguinem
2465 4159 2572 4213 viri
2600 4159 2778 4230 hujus
2795 4157 2822 4214 ‘2
2837 4179 2862 4210 η
2889 4161 3240 4232 sanguinem
3255 4160 3627 4234 appellantes
3639 4177 3721 4217 ca)
3733 4193 3748 4203 ο

2094 4246 2229 4303 dem
2257 4249 2772 4313 Quemadmodum
2789 4250 2967 4305 etiam
2981 4251 3135 4305 Deus
3149 4251 3222 4306 ad
3235 4250 3401 4306 Cain:
3427 4272 3449 4302 α
3475 4251 3594 4306 Vox
3612 4267 3747 4307 san-

2093 4337 2290 4409 guinis
2310 4337 2512 4394 fratris
2533 4339 2618 4394 tui
2635 4337 2821 4407 “,hoc
2841 4344 2931 4394 est
2947 4339 3162 4396 caedes.
3197 4342 3330 4396 Hmc
3357 4345 3556 4396 autem
3589 4340 3751 4397 dice-

316 4436 469 4493 bant
485 4433 700 4499 Judwi,
709 4429 1153 4488 multitudinem
1164 4434 1374 4486 contra
1383 4427 1685 4501 apostolos
1697 4425 2213 4496 exacerbantes,ac
2226 4428 2275 4482 si
2291 4427 2352 4483 id
2371 4433 2600 4484 tantum
2615 4434 3042 4500 quaererent,ut
3054 4448 3175 4486 sua)
3189 4430 3367 4486 saluti
3380 4437 3751 4503 parceretur.

389 4547 421 4575 σι
469 4520 585 4579 Καὶ
641 4523 806 4593 ἡμεῖς
865 4519 1024 4592 ἐσμεν
1080 4515 1231 4574 αὐτοὶ
1295 4516 1564 4594 μάρτυρες
1620 4518 1729 4570 τῶν
1797 4513 1982 4590 ῥημά-

315 4637 347 4666 α
373 4633 494 4669 των
523 4607 755 4667 τούτων.
792 4633 821 4660 ιι

2170 4518 2231 4587 V,
2265 4521 2353 4574 32.
2384 4541 2411 4568 ι(
2445 4518 2516 4574 Et
2543 4535 2652 4574 nos
2683 4535 2891 4575 sumus
2921 4519 3036 4591 ipsi
3086 4525 3270 4576 testes
3327 4521 3562 4589 horum,
3613 4538 3744 4593 qum

2097 4629 2125 4656 ι(
2158 4607 2432 4664 dicimus.
2469 4630 2497 4659 »

387 4696 581 4753 Ποίων
612 4714 628 4765 ;
659 4693 743 4749 ὅτι
774 4694 986 4772 ἄφεσιν,
1017 4691 1100 4750 ὅτι
1137 4694 1426 4766 μετάνοιαν
1482 4689 1880 4767 ἐπηγγείλατο.
1911 4690 1977 4748 Ἦ

2163 4697 2464 4763 Quorum?
2493 4697 2651 4769 quod
2681 4699 3116 4766 remissionem,
3152 4699 3312 4770 quod
3335 4699 3750 4770 pmnitentiam

312 4789 419 4863 γὰρ
452 4784 746 4846 ἀνάστασις
775 4783 842 4853 ἦν
877 4781 1075 4839 λοιπὸν
1105 4779 1216 4853 ἤδη
1249 4779 1692 4856 ὡμολογημένη.

393 4903 427 4932 κ
468 4879 578 4936 Καὶ
610 4877 674 4934 τὸ
707 4879 927 4952 Πνεῦμα
958 4873 1018 4934 δὶ
1043 4877 1108 4933 τὸ
1137 4877 1317 4954 ἅγιον,
1348 4873 1379 4932 6'
1407 4868 1607 4930 ἔδωκεν
1649 4874 1678 4930 ὁ
1709 4873 1838 4936 Θεὸς
1868 4876 1986 4936 τοῖς

321 4997 349 5028 ε
382 4974 786 5046 πειθαρχοῦσιν
818 4967 988 5044 αὸτῷ.
1049 4970 1118 5029 Οἱ
1175 4967 1234 5025 δὲ
1275 4967 1600 5030 ἀκούσαντες
1651 4963 1981 5043 διεπρίοντο,

320 5086 350 5112 α
383 5060 484 5116 καὶ
516 5056 881 5115 ὶϐουλεύοντο
909 5058 1119 5116 ἀνελεῖν
1150 5055 1374 5119 αύτούς.

395 5242 528 5298 Ὀτι
561 5238 748 5294 ἃοεσιν
791 5235 1005 5309 δίδωσι,
1059 5248 1152 5294 καί
1206 5238 1372 5308 ἡμεῖς
1433 5237 1836 5310 μαρτυροῦμεν,
1894 5229 1986 5288 καὶ

319 5330 388 5386 τὸ
424 5332 650 5402 Πνεῦμα
677 5328 743 5383 τὸ
781 5329 953 5404 ἅγιον,
993 5325 1025 5383 ὅ
1055 5325 1155 5383 ούιι
1200 5323 1259 5381 ἅν
1306 5323 1564 5395 ἐπῆλθεν,
1607 5323 1654 5378 εί
1706 5324 1782 5397 μὴ
1847 5321 1984 5396 πρό-

316 5438 478 5494 τερον
519 5417 578 5472 αἱ
636 5415 896 5491 ἁμαρτίαι
955 5411 1234 5471 ἐλέλυντο.
1293 5413 1822 5492 Ταπεινοφροσύνμς
1869 5415 1928 5472 δὶ
1958 5418 1986 5474 6

316 5512 584 5571 τοιοῦτος
617 5507 812 5586 λόγος.
845 5507 925 5566 Ού
953 5507 1054 5582 γὰρ
1083 5509 1220 5579 ἡμῖν
1250 5503 1461 5582 εἴρηται
1509 5507 1986 5581 ἀποκληρωτικῶς

317 5603 444 5660 τοῖς
489 5597 780 5673 ἀγαπῶσιν
838 5594 1026 5666 αὐτὸν,
1076 5592 1226 5650 ἀλλὰ
1277 5597 1346 5669 τῇ
1399 5596 1791 5672 κοινοποιούσῃ
1845 5618 1986 5673 προ-

318 5689 603 5759 ενήνεκται
633 5687 860 5744 πάντων
889 5689 1005 5742 τῶν
1034 5683 1482 5761 πειθαρχούντων
1526 5687 1695 5759 αύτῷ.
1751 5689 1910 5745 ’Ὠστε
1941 5688 1987 5743 εί

389 5863 435 5904 "
463 5866 609 5926 Gen.
642 5881 723 5938 π,
762 5863 849 5920 lo.

2094 4787 2431 4858 promiserit
2459 4803 2471 4841 :
2504 4802 2645 4841 nam
2678 4788 3036 4843 resurrectio
3059 4789 3188 4860 jam
3212 4788 3272 4842 in
3295 4788 3566 4843 confesso
3601 4794 3748 4844 erat.

2166 4876 2226 4945 V,
2251 4875 2339 4931 33.
2379 4898 2398 4924 ιι
2434 4876 2687 4947 Insuper
2717 4881 2776 4930 et
2807 4876 3060 4948 Spiritus
3091 4882 3352 4945 sanctus,
3386 4893 3566 4948 quem
3587 4877 3751 4934 dedit

2096 4990 2122 5016 ‹‹
2141 4966 2296 5021 Deus
2309 4964 2875 5037 obedientibusipsi.
2895 4966 3028 5021 Haec
3059 4971 3258 5022 autem
3281 4983 3416 5023 cum
3439 4967 3749 5025 audissent

2099 5076 2128 5106 «
2168 5054 2620 5111 dissecahantur
2653 5072 2721 5112 ac
2765 5055 3205 5126 consultabant,
3243 5062 3306 5113 ut
3335 5056 3747 5115 interficerent

2100 5165 2125 5198 ε
2153 5145 2309 5202 illos.
2344 5166 2368 5191 η

2167 5236 2334 5303 Quod
2362 5237 2782 5294 remissionem
2815 5237 3054 5306 tribuat,
3079 5243 3139 5294 et
3166 5255 3275 5294 nos
3309 5244 3489 5294 testes
3518 5257 3746 5312 sumus,

2097 5330 2157 5382 et
2185 5327 2440 5398 Spiritus
2469 5333 2733 5393 sanctus,
2766 5329 2867 5401 qui
2885 5344 3265 5399 nequaquam
3310 5331 3752 5400 supervenisset

2097 5417 2212 5471 nisi
2235 5417 2496 5488 primum
2520 5418 2716 5474 soluta
2734 5417 2989 5474 fuissent
3010 5418 3631 5490 peccata.Hujusmodi
3651 5435 3753 5476 au-

2099 5512 2218 5562 tem
2247 5523 2443 5563 sermo
2474 5507 2726 5563 modesti
2760 5507 2947 5562 animi
2979 5513 3096 5565 est:
3122 5525 3317 5580 neque
3339 5510 3502 5566 enim
3524 5511 3750 5566 dictum

2097 5602 2226 5653 est:
2262 5596 2437 5653 nobis
2468 5597 2632 5665 solis,
2660 5598 2762 5670 qui
2804 5613 2940 5654 eum
2988 5597 3293 5671 diligimus
3335 5599 3750 5656 distribuendo

2101 5690 2471 5758 muneraﬁl
2503 5688 2606 5745 sed
2629 5689 2932 5746 communi
2951 5705 3226 5745 sermone
3244 5689 3319 5745 ad
3334 5687 3748 5758 omnesprola-
