4160 6446
415 432 532 496 119

1541 426 1958 489 OECUMENII
2001 427 2309 489 ΤΒΙΟΟλΕ
2356 428 2701 490 EPISCOPI

3733 431 3850 492 120

411 571 538 623 tum
569 571 659 622 est
689 567 788 638 qui
820 566 931 636 ipsi
964 565 1399 636 obtemperant.
1437 565 1522 619 Ita
1554 569 1619 618 ut
1650 565 1829 619 etiam
1876 564 1925 617 si
1982 563 2068 618 illi

2212 561 2278 616 ιάὶ
2314 563 2470 616 αὐτοὶ
2501 561 2801 631 πείθοιντο,
2838 566 2913 636 μή
2971 565 3300 639 ἀμοιρησειν
3358 571 3457 634 τῆς
3514 565 3682 620 αὐτοῦ
3739 561 3848 619 δω-

408 656 738 719 obedirent,
767 672 887 709 non
921 654 1342 709 fraudarentur
1367 661 1533 726 parte
1579 654 1715 708 doni
1774 655 1963 725 ipsius
2000 653 2073 707 ob

421 744 952 816 transgressionem
969 761 1100 814 qua)
1116 750 1356 815 propter
1380 760 1614 798 crucem
1631 744 1952 799 commissa
1967 749 2076 797 est.

490 857 517 884 ‹‹
555 836 612 893 ν,
647 836 834 888 34ε36.
873 836 1128 906 Surgens
1159 840 1357 888 autem
1415 833 1657 904 quidam
1711 834 1771 888 in
1823 833 2076 889 concilio

417 945 445 976 α
479 924 815 979 Pharisaeus
861 925 1105 978 nomine
1173 923 1482 986 Gamaliel,
1543 923 1689 995 legis
1741 923 1968 989 doctor,
2017 924 2077 976 in

420 1035 450 1065 «
484 1015 674 1086 pretio
707 1014 945 1068 habitus
977 1013 1137 1084 apud
1190 1019 1377 1066 totum
1430 1013 1740 1084 populum,
1787 1013 1972 1084 jussit
2015 1018 2082 1066 ut

417 1126 440 1151 σι
474 1104 781 1176 paulisper
808 1102 966 1157 foras
1001 1102 1350 1157 secederent
1379 1103 1660 1172 apostoli,
1707 1102 1974 1172 dixitque
2007 1102 2080 1157 ad

421 1215 451 1244 α
485 1194 635 1249 alios
667 1209 680 1248 :
719 1193 834 1247 Viri
858 1192 1160 1257 Israelita),
1196 1192 1484 1247 attendite
1511 1192 1676 1246 vobis
1725 1193 1869 1263 ipsis
1902 1208 2083 1263 super

420 1307 449 1335 «
479 1284 825 1340 hominibus
857 1284 986 1337 istis
1018 1281 1160 1353 quid
1192 1284 1379 1337 acturi
1417 1283 1567 1337 sitis.
1597 1285 1747 1337 Ante
1780 1283 1889 1336 hos
1921 1283 2079 1337 enim

421 1395 452 1426 «
483 1375 611 1429 dies
645 1373 869 1427 exstitit
895 1371 1190 1436 Theudas,
1222 1371 1428 1426 dicens
1463 1389 1523 1425 se
1584 1388 1714 1426 esse
1765 1371 2027 1442 aliquem
2065 1387 2078 1426 :

424 1484 453 1512 «
487 1463 582 1518 cui
615 1462 866 1518 adhaasit
898 1477 1184 1516 numerus
1205 1462 1463 1516 virorum
1516 1461 1754 1516 circiter
1792 1461 2080 1532 quadrin-

422 1575 449 1602 ‹‹
484 1557 802 1622 gentorum
833 1568 844 1604 :
879 1551 980 1621 qui
1013 1550 1243 1605 occisus
1275 1555 1383 1616 est,
1419 1566 1740 1620 omnesque
1790 1556 2087 1622 quotquot

425 1663 455 1691 «
489 1642 543 1696 ei
575 1639 964 1696 adhaerebant
992 1639 1266 1710 dissipati
1297 1643 1458 1705 sunt,
1493 1644 1552 1694 et
1575 1639 1648 1695 ad
1690 1639 1953 1694 nihilum
1985 1657 2080 1696 re-

431 1751 454 1781 ι
491 1731 665 1787 dacti.
701 1752 730 1782 η

499 1821 604 1876 Hic
622 1820 910 1876 Gamaliel
934 1820 1100 1876 Pauli
1124 1826 1454 1891 praeceptor
1475 1821 1796 1876 erat.Hunc
1829 1837 1964 1893 ergo
1984 1820 2085 1892 qui

428 1914 762 1984 praeceptor
781 1916 926 1976 erat,
946 1916 1005 1964 et
1034 1910 1095 1964 in
1120 1909 1366 1980 judiciis
1394 1910 1540 1982 legis
1571 1911 1952 1981 approbatus,
1982 1910 2084 1965 ad-

426 1999 543 2054 huc
565 2015 685 2053 non
709 1998 974 2062 credere,
1011 2014 1352 2068 quanquam
1379 1998 1638 2069 perfecte
1661 1998 2084 2070 nonintellige-

431 2093 543 2154 ret,
577 2093 858 2142 extremae
891 2092 1018 2140 erat
1059 2087 1396 2142 dementiae.
1452 2090 1520 2140 Et
1561 2087 1948 2142 manifestum
1997 2093 2088 2142 est

429 2193 498 2232 ex
529 2176 722 2230 verbis
755 2176 908 2247 ejus.
939 2193 1070 2246 quae
1104 2177 1283 2230 etiam
1345 2177 1488 2230 satis
1541 2177 1868 2231 ostendunt
1927 2177 2085 2248 quod

429 2267 752 2339 prudentia
785 2265 1122 2320 excelleret.
1157 2267 1226 2320 Et
1256 2266 1435 2320 etiam
1470 2283 1538 2320 ex
1591 2267 1762 2321 factis
1812 2267 1934 2321 suis
1985 2283 2090 2337 pa-

427 2362 530 2413 tet.
567 2358 710 2412 Nam
737 2355 1006 2426 jubendo
1066 2356 1371 2426 apostolos
1431 2357 1564 2426 ejici
1618 2373 1651 2410 a
1701 2357 1975 2415 consilio.
2029 2363 2094 2411 ut

430 2447 578 2518 ipsis
611 2453 900 2501 terrorem
927 2446 1240 2514 incuteret,
1261 2446 1522 2516 seipsum
1542 2463 1779 2517 quoque
1801 2447 2061 2516 suspicio
2079 2477 2094 2486 -

435 2552 510 2592 ne
543 2534 983 2605 liberabat,qua
1011 2539 1324 2606 putaretur
1345 2535 1520 2590 verba
1542 2535 1737 2591 facere
1762 2535 1822 2590 in
1845 2536 2094 2607 gratiam

436 2626 702 2691 illorum,
734 2624 833 2696 qui
867 2623 1138 2694 ejusdem
1173 2641 1309 2678 cum
1341 2625 1469 2696 ipso
1505 2630 1708 2680 essent
1763 2625 2096 2680 sententiae.

442 2715 580 2770 Ideo
613 2729 807 2784 neque
843 2728 1054 2784 magna
1087 2713 1464 2768 vehementia
1496 2729 1641 2768 usus
1673 2719 1782 2778 est,
1817 2713 1920 2768 sed
1971 2719 2100 2767 tan-

447 2820 627 2875 quam
656 2802 1001 2857 temulentis
1024 2819 1144 2874 praa
1174 2801 1372 2856 furore
1395 2803 1509 2856 ait:
1553 2826 1579 2850 α
1606 2801 1906 2858 Attendite
1937 2802 2101 2857 vobis

448 2894 596 2965 ipsis
621 2893 764 2964 quid
797 2892 984 2947 acturi
1020 2892 1172 2958 sitis,
1211 2915 1231 2940 ι
1270 2908 1336 2946 ac
1369 2893 1414 2946 si
1441 2892 1694 2946 diceret:
1729 2894 1850 2946 Non
1878 2898 2100 2947 temere

443 2981 972 3038 feramini.Deinde
989 2997 1189 3036 eorum
1213 2998 1448 3052 quoque
1470 2981 1814 3052 e-xemplain
1838 2981 2102 3036 medium

451 3072 823 3143 adducit.qui
851 3073 1154 3144 sapienter
1176 3089 1242 3126 ac
1269 3072 1376 3126 sibi
1404 3073 1548 3143 ipsis
1570 3073 1863 3128 inutiliter
1891 3090 2108 3128 consu-

447 3160 641 3215 lentes
671 3167 915 3232 propter
947 3160 1287 3230 hujusmodi
1320 3160 1662 3234 interempti
1698 3165 2105 3233 sunt,'nempe

449 3250 753 3306 Theudam
786 3267 853 3305 ac
872 3249 1083 3306 Iudam
1116 3249 1446 3316 Galilaeam,
1482 3251 1581 3320 qui
1615 3250 1688 3305 ad
1733 3252 2104 3323 auspicatum

2189 655 2331 726 ρεᾶς,
2361 655 2431 725 τῇ
2466 649 2556 706 διὰ
2584 653 2679 707 τὸν
2720 654 2948 726 σταυρὸν
2982 655 3325 730 παρανομίᾳ.

2258 847 2285 873 ‹‹
2316 824 2578 887 Ἀναστάς
2609 821 2665 878 δέ
2690 846 2773 888 τις
2812 824 2862 879 έν
2922 824 3002 898 τῷ
3054 823 3318 902 συνεδρίῳ
3373 831 3670 900 Φαρισαῖος
3725 826 3848 881 ὀνό-

2188 937 2215 963 ‹‹
2253 934 2380 985 ματι
2412 913 2729 986 Γαμαλιήλ,
2759 913 3262 987 νομοδιδάσκαλος,
3319 919 3507 989 τίμιος
3555 916 3714 970 παντὶ
3764 917 3848 989 τῷ

2193 1022 2218 1054 ι
2251 1000 2390 1074 λαῷ,
2441 1002 2718 1058 ἐκέλευσεν
2771 1002 2872 1075 ἔξω
2935 1007 3116 1080 βραχύ
3173 1027 3224 1060 τι
3291 1007 3420 1068 τοὺς
3502 1005 3848 1068 ἀποστόλους

2188 1117 2216 1144 ‹‹
2249 1100 2498 1165 ποιῆσαι,
2559 1094 2678 1149 εἶπέ
2721 1117 2779 1150 τε
2819 1094 2957 1171 πρὸς
3017 1096 3235 1158 αὐτούς.
3287 1095 3514 1172 Ἀνδρες
3571 1097 3853 1171 Ἰσραηλῖ-

2188 1203 2358 1252 «ται,
2401 1185 2702 1258 προσέχετε
2759 1186 2973 1247 έαυτοῖς
3030 1185 3119 1240 ἐπὶ
3175 1192 3291 1248 τοῖς
3353 1187 3663 1262 ἀνθρώποις
3717 1187 3856 1242 τού-

2190 1297 2217 1324 ‹‹
2251 1293 2388 1341 τοις,
2417 1273 2470 1327 τί
2505 1273 2738 1346 μέλλετε
2795 1277 3074 1349 πράσσειν.
3136 1276 3249 1351 ΙΙρὸ
3305 1278 3412 1351 γὰρ
3469 1275 3678 1331 τούτων
3736 1282 3854 1331 τῶν

2191 1364 2475 1436 «ἡμερῶν
2509 1363 2702 1434 ἀνέστη
2751 1362 2972 1433 Θευδᾶς,
3034 1365 3208 1442 λέγων
3272 1366 3410 1421 εἷναί
3457 1387 3580 1420 τινα
3635 1365 3856 1421 έαυτόν.

2189 1475 2216 1502 ‹‹
2249 1456 2315 1530 ᾯ
2359 1451 2782 1527 προσεκολληθη
2845 1454 3077 1528 ἀριθμὸς
3137 1453 3346 1528 ἀνδρῶν
3408 1455 3538 1510 ὡσεί
3591 1475 3856 1530 τετρακο-

2191 1563 2218 1591 ‹‹
2243 1539 2393 1596 σίων.
2428 1543 2528 1604 ’Ός
2555 1541 2816 1617 ἀνῃρέθη,
2853 1545 2939 1598 καὶ
2974 1543 3188 1605 πάντως
3237 1543 3356 1599 ὅσοι
3414 1543 3694 1609 ἐπείθοντο
3750 1545 3858 1600 αὖ·

2195 1653 2216 1680 α
2252 1633 2329 1700 τῷ
2361 1627 2689 1701 διελύθησαν
2732 1631 2824 1686 καί
2857 1631 3107 1706 ἐγένοντο
3141 1634 3216 1696 εἰς
3245 1631 3423 1690 οὐδέν.
3461 1656 3485 1686 ι

2265 1809 2436 1871 Οὗτος
2469 1809 2497 1864 ὁ
2531 1808 2824 1882 Γαμαλιήλ
2877 1813 3027 1866 ὁτοῦ
3088 1811 3310 1868 Παύλου
3372 1808 3702 1873 διδάσκαλος
3760 1813 3860 1880 ἦν.

2196 1897 2290 1954 Ὂν
2353 1895 2680 1955 διδάσκαλον
2741 1899 2869 1955 ὄντα
2929 1903 3016 1956 καὶ
3076 1902 3170 1964 τὰς
3232 1903 3368 1957 κατά
3421 1901 3593 1975 νόμον
3649 1901 3865 1977 κρίσεις

2199 1981 2511 2057 εὐδόκιμον,
2550 1988 2626 2059 μή
2659 1993 2942 2043 πιστεῦσαι
2977 1990 3052 2051 εἷς
3080 1987 3228 2058 τόδε,
3287 1989 3332 2044 εἰ
3384 1991 3471 2045 καὶ
3533 1989 3608 2062 μή
3662 1987 3867 2044 διόλου

2200 2073 2425 2143 ἐννοεῖν,
2469 2076 2707 2152 ἐσχάτης
2766 2078 2950 2140 ἀνοίας
3007 2079 3137 2136 ἐστί.
3193 2080 3298 2138 Καὶ
3359 2077 3530 2149 δῆλον
3583 2079 3690 2134 ἀπὸ
3745 2085 3868 2134 τῶν

2203 2167 2469 2240 ῥημάτων
2502 2167 2692 2226 αὑτοῦ.
2740 2167 2772 2222 ἃ
2820 2170 2910 2223 καὶ
2971 2171 3056 2224 ὅτι
3115 2169 3317 2224 συνέσει
3375 2167 3640 2247 διέφερεν,
3696 2169 3874 2224 ἱκανά

2203 2262 2489 2332 παριστᾷν.
2529 2257 2631 2313 Καὶ
2666 2255 2836 2325 δῆλον
2881 2257 2938 2314 δὲ
2992 2260 3081 2314 καὶ
3131 2259 3222 2314 ἀπ’
3283 2261 3460 2315 αὐτῶν
3513 2264 3620 2314 τῶν
3679 2277 3871 2336 πραγ-

2209 2346 2412 2419 μάτων.
2448 2348 2527 2403 Τὸ
2560 2349 2664 2425 γὰρ
2700 2348 2947 2404 κελεῦσαι
2997 2351 3124 2412 τοὺς
3175 2348 3517 2410 ἀποστόλους
3572 2344 3875 2418 ἐκϐληθῆ-

2206 2456 2289 2490 ναι
2321 2441 2420 2490 τοῦ
2454 2436 2756 2512 συνεδρίου,
2798 2439 2934 2512 πρὸς
2991 2439 3056 2493 τὸ
3111 2433 3387 2516 ἐμφόϐους
3454 2437 3648 2500 αὐτοὺς
3696 2458 3872 2492 κατα-

2209 2533 2426 2596 στῆσαι,
2457 2525 2532 2580 ἔτι
2567 2527 2654 2581 καὶ
2689 2529 2863 2599 έαυτῷ
2921 2529 2983 2582 τὸ
3023 2527 3331 2583 ἀνύποπτον
3389 2527 3711 2600 περιεποίει,
3758 2532 3876 2584 τοῦ

2213 2616 2290 2687 μὴ
2324 2616 2397 2677 ὡς
2431 2612 2793 2692 ὁμογνῶμοσι
2826 2617 3216 2691 χαριζόμενον,
3249 2617 3378 2680 τοὺς
3428 2615 3626 2693 λόγους
3681 2621 3879 2671 ποιεῖ-

2210 2703 2349 2757 σθαι.
2387 2703 2582 2775 Διόπερ
2644 2701 2770 2757 οὐδὲ
2822 2703 3014 2776 πολλῇ
3075 2702 3405 2783 σφοδρότητι
3465 2711 3693 2778 χρῆται,
3735 2701 3877 2759 ἀλλ’

2211 2791 2286 2855 ὡς
2319 2791 2420 2845 ὑπὸ
2479 2794 2656 2863 θυμοῦ
2725 2793 3017 2864 μεθύουσιν
3077 2794 3222 2850 οὓτω
3281 2793 3434 2872 φησί’
3499 2818 3527 2843 ‹‹
3562 2791 3881 2869 Προσέχετε

2212 2882 2422 2943 ἑαυτοῖς
2455 2880 2506 2936 τί
2536 2878 2767 2952 μέλλετε
2796 2882 3074 2956 πράττειν,
3103 2907 3129 2932 ››
3181 2883 3372 2951 οἱονεὶ,
3430 2883 3520 2950 Μὴ
3573 2883 3647 2943 ὡς
3707 2879 3882 2957 ἔτυχε

2213 2971 2456 3046 φέρεσθε.
2493 2973 2626 3026 Εἶτα
2664 2972 2751 3025 καὶ
2809 2969 3223 3047 παραδείγματα
3281 2971 3551 3035 ἀσυνέτως
3610 2972 3697 3026 ἐπὶ
3750 2976 3881 3036 τοῖς

2213 3059 2486 3122 τοιούτοις
2521 3059 2885 3134 χρησαμένων
2919 3063 3007 3115 καὶ
3058 3059 3398 3124 ἀλυσιτελῶς
3451 3063 3683 3128 ἑαυτοῖς,
3735 3080 3884 3132 προ-

2218 3153 2365 3227 φέρει
2429 3147 2627 3205 Θευδᾶν
2687 3150 2778 3204 καὶ
2838 3147 3044 3205 Ἰούδαν
3101 3151 3194 3206 τὸν
3276 3149 3602 3215 Γαλιλαῖον,
3681 3147 3733 3204 ο⁹ί
3795 3151 3885 3218 μή

2217 3240 2354 3315 πρὸς
2387 3236 2561 3295 αἴσιον
2623 3241 2834 3301 έαυτοῖς
2893 3234 3219 3310 ἐκϐεϐηκασι
3279 3242 3468 3315 πέρας.
3532 3239 3608 3298 Οὐ
3664 3237 3888 3295 παλαιά

441 3339 558 3394 sibi
591 3340 913 3394 terminum
945 3355 1066 3393 non
1096 3345 1599 3409 pervenerunt.At
1621 3356 1742 3394 non
1763 3347 1960 3396 vetera
1976 3358 2100 3412 pro-

2221 3329 2278 3384 δὲ
2307 3330 2372 3384 τὰ
2421 3327 2860 3406 παραδείγματα,
2917 3328 3061 3386 ἀλλὰ
3105 3330 3286 3406 νεαρὰ,
3336 3331 3426 3385 καὶ
3473 3331 3546 3384 ὧν
3607 3329 3882 3386 αὐτόπται

448 3427 566 3483 fert
591 3428 888 3498 exempla,
921 3428 1026 3482 sed
1057 3428 1342 3490 recentia,
1379 3432 1437 3480 et
1467 3444 1721 3497 quorum
1773 3429 1945 3484 multi
1978 3430 2112 3484 fue-

453 3523 594 3573 rant
614 3517 725 3587 ipsi
748 3522 1160 3587 conspectores
1187 3533 1198 3570 :
1223 3523 1289 3570 ut
1311 3517 1679 3587 experientia
1698 3525 1921 3582 caveat,
1956 3537 2031 3574 ne
2054 3521 2115 3574 in

456 3606 719 3661 similem
743 3605 1149 3676 exemplorum
1175 3606 1497 3660 terminum
1519 3607 1799 3662 incurrat.
1814 3608 2032 3663 Deinde
2052 3616 2117 3663 ut

471 3711 748 3752 sermone
782 3695 874 3750 his
906 3695 1170 3750 emollito
1203 3701 1390 3750 tentet
1435 3696 1737 3751 auditores
1791 3703 2052 3753 evertere
2083 3717 2118 3755 a

471 3784 691 3841 damno
717 3785 1003 3857 apostolis
1027 3785 1372 3840 inferendo:
1396 3801 1471 3839 ne
1494 3786 1868 3856 quomodo,si
1895 3805 1964 3843 ea
1983 3807 2114 3860 quae

468 3877 651 3932 Deum
694 3876 916 3932 habent
944 3877 1356 3932 auxiliatorem
1389 3877 1516 3931 sine
1539 3877 1661 3931 ullo
1685 3878 2116 3949 impedimento

463 3969 643 4024 ﬁnem
678 3968 1031 4032 sortiuntur,
1068 3966 1504 4038 imprudenter,
1529 3967 1747 4037 inquit,
1774 3970 1891 4023 Deo
1909 3985 2118 4042 repug-

458 4063 676 4112 nantes
706 4056 816 4110 hos
868 4055 1251 4111 occidamus:
1307 4060 1486 4124 atque
1540 4055 1621 4110 ita
1668 4072 1788 4110 non
1837 4056 2119 4112 adversus

458 4146 617 4212 illos,
652 4145 754 4200 sed
786 4145 1072 4200 adversus
1102 4161 1213 4199 nos
1249 4145 1410 4214 ipsos
1444 4159 1765 4199 armemur.
1799 4146 1908 4210 Qui
1956 4147 2117 4202 enim

458 4239 710 4290 conatur
729 4234 812 4290 rei
831 4235 946 4288 Deo
970 4232 1234 4304 probata)
1249 4233 1546 4287 adversari
1561 4233 1628 4297 is
1643 4235 1725 4288 sei
1734 4251 1906 4304 psum
1920 4252 2117 4307 oppu-

458 4341 640 4399 gnare
662 4323 814 4378 solet
838 4323 937 4379 52
963 4325 1106 4378 Nam
1143 4323 1191 4378 si
1223 4323 1488 4377 humano
1524 4322 1709 4377 haaret
1725 4324 1998 4393 consilio,
2024 4342 2120 4380 su-

459 4415 691 4488 perﬂua
708 4419 798 4469 est
817 4413 1099 4468 adversus
1122 4413 1284 4484 ipsos
1308 4412 1636 4485 indignatio
1660 4429 1672 4467 :
1699 4413 1836 4468 ﬁnis
1859 4431 2117 4487 namque

462 4521 531 4560 ac
564 4505 692 4575 ejus
725 4520 755 4559 e
788 4503 984 4558 medio
1015 4502 1271 4557 sublatio
1307 4503 1588 4558 similiter
1608 4502 1974 4574 procedetut
2003 4505 2116 4559 ini-

463 4595 638 4663 tium,
669 4598 844 4664 prout
875 4593 1146 4664 exempla
1177 4591 1583 4646 subindicant.
1619 4593 1744 4647 Non
1778 4597 1976 4648 autem
2000 4610 2118 4649 ma-

2216 3417 2442 3474 πολλοί.
2479 3419 2566 3480 Ὠς
2600 3418 2660 3472 ἂν
2693 3421 2727 3486 ἡ
2760 3424 2939 3492 πεῖρα,
2998 3419 3059 3474 τὸ
3115 3421 3192 3490 μή
3236 3420 3372 3496 πρὸς
3426 3419 3619 3490 ὅμοιον
3673 3439 3882 3472 καταν-

2213 3511 2375 3575 τῆσαι
2434 3503 2598 3581 πέρας
2659 3506 2962 3583 φυλάξηται
3019 3513 3126 3562 τῶν
3205 3507 3685 3585 παραδειγμάτων·
3750 3507 3877 3562 εἶτα

2218 3599 2292 3660 ὡς
2322 3597 2539 3658 τούτοις
2573 3596 2896 3669 ὲξομαλίσας
2932 3599 3023 3652 τὸν
3084 3597 3276 3673 λόγον,
3326 3600 3632 3667 ἀποστῆναι
3675 3597 3874 3671 πειρά-

2217 3709 2375 3758 σηται
2409 3689 2535 3750 τοὺς
2573 3690 2838 3763 ἀκροατάς
2869 3695 2967 3757 τῆς
3001 3689 3135 3744 κατά
3190 3694 3296 3745 τῶν
3351 3688 3695 3756 ἀποστόλων,
3743 3689 3876 3743 ἐπι-

2217 3773 2447 3847 ϐουλῆς,
2486 3779 2708 3850 μήπως,
2751 3778 2795 3833 εἰ
2854 3779 2990 3854 πρὸς
3052 3777 3446 3852 ἀνεμπόδιστον
3501 3779 3877 3856 ἀφώρμηνται

2215 3867 2400 3936 τέλος,
2433 3869 2568 3943 ἅπερ
2595 3865 2712 3944 ἕχει
2746 3870 2877 3924 Θεὸν
2908 3867 3287 3944 συλλήπτορα,
3344 3869 3631 3942 λάθοιμεν,
3683 3869 3876 3948 φησὶν,

2218 3957 2307 4013 ἐπὶ
2377 3960 2682 4036 θεομαχίαν
2734 3956 3223 4027 ἀποτελευτῶντες,
3254 3959 3343 4014 καὶ
3403 3959 3575 4020 οὕτως
3633 3959 3694 4014 ού
3753 3962 3880 4013 κατ’

2221 4048 2438 4104 ἐκείνων
2498 4047 2645 4104 ἀλλὰ
2701 4051 2819 4103 καθ’
2879 4050 3082 4104 ἑαυτῶν
3148 4050 3511 4123 ὁπλιζόμενοι
3568 4050 3882 4126 πεφυκότος

2217 4143 2316 4194 τοῦ
2347 4138 2482 4192 κατά
2513 4142 2704 4207 τοῦτῷ
2735 4143 2852 4210 Θεῷ
2873 4137 3165 4201 δοκοῦντος
3192 4137 3418 4215 βάλλειν
3441 4139 3881 4215 έπῖχειροῦντος,

2222 4227 2297 4290 εἷς
2344 4227 2407 4282 τὸ
2459 4228 2578 4282 καθ’
2634 4225 2828 4282 ἑαυτοῦ
2883 4233 3174 4299 καταντᾷν.
3243 4228 3307 4285 Εἰ
3364 4229 3464 4304 γὰρ
3520 4229 3878 4304 ἀνθρωπίνης

2222 4320 2400 4392 ὁρμῆς
2439 4314 2648 4392 ἔχεται,
2705 4319 2933 4392 περιττὴ
2977 4320 3012 4386 ἡ
3067 4321 3184 4374 κατ’
3244 4319 3420 4374 αὐτῶν
3479 4319 3876 4394 ἀγανάκτησις,

2221 4412 2306 4483 Τῇ
2337 4410 2439 4484 γάρ
2469 4408 2622 4488 ἀρχῇ
2667 4411 2756 4464 καὶ
2815 4410 2842 4464 ὁ
2892 4409 3193 4486 ἀφανιςμὸς
3252 4408 3575 4485 σύνδρομος,
3615 4411 3754 4485 ὥσγε
3803 4411 3880 4467 τὰ

2219 4498 2633 4577 παραδείγματα
2663 4501 3053 4556 ὑπαινίττεται.
3108 4501 3224 4559 Ούκ
3272 4502 3391 4557 εἶπε
3447 4500 3502 4557 δὲ
3549 4506 3873 4579 προφανῶς,

2222 4591 2282 4645 τὸ
2312 4594 2418 4645 τῶν
2463 4588 2787 4645 ἀποστόλων
2845 4587 2902 4644 ἐκ
2959 4594 3114 4658 Θεοῦ,
3214 4589 3265 4660 ἐξ
3328 4591 3630 4666 ἀνθρώπων
3689 4593 3876 4666 ὁρμῆς

463 4682 677 4739 nifeste
695 4681 844 4737 dixit
873 4681 1278 4754 apostolorum
1296 4681 1646 4748 factum,Dei
1676 4687 1778 4736 aut
1802 4682 2100 4738 hominum

2221 4683 2556 4748 κεκινῆσθαι,
2591 4677 2718 4734 ἀλλ’
2743 4676 3148 4742 ἐνδοιαστικῶς.
3183 4679 3248 4736 Εἰ
3283 4681 3377 4752 μὶν
3431 4680 3532 4755 γὰρ
3586 4683 3736 4735 εἶπεν
3785 4680 3876 4736 ὅτι

462 4781 691 4830 motum
714 4788 843 4828 esse
868 4771 1251 4834 consilio,sed
1272 4771 1807 4842 ambigue.Etenim
1831 4773 1878 4826 si
1907 4789 1974 4827 ex
1993 4773 2107 4829 Deo

461 4864 727 4922 dixisset.
762 4863 1035 4934 protinus
1067 4861 1153 4915 illi
1186 4861 1726 4916 contradixissent:
1761 4862 1808 4915 si
1850 4879 1985 4918 vero
2041 4880 2112 4917 ex

461 4950 827 5014 hominibus,
858 4966 1100 5003 rursum
1134 4956 1440 5020 promptos
1479 4948 1761 5004 adversus
1811 4952 2111 5021 apostolos

457 5037 1162 5108 reddidisset.Propterea
1178 5039 1479 5108 sapienter
1491 5044 1818 5110 temperato
1832 5057 2110 5096 sermone

458 5129 640 5183 finem
657 5126 1194 5198 exspectarejubet.
1219 5132 1410 5182 etnon
1426 5133 1647 5182 temere
1666 5128 1804 5183 ferri
1829 5129 2109 5186 adversus

455 5233 584 5272 rem
615 5233 747 5286 quas
781 5216 1086 5285 ignoretur
1138 5217 1244 5281 Qui
1278 5217 1437 5271 enim
1467 5223 1690 5289 pugnat
1735 5217 2015 5274 adversus
2047 5221 2109 5275 in

457 5306 615 5379 quod
647 5307 763 5360 Deo
798 5305 1100 5376 probatur,
1136 5322 1258 5360 non
1283 5306 1454 5373 illud,
1479 5307 1581 5362 sed
1605 5308 1868 5378 seipsum
1892 5309 2105 5380 perdit.

457 5396 692 5451 Etenim
728 5395 775 5449 si
803 5395 1129 5449 humanum
1149 5400 1258 5463 est,
1283 5396 1498 5466 inquit,
1523 5397 1668 5466 quid
1687 5398 1849 5451 vobis
1865 5414 2110 5455 necesse

460 5491 552 5542 est
589 5485 882 5539 facessere
916 5485 1220 5553 negotium
1244 5485 1270 5539 ?
1301 5485 1348 5538 si
1398 5501 1530 5539 vero
1579 5485 1872 5554 divinum,
1919 5504 2112 5559 neque

461 5573 754 5645 susceptis
786 5572 1077 5628 molestiis
1103 5575 1373 5645 poteritis
1403 5575 1598 5646 ipsum
1658 5575 2002 5645 dissolvere,
2055 5584 2112 5634 et

460 5666 545 5721 ita
565 5680 686 5720 non
718 5661 950 5718 videtur
979 5668 1200 5719 temere
1228 5663 1672 5735 procedendum
1699 5665 1980 5722 adversus
2012 5685 2108 5724 res

464 5770 594 5827 quae
626 5754 998 5828 ignorantur.

2219 4769 2278 4822 ἐκ
2308 4772 2462 4838 Θεοῦ,
2494 4767 2779 4842 ἀντέλεγον
2812 4765 2871 4822 ἄν
2915 4769 3111 4832 εὑθέως
3172 4767 3385 4825 ἐκεῖνοι.
3444 4769 3512 4826 Ei:
3561 4768 3619 4826 δὶ
3671 4769 3720 4840 ἐξ
3776 4771 3878 4825 ἀν-

2222 4857 2477 4933 θρώπων,
2511 4857 2844 4933 προχείρους
2894 4857 3059 4913 πάλιν
3107 4858 3279 4914 ἐποίει
3335 4859 3530 4922 αὐτοὺς
3581 4862 3715 4914 κατά
3764 4865 3881 4915 τῶν

2222 4946 2694 5003 ἀποστόλων.Διά
2744 4952 2906 5002 τοῦτο
2965 4952 3147 5024 σοφῶς
3205 4949 3295 5004 τὸν
3347 4949 3512 5025 λόγον
3572 4950 3878 5021 οἰκονομή-

2221 5058 2336 5104 σας,
2371 5041 2682 5112 περιμεῖναι
2713 5037 2776 5092 τὸ
2804 5036 2964 5099 τέλος
3021 5037 3254 5106 κελεύει,
3305 5037 3395 5093 καὶ
3453 5041 3530 5112 μή
3582 5044 3877 5114 προπετῶς

2219 5125 2356 5182 κατᾶ
2412 5128 2730 5202 πράγματος
2815 5127 3184 5203 ἀγνοουμένου
3243 5129 3515 5204 φέρεσθαι.
3571 5129 3713 5204 Πρὸς
3767 5131 3878 5204 γὰρ

2220 5217 2282 5270 τὸ
2313 5221 2392 5288 τῷ
2422 5220 2537 5288 Θεῴ
2587 5212 2782 5270 δοκοῦν
2843 5217 2870 5270 ὁ
2934 5216 3276 5291 μαχόμενος,
3336 5218 3437 5273 οὐκ
3489 5216 3688 5287 έκεῖνο,
3743 5217 3882 5276 ἀλλ’

2222 5305 2408 5362 ἑαυτὸν
2441 5302 2721 5362 καταλύει.
2763 5305 2828 5361 Εἰ
2892 5305 2986 5378 μέν
3038 5306 3141 5382 γάρ
3190 5306 3549 5382 ἀνθρώπινον,
3609 5307 3765 5381 φῆσῖ,
3823 5311 3884 5365 τί

2223 5394 2306 5451 δεῖ
2335 5395 2673 5470 πραγμάτων
2708 5396 2834 5468 ὑμῖν
2865 5413 2877 5462 ;
2909 5395 2951 5448 εἰ
3003 5393 3058 5450 δὲ
3113 5397 3279 5465 Θεῖον,
3333 5395 3461 5452 οὐδὲ
3513 5399 3647 5470 μετὰ
3701 5418 3884 5475 πραγ-

2226 5507 2409 5561 μῃτων
2444 5483 2737 5555 δυνήσεσθε
2766 5484 2896 5538 αὐτὸ
2954 5483 3278 5554 καταλῦσαι,
3334 5487 3408 5549 ὡς
3464 5490 3539 5561 μὴ
3590 5493 3887 5564 προπετῶς

2223 5572 2372 5648 δόξαι
2401 5575 2537 5629 κατά
2567 5576 2899 5650 πραγμάτων
2934 5575 3310 5650 ἀγνοουμένων
3341 5583 3568 5652 χωρεῖν·
