4160 6420
369 420 478 482 1ἳὶ

390 667 421 696 ε
454 644 689 719 ἡμέραις
719 648 822 711 τῆς
875 641 1232 720 ἀπογραφῆς,
1290 643 1382 698 καὶ
1435 641 1704 712 ἀπέστησε
1761 639 1892 697 λαὸν
1935 641 2050 696 ἱκα-

384 760 416 787 κ
457 734 547 789 νὸν
577 732 754 788 ὀπίσω
787 732 977 787 αὐτοῦ.
1043 732 1306 796 Κάκεῖνος
1365 731 1638 788 ἀπώλετο.
1701 733 1804 787 Καὶ
1859 731 2054 793 πάντες

386 850 418 875 «ι
459 823 581 879 ὅσοι
614 823 893 878 ἐπείθοντο
941 821 1092 893 οὖτῷ
1143 818 1649 894 διεσκορπίσθησαν.
1702 820 1800 875 Καὶ
1852 820 1918 876 τὰ
1969 823 2058 874 νῦν

397 940 423 965 ι
467 911 614 989 λέγω
647 915 800 986 ὑμῖν.
838 937 863 962 η

474 1001 752 1060 Ἑοίκασιν
784 1002 838 1056 o't
870 999 1160 1058 Γαλιλαῖοι
1195 1003 1334 1057 κατὰ
1369 1000 1496 1065 τοὺς
1529 1000 1771 1081 χρόνους
1814 999 2056 1056 Πιλάτου

386 1091 795 1159 ἐστασιακέναι,
860 1087 1125 1165 δόγμασιν
1183 1090 1446 1164 ἑπόμενοι
1505 1088 1681 1148 Ἰούδα
1735 1095 1833 1146 τοῦ
1890 1089 2058 1145 Γαλι-

388 1181 588 1238 λαίου.
623 1183 724 1238 Ἦν
758 1178 815 1235 δὲ
852 1180 916 1235 τὸ
945 1178 1124 1254 δόγμα
1154 1185 1250 1235 τοῦ
1288 1178 1489 1251 Ἰούδα,
1520 1182 1594 1244 ὡς
1641 1181 1732 1236 καὶ
1787 1182 2056 1253 ’ίῳσηπος

383 1273 442 1330 ἰν
511 1278 634 1334 τοῖς
691 1270 1026 1335 τελευταίοις
1085 1279 1185 1342 τῆς
1253 1270 1564 1343 Ἰουδαϊκῆς
1649 1270 2054 1351 ἀρχαιολογίας

385 1361 619 1434 ἔδειξεν,
682 1361 973 1436 ςδαντασίαν
1032 1359 1429 1433 ἐξαποστέλλον
1490 1360 1711 1432 πολλὴν
1768 1358 1838 1415 δι’
1905 1359 2056 1416 εὑσέ-

389 1449 546 1508 εειαν
607 1450 874 1513 εὐτονίας.
934 1450 1130 1527 Κύριον
1185 1452 1285 1527 γὰρ
1350 1449 1490 1525 μηδὲ
1561 1451 1728 1526 μέχρι
1785 1450 2056 1524 στόματος

395 1541 601 1620 ἔφασκε
631 1538 741 1596 δεῖν
772 1561 892 1595 τινα
924 1539 1126 1617 λέγειν,
1189 1538 1332 1613 μηδὲ
1380 1541 1518 1596 κατά
1571 1562 1688 1596 τινα
1739 1541 1908 1613 τιμὴν
1967 1541 2058 1596 καὶ

397 1631 1017 1717 τριλοφροσῦνην.οὕτω
1059 1630 1116 1688 δὲ
1179 1630 1319 1706 μηδὲ
1367 1635 1462 1688 τὸν
1524 1631 1900 1709 βασιλεύοντα.
1961 1633 2058 1688 Καὶ

407 1722 610 1781 πολλοί
637 1743 701 1800 γε
731 1721 906 1777 αὐτῶν
940 1719 1031 1777 διὰ
1066 1723 1130 1777 τὸ
1187 1724 1262 1794 μὴ
1334 1723 1502 1778 εἰπεῖν
1557 1721 1798 1797 Καίσαρα
1849 1722 2056 1798 κύριον,

413 1815 801 1894 χαλεπωτατας
859 1813 1040 1874 αίκίας
1101 1813 1417 1885 ὑπὲμειναν.
1475 1810 1544 1871 Ο“ί
1599 1813 1689 1868 καὶ
1747 1809 2051 1882 ἐδίδασκον,

1366 419 1780 482 ΟΟΜΜΕΝΤ.
1830 417 1918 477 ΙΝ
1965 414 2170 476 ACTA
2215 413 2829 479 APOSTOLORUM.

455 579 482 605 α
511 549 661 611 Μετὰ
688 551 891 608 τοῦτον
922 551 1124 625 ἀνέστη
1189 550 1395 616 Ἰούδας
1427 554 1454 610 ὁ
1485 551 1781 614 Γαλιλαῖος
1831 549 1884 606 ἐν
1925 555 2043 614 ταῖς
2079 553 2124 618 Α

3697 419 3812 482 122

2231 571 2259 600 ‹‹
2293 551 2358 605 ν.
2392 551 2479 617 37,
2514 553 2602 610 38.
2646 553 2788 608 Post
2816 554 2974 608 hunc
2998 555 3224 609 exstitit
3250 553 3429 610 Judas
3449 554 3725 613 Galilaeus
3746 558 3810 612 in

2168 659 2189 688 ι
2225 638 2437 696 diebus
2467 641 2908 715 descriptionis,
2942 649 3000 699 et
3029 646 3284 701 multum
3317 649 3528 703 avertit
3557 653 3692 720 post
3750 666 3810 704 se

2162 753 2188 776 «ι
2224 731 2510 802 p0pulum
2537 749 2549 785 :
2581 733 2800 804 illeque
2835 734 3029 806 periit,
3063 742 3121 790 et
3152 742 3445 808 quotquot
3488 743 3811 809 paruerant

2161 841 2190 869 «
2224 820 2276 875 ei
2311 819 2563 892 dispersi
2595 828 2752 877 sunt.
2788 827 2854 876 Et
2884 823 2955 878 de
3003 823 3178 878 rebus
3233 827 3626 897 praesentibus
3676 829 3808 884 dico

2164 931 2192 960 κ
2224 909 2406 966 vobis.
2444 933 2471 958 ››

2232 998 2570 1055 Verisimile
2593 1005 2684 1056 est
2709 1001 2980 1058 Galilaeos
3000 1003 3368 1076 temporibus
3382 1007 3552 1062 Pilati
3578 1008 3638 1061 in
3660 1008 3810 1063 sedi-

2162 1088 2386 1144 tionem
2410 1096 2603 1146 motos
2627 1091 3112 1165 fuisse,dogmata
3135 1101 3453 1165 sequentes
3474 1097 3635 1152 Judaa
3652 1097 3806 1152 Gali-

2161 1178 2276 1233 laai.
2313 1179 2534 1251 Dogma
2562 1185 2760 1235 autem
2791 1181 2954 1237 Iuda:
2984 1189 3161 1254 prout
3187 1185 3366 1239 etiam
3421 1186 3714 1258 Iosephus
3746 1187 3808 1242 in

2163 1269 2482 1340 postremis
2512 1269 2928 1340 Antiquitatum
2962 1273 3209 1328 Judaicaz
3239 1274 3482 1329 historiae
3520 1275 3687 1330 libris
3716 1293 3809 1330 os-

2164 1357 2356 1413 tendit
2383 1357 2450 1427 ‘5,
2484 1359 2730 1416 multam
2763 1379 2882 1433 pra:
2911 1379 2972 1416 se
3005 1362 3658 1431 ferebatambitionem,
3680 1382 3815 1436 pro-

2163 1454 2296 1521 pter
2321 1450 2732 1506 strenuitatem
2767 1451 3092 1526 religionis.
3127 1455 3369 1510 Dicebat
3390 1456 3550 1510 enim
3583 1455 3816 1511 nullum

2165 1545 2438 1610 oportere
2468 1539 2558 1596 vel
2590 1557 2689 1596 ore
2726 1548 2895 1597 tenus
2928 1544 3239 1598 Dominum
3275 1545 3596 1617 appellare,
3624 1562 3816 1617 neque

2167 1628 2348 1684 ullius
2378 1629 2623 1685 honoris
2647 1631 3193 1688 autbenevolentia:
3221 1635 3428 1707 gratia,
3446 1636 3601 1690 etita
3622 1652 3816 1706 neque

2168 1734 2302 1773 eum
2337 1719 2436 1790 qui
2469 1737 2650 1792 regno
2684 1722 2994 1792 potiretur.
3040 1724 3107 1776 Et
3165 1724 3336 1778 multi
3395 1725 3682 1795 ipsorum,
3741 1741 3816 1780 ne

2166 1809 2458 1864 Caesarem
2492 1808 2801 1865 dominum
2833 1819 3127 1880 vocarent,
3167 1813 3502 1869 miserrima
3550 1815 3816 1886 perpessi

417 1908 492 1978 μή
526 1901 630 1958 δεῖν
660 1903 808 1978 παρὰ
841 1903 935 1964 τὰς
997 1898 1416 1976 διατεταγμένας
1474 1899 1526 1955 ὲν
1583 1905 1663 1971 τῷ
1721 1900 1877 1974 νόμῳ
1930 1903 2062 1958 Μω-

2185 1904 2310 1953 sunt
2333 1899 2718 1971 suppliciaﬂi
2739 1900 2917 1955 etiam
2938 1901 3230 1958 docebant
3249 1920 3370 1958 non
3388 1915 3660 1975 oportere
3674 1903 3820 1959 alias

405 1993 563 2061 σὲως,
623 1991 810 2057 θυσίας
871 1991 1057 2066 ἒτέρας
1115 1991 1469 2070 ἀναφέρεσθαι
1526 1995 1608 2064 τῷ
1665 1995 1804 2063 Θεῷ.
1865 1991 2063 2065 Διόπερ

2185 1995 2393 2062 ρι-ωιει·
2424 1991 2756 2063 assignatas
2788 1990 2849 2046 in
2879 1991 3004 2064 lege
3037 1994 3213 2048 Mosis
3245 1994 3510 2048 victimas
3559 1994 3824 2049 exhiberi

396 2085 493 2141 καὶ
525 2082 769 2139 ἐκώλυον
796 2082 894 2144 τὰς
929 2081 1034 2136 ὑπὸ
1074 2083 1174 2146 τῆς
1207 2081 1495 2157 γερουσίας
1547 2085 1646 2136 τοῦ
1697 2079 1836 2135 λαοῦ
1887 2100 2066 2155 παρα-

2185 2081 2318 2147 Deo,
2341 2079 2594 2150 ideoque
2618 2081 3013 2151 prohibebant
3045 2083 3291 2137 traditas
3323 2100 3354 2137 a
3388 2089 3600 2138 senatu
3632 2100 3698 2138 ac
3726 2101 3825 2155 po-

403 2171 704 2246 δεδομένας
734 2172 978 2249 γίνεσθαι
1011 2170 1262 2245 περὶτῆς
1319 2170 1592 2246 σωτηρίας
1646 2175 1742 2225 τοῦ
1797 2169 2068 2246 βασιλέως

2185 2169 2317 2240 pulo
2352 2169 2476 2222 ﬁeri
2506 2186 2612 2241 pro
2645 2169 2836 2224 salute
2868 2171 3022 2242 regis
3055 2187 3120 2226 ac
3152 2172 3341 2243 gentis
3401 2173 3826 2227 Romanorum.

395 2263 494 2318 καὶ
550 2264 650 2316 τοῦ
707 2259 997 2332 Ῥωμαίων
1057 2257 1267 2322 ἔθνους.
1340 2259 1502 2322 Εἰκὸς
1561 2259 1652 2313 οὗν
1709 2258 1796 2314 ἐπὶ
1853 2258 2069 2322 τούτοις

2185 2257 2512 2313 Verisimile
2553 2275 2689 2329 ergo
2723 2266 2812 2313 est
2844 2260 3098 2315 Pilatum
3132 2267 3372 2332 propter
3401 2261 3514 2315 ista
3572 2261 3828 2316 Galilaeis

399 2355 810 2432 ἀγανακτοῦντα
842 2352 980 2424 πρὸς
1015 2349 1344 2413 Γαλιλαίους
1392 2353 1484 2407 τὸν
1537 2349 1771 2406 Πιλᾶτον
1819 2350 2067 2406 κελεῦσαι

2185 2347 2556 2420 indignatum
2583 2348 2860 2419 jussisse,
2894 2349 3050 2404 inter
3080 2350 3371 2404 sacriﬁcia
3402 2351 3719 2422 quaejuxta
3742 2350 3827 2405 le-

401 2445 539 2519 παρ⁹
571 2441 761 2504 αὗταῖς
796 2443 883 2502 αἶς
933 2437 1158 2496 ἐδόκουν
1201 2440 1338 2495 κατᾶ
1383 2441 1474 2495 τὸν
1522 2441 1694 2513 νόμον
1745 2439 2068 2518 προσφέρειν

2185 2453 2309 2510 gem
2341 2438 2553 2492 oﬂ'erre
2584 2436 2956 2504 videbantur,
3009 2439 3170 2510 ipsos
3213 2439 3516 2494 interimi:
3577 2446 3644 2494 ut
3689 2446 3830 2495 tunc

401 2533 624 2599 θυσίαις
680 2532 876 2592 αὐτοὺς
934 2531 1303 2604 ἀναιρεθῆναι,
1362 2531 1450 2593 Ὠς
1504 2530 1629 2585 τότε
1700 2530 2069 2604 ἀναμιχθῆναι

2185 2528 2392 2583 mistus
2425 2527 2500 2580 sit
2531 2527 2744 2582 oblatis
2778 2527 2987 2583 hostiis
3022 2529 3262 2599 sanguis
3287 2545 3491 2584 eorum
3511 2530 3610 2600 qui
3633 2530 3827 2601 capie-

399 2629 528 2684 ταῖς
561 2616 1030 2697 προσφερομέναις
1064 2618 1274 2683 θυσίαις
1329 2620 1384 2674 εὸ
1434 2621 1575 2692 αἷμα
1631 2624 1740 2676 τῶν
1798 2639 2069 2695 προσαγο-

2185 2617 2418 2682 bantur,
2452 2623 2628 2689 prout
2676 2618 2854 2672 etiam
2914 2618 2974 2672 in
3033 2618 3348 2690 Evangelio
3399 2619 3571 2690 juxta
3619 2620 3832 2675 Lucam

407 2714 614 2786 μένων,
647 2710 788 2765 γαθᾶ
818 2709 910 2764 καὶ
941 2709 994 2765 ἐν
1027 2712 1109 2781 τῷ
1138 2708 1274 2764 κατὰ
1323 2715 1534 2764 Λουκᾶν
1592 2706 1925 2786 Εὗαγγελίῳ
1974 2707 2072 2782 ὲμ-
2179 2707 2438 2764 refertur
2463 2705 2531 2760 ⁸⁵.

403 2801 660 2880 φέρεται.

482 2916 511 2942 α
588 2889 898 2959 Ἀπόστητε
954 2889 1061 2942 ἀπὸ
1115 2907 1224 2958 τρν
1306 2887 1607 2962 ἀνθρώπων
1688 2887 1922 2951 τούτων.
1981 2886 2072 2944 καὶ

404 3008 436 3035 α
471 2980 669 3036 ἐάσατε
700 2977 915 3040 αὐτούς.
972 2979 1097 3036 Ὀτι
1153 2977 1240 3032 ἐᾶν
1380 2976 1430 3051 ἐξ
1487 2977 1790 3052 ἀνθρώπων
1822 2979 1857 3048 ἡ
1892 2977 2071 3053 βουλή

405 3094 437 3122 u
471 3068 509 3139 ἤ
541 3069 610 3124 τὸ
643 3065 802 3142 ἔργον
849 3072 1034 3131 τοῦτο,
1094 3064 1549 3137 καταλυθήσεται.
1607 3065 1670 3123 Εἰ
1717 3064 1773 3120 δὲ
1825 3065 1884 3121 ἐκ
1941 3071 2075 3123 Θεοῦ

408 3186 437 3212 α
474 3157 644 3226 ἔστιν,
679 3157 744 3212 οὐ
775 3153 1068 3225 δυνήσεσθε
1119 3154 1417 3211 καταλῦσαι
1465 3157 1620 3225 αὐτὸ,
1671 3158 1746 3226 πή
1797 3177 1930 3211 ποτε
1984 3157 2074 3212 καὶ

403 3275 433 3302 ει
473 3248 762 3326 θεομάχοι
819 3245 1098 3322 εὑρεθῆτε.
1158 3245 1510 3311 Ἐπείσθησαν
1571 3244 1629 3300 δὲ
1715 3246 1878 3317 αὑτῷ.
1970 3246 2072 3303 Καὶ

407 3363 436 3390 α
470 3333 988 3412 προσκαλεσάμενοι
1020 3332 1151 3389 τοὺς
1188 3333 1554 3403 ἀποστόλους,
1611 3331 1880 3408 δείραντες
1931 3355 2072 3410 παρα

410 3454 438 3479 ει
472 3425 748 3500 ἤγγειλαν
785 3425 859 3495 μή
893 3422 1083 3480 λαλεῖν
1138 3422 1233 3478 ἰπὶ
1291 3428 1370 3496 τῷ
1427 3423 1656 3496 ὀνόματι
1714 3428 1810 3479 τοῦ
1867 3424 2072 3493 Ἰησοῦ.

411 3543 439 3567 υ
479 3516 588 3574 Καὶ
622 3511 897 3569 ἀπέλυσαν
926 3512 1146 3576 αὐτούς.
1183 3513 1249 3570 Οἳ
1285 3513 1379 3586 μὶν
1429 3513 1522 3568 οὗν
1570 3511 1894 3589 ἐπορεῦοντο
1952 3515 2076 3588 χαί-

417 3631 444 3656 «ι
485 3623 665 3681 ροντες
707 3604 815 3658 ἀπὸ
846 3604 1144 3677 προσώπου
1175 3607 1271 3658 τοῦ
1311 3599 1614 3679 συνεδρίου,
1672 3602 1754 3657 ὅτι
1807 3603 1940 3678 ὑπὲρ
1977 3608 2074 3658 τοῦ

427 3695 757 3765 «ὀνόματος
817 3693 983 3749 αὐτοῦ
1041 3693 1455 3764 κατηξιώθησαν
1516 3694 1901 3766 ἀτιμασθῆναι.
1963 3699 2072 3748 Πᾶ-

2254 2884 2353 2940 58
2388 2907 2416 2934 ››
2448 2885 2513 2952 ν,
2548 2885 2630 2939 38-
2650 2885 2735 2939 42.
2777 2884 3080 2941 Abstinete
3113 2886 3184 2941 ab
3217 2886 3562 2941 hominibus
3593 2886 3742 2954 istis,
3778 2891 3836 2940 et

2185 2999 2206 3025 α
2239 2975 2415 3031 sinite
2435 2975 2589 3030 illos.
2625 2977 2769 3030 Nam
2791 2977 2837 3031 si
2866 2977 3045 3032 fuerit
3063 2994 3130 3032 ex
3155 2977 3497 3033 hominibus
3512 2977 3828 3033 consilium

2184 3088 2212 3116 «
2244 3071 2346 3120 aut
2375 3083 2523 3137 opus
2555 3065 2688 3132 hoc,
2723 3065 3078 3121 dissolvetur
3109 3068 3233 3121 :sin
3260 3075 3458 3122 autem
3484 3084 3550 3122 ex
3578 3069 3696 3122 Deo
3718 3071 3827 3132 est,

2182 3178 2209 3205 ιι
2245 3172 2366 3210 non
2399 3155 2668 3226 poteritis
2702 3155 2848 3209 illud
2877 3156 3216 3222 dissolvere,
3244 3173 3318 3212 ne
3354 3157 3590 3228 quando
3623 3163 3682 3212 et
3712 3157 3829 3210 Deo

2188 3268 2216 3297 «
2245 3262 2578 3316 repugnare
2609 3245 3010 3316 reperiamini.
3048 3248 3322 3302 Persuasi
3357 3251 3496 3301 sunt
3528 3253 3726 3302 autem
3759 3247 3831 3302 ab

2182 3358 2210 3386 ‹‹
2244 3353 2334 3392 eo.
2369 3336 2633 3405 Cumque
2657 3335 3382 3407 advocassentapostolos,
3408 3337 3580 3391 cmsis
3609 3355 3838 3409 prazce-

2183 3448 2211 3477 «
2245 3431 2462 3497 perunt
2491 3442 2564 3480 ne
2598 3425 2986 3495 loquerentur
3016 3425 3076 3480 in
3109 3427 3350 3481 nomine
3381 3427 3536 3493 Jesu,
3570 3434 3628 3482 et
3658 3427 3836 3482 dimi-

2186 3539 2207 3566 ο
2233 3521 2437 3571 serunt
2459 3532 2578 3570 eos.
2599 3515 2689 3569 Illi
2706 3515 2905 3586 itaque
2929 3515 3439 3588 ibantgaudentes
3462 3533 3494 3572 a
3512 3524 3836 3589 conspectu

2185 3629 2214 3658 «
2246 3606 2527 3662 concilii:
2561 3606 2717 3677 quod
2750 3606 2912 3679 digni
2946 3613 3166 3672 essent,
3201 3613 3266 3662 ut
3295 3626 3400 3680 pro
3433 3609 3676 3664 nomine
3704 3611 3834 3680 ejus

2184 3719 2212 3746 ‹‹
2246 3694 2608 3750 contumelia
2640 3694 3043 3752 afﬁcerentur.
3065 3698 3134 3750 Et
3154 3697 3420 3767 quotidie
3445 3699 3503 3752 in
3532 3699 3751 3770 templo
3779 3703 3836 3754 et

2184 3805 2213 3833 «
2245 3784 2308 3838 in
2343 3783 2592 3854 singulis
2620 3784 2897 3838 domibus
2955 3801 3075 3839 non
3131 3787 3446 3841 cessabant
3501 3787 3715 3842 docere
3775 3795 3835 3843 et

2187 3894 2215 3923 ‹‹
2247 3873 2604 3928 annuntiare
2632 3873 2830 3927 Jesum
2863 3873 3180 3929 Christum.
3218 3897 3246 3923 ››

439 3805 468 3834 α
501 3785 592 3837 σαν
622 3805 675 3838 τε
726 3785 942 3858 ἡμέραν
1002 3783 1054 3838 ἐν
1110 3787 1189 3854 τῷ
1246 3784 1375 3858 ἱερῷ
1431 3784 1521 3838 καὶ
1576 3784 1696 3840 κατ’
1762 3785 1919 3838 οἷκον
1977 3783 2078 3838 οὐκ

433 3896 464 3923 α
496 3873 742 3929 ἐπαύοντο
807 3871 1154 3936 διδάσκοντες
1204 3873 1296 3928 καὶ
1333 3869 1812 3951 εὸαγγελιζὸμενοι
1863 3875 2073 3944 Ἰησοῦν

426 3986 452 4016 ι
483 3965 574 4018 τὸν
606 3964 855 4039 Χριστόν.
893 3988 920 4015 ››

497 4054 617 4111 Οὐκ
646 4054 799 4109 εἶπεν
829 4051 916 4108 ὅτι
973 4050 1034 4108 ἐκ
1065 4056 1198 4108 Θεοῦ
1246 4052 1408 4122 ἐστιν,
1459 4051 1584 4110 ἀλλ’
1629 4050 1744 4108 οὐδ’
1802 4051 2080 4129 ἀνθρώπι-

413 4163 508 4199 νον
541 4143 606 4199 τὸ
635 4139 814 4218 ἔργον.
863 4143 1007 4218 Πρὸς
1068 4143 1173 4217 γὰρ
1227 4143 1290 4196 τὸ
1346 4151 1406 4197 εκ
1456 4146 1612 4213 Θεοῦ,
1668 4141 1823 4207 εὐθὺς
1883 4143 2080 4199 ἐκεῖνοι

411 4232 715 4307 ἀντέλεγον
741 4231 834 4302 ἂν,
860 4232 925 4288 τὸ
958 4229 1016 4287 δὶ
1045 4230 1095 4302 ἐξ
1123 4231 1441 4306 ἀνθρώπων,
1501 4234 1858 4309 θρασυτέρους
1905 4232 2078 4290 ἐποίει

413 4325 560 4380 κατᾶ
592 4328 703 4378 τῶν
730 4321 1078 4380 ἀποστόλων.
1114 4323 1312 4397 Διόπερ
1358 4323 1460 4399 ’ὀρα
1513 4323 1723 4380 σῦνεσιθ
1769 4324 2078 4402 ἀνθρώπου,

419 4419 610 4492 σοφῶς
641 4412 735 4468 τὸν
766 4412 934 4489 λόγον
972 4413 1419 4486 οἷκονομοῦντος.
1455 4417 1772 4488 Ηεριμεῖναι
1817 4417 1880 4472 τὸ
1919 4415 2080 4480 τέλος

411 4503 660 4560 κελεύει.
695 4502 813 4560 Οὐκ
842 4503 963 4558 εἷπε
1003 4499 1081 4557 δέ.
1114 4502 1214 4557 Καὶ
1245 4501 1335 4556 ἐὰν
1397 4505 1472 4576 μή
1532 4502 1877 4575 καταλύσητε
1930 4505 2069 4580 αὐτὸε

2187 4505 2288 4562 bat
2310 4520 2668 4560 sermonem.
2696 4503 2869 4559 Jubet
2890 4509 3090 4560 autem
3114 4513 3454 4578 exspectare
3479 4508 3681 4563 ﬁnem.
3716 4511 3836 4564 Ne—

417 4597 605 4669 γνῶτε
634 4593 718 4647 ὅτι
748 4591 854 4647 ἀπὸ
881 4595 1010 4648 Θιοῦ
1041 4589 1207 4661 ἐστιν,
1240 4589 1368 4647 ἀλλ’
1424 4593 1548 4648 Ἐὰν
1608 4591 1670 4648 ἐκ
1723 4598 1857 4649 Θεοῦ
1914 4594 2069 4651 ἐστιν,

2191 4611 2306 4666 que
2329 4594 2505 4649 dixit:
2528 4593 2723 4648 Sinon
2749 4593 3137 4650 dissolveritis
3156 4595 3324 4664 illud,
3351 4597 3559 4652 scitote
3579 4599 3735 4669 quod
3769 4616 3840 4654 ex

425 4653 494 4739 ἑὸ
519 4681 976 4752 καταλυθήσεται.
1011 4681 1090 4738 Τὸ
1126 4653 1222 4756 μὲν
1253 4680 1358 4758 γὰρ
1387 4687 1488 4751 τῆς
1528 4682 1747 4738 ἐκείνων
1798 4683 2069 4760 λογισθείτ

2194 4653 2312 4740 ὁεο
2343 4688 2453 4747 est,
2486 4682 2615 4750 sed,
2647 4683 2704 4736 Si
2737 4700 2806 4738 ex
2838 4684 2954 4738 Deo
2987 4689 3095 4748 est,
3131 4701 3252 4740 non
3283 4653 3657 4742 dissolvetur.
3691 4653 3846 4742 Illud

418 4771 716 4842 ἆπηνείας,
746 4772 810 4825 τὸ
869 4768 928 4824 δὲ
982 4776 1084 4839 τῆς
1151 4770 1298 4832 θείας
1359 4767 1662 4844 δυνάμεως
1721 4773 2069 4846 Ἐπείσθησακ

2197 4773 2360 4831 enim
2390 4771 2631 4827 daretur
2661 4773 2881 4828 feritati
2913 4773 3177 4841 illorum,
3225 4775 3334 4830 hoc
3384 4782 3581 4831 autem
3632 4778 3846 4833 divinae

417 4860 484 4918 δὲ
512 4866 596 4933 τῷ
629 4862 706 4934 μή
738 4859 1012 4931 παρουσίᾳ
1039 4863 1148 4914 τῶν
1210 4859 1537 4916 ἀποστόλων
1599 4866 1769 4917 ταῦτα
1829 4863 2059 4938 ῥηθῆναι

2195 4862 2779 4936 potentim.Persuasi
2802 4867 2939 4917 sunt
2960 4868 3323 4928 autem,cum
3347 4867 3471 4922 haec
3503 4868 3564 4922 in
3609 4874 3846 4940 aposto-

414 4951 574 5009 ἀλλὰ
605 4950 800 5026 χωρίς.
849 4951 969 5007 Ἔτι
1028 4946 1086 5005 δὲ
1143 4950 1234 5004 καὶ
1293 4949 1377 5005 ὅτι
1429 4953 1854 5028 συνεπιγνώμων
1899 4956 2069 5011 αὐτοῖς

2196 4953 2394 5010 lorum
2426 4953 2744 5024 praesentia
2773 4969 2892 5007 non
2955 4952 3316 5025 dicerentur,
3370 4957 3472 5011 sed
3523 4958 3642 5014 illis
3689 4960 3848 5017 foras

421 5041 737 5117 νομισθεὶς,
773 5040 864 5095 καὶ
893 5041 994 5109 τήν
1024 5034 1244 5095 ἔκϐασιν
1287 5041 1364 5104 ὡς
1392 5041 1450 5096 ἃν
1505 5042 1596 5096 καὶ
1643 5043 1854 5117 γένοιτο
1911 5042 2069 5102 δεδοι·

2200 5044 2424 5116 ejectis,
2461 5047 2587 5098 tum
2619 5041 2778 5114 quod
2809 5043 2860 5098 is
2891 5043 2991 5114 qui
3023 5059 3148 5099 rem
3182 5062 3300 5100 una
3329 5063 3463 5103 cum
3488 5049 3632 5120 ipsis
3653 5051 3848 5122 explo-

416 5131 558 5200 κὼς,
619 5128 803 5204 ὣσπερ
858 5129 950 5183 καὶ
1003 5126 1190 5191 αὐτοῖς
1251 5127 1508 5186 ὑπετίθει.
1567 5130 1709 5206 Πρὸς
1769 5129 1827 5187 δὲ
1900 5134 1991 5188 καὶ
2050 5138 2069 5188 i

2197 5134 2388 5199 rabat,
2421 5132 2508 5188 rei
2541 5138 2843 5202 eventum,
2878 5134 3068 5188 hocne
3099 5151 3174 5190 an
3207 5135 3308 5190 illo
3341 5137 3516 5193 modo
3568 5143 3850 5197 succede—

425 5218 718 5296 γλυκΰτης
748 5223 858 5274 τῶν
901 5217 1086 5295 λόγων
1147 5217 1282 5292 μετὰ
1335 5223 1434 5274 τοῦ
1492 5217 1706 5275 δικαίου
1761 5219 2069 5282 συνεϐάλετι

2198 5231 2310 5287 ret.
2343 5225 2720 5291 formidabat,
2753 5225 3258 5296 quemadmodum
3292 5230 3472 5284 etiam
3500 5230 3621 5286 illis
3649 5251 3850 5306 sugge-

429 5311 588 5382 αὐτῷ
639 5309 780 5381 πρὸς
840 5309 904 5363 τὸ
961 5311 1165 5366 πεῖσαι.
1226 5306 1406 5376 Ἀλλ’,
1465 5307 1510 5364 εἰ
1572 5309 1916 5383 ἐπείσθησαν,
1970 5318 2069 5370 πῶι

2201 5315 2386 5371 rebat.
2412 5317 2705 5370 Praeterea
2725 5321 2922 5370 autem
2947 5333 3295 5372 sermonum
3318 5318 3535 5375 lenitas
3567 5338 3685 5376 una
3716 5341 3851 5378 cum

431 5395 685 5474 ἔδειρανς
718 5396 1076 5467 Ἐπείσθησαν
1108 5399 1207 5461 τῆς
1249 5404 1459 5477 σφαέῆς
1508 5399 1867 5480 ἀποσχέσθαι.
1919 5408 2069 5459 Τοῦτ‹

2201 5406 2482 5476 (equitate
2515 5404 2586 5460 ad
2619 5405 3126 5476 persuadendum,
3161 5407 3404 5464 fuerunt
3445 5411 3557 5483 ipsi
3609 5415 3853 5469 auxilio.

423 5490 533 5568 γὰρ
594 5489 788 5564 ὣργων
848 5483 1160 5560 μανιωδῶς.
1218 5485 1590 5573 Ἒδειρανῗδὶ
1662 5494 1744 5563 τῷ
1803 5491 1880 5563 μὴ
1940 5489 2068 5564 δόξα

2200 5495 2420 5550 Verum
2445 5495 2492 5550 si
2517 5495 2784 5566 persuasi
2818 5501 2977 5564 sunt,
3011 5499 3307 5568 quomodo
3333 5499 3532 5573 ﬂagris
3573 5500 3708 5558 illos
3759 5520 3858 5559 ce-

407 5579 670 5658 ἇφρόνως
700 5577 1022 5654 ὁρμηθῆναι
1053 5575 1142 5631 καὶ
1173 5578 1313 5632 κατὰ
1355 5572 1688 5635 ἀνεκϐάτων.
1746 5580 1854 5636 Καὶ
1898 5581 1967 5652 ἦν
2012 5604 2092 5656 τῳ

2255 4056 2381 4110 Νοιι
2414 4053 2563 4109 dixit
2597 4053 2754 4124 quod
2787 4069 2857 4108 ex
2888 4056 3004 4110 Deo
3041 4061 3216 4124 esset,
3273 4056 3378 4112 sed
3436 4073 3630 4128 neque
3681 4058 3840 4128 quod

2185 4146 2516 4202 humanum
2540 4148 2698 4198 esset
2715 4160 2884 4216 opus.
2919 4146 3062 4200 Nam
3084 4145 3305 4202 dicenti
3331 4147 3490 4218 quod
3514 4165 3580 4203 ex
3603 4148 3836 4211 Deo,illi

2189 4236 2390 4294 statim
2425 4233 2970 4290 contradixissent:
3003 4235 3050 4290 si
3083 4253 3218 4292 vero
3268 4237 3515 4293 dixisset
3562 4239 3719 4309 quod
3770 4255 3840 4294 ex

2187 4323 2910 4391 hominibus,audaciores
2928 4331 3135 4382 contra
3147 4327 3446 4398 apostolos
3460 4328 3837 4384 reddidisset.

2189 4415 2332 4470 Vide
2351 4430 2487 4487 ergo
2509 4413 2774 4469 hominis
2793 4414 3171 4485 prudentiam
3191 4417 3290 4488 qui
3311 4418 3614 4489 sapienter
3629 4418 3840 4488 dirige-

2207 5585 2526 5643 ciderunt?
2555 5586 2832 5643 Persuasi
2865 5589 3106 5660 quidem
3159 5595 3316 5658 sunt,
3367 5609 3442 5647 ne
3489 5591 3854 5660 occiderent,

484 5787 538 5824 “
573 5787 696 5846 Lib.
725 5804 885 5874 xviii,
925 5790 946 5842 1
990 5790 1049 5841 et
1077 5787 1130 5843 2.
1207 5783 1254 5821 ⁸⁸
1285 5784 1418 5843 Luc.
1455 5800 1539 5858 ιιι,
1566 5788 1614 5842 1.
