4160 6498
320 503 432 562 123

1434 493 1854 559 CECUMENII
1897 495 2204 558 TRlCC/E
2245 494 2596 558 EPISCOPI

3619 499 3736 559 ιει

312 653 451 693 nam
484 638 596 692 hoc
624 634 944 691 furibunde
978 633 1374 706 exoptabant:
1429 637 1693 688 attamen
1740 631 1969 688 cecide-

2087 624 2229 698 ὄντι,
2269 629 2332 684 τό
2397 631 2492 702 μὲν
2549 631 2649 699 τήν
2705 627 3051 709 σφοδρότητα
3104 629 3282 688 αὐτῶν
3342 629 3739 702 καταλυθῆναι,

313 732 554 789 runt,ne
575 723 1364 796 viderenturinsipienterea
1382 727 1645 777 tentasse
1665 721 1962 793 quaeipsis

312 813 708 885 impossibilia
741 818 930 867 erant.
963 812 1047 867 Ad
1092 813 1219 867 haec
1270 828 1475 867 revera
1522 811 1846 878 accidebat,
1898 817 1965 867 ut

313 903 734 958 truculentiam
758 902 1000 972 quidem
1032 902 1271 957 illorum
1325 900 1583 967 dissolvi,
1636 917 1705 955 ex
1749 901 1962 956 virtute

314 997 471 1047 esset
491 991 1156 1058 consiliarii,verberare
1180 996 1378 1046 autem
1401 990 1725 1062 apostolos,
1759 1007 1962 1045 eorum

313 1083 412 1153 qui
438 1082 666 1137 imbuta
686 1082 922 1137 insania
947 1081 1213 1153 persuasi
1237 1086 1422 1135 erant.
1443 1080 1588 1134 Vide
1608 1084 1805 1134 autem
1829 1097 1964 1151 apo-

315 1171 603 1226 stolorum
636 1171 709 1227 ad
747 1171 994 1226 meliora
1025 1171 1485 1226 incrementum.
1521 1171 1664 1224 Nam
1684 1187 1788 1240 per
1809 1169 1963 1224 afﬂi-

313 1263 542 1317 ctiones
568 1260 784 1344 quibus
808 1260 1156 1315 devincendi
1179 1259 1792 1331 sperabantur,magis
1810 1275 1968 1314 exer-

311 1351 624 1417 cebantur,
656 1357 721 1405 ut
751 1352 824 1406 ad
855 1351 1252 1406 efﬁcaciorem
1276 1351 1584 1423 magisque
1605 1348 1968 1420 imperterri-

312 1449 433 1499 tam
456 1443 790 1498 doctrinam
812 1443 1225 1514 procederent,
1257 1447 1322 1498 ut
1344 1459 1464 1498 non
1484 1444 1544 1496 in
1577 1442 1832 1504 occulto,
1867 1440 1969 1496 sed

315 1533 513 1588 statim
538 1533 598 1587 in
623 1535 846 1604 templo
881 1548 1118 1604 quoque
1139 1531 1296 1587 unde
1330 1531 1744 1604 comprehensi
1777 1534 1968 1600 erant,

2074 725 2176 788 τῆς
2209 719 2408 790 ἀρετῆς
2436 723 2534 775 τοῦ
2567 716 2914 792 συμϐούλου,
2945 722 3006 776 τὸ
3056 718 3114 777 δὲ
3175 722 3426 796 μαστίξαι
3485 726 3587 788 τῆς
3632 726 3739 777 τῶν

2079 803 2603 881 συμϐουλευθέντων
2665 807 2988 866 δευσοποιοῦ
3051 811 3270 885 μανίας.
3328 813 3466 887 Ὅρα
3545 809 3601 867 δὲ
3651 811 3744 866 καὶ

2073 903 2183 955 τῶν
2219 898 2540 955 ἀποστόλων
2573 903 2672 970 τὴν
2703 899 2790 956 ἐπὶ
2823 902 2886 956 τὸ
2916 908 3161 975 κρεῖττον
3216 899 3480 961 ἐπίδοσιν.
3533 901 3637 958 Καὶ
3669 899 3740 956 δι’

2077 989 2150 1042 ὧν
2207 987 2509 1060 ἠλπίζοντο
2568 992 3029 1065 καταγωνίζεσθαι
3117 986 3412 1066 θλιὸερῶν,
3495 989 3744 1064 μάλιστα

2078 1075 2166 1132 διὰ
2209 1077 2417 1134 τούτων
2472 1077 2939 1156 ἐπαλειφομένους
2991 1081 3130 1154 πρὸς
3188 1079 3562 1156 ἐνεργεστέραν
3621 1099 3738 1155 χω-

2082 1173 2191 1243 ρεῖν
2249 1167 2338 1223 καὶ
2397 1167 2956 1243 ἀκαταπληκτοτέραν
3020 1166 3397 1236 διδασκαλίαν,
3457 1170 3530 1231 ὡς
3572 1171 3648 1243 μὴ
3683 1168 3737 1224 έν

2080 1253 2432 1330 παραϐύστῳ,
2465 1255 2612 1313 ἀλλά
2641 1259 2730 1314 καὶ
2762 1260 2912 1323 αὖθις
2945 1258 2996 1314 έν
3051 1262 3128 1332 τῷ
3180 1260 3314 1335 ἱερῷ
3365 1259 3454 1336 ἀφ’
3503 1260 3565 1314 οὗ
3613 1281 3738 1315 συν-

2080 1346 2423 1424 ελήφθησαν,
2455 1347 2546 1402 καὶ
2578 1347 2703 1404 ὅποι
2736 1345 2804 1417 δὴ
2838 1345 3098 1423 ἀλλαχοῦ
3150 1349 3241 1404 τὸν
3288 1348 3523 1422 Χριστὸν
3572 1348 3738 1423 εὐαγ-

2079 1437 2410 1514 γελίζεσθαι,
2497 1438 2560 1493 τὸ
2663 1437 2890 1510 μάταιον
2972 1443 3080 1494 τῶν
3146 1437 3558 1512 έπηρεασάντων
3615 1444 3736 1502 τοῖς

2079 1525 2368 1599 ἀκροαταῖς
2395 1525 2872 1600 ἐμπομπεύοντας.

311 1621 502 1677 ubivis
535 1621 713 1678 etiam
745 1620 884 1676 alibi
918 1621 1218 1677 Christum
1251 1621 1704 1688 annuntiarent,
1736 1635 1943 1676 eorum
1975 1618 2076 1692 qui
2106 1618 2223 1673 vim
2256 1618 2340 1674 eis
2371 1618 2700 1675 intulerant
2730 1619 3051 1676 vanitatem
3109 1619 3482 1677 auditoribus
3532 1623 3735 1676 osten-

312 1716 526 1767 tantes.

872 1802 916 1858 5
929 1805 977 1856 4
1017 1801 1249 1856 CAPUT
1291 1801 1409 1855 VII.

627 1895 704 1948 De
731 1891 999 1948 electione
1027 1897 1230 1961 septem
1262 1891 1641 1946 diaconorum.

386 2005 411 2032 ‹‹
449 1983 540 2050 νι,
577 1983 628 2050 1,
661 1986 715 2036 2.
748 1983 815 2036 In
849 1982 940 2036 his
971 1987 1172 2036 autem
1203 1980 1413 2036 diebus
1445 1997 1582 2034 cum
1604 1978 1968 2049 multiplica-

2725 1799 2984 1855 ΚΕΦΑΛ.
3019 1804 3088 1854 Ζ’.

2343 1887 2472 1960 Περὶ
2505 1885 2849 1962 χειροτονίας
2882 1890 2989 1943 τῶν
3019 1885 3153 1943 ἐπτά
3181 1884 3470 1944 διακόνων.

2151 1998 2181 2025 ‹‹
2215 1977 2302 2031 Ἑν
2337 1973 2395 2030 δὲ
2422 1981 2544 2040 ταῖς
2598 1977 2834 2052 ἡμέραις
2891 1975 3113 2040 ταύταις
3168 1975 3563 2047 πληθυνόντων
3623 1981 3732 2031 τῶν

311 2095 338 2121 ‹‹
374 2077 582 2127 rentur
603 2071 904 2142 discipuli,
929 2075 1199 2126 exortum
1222 2074 1311 2125 est
1333 2085 1607 2124 murmur
1630 2069 1969 2124 Graacorum

2084 2087 2106 2113 ι(
2145 2069 2429 2137 μαθητῶν,
2490 2063 2706 2142 ἐγένετο
2792 2066 3117 2143 γογγυσμὸς
3181 2070 3289 2120 τῶν
3359 2064 3735 2136 Ἑλληνιστῶν

311 2183 339 2210 ‹‹
372 2161 654 2216 adversus
695 2160 995 2226 Hebraeos,
1055 2177 1122 2214 eo
1176 2159 1335 2229 quod
1392 2159 1845 2230 despicerentur
1903 2157 1965 2211 in

312 2273 339 2300 ‹‹
373 2251 708 2306 ministerio
741 2250 1089 2320 quotidiano
1123 2247 1310 2303 viduas
1349 2249 1639 2319 ipsorum.
1671 2248 1963 2302 Caeterum

314 2339 692 2395 «duodecim
731 2339 821 2394 illi
880 2355 1016 2394 cum
1073 2337 1462 2394 advocassent
1515 2335 1965 2392 multitudinem

319 2454 343 2482 «
378 2431 832 2501 discipulorum.
866 2430 1180 2483 dixerunt:
1206 2430 1332 2483 Non
1354 2433 1444 2483 est
1473 2444 1711 2498 aequum
1741 2432 1809 2482 ut
1834 2443 1965 2498 nos,

323 2543 350 2570 α
380 2520 667 2576 derelicto
701 2535 975 2574 sermone
1002 2518 1127 2587 Dei,
1161 2518 1571 2573 ministremus
1621 2516 1867 2572 mensis.
1903 2539 1924 2568 ι

385 2611 512 2664 Non
532 2609 593 2664 in
619 2607 845 2663 eisdem
863 2607 1094 2671 diebus,
1129 2607 1308 2662 sedin
1331 2606 1686 2677 quibusdam
1711 2621 1966 2676 sequen-

313 2697 494 2753 tibus.
531 2699 746 2752 Verum
775 2713 939 2751 more
971 2695 1287 2766 Scriptura:
1319 2694 1582 2749 facturus
1609 2694 1970 2750 narrationis

315 2785 648 2851 exordium,
675 2784 789 2839 hoc
818 2784 995 2839 modo
1024 2784 1200 2839 etiam
1233 2799 1394 2838 nunc
1425 2782 1711 2855 procedit.
1761 2778 1968 2851 Ἐλλη-

316 2874 501 2934 νιστὰς
522 2881 720 2930 autem
743 2879 912 2929 vocat
933 2890 1053 2928 non
1078 2874 1310 2929 Graecos
1322 2872 1632 2946 religione,
1653 2873 1758 2928 sed
1773 2873 1969 2928 Graace

317 2966 652 3036 loquentes.
679 2965 791 3019 Per
821 2979 1094 3018 murmur
1124 2979 1284 3029 vero,
1334 2962 1579 3018 alterius
1626 2961 1970 3017 tentationis

316 3071 504 3126 genus
530 3058 789 3119 enarrat,
816 3069 937 3106 non
959 3051 1031 3106 ab
1057 3051 1407 3106 extrinsecis
1441 3055 1732 3118 exortum,
1763 3051 1866 3106 sed
1897 3051 1968 3106 ab

311 3144 407 3199 his
434 3143 534 3214 qui
565 3143 727 3198 intus
750 3147 939 3198 erant.
974 3143 1093 3197 Hoc
1113 3141 1271 3196 enim
1289 3140 1970 3212 apostolorumprobita-

312 3241 431 3290 tem
459 3235 849 3302 demonstrat,
884 3233 983 3304 qui
1018 3232 1283 3304 undique
1308 3238 1367 3288 et
1389 3233 1752 3289 intrinsecus
1784 3237 1842 3287 et
1869 3249 1967 3288 ex-

311 3325 602 3380 trinsecus
631 3321 1161 3395 impugnabantur,
1195 3322 1462 3392 undique
1486 3327 1687 3378 autem
1706 3321 1968 3394 palmam

2082 2175 2103 2204 ι
2140 2154 2276 2227 πρὸς
2325 2155 2453 2218 τοὺς
2506 2151 2818 2228 Ἐϐραίους,
2875 2155 2961 2210 ’ὁτι
3036 2157 3481 2232 παρεθεωροῦντο
3550 2154 3603 2210 ἐν
3660 2158 3730 2230 τῇ

2074 2266 2102 2294 ‹‹
2138 2240 2385 2314 διακονίᾳ
2414 2249 2483 2318 τῇ
2514 2247 2857 2320 καθημερινῇ
2890 2247 2947 2300 αἱ
3003 2251 3177 2321 χῆραι
3228 2245 3426 2301 αὐτῶν.
3484 2251 3734 2322 Προσκα-

2076 2355 2099 2386 ι
2140 2334 2428 2406 λεσάμενοι
2460 2332 2518 2389 δὲ
2549 2335 2601 2389 οἱ
2633 2331 2844 2390 δώδεκα
2899 2336 2962 2391 τὸ
3012 2333 3228 2404 πλῆθος
3281 2339 3387 2390 τῶν
3448 2336 3736 2408 μαθητῶν,

2074 2444 2102 2473 ‹‹
2136 2423 2310 2480 εἶπον.
2344 2424 2461 2481 Οὐκ
2488 2423 2711 2500 ἀρεστόν
2744 2423 2886 2480 ἐστιν
2940 2427 3088 2498 ἡμᾶς
3145 2423 3575 2498 καταλείψαντας
3627 2424 3718 2480 τὸν

2073 2534 2101 2562 ‹‹
2137 2509 2308 2588 λόγον
2340 2517 2438 2568 τοῦ
2464 2519 2600 2568 Θεοῦ
2631 2511 2896 2569 διακονεῖν
2920 2513 3232 2589 τραπέζαις.
3266 2540 3294 2566 »

2144 2599 2258 2657 Οὔκ
2315 2599 2366 2657 ἐν
2427 2609 2546 2666 ταῖς
2607 2602 2792 2666 αὐταῖς
2848 2604 3102 2679 ἡμέραις,
3161 2602 3290 2660 ἀλλ’
3343 2601 3398 2659 ἔν
3452 2625 3562 2660 τισι
3614 2608 3724 2660 τῶν

2077 2695 2191 2763 μετ’
2247 2689 2472 2754 ὲκείνας.
2530 2698 2621 2764 Τῷ
2697 2697 2941 2770 γρασικῷ
3026 2691 3084 2748 δὲ
3166 2691 3298 2762 ἔθει,
3378 2693 3558 2769 ἀρχὴν
3644 2690 3730 2749 δι-

2077 2786 2329 2858 ηγήσεως
2362 2777 2767 2847 καταϐαλέσθαι
2801 2781 3047 2856 μέλλων,
3080 2784 3231 2840 οὕτω
3264 2784 3472 2859 πρόεισι
3501 2783 3589 2840 καὶ
3615 2787 3730 2843 νῦν.

2070 2872 2431 2942 Ἑλληνιστάς
2467 2870 2524 2927 δὲ
2555 2872 2616 2927 ού
2647 2875 2742 2943 τήν
2781 2873 3092 2947 θρησκείαν,
3143 2872 3291 2929 ἀλλᾶ
3344 2875 3471 2936 τοὺς
3522 2872 3734 2943 Ἐλλη-

2073 2963 2214 3017 νιστὶ
2259 2963 2658 3040 φθεγγομένους
2729 2961 2909 3017 καλεῖ.
2973 2965 3070 3018 Διά
3125 2959 3182 3017 δὲ
3234 2967 3332 3017 τοῦ
3387 2966 3730 3038 γογγυσμοῦ,

2076 3050 2252 3108 ἄλλου
2283 3055 2598 3125 πειρασμοῦ
2635 3048 2778 3113 εἶδος
2809 3049 3153 3129 ἐξαγγέλλει,
3187 3051 3285 3107 οὐκ
3313 3052 3420 3108 ἀπὸ
3450 3055 3556 3106 τῶν
3588 3047 3730 3123 ἔξω·

2075 3143 2186 3210 θεν,
2216 3138 2362 3196 ἀλλὰ
2391 3140 2499 3195 ἀπὸ
2531 3146 2642 3196 τῶν
2670 3138 2836 3202 ἐντός.
2872 3143 3051 3198 Τοῦτο
3088 3140 3192 3218 γὰρ
3240 3142 3302 3196 τὸ
3348 3138 3576 3216 δόκιμον
3622 3145 3732 3197 τῶν

2076 3228 2401 3286 ἀποστόλων
2434 3234 2689 3303 παριστᾷ,
2748 3229 3090 3309 πανταχόθεν
3151 3230 3245 3302 μὲν
3294 3229 3732 3306 πολεμουμένων

2074 3319 2183 3374 ἀπὸ
2212 3324 2321 3375 τῶν
2355 3319 2504 3382 ἐντὸς
2556 3319 2646 3374 καὶ
2696 3317 2874 3388 ἐκτὸς,
2925 3321 3185 3384 πάντοθεν
3240 3316 3298 3376 δὲ
3343 3319 3405 3375 τὸ
3459 3320 3730 3393 ἀριστεῖον

305 3415 666 3472 referebant.
701 3416 847 3470 Nam
877 3430 1012 3468 cum
1045 3411 1361 3468 duodecim
1394 3412 1480 3467 illi
1514 3412 1964 3468 multitudinem

2084 3408 2528 3488 ἀποφερομένων.
2563 3407 3079 3482 Προσκαλεσάμενοι
3135 3408 3239 3484 γὰρ
3291 3410 3342 3464 οἱ
3402 3407 3618 3466 δώδοκα
3665 3410 3732 3467 τὸ

313 3502 868 3562 advocassent.illos
883 3518 1100 3572 nempe
1115 3501 1215 3572 qui
1231 3518 1302 3557 ex
1318 3517 1522 3556 eorum
1538 3502 1638 3573 qui
1653 3502 1965 3573 designan-

313 3595 373 3651 di
397 3598 569 3649 erant
588 3592 964 3664 praefectura,
989 3591 1373 3647 commodum
1402 3597 1571 3646 erant
1591 3592 1970 3664 reportaturi,

317 3684 671 3740 electionem
706 3681 852 3752 ipsis
883 3681 1241 3753 permittunt
1264 3698 1276 3734 :
1299 3681 1607 3754 indignum
1631 3682 1974 3754 judicantes

314 3790 444 3829 sese
459 3773 618 3828 circa
630 3787 974 3827 mensarum
993 3775 1341 3842 apparatum
1358 3771 1630 3843 impediri
1646 3772 1972 3843 postposito

312 3863 488 3919 verbo
521 3862 738 3918 divino.
774 3861 940 3918 Unde
967 3861 1193 3917 electos
1217 3861 1824 3928 crearuntdiaconos,
1851 3879 1972 3917 non

303 3955 478 4026 juxta
508 3952 756 4026 gradum
791 3951 890 4023 qui
927 3968 1086 4006 nunc
1119 3957 1208 4006 est
1237 3952 1299 4006 in
1344 3951 1625 4017 Ecclesia,
1660 3951 1764 4007 sed
1787 3946 1973 4004 διακό-

307 4062 454 4107 νους,
477 4043 536 4098 id
569 4047 677 4110 est,
716 4041 1054 4096 ministros:
1084 4045 1150 4095 ut
1185 4041 1349 4095 omni
1392 4057 1526 4096 cum
1575 4040 1888 4113 diligentia
1918 4045 1975 4095 ct

311 4149 430 4188 non
446 4131 763 4204 neglectim
779 4128 1410 4184 distribuereutviduis
1424 4129 1602 4183 simul
1618 4129 1974 4199 etorphanis

315 4238 384 4277 ea
407 4237 536 4290 qua:
570 4219 643 4273 ad
675 4217 1026 4273 alimentum
1060 4217 1321 4287 reposita
1345 4223 1555 4272 erant:
1589 4217 1766 4288 idque
1790 4217 1971 4288 potis-

316 4312 533 4366 simum
565 4306 760 4362 viduis
792 4311 852 4360 et
893 4304 1201 4376 orphanis,
1235 4310 1478 4377 propter
1515 4322 1663 4377 quos
1716 4307 1972 4362 maxime

313 4403 584 4456 exortum
618 4400 745 4451 erat
775 4411 1068 4450 murmur.
1107 4396 1283 4450 Vocat
1323 4400 1522 4450 autem
1571 4395 1972 4452 ministerium

313 4487 730 4562 quotidianum
762 4485 1226 4556 eleemosynam,
1261 4490 1327 4540 ut
1357 4501 1486 4556 qum
1520 4490 1578 4540 et
1615 4484 1973 4541 facientibus

314 4575 772 4634 medicinaeloco
790 4575 886 4640 sit,
912 4573 1272 4629 etbeneficio
1297 4574 1821 4630 affectoshonoret.
1848 4577 1972 4630 Non

318 4673 445 4724 erat
475 4672 675 4722 autem
707 4663 952 4720 malitiae
985 4663 1142 4734 quod
1181 4663 1371 4718 viduae
1420 4669 1970 4734 contemnerentur,

319 4757 423 4814 sed
454 4755 700 4830 ignaviae
733 4753 1080 4809 multorum.
1114 4753 1372 4824 Ideoque
1394 4753 1493 4808 ubi
1518 4753 1759 4827 dignum
1783 4753 1972 4809 visum

2077 3498 2318 3569 πλῆθος,
2348 3497 2475 3561 τοὺς
2505 3500 2591 3554 καὶ
2627 3495 2925 3554 ἀπολαύειν
2985 3495 3287 3572 μέλλοντας
3337 3506 3437 3568 τῆς
3482 3519 3732 3576 προστα⁴

2078 3586 2196 3648 σίας
2229 3590 2337 3641 τῶν
2396 3583 2934 3661 προχειριζομένων,
2991 3585 3176 3649 αὐτοῖς
3232 3584 3582 3662 ἐπιτρέπουσι
3629 3589 3731 3659 τὴν

2077 3675 2335 3750 ἐκλογὴν,
2377 3675 2623 3747 ἀναξίους
2679 3674 2951 3751 κρίνοντες
3007 3675 3229 3739 ἑαυτοὺς
3282 3678 3404 3753 περὶ
3463 3683 3733 3754 τραπεζο-

2076 3765 2258 3820 ποιίαν
2295 3763 2756 3840 ἀπασχολεῖσθαι,
2786 3765 2882 3820 τοῦ
2924 3764 3060 3820 κατὰ
3117 3766 3247 3821 Θεὸν
3291 3767 3464 3846 λόγου
3503 3767 3733 3847 ὠλιγω-

2079 3854 2332 3930 ρηκότας.
2368 3856 2525 3913 Ὅθεν
2563 3853 2692 3916 τοὺς
2753 3852 3076 3932 ἐκλεγέντας
3113 3855 3188 3918 εἷς
3249 3853 3532 3920 διακόνους
3579 3856 3736 3939 ἐχει-

2080 3944 2396 4020 ροτόνησαν,
2431 3943 2493 3997 ού
2525 3944 2661 3998 κατά
2700 3943 2790 3998 τὸν
2824 3947 2915 3998 νῦν
2973 3943 3024 4000 έν
3085 3949 3204 4005 ταῖς
3255 3942 3579 4015 ἐκκλησίαις
3628 3949 3735 4023 βα-

2080 4033 2237 4105 θμὸν,
2271 4030 2418 4087 ἆλλά
2446 4035 2543 4088 τοῦ
2579 4028 2848 4104 διανέμειν
2893 4031 3029 4104 μετά
3086 4027 3366 4106 ἀκριϐείας
3419 4035 3509 4089 καὶ
3559 4035 3732 4112 ὀρφα-

2078 4127 2193 4183 νοῖς
2231 4122 2322 4177 καὶ
2364 4123 2570 4196 χήραις
2625 4123 2692 4176 τὰ
2751 4123 2886 4198 πρὸς
2948 4119 3252 4198 διατροφην
3310 4125 3398 4180 καὶ
3459 4127 3534 4200 μὴ
3602 4147 3734 4182 κατ·

2079 4209 2478 4285 ημελημένως,
2514 4209 2752 4283 μάλιστα
2784 4207 2841 4266 δὲ
2870 4213 3075 4286 χήραις
3104 4215 3192 4269 καὶ
3229 4215 3489 4290 ὀρφανοῖς
3537 4213 3605 4271 δι’
3637 4217 3737 4283 οὓς

2083 4298 2323 4373 μάλιστα
2355 4301 2382 4354 ὁ
2411 4301 2748 4378 γογγυσμός.
2781 4301 3064 4357 Διακονίαν
3099 4299 3156 4358 δὲ
3211 4302 3371 4359 καλεῖ
3418 4305 3517 4374 τήν
3567 4303 3735 4377 έλεη-

2083 4388 2346 4462 μοσύνην,
2381 4390 2456 4452 ὡς
2487 4389 2578 4444 καὶ
2627 4388 2754 4452 τοὺς
2810 4394 3103 4454 ποιοῦντας
3165 4394 3583 4468 θεραπεύουσαν,
3639 4395 3736 4451 καὶ

2077 4481 2206 4543 τοὺς
2236 4479 2726 4555 εύεργετουμὲνους
2775 4481 3164 4552 σεμνύνουσαν.
3223 4483 3338 4541 Ούκ
3392 4484 3459 4553 ἦν
3521 4481 3577 4542 δὶ
3632 4506 3735 4542 κα-

2078 4572 2202 4632 κίας
2234 4569 2297 4625 τὺ
2330 4573 2711 4647 παροραθῆναι
2740 4569 2834 4632 τάς
2862 4573 3068 4647 χήρας,
3110 4571 3257 4629 ἀλλὰ
3312 4574 3578 4650 ῥᾳθυμίας
3623 4579 3737 4633 τῶν

2079 4657 2329 4716 πολλῶν.
2368 4661 2465 4716 Διὸ
2496 4659 2586 4714 καὶ
2619 4657 2914 4738 φροντίδος
2948 4661 3171 4735 ἀξιωθέν
3227 4663 3494 4720 ἐπαύσατο
3543 4665 3605 4721 τὸ
3637 4664 3738 4721 λυ-

2081 4754 2241 4807 ποῦν.
2281 4751 2348 4807 ’Ἡ
2382 4749 2471 4804 καὶ
2530 4749 2630 4817 τὴν
2693 4745 2966 4823 δημοσίαν
3021 4750 3340 4826 ὑπηρεσίαν.
3398 4757 3574 4811 Τοῦτο
3632 4755 3739 4830 γὰρ

317 4854 406 4904 est
436 4853 503 4903 ut
533 4862 675 4901 cura
706 4842 1112 4910 adhiberetur,
1148 4843 1387 4899 sedatus
1419 4849 1510 4899 est
1533 4845 1719 4900 animi
1780 4843 1968 4899 dolor.

2084 4842 2143 4897 τὸ
2175 4848 2275 4910 τῆς
2307 4838 2588 4904 διακονίας
2614 4834 2787 4913 ὄνομα
2817 4837 3023 4911 δηλοῦν
3057 4814 3335 4917 βούλεται.
3382 4847 3589 4916 Λήϊτον
3635 4814 3738 4920 γὰρ

315 4935 424 4990 Vel
453 4935 631 4990 etiam
656 4932 957 5002 publicam
983 4930 1972 4988 dicuntadministrationem.Nam

315 5025 428 5080 hoc
478 5021 815 5093 signiﬁcare
874 5019 1001 5074 vult
1057 5036 1278 5074 nomen
1338 5017 1602 5074 διακονία.
1667 5020 1972 5092 Siquidem

321 5112 504 5168 (ἶπεοοί
538 5109 844 5182 publicum
878 5125 1038 5180 penu
1071 5106 1264 5176 λήιτον
1299 5109 1624 5181 appellant,
1683 5108 1842 5180 quod
1875 5109 1968 5166 55

323 5203 575 5275 quisque
606 5215 823 5270 magno
849 5196 1044 5252 studio
1070 5198 1380 5253 contendit
1401 5198 1730 5254 liberaliter
1747 5197 1977 5254 inillud

323 5291 542 5347 inferre
575 5287 646 5342 ad
679 5302 1056 5342 communem
1093 5287 1429 5359 impensam
1461 5304 1592 5359 quas
1625 5287 1737 5343 sibi
1778 5287 1976 5344 abun-

321 5382 482 5438 dant.

394 5472 485 5533 Vl,
530 5469 638 5522 3-7.
674 5489 700 5513 ‹‹
735 5464 1188 5536 Circumspicite
1220 5482 1376 5539 ergo.
1443 5465 1675 5536 fratres,
1725 5466 1881 5524 viros
1910 5484 1981 5524 ex

322 5585 348 5610 ι(
386 5559 549 5614 vobis
582 5554 925 5612 testimonio
987 5555 1408 5626 comprobatos
1469 5563 1716 5628 septem,
1770 5558 1982 5630 plenos

329 5670 349 5694 ι
385 5648 607 5721 Spiritu
641 5650 843 5701 sancto
877 5648 934 5697 et
965 5644 1282 5714 sapientia,
1345 5662 1498 5717 quos
1548 5647 1982 5702 constituamus

328 5761 351 5791 ιι
389 5754 568 5810 super
593 5737 704 5790 hoc
736 5732 994 5804 negotio.
1030 5734 1144 5788 Nos
1177 5750 1313 5788 vero
1375 5735 1630 5791 orationi
1687 5740 1743 5790 et
1790 5735 1985 5791 admi-

322 5848 350 5878 (ι
383 5825 721 5881 nistrationi
775 5821 1072 5879 sermonis
1130 5823 1573 5881 incumbamus.
1636 5825 1985 5899 Placuitque

2082 4931 2144 4986 τὸ
2172 4929 2438 5005 δημόσιον
2471 4928 2731 4986 καλοῦσιν
2777 4929 3048 5001 Ἓλληνες
3076 4938 3322 5006 ταμεῖον,
3381 4935 3620 5009 παρόσον
3662 4934 3744 4998 εἰς

2083 5019 2214 5075 αὐτὸ
2273 5025 2375 5083 πᾶς
2441 5042 2527 5083 τις
2576 5022 3054 5095 κατεσπευσμένως
3111 5019 3248 5078 ἵεται
3303 5021 3646 5104 ’προσφέρειν
3703 5021 3744 5080 ἔ

2086 5108 2399 5188 φιλοτίμως
2431 5109 2581 5184 αὐτῷ
2619 5109 2922 5186 εύπόρηται
2951 5113 3088 5186 πρὸς
3122 5111 3393 5189 χορηγίαν
3424 5114 3630 5184 κοινήν.

2165 5495 2193 5524 ι(
2226 5469 2648 5545 Ἐπισκέψασθε
2709 5473 2827 5540 οῦν,
2885 5467 3140 5544 ἀδελφοί,
3199 5471 3388 5550 ἄνδρες
3468 5475 3519 5548 ἐξ
3589 5477 3745 5552 ὑμῶν

2093 5585 2122 5612 ‹‹
2156 5558 2637 5635 μαρτυρουμένους
2694 5559 2850 5628 έπτα,
2903 5557 3138 5636 πλήρεις
3209 5563 3528 5636 Ιινεύματος
3587 5566 3750 5643 ἀγίου

2098 5673 2124 5704 α
2154 5649 2244 5706 καὶ
2272 5649 2482 5727 σοφίας,
2523 5650 2620 5712 οὓς
2653 5651 3069 5723 καταστήσομεν
3103 5650 3192 5707 ἐπὶ
3223 5659 3324 5722 τῆς
3375 5656 3564 5730 χρείας
3613 5658 3748 5712 ταύ-

2097 5763 2126 5792 ιι
2157 5760 2275 5810 της.
2309 5740 2501 5814 Ἡμεῖς
2533 5735 2591 5794 δὲ
2633 5741 2700 5813 τῇ
2759 5739 3047 5817 προσευχῇ
3103 5742 3194 5797 καὶ
3251 5746 3322 5817 τῇ
3375 5740 3624 5819 διακονίᾳ
3649 5751 3750 5803 τοῦ

2100 5853 2129 5882 ‹‹
2160 5827 2329 5903 λόγου
2387 5830 2963 5908 προσκαρτερήσομεν.
3044 5832 3142 5888 Καἱ
3226 5829 3418 5911 ἤρεσεν
3484 5835 3513 5892 ὁ
3572 5835 3750 5916 λόγος
