4160 6434
395 406 516 469 127

395 542 940 617 philosophandum
965 548 1179 608 idonea
1196 560 1342 624 erat,
1375 574 1590 632 nempe
1608 563 2045 626 Libertinorum

397 637 456 687 et
487 634 1046 703 Alexandrinorum,
1082 647 1139 697 et
1169 649 1684 720 Cyrenensium,et
1704 657 1973 725 Cilicum,
1993 668 2051 716 et

396 723 771 780 Asianorum.
806 729 875 782 Et
905 734 1414 800 quemadmodum
1437 758 1543 812 per
1564 761 1741 801 unam
1778 723 2050 806 multitu-

393 811 590 866 dinem
619 819 708 868 est
729 816 1078 889 disputatio,
1112 823 1194 878 ita
1220 832 1280 880 et
1300 845 1405 899 per
1435 811 1584 887 alios
1618 841 1707 889 est
1727 841 2046 908 accusatio,

392 906 450 953 et
479 901 670 958 forma
695 904 862 962 dolos
897 913 1224 968 texentium
1257 933 1325 971 ac
1348 918 1812 991 deploratorum.
1838 901 2043 985 Prohi:

390 987 500 1043 biti
543 991 702 1046 enim
731 1011 764 1048 a
797 996 1136 1068 Gamaliele,
1171 1009 1236 1057 ut
1285 987 1442 1062 nihil
1492 1018 1698 1069 contra
1745 1018 2047 1088 apostolos

390 1081 713 1145 tentarent,
749 1084 868 1140 imo
901 1089 1054 1144 nihil
1086 1091 1372 1152 habentes
1405 1100 1688 1158 adversus
1718 1105 1854 1160 illos
1882 1125 2049 1164 accu-

392 1169 665 1239 sationis,
702 1173 1067 1246 Stephanum
1100 1182 1172 1237 de
1204 1190 1597 1256 praisentibus
1620 1194 1797 1252 rebus
1820 1199 2043 1256 calum-

390 1257 558 1313 niose
582 1263 1029 1333 aggrediuntur,
1064 1287 1098 1325 a
1128 1274 1246 1328 veri
1279 1275 1668 1349 inquisitione
1699 1285 2044 1345 aberrantes

391 1351 604 1420 nugaci
627 1351 1005 1424 loquacitate.
1023 1361 1352 1422 Libertinos
1379 1377 1576 1426 autem
1603 1373 1749 1430 dicit
1773 1376 2042 1436 fortassis

384 1440 580 1494 vocari
616 1444 931 1504 Romanos.
986 1451 1145 1519 quod
1201 1471 1236 1509 a
1283 1457 1440 1513 Livia
1486 1463 1732 1535 Augusti
1791 1470 2042 1543 conjuge

388 1527 617 1598 seipsos
654 1533 920 1590 celebres
952 1540 1358 1602 reddiderint:
1394 1565 1461 1604 eo
1511 1527 1670 1622 quvod
1721 1561 1778 1610 et
1824 1527 2044 1616 muliEr

385 1618 748 1687 percelebris
781 1632 957 1695 esset,
993 1634 1052 1683 et
1081 1630 1153 1686 ab
1212 1635 1495 1706 Augusto,
1527 1618 1778 1700 —virtutis
1831 1651 2039 1721 gratia,

385 1705 601 1762 eximie
633 1709 1016 1771 adamaretur
1044 1735 1057 1772 :
1092 1722 1184 1776 cui
1219 1741 1362 1781 sane
1392 1727 1521 1799 ipsa
1552 1749 1789 1806 quoque
1837 1737 1898 1792 id
1945 1757 2038 1796 re-

389 1796 619 1865 pendit,
655 1807 720 1855 ut
748 1803 821 1858 ad
840 1806 1081 1878 Augusti
1117 1796 1458 1885 sepulcrum
1511 1796 1786 1880 tolerahti
1841 1830 2039 1886 animo

385 1895 874 1955 perseveraverit.
907 1896 1028 1952 Alio
1059 1902 1217 1957 modo
1247 1920 1259 1957 :
1296 1905 1734 1970 Libertinorum
1774 1922 1834 1971 et
1861 1918 2037 1990 Cyre-

385 1976 686 2043 nensium,
749 1984 846 2053 qui
909 1993 1080 2043 erant
1133 2007 1168 2046 a
1227 1993 1481 2064 civitate,
1538 2018 1668 2071 qum
1728 2011 1817 2060 est
1876 2013 2038 2066 trans

392 2062 862 2128 Alexandriam:
896 2093 1111 2151 nempe
1144 2082 1301 2140 circa
1353 2090 1717 2160 sophisticen
1765 2096 1918 2153 vires
1976 2117 2042 2157 ac

391 2152 641 2225 gloriam
663 2163 819 2232 apud
849 2165 1126 2225 Hebraeos
1165 2152 1544 2236 habentium:
1583 2200 1834 2254 quorum
1867 2152 2040 2245 varia:

390 2251 876 2320 congregationes
900 2256 1326 2334 Hierosolymis
1350 2275 1537 2337 erant,
1574 2251 2040 2336 inhabitantium

388 2349 551 2390 more
585 2341 868 2409 gentium.
908 2346 1044 2402 Ideo
1079 2368 1316 2424 quoque
1351 2374 1676 2435 synagogas
1717 2365 2036 2442 habebant,

385 2439 602 2496 nempe
631 2428 760 2484 loca
778 2443 1050 2503 separata
1071 2439 1144 2494 ad
1177 2428 1723 2525 lectionem'legum
1755 2458 2040 2517 Mosaica-

384 2528 540 2569 rum.
574 2518 738 2572 Multi
768 2522 1064 2593 siquidem
1089 2545 1316 2600 eorum,
1339 2538 1440 2606 qui
1467 2540 1834 2602 adorationis
1851 2552 2039 2618 gratia

384 2601 714 2663 Jerusalem
736 2613 1115 2683 accedebant,
1155 2625 1410 2681 maxime
1429 2629 1586 2686 circa
1604 2634 1846 2707 Pascha,
1875 2642 2034 2711 quod

384 2708 505 2747 non
539 2694 759 2752 licebat
788 2706 952 2758 extra
981 2706 1305 2768 Jerusalem
1341 2717 1661 2790 celebrare,
1700 2725 1760 2781 in
1797 2745 1866 2784 ea
1892 2746 2031 2803 age-

384 2780 492 2803 1.-..
509 2788 525 2803 ι
583 2787 624 2803 ιν
643 2802 650 2803 κ
774 2789 784 2799 ο
1007 2801 1014 2803 -
1031 2796 1040 2803 ·

1649 2780 1660 2790 ,
1747 2780 1758 2781 κ
1805 2780 1864 2784 -η
1895 2780 1995 2803 πο-

381 2780 546 2838 bant.
582 2787 662 2839 Ne
691 2789 847 2844 enim
883 2796 1165 2854 continue
1198 2813 1551 2876 cogerentur
1579 2829 1612 2867 a
1638 2817 1846 2885 patriis
1885 2819 2031 2877 locis

379 2887 626 2944 peregre
657 2892 829 2948 agere
860 2880 1298 2954 frequentando
1323 2880 1672 2971 Jerusalem,
1697 2904 1918 2964 ibidem
1937 2928 2031 2966 re-

379 2961 674 3019 sidebant.
713 2967 1045 3029 Libertinos
1077 2985 1274 3036 autem
1309 2961 1711 3062 appellabant,
1740 2961 2028 3067 quia—llo-

376 3051 573 3107 manis
607 3060 956 3116 manumissi
981 3073 1168 3122 erant.
1198 3070 1494 3146 Stephano
1513 3080 1693 3153 igitur
1716 3085 2029 3162 indignum

1298 3139 1314 3146 -
1535 3139 1567 3153 υ
1724 3139 2027 3162 ⁷⁷’““Ο’“““““

376 3139 632 3201 ducente
650 3165 783 3204 cum
809 3153 893 3207 eis
919 3159 1202 3228 tanquam
1237 3167 1413 3224 corde
1446 3177 1752 3233 excascatis
1782 3198 2027 3243 conver—

375 3231 516 3298 sari,
547 3233 681 3304 ipsi,
716 3252 836 3295 sua)
867 3245 1108 3303 vanitati
1145 3251 1418 3326 fidentes,
1478 3262 1550 3316 ad
1600 3231 2022 3339 disputandum

1520 427 1946 493 (ECUMENII
1994 434 2296 500 TRlCCz‘E
2340 443 2696 509 EPISCOPI

2074 573 2381 647 Αστεύειν,
2441 575 2774 653 Λιϐερτίνων
2846 588 2936 642 καὶ
2993 587 3406 667 Ἀλεξανδρέων,
3465 593 3554 650 καὶ
3613 597 3818 671 Κυρη-“

2155 662 2462 736 ναίων,καὶ
2522 669 2787 741 Κιλίκων,
2844 677 2934 730 καὶ
2996 680 3279 736 Ἀσιανῶν.
3340 684 3441 740 Καὶ
3502 683 3682 760 ὥσπερ
3743 683 3801 741 δι

2156 751 2340 830 ὲτέρου
2370 753 2620 827 πλήθους
2649 764 2682 831 ἡ
2718 767 3032 836 συζήτησις,
3077 768 3222 824 οὕτω
3284 772 3372 827 καὶ
3432 771 3504 828 δι’
3549 775 3744 850 ἐτέρων
3776 778 3811 846 ἡ

2153 847 2479 921 κατηγορία,
2512 850 2599 903 καὶ
2631 853 2692 906 τὸ
2738 857 2931 929 σχῆμα
2988 854 3351 916 δολοπλόκων
3409 864 3501 918 καὶ
3560 865 3813 943 ἀπεγνω-

2155 933 2380 1005 σμένων.
2418 938 2721 1004 Κωλθὲντες
2768 944 2868 1020 γὰρ
2932 948 3035 1002 ὑπὸ
3094 950 3388 1023 Γαμαλιήλ
3451 952 3620 1025 μηδὲν
3670 933 3809 1012 κατὰ

2151 1026 2260 1076 τῶν
2287 1023 2611 1084 ἀποστόλων
2659 1029 2978 1109 ἐπιχειρεῖν,
3038 1038 3126 1092 καὶ
3191 1038 3360 1111 μηδὲν
3421 1040 3640 1122 ἔχοντες
3696 1066 3798 1101 κατ

2153 1106 2370 1163 ἐκείνων
2451 1111 2722 1188 ἐγκαλεῖν,
2809 1121 3066 1201 Στεφάνῳ
3133 1125 3200 1181 τὰ
3245 1131 3335 1180 νῦν
3396 1135 3804 1207 συκοφαντικῶς

2152 1195 2498 1270 ἐπιτίθενται,
2531 1203 2934 1282 ἀστοχήσαντες
2983 1219 3084 1282 τῆς
3134 1211 3225 1269 διὰ
3279 1222 3385 1271 τῶν
3440 1217 3810 1296 Λογολεσχῶν

2153 1295 2518 1363 συζυτήσεως.
2551 1294 2906 1373 Λιϐερτίνους
2966 1303 3024 1361 δὲ
3081 1305 3208 1370 τοὺς
3267 1310 3572 1383 Ῥωμαίους
3624 1311 3814 1368 καλεῖ-

2153 1391 2272 1444 σθαι
2302 1383 2445 1460 τάχα
2478 1387 2664 1460 φησὶν,
2696 1389 2802 1446 ἀπὸ
2859 1390 3057 1460 Λιϐίας
3085 1403 3185 1467 τῆς
3239 1398 3558 1476 Αὐγούστου
3617 1425 3809 1479 γυναι-

2148 1469 2243 1530 κὸς
2293 1469 2717 1552 ἐπιφημίσαντες
2770 1481 2994 1547 ἑαυτοὺς
3050 1488 3238 1551 καθότι
3284 1487 3373 1542 καὶ
3432 1493 3733 1566 περιφανὴς
3768 1495 3806 1563 ἡ

2147 1561 2305 1632 γυνή,
2340 1563 2431 1617 καὶ
2490 1563 2558 1619 δι’
2612 1569 2806 1641 ἀρετὴν
2867 1575 3203 1652 στεργομένη
3265 1575 3625 1659 διαφερόντως
3692 1584 3800 1638 ὑπὸ

2150 1649 2484 1723 Αὐγούστου.
2617 1654 2684 1728 δὴ
2718 1661 2808 1715 καὶ
2841 1661 2975 1732 αὐτή
3008 1649 3099 1726 ἐἰς
3139 1649 3482 1742 ἀντάμειίινιν,
3514 1674 3592 1741 τῷ
3649 1671 3808 1752 τάφῳ

2148 1739 2246 1792 τοῦ
2333 1741 2649 1818 Αὐγούστου
2709 1758 3190 1829 προσκαρτεροῦσα
3249 1754 3513 1827 διέζησεν.
3551 1793 3617 1802 --
3671 1762 3811 1818 Ἀλ-

2149 1825 2280 1890 λως’
2316 1827 2645 1906 Λιϐερτίνων
2670 1840 2756 1893 καὶ
2793 1843 3115 1916 Κυρηναίων
3175 1852 3282 1901 τῶν
3341 1846 3588 1904 ἐπέκεινα
3638 1849 3806 1908 Ἀλε-

2147 1915 2563 1994 ξανδρείας,ἅτε
2587 1928 2712 2001 περὶ
2769 1934 3088 2010 σοφιστικὴν
3147 1936 3209 1989 τὸ
3260 1937 3463 2010 κράτος
3519 1938 3803 2017 ἀποφερο-

2157 2003 2330 2078 μένων
2359 2019 2485 2086 παρ’
2513 2010 2810 2090 Ἑϐραίοις.
2848 2003 2968 2075 ’Ὧν
3026 2023 3117 2078 καὶ
3173 2021 3427 2098 διάφοροι
3485 2031 3803 2104 συναγωγαὶ

2151 2093 2202 2150 ἐν
2250 2098 2616 2176 Ἰερουσαλὴμ
2671 2109 2810 2163 κατὰ
2863 2107 2988 2182 ἔθνη
3051 2093 3501 2188 ἐναυλιζομένων.
3557 2093 3650 2174 me}
3705 2119 3805 2174 καὶ

2151 2191 2458 2265 συναγωγὰς
2488 2194 2641 2268 εἶχον
2699 2193 2901 2260 τόπους
2953 2199 3360 2280 ἀφωρισμένοςς
3416 2205 3499 2261 ἐπ’
3556 2207 3808 2282 ἀναγνώ-

2151 2279 2356 2330 σειτῶν
2392 2280 2638 2346 Μωσέως
2663 2283 2867 2357 νόμων.
2903 2279 3114 2345 Πολλοὶ
3149 2292 3250 2367 γὰρ
3290 2297 3398 2348 τῶν
3458 2293 3807 2368 ἐπιδημούν-

2147 2383 2254 2418 των
2281 2373 2697 2441 προσκυνήσεως
2732 2375 2893 2450 χάριν
2953 2377 3029 2440 εἶς
3087 2380 3470 2456 Ἰερουσαλὴμ,
3533 2384 3808 2458 μάλιστα·

2145 2461 2280 2510 κατα
2308 2459 2370 2514 τὸ
2405 2463 2611 2538 Πάσχα,
2649 2466 2678 2519 ὅ
2722 2466 2821 2522 οὐκ
2875 2465 2996 2541 ἐξῆν
3053 2463 3153 2540 ἔξω
3197 2469 3373 2527 τελεῖν
3433 2481 3532 2544 τῆς
3590 2477 3800 2550 Ἰερου-

2145 2542 2357 2619 σαλήμ,
2390 2548 2759 2628 συνδιέτριϐον
2791 2555 2840 2611 ἐν
2891 2555 3046 2631 αὐτῇ.
3105 2565 3192 2622 Ὦς
3251 2560 3309 2615 ἂν
3367 2563 3459 2618 οὖν
3492 2542 3592 2636 Ἵμή
3657 2542 3798 2622 συν-

2145 2641 2293 2714 εχῶς
2325 2637 2726 2718 ἀναγκάζωνται
2786 2647 2891 2703 ἀπὸ
2949 2654 3222 2726 πατρίνων
3281 2655 3616 2732 ἀποδημεῖν,
3679 2682 3807 2735 φοι-

2140 2729 2340 2789 τῶντες
2367 2728 2442 2791 εἰς
2495 2733 2860 2810 Ἰερουσαλὴμ
2916 2739 3292 2817 προσήδρευον
3353 2728 3486 2803 ἐκεῖξ
3542 2728 3800 2826 Λιϐερτίι

2140 2837 2265 2878 νους
2287 2813 2344 2872 δὲ
2369 2819 2498 2882 τοὺς
2553 2823 2844 2897 Ῥωμαίων
2901 2813 3295 2908 ἀπελευθέρους
3350 2834 3599 2894 ἐκάλουν.
3661 2847 3800 2896 Στε-

2141 2907 2310 2982 φάνου
2338 2909 2517 2965 τοίνυν
2560 2912 2915 2985 ἀπαξιοῦντος
2970 2920 3156 2986 αὐτοῖς
3219 2925 3308 2980 ἅτε
3360 2931 3802 3004 πεπωρωμένοις

2136 3001 2205 3071 τῇ
2237 2995 2433 3074 καρδίᾳ
2475 3003 2856 3079 προσομιλεῖν,
2889 3008 3042 3065 αὐτοῖ
3073 3016 3141 3086 τῇ
3200 3014 3401 3071 ἑαυτῶν
3461 3018 3795 3090 ματαιότητι

2137 3085 2482 3163 θαρροῦντες,
2568 3093 2656 3149 ἐπὶ
2716 3096 2776 3150 τὸ
2863 3085 3125 3172 συςητεῖνγ
3189 3103 3340 3178 αύτῷ
3405 3085 3796 3186 προεφέροντο.

2135 3179 2284 3253 Πρὸς
2316 3179 2478 3235 αὐτὸν
2513 3179 2569 3238 δὲ
2602 3185 2786 3257 μόνον,
2821 3187 2882 3241 οὐ
2913 3190 3049 3262 πρὸς
3082 3189 3279 3263 ἕτερον,
3330 3194 3393 3250 τὸ
3450 3179 3572 3270 μὶν,
3606 3179 3797 3276 έρθόνῳ

2136 3271 2244 3322 τῶν
2307 3269 2397 3324 ὑπ’
2447 3271 2610 3328 αὐτοῦ
2667 3273 3013 3351 τελουμένων
3067 3282 3328 3355 σημείων,
3387 3285 3461 3347 ὡς
3519 3285 3578 3340 ἂν
3625 3285 3796 3343 εἷ’πω-

374 3336 509 3374 cum
535 3340 602 3378 eo
625 3339 1273 3397 processerunt.Solum
1297 3353 1493 3403 autem
1517 3352 1588 3407 ad
1610 3336 1768 3424 eum,
1800 3378 1921 3419 non
1951 3369 2025 3423 ad

375 3409 555 3450 alium
588 3431 598 3442 ο
631 3421 750 3450 ham
779 3422 1013 3450 ηηζλη...
1041 3428 1218 3450 :.____-,1-
1756 3449 1765 3450 ,

2839 3336 2848 3351 .
3123 3336 3154 3355 ..
3395 3336 3460 3347 --τ
3627 3336 3759 3343 --,-.,

2140 3355 2213 3420 εἲς
2274 3358 2504 3435 ἀπορίαν
2595 3363 2752 3419 αὐτὸν
2835 3372 3261 3442 παραστήσειαν,
3322 3373 3591 3450 αἰσχύνην
3646 3375 3802 3450 αὐτῷ

373 3409 560 3466 alium
587 3431 598 3467 :
631 3421 754 3472 tum
778 3422 1018 3491 quidem
1041 3428 1261 3488 invidia
1283 3452 1510 3507 eorum,
1545 3461 1676 3513 quae
1699 3449 2028 3510 edebantur

370 3498 445 3553 ab
473 3517 540 3555 eo
566 3503 894 3576 signorum,
920 3519 985 3568 ut
1007 3517 1054 3570 si
1081 3518 1228 3576 forte
1252 3523 1325 3580 ad
1349 3526 1746 3592 hzesitantiam
1781 3556 1846 3596 ac
1878 3560 2020 3601 con-

372 3586 492 3641 silii
523 3589 788 3663 inOpiam
821 3615 956 3656 eum
979 3604 1306 3679 adigerent,
1331 3617 1558 3684 pudore
1585 3626 2018 3700 suﬂ'underent,

372 3679 647 3700 hum,”
695 3683 705 3694 .
793 3687 803 3697 .
857 3689 867 3699 .
962 3697 969 3700 .
1168 3699 1177 3700 κ

1331 3679 1348 3684 _
1714 3679 2018 3700 π---ν-νηνι

371 3679 657 3749 tanquam
690 3683 1046 3759 insipienter
1072 3713 1134 3752 se
1167 3699 1484 3763 habentem
1527 3711 1587 3766 in
1622 3713 1713 3771 his
1745 3736 1876 3790 qua)
1907 3724 2019 3780 sibi

377 3765 571 3790 ,1-1---
591 3776 600 3790 ι
625 3788 632 3790 μ
859 3785 867 3790 -
952 3788 959 3790 -
1172 3789 1175 3790 ⁷

371 3765 644 3841 delegata
675 3785 910 3847 essent;
946 3788 1070 3838 tum
1105 3789 1281 3846 etiam
1315 3801 1379 3849 ut
1408 3765 1792 3863 distractione
1816 3810 2016 3884 dispu-

371 3857 613 3884 καλ-ιε-
649 3879 767 3884 -μι-
845 3868 855 3878 ·
1300 3883 1303 3884 ⁷

1612 3857 1790 3863 ,,_-_,
1819 3857 1988 3884 ,ηρ

371 3857 614 3915 tationis
643 3879 780 3937 erga
841 3868 1022 3940 ipsos,
1075 3893 1253 3936 causa
1293 3883 1380 3939 illi
1426 3899 1625 3948 essent
1676 3901 1803 3953 uta
1834 3902 2018 3974 signis

371 3956 601 3974 MM--.
658 3954 767 3974 ηυγ
834 3958 866 3974 .,
1063 3965 1118 3974 ..
1219 3971 1232 3974 _

1844 3954 1851 3955 ,
1887 3954 2016 3974 0----

369 3956 622 4006 vacaret.
657 3954 1029 4033 Cumitaque
1063 3965 1152 4023 his
1200 3971 1272 4027 de
1322 3979 1516 4034 causis
1566 3982 1653 4037 illi
1703 3987 2016 4062 instarent,

1703 4036 1880 4044 ---ην
1897 4036 2016 4062 Vm,

367 4036 616 4108 insuper
633 4044 892 4117 maligno
916 4067 1151 4124 quoque
1175 4061 1376 4117 animo
1397 4067 1471 4120 ad
1489 4071 1792 4143 quippiam
1810 4079 2018 4134 adver-

369 4140 471 4180 sus
504 4127 690 4199 legem
728 4135 1047 4196 dicendum
1071 4144 1471 4219 impellerent,
1503 4127 1612 4212 adi
1813 4127 2015 4226 “etiam

363 4231 544 4271 omne
568 4223 831 4279 studium
854 4227 1092 4287 illorum
1117 4238 1428 4297 tendebat:
1452 4246 1552 4302 58
1576 4223 1702 4321 ipse
1724 4223 2017 4316 malitiam

370 4320 576 4361 eorum
599 4325 930 4386 aggressus,
966 4319 1135 4379 initio
1163 4326 1304 4384 facit
1326 4331 1457 4403 hoc,
1487 4344 1552 4392 ut
1582 4343 1795 4399 acriori
1827 4355 2018 4407 certa-

368 4395 530 4449 mine
562 4401 719 4468 quod
753 4404 872 4460 illis
903 4413 1270 4485 prmcipuum
1332 4431 1459 4480 erat
1505 4433 1896 4505 aggrediatur,
1949 4458 2016 4498 ac

374 4480 547 4505 .12--!_-:
592 4489 679 4505 ηη·
720 4490 729 4499 ·
1070 4501 1095 4505 Α
1153 4504 1157 4505 ,

1089 4480 1105 4485 _
1511 4480 1535 4482 π
1619 4480 1896 4505 --...,.ν...,
1949 4480 2016 4498 ..ν

370 4480 547 4538 divini
583 4489 681 4557 qui
716 4490 775 4544 in
809 4509 875 4548 eo
907 4504 1036 4554 erat
1065 4501 1317 4573 Spiritus
1350 4518 1408 4565 et
1455 4480 1761 4588 sapCiEDtiae
1803 4525 2016 4585 virtute

369 4585 434 4623 os
467 4572 612 4642 ipsis
639 4577 924 4641 obstruat.
962 4572 1186 4647 Deinde
1221 4598 1394 4654 etiam
1426 4605 1496 4659 ad
1521 4572 1589 4662 ea
1613 4572 1743 4680 quin
1784 4613 1879 4669 isti
1913 4617 2013 4672 de-

365 4665 707 4736 cernebant,
742 4672 1053 4734 obscurius
1081 4700 1260 4753 quam
1294 4697 1358 4745 ut
1389 4698 1621 4765 possint
1660 4701 2012 4778 intelligere,

365 4754 625 4778 “ad”,
661 4759 671 4768 .
861 4765 896 4778 ..
1075 4774 1108 4778 --

362 4754 716 4868 quaedamin
740 4765 1003 4825 medium
1028 4774 1216 4830 affert.
1243 4754 1490 4854 Prop‘ter
1506 4791 1660 4859 quod
1687 4798 1744 4846 et
1764 4754 2013 4868 ipsljani

1363 4837 1376 4854 ι
1436 4837 1477 4840 --
1511 4837 1660 4859 ἰ“““’“⁴
1689 4837 2013 4868 νηιιυιδιιη·

361 4837 641 4915 deinceps
665 4849 818 4907 clam
844 4860 1268 4930 procedebant,
1303 4876 1359 4924 et
1380 4871 1505 4943 ipse
1529 4885 1734 4946 postea
1760 4885 2013 4953 apertis-

1255 4927 1264 4930 —
1403 4927 1419 4943 ι
1488 4927 1498 4928 ί
1529 4927 1734 4946 1""""‘
1760 4927 1891 4953 “1"”
1910 4927 1980 4940 ""

363 4927 531 4995 sime,
563 4939 722 5004 quod
757 4943 814 4996 in
849 4948 1048 5004 animo
1091 4962 1217 5010 erat
1261 4959 1344 5014 eis
1386 4967 1774 5034 proponebat.
1833 4973 2010 5036 Quid-

362 5034 502 5074 nam
523 5021 550 5075 ?
569 5027 733 5084 Certe
754 5031 898 5104 legis
921 5043 1335 5114 cessationem,
1358 5067 1536 5120 quam
1561 5071 1683 5111 non
1716 5062 2009 5130 exprime-

362 5109 391 5130 1-
410 5128 425 5130 ,
444 5117 457 5130 ι
603 5115 616 5130 Ι
658 5119 666 5127 ¹
845 5125 856 5130 “

2134 3448 2569 3522 προσπορίσωσι,
2628 3457 2735 3506 τῶν
2795 3452 3242 3532 πρεσϐευομένων
3298 3464 3520 3536 ἀμαθῶς
3581 3463 3800 3541 ἔχοντιο

2127 3535 2190 3590 τὸ
2224 3533 2302 3605 δὲ,
2334 3537 2424 3592 καὶ
2456 3538 2532 3601 ὡς
2559 3546 2637 3612 τῷ
2674 3546 3037 3620 περισπασμῷ
3091 3557 3192 3618 τῆς
3253 3552 3389 3627 πρὸς
3441 3553 3635 3617 αὐτοὺς
3693 3577 3799 3610 συ-

2131 3627 2428 3697 ζητήσεως,
2476 3627 2688 3703 σχολὴν
2721 3633 2866 3706 αὐτῷ
2920 3640 3029 3691 τῶν
3091 3641 3334 3711 σημείων
3393 3651 3800 3718 περιποιοῖντο.

2128 3716 2224 3768 Διά
2252 3719 2419 3770 ταῦτα
2450 3715 2541 3771 οὖν
2603 3718 2960 3795 ἐπικειμένων
2995 3724 3172 3783 αὒτῶν
3233 3730 3324 3784 καὶ
3381 3733 3519 3808 πρὸς
3577 3734 3801 3800 τούτοις

2126 3803 2293 3859 εἰπεῖν
2326 3827 2379 3860 τι
2432 3804 2737 3884 ἐπαγόντων
2798 3812 3192 3892 φιλοπονήρως
3251 3820 3387 3875 κατὰ
3442 3827 3539 3877 τοῦ
3596 3824 3799 3897 νόμου,

2125 3892 2195 3950 δι’
2227 3897 2256 3950 ’ὁ
2288 3897 2378 3952 καὶ
2409 3900 2444 3968 ἡ
2479 3905 2621 3955 πᾶσα
2653 3901 2886 3973 σπουδὴ,
2947 3905 3108 3970 αὐτὸς
3169 3910 3372 3984 φθάσας
3428 3915 3490 3968 τὸ
3549 3913 3777 3995 φιλοπό-

2124 4005 2290 4057 νηρον
2351 3988 2549 4057 αύνῶν,
2581 3995 2744 4048 τοῦτο
2795 4000 2946 4050 ποιεῖ
2998 3999 3116 4053 κατ’
3174 3999 3350 4076 ἀρχὰς
3401 4003 3783 4081 ἀγωνιστικῶ-

2123 4096 2277 4150 τερον
2315 4076 2499 4139 αὐτοῖς
2530 4080 2712 4156 ἀρχὴν
2740 4083 3082 4162 ἐφορμήσας,
3121 4091 3210 4144 καὶ
3268 4097 3337 4166 τῇ
3401 4091 3625 4168 δυνάμει
3681 4101 3785 4153 τοῦ

2123 4163 2175 4219 ἐν
2227 4166 2376 4239 αὐτῷ
2436 4169 2582 4224 θείου
2644 4173 2956 4246 Ιινεύματος
3013 4179 3100 4232 καὶ
3161 4180 3352 4256 σοφίας
3414 4184 3492 4248 εἷς
3550 4185 3784 4265 ἀφασίαν

2123 4255 2318 4318 αὐτοὺς
2350 4257 2666 4323 συνελάσας·
2704 4264 2826 4319 εἶτα
2883 4264 2974 4320 καὶ
3031 4269 3168 4341 πρὸς
3203 4269 3235 4324 ἃ
3291 4267 3591 4330 ἐϐουλοντο
3625 4276 3784 4333 οὗτοι

2122 4345 2680 4423 αἰνιγματωδέστερον
2732 4349 3055 4426 συμϐαλῶν,
3110 4357 3185 4422 ὡς
3243 4357 3367 4417 οὐδὲ
3421 4363 3558 4438 πρὸς
3616 4369 3781 4423 τοῦτο

2124 4440 2352 4498 συνετῶς
2385 4430 2554 4512 ἔχειν.
2591 4441 2687 4495 Διά
2711 4463 2798 4496 τοι
2855 4447 3017 4499 τοῦτο
3069 4447 3159 4500 καὶ
3216 4447 3656 4529 λῃστρικώτερον
3713 4457 3780 4512 τὸ

2121 4523 2227 4580 ἀπὸ
2273 4523 2433 4581 τοῦδε
2490 4526 2739 4603 ἐχώρουν
2797 4528 2930 4602 ἤδη.
2992 4535 3094 4590 Καὶ
3145 4537 3307 4601 αὐτὸς
3349 4541 3412 4595 τὸ
3456 4541 3562 4598 ἀπὸ
3618 4542 3785 4602 τοῦδε

2123 4616 2436 4687 γυμνότατα
2519 4617 2582 4672 τὸ
2666 4615 2738 4673 δι’
2818 4621 3105 4695 ἐπιθυμίας
3162 4626 3348 4693 αὐτοῖς
3397 4630 3648 4692 ἐπετίθει.
3710 4636 3784 4692 Τί

2047 4705 2092 4770 D
2126 4708 2326 4772 τοῦτος
2359 4707 2457 4775 τήν
2514 4711 2611 4761 τοῢ
2667 4709 2842 4783 νόμου
2895 4715 3249 4775 κατάπαυσιν.
3308 4720 3408 4776 Ἠν
3468 4721 3566 4777 οὐκ
3621 4721 3784 4801 ἔλεγε

2127 4794 2515 4869 μὲν,ᾑνίττετο
2543 4793 2620 4852 δέ.
2655 4801 2807 4853 Ἐπεὶ
2869 4801 2915 4856 εἷ
2981 4809 3224 4882 φανερῶς
3282 4805 3490 4887 ἓλεγεν,
3553 4814 3655 4869 οὐκ
3711 4813 3776 4870 ἂν

2122 4880 2334 4940 ἐδέοντο
2408 4891 2515 4940 τῶν
2579 4885 3060 4966 ψευδομάρτύρων.
3129 4901 3293 4972 Ὅπερ
3352 4899 3500 4974 αὐτῷ
3559 4904 3652 4976 μὲν
3710 4907 3779 4962 τὸ

2120 4974 2455 5046 ποθούμενον
2479 4975 2658 5045 τέλος,
2691 4978 2919 5041 ἐκείνοις
2967 4979 3025 5038 δὲ
3081 4988 3172 5041 τὸν
3203 4982 3429 5064 ὄλεθρον
3487 4989 3780 5067 ἐθησαύρι-

2124 5085 2231 5121 σεν.

1323 5109 1331 5114 .
1374 5109 1393 5120 .
1723 5109 1978 5130 --_,.-----..
2125 5109 2231 5121 --η

361 5109 484 5177 bat,
518 5115 620 5168 sed
655 5119 960 5180 innuebat.
996 5131 1139 5186 Nam
1173 5136 1220 5189 si
1254 5137 1312 5192 id
1345 5143 1660 5200 manifeste
1689 5153 2101 5221 expressisset,
2135 5155 2299 5212 falsis
2331 5173 2452 5213 non
2480 5157 2694 5216 fuisset
2723 5161 2808 5216 eis
2841 5179 2990 5235 opus
3020 5166 3290 5239 testibus,
3325 5173 3482 5242 quod
3505 5174 3618 5245 ipsi
3644 5176 3781 5247 σιιί-

361 5201 493 5247 dam
529 5205 667 5247 ἢηίρ
701 5218 935 5247 muni.”
968 5219 1077 5247 tu.“
1135 5225 1249 5247 :nz-
1293 5246 1338 5247 ,,
1581 5235 1667 5247 ....
2073 5245 2081 5247 _

360 5201 497 5258 dem
529 5205 668 5263 ﬁnis
700 5218 938 5284 Optatus
968 5219 1100 5291 fuit,
1135 5225 1256 5282 illis
1286 5246 1420 5285 vero
1454 5201 1851 5305 perditionem
1883 5201 2132 5314 paravit.

433 5296 550 5349 «Et
578 5297 956 5375 insurgentes
988 5315 1408 5386 corripuerunt
1439 5327 2011 5395 eum,adduxerunt-

360 5408 387 5433 -;‹
418 5402 533 5456 que
575 5391 633 5445 in
663 5398 1004 5457 concilium.
1042 5427 1068 5453 ››

429 5479 696 5539 Furtivos
729 5487 951 5559 ubique
985 5494 1260 5553 nituntur
1306 5519 1618 5575 aggressus
1649 5525 1661 5562 :
1710 5511 2008 5567 Christum

355 5573 933 5642 comprehendentes
983 5601 1086 5653 per
1143 5588 1295 5644 viros
1345 5573 1696 5665 homicidas,
1757 5600 2008 5673 gladios,

355 5663 548 5718 noctis
578 5663 923 5740 lampadum
945 5672 1262 5748 facumque
1293 5682 1536 5752 auxilio,
1586 5685 1866 5749 ferentes.
1903 5691 2010 5748 Pe-

355 5755 512 5808 trum
545 5754 928 5832 reliquosque
957 5767 1258 5836 apostolos
1291 5786 1325 5826 a
1357 5775 1598 5847 templo,
1623 5793 1784 5836 nunc
1805 5786 2002 5842 autem

2198 5358 2226 5387 ‹‹
2257 5334 2360 5392 Καὶ
2417 5335 2728 5401 ἐπιστάντες
2788 5342 3131 5419 συνήρπασαν
3201 5347 3384 5419 αὐτὸν,
3432 5353 3522 5407 καὶ
3565 5353 3784 5434 ἤγαγον

2121 5448 2150 5476 ‹‹
2185 5424 2263 5486 εἰς
2295 5427 2356 5479 τὸ
2387 5424 2684 5502 συνέδριον.
2724 5455 2744 5481 ι

2192 5521 2483 5593 Πανταγοῢ
2514 5523 2608 5573 τοῦ
2641 5518 2937 5598 λῃστρικοῦ
2966 5522 3211 5604 ἔχονταν
3235 5531 3468 5605 Χριστὸν
3505 5537 3600 5609 μὲν
3640 5539 3782 5611 μετὰ

2121 5606 2410 5682 φονώντων
2456 5608 2758 5685 ἀνθρώπων
2821 5615 2925 5670 ὑπὸ
2985 5615 3232 5690 λαμπάσι
3287 5622 3376 5676 καὶ
3436 5632 3629 5704 φανοῖς
3684 5629 3788 5683 καὶ

2125 5698 2689 5774 μαχαιροφορούντων
2724 5699 3224 5777 συλλαμϐάνοντες.
3263 5698 3463 5788 Πέτρον
3524 5717 3615 5770 καὶ
3646 5718 3780 5782 τοὺς

2118 5785 2352 5849 Αοιποὺς
2382 5785 2726 5855 ἀποστόλους
2755 5791 2864 5852 ἀπὸ
2893 5798 2990 5852 τοῦ
3046 5796 3218 5876 ἱεροῦ,
3265 5785 3476 5860 καῖνῢν
3537 5803 3606 5886 δὲ,
3643 5807 3775 5867 Στέ-
