4160 6414
334 349 444 413 129

1361 348 1769 413 COMMENT.
1818 348 1895 411 IN
1945 348 2147 413 ACTA
2193 346 2805 415 APOSTOLOBUM.

3660 366 3779 429 130

331 502 493 565 φανον
530 480 639 538 ἀπὸ
691 484 796 539 τοῦ
827 478 1240 541 διδασκαλικοῦ
1267 480 1438 542 τόπου
1490 481 1583 540 ἰπὶ
1634 483 1698 540 τὸ
1728 479 2004 559 συνέδριον

2128 488 2180 539 et
2207 483 2574 557 Stephanum
2622 485 3043 559 judicandum,
3098 507 3134 547 a
3190 491 3477 551 doctrinae
3533 496 3665 555 loco
3695 499 3773 558 ad

336 572 728 651 κριθησόμενον
766 574 1136 647 ἁρπάζοντες.

416 664 736 734 ιιἘστησάν
824 684 887 720 τε
981 664 1262 740 μάρτυρας
1317 660 1552 740 ψευδεῖς,
1607 660 1888 739 λέγοντας·
1949 663 2011 721 Ὀ

345 778 378 807 κ
412 751 686 829 ἅνθρωπος
718 753 886 816 οὗτος
920 752 985 808 οὗ
1037 753 1268 810 παύεται
1303 752 1526 831 ῥήματα
1556 751 1862 834 βλάσφημα
1911 751 2011 807 λαο

341 870 371 897 ει
410 843 518 901 λῶν
546 843 681 898 κατὰ
707 846 809 897 τοῦ
837 843 1018 898 τόπου
1066 847 1167 898 τοῦ
1223 840 1380 918 ἁγίου
1435 841 1635 899 τούτου
1663 840 1755 898 καὶ
1785 845 1883 897 τοῦ
1908 861 2011 896 νο-

346 960 369 986 σ
408 955 538 1007 μου.
593 930 947 1006 Ἀκηκόαμεν
1006 932 1111 1010 γὰρ
1170 932 1338 987 αὑτοῦ
1394 930 1676 1008 λὲγοντος,
1710 929 1794 987 ὅτι
1835 931 1863 986 6
1899 933 2005 1001 Ἰηο

339 1049 370 1075 κ
407 1028 536 1085 σοῦς
568 1023 596 1077 6
625 1027 953 1097 Ναζωραῖος
1010 1021 1172 1084 οὗτος
1228 1018 1521 1076 καταλύσει
1562 1018 1655 1076 τόν
1685 1016 1853 1076 τόπον
1882 1023 2012 1074 τοῦ-

345 1140 369 1166 .
405 1135 531 1183 τον,
556 1113 646 1168 καὶ
702 1108 932 1182 ἀλλάξει
989 1111 1056 1167 τὰ
1114 1108 1208 1183 ἔθη
1266 1112 1300 1167 ἃ
1355 1108 1667 1186 παρέδωκεν
1720 1113 1851 1185 ἡμῖν
1881 1116 2009 1165 Μω-

340 1210 596 1275 «σῆς»

412 1287 719 1349 Ύπὲὗαλον
776 1288 974 1367 ἄνδρας
1038 1289 1322 1370 λέγοντας,
1379 1288 1464 1346 ὅτι
1524 1286 1871 1364 Ἀκηκόαμεν
1910 1289 2010 1345 αύ-

339 1387 442 1439 τοῦ
500 1382 728 1458 ῥήματα
788 1380 1094 1459 βλάσφημα
1154 1378 1458 1443 λαλοῦντος
1516 1380 1591 1443 εἰς
1649 1386 1887 1450 Μωυσῆς
1918 1380 2010 1435 καὶ

340 1473 438 1529 τὸν
467 1473 626 1529 Θεόν.
664 1497 686 1526 ι
723 1469 854 1528 Τίνα
885 1468 943 1526 δὲ
971 1471 1042 1525 τὰ
1072 1468 1331 1546 ῥήματας
1366 1493 1394 1522 ‹‹
1423 1475 1544 1527 *Οτι
1596 1471 1806 1541 Ἰησοῦς
1838 1470 1867 1524 6
1898 1475 2013 1524 Να-

344 1567 588 1637 ζωραῖος
644 1561 805 1623 οὗτος
861 1558 1157 1616 καταλύσει
1212 1559 1305 1617 16v
1364 1559 1532 1616 τόπον
1583 1564 1798 1615 τοῦτον.
1836 1583 1866 1612 »
1906 1558 2009 1616 Καὶ

353 1653 464 1727 μὴν
521 1650 713 1727 εἴρηκε
767 1654 932 1706 τοῦτο
993 1649 1287 1727 Στέφανος,
1315 1647 1482 1704 εἶκαὶ
1538 1649 1617 1723 μὴ
1664 1653 1884 1724 γυμνῶς
1916 1647 2012 1704 οῦ-

352 1765 488 1806 τως.
517 1748 637 1806 Ιιῶς
668 1738 765 1797 οὖν
802 1733 1206 1814 ὑποϐολιμαῖοι
1263 1738 1416 1796 οὗτοι
1475 1734 1566 1794 καὶ
1626 1736 2010 1815 ψευδομάρτυ-

360 1854 453 1909 ρες
480 1853 495 1900 ;
525 1833 604 1889 ὅτι
629 1831 738 1908 οὔχ
785 1827 970 1904 ὥσπερ
1028 1827 1289 1900 ἤκουσαν,
1331 1830 1419 1885 καὶ
1478 1826 1819 1905 ἐληρώδουν.
1854 1825 2009 1887 Ἀλλ’

358 1922 549 1996 ἐπειδή
603 1920 792 1984 άλλως
850 1922 945 1996 μὲν
1004 1922 1261 1992 ἥκουσαν,
1342 1918 1532 1984 ἄλλως
1589 1917 1647 1976 δὲ
1702 1924 1793 1976 νῦν
1854 1919 2010 1977 αὐτοὶ

351 2014 739 2090 προύχώρουν,
800 2010 1029 2074 εἰκότως
1094 2011 1186 2066 καὶ
1262 2006 1706 2086 ψευδομάρτυρες
1780 2008 2011 2086 ἀναγρά-

347 2103 687 2178 φονται,⁹Ως
740 2101 845 2178 γὰρ
901 2099 989 2156 ἐπὶ
1046 2104 1280 2176 Χριστοῦ
1331 2100 1396 2156 τὸ
1454 2096 1743 2175 δυνάμενον
1772 2099 2012 2156 καταλῦ-

346 2214 441 2249 σαι
498 2193 592 2247 τὸν
641 2192 789 2263 ναὸν,
847 2187 1294 2266 ψευδομαρτυρία
1344 2189 1430 2264 (ού
1471 2189 1574 2267 γὰρ
1603 2191 1839 2266 Χριστὸς
1867 2188 2008 2259 εἶπε,

342 2281 533 2352 Λύσω,
593 2277 763 2348 ἀλλὰ,
820 2303 842 2333 ι
885 2278 1117 2351 Λύσατε,
1163 2302 1190 2330 ››
1258 2276 1482 2341 ἐκείνοις
1536 2277 1598 2333 τὸ
1655 2274 1840 2347 λῦσαι,
1899 2278 2012 2354 οὐχ

341 2373 528 2445 ἑαυτῷ
580 2367 872 2434 ἀνατιθεὶς,
929 2365 1003 2423 δι’
1057 2368 1088 2423 '6
1145 2367 1236 2423 καὶ
1292 2362 1533 2442 ψευδεῖς)
1567 2386 1579 2400 ο
1622 2366 1768 2423 οὕτω
1794 2365 1887 2423 καὶ
1915 2371 2007 2422 νῦν

342 2461 587 2537 ψευδεῖς,
645 2461 698 2518 οἳ
753 2466 834 2535 τῷ
888 2460 1199 2535 Ναζωραίῳ
1244 2459 1337 2516 τὸν
1388 2460 1661 2537 Στέφανον
1709 2461 2008 2539 φάσκοντες

338 2553 444 2621 τὴν
472 2548 776 2608 κατάλυσιν
825 2553 922 2606 τοῦ
977 2549 1152 2623 νόμου
1204 2548 1295 2604 καὶ
1349 2553 1447 2603 τοῦ
1475 2546 1648 2604 τόπου
1681 2547 2007 2606 ἀνατιθέναι.

345 2641 446 2700 Καὶ
498 2645 666 2699 τοῦτο
717 2644 893 2696 ποιεῖν
948 2635 1119 2715 ἄνδρα
1171 2643 1490 2714 Ναζωραῖον
1542 2634 1798 2705 δηλονότι
1854 2636 2011 2694 αύτο-

338 2730 519 2811 χειρὶ,
547 2730 642 2786 καὶ
697 2730 761 2785 ού
810 2729 940 2786 Θεὸν
987 2728 1078 2785 καὶ
1123 2725 1212 2784 διὰ
1242 2729 1570 2801 Ῥωμαϊκῶν
1602 2724 2006 2805 στρατοπέδων.

342 2822 428 2880 Τὰ
485 2818 547 2876 δὶ
604 2816 883 2881 Μωϋσὲως
948 2816 1042 2889 ἔθη
1102 2814 1405 2893 προδήλως
1459 2816 1487 2873 6
1538 2817 1702 2880 αὐτὸς
1735 2819 1885 2883 Θεὸς.
1916 2819 2008 2875 καὶ

343 2908 437 2967 διὰ
494 2915 606 2966 τῶν
673 2908 841 2966 αὑτοῦ
902 2912 1164 2982 μαθητῶν
1248 2908 1339 2963 καὶ
1398 2906 1745 2977 ἀποστόλων,
1800 2906 1889 2964 ἐπὶ
1945 2909 2008 2964 16

341 3005 595 3074 κρεῖττον
626 2996 960 3070 ἧλλοῖωσεν.
1002 2998 1076 3054 Τὸ
1122 2995 1201 3068 δὲ,
1261 2998 1289 3052 6
1341 3002 1682 3072 Ναζωραῖος,
1717 2995 2010 3054 ὀνειδιστι-

345 3094 480 3152 κῶς.
543 3085 820 3168 Στέφανος
875 3083 934 3143 δὲ
991 3084 1241 3161 οὐδαμοῦ
1300 3087 1622 3163 Ναζωραῖον
1675 3086 1864 3163 ε’ἰρηκε
1918 3088 2009 3143 τὸν

345 3177 608 3253 Χριστὸν,
641 3175 690 3231 εἰ
725 3177 802 3249 μὴ
837 3175 889 3230 οἱ
921 3169 1190 3250 Ἑϐραίων
1242 3172 1528 3250 ἄρχοντες.
1582 3173 1757 3235 Αὐτὸς
1808 3171 1865 3229 δὲ
1920 3195 2008 3230 σε-

2121 575 2444 632 concilium
2466 576 2788 650 rapientes.

2192 666 2280 735 VI,
2317 667 2403 733 13,
2439 668 2524 721 14.
2565 691 2584 716 ε
2617 669 2699 724 Ac
2731 673 3069 726 statuerunt
3096 671 3279 729 falsos
3304 680 3506 742 testes,
3543 680 3643 752 qui
3676 681 3776 738 di-

2125 776 2147 807 c
2182 760 2421 811 cerent:
2457 757 2641 813 Homo
2669 758 2778 814 iste
2810 775 2932 815 non
2964 766 3158 817 cessat
3200 762 3361 835 loqui
3394 768 3573 825 verba
3604 769 3774 826 blas-

2120 867 2149 897 «
2181 846 2400 917 phema
2432 846 2714 903 adversus
2745 848 2943 905 locum
2975 857 3246 907 sanctum
3278 853 3441 911 hunc
3471 863 3530 912 et
3559 858 3773 933 legem.

2122 956 2150 986 «
2181 933 2536 992 Audivimus
2559 938 2720 993 enim
2752 955 2887 993 eum
2916 938 3237 1007 dicentem,
3274 944 3431 1013 quod
3462 946 3629 1003 Jesus
3662 951 3774 1005 Na-

2118 1046 2147 1075 «
2179 1041 2426 1082 zarenus
2456 1026 2553 1082 hic
2584 1026 2943 1083 demolietur
2986 1028 3185 1085 locum
3225 1031 3405 1102 hunc,
3439 1040 3499 1091 et
3523 1038 3774 1094 mutabit

2119 1135 2148 1165 ‹‹
2180 1114 2455 1172 instituta
2484 1132 2617 1188 quas
2648 1116 2893 1172 tradidit
2920 1118 3093 1174 nobis
3124 1121 3333 1178 Moses.
3368 1144 3396 1173 »

2191 1291 2608 1349 Submiserunt
2636 1294 2815 1361 viros,
2867 1295 2970 1366 qui
3019 1296 3328 1354 dicerent:
3365 1322 3392 1351 ‹‹
3426 1302 3775 1361 Audivimus

2117 1395 2254 1437 eum
2285 1381 2630 1454 loquentem
2657 1382 2835 1439 verba
2859 1383 3210 1457 blasphema
3238 1388 3521 1447 adversus
3550 1394 3773 1463 Mosen,

2117 1487 2185 1527 ac
2218 1471 2422 1527 Deum.
2450 1495 2477 1523 »
2512 1473 2795 1538 Quaenam
2818 1480 3017 1530 autem
3047 1482 3187 1532 sunt
3208 1494 3277 1534 ea
3304 1479 3483 1536 verba
3503 1481 3532 1537 ‘I
3555 1505 3582 1533 «
3607 1484 3775 1548 Quod

2115 1560 2285 1616 Jesus
2317 1562 2649 1617 Nazarenus
2707 1561 2804 1618 hic
2862 1562 3222 1621 demolietur
3278 1567 3477 1625 locum
3527 1570 3708 1630 hunc.
3746 1597 3768 1626 ι

2117 1649 2295 1721 Atqui
2325 1649 2438 1705 hoc
2470 1649 2620 1706 dixit
2643 1651 2998 1724 Stephanus,
3032 1655 3143 1711 etsi
3197 1674 3318 1713 non
3350 1658 3498 1715 adeo
3525 1667 3729 1733 aperte
3760 1679 3774 1717 :

2118 1739 2417 1812 quomodo
2449 1758 2586 1815 ergo
2619 1747 2760 1798 sunt
2786 1743 2848 1798 hi
2882 1746 3246 1818 supposititii
3268 1746 3527 1821 falsique
3552 1751 3780 1808 testes?

2118 1830 2266 1895 Quia
2294 1847 2416 1887 non
2447 1836 2511 1887 ut
2536 1831 2852 1889 audierant
2874 1834 2957 1890 ita
2976 1836 3301 1893 narrabant
3326 1854 3338 1893 :
3364 1839 3470 1895 sed
3495 1839 3614 1896 alio
3646 1842 3775 1914 qui-

2121 1921 2257 1977 dem
2288 1922 2466 1978 modo
2497 1922 2831 1994 audierant,
2864 1942 3025 1981 nunc
3082 1943 3217 1983 vero
3276 1929 3391 2000 ipsi
3448 1930 3565 1987 alio
3596 1932 3775 1990 modo

2120 2010 2538 2083 proferebant:
2573 2014 2785 2070 merito
2832 2014 3032 2088 itaque
3083 2016 3219 2074 falsi
3251 2023 3432 2076 testes
3465 2038 3595 2078 esse
3624 2024 3776 2079 refe-

2116 2108 2352 2158 runtur.
2379 2104 2890 2169 Quemadmodum
2913 2108 3075 2163 enim
3099 2108 3170 2164 de
3192 2110 3423 2166 Christo
3450 2113 3607 2183 quod
3638 2130 3778 2185 pos-

2119 2197 2208 2247 set
2238 2193 2528 2265 templum
2555 2194 2876 2250 dissolvere
2898 2194 3115 2252 falsum
3137 2197 3249 2253 fuit
3276 2200 3689 2257 testimonium
3705 2201 3772 2273 ⁸⁸,

2116 2285 2335 2353 (neque
2369 2283 2528 2338 enim
2562 2283 2830 2341 Christus
2862 2285 3111 2355 dixerat,
3147 2287 3399 2357 Solvam,
3436 2290 3560 2357 sed,
3586 2315 3613 2343 «
3648 2292 3779 2348 Sol-

2117 2369 2231 2424 vite
2251 2370 2319 2438 ⁸³,
2354 2392 2381 2420 ››
2413 2371 2488 2427 ad
2518 2371 2675 2441 illos,
2700 2390 2821 2430 non
2845 2375 2919 2431 ad
2942 2392 3003 2431 se
3029 2376 3295 2433 referens
3321 2378 3775 2454 resolutionem)

2118 2458 2200 2514 ita
2231 2464 2289 2515 et
2320 2477 2478 2519 nunc
2507 2462 2824 2519 mendaces
2872 2470 3012 2521 sunt
3058 2467 3160 2538 qui
3211 2467 3578 2541 Stephanum
3610 2472 3780 2527 aiunt

2116 2547 2265 2622 legis
2286 2566 2352 2606 ac
2368 2551 2485 2607 loci
2508 2553 2957 2617 demolitionem
2980 2557 3277 2613 Nazareno
3301 2559 3624 2616 attribuere
3642 2578 3655 2628 ;
3672 2562 3774 2618 59

2117 2638 2395 2711 quodque
2422 2642 2510 2696 vir
2534 2644 2868 2700 Nazarenus
2900 2645 3023 2700 suis
3072 2646 3350 2703 videlicet
3381 2649 3660 2705 manibus
3690 2650 3781 2705 fa-

2117 2733 2299 2798 ceret,
2331 2734 2537 2786 etnon
2569 2738 2724 2788 Deus
2757 2734 2937 2790 etiam
2981 2752 3088 2807 per
3127 2737 3428 2793 Romanos
3460 2738 3775 2795 exercitus.

2116 2819 2292 2874 Mosis
2317 2837 2453 2876 vero
2482 2821 2757 2879 instituta
2784 2824 3099 2881 manifeste
3133 2828 3285 2883 Deus
3315 2827 3443 2900 ipse
3466 2844 3572 2900 per
3597 2828 3777 2884 disci-

2117 2908 2290 2979 pulos
2344 2927 2482 2966 suos
2543 2918 2603 2966 et
2658 2914 2960 2986 apostolos
2991 2916 3053 2971 in
3101 2916 3319 2973 melius
3365 2919 3773 2975 commutavit.

2116 2999 2448 3056 Nazarenus
2504 3006 2703 3058 autem
2761 3005 3193 3062 contumeliose
3252 3006 3447 3062 dictus
3487 3013 3595 3063 est.
3630 3010 3774 3064 Nam

2118 3087 2452 3160 Stephanus
2478 3106 2853 3165 nequaquam
2880 3095 3244 3150 Nazarenum
3275 3095 3426 3151 dixit
3453 3097 3784 3166 Christum,

2118 3176 2223 3233 sed
2255 3178 2640 3236 Hebraeorum
2667 3182 3003 3255 principes:
3037 3184 3162 3256 ipse
3190 3185 3595 3241 venerandum
3623 3204 3783 3242 sem-

342 3263 583 3341 εάσμιον
620 3264 706 3321 ἀεὶ
758 3264 850 3320 τὸν
904 3263 1134 3341 Χριστὸν
1188 3264 1280 3319 καὶ
1333 3260 1542 3320 δίκαιον
1576 3263 1679 3320 ὑπὸ
1708 3268 2007 3339 προφητῶν

2128 3284 2228 3339 per
2256 3267 2554 3324 Christum
2586 3286 2654 3325 ac
2676 3271 2908 3343 justum
2935 3289 2966 3328 a
2997 3274 3305 3345 prOphetis
3336 3275 3782 3346 annuntiatum,
3821 3345 3824 3348 ξ

344 3353 882 3435 καταγγελλόμενον,
934 3353 1025 3409 καὶ
1086 3352 1440 3430 συμπαρόντα
1498 3353 1577 3409 ἀεὶ
1632 3358 1713 3427 τῷ
1758 3359 1894 3427 Θεῷ.
1928 3354 2017 3417 Ὢς

343 3446 517 3519 δῆλον
569 3446 659 3503 καὶ
716 3445 825 3502 ἀπὸ
882 3448 994 3502 τῶν
1054 3444 1442 3520 προκειμένων
1475 3442 1642 3499 αὐτοῦ
1674 3442 1876 3521 λόγων.
1911 3444 2014 3508 Οἷς

342 3540 437 3596 καὶ
468 3536 787 3608 συναπῆλθε
814 3541 912 3594 τοῦ
975 3539 1270 3612 μοχθηροῦ
1325 3534 1524 3592 τούτου
1566 3538 1664 3610 ζῇν
1697 3532 2014 3600 ἀπολυθείς.

355 3653 385 3681 ιι
419 3627 731 3686 Καταλύσει
758 3628 852 3682 τὸν
879 3626 1049 3682 τόπον
1071 3628 1287 3683 τοῦτον.
1314 3649 1342 3677 ››
1367 3623 1562 3694 Πολλή
1597 3622 1704 3701 γὰρ
1736 3624 1800 3694 ἧν
1828 3625 2017 3688 αὐτοῖς

360 3711 618 3773 ιῦλαόεια
641 3717 758 3793 περὶ
788 3719 888 3772 τοῦ
944 3719 1099 3785 ναοῦ,
1156 3714 1247 3770 ἅτε
1303 3712 1394 3770 καὶ
1438 3718 1712 3787 μετοικεῖν
1751 3710 2019 3788 βουλομέ-

366 3828 508 3870 νοις.
570 3805 733 3874 Διπλῆ
791 3805 852 3863 δὶ
908 3805 1217 3882 κατηγορία
1268 3803 1316 3860 εἴ
1368 3803 1592 3878 ἀλλάξει
1642 3803 1709 3860 τά
1756 3797 1877 3875 ἔθη,
1927 3802 2019 3859 καὶ

367 3894 529 3973 ἕτερα
583 3896 880 3970 ἐπεισάξει.
956 3891 1341 3972 Προεϐάλλετο
1398 3891 1457 3951 δὶ
1511 3896 1798 3973 πανταχοῦ
1831 3893 1859 3948 6
1892 3899 2021 3951 Μω-

357 3995 480 4058 σῆς,
512 3986 700 4057 ἐπειδὴ
729 3989 797 4043 τά
836 3990 935 4044 τοῦ
992 3988 1129 4049 Θεοῦ
1186 3982 1249 4041 ού
1308 3982 1514 4064 σφόδρα
1543 3979 1775 4057 ἔμελλεν
1810 3983 2014 4054 αὐτοῖς,

349 4077 528 4141 ὦςτᾶ
556 4073 820 4141 Μωσέως.
881 4074 1074 4138 Οὕτως
1132 4072 1278 4138 ὅλως
1335 4071 1470 4145 ἔζων
1529 4073 1664 4148 πρὸς
1710 4072 1882 4148 μόνην
1915 4072 2015 4143 τὴν

345 4172 447 4224 τοῦ
476 4166 734 4239 πλήθους
762 4163 944 4239 δόξαν.

416 4372 446 4401 ιι
479 4346 591 4404 Καὶ
649 4344 984 4408 ἀτενίσαντες
1042 4342 1120 4406 εἷς
1178 4341 1335 4400 αὐτὸν
1394 4344 1624 4406 ἅπαντες
1684 4343 1736 4398 οἱ
1792 4342 2021 4412 καθεζό-

347 4461 374 4492 ι
410 4457 571 4511 μενοι
604 4434 658 4491 ἑν
712 4434 791 4509 τῷ
848 4430 1136 4508 συνεδρίῳ,
1201 4430 1348 4489 εἶδον
1405 4433 1471 4489 τὸ
1528 4433 1823 4508 πρόσωπον
1854 4430 2020 4487 αὐτοῦ

348 4550 373 4577 ε
407 4527 545 4584 ὡσεὶ
602 4525 895 4601 πρόσωπον
952 4519 1212 4601 ἀγγέλου.
1271 4523 1405 4581 Eine
1454 4520 1511 4578 δέ
1543 4522 1572 4577 6
1606 4520 1916 4599 ἀρχιερεὺς,
1952 4519 2018 4579 Ei

342 4644 374 4670 ι
404 4616 511 4692 ἄρα
538 4619 712 4672 ταῦτα
742 4612 916 4677 οὕτως
947 4607 1069 4690 ἔχει
1094 4631 1111 4685 ;
1142 4613 1206 4672 Ὀ
1236 4609 1295 4669 δὲ
1323 4608 1450 4692 ἔφη,
1482 4636 1513 4666 ν

426 4821 450 4847 ι
486 4793 653 4855 Εἶδον
692 4796 755 4851 τὸ
804 4795 1101 4871 πρόσωπον
1162 4793 1360 4853 αὐτοῦ.
1402 4816 1430 4844 »
1463 4793 1653 4856 Οὖτως
1688 4789 1803 4849 ἔστι
1831 4793 1923 4850 καὶ
1957 4793 2010 4849 ἰν

349 4885 603 4943 ἐλάττονι
663 4886 861 4961 βαθμῷ
915 4882 1064 4953 ὄντα,
1116 4882 1371 4963 ἐπίχαριν
1431 4883 1521 4938 καὶ
1580 4881 1835 4959 λαμπρὸν
1892 4884 2014 4959 ὁρᾶ-

349 4979 495 5035 σθαι.
526 4978 640 5034 Ἰνα
669 4973 768 5031 οῦν
798 4974 1092 5050 πληγῶσιν
1144 4974 1231 5037 οἷς
1278 4971 1511 5047 ἔμελλεν
1552 4972 1715 5048 ἐρεῖν,
1747 4978 1825 5045 τῷ
1853 4993 2013 5030 κατα-

345 5063 643 5139 πληκτικῷ
670 5063 771 5121 τοῦ
828 5065 1126 5141 προσώπου
1183 5062 1261 5125 εἷς
1310 5062 1376 5119 16
1426 5066 1538 5118 τῶν
1568 5060 1749 5138 λόγων
1783 5062 2013 5139 εὐπαρά-

345 5153 533 5212 δεκτον
562 5153 943 5231 προοιμιάζιι.
1264 5224 1267 5225 ν

411 5271 442 5300 α
470 5244 707 5323 ’Δνδρες
740 5242 977 5323 ἀδελφοὶ
1003 5242 1096 5299 καὶ
1125 5244 1375 5319 πατέρες,
1406 5240 1692 5299 ἀκούσατε.
1726 5267 1756 5297 »

405 5335 545 5412 Ὅρα
600 5335 771 5391 αὐτὸν
832 5331 934 5388 οὐκ
989 5331 1351 5409 ἐπιτρέχοντα
1404 5334 1485 5404 τῷ
1545 5328 1836 5401 διδάσκειν,
1879 5328 2011 5389 ἀλλ’

333 5424 778 5504 ἀναγκαζόμενον
830 5422 936 5480 ὑπὸ
984 5425 1092 5478 τῶν
1126 5422 1456 5494 ζητούντων.
1494 5420 1597 5478 Καὶ
1627 5419 1817 5492 ἐπειδὴ
1856 5420 2010 5498 ἐκρά-

329 5537 409 5576 τει
434 5524 516 5594 τῷ
543 5517 705 5594 λόγῳ
764 5516 857 5572 καὶ
913 5517 1034 5577 τοῖς
1091 5511 1368 5587 σημείοις,
1411 5511 1688 5591 ἀφόρητος
1717 5512 1787 5582 ἦν
1821 5511 2009 5576 αὖτοῖς

389 5725 438 5764 ⁶⁶
466 5721 692 5785 Πιιώ.
725 5735 893 5787 ιινι,
927 5716 1019 5773 21.
1097 5711 1146 5750 ⁸⁷
1173 5712 1341 5773 Joan.
1372 5731 1432 5783 ιι,
1465 5714 1552 5774 19.

2124 3356 2361 3428 Deoque
2394 3374 2634 3431 semper
2686 3360 2834 3416 dixit
2886 3367 3205 3431 astantem,
3255 3363 3436 3419 veluti
3481 3364 3661 3420 etiam
3713 3380 3786 3421 ex

2124 3447 2445 3519 propositis
2474 3448 2604 3521 ejus
2649 3451 3028 3508 sermonibus
3080 3453 3470 3510 manifectum
3503 3460 3611 3517 est,
3645 3471 3782 3511 cum

2125 3536 2341 3607 quibus
2361 3554 2482 3593 una
2497 3537 2772 3595 discessit
2787 3540 2860 3595 ab
2879 3540 2989 3597 hac
3006 3541 3123 3598 vita
3141 3542 3437 3616 ﬂagitiosa
3452 3543 3782 3602 absolutus.

2128 3647 2157 3674 «
2190 3625 2557 3683 Demolietur
2589 3628 2788 3685 locum
2837 3629 3016 3686 hunc.
3049 3654 3070 3680 ι
3131 3632 3348 3689 Multus
3381 3633 3679 3705 siquidem
3712 3634 3786 3689 de

2126 3716 2348 3787 templo
2380 3716 2502 3773 illis
2524 3725 2720 3775 metus
2748 3725 2894 3788 erat,
2917 3726 2985 3775 ut
3009 3722 3112 3792 qui
3135 3723 3314 3778 etiam
3338 3731 3584 3795 propter
3612 3724 3786 3793 illud,

2125 3803 2324 3859 locum
2358 3804 2744 3863 habitationis
2789 3814 3139 3867 mutassent.
3176 3812 3403 3884 Duplex
3433 3820 3632 3877 autem
3667 3819 3793 3871 erat

2125 3894 2426 3949 accusatio
2449 3911 2461 3948 :
2486 3896 2644 3966 quod
2668 3897 2941 3953 instituta
2962 3905 3298 3957 mutaturus
3321 3908 3480 3958 esset
3506 3909 3564 3958 et
3586 3920 3791 3959 eorum

2125 3983 2257 4040 loco
2288 3984 2408 4041 alia
2430 3985 2803 4043 inducturus.
2862 3987 3090 4060 Ubique
3142 3990 3320 4045 etiam
3353 3990 3791 4048 obtendebatur

2126 4074 2354 4130 Moses:
2388 4076 2873 4148 quandoquidem
2906 4077 3008 4133 Dei
3053 4078 3272 4150 placita
3315 4097 3435 4136 non
3470 4098 3637 4153 asque
3666 4079 3787 4137 illis

2126 4181 2285 4221 curse
2334 4171 2504 4222 erant
2559 4173 2626 4222 ut
2678 4168 2865 4224 Mosi:
2927 4170 3008 4225 ita
3053 4170 3128 4225 ad
3159 4170 3350 4227 solam
3382 4172 3787 4228 multitudinis

2124 4255 2399 4329 gloriam,
2428 4256 2608 4313 vitam
2641 4259 2885 4314 omnino
2917 4259 3273 4334 dirigebant.

2200 4343 2289 4411 VI,
2324 4346 2432 4413 15;
2490 4346 2612 4415 VII,
2672 4350 2790 4403 1-2.
2853 4368 2874 4398 ι
2907 4349 2978 4404 Et
3020 4350 3325 4406 intuentes
3358 4367 3495 4407 eum
3526 4353 3788 4410 universi

2128 4458 2156 4486 ‹‹
2190 4437 2291 4508 qui
2323 4435 2612 4493 sedebant
2656 4437 2719 4493 in
2769 4440 3047 4508 consilio,
3098 4440 3377 4497 viderunt
3411 4442 3626 4499 faciem
3654 4444 3784 4517 ejus

2126 4549 2155 4578 «
2190 4532 2475 4600 tanquam
2525 4528 2740 4585 faciem
2789 4531 3006 4605 angeli.
3060 4532 3218 4588 Dixit
3267 4539 3465 4589 autem
3505 4534 3784 4609 princeps

2047 4635 2095 4700 Β
2125 4637 2153 4667 α
2191 4615 2604 4673 sacerdotum:
2637 4620 2788 4675 Num
2839 4621 2966 4676 hmo
3015 4622 3099 4677 ita
3150 4638 3213 4678 se
3263 4622 3533 4679 habent?
3580 4626 3653 4679 At
3682 4624 3785 4680 ille

2128 4728 2156 4758 (ι
2188 4706 2289 4762 ait.
2336 4728 2358 4757 ι

2195 4818 2223 4847 ‹‹
2259 4795 2544 4852 Viderunt
2557 4796 2769 4854 faciem
2784 4799 2933 4871 ejus.
2957 4821 2977 4851 ι
3003 4800 3087 4855 [ta
3103 4801 3588 4874 contingitetiam
3610 4801 3783 4858 illum

2125 4886 2225 4957 qui
2251 4887 2314 4940 in
2343 4885 2612 4942 inferiori
2636 4887 2823 4961 gradu
2845 4892 2936 4944 est
2954 4889 3281 4962 gratiosum
3305 4907 3373 4947 ac
3396 4890 3782 4963 splendidum

2122 4975 2328 5031 videri.
2388 4976 2459 5031 Ut
2516 4993 2652 5050 ergo
2713 4977 3091 5035 sermonibus
3146 4997 3297 5052 quos
3357 4980 3625 5038 dicturus
3658 4988 3785 5038 erat

2123 5071 2675 5138 consternarentur,
2729 5084 2765 5124 a
2811 5068 2986 5125 faciei
3045 5075 3310 5142 stupore,
3371 5088 3487 5143 quo
3546 5072 3784 5129 facilius

2120 5156 2300 5213 verba
2329 5173 2459 5229 ejus
2491 5158 2881 5230 excipiantur,
2915 5158 3097 5215 sumit
3127 5160 3457 5217 exordium.

2195 5268 2223 5299 ι(
2252 5247 2371 5302 Viri
2397 5247 2612 5304 fratres
2637 5252 2696 5304 et
2724 5254 2945 5320 patres,
2977 5249 3199 5306 audite.
3238 5273 3258 5301 ι

2197 5336 2335 5393 Vide
2367 5337 2523 5408 quod
2555 5354 2616 5393 se
2647 5338 2721 5394 ad
2751 5338 3087 5395 docendum
3140 5357 3260 5396 non
3300 5340 3642 5411 inseruerit,
3677 5342 3783 5399 sed

2120 5426 2192 5482 ab
2224 5426 2317 5482 his
2349 5427 2452 5499 qui
2483 5428 2998 5501 interrogaverunt
3028 5436 3266 5486 coactus
3291 5431 3386 5486 sit.
3404 5432 3474 5486 Et
3495 5433 3783 5503 quoniam

2118 5514 2317 5571 verbis
2362 5532 2429 5571 ac
2486 5516 2672 5589 signis
2728 5516 3023 5589 vincebat,
3080 5518 3479 5576 intolerabilis
3513 5521 3597 5576 eis
3632 5525 3782 5576 erat.
