4160 6438
404 319 518 379 131

1526 315 1937 378 (ΕΟΗΜΕΝΙΙ
1982 312 2294 375 ΤΒΙΟΕΑΞ
2339 312 2680 375 EPISCOPI

3717 323 3833 382 132

405 449 644 507 Falsum
696 466 829 506 vero
876 447 1285 504 testimonium
1325 448 1600 504 mercede
1631 450 2055 506 conductorum

2178 443 2241 500 Ἤ
2275 439 2333 498 δὲ
2362 439 2806 519 ψευδομαρτυρία
2851 448 2960 501 τῶν
3020 443 3398 520 μισθωθέντων
3443 448 3718 526 εἰσήγετο,
3743 449 3838 508 ⁸ίνα

409 541 721 596 inductum
775 545 882 604 est,
931 555 1006 593 ne
1055 539 1338 594 violentia
1381 539 1441 594 in
1492 539 1725 612 negotio
1767 539 2056 596 suboleat.

407 630 710 700 Siquidem
742 630 928 683 Deum
960 645 1082 682 non
1133 627 1442 698 timebant,
1477 629 1580 684 sed
1635 629 1708 684 ad
1751 630 2059 684 hominum

405 720 650 791 gloriam
687 717 1105 788 respiciebant.
1163 719 1264 772 Est
1320 725 1517 774 autem
1550 736 1681 774 vere
1723 721 1960 791 sapiens
1992 736 2060 774 ac

404 811 586 864 animi
618 809 1028 881 magnitudine
1083 809 1327 880 plenum
1380 811 1708 867 exordium.
1743 811 2060 866 Nominum

402 899 624 953 etenim
655 899 1015 970 proprietate
1039 898 1448 954 demonstrare
1472 899 1731 955 intendit
1749 899 2060 971 prudentis

401 1009 522 1048 non
551 1010 701 1059 esse,
730 993 1090 1065 injuriosum
1111 992 1441 1064 quidpiam,
1464 999 1568 1049 aut
1588 994 1743 1065 quod
1774 993 2060 1049 damnum

402 1084 613 1137 afferat
643 1083 921 1138 adversus
953 1084 1162 1138 fratres
1188 1100 1255 1138 ac
1278 1090 1476 1154 patres
1509 1084 1788 1139 inducere
1816 1101 1828 1138 :
1862 1083 1923 1138 id
1953 1099 2058 1138 au~

401 1179 522 1226 tem
545 1174 758 1227 afferre
781 1173 939 1243 quod
958 1179 1014 1226 et
1034 1173 1282 1240 gloriam
1313 1173 1474 1227 novit
1498 1179 1555 1228 et
1577 1173 1804 1228 lucrum
1829 1188 2058 1250 parere,

405 1262 515 1317 hoc
551 1263 792 1318 demum
828 1263 933 1316 viri
969 1267 1058 1317 est
1087 1269 1300 1318 natura
1331 1263 1610 1327 absoluti,
1645 1263 1866 1334 quique
1899 1263 2060 1317 salu-

408 1351 577 1406 tifere
602 1351 674 1406 ad
707 1367 806 1405 eos
837 1351 1103 1422 loquitur
1132 1350 1206 1406 ad
1239 1368 1387 1422 quos
1401 1351 1884 1408 estsermo.Atde
1899 1350 2062 1407 vobis

397 1441 612 1511 inquit,
646 1439 798 1495 nihil
831 1441 946 1495 tale
971 1441 1202 1512 concipi
1227 1446 1458 1512 potest:
1493 1441 1652 1512 quod
1684 1441 1847 1496 enim
1881 1457 2057 1496 voca~

400 1531 580 1584 tionis
603 1529 854 1584 fratrum
878 1546 946 1585 ac
966 1536 1204 1601 patrum
1240 1531 1385 1585 mihi
1407 1530 1562 1586 facta
1585 1530 1662 1586 sit
1684 1531 1785 1586 σο
1810 1531 2055 1599 mentio,

399 1617 460 1673 in
492 1619 862 1675 contrarium
889 1620 1068 1691 hujus
1099 1626 1296 1675 actum
1328 1625 1437 1689 est,
1471 1637 1604 1675 cum
1641 1637 1740 1674 vos
1774 1626 2061 1691 tanquam

398 1709 735 1764 communis
757 1715 986 1764 natura
1010 1709 1226 1764 oblitos
1245 1708 1567 1781 procedere
1589 1709 2060 1765 animadvertam

2181 533 2258 606 μή
2293 531 2420 604 δόξῃ
2450 534 2510 588 τὸ
2554 540 2778 611 πρᾶγμα
2833 533 3060 611 έπήρεια
3116 537 3275 597 εἶναι.
3307 540 3406 594 Τὸν
3443 542 3538 611 μὲν
3570 540 3673 616 γὰρ
3703 541 3833 596 Θεὸν

2175 623 2274 679 οὐκ
2306 619 2622 702 ἐφοϐοῦντο,
2684 625 2820 700 πρὸς
2882 624 2941 681 δὲ
2996 628 3095 696 τὴν
3156 633 3264 683 τῶν
3324 628 3625 704 ἀνθρώπων
3682 627 3840 701 δόξαν

2175 707 2497 773 ἐπέϐλεπον.
2547 715 2722 794 Σοφὸν
2785 713 2842 770 δὲ
2891 721 2971 788 τῷ
3026 716 3142 772 ’ὸντι
3197 717 3286 773 καὶ
3347 718 3837 800 μεγαλοφρπύνης

2181 804 2376 876 μεστὸν
2408 803 2470 857 τὸ
2501 805 2820 878 προοίμιον,
2856 808 2941 879 Τῇ
3003 807 3110 882 γὰρ
3167 811 3274 862 τῶν
3313 807 3599 882 ὀνομάτων
3633 809 3849 863 οἰκειώ-

2176 908 2253 946 σει
2289 891 2549 967 βούλεται
2593 899 2878 969 παριστᾷν,
2941 895 3014 959 ὡς
3072 897 3210 971 πρὸς
3267 897 3395 961 τοὺς
3455 896 3723 977 ἀδελφοὺς
3752 884 3846 953 καὶ

2173 985 2412 1057 πατέρας
2452 979 2761 1058 ὑϐριστικόν
2805 1005 2856 1038 τι
2907 984 2996 1040 καὶ
3051 983 3345 1059 ἐπιζήμιον
3379 985 3714 1062 εἰσηγεῖσθαι
3747 985 3851 1041 οὐκ

2175 1067 2447 1146 ἔμφρονος
2505 1071 2665 1127 Ἀλλ’
2725 1073 2753 1128 ’ὀ
2810 1074 2900 1128 καὶ
2961 1071 3116 1144 δόξαν
3175 1071 3291 1130 οἶδε
3348 1075 3438 1130 καὶ
3468 1073 3662 1151 κέρδος
3695 1096 3851 1150 περι-

2172 1167 2374 1231 ποιεῖν,
2415 1157 2610 1237 ἀνδρὸς
2667 1165 2828 1217 τοῦτο
2885 1163 2984 1233 τήν
3047 1163 3202 1243 φύσιν
3257 1159 3689 1239 ἐξακριϐοῦντας,
3747 1164 3843 1220 καὶ

2176 1250 2460 1326 σωτηρίως
2512 1257 2628 1314 τοῖς
2684 1253 2818 1327 πρὸς
2880 1252 2974 1314 οὕς
3029 1255 3058 1309 6
3117 1253 3285 1330 λόγος
3325 1253 3844 1333 ἀποφθεγγομένου.

2175 1339 2337 1396 Ἀλλ’
2366 1340 2449 1418 ἐφ’
2481 1341 2632 1415 ὑμῖν,
2665 1341 2854 1419 φησὶν,
2909 1339 3062 1398 οὐδὲν
3112 1338 3223 1398 ἔστι
3279 1348 3502 1400 τοιοῦτο
3532 1350 3848 1401 κατανοεῖν.

2173 1435 2342 1506 Ὅπερ
2371 1430 2478 1506 γὰρ
2508 1429 2634 1504 ἐμοὶ
2667 1433 2701 1501 ἡ
2734 1436 2840 1487 τῶν
2890 1429 3138 1512 ἀδελφῶν
3189 1433 3280 1488 vati
3310 1435 3557 1510 πατέρων
3594 1429 3850 1490 ὑποϐάλ-

2175 1518 2328 1577 λεται
2360 1518 2583 1590 κλῆσις,
2615 1519 2938 1586 ἀπεναντίας
2988 1521 3209 1592 τούτου,
3238 1520 3423 1599 ὥσπερ
3467 1521 3848 1598 ἐπιλελησμέ-

2173 1632 2300 1673 νους
2329 1617 2430 1680 τῆς
2464 1616 2652 1680 κοινῆς
2710 1611 2922 1691 φύσεως
2975 1616 3294 1688 χωροῦντας
3346 1614 3484 1687 ὑμᾶς
3517 1613 3839 1689 ἀναθεωρῶ,

2173 1700 2270 1758 τοῖ’)
2326 1703 2462 1777 πρὸς
2532 1704 2681 1775 ἡμᾶς
2755 1700 3072 1776 ἀδιακρίτου
3133 1702 3350 1776 μίσους,
3407 1702 3840 1780 παρευδοκιμεῖν

398 1799 724 1854 indiscreto
777 1815 914 1871 erga
960 1816 1069 1854 nos
1110 1799 1269 1865 odio,
1303 1798 1463 1870 quod
1493 1816 1594 1855 vos
1628 1799 1861 1854 inducit
1893 1799 1966 1855 ad
1999 1815 2055 1855 ea

2176 1792 2535 1866 ἐμποιοῦντος
2594 1792 2720 1865 ὑμῖν
2782 1792 2872 1847 καὶ
2929 1792 2997 1848 τὰ
3043 1793 3180 1867 πρὸς
3239 1793 3385 1848 θείαν
3436 1793 3610 1870 ῥοπῆν
3642 1793 3840 1871 ἀναγό-

398 1904 634 1959 quoque
666 1888 1298 1962 prastergrediendum,
1334 1906 1465 1960 quas
1498 1889 1571 1944 ad
1603 1888 1864 1944 divinam
1895 1888 2057 1946 refe-

397 1985 614 2033 runtur
642 1980 985 2050 potentiam.
1023 1981 1168 2034 Nam
1202 1986 1265 2033 ut
1297 1985 1511 2034 caetera
1542 1979 2058 2040 omittam,horum

396 2067 561 2123 vobis
596 2070 944 2124 memoriam
969 2085 1240 2141 suggero,
1269 2086 1400 2139 quas
1427 2085 1546 2123 non
1578 2070 1705 2124 sine
1730 2068 1926 2125 divina
1953 2087 2056 2141 po-

395 2159 579 2214 tentia
634 2159 814 2214 tinem
875 2160 1229 2220 sortiuntur,
1292 2161 1623 2232 signorum,
1680 2159 1948 2230 inquam,
1989 2176 2057 2214 ac

393 2247 797 2320 prodigiorum
842 2266 948 2320 per
1005 2266 1113 2304 nos
1171 2249 1489 2314 editorum,
1538 2265 1791 2319 quorum
1849 2254 1906 2302 et
1955 2265 2055 2304 vos

394 2343 575 2393 testes
607 2338 770 2403 estis,
807 2355 938 2408 qua)
974 2355 1095 2393 non
1128 2338 1246 2394 alio
1279 2338 1456 2393 modo
1495 2354 1847 2410 prosperum
1878 2339 2053 2393 sorti-

394 2433 605 2483 rentur
637 2429 936 2484 effectum.
999 2428 1110 2483 Sed
1169 2435 1485 2500 postquam
1540 2429 1906 2500 Stephanum
1950 2445 2057 2500 per

392 2516 646 2570 fratrum
677 2533 744 2572 ac
791 2522 1027 2588 patrum
1089 2518 1576 2589 appellationem,
1630 2517 1755 2574 haec
1803 2517 2054 2574 obscure

2176 1902 2324 1954 μενοι,
2356 1882 2465 1936 Ἵνα
2494 1882 2599 1956 γὰρ
2629 1881 2678 1936 τ’
2706 1879 2852 1937 ἄλλα
2881 1881 3057 1962 ἀφεὶς,
3104 1883 3201 1952 τήν
3251 1885 3459 1939 τούτων
3491 1883 3618 1956 ὑμῖν
3645 1883 3838 1949 ἆναθῶ

2170 1974 2419 2046 μνήμην,
2454 1973 2487 2026 όί
2516 1972 2659 2035 θείας
2699 1971 2797 2028 οὐκ
2826 1971 3031 2047 ἄμοιρα
3081 1972 3242 2036 τέλος
3301 1976 3469 2030 θεῖναι
3523 1975 3723 2050 ῥοπῆς,
3765 1974 3840 2030 τὰ

2169 2059 2238 2115 δι’
2296 2064 2457 2134 ἡμῶν
2515 2084 2659 2138 φημι
2723 2068 2927 2135 σημεῖα
2984 2063 3074 2118 καὶ
3128 2063 3347 2139 τέρατα,
3393 2065 3469 2118 ὧν
3521 2064 3612 2119 καὶ
3674 2065 3841 2136 ὑμεῖς

2176 2151 2462 2226 μάρτυρες,
2524 2151 2624 2206 οὐκ
2705 2150 2893 2214 ἄλλως
2979 2150 3305 2228 ἐνεργεῖσθαι
3366 2151 3840 2227 κατευοδούμενα.

2166 2229 2346 2296 Ἀλλᾶ
2399 2245 2566 2295 ταῦτα
2628 2237 2714 2295 διὰ
2769 2246 2869 2310 τῆς
2939 2245 3047 2296 τῶν
3123 2238 3374 2316 ἀδελφῶν
3435 2241 3524 2298 καὶ
3581 2245 3842 2318 πατέρων

2167 2330 2582 2404 ὑπαινιξάμενον
2623 2329 2877 2401 κλήσεως
2929 2333 3199 2406 Στέφανον
3253 2331 3674 2412 κατειληφότες,
3709 2351 3848 2389 σκο’

2164 2425 2354 2494 πῶμεν
2406 2417 2514 2492 ἤδη
2574 2422 2661 2476 καὶ
2713 2421 2778 2475 τὰ
2838 2421 2974 2496 πρὸς
3030 2420 3248 2485 τούτοις
3281 2422 3350 2478 οὐ
3381 2424 3604 2478 κατὰτὸ
3634 2423 3839 2500 τυχὸν,

2168 2512 2314 2571 ἀλλᾶ
2346 2513 2479 2588 μετὰ
2514 2511 2735 2582 πολλῆς
2769 2512 2992 2586 κείμενα
3020 2518 3125 2584 τῆς
3158 2512 3341 2570 ἐνθέου
3375 2514 3584 2594 σοφίας.

398 2603 812 2676 designantem
843 2606 1248 2677 comperimus
1276 2623 1287 2660 :
1321 2624 1480 2662 nunc
1512 2607 1693 2662 etiam
1723 2606 2173 2664 consideremus
2206 2621 2336 2678 quae
2379 2604 2473 2660 his
2523 2602 2726 2659 addita
2758 2609 2897 2660 sunt
2925 2621 3046 2660 non
3078 2605 3304 2677 vulgari
3337 2606 3538 2674 modo,
3563 2604 3667 2662 sed
3695 2622 3845 2663 cum

397 2709 612 2765 magna
638 2710 705 2749 ac
736 2694 1019 2750 divinitus
1051 2695 1253 2751 afﬂata
1285 2696 1597 2768 sapientia.

467 2784 590 2850 νη,
649 2787 759 2840 2-5.
823 2785 978 2840 Deus
1039 2786 1239 2856 gloriae
1299 2787 1576 2858 apparuit
1642 2787 1794 2858 patri
1853 2793 2058 2844 nostro

400 2893 429 2921 ‹‹
462 2873 781 2940 Abraham,
838 2892 973 2929 cum
1026 2882 1183 2930 esset
1239 2877 1299 2930 in
1359 2877 1798 2947 Mesopotamia,
1863 2877 2059 2948 prius-

405 2983 431 3010 ι(
465 2979 644 3032 quam
677 2963 972 3019 habitaret
1032 2965 1092 3019 in
1153 2965 1437 3033 Charran,
1472 2966 1738 3036 dixitque
1781 2965 1855 3021 ad
1889 2981 2064 3021 eum:

399 3073 426 3101 ‹‹
460 3052 752 3123 Egredere
784 3053 857 3107 de
899 3059 1056 3109 terra
1104 3061 1203 3110 tua
1251 3062 1308 3110 et
1351 3056 1423 3110 de
1471 3057 1824 3128 cognatione
1856 3060 1976 3117 tua,
2011 3060 2070 3111 et

398 3163 425 3191 ‹‹
459 3142 595 3194 veni
628 3141 688 3196 in
719 3148 935 3198 terram
967 3161 1386 3216 quamcunque
1421 3144 1738 3200 ostendero
1764 3144 2056 3201 tibi.Tunc

405 3255 424 3279 ι
462 3247 734 3303 egressus
763 3233 834 3288 de
861 3240 1016 3290 terra
1039 3235 1451 3290 Chaldaeorum
1477 3235 1761 3290 habitavit
1784 3235 1844 3290 in
1877 3238 2052 3292 Char-

399 3343 427 3369 ι‹
460 3337 568 3376 ran
596 3339 607 3376 :
642 3327 701 3377 et
730 3323 889 3390 inde,
924 3332 1240 3395 postquam
1288 3331 1558 3380 mortuus
1589 3330 1679 3380 est
1709 3330 1877 3396 pater
1907 3327 2057 3396 ejus,

405 3431 427 3460 ι
460 3414 767 3468 transtulit
799 3431 935 3470 eum
969 3415 1031 3470 in
1062 3422 1281 3471 terram
1308 3417 1484 3482 hanc,
1516 3418 1577 3472 in
1620 3434 1738 3488 qua
1767 3434 1866 3472 vos
1897 3433 2059 3472 nunc

398 3523 426 3551 ‹‹
459 3502 762 3570 habitatis,
797 3510 855 3560 et
884 3522 1005 3560 nou
1063 3506 1226 3561 dedit
1282 3507 1370 3561 illi
1430 3507 1841 3563 haareditatem
1873 3507 1933 3562 in
1967 3523 2057 3576 ea,

395 3613 425 3641 «
459 3609 535 3648 ne
568 3594 879 3666 vestigium
913 3596 1157 3666 quidem
1189 3597 1378 3668 pedis.
1417 3618 1441 3648 η

469 3681 613 3736 Vide
646 3688 704 3738 et
763 3684 858 3739 hic
914 3684 1214 3756 quomodo
1258 3687 1456 3742 statim
1510 3688 1583 3742 ab
1627 3687 1869 3742 exordio
1902 3687 2059 3742 tollit

395 3787 601 3826 eorum
625 3772 896 3844 gloriam,
917 3774 1228 3830 referendo
1249 3775 1498 3848 gloriam
1523 3793 1644 3832 non
1667 3777 1740 3831 ad
1771 3776 2056 3848 templum

393 3877 588 3932 neque
621 3862 695 3918 ad
723 3870 980 3935 gentem,
1013 3865 1115 3920 sed
1145 3865 1218 3920 ad
1253 3866 1445 3921 solum
1478 3867 1684 3922 Deum.
1719 3869 1863 3922 Nam
1895 3866 2055 3938 quod

393 3951 477 4005 ait
504 3954 644 4007 Deus
674 3953 894 4022 gloriae,
930 3954 1089 4010 idem
1132 3961 1222 4011 est
1277 3974 1344 4012 ac
1399 3957 1448 4012 si
1507 3956 1728 4011 dictum
1768 3957 1863 4020 sit,
1900 3957 2054 4012 Deus

389 4039 777 4112 gloriﬁcatus.
813 4045 916 4098 Hic
975 4051 1173 4099 autem
1233 4044 1389 4100 Deus
1447 4046 1812 4117 glorificatus
1861 4052 1950 4100 est
1985 4062 2053 4100 eo

391 4131 551 4200 quod
582 4132 632 4185 is
666 4133 766 4200 qui
798 4149 869 4186 ex
898 4132 1199 4204 perplexis
1243 4151 1310 4188 ac
1351 4133 1698 4189 difﬁcilibus
1742 4134 2055 4190 commoda

386 4219 533 4274 facit
564 4224 622 4273 et
648 4219 868 4287 facilia,
904 4227 1082 4291 atque
1115 4238 1184 4276 ex
1217 4222 1487 4294 ingloriis
1514 4221 1711 4277 reddit
1739 4223 2050 4294 gloriosos,

393 4307 569 4363 etiam
604 4325 715 4363 nos
749 4308 896 4363 tales
921 4309 1158 4366 efﬁciet.
1185 4311 1486 4382 Siquidem
1519 4312 1619 4382 qui
1644 4312 1938 4368 immensa
1960 4329 2052 4368 sa-

390 4399 620 4470 pientia
648 4399 992 4454 hominibus
1023 4416 1056 4454 a
1089 4401 1305 4456 smculo
1359 4402 1690 4474 imperavit,
1733 4403 1894 4459 idem
1924 4404 2050 4475 ipse

391 4503 552 4542 nunc
584 4503 653 4541 ea
685 4504 817 4558 quae
848 4487 942 4542 his
974 4488 1094 4544 visa
1125 4495 1265 4544 sunt
1294 4490 1706 4562 impossibilia,
1741 4491 1816 4546 ad
1854 4491 2047 4547 facili-

2249 2784 2366 2841 «Ὁ
2421 2783 2550 2845 Θεὸς
2611 2788 2712 2853 τῆς
2774 2778 2940 2853 δοςης
3026 2779 3182 2863 ὣφθη
3263 2787 3343 2856 τῷ
3425 2785 3589 2859 πατρὶ
3659 2787 3831 2856 ἡμῶν

2175 2896 2202 2926 ιι
2233 2869 2487 2948 Ἀϐραὰμ
2517 2867 2633 2926 ὄντι
2677 2870 2728 2926 ἐν
2777 2874 2847 2946 τῇ
2901 2871 3316 2945 Μεσοποταμίᾳ,
3350 2872 3468 2948 πρὶν
3506 2873 3541 2943 ἢ
3572 2879 3846 2942 κατοικῆ-

2170 2986 2197 3014 ‹‹
2232 2983 2320 3017 σαι
2351 2961 2512 3016 αὐτὸν
2543 2959 2594 3016 ἐν
2627 2957 2872 3035 Χαρῥᾶν,
2903 2960 2993 3015 καὶ
3048 2960 3166 3016 εἶπε
3215 2961 3351 3036 πρὸς
3382 2961 3564 3017 αὐτόν·
3599 2960 3836 3033 Ἔξελθε

2176 3075 2197 3103 ι
2234 3051 2292 3108 ἐκ
2320 3059 2420 3121 τῆς
2475 3057 2576 3127 γῆς
2636 3071 2754 3120 σου,
2812 3051 2904 3106 καὶ
2961 3049 3021 3106 ἐκ
3075 3055 3175 3125 τῇς
3237 3051 3546 3128 συγγενείας
3591 3071 3708 3121 σου,
3740 3051 3844 3106 καὶ

2173 3139 2391 3216 «δεῦρο
2436 3140 2511 3202 εἰς
2563 3147 2690 3216 γῆν,
2738 3137 2804 3210 ἤν
2865 3137 2925 3195 ξίν
2987 3161 3072 3195 σοι
3131 3138 3309 3212 δείξω.
3343 3140 3480 3198 Τότε
3510 3139 3738 3212 ἐξελθὼν
3773 3139 3849 3196 ἔκ

2181 3253 2201 3282 ι
2238 3237 2344 3307 γῆς
2406 3227 2722 3300 Χαλδαίων,
2782 3230 3101 3303 κατῴκησεν
3171 3229 3223 3286 ἐν
3283 3230 3528 3308 Χαρῥάν.
3591 3230 3855 3287 Κάκεῖθεν

2170 3345 2198 3372 ‹‹
2235 3321 2369 3394 μετὰ
2429 3322 2492 3376 τὸ
2557 3321 2846 3375 ἀποθανεῖν
2902 3321 2997 3375 τὸν
3053 3321 3262 3395 πατέρα
3315 3321 3482 3376 αὐτοῦ
3539 3319 3853 3393 μετῴκισεν

2171 3433 2197 3462 ‹‹
2231 3408 2389 3464 αὐτὸν
2423 3409 2498 3471 εἷς
2528 3409 2628 3479 τήν
2677 3415 2778 3483 γῆν
2807 3407 3012 3480 ταύτην
3046 3408 3121 3471 εἷς
3170 3405 3238 3478 ἥν
3289 3409 3448 3483 ὑμεῖς
3499 3413 3590 3465 νῦν
3643 3429 3852 3465 κατοι-

2173 3522 2199 3551 ι‹
2231 3504 2396 3556 χεῖτε.
2448 3500 2544 3554 Καὶ
2599 3498 2700 3554 οὐκ
2755 3495 2954 3554 ἔδωκεν
3003 3499 3152 3569 αὖτῷ
3183 3496 3559 3574 κληρονομίαν
3591 3496 3645 3553 έν
3672 3499 3851 3574 αὐτῇ,

2169 3613 2196 3640 ‹‹
2231 3584 2356 3644 οὐδὲ
2389 3590 2547 3663 βῆμα
2577 3585 2767 3650 ποδός.
2804 3612 2832 3640 ››

2233 3680 2372 3753 Ὃρα
2429 3677 2699 3734 κάνταῦθα
2751 3681 2871 3740 πῶς
2951 3676 3011 3733 ἐκ
3067 3679 3379 3754 προοιμίων
3411 3679 3510 3747 τὴν
3562 3673 3715 3748 δόξαν
3750 3677 3855 3731 αὐ-

2167 3773 2278 3823 τῶν
2313 3769 2586 3843 καθαιρεῖ,
2642 3768 2739 3836 τὴν
2801 3764 2956 3837 δόξαν
3017 3768 3082 3822 οὐ
3135 3771 3216 3839 τῷ
3270 3771 3402 3841 ναῷ,
3453 3767 3518 3822 οὗ
3575 3770 3654 3839 τῷ
3699 3760 3857 3822 ἔθνει

2163 3855 2611 3926 ἀνατιθεὶς,ἁλλὰ
2637 3856 2790 3931 μόνῳ
2812 3857 2950 3929 Θεῷ.
2973 3857 3049 3914 Τὸ
3071 3856 3197 3932 γὰρ,
3223 3880 3251 3908 ι‹
3276 3857 3303 3910 6
3327 3855 3456 3919 Θεὸς
3477 3861 3577 3926 τῆς
3603 3853 3785 3926 δόξης,
3813 3879 3852 3906 ιο

2165 3947 2290 4005 δίντὶ
2352 3955 2474 4020 τοῦ,
2507 3951 2535 4004 ὁ
2569 3947 2980 4024 δεδοξασμένος,
3021 3948 3254 4024 εἷ’ρηται,
3313 3950 3462 4012 Θεός.
3519 3949 3692 4010 Οὗτος
3725 3946 3781 4002 δὲ
3819 3951 3856 4004 ὁ

2175 4037 2596 4114 δεδοξασμένος,
2677 4040 2727 4111 ἐξ
2813 4041 3121 4120 ἀμηχάνων
3179 4041 3470 4120 εὖμῆχανα
3528 4038 3691 4116 δρῶν,
3750 4039 3853 4094 καὶ

2175 4131 2305 4193 τοὺς
2345 4129 2575 4205 ἀτίμους
2633 4129 2886 4204 ἐντίμους
2932 4135 3129 4201 ποιῶν,
3179 4132 3269 4186 καὶ
3327 4133 3475 4205 ἡμᾶς
3505 4133 3749 4201 ποιήσει.
3779 4130 3855 4188 Ὀ

2169 4219 2276 4294 γὰρ
2310 4225 2428 4282 τοῖς
2494 4219 2542 4289 ἐξ
2603 4220 2799 4284 αῗῶνος
2857 4219 3136 4296 ἀμηχάνῳ
3191 4220 3498 4296 ἀνθρώποις
3531 4222 3692 4300 σοφίᾳ
3725 4218 3855 4274 δια-

2168 4309 2495 4382 ταξάμενος,
2557 4310 2714 4373 οὗτος
2775 4309 2978 4372 ἐκεῖνος
3055 4315 3167 4381 νῦν,
3221 4310 3286 4365 τὰ
3337 4309 3562 4381 δόξαντα
3616 4310 3847 4373 τούτοις

2160 4399 2424 4476 ἀμήχανα
2456 4399 2543 4456 ἐπὶ
2577 4401 2638 4455 τὸ
2676 4401 2997 4476 εὐμήχανον
3033 4400 3293 4477 προάγειν
3341 4396 3697 4477 βεϐούληται.
3732 4399 3839 4454 Καὶ

2159 4490 2251 4544 ἳνα
2296 4494 2463 4545 τοῦτο
2530 4490 2722 4546 πιστὸν
2773 4491 2832 4562 ᾖ,
2893 4484 3149 4564 Ἀϐραὰμ
3203 4495 3282 4563 τῷ
3339 4488 3494 4566 λόγῳ
3533 4490 3842 4564 παράγεται

390 4580 572 4631 tatem
604 4576 930 4647 perducere
964 4577 1167 4634 voluit.
1221 4579 1410 4650 thue
1463 4580 1572 4635 hoc
1607 4580 1708 4637 ﬁat
1738 4581 2044 4653 credibile,

2172 4580 2244 4634 ιαὶ
2278 4581 2312 4650 ἡ
2341 4581 2457 4634 κατ’
2484 4578 2644 4634 αὐτὸν
2674 4579 2908 4655 ἱστορία,
2959 4579 3017 4642 ὃς
3077 4581 3180 4635 οὐκ
3228 4579 3283 4636 ἐν
3335 4585 3472 4653 ναῷ,
3533 4578 3593 4634 οὗ
3626 4575 3715 4633 διὰ
3747 4590 3842 4643 θυ-

389 4665 685 4722 Abraham
721 4667 972 4739 ejusque
1007 4668 1260 4724 historia
1307 4669 1368 4724 in
1416 4670 1680 4726 medium
1712 4670 2052 4738 adducitur,

390 4757 490 4828 qui
524 4774 644 4812 non
689 4757 748 4812 in
800 4758 1042 4830 templo,
1076 4777 1196 4814 non
1242 4776 1348 4835 per
1401 4760 1648 4826 hostias,
1683 4761 1783 4816 Dei
1816 4761 2052 4833 appari-

388 4846 615 4902 tionem
647 4854 856 4904 nactus
889 4857 980 4905 est
1011 4866 1146 4904 cum
1178 4851 1239 4905 in
1273 4850 1701 4923 Mesopotamia
1731 4853 2052 4907 esset.Haec

390 4941 588 4990 autem
620 4937 863 5008 profert,
886 4939 1213 5010 velutijam
1239 4939 1462 4996 dictum
1488 4945 1598 5008 est,
1633 4940 2053 4996 demonstrans

393 5025 579 5079 Deum
627 5026 974 5098 gloriosum,
1015 5028 1172 5098 quod
1218 5031 1281 5083 in
1333 5029 1452 5084 illis
1500 5029 1662 5096 fecit,
1695 5047 1871 5100 posse
1905 5035 1962 5083 et
1992 5031 2052 5084 in

392 5113 564 5168 nobis
596 5114 811 5182 facere,
846 5117 1124 5188 quodque
1177 5118 1480 5173 occultum
1529 5125 1619 5173 est
1669 5120 2053 5174 manifestum

393 5204 777 5261 constituere.
828 5207 1006 5278 Atqui
1058 5224 1193 5262 cum
1245 5208 1448 5263 multae
1481 5208 1754 5264 nationes
1785 5225 1852 5264 ac
1884 5226 2052 5282 reges

394 5293 599 5349 dolose
622 5312 755 5350 cum
775 5296 1069 5352 Abraham
1095 5300 1343 5369 ejusque
1365 5299 1588 5353 semine
1614 5298 2050 5371 congrederen-

393 5390 510 5451 tur,
569 5385 656 5439 illi
718 5385 959 5457 quidem
1013 5389 1085 5443 ad
1141 5389 1400 5444 nihilum
1445 5391 1667 5445 redacti
1701 5398 1857 5455 sunt,
1894 5391 2052 5463 quod

393 5480 592 5530 autem
625 5474 934 5544 humilius,
957 5477 1177 5532 factum
1204 5485 1293 5533 est
1315 5479 1715 5534 sublimius.Si
1739 5497 1875 5554 ergo
1898 5482 2052 5537 Deus

391 5563 599 5638 glorias
631 5564 690 5619 in
722 5564 815 5620 his
841 5565 923 5621 ita
971 5565 1360 5639 dispensavit,
1395 5570 1485 5624 6|
1547 5575 1798 5641 oportet,
1832 5569 2050 5643 inquit,

395 5654 774 5714 considerare
833 5673 910 5714 ne
967 5662 1028 5714 et
1081 5659 1145 5717 in
1196 5658 1369 5716 nobis
1417 5660 1562 5717 talia
1589 5661 1954 5735 contingant.
1983 5694 2052 5706 —

2165 4673 2318 4740 σιῶν,
2356 4677 2458 4740 τῆς
2522 4667 2656 4725 Θεοῦ
2713 4670 3003 4751 ἐμφανείας
3058 4671 3287 4742 ἠξίωται
3318 4669 3370 4726 ἐν
3399 4674 3467 4744 τῇ
3501 4672 3842 4728 Μεσοποτα-

2167 4763 2286 4834 μίᾳ.
2319 4765 2504 4819 Ταῦτα
2537 4759 2594 4816 δὲ
2623 4763 2976 4838 προκομίζει,
3012 4763 3086 4826 ὡς
3129 4759 3242 4833 ἢδη
3275 4760 3513 4838 εἷ’ρηται,
3548 4765 3833 4837 παριστῶν

2164 4851 2238 4912 ὡς
2294 4852 2322 4906 6
2382 4849 2773 4926 δεδοξασμένος
2830 4853 2961 4916 Θεὸς
3023 4851 3156 4927 ὅπερ
3213 4851 3297 4907 ἐπ’
3354 4851 3572 4907 ἐκείνων
3619 4852 3709 4906 καὶ
3742 4850 3834 4928 ἐφ’

2162 4942 2322 5014 ἡμῶν
2385 4937 2605 5004 δυνατὸς
2664 4949 2918 5015 ποιῆσαι,
2975 4942 3062 4997 καὶ
3126 4941 3177 5013 ἐξ
3226 4941 3480 5021 ἀφανείας
3534 4940 3610 5003 εἷς
3659 4937 3836 5018 ἐμφά-

2161 5050 2306 5084 νειαν
2345 5037 2693 5106 περιστῆσαι.
2755 5031 3006 5108 Καίτοιγε
3044 5030 3273 5088 πολλῶν
3334 5025 3649 5092 ἐπιϐούλως
3680 5028 3834 5100 αὐτῷ

2165 5115 2418 5196 ’Δόραὰμ
2464 5121 2677 5193 καὶτῷ
2735 5121 3004 5196 σπέρματι
3067 5121 3230 5178 αὐτοῦ
3289 5120 3457 5188 έθνῶν
3528 5121 3619 5177 καὶ
3673 5121 3831 5194 βασι-

2165 5208 2303 5265 λέων
2337 5211 2832 5290 προσενεχθέντων,
2865 5210 2994 5268 ἀλλ’
3054 5211 3106 5267 oi
3167 5213 3264 5286 μὶν
3308 5211 3706 5289 ἠφανίσθησαν,
3739 5207 3831 5264 ἐπὶ

2166 5305 2352 5375 μεῖζον
2395 5298 2454 5356 δὲ
2482 5302 2543 5356 τὸ
2580 5302 2961 5377 ταπεινότερον
3015 5297 3259 5378 προῦϐη.
3312 5301 3374 5358 Εἰ
3404 5301 3498 5357 οὖν
3532 5301 3706 5361 οὕτως
3737 5299 3830 5355 ἐπὶ

2161 5391 2368 5446 τούτων
2432 5391 2460 5444 ό
2521 5397 2625 5460 τῆς
2687 5387 2848 5462 δόξης
2906 5391 3036 5455 Θεὸς
3118 5391 3448 5466 ᾠκονόμεῖν,
3505 5390 3661 5468 ensi,
3716 5391 3833 5466 χρὴ

2161 5480 2252 5535 καὶ
2284 5480 2408 5555 περί
2441 5481 2588 5554 ἡμᾶς
2625 5482 2702 5554 μὴ
2733 5481 2803 5535 τὰ
2830 5479 3000 5556 ὅμοια
3044 5477 3244 5557 ἆροϐᾖ.
3289 5513 3358 5523 -
3405 5478 3656 5543 Ἄλλως·
3689 5481 3834 5554 "Op:

2162 5573 2283 5632 πῶς
2314 5569 2509 5633 αὐτοὺς
2561 5570 2755 5647 ἀπάγει
2815 5574 2922 5627 τῶν
2982 5574 3332 5646 σωματικῶν,
3379 5571 3468 5626 καὶ
3527 5569 3663 5633 τέως
3721 5567 3830 5624 ἀπὸ

2160 5657 2260 5716 τοῖ’)
2285 5679 2488 5733 τοπου,
2519 5664 2637 5734 Θεῷ
2678 5662 2778 5731 τὴν
2828 5658 3008 5736 δόξαν,
3059 5662 3125 5718 οὐ
3173 5665 3253 5734 τῷ
3299 5660 3453 5735 τόπῳ
3480 5661 3826 5736 προσνέμων,
