4160 6428
369 287 486 349 133

1365 278 1779 344 COMMENT.
1828 278 1906 340 IN
1951 276 2159 340 ACTA
2202 278 2816 344 APOSTOLORUM.

3691 285 3804 348 134

378 421 560 483 Αὐτὸς
590 417 693 497 γὰρ
722 418 759 488 ἡ
791 423 894 488 τῆς
928 413 1097 490 δόξης
1121 419 1300 496 πηγὴ,
1363 416 1440 492 μὴ
1474 413 1728 490 δεόμενος
1783 421 1886 485 τῆς
1917 414 2043 490 παρ’

2169 415 2276 472 Alio
2306 419 2487 473 modo.
2544 417 2686 474 Vide
2744 418 3044 490 quomodo
3103 419 3265 498 ipsos
3325 437 3359 477 a
3410 421 3818 494 corporalibus

376 511 563 586 ὐμῶν,
589 504 748 588 φησί,
780 501 870 562 διὰ
900 511 999 562 τοῦ
1028 502 1159 562 ναοῦ
1189 503 1369 581 δόξης.
1403 509 1512 571 Τῆς
1534 507 1751 582 Γραφῆς
1773 501 1829 559 δὲ
1853 502 2040 580 λεγού-

2149 505 2413 574 abducit,
2449 513 2510 564 et
2539 508 2783 564 interim
2823 527 2858 565 a
2887 509 3040 578 loco,
3075 510 3324 584 gloriam
3353 513 3492 580 Deo,
3527 529 3650 568 non
3681 513 3811 570 loco

381 623 504 673 σης,
539 599 726 676 Θάρρα
763 597 858 654 τὸν
919 599 1126 672 πατέρα
1181 601 1278 652 τοῦ
1339 591 1590 671 Ἀϐραὰμ
1646 593 1927 669 ἐξορμίσαι
1982 592 2041 648 ἐκ

2169 596 2503 653 lttribuens.
2531 603 2660 671 Ipse
2691 599 2914 654 etenim
2937 600 3139 672 gloriae
3170 601 3306 656 fons
3339 607 3450 669 est,
3485 620 3606 658 non
3632 620 3810 676 egens

379 699 487 768 γῆς
545 686 840 747 Χαλδαίων
895 685 1154 757 ἐξελθεῖν,
1224 686 1344 750 πῶς
1424 688 1516 739 νῦν
1607 682 1879 762 Στέφανος
1964 686 2044 755 τῷ

381 774 649 855 Ἀϐραὰμ
678 775 966 846 ἀνατίθησι
1016 775 1108 830 τὸν
1170 773 1565 850 χρηματισμὸν
1617 770 1850 840 τοῦτον;
1906 773 2044 847 πρὸς

382 867 590 926 δξστιν
633 867 826 935 εἰπεῖν,
887 865 964 928 ὼς
1022 869 1103 937 τῷ
1161 859 1414 936 ’Δϐραάμ
1476 862 2046 939 μὲνὸχρηματισμὸς

383 963 629 1036 γέγονεν,
663 956 791 1014 ἀλλ’
820 953 1009 1025 ἐπειδὴ
1070 952 1265 1017 παιδὸς
1326 955 1474 1028 ὁρμὴ
1535 951 1595 1009 ἐκ
1647 957 2046 1028 χρηματισμοῦ

392 1055 494 1108 οὐκ
551 1055 701 1127 εἶχεν
762 1047 1068 1124 ἀντιλέγειν
1127 1045 1222 1102 κᾶν
1281 1047 1486 1122 πατὴρ,
1546 1050 1626 1118 τῷ
1687 1043 2046 1121 ὑποδείγματι

381 1144 569 1215 τούτῳ
624 1140 700 1202 ei:
759 1136 1029 1194 ἀπείθειαν
1089 1136 1454 1192 ἀποσκάπτων
1537 1136 1667 1197 τοὺς
1725 1139 1840 1202 νῦν,
1902 1135 2046 1189 οὕτω

381 1234 623 1308 προάγει
663 1232 754 1285 τὸν
810 1227 994 1304 λόγον.
1051 1226 1174 1288 Πῶς
1225 1226 1327 1301 γὰρ
1379 1223 1478 1280 οὐκ
1537 1225 1774 1279 ἀπειθεῖν
1833 1221 2052 1300 ἐξελέγ-

384 1342 611 1397 χονται,
673 1320 722 1374 εὶ
768 1316 949 1394 Θάῤῥα
1008 1316 1104 1390 μὲν
1165 1311 1358 1377 παιδὸς
1418 1313 1516 1368 οὐκ
1572 1313 1816 1369 ἀντεῖπεν
1875 1315 2045 1389 ὁρμῇ,

382 1411 544 1467 αὐτοὶ
577 1407 637 1464 δέ
663 1407 796 1482 μετά
817 1409 1161 1480 θεοσημειῶν
1206 1409 1396 1480 πεῖραν
1443 1402 1505 1458 οὗ
1554 1404 1718 1477 μόνον
1764 1404 2049 1466 ἀπειθοῦν-

375 1522 489 1568 τες,
522 1497 672 1555 ἀλλά
704 1495 792 1552 καὶ
820 1495 1001 1574 φθόνῳ
1032 1495 1172 1571 πρὸς
1205 1495 1370 1570 φόνον
1405 1497 1517 1548 τῶν
1548 1499 1667 1556 ταῖς
1697 1490 2046 1566 θεοσημείαις

382 1588 696 1660 δοξάζεσθαι
757 1586 940 1657 ἀξίων,
1000 1581 1280 1658 δυσμενῶς
1359 1581 1801 1660 προσφερόμενοι
1869 1579 2050 1637 διατε-

392 1677 554 1735 λοῦσι
581 1696 596 1747 ;

2154 687 2358 761 gloria,
2400 705 2532 761 quas
2562 706 2669 761 per
2697 691 2988 762 templum
3019 707 3052 746 a
3084 692 3254 747 nobis
3287 698 3393 748 est.
3431 693 3574 749 Cum
3607 701 3807 750 autem

2154 777 2298 833 dicit
2325 778 2625 849 Scriptura
2654 780 2838 835 Thare
2870 785 3106 852 patrem
3161 782 3457 838 Abraham
3504 800 3810 856 egressum

2156 881 2306 933 esse,
2336 871 2401 921 ut
2424 868 2905 939 proficisceretur
2926 870 3000 926 de
3027 875 3184 926 terra
3197 872 3634 944 Chaldaeprum,
3659 890 3808 945 quo-

2156 956 2331 1012 modo
2355 973 2514 1012 nunc
2545 959 2880 1030 Stephanus
2903 960 3016 1031 ipsi
3048 959 3343 1017 Abraham
3364 963 3676 1018 oraculum
3703 964 3812 1019 hoc

2157 1047 2470 1103 attribuit?
2495 1047 2581 1102 Ad
2615 1047 2771 1120 quod
2804 1049 2919 1104 dici
2963 1055 3157 1121 potest
3191 1050 3350 1122 quod
3404 1051 3517 1122 ipsi
3570 1053 3809 1123 quidem

2157 1136 2455 1192 Abraham
2512 1136 2776 1192 divinum
2857 1155 3212 1210 responsum
3274 1139 3479 1196 datum
3538 1148 3647 1204 est,
3708 1141 3811 1197 sed

2159 1224 2462 1296 Seriptura
2483 1226 2636 1298 patri
2659 1226 3242 1299 attribuit,quoniam
3266 1229 3373 1283 tilii
3393 1231 3644 1287 consilio
3669 1232 3812 1303 quid

2160 1331 2193 1371 a
2223 1315 2420 1371 divino
2453 1323 2578 1372 erat
2609 1317 2848 1373 oraculo
2880 1335 3001 1373 non
3032 1319 3410 1391 contradixit,
3468 1338 3812 1394 quanquam

2159 1411 2330 1478 pater
2367 1412 2544 1473 esset,
2601 1407 2711 1462 hoc
2769 1407 3041 1480 exemplo
3101 1409 3377 1482 detegens
3426 1413 3812 1482 praesentium

2160 1494 2648 1552 inobedientiam.
2679 1498 2881 1552 Utrum
2909 1498 3069 1553 enim
3094 1515 3222 1555 esse
3242 1498 3656 1558 inobedientes
3690 1518 3814 1557 non

2160 1584 2613 1655 convincuntur,
2647 1603 2782 1641 cum
2804 1587 2986 1643 Thare
3020 1589 3269 1643 consilio
3304 1589 3410 1645 ﬁlii
3443 1608 3563 1647 non
3587 1597 3817 1647 contra.

2165 1673 2399 1742 dixerit,
2434 1674 2547 1746 ipsi
2573 1691 2708 1731 vero
2739 1680 2874 1747 post
2902 1676 3235 1734 divinorum
3281 1679 3584 1751 signorum
3633 1698 3815 1754 expe-

397 1771 664 1828 rientiam
695 1784 823 1824 non
855 1766 1052 1822 solum
1082 1763 1399 1833 increduli,
1439 1779 1648 1820 verum
1679 1763 1858 1819 etiam
1888 1779 2010 1835 prta
2059 1762 2281 1819 invidia
2311 1763 2385 1819 ad
2439 1763 2663 1820 caadem
2717 1765 3018 1822 hostiliter
3069 1783 3170 1823 eos
3231 1770 3630 1842 aggrediendo
3679 1789 3816 1844 per-

403 1862 682 1928 severent,
715 1856 822 1928 qul
849 1854 923 1910 ob
953 1854 1158 1910 divina
1187 1853 1356 1920 signa
1385 1852 1710 1926 gloriﬁcari
1739 1857 2046 1908 merentur
2072 1852 2099 1908 '?

472 1973 499 1999 α
530 1945 624 2001 Καὶ
677 1941 1052 2019 ἐπηγγείλατο
1109 1941 1258 2014 αύτῷ
1311 1939 1495 1996 δοῦναι
1556 1940 1631 2002 εἷς
1716 1941 2048 2017 κατάσχεσιν

2238 1965 2258 1993 ι
2285 1945 2403 2011 νΙΙ,
2431 1946 2564 1998 5-18
2601 1947 3205 2018 Etpromisitillieam
3234 1966 3297 2005 se
3319 1949 3596 2008 daturum
3625 1955 3818 2025 possi-

388 2037 638 2104 «αὐτὴν,
687 2033 779 2089 καὶ
839 2030 920 2105 τῷ
978 2029 1248 2106 σπέρματι
1303 2028 1471 2085 αὐτοῦ
1525 2032 1642 2102 μετ’
1699 2031 1886 2100 αὐτὸν,
1949 2031 2052 2086 οὐκ

385 2151 418 2180 α
451 2124 610 2187 ὄντος
643 2123 790 2194 αύτῷ
818 2123 1027 2178 τέκνου.
1063 2118 1338 2190 Ἐλάλησε
1369 2117 1428 2174 δὲ
1477 2119 1650 2182 οὕτως
1694 2119 1722 2174 ὁ
1777 2120 1932 2189 Θεὸς,
1965 2119 2052 2175 ὅτι

385 2241 416 2270 α
446 2214 603 2272 ἔσται
629 2214 695 2269 τὸ
726 2212 944 2288 σπέρμα
989 2210 1159 2266 αὐτοῦ
1216 2209 1477 2284 πάροικον
1529 2208 1583 2264 ἐν
1631 2211 1702 2284 γῇ
1757 2207 2050 2284 ἀλλοτρίᾳ,

385 2331 417 2359 κ
449 2304 546 2361 καὶ
586 2301 960 2359 δουλώσουσιν
990 2300 1146 2368 αὐτὸ,
1184 2299 1274 2353 καὶ
1331 2296 1672 2353 κακώσουσιν
1721 2292 1815 2368 ἔτη
1863 2318 2050 2373 τετρα-

386 2421 416 2448 κ
448 2393 640 2450 κόσια.
668 2391 773 2448 Καὶ
801 2391 865 2445 τὸ
894 2387 1044 2454 ἔθνος
1074 2388 1121 2462 ᾦ
1152 2388 1240 2443 ἐὰν
1276 2384 1643 2458 δουλεύσωσι,
1692 2391 1866 2462 κρινῶ
1921 2385 2050 2462 ἐγὼ,

389 2508 419 2534 ι.
450 2482 610 2537 εἶπεν
643 2479 673 2534 ὁ
705 2477 858 2540 Θεός.
899 2476 1007 2533 Καὶ
1043 2476 1178 2549 μετὰ
1203 2479 1372 2531 ταῦτα
1401 2473 1769 2545 ἐξελεύσονται
1809 2475 1898 2530 καὶ
1955 2472 2054 2530 λα-

389 2595 419 2626 α
451 2567 750 2646 τρεύσουσί
785 2587 877 2640 μοι
911 2565 962 2620 ἐν
991 2569 1075 2638 τῷ
1103 2563 1259 2638 τόπῳ
1286 2565 1485 2636 τούτῳ.
1523 2563 1621 2618 Καὶ
1679 2559 1880 2619 ἔδωκεν
1911 2562 2056 2635 αὖτῷ

391 2685 420 2713 ιι
459 2657 740 2729 διαθήκην
825 2660 1152 2730 περιτομῆς.
1235 2653 1332 2708 Καὶ
1421 2650 1596 2718 οὕτως
1675 2652 1916 2727 ἐγέννησε
1965 2652 2058 2707 τὸν

391 2772 421 2802 α
457 2749 671 2818 Ἰσαὰκ,
701 2747 794 2803 καὶ
822 2745 1141 2820 περιέτεμεν
1170 2741 1332 2798 αὐτὸν
1391 2741 1461 2816 τῇ
1510 2741 1693 2817 ἡμέρᾳ
1735 2746 1804 2816 τῇ
1860 2738 2056 2817 ὀγδόῃ,

385 2865 415 2895 κ
452 2840 549 2896 καὶ
583 2840 616 2894 ὁ
647 2837 833 2893 Ἰσαάκ
860 2835 951 2892 τὸν
1015 2828 1236 2904 Ἰακὼϐ,
1295 2833 1384 2888 καὶ
1443 2833 1472 2887 ὁ
1531 2827 1723 2888 Ἰακὼϐ
1780 2832 1906 2894 τοὺς
1940 2829 2057 2887 δώ-

389 2954 422 2983 α
457 2927 592 2985 δεκα
623 2927 991 3003 πατριάρχας.
1047 2924 1148 2981 Καὶ
1206 2923 1258 2977 οἱ
1308 2922 1648 2998 πατριάρχαι
1709 2920 2057 2992 ζηλώσαντες

388 3044 418 3072 α
445 3020 542 3076 τὸν
578 3019 812 3093 Ἰωσὴφ,
846 3012 1112 3070 ἀπέδοντο
1145 3012 1222 3075 εἷς
1272 3011 1569 3088 Αἴγυπτον.
1623 3012 1719 3067 Καὶ
1769 3013 1836 3081 ἦν
1871 3013 1899 3067 ὁ
1931 3013 2060 3074 θεὸς

387 3136 416 3163 α
454 3110 576 3184 μετ’
611 3108 801 3176 αὐτοῦ,
833 3104 924 3160 καὶ
956 3102 1192 3175 ἐξείλετο
1224 3103 1388 3158 αὐτὸν
1434 3101 1496 3158 ἐκ
1541 3107 1725 3158 πασῶν
1775 3107 1884 3157 τῶν
1938 3099 2058 3166 θλί-

389 3223 416 3256 ι
447 3203 603 3274 ψεων
635 3196 825 3252 αὐτοῦ.
872 3194 974 3251 Καὶ
1031 3188 1231 3248 ἔδωκεν
1294 3191 1444 3265 αὐτῷ
1500 3192 1664 3269 χάριν
1715 3191 1808 3247 καὶ
1863 3192 2055 3266 σοφίαν

2159 2053 2188 2082 ‹‹
2213 2031 2493 2100 dendam,
2526 2035 2810 2090 etsemini
2838 2039 2964 2107 ejus
3005 2040 3523 2110 postipsum,cum
3558 2059 3676 2097 non
3711 2043 3818 2098 ha-

2163 2143 2190 2172 ‹‹
2213 2122 2869 2180 beretﬁlium.Locutus
2892 2132 2980 2181 est
3001 2132 3198 2182 autem
3234 2129 3318 2183 ita
3349 2130 3504 2184 Deus
3537 2131 3696 2201 quod
3729 2131 3819 2186 fu-

2162 2217 2413 2266 «turum
2433 2217 2590 2267 esset
2605 2229 2809 2268 semen
2829 2215 2957 2286 ejus
2973 2215 3336 2286 inquilinum
3352 2219 3412 2272 in
3430 2224 3584 2274 terra
3598 2221 3818 2289 aliena,

2162 2325 2187 2351 α
2211 2307 2271 2357 et
2287 2303 2558 2357 servituti
2582 2303 2777 2375 ipsum
2811 2305 3136 2376 subjecturi
3160 2313 3362 2363 essent
3389 2309 3665 2381 maleque
3699 2317 3820 2367 tra-

2163 2415 2192 2444 ‹‹
2217 2394 2428 2448 ctaturi
2455 2394 2628 2449 annis
2653 2395 3205 2469 quadringentis.Et
3225 2403 3460 2471 gentem
3487 2399 3824 2473 cuicunque

2165 2506 2192 2538 α
2215 2482 2530 2538 servierint
2571 2483 2857 2555 judicabo
2889 2501 3018 2559 ego,
3052 2486 3198 2542 dicit
3229 2489 3405 2543 Deus.
3441 2491 3507 2544 Et
3540 2497 3674 2562 post
3703 2491 3831 2547 haec

2165 2594 2192 2622 «
2217 2571 2466 2628 exibunt
2506 2577 2564 2627 et
2589 2574 2846 2630 servient
2869 2575 3023 2630 mihi
3052 2576 3113 2631 in
3144 2576 3275 2632 loco
3310 2577 3446 2634 isto.
3484 2580 3549 2634 Et
3580 2579 3743 2635 dedit
3777 2582 3830 2637 ei

2164 2683 2193 2712 «
2229 2666 2656 2718 testamentum
2683 2664 3178 2722 circumcisionis.
3233 2668 3425 2739 Atque
3476 2667 3574 2725 hic
3626 2671 3834 2742 genuit

2165 2771 2195 2800 ‹‹
2223 2752 2410 2817 Isaac,
2433 2757 2492 2806 et
2511 2752 2888 2808 circumcidit
2911 2771 3047 2810 eum
3073 2760 3274 2812 octavo
3299 2755 3414 2826 die,
3451 2763 3508 2813 et
3540 2758 3701 2815 Isaac
3731 2761 3827 2816 Ja-

2167 2861 2196 2887 «
2229 2839 2359 2906 cob,
2395 2846 2454 2895 et
2481 2841 2660 2897 Jacob
2692 2841 3004 2900 duodecim
3039 2846 3431 2916 patriarchas.
3465 2849 3535 2902 Et
3567 2850 3827 2920 patriar-

2169 2951 2196 2979 «
2229 2928 2356 2984 chaa
2416 2930 2638 2986 invidia
2693 2934 2926 2988 accensi
3011 2935 3229 3006 Joseph
3309 2936 3709 2994 vendiderunt
3764 2940 3827 2994 in

2168 3039 2196 3067 «
2235 3019 2544 3091 [Egyptum
2571 3037 2582 3073 :
2618 3026 2675 3076 et
2705 3028 2834 3076 erat
2865 3023 3021 3077 Deus
3053 3040 3186 3078 cum
3224 3041 3314 3090 eo,
3354 3031 3412 3079 et
3442 3028 3661 3098 eripuit
3690 3045 3826 3083 eum

2168 3126 2200 3159 α
2223 3123 2292 3162 ex
2319 3107 2596 3163 omnibus
2622 3109 3055 3166 afﬂictionibus
3087 3111 3295 3183 ipsius.
3328 3119 3388 3168 et
3417 3114 3580 3170 dedit
3611 3116 3661 3170 ei
3693 3133 3826 3188 gra-

2171 3217 2198 3248 α
2226 3197 2368 3251 tiam
2393 3204 2452 3252 et
2476 3198 2833 3270 sapientiam
2865 3217 3063 3255 coram
3088 3201 3398 3258 Pharaone
3423 3219 3559 3276 rege
3576 3205 3826 3278 Egypti.

386 3313 412 3343 α
446 3286 696 3344 ἐναντίον
727 3283 931 3361 Φαραὼ
965 3281 1235 3359 βασιλέως
1263 3279 1571 3357 Αἰγύπτου,
1595 3281 1698 3339 Καὶ
1722 3283 2050 3352 κατέστησεν

493 3377 508 3389 .
559 3379 573 3389 .
668 3377 683 3389 .
789 3375 802 3389 ,
1012 3372 1027 3389 ς
1082 3375 1094 3389 .
1143 3369 1202 3389 ...
1529 3370 1543 3389 ι
1583 3369 1633 3389 ,ις
1797 3371 1811 3388 ς
1932 3373 1955 3389 ν

2171 3307 2201 3337 ‹‹
2232 3287 2670 3359 Constituitque
2705 3304 2841 3344 eum
2895 3290 3240 3361 praefectum
3290 3309 3472 3364 super
3516 3295 3827 3366 Egyptum

387 3404 416 3432 ει
450 3377 617 3433 αὐτὸν
659 3375 975 3450 ἡγούμενον
1009 3372 1094 3428 ἐπ’
1126 3369 1424 3449 Αἴγυπτον,
1455 3370 1545 3427 καὶ
1577 3369 1710 3427 ὅλον
1757 3371 1850 3427 τὸν
1899 3373 2049 3427 οἷκον

2170 3401 2193 3426 (ι
2217 3392 2285 3432 ac
2314 3382 2498 3432 totam
2536 3377 2781 3434 domum
2815 3395 3005 3435 suam.
3041 3381 3214 3436 Venit
3253 3387 3451 3437 autem
3512 3382 3702 3439 fames
3733 3400 3829 3439 su-

383 3495 414 3523 α
439 3468 642 3524 αὐτοῦ.
676 3464 853 3522 Ἦλθε
879 3461 939 3518 δὲ
969 3461 1136 3536 λιμὸς
1167 3461 1248 3540 ἐφ’
1280 3463 1419 3532 ὅλην
1458 3461 1560 3530 τήν
1616 3467 1720 3536 γῆν
1769 3461 2054 3538 Αἰγύπτου

2169 3487 2192 3516 ιι
2219 3482 2326 3536 per
2356 3466 2696 3523 universam
2729 3473 2949 3524 terram
2985 3470 3209 3542 Egypti
3245 3475 3303 3526 et
3349 3471 3660 3544 Chanaan,
3698 3489 3830 3528 ma-

381 3585 412 3612 ι
445 3557 540 3613 καὶ
573 3556 813 3627 Χαναὰν,
857 3553 949 3609 καὶ
990 3551 1179 3627 θλίψις
1216 3548 1450 3626 μεγάλη,
1497 3551 1589 3606 καὶ
1648 3549 1756 3627 οὐχ
1806 3549 2053 3625 εὕρισκον

400 3673 431 3702 α
465 3647 824 3724 χορτάσματα
854 3645 907 3699 οἱ
938 3643 1168 3718 πατέρες
1197 3644 1380 3715 ἡμῶν.
1435 3641 1697 3707 Ἀκούσας
1754 3637 1811 3696 δὲ
1858 3637 2056 3698 Ἰακὼϐ

407 3733 733 3790 ι’όντασῖτα
775 3733 829 3790 ἐν
889 3732 1178 3808 Αἰγύπτῳ,
1237 3728 1581 3802 ἐξαπέστειλε
1636 3729 1766 3792 τοὺς
1823 3730 2056 3806 πατέρας

418 3850 450 3877 ε
482 3827 642 3897 ἡμῶν
671 3831 898 3902 πρῶτον.
936 3821 1038 3881 Καὶ
1072 3822 1124 3877 ἐν
1151 3826 1232 3896 τῷ
1262 3819 1496 3897 δευτέρῳ
1529 3822 1901 3897 ἀνεγνωρίσθη
1938 3823 2054 3877 Ἰω-

423 3939 454 3970 σ
482 3917 592 3993 σὴρ
617 3920 724 3977 τοῖς
755 3913 1018 3989 ἀδελφοῖς
1053 3913 1240 3968 αὐτοῦ.
1275 3911 1378 3969 Καὶ
1433 3913 1661 3991 φανερὸν
1714 3909 1926 3990 ἐγένετο
1980 3915 2060 3983 τῷ

407 4029 439 4058 ur
469 4009 675 4080 Φαραῷ
701 4005 765 4059 τὸ
794 4003 952 4078 γένος
981 4007 1078 4058 τοῦ
1112 4003 1336 4080 Ἰωσήφ.
1371 4001 1732 4073 ’νποστείλας
1766 3999 1822 4056 ὃὶ
1872 4002 2058 4078 Ιωσὴφ

405 4118 430 4147 ι
470 4095 874 4169 μετακαλέσατο
904 4093 998 4148 τὸν
1030 4090 1238 4168 πατέρα
1262 4091 1432 4146 αύτοῦ
1480 4085 1700 4160 Ἰακὼϐ,
1749 4091 1838 4146 καὶ
1889 4097 2062 4147 πᾶσαν

400 4211 434 4240 α
468 4187 569 4254 τήν
633 4182 944 4260 συγγένειαν
1003 4183 1054 4238 ἐν
1135 4185 1340 4258 ψυχαῖς
1426 4176 1809 4256 ἐϐδομήκοντα
1879 4183 2057 4238 πέντε.

393 4301 425 4330 σι
459 4268 685 4344 Κατέϐη
719 4271 776 4329 δὲ
829 4267 1023 4332 Ἰακὼϐ
1081 4271 1157 4333 εἷς
1213 4269 1516 4347 Αἴγυπτον,
1569 4271 1659 4326 καὶ
1717 4270 2064 4344 ἐτελεύτησεν

399 4393 428 4418 ιι
462 4365 630 4428 αὐτὸς
654 4363 746 4418 καὶ
780 4364 832 4418 οἱ
887 4361 1116 4438 πατέρες
1171 4364 1355 4435 ἡμῶν,
1413 4362 1504 4416 καὶ
1570 4360 1926 4434 μετετέθησαν
1987 4361 2064 4424 εἷς

401 4479 432 4506 ς(
469 4454 807 4531 Συχὲμ,καὶ
842 4452 1101 4524 ἐτέθησαν
1150 4449 1202 4506 ἐν
1247 4456 1330 4525 τῷ
1390 4452 1660 4525 μνήματι,
1722 4451 1752 4504 δ
1809 4451 2062 4523 ὠνήσατο

401 4571 426 4599 ι
461 4539 727 4618 Ἀϐραάμ
753 4549 922 4616 τιμῆς
959 4541 1220 4619 ἀργυρίου
1278 4540 1424 4616 παρά
1482 4545 1594 4596 τῶν
1652 4541 1784 4594 υἱῶν
1845 4542 2062 4617 Ἐμμὸρ

400 4663 430 4692 κ
463 4639 567 4692 τοῦ
601 4632 816 4711 Συχέμ.
850 4633 1038 4698 Καθὼς
1091 4631 1148 4688 δί
1198 4629 1422 4708 ἤγγιζεν
1453 4633 1482 4688 ὁ
1513 4632 1712 4708 χρόνος
1753 4638 1856 4702 τῆς
1905 4630 2066 4707 ἐπαγ-

403 4752 435 4781 α
468 4703 780 4803 γελίαςξῖῆς
811 4721 1024 4798 ὤμοσεν
1059 4724 1088 4778 ὁ
1137 4703 1266 4785 Θεὸς
1290 4703 1399 4794 -τῷ
1449 4703 1724 4797 Ἀϐραὰμ,
1776 4703 2068 4794 ηὕξησενύ
2102 4703 2146 4768 D

407 4842 437 4869 ιι
475 4816 612 4876 λαὸς
643 4815 734 4871 καὶ
765 4813 1082 4884 ἐπληθύνθη
1115 4811 1168 4867 ἐν
1199 4810 1484 4886 Αἰγύπτῳ,
1541 4807 1708 4886 ἄχρις
1759 4812 1821 4867 οὗ
1873 4810 2065 4883 ἀνέστη

407 4933 438 4959 α
479 4904 742 4983 βασιλεὺς
771 4901 977 4980 ἕτερος,
1007 4901 1066 4966 ὅς
1098 4903 1199 4958 οὐκ
1226 4899 1348 4977 ᾔδει
1374 4902 1466 4957 τὸν
1500 4903 1726 4980 Ἰωσήφ.
1760 4925 1788 4955 ›ι

483 4997 578 5053 Ἐκ
607 4993 840 5051 πολλῶν
873 4990 962 5049 8ιά
990 4999 1090 5062 τῆς
1121 4986 1492 5066 προκειμένης
1523 4988 1868 5066 δημηγορίας
1902 4991 1929 5047 ὁ
1964 5013 2069 5064 μα-

403 5085 597 5161 κάριος
659 5086 940 5163 Στέφανος
997 5081 1293 5158 ἀπελέγχει
1350 5080 1442 5136 καὶ
1496 5082 1595 5151 τὴν
1682 5081 1874 5137 ἑαυτοῦ
1931 5083 2066 5157 πρὸς

401 5173 855 5239 τοὺςνῐουδαίους
889 5171 1192 5244 εὐμένειαν,
1225 5170 1315 5226 καὶ
1364 5170 1464 5239 τήν
1516 5167 1736 5224 ἐκείνων
1786 5172 1924 5247 πρὸς
1967 5172 2069 5227 αὖ-

404 5267 498 5322 τὸν
527 5268 856 5344 ἀγριότητα.
881 5264 958 5320 Τὸ
989 5261 1091 5337 γάρ
1119 5261 1195 5321 ὡς
1244 5261 1380 5336 πρὸς
1438 5257 1706 5337 ἀδελφοὺς
1766 5262 1854 5316 καὶ
1905 5261 2070 5317 πατέ-

402 5379 498 5434 ρας
526 5359 843 5416 ἀποτείνειν
871 5353 972 5409 τὸν
1005 5350 1190 5424 λόγον,
1229 5351 1282 5406 τί
1317 5351 1376 5405 ἄν
1411 5346 1554 5405 ἄλλο
1578 5351 1668 5404 διὰ
1697 5351 1904 5406 τούτων
1960 5356 2069 5406 τῶν

396 5445 676 5523 ὀνομάτων
711 5443 1032 5507 δείκνυται,
1064 5437 1099 5504 ἢ
1129 5436 1192 5491 τὸ
1221 5436 1338 5490 κατ’
1385 5436 1556 5508 ἀξίαν,
1606 5437 1706 5506 τῆς
1755 5435 2066 5515 συγγενείας

383 5542 517 5622 πρὸς
563 5537 780 5609 αὐτοὺς
848 5525 1154 5609 φέρεσθαις
1210 5524 1336 5622 τοές
1369 5523 1694 5622 ’Ἰουδαίους
1755 5525 1833 5622 δέ
1869 5527 2064 5605 μικρὸν

369 5611 549 5712 τέύτφ
582 5623 1090 5711 προσανέχοντας,
1118 5619 1233 5677 τοῖς
1266 5612 1324 5670 δὶ
1365 5611 1439 5670 δι’
1484 5614 1652 5671 αὑτοῦ
1700 5615 1913 5692 μᾶλλον
1965 5638 2063 5688 ση-

2168 3578 2196 3606 ‹‹
2236 3572 2472 3628 gnaque
2504 3556 2771 3624 afﬂictio,
2805 3574 2916 3612 nec
2975 3558 3365 3614 inveniebant
3412 3561 3576 3616 cibos
3635 3567 3833 3634 patres

2165 3664 2196 3698 ιι
2227 3646 2435 3700 nostri.
2478 3645 2746 3702 Audiens
2778 3652 2979 3702 autem
3013 3648 3190 3704 Jacob
3231 3651 3389 3720 quod
3416 3650 3715 3707 frumenta
3745 3669 3834 3707 es-

2165 3755 2194 3785 ιι
2230 3740 2368 3788 eent
2396 3735 2458 3789 in
2490 3736 2734 3808 Egypto
2779 3735 2946 3790 misit
3002 3743 3204 3808 patres
3251 3744 3488 3795 nostros
3547 3741 3831 3812 primum,

2169 3845 2191 3872 1
2228 3840 2484 3894 cumque
2514 3823 2778 3878 secundo
2830 3825 2996 3879 missi
3033 3832 3251 3891 essent,
3285 3829 3519 3900 agnitus
3550 3830 3829 3885 estafra--

2169 3933 2199 3964 «
2231 3911 2419 3967 tribus
2452 3913 2596 3981 suis,
2632 3919 2690 3968 et
2721 3914 2986 3968 innotuit
3017 3914 3310 3970 Pharaoni
3342 3934 3529 3990 genus
3583 3919 3825 3990 Joseph.

2173 4024 2195 4052 ι
2226 4002 2327 4057 62
2362 4001 2517 4056 Misit
2542 4007 2738 4056 autem
2768 4003 2984 4075 Ioseph
3017 4005 3370 4060 accersitum
3403 4013 3630 4078 patrem
3657 4024 3830 4064 suum

2170 4089 2430 4158 «Iacob,
2496 4106 2860 4163 omnemque
2926 4095 3342 4166 cognationem
3401 4097 3461 4150 in
3516 4097 3830 4153 animabus

2173 4202 2203 4232 α
2241 4181 2618 4253 septuaginta
2675 4181 2961 4253 quinque.
3019 4184 3088 4238 Et
3145 4184 3456 4241 descendit
3535 4187 3712 4243 Jacob
3765 4190 3828 4244 in

2186 4291 2208 4320 α
2244 4272 2576 4343 Egyptum,
2605 4277 2994 4344 mortuusque
3027 4279 3117 4328 est
3144 4274 3272 4346 ipse
3305 4282 3364 4330 et
3391 4281 3588 4348 patres
3614 4279 3826 4334 nostri.

2173 4382 2202 4412 α
2234 4365 2302 4415 Et
2333 4361 2605 4417 translati
2639 4371 2778 4418 sunt
2808 4363 2870 4417 in
2921 4364 3174 4433 Sichem,
3230 4367 3524 4439 posilique
3573 4376 3714 4424 sunt
3764 4370 3824 4425 in

2173 4472 2200 4500 «
2236 4449 2533 4521 sepulcro,
2569 4451 2727 4522 quod
2761 4453 2902 4506 emit
2949 4452 3244 4510 Abraham
3301 4457 3490 4527 pretio
3531 4459 3758 4531 argenti
3794 4475 3829 4514 a

2173 4561 2201 4590 «
2229 4539 2369 4594 filiis
2393 4541 2572 4595 Emor
2595 4540 2704 4595 filii
2728 4541 2982 4599 Sichem.
3007 4544 3151 4599 Cum
3175 4551 3373 4601 autem
3397 4547 3648 4603 instaret
3673 4555 3819 4604 tem-

2179 4652 2199 4676 ιι
2236 4645 2347 4700 pus
2365 4629 2802 4700 promissionis,
2830 4648 3010 4703 quam
3031 4635 3308 4705 promisit
3329 4636 3483 4692 Deus
3501 4637 3820 4707 Abraham,

2186 4740 2215 4769 «
2249 4719 2431 4773 crevit
2460 4718 2719 4790 populus
2750 4725 2809 4773 et
2836 4721 3268 4794 multiplicatus
3329 4731 3417 4780 est
3464 4726 3524 4779 in
3574 4728 3817 4799 Egypto

2182 4828 2210 4857 ‹‹
2239 4806 2428 4862 donec
2461 4812 2699 4862 exortus
2729 4813 2820 4862 est
2873 4809 3026 4865 alius
3075 4828 3198 4879 rex,
3260 4813 3360 4883 qui
3405 4830 3526 4870 non
3585 4820 3831 4870 noverat

2181 4919 2209 4946 «
2236 4896 2475 4967 Ioseph.
2512 4918 2540 4946 »

2250 4990 2316 5042 In
2347 4989 2628 5060 praesenti
2650 4989 2935 5045 concione
2979 4990 3188 5048 beatus
3237 4993 3570 5066 Stephanus
3619 4997 3826 5053 multis

2181 5078 2553 5134 demonstrat
2581 5083 2640 5133 et
2670 5095 2836 5135 suam
2870 5097 3006 5152 erga
3043 5080 3278 5139 Judaaos
3327 5084 3830 5145 benevolentiam.

2182 5173 2240 5223 et
2259 5167 2500 5223 illorum
2523 5183 2660 5240 erga
2681 5185 2744 5224 se
2767 5169 3152 5226 ferocitatem.
3183 5175 3324 5228 Nam
3353 5175 3515 5246 quod
3547 5182 3833 5248 tanquam

2181 5257 2255 5313 ad
2279 5257 2493 5312 fratres
2510 5273 2577 5312 ac
2599 5262 2797 5328 patres
2817 5259 3089 5316 intendat
3110 5278 3471 5332 sermonem,
3505 5266 3645 5336 quid
3670 5267 3835 5322 aliud

2181 5346 2274 5402 his
2306 5347 2533 5402 indicat
2556 5347 2902 5403 nominibus
2933 5367 3111 5421 quam
3146 5352 3303 5423 quod
3363 5355 3691 5411 secundum
3733 5373 3831 5411 co-

2180 5436 2480 5510 gnationis
2511 5437 2861 5509 dignitatem
2892 5439 2966 5494 ad
2998 5441 3134 5496 illos
3165 5442 3409 5511 feratur,
3461 5446 3645 5502 Judaei
3697 5462 3832 5502 vero

2181 5544 2392 5600 parum
2424 5527 2564 5582 huic
2594 5527 2831 5583 aﬂ'ectui
2864 5529 3154 5602 deferant,
3179 5533 3283 5587 sed
3308 5535 3506 5605 potius
3555 5535 3834 5592 adversus

2185 5618 2354 5690 signa
2381 5633 2489 5691 per
2513 5617 2711 5688 ipsum
2737 5617 2896 5675 facta
2925 5621 3248 5678 crudeliter
3276 5624 3473 5680 aﬂ‘ecti
3503 5624 3668 5680 sint?
3695 5624 3832 5678 Ideo
