4160 6432
384 363 404 422 ι
421 343 495 425 3's

1504 360 1912 425 (ECUMENII
1957 357 2270 422 TRICCIE
2313 360 2661 422 EPISCOPI

3685 365 3802 427 136

384 515 619 570 quoque
650 496 982 568 Stephanus
1013 493 1076 550 in
1100 494 1342 551 illorum
1368 495 1771 568 improbitate,
1805 512 1936 567 qua:
1960 511 2028 550 ex

2151 513 2330 566 μειοις
2390 472 2810 557 ὑποϐλεπτικῶς
2851 494 3330 571 προσκειμένους;
3389 493 3474 552 διὸ
3523 497 3615 554 καῖ
3671 497 3806 554 Στί-

384 590 602 644 infecto
628 587 825 642 animo
859 590 1004 652 erat,
1035 585 1283 640 liberius
1311 586 1686 659 coarguenda
1709 592 2028 658 occupatus

381 685 488 733 est.
525 678 591 730 Et
617 674 1098 746 promissionem,
1134 692 1264 746 quae
1297 676 1370 730 ad
1403 684 1599 747 patres
1631 676 1785 731 facta
1815 681 1924 742 est,
1953 674 2028 730 ob

377 784 550 838 quam
579 763 999 832 efferebantur,
1019 765 1282 819 ostendit
1309 771 1445 820 ante
1469 783 1602 820 cum
1636 765 1856 829 locum,
1890 770 2029 820 ante

375 854 914 920 circumcisionem,
948 859 1084 908 ante
1118 854 1429 920 sacriﬁcia,
1461 862 1597 910 ante
1626 854 1915 925 templum
1946 854 2031 909 fa-

377 951 530 1000 ctam
560 961 688 998 esse
717 961 728 997 :
763 950 821 998 et
852 961 1046 1014 neque
1080 944 1138 998 hi
1158 944 1676 1000 circumcisionem
1708 951 1810 999 aut
1839 945 2028 1016 legem

377 1038 731 1105 acceperant
757 1032 915 1104 quod
938 1032 1096 1103 digni
1120 1032 1504 1098 fuissent,sed
1529 1033 1714 1088 solius
1746 1033 2032 1088 obedien-

379 1123 475 1178 tiaa
509 1139 736 1177 merces
769 1127 895 1176 erat
925 1122 1049 1176 sola
1082 1127 1256 1177 terra.
1293 1124 1362 1176 Et
1392 1139 1585 1194 neque
1609 1122 1746 1177 data
1777 1122 2029 1178 circum-

380 1212 605 1269 cisione
638 1229 704 1266 co
718 1211 937 1283 mpleta
959 1219 1048 1266 est
1068 1212 1402 1282 promissio,
1434 1212 1592 1284 quod
1616 1213 1794 1268 etiam
1820 1212 1946 1268 haec
1968 1212 2031 1267 in

382 1303 570 1376 ﬁgura
592 1303 1023 1380 contingerent.
1054 1301 1379 1357 Considera
1405 1319 1560 1370 vero,
1596 1302 1752 1373 quod
1786 1303 1832 1357 si
1868 1308 2036 1374 pater

381 1393 566 1447 Thare
599 1408 720 1446 non
777 1390 888 1444 fuit
944 1391 1136 1445 socius
1177 1392 1675 1464 peregrinationis
1726 1408 1859 1447 cum
1910 1391 2033 1446 filio

384 1482 680 1537 Abraham
699 1497 766 1535 eo
791 1480 950 1551 quod
975 1480 1253 1552 indignus
1279 1487 1454 1545 esset,
1483 1483 1670 1536 multo
1696 1482 1880 1554 magis
1900 1481 2033 1549 ﬁlii,

388 1571 618 1626 etiamsi
652 1570 978 1642 plurimum
1010 1571 1114 1624 vim
1147 1570 1533 1626 confecerint.
1584 1571 1874 1626 Abraham
1925 1571 2034 1626 ita-

386 1678 498 1734 que
532 1661 678 1716 adeo
709 1661 820 1715 fuit
846 1661 1286 1732 obtemperans,
1323 1668 1388 1716 ut
1417 1668 1475 1717 et
1506 1663 1921 1735 cognationem
1981 1668 2040 1717 et

388 1753 638 1825 patriam
675 1753 800 1807 solo
832 1757 1028 1806 motus
1061 1753 1301 1808 oraculo
1325 1753 1635 1824 reliquerit
1663 1754 1830 1818 Quod
1861 1754 1909 1808 si
1941 1754 2037 1809 hic

2147 605 2314 658 φανος
2345 587 2415 656 τῇ
2448 581 2667 639 ἐκείνων
2701 585 2807 640 ἀπὸ
2867 589 3166 661 χρώματος
3222 588 3610 666 κακεντρεχείᾳ
3662 587 3808 663 παρ-

2141 670 2635 749 ῥησιαστικῶτερον
2681 669 3024 748 ἐπεμϐαίνων
3086 677 3469 747 κατείληπται.
3530 677 3633 734 Καὶ
3693 674 3806 732 δεί-

2137 782 2290 816 κνυσι
2329 764 2428 831 τήν
2456 763 2591 838 πρὸς
2619 765 2747 825 τοὺς
2779 761 3018 840 πατέρας
3047 764 3398 841 ἐπαγγελίαν,
3431 765 3515 843 ἐφ’
3542 765 3610 841 ᾖν
3667 768 3807 841 μέγα

2142 850 2422 930 ἐφρόνουν,
2455 854 2563 928 πρὸ
2593 858 2690 908 τοῦ
2720 853 2894 909 τόπου
2922 854 3250 929 γενομένην,
3281 857 3388 930 πρὸ
3431 863 3533 917 ταῖς
3581 876 3808 931 περιτο-

2150 948 2279 1012 μῆς,
2312 943 2542 1017 πρὸτῆς
2574 942 2782 1012 θυσίας,
2833 945 2940 1018 πρὸ
2997 949 3095 999 τοῦ
3147 943 3303 1002 ναοῦ.
3373 945 3478 1002 Καὶ
3539 944 3623 1000 ὅτι
3681 942 3810 1000 οὐδὲ

2140 1032 2257 1086 κατ’
2290 1032 2436 1102 ἀξίαν
2466 1033 2614 1088 οὗτοι
2641 1028 2838 1088 ἔλαϐον
2873 1032 2998 1089 οὐδὲ
3058 1036 3384 1110 περιτομὴν,
3435 1033 3560 1090 οὑδὲ
3608 1035 3807 1108 νόμον,

2143 1119 2290 1176 ἀλλά
2319 1129 2419 1190 τῆς
2465 1123 2710 1187 ὑπακοῆς
2755 1123 2923 1196 μόνης
2975 1126 3004 1179 ὁ
3062 1125 3255 1198 μισθὸς
3301 1125 3369 1194 ἦν
3419 1127 3454 1194 ἡ
3511 1131 3582 1200 γῆ
3637 1126 3804 1198 μόνη.

2143 1211 2246 1266 Καὶ
2282 1209 2409 1267 οὑδὲ
2457 1219 2763 1286 περιτομῆς
2819 1210 3065 1283 δοθείσης
3121 1217 3155 1284 ἡ
3209 1212 3513 1292 ἐπαγγελία
3561 1213 3814 1288 πληροῦ-

2141 1323 2252 1370 ται,
2286 1303 2375 1356 καὶ
2411 1302 2496 1358 δτι
2526 1303 2692 1357 τύποι
2744 1301 2879 1376 ᾔταν
2929 1308 3118 1360 ταῦτα.
3172 1304 3374 1360 Σκόπει
3425 1301 3482 1358 δὲ
3531 1304 3639 1372 ὃτι,
3695 1301 3745 1358 εἲ
3775 1303 3808 1358 ὁ

2145 1393 2329 1467 πατὴρ
2363 1392 2542 1468 Θάῤῥα
2573 1392 2673 1447 οὐκ
2705 1391 3032 1464 ἐκοινώνησε
3088 1398 3168 1466 τῷ
3229 1394 3332 1466 υἱῷ
3391 1388 3648 1469 Ἀϐραὰμ
3703 1399 3812 1464 τῆς

2148 1479 2463 1556 ἀποδημίας
2496 1483 2601 1539 ἀπὸ
2632 1487 2742 1538 τῶν
2775 1481 3094 1552 Χαλδαίων,
3128 1481 3218 1538 διὰ
3263 1484 3327 1540 τὸ
3377 1483 3592 1554 ἀνάξιος
3644 1485 3810 1552 εἶναι,

2145 1569 2346 1645 πολλῷ
2409 1571 2622 1644 μᾶλλον
2670 1573 2736 1628 τὰ
2789 1572 3005 1640 παιδία,
3062 1571 3159 1628 κᾶν
3217 1570 3444 1644 δόξωσιν
3503 1572 3590 1628 ἐπὶ
3658 1571 3812 1629 πολὺ

2146 1661 2432 1736 προελθεῖν
2464 1669 2562 1732 τῆς
2601 1659 2753 1720 ὀδοῦ.
2787 1657 3036 1737 ’Λϐραὰμ
3071 1663 3166 1736 μὲν
3202 1663 3295 1718 οὗν
3329 1663 3474 1718 οὕτω
3521 1663 3815 1734 πειθήνιος

2148 1751 2383 1829 ἐγένετο,
2416 1751 2491 1814 ὡς
2525 1751 2614 1806 καὶ
2644 1749 2796 1828 γένος
2826 1752 2918 1807 καὶ
2965 1749 3199 1828 πατρίδα
3249 1751 3356 1808 ἀπὸ
3404 1757 3816 1828 χρηματισμοῦ

384 1843 467 1898 ita
489 1860 549 1897 se
584 1841 809 1909 habuit,
835 1841 1132 1912 quomodo
1166 1843 1246 1911 hi,
1281 1843 1381 1912 qui
1414 1843 1475 1896 in
1516 1843 1794 1897 omnibus
1825 1843 2036 1898 inobe-

2151 1840 2317 1914 ψιλοῦ
2347 1839 2610 1896 ἐκλιπεῖν.
2663 1841 2727 1898 Εἰ
2783 1839 2839 1896 δὲ
2900 1841 3059 1906 οὗτος
3111 1842 3314 1910 οὕτως,
3368 1847 3486 1904 πῶς
3544 1841 3692 1898 οὗτοι
3751 1841 3812 1898 ἐν

382 1932 615 1987 dientes
647 1947 774 1986 esse
808 1930 1358 2002 deprehenduntur,
1393 1933 1450 1986 in
1489 1932 1642 1987 filios
1665 1932 1906 1988 Abrahaa
1938 1949 2034 1987 re-

384 2021 790 2092 putabuntur?
811 2023 1008 2091 Neque
1033 2021 1190 2075 enim
1215 2022 1344 2075 vitae
1367 2022 1777 2087 nativitas,sed
1800 2039 2037 2078 morum

383 2110 636 2165 imitatio
670 2111 1020 2164 filiationem
1054 2110 1372 2166 conciliat:
1397 2112 1678 2182 quoniam
1703 2112 1782 2166 ita
1799 2129 2038 2183 quoque

385 2201 671 2257 monstris
703 2200 859 2255 mala
889 2202 1127 2255 fortuna
1155 2201 1330 2261 natis,
1390 2200 1548 2271 quod
1608 2196 1939 2274 legitimum
1971 2217 2039 2256 ac

384 2289 655 2346 naturale
670 2289 1352 2360 estpossetattribui.63
1375 2290 1681 2345 llocmodo
1695 2307 2041 2362 quanquam

386 2379 668 2435 dictionis
701 2379 852 2433 serie
880 2395 999 2431 non
1027 2379 1327 2449 procedat,
1362 2396 1576 2452 magna
1599 2387 1794 2434 tamen
1826 2381 2039 2434 abbre-

386 2469 522 2523 viati
551 2468 873 2533 sermonis,
899 2467 1294 2539 intelligentia
1313 2468 1780 2540 progrediens,et
1799 2469 2040 2524 illorum

388 2557 827 2630 impudentiam
861 2557 933 2610 ad
973 2557 1189 2611 Christi
1239 2574 1425 2628 usque
1476 2559 1815 2628 passionem
1874 2576 2043 2614 coar-

388 2667 577 2724 guens
611 2666 820 2721 passus
854 2654 1102 2719 estquae
1161 2649 1481 2704 verisimile
1541 2656 1668 2704 erat
1724 2667 1859 2705 eum
1921 2651 2042 2722 pati

393 2747 689 2812 oportere,
721 2739 819 2809 qui
855 2737 1046 2792 malos
1077 2744 1366 2811 argueret.
1403 2741 1471 2792 Et
1518 2740 1792 2810 promisit
1841 2757 1903 2795 se
1955 2741 2042 2795 illi

394 2831 694 2886 daturum.
730 2856 753 2880 δ)
786 2829 888 2882 llic
915 2828 1197 2899 deinceps
1231 2828 1479 2884 Abrahaa
1539 2829 1806 2900 procedit
1855 2831 2045 2885 histo-

391 2921 504 2985 ria,
534 2936 665 2990 quaa
703 2924 822 2973 tota
864 2918 1216 2988 patriarcha}
1276 2923 1478 2973 narrat
1537 2919 1915 2974 tolerantiam
1968 2917 2042 2974 ad

391 3015 667 3063 eventum
702 3023 888 3078 usque
908 3007 1395 3078 promissionum.
1423 3007 1726 3078 Siquidem
1746 3007 2043 3064 Abraham

391 3101 641 3170 ejusque
671 3103 938 3169 nepotes,
973 3097 1070 3168 qui
1115 3097 1272 3152 circa
1329 3097 1556 3152 divinas
1613 3099 2042 3169 promissiones

388 3189 761 3262 longanimes
783 3188 1042 3250 fuerunt,
1068 3187 2043 3262 demonstratpercelebres,negli—

385 3284 590 3351 gentes
612 3295 746 3333 vero
781 3277 1007 3332 similes
1038 3278 1433 3349 praesentibus
1480 3283 1622 3333 tunc
1666 3279 2038 3335 auditoribus

388 3370 489 3441 qui
524 3375 581 3424 et
611 3369 722 3440 ipsi
763 3368 1003 3423 illorum
1047 3369 1416 3423 calamitates
1473 3369 1696 3439 absque
1750 3369 2037 3426 dilatione

389 3474 511 3514 una
541 3475 671 3513 cum
708 3457 792 3512 eis
851 3463 1268 3526 assequentur,
1325 3457 1640 3512 abstractis
1696 3457 1770 3513 ab
1830 3475 2038 3514 eorum

387 3545 664 3602 manibus
694 3545 868 3600 bonis
894 3563 1024 3616 qua;
1057 3545 1398 3616 sperabant.

458 3636 596 3700 Qum
631 3639 828 3689 tamen
858 3635 1060 3688 omnia
1087 3651 1264 3705 parva
1295 3639 1456 3703 sunt,
1490 3635 1536 3690 si
1583 3635 1657 3691 ad
1709 3641 2040 3693 extremum

384 3728 446 3782 in
467 3727 762 3782 Christum
779 3743 988 3782 ausum
1012 3731 1594 3782 commensurentur.
1634 3727 1770 3783 Ideo
1803 3745 2039 3799 quoque

383 3817 517 3871 duri
551 3816 774 3872 cervice
804 3823 858 3871 et
892 3816 1293 3871 incircumcisi
1328 3817 1505 3872 corde
1536 3833 1603 3873 ac
1655 3817 1900 3873 auribus
1950 3817 2038 3872 di-

385 3912 638 3963 cuntur:
673 3912 917 3978 propter
946 3923 1077 3977 quae
1131 3912 1188 3960 et
1248 3906 1670 3977 prophetarum
1724 3907 2040 3963 homicidas

387 4012 513 4052 esse
546 4001 972 4068 coarguuntur,
1009 3995 1126 4049 imo
1159 3995 1347 4065 ipsius
1375 3995 1554 4050 etiam
1588 3995 1825 4063 Christi,
1851 3996 1951 4066 qui
1985 4000 2043 4051 et

384 4086 695 4142 interitum
730 4091 788 4139 et
832 4085 1213 4139 novissimam
1267 4084 1411 4154 ipsis
1463 4084 1894 4155 dispersionem
1947 4103 2039 4141 re-

385 4175 627 4248 pendet.
660 4175 845 4228 Tanta
877 4173 1076 4242 itaque
1109 4177 1267 4242 sunt,
1321 4189 1452 4242 quas
1501 4173 1698 4228 videre
1749 4174 2044 4246 contingit

383 4265 446 4319 in
469 4264 580 4319 hoc
614 4262 950 4318 abbreviato
985 4277 1259 4316 sermone
1294 4261 1771 4332 prudentissimas
1803 4264 2043 4319 concio-

384 4353 479 4409 nis
519 4351 801 4424 Stephani
865 4350 1062 4405 divina
1119 4350 1351 4422 praediti
1409 4351 1722 4422 sapientia,
1784 4370 2038 4423 quorum

387 4443 566 4498 etiam
590 4442 762 4512 juxta
793 4446 1059 4494 nostram
1092 4439 1439 4495 tenuitatem
1473 4445 1774 4513 sumptum
1806 4441 2042 4498 intelle-

388 4538 546 4588 ctum
580 4531 866 4586 hactenus
889 4529 1292 4584 ordinavimus
1333 4531 1659 4586 secundum
1691 4531 2038 4602 qualitatem

391 4621 510 4676 dati
535 4620 706 4676 nobis
729 4619 1044 4689 sermonis,
1072 4620 1253 4674 tinem
1281 4636 1402 4675 una
1425 4637 1558 4676 cum
1583 4622 1876 4694 principio
1898 4640 2043 4679 con-

387 4713 729 4769 trahentes:
762 4713 820 4766 in
854 4712 982 4782 ipso
1017 4727 1315 4778 sermone,
1349 4727 1383 4766 a
1416 4727 1531 4782 quo
1565 4711 1720 4767 latex
1750 4712 1847 4769 hic
1891 4713 2042 4769 divi-

386 4803 547 4858 nitus
577 4803 910 4858 scaturiens
943 4801 1196 4868 efﬂuxit,
1230 4816 1339 4855 nos
1372 4800 1760 4858 oblectantes.
1785 4804 1914 4858 Jam
1941 4821 2043 4860 au-

387 4897 505 4945 tem
538 4892 682 4946 utile
717 4893 829 4946 erit
860 4908 965 4962 per
996 4897 1193 4962 partes
1240 4907 1310 4944 ea
1355 4907 1590 4961 quoque
1639 4892 2041 4963 interpretari,

377 4981 553 5053 juxta
583 4987 848 5036 nostram
883 4979 1364 5050 possibilitatem,
1399 4997 1530 5050 qua;
1567 4981 1855 5051 majorem
1886 4983 2047 5038 desi-

389 5070 600 5125 derant
631 5086 877 5124 moram.
913 5070 1038 5123 Non
1073 5069 1232 5124 enim
1263 5069 1485 5124 frustra
1513 5069 1585 5124 ad
1631 5071 2045 5128 concionantis

386 5159 830 5214 roborationem
863 5164 1169 5229 assumpta
1197 5164 1286 5212 est
1319 5157 1568 5213 Abrahaa
1601 5159 1850 5229 ejusque
1871 5160 2047 5216 dein-

393 5266 533 5320 ceps
560 5254 844 5318 nepotum
876 5248 1124 5302 historia
1153 5265 1165 5302 :
1199 5248 1303 5303 sed
1338 5253 1402 5302 ut
1432 5247 1801 5318 ostendatur,
1836 5256 1895 5305 et
1916 5268 2041 5308 ma-

381 5341 589 5411 jorum
623 5339 781 5394 circa
813 5337 867 5391 id
904 5338 1060 5408 quod
1093 5337 1359 5392 divinum
1393 5344 1484 5394 est
1526 5339 1718 5394 facilis
1763 5340 2044 5400 obedien-

393 5427 494 5490 tia,
527 5431 583 5480 et
617 5425 913 5479 minorum
947 5425 1019 5478 ob
1052 5425 1355 5496 improbos
1388 5442 1582 5482 mores
1617 5427 2040 5489 inobedientia.

389 5519 459 5572 Et
480 5516 740 5588 primum
763 5513 1004 5586 quidem
1028 5517 1365 5586 exemplum
1386 5532 1456 5570 ex
1487 5515 1785 5575 Abraham
1812 5523 2046 5591 profer-

391 5611 510 5673 tur,
539 5603 700 5678 quod
729 5620 851 5658 non
880 5609 1150 5676 oporteat
1177 5605 1512 5662 accelerare
1546 5623 1616 5663 ea
1668 5624 1800 5679 quae
1833 5610 2046 5670 divinis

390 5695 704 5766 promissis
727 5693 1098 5764 deferuntur,
1122 5695 1262 5767 quia
1279 5710 1474 5768 neque
1497 5694 1796 5758 Abraham
1826 5705 2048 5764 accele-

2149 1936 2308 1988 πᾶσιν
2368 1931 2609 1995 ἀπειθεῖς
2667 1926 3238 2005 καταλαμϐανόμενοι,
3324 1931 3401 1995 εἰς
3484 1933 3644 1988 τὲκνα
3705 1934 3813 1986 τοῦ

2146 2015 2406 2096 Ἀϐραὰμ
2436 2018 2861 2094 λογισθήσονται
2889 2040 2902 2089 ;
2941 2019 3003 2075 οὐ
3033 2021 3138 2097 γὰρ
3168 2023 3204 2091 ἡ
3239 2017 3468 2091 ζωώδης
3523 2020 3809 2091 σύστασις,

2150 2109 2278 2166 ἀλλ’
2309 2113 2343 2179 ἡ
2376 2115 2481 2164 τῶν
2524 2109 2741 2184 τρόπων
2802 2111 3042 2183 μίμησις
3097 2112 3197 2179 τήν
3251 2111 3479 2180 υἱότητα
3534 2111 3806 2185 προξενεῖ.

2150 2198 2300 2256 Ἐπεί
2332 2197 2479 2254 οὕτω
2509 2219 2568 2274 γε
2598 2198 2687 2254 καὶ
2719 2201 2902 2274 τέρασι
2935 2200 2998 2254 τὸ
3055 2202 3280 2275 γνήσιον
3339 2205 3455 2262 τοῖς
3515 2197 3806 2275 δυστυχῶς

2150 2288 2345 2364 φύσασι
2405 2289 2837 2364 προτδεμηῡείη.
2897 2289 3057 2346 Οὒτω
3113 2288 3210 2344 κᾶν
3288 2289 3332 2344 εἰ
3395 2291 3470 2362 μὴ
3530 2292 3598 2362 τῇ
3658 2286 3808 2361 λέξει

2149 2376 2454 2453 προελθὼν,
2485 2382 2556 2451 τῇ
2587 2381 2716 2453 γοῦν
2745 2382 2844 2433 τοῦ
2902 2378 3345 2453 συντετμημὲνου
3401 2377 3568 2453 λόγου
3626 2378 3815 2433 πολυ-

2149 2469 2269 2538 νοίᾳ
2308 2462 2537 2542 προϐὰς,
2593 2469 2682 2523 καὶ
2748 2469 2915 2544 μέχρι
2963 2472 3061 2524 τοῦ
3117 2469 3252 2524 κατά
3304 2469 3538 2543 Χριστὸν
3598 2469 3813 2531 πάθους

2148 2559 2248 2625 τήν
2279 2554 2544 2612 ἀναίδειαν
2579 2556 2902 2633 ἀπελέγξας,
2941 2555 3134 2622 ἔπαθεν
3196 2559 3300 2614 ὑπὸ
3356 2563 3464 2613 τῶν
3511 2557 3610 2613 ὅσα
3660 2556 3816 2619 εἰκὸς

2151 2645 2242 2700 τὸν
2311 2645 2615 2722 ἐλέγχοντα
2667 2647 2886 2716 κακοὺς,
2956 2654 3168 2711 παθεῖν.
3255 2649 3349 2702 Καὶ
3433 2644 3816 2721 ἐπηγγείλατο

2154 2733 2336 2791 δοῦναι
2369 2737 2533 2804 αὐτῶ.
2567 2737 2702 2793 Ἀπὸ
2734 2738 2946 2793 τούτων
2966 2735 3162 2792 λοιπὸν
3192 2740 3226 2806 ἡ
3259 2737 3395 2793 κατὰ
3424 2735 3519 2792 τὸν
3555 2731 3822 2812 Ἀϐρααμ

2151 2827 2368 2901 ἱστορία
2424 2827 2687 2899 πρόεισιν,
2741 2827 2864 2895 ἣτις
2945 2824 3124 2882 ἃπασα
3197 2828 3259 2881 τὸ
3347 2825 3813 2902 προσκαρτερικὸν

2152 2916 2240 2971 ἐπὶ
2281 2921 2399 2977 ταῖς
2439 2921 2546 2970 τῶν
2606 2914 2946 2991 ἐπαγγελιῶν
3004 2912 3250 2972 ἐκϐάσεσι
3309 2920 3405 2971 τοῦ
3457 2915 3815 2990 πατριάρχου

2153 3004 2448 3076 διεξιοῦσα,
2479 3007 2570 3062 τὸν
2608 3000 2860 3080 Ἀϐρααμ
2894 3007 2988 3079 μὲν
3019 3005 3111 3062 καὶ
3140 3005 3270 3068 τοὺς
3301 3007 3419 3061 κατ’
3459 3005 3642 3074 αὐτὸν,
3674 3003 3812 3066 τοὺς

2151 3096 2273 3171 περὶ
2334 3097 2429 3158 τὰς
2490 3096 2632 3157 Θείας
2693 3094 3015 3171 ἐπαγγελίας
3073 3095 3452 3172 καρτερικοὺς,
3515 3092 3812 3169 ἀοιδίμους

2152 3184 2462 3261 ἀποφαίνει,
2493 3186 2620 3248 τοὺς
2671 3183 2983 3260 ὀλιγώρους
3035 3182 3112 3256 δε,
3164 3184 3392 3258 ὁμοίους
3438 3189 3548 3240 τῶν
3599 3183 3813 3259 παρόν-

2074 3244 2116 3310 C
2149 3297 2258 3330 των
2284 3279 2586 3346 τηνικαῦτα
2641 3275 2941 3350 ἀκροατῶν,
3007 3273 3060 3330 οἳ
3111 3275 3202 3330 καὶ
3243 3274 3397 3330 αὐτοὶ
3455 3279 3566 3330 τῶν
3625 3273 3812 3330 αὐτῶν

2153 3364 2377 3427 ἐκείνοις
2438 3362 2849 3440 ἁκληρημάτων
2938 3365 3308 3441 ἀνυπερθέτως
3391 3363 3691 3437 τεύξονται,
3753 3362 3811 3434 ἐξ

2151 3453 2326 3510 αὐτῶν
2387 3459 2610 3530 χειρῶν,
2669 3459 2778 3509 τῶν
2862 3453 3240 3528 ἐλπιζομένων
3303 3454 3515 3516 αὐτοῖς.
3589 3453 3813 3528 {Suiona-

2155 3545 2350 3618 μένων.

2223 3635 2392 3709 Ἃπερ
2423 3633 2632 3690 ἃπαντα
2685 3635 2838 3708 ὅμως
2895 3635 3064 3711 μικρά
3119 3635 3615 3712 παραμετροῦμεια
3670 3633 3816 3708 πρὸς

2150 3723 2212 3778 τὸ
2243 3718 2474 3799 ἔσχατον
2504 3724 2640 3779 κατὰ
2671 3728 2905 3799 Χριστοῦ
2932 3725 3223 3798 τόλμημα.
3274 3725 3366 3780 Διὸ
3425 3725 3511 3779 καὶ
3564 3723 3816 3799 σκληρο-

2151 3812 2430 3889 τράχηλοι
2463 3813 2550 3869 καὶ
2585 3813 3055 3889 ἀπερίτμητοιτῇ
3106 3813 3323 3891 καρδίᾳ,
3382 3813 3471 3869 καὶ
3527 3818 3644 3876 τοῖς
3703 3813 3815 3868 ὼσὶ

2153 3899 2650 3980 παραϐεϐυσμὲνοι.
2685 3905 2764 3959 Δι’
2795 3907 2827 3958 ἅ
2855 3906 2942 3960 καὶ
2978 3910 3162 3980 φονεῖς
3203 3909 3500 3983 προφητῶν
3547 3904 3640 3959 τὸν
3687 3899 3820 3958 ὄλε-

2151 3999 2278 4072 θρον
2310 3997 2401 4052 καὶ
2431 3996 2887 4074 ἀπηλέγχθησαν,
2922 4000 3010 4054 καὶ
3044 3999 3211 4054 αὐτοῦ
3239 4002 3337 4054 τοῦ
3391 3999 3646 4072 Χριστοῦ.
3705 3999 3814 4061 ’Ός

2150 4089 2240 4144 καὶ
2265 4091 2364 4159 τήν
2399 4089 2634 4166 ἐσχάτην
2683 4090 2866 4153 αὐτοῖς
2918 4087 3204 4167 βραϐεύσει
3256 4090 3574 4168 διασποράν.
3609 4092 3675 4148 Ἀ
3710 4091 3813 4164 μὶν

2153 4176 2244 4233 οὖν
2281 4177 2680 4255 ἐνθεωρηθῆναι
2711 4179 2857 4246 εἰκὸς
2884 4185 2991 4235 τῶν
3025 4183 3161 4237 κατὰ
3217 4182 3309 4236 τὸν
3369 4179 3820 4254 συντετμημὲνον

2153 4265 2317 4344 λόγον
2348 4275 2448 4338 τῆς
2484 4269 2750 4350 θεοσόφου
2782 4272 3062 4350 Στεφάνου
3114 4278 3286 4349 σοφῆς
3335 4267 3680 4345 δημηγορίας
3732 4291 3824 4326 τε-

2153 4361 2625 4432 θησαυρισμένων,
2661 4358 2916 4416 τοσαῦτα’
2963 4361 3038 4415 ὧν
3083 4360 3173 4416 καὶ
3222 4361 3285 4415 τὸ
3333 4359 3600 4437 ἡμέτερον
3662 4360 3819 4415 εὖτε-

2151 4446 2243 4511 λὲς
2274 4448 2408 4503 κατὰ
2438 4449 2500 4505 τὸ
2529 4447 2827 4523 ἐνάμιλλον
2850 4455 2950 4519 τῆς
3008 4449 3320 4526 προσούσης
3362 4452 3498 4523 ἡμῖν
3549 4449 3817 4524 καθαριό-

2150 4560 2315 4610 τητος
2349 4535 2520 4596 λαϐὸν
2541 4541 2639 4610 τήν
2673 4541 2885 4595 σύνεσιν
2944 4538 3076 4615 τῇδε
3118 4539 3506 4614 κατετάξαμεν,
3557 4537 3812 4594 συνελόν-

2074 4621 2118 4686 Ῑ)
2148 4652 2236 4694 τες
2269 4633 2404 4708 πρὸς
2434 4636 2503 4707 τῇ
2536 4631 2687 4709 ἀρχῇ
2713 4633 2803 4688 καὶ
2828 4634 2891 4689 τὸ
2921 4633 3112 4709 πέρας,
3174 4633 3322 4706 αῦτῷ
3377 4654 3437 4689 τε
3485 4633 3656 4708 λόγῳ,
3719 4632 3819 4708 ἀφ’

2155 4721 2216 4778 οὗ
2275 4723 2365 4778 καὶ
2421 4725 2484 4778 τὸ
2544 4719 2872 4788 θεόϐλυστον
2932 4731 3094 4781 τοῦτο
3167 4723 3332 4801 ἐρρύη
3390 4729 3559 4799 νᾶμα,
3618 4723 3821 4781 ἐπανα-

2152 4813 2476 4877 παόσαντες.
2512 4813 2691 4872 Ἀλλά
2719 4817 2820 4892 γὰρ
2853 4816 3020 4891 σοφὸν
3063 4813 3172 4886 ἤδη
3222 4816 3313 4871 καὶ
3361 4821 3480 4878 τοῖς
3525 4814 3662 4870 κατά
3715 4814 3818 4886 μὲ-

2158 4925 2250 4979 ρος
2276 4905 2608 4982 χρήσασθαι,
2639 4905 2776 4960 κατὰ
2799 4905 2862 4961 τὸ
2921 4907 3056 4977 ἡμῖν
3113 4904 3328 4983 ἐφικτὸν
3381 4903 3816 4982 ἐμφιλοχωροῦ-

2155 5014 2259 5048 σιν.
2309 4993 2386 5050 Οὐ
2451 4994 2556 5071 γὰρ
2604 4995 2778 5068 μάτην
2835 4994 2912 5056 εἷς
2970 4993 3267 5072 ἐπίῤῥωσιν
3325 4995 3656 5073 παρελήφθη
3714 4998 3820 5049 τοῦ

2156 5081 2636 5159 δημηγοροῦντος,
2677 5087 2712 5153 ἡ
2743 5084 2876 5140 κατά
2929 5085 3022 5140 τὸν
3077 5079 3338 5160 Ἀϐραὰμ
3391 5083 3482 5140 καὶ
3538 5087 3645 5139 τῶν
3696 5084 3823 5149 καθ’

2155 5174 2278 5244 ἑξῆς
2313 5175 2596 5248 ἀπογόνων
2654 5173 2820 5229 αὐτοῦ
2877 5174 3120 5250 ἱσαορία,
3177 5173 3304 5230 ἀλλ’
3361 5174 3437 5237 ὡς
3493 5172 3554 5228 ἃν
3615 5171 3819 5248 δειχθῇ

2153 5264 2244 5320 καὶ
2278 5270 2385 5320 τῶν
2419 5265 2707 5340 προγόνων
2760 5267 2794 5335 ἡ
2857 5266 2981 5342 περὶ
3033 5267 3096 5321 τὸ
3155 5271 3311 5321 Θεῖον
3373 5264 3670 5336 εὐπείθεια,
3721 5264 3822 5320 καί

2157 5358 2264 5409 τῶν
2317 5354 2607 5428 ἀπογόνων
2667 5356 2701 5423 ἡ
2753 5353 2813 5409 ἐκ
2860 5360 3052 5410 σκαιοῦ
3105 5355 3311 5430 τρόπου
3366 5354 3634 5424 ἀπείθεια,
3708 5353 3825 5411 Καὶ

2158 5447 2376 5518 πρῶτον
2407 5444 2500 5516 μὲν
2537 5442 2842 5519 ὑπόδειγμα
2872 5443 2922 5514 ἐξ
2959 5441 3234 5519 Ἀϐρααμ,
3289 5446 3352 5502 τὸ
3414 5446 3491 5517 μή
3547 5443 3825 5519 ἐπιταχύ-

2157 5555 2266 5590 νειν
2320 5534 2387 5590 τὰ
2443 5539 2562 5596 ταῖς
2620 5534 2788 5599 θείαις
2845 5533 3194 5611 ἐμφερόμενα
3243 5534 3612 5613 ἐπαγγελίαις.
3685 5536 3822 5592 Ὀτι

2164 5620 2304 5698 μηδὲ
2363 5619 2614 5700 Ἀϐραὰμ
2667 5625 2768 5694 τὴν
2817 5623 2910 5681 ἀπ’
2967 5625 3245 5704 Λῖγόπτου
3326 5631 3436 5683 τῶν
3525 5625 3815 5702 ἀπογόνων

2161 5708 2365 5787 ἔξοδον,
2395 5714 2494 5782 τῆς
2525 5717 2774 5791 κατοχῆς
2827 5714 3001 5774 αὐτῶν
3048 5713 3139 5774 ἐπὶ
3185 5715 3507 5792 τετρακόσια
3551 5709 3646 5785 ἔτη
3700 5734 3818 5768 πα-
