4160 6454
343 367 452 429 131

1359 363 1761 426 COMMENT.
1812 362 1888 422 IN
1934 361 2133 422 ACTA
2178 364 2798 428 APUSTOLORUM.

3675 371 3800 429 138

351 502 652 576 ραταθῆναι
679 495 1017 569 δηλωθείση
1029 518 1079 568 ς,
1098 496 1190 552 καὶ
1209 495 1344 571 μετά
1367 494 1590 567 πολλῆς
1609 502 1708 566 τῆς
1739 494 2032 560 κακώσεως

2146 498 2260 554 rari
2294 499 2468 572 petiit
2495 508 2780 576 nepotum
2829 501 2901 557 ab
2958 503 3201 575 Egypto
3259 517 3602 576 egressum:
3658 520 3797 559 cum

358 593 451 648 καὶ
481 588 838 650 δουλώσεως.
880 586 1220 649 Δουλὼσεως
1252 583 1309 642 δὲ
1339 586 1402 643 ού
1436 593 1535 656 τῆς
1565 585 1870 661 τυχούσης,
1894 582 2042 641 ἀλλὰ

363 687 463 752 τῆς
493 679 856 738 ἀνυποίστου.
890 680 1016 736 Ὀτι
1052 676 1194 752 μηδὲ
1225 678 1299 739 ὡς
1334 675 1578 742 δούλοις,
1636 675 1766 732 ἀλλ’
1818 677 1893 738 ὡς
1945 675 2042 752 έχ-

360 775 518 848 θροῖς
552 769 829 845 ἐχρῶντο.
867 767 974 825 Καὶ
1007 767 1069 823 ου
1102 765 1281 837 δήπου
1315 763 1499 836 δέησις
1533 764 1582 836 ἐξ
1621 762 1875 840 Ἀϐραὰμ
1906 786 2039 819 συν-

357 861 584 935 τέμνειν
616 861 708 916 τὸν
744 859 972 933 χρόνον,
1008 855 1135 912 ἀλλ’
1170 857 1254 911 {in
1307 857 1476 929 μόνον
1539 857 1732 930 μικρὸν
1786 853 1861 917 εἰς
1914 855 2043 909 ἀνα-

354 953 550 1027 ψυχήν
586 952 622 1020 ἡ
658 948 972 1008 ἀντέκτισις
1023 948 1159 1018 πρὸς
1219 946 1348 1010 τοὺς
1403 950 1704 1005 κακοῦντας
1765 945 1815 1017 ἐξ
1873 944 2040 1000 αὐτοῦ

359 1042 564 1098 τοότου
591 1059 795 1115 κρινειν
837 1033 1314 1113 ἐπαγγειλαμένου
1369 1036 1498 1096 τοῦς
1557 1031 1857 1110 ἐχθρωδῶς
1913 1033 2042 1098 τοὺς

367 1127 530 1188 οὐδὲν
560 1127 901 1200 ἠδικηκότας
935 1126 1414 1201 ἐπανῃρημένους.
1461 1125 1536 1183 Τὸ
1583 1122 1641 1180 δὲ
1686 1123 1793 1179 ἀπὸ
1844 1123 2039 1194 Περσί-

362 1220 465 1284 δος
517 1220 598 1285 εἷς
655 1217 1030 1288 Παλαιστίνην
1091 1217 1187 1280 τὰς
1274 1214 1612 1294 ἐπαγγελίας
1695 1213 2038 1290 περαίνεσθαι

357 1309 709 1386 προσδοκᾷν,
741 1309 831 1363 καὶ
862 1305 988 1362 οὐδὲ
1022 1304 1114 1362 διὰ
1161 1308 1223 1362 τὸ
1267 1304 1613 1380 μακροδαπές
1673 1305 1748 1368 εἷς
1796 1305 1858 1360 τὸ
1906 1300 2036 1358 ἀδύ-

355 1423 526 1458 νατον
560 1404 848 1473 περιιστᾷν
888 1400 991 1469 τήν
1022 1396 1376 1475 ἐπαγγελίαν,
1427 1399 1491 1452 τὸ
1546 1402 1651 1452 πᾶν
1702 1396 2038 1470 ἀναθέμενον

363 1496 437 1566 τῇ
471 1496 574 1546 τοῦ
633 1486 1115 1566 ἐπαγγειλαμένου
1175 1485 1425 1561 δυνάμει,
1485 1486 1685 1558 πόσης,
1740 1493 1839 1556 τῆς
1900 1485 2036 1561 πρὸς

362 1582 498 1637 Θεὸν
537 1574 864 1652 σύμϐουλον
894 1579 1302 1648 πεποιθήσεως,
1334 1578 1471 1652 πρὸς
1515 1577 1737 1638 τούτοις
1782 1577 1809 1630 6
1866 1575 2037 1646 ζῆλος

362 1677 472 1727 τῶν
506 1667 763 1747 ἀδελφῶν
796 1669 938 1742 πρὸς
961 1668 1054 1724 τὸν
1117 1668 1344 1747 Ἰωσὴφ.
1402 1667 1494 1722 καὶ
1555 1665 1932 1742 ἀμνησικακία
1983 1666 2035 1720 ἐν

365 1760 450 1832 τῷ
483 1762 556 1832 μὴ
616 1755 1016 1814 ἀνταποδοῦναι
1075 1757 1268 1831 καίπερ
1331 1755 1648 1826 δυνηθέντα,
1709 1760 1819 1811 τῶν
1879 1776 2035 1810 κεκα-

368 1854 655 1921 mam»,
685 1847 820 1904 ἀλλ’
871 1849 1098 1924 ἀγαθοῖς
1157 1847 1606 1922 ἀνταμείψασθνι.
1662 1847 1808 1903 Μετὰ
1864 1849 2036 1901 ταῦτα

369 1939 611 2015 ’ἐλεγχος
638 1943 747 1994 τῶν
807 1937 1234 2015 ἀπροφασίστως
1289 1937 1426 1992 κατὰ
1484 1938 1721 2010 Χριστοῦ
1775 1936 1866 1992 καὶ
1918 1940 2028 1992 τῶν

375 2033 638 2103 μαθητῶν
667 2028 838 2084 αὐτοῦ
869 2024 1170 2090 λυσσωδῶς
1202 2028 1559 2100 κινουμένων.

2151 591 2530 649 manifestata
2560 599 2718 649 esset
2755 593 2808 649 ei
2842 592 3126 656 detentio,
3149 611 3280 666 quas
3311 593 3386 650 ad
3408 593 3781 668 quadringen

2153 685 2242 736 tos
2282 698 2472 737 annos
2504 683 2879 755 proroganda
2908 689 3055 749 erat,
3088 684 3268 755 idque
3299 701 3436 740 cum
3480 685 3670 739 multa
3724 683 3813 739 af-

2150 769 2417 826 ﬂictione
2449 779 2508 826 et
2565 772 2914 828 subactione
2966 773 3026 828 in
3060 775 3424 838 servitutem,
3460 772 3810 828 subactiono

2149 875 2283 914 vero
2301 877 2422 915 non
2437 861 2834 931 qualibet,sed
2850 861 3536 933 intolerabilisiquidem
3553 862 3672 916 illis
3687 877 3809 916 non

2149 957 2215 1005 ut
2244 951 2448 1020 servis,
2484 953 2584 1007 sed
2620 959 2684 1007 ut
2714 953 2978 1008 inimicis
3009 953 3357 1008 utebantur.
3389 955 3490 1008 64
3521 956 3590 1009 Et
3646 961 3806 1011 certe

2149 1040 2316 1094 nulla
2348 1043 2648 1112 profertur
2676 1041 2749 1096 ab
2781 1041 3081 1098 Abraham
3113 1043 3450 1114 deprecatio
3491 1043 3561 1097 de
3593 1044 3805 1099 abbre-

2146 1130 2359 1186 viando
2393 1137 2682 1202 tempore,
2713 1132 2818 1187 sed
2850 1132 3165 1204 paululum
3198 1131 3482 1204 quiddam
3516 1132 3806 1189 duntaxat

2147 1219 2222 1274 ad
2251 1219 2749 1277 refocillationem
2780 1223 3136 1294 praestitum,
3166 1239 3383 1294 nempe
3432 1222 3803 1294 respondens

2147 1308 2428 1366 adversus
2451 1311 2782 1384 afﬂigentes
2801 1313 2970 1380 ultio,
2995 1312 3067 1368 ab
3089 1329 3155 1367 eo
3183 1313 3286 1384 qui
3313 1329 3374 1368 se
3392 1312 3805 1384 judicaturum

2146 1401 2423 1471 promisit
2470 1401 2628 1470 illos,
2687 1403 2789 1474 qui
2846 1402 3147 1458 hostiliter
3204 1419 3305 1458 eos
3364 1401 3804 1468 interimerent,

2147 1489 2248 1560 qui
2279 1490 2431 1545 nihil
2452 1491 2690 1562 injurias
2714 1492 2828 1564 ipsi
2856 1492 3226 1548 intulissent.
3261 1492 3529 1547 Animari
3560 1507 3701 1548 vero
3732 1489 3808 1547 ad

2149 1581 2577 1652 exspectandas
2607 1598 2642 1638 a
2666 1581 2908 1638 Perside
2941 1584 3002 1638 in
3036 1583 3414 1639 Palaestinam
3446 1582 3806 1654 promissio-

2145 1685 2272 1736 nes,
2308 1677 2366 1726 et
2396 1689 2590 1743 neque
2623 1680 2868 1746 propter
2916 1673 3155 1746 longam
3205 1690 3435 1730 moram
3492 1690 3560 1729 ac
3603 1686 3806 1727 rerum

2146 1762 2622 1828 magnitudinem
2642 1763 2998 1836 detorquere
3015 1764 3477 1835 promissionem
3491 1763 3564 1819 ad
3580 1764 3805 1834 impos-

2145 1851 2518 1912 sibilitatem.
2553 1853 2694 1924 quia
2726 1861 2914 1909 totum
2948 1855 3011 1908 in
3056 1854 3462 1926 promittentis
3511 1857 3804 1924 potestate

2141 1943 2472 2013 reponitur,
2505 1949 2744 2014 quantm
2777 1950 2868 1999 est
2907 1960 3044 2017 erga
3088 1944 3274 1999 Deum
3334 1943 3436 2015 qui
3487 1943 3546 1998 id
3593 1941 3806 1999 suadet

2141 2030 2570 2086 conﬁdentiae?
2599 2033 2894 2088 Praeterea
2941 2032 3164 2088 invidia
3221 2032 3471 2088 fratrum
3517 2031 3801 2088 adversus

365 2121 592 2193 Ioseph
632 2121 878 2192 ponitur
909 2125 968 2174 et
1001 2118 1362 2191 injuriarum
1393 2118 1631 2179 oblivio,
1668 2119 1729 2172 in
1763 2135 1831 2173 eo
1864 2116 2043 2190 quod,
2078 2134 2211 2174 cum
2245 2127 2469 2192 posset,
2502 2137 2625 2176 non
2669 2121 2831 2177 ultus
2884 2123 2962 2177 sit
3013 2138 3114 2177 eos
3163 2121 3265 2193 qui
3326 2138 3388 2177 se
3439 2121 3800 2189 afﬂixerant,

363 2212 515 2282 quin
551 2210 750 2283 potius
779 2207 1076 2264 beneﬁcia
1134 2208 1427 2280 rependit.
1486 2210 1628 2263 Post
1674 2207 1803 2262 haec
1860 2206 2242 2281 subjungitur
2297 2226 2504 2265 eorum
2558 2211 2876 2282 correptio,
2936 2211 3038 2282 qui
3095 2215 3300 2282 aperte
3351 2227 3420 2267 ac
3475 2208 3798 2266 furibunde

355 2299 764 2357 movebantur
791 2297 1077 2355 adversus
1107 2298 1408 2354 Christum
1441 2297 1693 2370 ejusque
1725 2295 2065 2368 discipulos.

429 2413 460 2439 α
497 2387 678 2448 Οὗτος
709 2386 1219 2460 κατασοφισάμενος
1247 2385 1310 2441 τὸ
1340 2384 1497 2462 γένος
1548 2387 1736 2457 ἡμῶν,
1791 2383 2032 2438 ἐκάκωσε

355 2504 384 2531 α
415 2476 552 2543 τοὺς
587 2483 832 2552 πατέρας
874 2477 1061 2547 ἡμῶν,
1107 2478 1204 2530 τοῦ
1262 2480 1443 2531 ποιεῖν
1501 2470 1692 2539 ἔκθετα
1747 2475 1813 2529 τὰ
1855 2473 2030 2553 βρέφη

357 2592 385 2620 α
419 2566 632 2637 αῦτὼν,
669 2566 748 2630 εἷς
775 2566 839 2620 τὸ
875 2567 952 2639 μή
988 2567 1392 2641 ζωογονεῖσθαι.
1430 2589 1460 2617 ››

431 2654 988 2735 Κατασοφισάμενος,
1047 2653 1292 2710 τουτέστι
1350 2654 1685 2731 πανούργοις
1757 2653 2039 2725 ἐπινοίας,

362 2746 544 2803 αὐτῶν
606 2744 986 2820 περιγενέσθαι
1076 2744 1534 2820 βουλευσάμενος.
1593 2743 1873 2822 Σοφισμὸς
1929 2743 2032 2819 γάρ

363 2834 476 2892 ἐστι
513 2829 862 2909 βεϐιασμένη
895 2831 1177 2908 ἐξήγησις.
1213 2835 1290 2888 Δι’
1313 2833 1343 2888 6'
1374 2831 1482 2888 ὧδε
1507 2834 1542 2902 ἡ
1576 2829 1806 2909 ἔμφασις
1861 2829 2033 2907 λέγει,

357 2928 422 2982 τὸ
457 2923 661 3001 βιαίως
690 2922 882 2985 αύτοῖς
909 2919 1187 2984 ἐπιθέσθαι
1238 2919 1523 2991 δηλονότι·
1573 2921 1691 2976 ’ὀθεν
1735 2920 1824 2975 καὶ
1876 2941 2033 2984 σοφι-

363 3015 496 3076 στάς
523 3012 661 3076 τοὺς
691 3011 900 3087 γόητας
927 3010 1211 3080 καλοῦσιν,
1247 3012 1323 3074 ὡς
1353 3013 1416 3066 τὸ
1446 3010 1652 3081 ἀληθὲς
1696 3007 1766 3064 δι’
1819 3011 2031 3080 ἀπάτης

361 3107 448 3160 καὶ
483 3107 781 3182 σοφισμῶν
808 3102 1173 3177 κρύπτοντας.
1207 3102 1430 3178 Ἐφεξῆς
1461 3105 1568 3156 τῶν
1603 3100 1724 3172 περὶ
1759 3095 2038 3170 Ἀϐραὰμ-

363 3194 703 3271 εἶρημένων,
741 3191 802 3246 ἐκ
831 3194 1230 3266 χρηματισμοῦ
1277 3191 1377 3259 τήν
1435 3194 1545 3245 τῶν
1605 3189 1890 3263 ἀπογόνων
1938 3188 2037 3242 αῦ-

357 3290 454 3340 τοῦ
482 3285 590 3339 ὑπὸ
624 3281 946 3358 Αἰγυπτίων
981 3278 1151 3350 δηλοῖ
1197 3278 1602 3354 ταλαιπωρίαν.
1649 3282 1750 3340 Ἥς
1793 3277 1884 3332 καὶ
1941 3278 2035 3332 ἀν-

359 3371 666 3444 τισήκωσίς
697 3369 841 3426 ἐστιν
876 3368 1232 3445 ἀναψύχουσα
1290 3371 1318 3424 6
1372 3373 1480 3424 τῶν
1539 3367 1854 3442 Αἰγυπτίων
1910 3361 2032 3422 ὅλεο

2212 2386 2281 2458 ν,
2347 2391 2432 2443 19.
2491 2410 2520 2440 ‹‹
2580 2389 2684 2445 Hic
2741 2389 3216 2446 circumveniens
3271 2403 3458 2462 genus
3528 2394 3801 2445 nostrum

2144 2501 2172 2528 «
2207 2477 2420 2534 afﬂixit
2456 2486 2656 2552 patres
2689 2487 2947 2548 nostros,
3009 2487 3075 2536 ut
3120 2486 3488 2553 exponerent
3538 2479 3802 2539 infantes

2145 2587 2176 2621 ιι
2207 2585 2368 2634 suos,
2405 2586 2480 2625 ne
2512 2570 2573 2624 in
2603 2570 2722 2626 vita
2755 2576 3152 2627 servarentur.
3191 2593 3220 2620 »

2215 2656 2756 2732 Κατασονρισαμενος,
2788 2660 2846 2715 id
2881 2666 2969 2716 est
3017 2661 3512 2725 circumveniens,
3569 2659 3680 2715 hoc
3712 2664 3804 2716 est

2146 2745 2477 2804 decernens
2507 2767 2625 2820 quo
2658 2758 2829 2822 pacto
2857 2751 3110 2807 versutis
3144 2751 3377 2806 technis
3409 2751 3683 2821 superior
3714 2749 3800 2806 eis

2146 2837 2540 2893 sufﬁceretur.
2590 2841 2734 2894 Nam
2797 2839 3066 2917 σοφισμὸς
3125 2846 3330 2895 coacta
3386 2837 3798 2911 interpretatio

2145 2925 2382 2983 dicitur.
2418 2930 2665 3000 Propter
2694 2929 2853 3000 quod
2885 2930 2968 2985 ita
2999 2929 3407 3003 signiﬁcanter
3463 2928 3626 2996 dicit,
3674 2929 3798 2983 vio-

2145 3015 2340 3071 lenter
2367 3017 2644 3074 videlicet
2684 3019 2804 3074 illis
2862 3019 3170 3090 imponere
3228 3018 3452 3073 volens.
3520 3017 3682 3074 Unde
3742 3021 3802 3073 et

2146 3106 2404 3181 σοφιστὰς
2456 3113 2670 3163 vocant
2727 3107 3106 3178 impostores,
3193 3114 3397 3180 utpote
3486 3108 3797 3164 veritatem

2143 3195 2351 3250 fraude
2373 3213 2439 3251 ac
2463 3196 2597 3251 dolo
2617 3197 3006 3252 occultantes.
3044 3199 3185 3252 Post
3209 3213 3280 3252 ea
3327 3213 3460 3268 quas
3507 3196 3579 3251 de
3613 3195 3800 3250 Abra-

2146 3287 2284 3341 ham
2317 3285 2473 3341 dicta
2503 3293 2644 3340 sunt
2673 3303 2744 3341 ex
2767 3286 2966 3341 divino
2997 3302 3304 3358 responso.
3357 3285 3650 3356 signiﬂcat
3682 3300 3798 3341 ne-

2145 3383 2352 3447 potum
2379 3375 2566 3446 ipsius
2589 3392 2885 3430 wrumnas
2917 3374 2988 3430 ab
3021 3375 3303 3447 {Egyptiis
3335 3376 3612 3430 toleratas
3653 3391 3800 3446 qua-

362 3476 512 3539 θρος,
542 3463 606 3523 ’ὸς
640 3461 734 3516 ὑπ’
765 3459 931 3514 αὐτοῦ
962 3463 1057 3514 τοῦ
1090 3463 1225 3514 Θεοῦ
1277 3458 1464 3520 αὐτοῖς
1518 3457 1656 3513 κατά
1701 3457 1800 3525 τὴν
1861 3457 2028 3530 Ἐρυ-

2146 3481 2272 3519 rum
2305 3465 2484 3519 etiam
2515 3465 2924 3535 compensatio
2952 3480 3249 3524 recreans.
3272 3464 3674 3536 [Egyptiorum
3711 3468 3802 3519 est

367 3554 500 3626 θραν
563 3550 842 3606 θάλασσαν
900 3547 1241 3622 ἐπηρτῆσθαι
1305 3546 1725 3620 ὑπεσημαίνετο.
1801 3546 1890 3608 Ὧς
1952 3545 2028 3618 μή

368 3646 441 3717 τῇ
493 3640 729 3719 ἐπιπορᾷ
782 3642 892 3695 τῶν
955 3638 1258 3706 ἀνιώντων,
1317 3638 1630 3714 ἀπόγνωσις
1678 3640 1789 3692 τῶν
1849 3656 2032 3706 σωτη-

379 3731 540 3804 ρίων,
583 3731 717 3803 πρὸς
771 3729 1027 3784 ἀπιστίαν
1085 3727 1432 3798 ἐξολισθῆσαι
1490 3729 1776 3803 παράσχῃ.
1833 3727 2032 3782 Σκόπει

383 3819 576 3874 καὶτὸ
607 3815 859 3892 ἐχέγγυον
892 3824 995 3887 τῆς
1053 3817 1286 3880 πίστεως
1343 3822 1449 3873 τῶν
1509 3814 2030 3892 ἐπαγγελλομένων.

389 3912 556 3962 Ποῖον
583 3910 736 3962 τοῦτο
763 3925 776 3976 ;
805 3909 911 3976 τήν
943 3909 1249 3980 περιτομὴν
1281 3911 1388 3961 τῶν
1441 3911 1769 3983 γεννητικῶν
1820 3904 2030 3980 μορίων

378 3998 568 4058 αὐτοῖς
598 3999 789 4068 μόνοις
823 3996 924 4051 οὐκ
953 3994 1151 4058 ἄλλοις
1183 3997 1466 4072 γνώριμον
1497 4001 1614 4058 τοῖς
1662 3996 1738 4068 μή
1773 3993 2033 4049 πεπονθό-

373 4109 481 4144 σιν.
517 4087 603 4156 Ἐξ
636 4086 710 4140 ὧν
738 4083 806 4154 δὴ
834 4088 1049 4142 πάντων
1102 4085 1163 4141 τὸ
1220 4087 1501 4156 πειθήνιον
1562 4083 1664 4160 ὂρα
1717 4089 1822 4138 τῶν
1888 4103 2030 4160 χρη-

372 4177 783 4252 ματιζομένων.
812 4174 993 4233 Ἀλλὰ
1048 4175 1138 4230 καὶ
1188 4177 1307 4231 καθ’
1359 4170 1417 4229 ὅν
1474 4174 1672 4254 χρόνον
1701 4177 1736 4244 ἡ
1767 4178 1874 4230 τῶν
1934 4194 2030 4228 κα-

363 4266 776 4343 κουχουμένων
802 4265 1029 4343 ⁴ἤγγιζεν
1080 4263 1287 4338 ἔξοδος,
1343 4264 1431 4320 ἐπὶ
1488 4266 1551 4320 τὸ
1609 4262 1822 4337 μᾶλλον
1856 4265 2032 4332 ἡτῶν

364 4358 684 4414 κακούντων
739 4349 899 4430 ὖϐρις
949 4349 1221 4428 προϐἄσα,
1275 4356 1376 4423 τήν
1456 4359 1564 4409 τῶν
1618 4353 1857 4427 ἀρῥένων
1913 4357 2033 4413 ταῖς

367 4447 555 4520 μαίαις
588 4443 796 4522 ςιθοράν
831 4443 1148 4519 εἷσγήσατο.
1184 4441 1344 4498 Ἀλλ’
1385 4441 1473 4497 ἐπὶ
1523 4442 1618 4514 μὲν
1667 4446 1787 4504 ταῖς
1833 4438 2034 4504 ’ἁλλαις

363 4536 666 4602 κακώσεσι,
699 4534 763 4588 τὸ
818 4529 987 4587 πλέον
1046 4533 1175 4596 τοὺς
1227 4532 1598 4605 κακουμένους
1663 4529 2033 4599 πληθύνεσθαι

362 4627 720 4700 ἀντεξηγετο,
759 4622 985 4687 ἐνταῦθα
1015 4620 1073 4678 δὲ
1101 4623 1238 4698 πρὸς
1283 4627 1362 4696 τῷ
1418 4620 1735 4698 διαμαρτεῖν
1785 4625 1894 4674 τῶν
1939 4641 2033 4676 κα-

357 4713 804 4790 κουργημάτων,
863 4714 953 4768 καὶ
1011 4713 1173 4768 αὐτὸι
1230 4706 1430 4768 Μωσέα
1483 4713 1576 4768 τὸν
1633 4709 2034 4786 ὂλοθρεύσοντα

2140 3555 2440 3618 interitus.
2465 3556 2565 3626 qui
2587 3555 2659 3610 ab
2683 3555 2813 3627 ipso
2848 3555 2962 3610 Deo
2995 3554 3115 3609 illis
3146 3555 3304 3609 circa
3335 3570 3500 3609 mare
3532 3553 3797 3610 Rubrum

2140 3644 2505 3717 impendisse
2547 3645 2914 3717 signiﬁcatus
2947 3649 3056 3708 est,
3087 3660 3162 3698 ne
3187 3643 3676 3699 discruciantium
3699 3659 3798 3698 re-

2138 3751 2270 3789 rum
2302 3735 2551 3805 impetu,
2581 3733 2916 3804 desperatio
2950 3732 3301 3788 salutarium
3354 3749 3595 3789 causam
3641 3749 3794 3803 prte-

2137 3821 2276 3878 beat
2304 3821 2641 3877 collabendi
2673 3821 2733 3875 in
2763 3820 3202 3876 inﬁdelitatem.
3236 3821 3564 3876 Considera
3612 3821 3788 3876 etiam

2140 3927 2272 3981 quaa
2305 3911 2382 3965 sit
2412 3909 2550 3965 ﬁdei
2578 3911 2864 3966 securitas
2898 3908 2967 3964 de
3017 3910 3112 3965 his
3165 3926 3296 3980 quas
3337 3910 3787 3980 promittuntur.

2139 4001 2423 4066 Quasnam
2449 4001 2553 4056 illa
2574 4005 2682 4067 est,
2702 3999 2978 4070 inquies?
2994 4001 3216 4070 Nempe
3232 3999 3389 4070 quod
3413 3997 3787 4055 circumcisio

2138 4091 2486 4165 genitalium
2510 4090 2770 4162 partium
2797 4089 2943 4161 ipsis
2975 4087 3118 4143 solis
3150 4087 3307 4155 data,
3332 4087 3565 4160 insigne
3585 4085 3788 4150 fuerit,

2139 4200 2259 4238 non
2291 4181 2364 4237 iis
2396 4180 2611 4252 quibus
2642 4197 2762 4234 non
2794 4178 3140 4249 contigerat.
3170 4179 3249 4232 Ex
3269 4178 3486 4248 quibus
3509 4175 3791 4232 omnibus

2141 4289 2344 4328 eorum
2377 4272 2612 4325 intuere
2643 4268 3068 4329 obedientiam,
3098 4267 3197 4338 qui
3224 4267 3422 4323 divina
3441 4269 3797 4338 acceperant

2139 4376 2445 4433 responsa.
2482 4358 2591 4414 Sed
2625 4364 2988 4429 ettempore,
3013 4373 3130 4428 quo
3157 4355 3797 4413 afﬂictoruminstabat

2141 4467 2435 4524 egressus,
2468 4447 2726 4518 amplius
2759 4463 3070 4518 progressa
3100 4451 3190 4500 est
3218 4445 3609 4518 afﬂigentium
3632 4445 3797 4517 inju-

2139 4541 2248 4606 ria,
2310 4555 2440 4610 quas
2499 4536 2850 4592 obstetrices
2908 4534 3182 4590 admonit
3247 4535 3320 4590 ad
3389 4535 3794 4591 masculorum

2138 4629 2561 4703 perditionem.
2599 4627 2814 4681 Verum
2849 4626 2910 4680 in
2942 4625 3078 4680 aliis
3101 4623 3344 4694 quidem
3367 4624 3797 4680 afﬂictionibus

2139 4719 2199 4774 id
2232 4717 2568 4790 oppositum
2602 4720 2692 4769 est
2723 4716 2882 4785 quod
2916 4713 3121 4769 afﬂicti
3147 4712 3406 4784 amplius
3429 4711 3794 4784 multiplica-

361 4808 566 4870 αὑτοὺς
629 4807 779 4872 παρά
831 4803 1158 4881 προσδοκίαν
1221 4803 1496 4876 διασωζει,
1583 4805 1676 4861 καὶ
1745 4805 2030 4881 βασιλείου

2146 4807 2481 4864 bantur.65
2501 4805 2635 4859 Haec
2648 4810 2845 4858 autem
2864 4803 3114 4874 improbi
3126 4809 3212 4857 tas
3226 4808 3622 4873 prmterquam
3637 4800 3798 4873 quod

362 4903 581 4973 τροφῆς
615 4897 766 4969 ἀξιοῖ
794 4897 886 4952 καὶ
917 4895 1258 4970 ἐπιμελείας.
1293 4897 1440 4972 Πρὸς
1487 4896 1539 4952 τί
1590 4893 1648 4951 δὲ
1699 4895 2030 4976 παρελήφθη

363 4990 454 5046 καὶ
485 4993 697 5056 τοῦτο;
732 4986 874 5062 Πρὸς
909 4984 1264 5058 ὑποδήλωσιν
1293 4991 1389 5041 τοῦ
1419 4986 1510 5042 καὶ
1558 4990 1647 5041 νῦν
1702 4988 1778 5059 μή
1829 4985 2032 5061 ἀπογι-

360 5079 779 5148 νὼσκειν,τοῦς
833 5078 969 5133 κατά
1028 5079 1267 5154 Χριστοῦ
1311 5079 1402 5133 καὶ
1459 5081 1568 5133 τῶν
1627 5075 1793 5132 αὐτοῦ
1853 5088 2032 5150 μαθη-

363 5171 468 5224 τών
501 5169 920 5243 ὁπλιζομένους
949 5172 1055 5222 τῶν
1090 5168 1306 5240 ὁμοίων
1335 5173 1548 5243 τυχεῖν,
1581 5165 1634 5222 ἐν
1680 5171 1800 5228 τοῖς
1847 5163 2031 5242 ἔργοις

369 5265 474 5316 τῶν
519 5264 732 5336 χειρῶν
791 5257 971 5313 αὐτῶν
1030 5251 1621 5332 συΛλαμόανομένους.
1679 5257 1756 5312 Τὸ
1817 5252 1876 5311 δὲ
1930 5262 2032 5326 τῆς

366 5356 675 5426 περιτομῆς
734 5354 972 5420 σημεῖον
1031 5345 1120 5402 ἐπὶ
1190 5351 1309 5409 τοῖς
1391 5351 1734 5422 γεννητικοῖς
1815 5344 2034 5421 μορίοις

354 5447 522 5496 τοῦτο
555 5439 772 5510 δηλοῦν
808 5435 1090 5515 βούλεται.
1125 5437 1197 5491 Τὸ
1227 5436 1610 5512 προκάλυμμα
1639 5435 1704 5491 τὸ
1742 5440 1860 5499 τοῖς
1899 5456 2033 5513 γεν-

353 5533 593 5611 νάρχαις
655 5529 708 5585 ἐν
770 5529 852 5601 τῷ
903 5523 1239 5601 παραδείσω,
1302 5527 1488 5603 φθόνῳ
1570 5529 1674 5581 τοῦ
1722 5525 2033 5600 ἀρχεκάκου

356 5619 535 5700 ἕξεως
566 5621 836 5699 ὖποφυῖεν,
872 5618 964 5700 ἀφ’
995 5618 1061 5673 υῦ
1093 5616 1184 5671 καὶ
1240 5614 1684 5691 ἀξιοπιστότερος
1741 5613 1892 5686 ἔδοξε
1934 5618 2032 5670 τοῦ

355 5713 724 5784 πεποιηκότος
758 5712 896 5768 Θεοῦ
926 5707 1059 5784 περὶ
1087 5707 1188 5776 τήν
1217 5709 1400 5785 γεῦσιν
1456 5703 1556 5762 τοῦ
1606 5702 1801 5775 ξύλου.
1854 5709 2031 5761 Τοῦτο

799 5842 1059 5895 Damon.
1102 5829 1210 5888 Gn.
1250 5830 1509 5888 CXVIII.

2144 4898 2207 4953 in
2237 4894 2411 4951 malis
2453 4892 2605 4948 dolis
2638 4892 2868 4947 intento
2899 4891 3318 4955 frustrabatur,
3363 4892 3563 4946 Mosen
3591 4891 3796 4958 etiam,

2145 4987 2245 5058 qui
2277 4986 2439 5057 ipsos
2468 4981 2810 5055 perditurus
2843 4986 2970 5036 erat
3023 4985 3239 5052 praeter
3291 4981 3799 5052 exspectationem

2145 5075 2416 5139 servavit,
2440 5089 2508 5128 ac
2531 5070 2694 5136 regia
2716 5070 3070 5126 educatione
3095 5085 3359 5141 curaque
3381 5068 3629 5142 dignum
3653 5071 3797 5125 eﬂ‘e-

2144 5166 2243 5221 cit.
2277 5165 2400 5230 Quo
2432 5167 2633 5218 autem
2666 5161 2785 5215 ﬁne
2814 5159 2873 5214 id
2919 5164 3295 5229 assumptum
3344 5161 3480 5214 est?
3525 5158 3613 5214 Ad
3643 5157 3798 5215 indi—

2143 5254 2400 5311 candum
2428 5249 2587 5323 quod
2620 5266 2816 5321 neque
2849 5265 3010 5304 nunc
3041 5247 3381 5320 negandum
3427 5249 3503 5304 sit
3555 5249 3650 5316 iis,
3699 5251 3803 5320 qui

2143 5346 2428 5402 adversus
2458 5341 2760 5398 Christum
2793 5342 3042 5412 ejusque
3093 5340 3420 5412 discipulos
3470 5345 3801 5409 armantur,

2143 5434 2365 5492 similia
2395 5431 2761 5502 contingere,
2792 5431 2892 5501 qui
2925 5430 2986 5485 in
3021 5430 3303 5502 operibus
3343 5446 3631 5486 manuum
3664 5447 3804 5486 sua-

2142 5541 2278 5580 rum
2297 5520 2908 5594 comprehenduntur.
2921 5519 3166 5592 Signum
3181 5536 3315 5574 vero
3329 5519 3805 5576 circumcisionis

2143 5616 2206 5670 in
2235 5613 2506 5687 partibus
2532 5608 2897 5685 genitalibus
2929 5608 2989 5664 id
3021 5609 3359 5681 signiﬁcare
3391 5610 3538 5676 vult,
3588 5621 3804 5678 nempe

2143 5704 2590 5778 operimentum
2614 5715 2731 5773 quo
2756 5716 2820 5757 se
2841 5698 3022 5778 primi
3043 5704 3323 5771 parentes
3345 5702 3714 5774 operuerunt
3741 5695 3804 5753 in

3407 5819 3444 5874 ὃ
