4160 6436
449 359 562 419 139

1567 353 1991 417 LECUMENII
2039 352 2340 414 THICCIE
2384 355 2740 418 EPISCOPI

3751 365 3875 429 140

441 496 740 569 paradiso,
775 501 979 552 natum
1014 493 1234 551 invidia
1257 491 1573 566 serpentis,
1602 492 1701 564 qui
1736 489 2087 564 principium

2213 487 2632 562 ἀναιρεῖσθαιηὴ
2693 495 2969 568 περιτομή
3032 492 3367 572 ε’σηγῆσατο
3424 500 3503 564 τῷ
3549 497 3687 570 πρὸς
3737 502 3870 555 Θεὸν

445 594 504 644 et
527 594 702 660 caput
731 593 816 641 est
849 586 1144 642 malorum
1174 602 1186 640 :
1222 601 1290 640 ex
1325 601 1440 656 quo
1474 584 1653 639 etiam
1687 582 1802 637 fide
1863 578 2098 651 dignior

442 677 677 732 habitus
709 683 797 730 est
829 693 1006 748 quam
1042 677 1193 730 Deus
1227 676 1385 731 circa
1413 674 1555 746 ligni
1601 689 1788 728 esum.
1844 671 1961 726 Hoc
1993 668 2092 724 ab-

432 766 621 838 jicere
654 767 1031 821 circumcisio
1085 783 1220 821 eum
1268 764 1712 826 adhortabatur,
1768 761 1868 832 qui
1917 761 2094 814 vitam

442 854 771 912 secundum
805 857 990 911 Deum
1015 854 1658 926 transmutabat.juxta
1684 852 1826 907 Mosi
1852 849 2095 921 quidem

436 947 878 1020 legislationem
943 964 1148 1002 eorum
1208 947 1563 1018 praecipiens
1621 943 2093 1016 amputationem

438 1054 569 1109 quas
602 1056 636 1094 a
693 1044 908 1094 natura
965 1037 1162 1092 solent
1219 1037 1537 1108 amputari.
1608 1040 1899 1090 Prwterea
1955 1046 2093 1086 vero

437 1128 617 1184 etiam
643 1134 879 1201 tempus
904 1127 1190 1184 adventus
1221 1127 1436 1183 Christi
1471 1125 1775 1196 designat:
1809 1139 1925 1194 quo
1958 1121 2088 1176 uni-

436 1233 606 1274 versa
629 1219 960 1274 umbratica
981 1235 1047 1274 ac
1076 1217 1382 1291 figurativa
1403 1215 1476 1271 ad
1505 1213 1909 1287 evangelicam
1943 1209 2095 1266 veri-

440 1311 622 1363 tatem
649 1308 1109 1363 transferuntur.
1145 1307 1311 1362 Unde
1351 1323 1453 1361 eos
1486 1305 1586 1376 qui
1619 1305 1701 1358 ita
1730 1302 1945 1374 corrigi
1971 1316 2093 1356 non

441 1399 742 1453 sustinent
766 1398 827 1453 in
859 1397 1248 1469 sequentibus
1281 1396 1462 1451 duros
1512 1394 1737 1450 cervice
1787 1409 1853 1448 ac
1901 1390 2092 1446 incir-

438 1489 732 1544 cumcisos
765 1506 894 1544 esse
925 1489 1250 1544 describit:
1285 1487 1465 1543 duros
1489 1486 1733 1558 quidem
1763 1480 2094 1546 cervice,ad

440 1577 885 1650 subjiciendum
919 1596 980 1634 se
1034 1577 1234 1633 divino
1295 1576 1577 1648 Spiritui:
1641 1573 2094 1630 incircumcisos

437 1677 637 1724 autem
670 1669 848 1725 corde
894 1675 954 1725 et
1009 1669 1273 1731 auribus,
1333 1673 1536 1738 utpote
1591 1683 1711 1722 non
1771 1665 2093 1719 tolerantes

437 1765 646 1814 mutuo
679 1758 834 1813 datis
862 1756 1276 1813 occasionibus
1306 1754 1555 1826 expiari,
1613 1761 1716 1810 aut
1764 1752 1971 1825 attingi
2031 1751 2094 1806 in

438 1847 636 1903 rebus.
667 1846 832 1912 Quod
864 1847 912 1902 si
945 1845 1366 1902 admirandum
1400 1851 1526 1900 erat
1556 1845 1615 1899 in
1673 1841 1889 1914 Joseph
1934 1839 2092 1913 quod

441 1938 520 1992 sit
545 1935 819 1992 venditus
850 1953 884 1991 a
906 1936 1210 2002 fratribus,
1242 1935 1402 2007 ipsos
1434 1940 1633 1989 tamen
1664 1931 1937 1987 venditus
1968 1947 2093 1986 ser-

440 2025 878 2083 vaveritzillud
941 2025 1128 2098 magis
1185 2024 1580 2080 admiratione
1639 2022 1883 2089 dignum
1942 2018 2098 2092 quod

443 2134 546 2173 rex
578 2133 713 2172 eum
748 2116 1046 2174 nutrierit.
1101 2115 1201 2186 qui
1259 2114 1447 2186 ipsius
1505 2112 1904 2184 principatum
1975 2115 2100 2165 erat

438 2207 850 2262 subversurus.
914 2204 1190 2261 Ostendit
1245 2210 1442 2258 autem
1527 2201 1754 2257 faciens
1840 2200 2098 2254 infantes

439 2298 652 2369 exponi
687 2295 846 2369 quod
880 2313 1000 2350 non
1031 2295 1209 2350 vellet
1249 2312 1349 2350 eos
1405 2293 1717 2349 manifeste
1770 2290 1979 2347 occidi.
2029 2292 2098 2345 Et

437 2387 570 2441 vide
602 2389 757 2458 quod
795 2385 1070 2441 diabolus
1100 2402 1208 2457 per
1229 2401 1298 2440 ea
1330 2383 1664 2456 provexerit
1693 2382 1795 2436 Dei
1837 2380 2092 2453 promis-

439 2477 692 2543 sionem,
725 2492 832 2546 per
871 2492 1001 2546 qum
1058 2473 1385 2530 conabatur
1435 2489 1567 2528 eam
1627 2471 1968 2526 dissolvere.
2030 2471 2097 2525 In

440 2565 716 2622 exsilium
749 2565 1050 2636 relegatur
1080 2567 1290 2629 Moses,
1325 2563 1428 2618 sed
1461 2563 1522 2618 in
1569 2561 1776 2617 exsilio
1807 2561 2096 2615 visionem

439 2653 607 2709 illam
638 2653 1012 2726 adipiscitur,
1046 2659 1106 2709 et
1133 2653 1339 2726 populi
1378 2651 1629 2707 ducatus
1679 2650 1766 2706 illi
1821 2650 2098 2706 commit-

439 2744 622 2798 titur:
656 2743 738 2799 ita
767 2742 1071 2799 venditum
1115 2759 1353 2814 quoque
1413 2757 1645 2797 servum
1714 2740 1795 2795 ibi
1847 2756 2094 2813 regnare

2200 578 2264 633 16
2298 582 2392 653 ζῇν
2431 582 2844 655 μετατάττοντι,
2872 583 3008 638 κατά
3046 587 3140 656 μὲν
3200 587 3300 656 τήν
3364 585 3646 648 Μωῢσέως
3697 611 3872 664 νομο-

2204 670 2386 724 θεσίαν
2421 677 2524 726 τῶν
2558 673 2662 727 ἀπὸ
2694 680 2878 750 γενεάς
2931 673 3139 748 ἐθίμων
3199 675 3557 732 ἐπιτάττουσα
3609 680 3708 749 τήν
3765 701 3865 736 τε·

2204 760 2492 835 ριαίρεσιν.
2535 763 2655 819 Ἔτι
2688 761 2866 818 δὲκαὶ
2925 765 3111 839 καιρὸν
3159 771 3320 821 τοῦτο
3382 775 3481 834 τῆς
3537 769 3672 824 κατὰ
3734 776 3816 846 Χρ
3846 803 3868 816 ο

2201 849 2324 903 στὸν
2359 848 2654 922 ἐπιδημίας
2685 851 3087 928 προβαλλεται.
3124 858 3247 910 Καθ’
3279 851 3336 910 ὅν
3366 857 3432 911 τὰ
3483 855 3692 927 σκιώδη
3729 859 3866 914 πάνυ

2199 960 2264 994 τα
2295 942 2383 995 καὶ
2407 943 2610 996 τυπικά
2640 941 2726 997 ἐπὶ
2755 945 2853 1014 τήν
2905 945 3040 1000 κατά
3097 945 3160 1000 16
3208 946 3549 1024 Εὐαγγέλτον
3598 949 3864 1019 ἀλήθειαν

2204 1032 2618 1108 μεταφέρονται.
2669 1035 2832 1089 ’Όθεν
2885 1035 3013 1097 τοὺς
3077 1036 3224 1090 οὕτω
3307 1043 3716 1108 μεταποιεῖσθαι
3782 1041 3861 1113 μὴ

2199 1118 2567 1195 ἀνεχομένους
2599 1121 2673 1184 εἷς
2724 1121 3258 1199 σκληροτραχτςλους
3307 1127 3398 1181 καὶ
3452 1126 3867 1203 ἀπεριτμητους

2200 1205 2510 1286 προϐαίνων
2567 1211 2870 1281 ἀπεικάσει,
2948 1214 3486 1290 σκληροτραχήλους
3545 1218 3658 1292 μὲν,
3722 1219 3864 1294 πρὸς

2197 1299 2298 1369 τήν
2355 1303 2452 1354 τοῦ
2511 1301 2655 1364 θείου
2717 1301 3034 1376 Πνεῦματος
3095 1303 3400 1382 ὑποταγὴν,
3451 1305 3867 1381 ἀπεριτμήτους

2202 1386 2258 1444 δὲ
2279 1391 2378 1460 τήν
2411 1387 2632 1466 καρδίαν
2664 1392 2752 1446 καὶ
2783 1393 2849 1446 τὰ
2881 1393 3014 1458 ὦτα,
3049 1393 3124 1456 ὡς
3157 1395 3232 1467 μὴ
3267 1393 3634 1470 ἀνεχομένους
3655 1397 3866 1452 καταλ-

2200 1476 2394 1549 λήλως
2426 1485 2542 1541 τοῖς
2571 1487 2787 1555 καιροῖς
2819 1481 3173 1559 ἀφοσιοῦσθαι
3205 1483 3272 1537 τά
3328 1484 3639 1560 πράγματα.
3691 1486 3759 1542 Ei’
3802 1483 3864 1542 δὶ

2197 1569 2260 1623 τὸ
2290 1574 2388 1624 τοῦ
2416 1572 2618 1650 Ἰωσήφ
2664 1571 2996 1643 θαυμαστὸν,
3049 1568 3134 1626 ὅτι
3186 1573 3275 1627 ὑπ’
3325 1571 3576 1652 ἀδελφῶν
3623 1574 3862 1651 ἐπράθη,

2198 1658 2290 1713 καὶ
2321 1657 2517 1714 ἔσωσεν
2580 1659 2773 1722 αὐτοὺς
2807 1662 2835 1715 6
2866 1662 3110 1736 πραθεὶς,
3165 1666 3326 1717 τοῦτο
3387 1667 3862 1738 θαυμασιώτερον,

2201 1749 2282 1803 δτι
2313 1749 2341 1803 6
2379 1745 2638 1822 βασιλεὺς
2672 1748 2888 1828 ἔτρεφεν
2924 1750 3082 1806 αὐτὸν
3113 1752 3204 1806 τὸν
3261 1751 3536 1827 μέλλοντα
3585 1758 3864 1831 καθαιρή-

2126 1864 2174 1930 B
2208 1859 2316 1894 σειν
2347 1839 2514 1893 αὐτοῦ
2543 1839 2642 1906 τήν
2677 1840 2876 1914 ἀρχήν.
2911 1842 2988 1897 Τὸ
3023 1839 3078 1896 δὲ
3110 1847 3284 1896 ποιεῖν
3335 1839 3522 1907 ἔκθετα
3551 1846 3619 1899 τά
3662 1845 3864 1922 βρέφη,

2207 1924 2446 1984 δείκνυσι
2483 1930 2558 2001 μὴ
2591 1926 2927 2004 βουλόμενον
2959 1936 3200 2007 φανερῶς
3250 1934 3350 2000 τῆν
3391 1933 3599 1988 τούτων
3650 1933 3866 2010 ἀναίρε-

2207 2040 2288 2074 σιν
2317 2020 2609 2074 ποιεῖσθαι.
2644 2021 2746 2075 Καὶ
2774 2021 2875 2092 δρα
2922 2020 3007 2076 δτι
3057 2019 3103 2076 δ’
3157 2022 3229 2076 ὧν
3263 2023 3290 2077 6
3325 2019 3584 2086 διάϐολος
3641 2024 3860 2100 ἐπεχεί-

2206 2130 2288 2185 ρει
2317 2108 2606 2165 καταλύειν
2635 2113 2736 2178 τήν
2780 2109 3109 2188 ἐπαγγελίαν
3155 2117 3252 2167 10'3
3303 2118 3460 2180 Θεοῦ,
3512 2113 3600 2170 διά
3649 2116 3865 2171 τούτων

2205 2198 2414 2273 ηὔξετο.
2459 2197 2828 2278 Φυγαδεῦεται
2891 2205 3125 2269 Μωσῆς,
3181 2202 3308 2259 ἀλλ’
3367 2204 3418 2259 ἐν
3473 2210 3541 2279 τῇ
3591 2205 3864 2285 φυγαδείᾳ

2202 2297 2302 2357 τῆς
2364 2287 2541 2364 ὅψεως
2596 2289 2804 2360 ἐκείνης
2867 2292 3135 2363 ἀξιοῦται,
3194 2293 3286 2348 καὶ
3344 2295 3443 2362 την
3505 2291 3864 2372 δημαγωγίαν

2204 2378 2588 2454 ἐγχειρίζεται.
2633 2380 2792 2437 Οὕτω
2848 2381 2940 2436 καὶ
3003 2383 3094 2436 τὸν
3145 2383 3408 2455 πραθέντα
3453 2381 3649 2439 δοῦλον
3707 2392 3866 2442 ποιεῖ

2207 2469 2514 2544 βασιλεύειν
2562 2468 2685 2533 ἔνθα
2738 2471 3024 2542 ἐνομίζετο
3083 2469 3307 2534 δοῦλος.
3369 2473 3467 2528 Καὶ
3524 2473 3686 2536 αὐτὸς
3741 2472 3799 2530 δὲ
3831 2476 3860 2530 6

2202 2559 2442 2633 Χριστὸς
2474 2557 2633 2630 ἐντῷ
2694 2561 2906 2633 θανάτῳ
2961 2562 3061 2630 την
3119 2557 3344 2634 Simus»;
3405 2559 3712 2634 ἐπεδείξατο
3768 2565 3865 2620 καὶ

2200 2648 2264 2704 τὸ
2295 2649 2516 2722 κράτος.
2550 2645 2740 2712 Οὕτως
2772 2649 3088 2727 εὐμήχανος
3131 2653 3159 2706 6
3219 2653 3372 2722 Θεὸς,
3431 2653 3520 2709 καὶ
3581 2651 3868 2727 ἀκατάλη-

2199 2759 2336 2800 πτος
2371 2741 2405 2808 ἡ
2439 2738 2672 2811 πρόνοια
2702 2740 2892 2796 αὐτοῦ.

436 2831 579 2888 facit
627 2833 727 2888 ubi
778 2849 979 2889 servus
1007 2831 1345 2888 habebatur
1373 2829 1422 2866 ⁸⁸
1475 2832 1544 2885 Et
1575 2831 1702 2902 ipse
1733 2830 2002 2886 Christus
2033 2830 2093 2886 in
2122 2837 2312 2887 morte
2339 2831 2671 2903 potentiam
2724 2831 3155 2889 demonstiavit
3195 2851 3263 2891 ac
3318 2833 3522 2904 robur,
3571 2835 3719 2894 adeo
3771 2854 3867 2894 sa-

433 2922 606 2994 piens
638 2927 728 2978 est
757 2923 932 2990 Deus,
967 2927 1025 2976 et
1055 2920 1684 2993 incomprehensibilis
1713 2919 2088 2992 providentia
2119 2921 2268 2994 ejus.

502 3012 628 3080 VII,
662 3013 854 3068 20-24.
915 3013 1106 3077 «Quo
1166 3017 1432 3083 tempore
1505 3016 1682 3066 natus
1735 3015 1824 3066 est
1879 3011 2088 3078 Moses,

440 3123 462 3152 ι
495 3101 725 3172 fuitque
755 3106 956 3174 gratus
989 3102 1128 3168 Deo,
1161 3100 1262 3172 qui
1295 3100 1555 3155 nutritus
1611 3099 1712 3155 66
1762 3104 1853 3154 est
1900 3098 2088 3155 tribus

2279 3035 2299 3061 ι
2335 3011 2422 3066 ’Ev
2456 3010 2501 3082 ᾦ
2531 3013 2706 3084 καιρῷ
2745 3008 3008 3086 ἐγεννήθη
3065 3017 3325 3081 Μωϋσῆς.
3373 3014 3476 3070 Καὶ
3525 3014 3592 3084 ἦν
3643 3015 3860 3079 ἀστεῖος

2203 3122 2231 3152 ι(
2262 3103 2341 3172 τῷ
2373 3103 2510 3172 Θεῷ,
2544 3100 2602 3160 ὅς
2634 3099 2901 3178 ἀνετράφη
2939 3107 3110 3174 μῆνας
3142 3109 3288 3176 τρεῖς
3343 3103 3392 3157 έν
3446 3107 3527 3176 τῷ
3581 3102 3720 3177 οἳκῳ
3757 3109 3860 3160 τοῦ

432 3216 460 3243 ‹‹
495 3191 802 3248 mensibus
862 3191 923 3246 in
981 3191 1157 3246 domo
1216 3191 1423 3263 patris,
1495 3189 1828 3261 expositum
1887 3194 2086 3244 autem

2203 3189 2479 3262 «πατρός.
2530 3175 2850 3253 Ἐκτεθέντα
2903 3189 2961 3245 δὲ
3024 3191 3182 3246 αὐτὸν
3230 3175 3567 3264 ἀνείλετο-η
3612 3175 3855 3270 θυγάτηρ

433 3305 461 3331 ‹‹
497 3282 692 3352 ipsum
721 3280 858 3335 tulit
891 3279 1012 3335 filia
1044 3280 1390 3338 Pharaonis.
1420 3284 1478 3334 et
1509 3278 1780 3334 educavit
1811 3294 1947 3333 eum
1980 3277 2093 3333 sibi

435 3397 459 3423 ιι
492 3371 554 3426 in
581 3371 792 3424 filium.
826 3371 897 3423 Et
927 3369 1195 3424 eruditus
1221 3375 1310 3424 est
1340 3371 1530 3424 Moses
1561 3369 1622 3422 in
1654 3368 1817 3423 omni
1851 3354 2095 3438 sapieni

437 3485 457 3512 ι
493 3463 573 3517 tia
602 3461 1028 3534 Egyptiorum,
1065 3467 1310 3533 eratque
1345 3468 1555 3531 potens
1588 3460 1649 3514 in
1707 3459 1988 3530 operibus
2037 3463 2096 3514 et

433 3551 890 3606 «sermonibus.
951 3551 1021 3605 [lt
1060 3557 1258 3605 autem
1312 3549 1612 3622 expletum
1666 3556 1755 3604 est
1801 3548 1888 3602 illi
1947 3564 2090 3618 qua-

438 3661 461 3691 α
498 3639 770 3711 draginta
800 3657 1092 3694 annorum
1135 3647 1390 3711 tempus,
1427 3638 1611 3694 subiit
1643 3638 1701 3692 in
1735 3655 1837 3692 cor
1861 3638 2094 3708 ejus.ut

434 3753 462 3780 ‹‹
497 3730 780 3786 inviseret
806 3731 1017 3786 fratres
1050 3747 1186 3784 suos
1221 3730 1376 3784 filios
1426 3728 1628 3785 Israel.
1687 3730 1952 3798 Cumque
2005 3727 2090 3781 vi-

440 3843 460 3869 ι
498 3819 683 3876 disset
713 3820 1029 3892 quemdam
1080 3821 1304 3891 injuria
1333 3818 1511 3878 afﬁci.
1546 3817 1815 3873 defendit
1841 3832 1999 3882 eum,
2033 3821 2093 3872 et

433 3933 462 3961 «
496 3911 658 3966 ultus
689 3917 780 3966 est
811 3912 993 3966 vicem
1028 3911 1158 3982 ejus
1189 3911 1289 3982 qui
1314 3908 1708 3982 affligebatur.
1744 3931 1770 3956 ι)

508 3999 617 4055 Illo
649 4000 827 4072 igitur
857 4007 1122 4071 tempore
1155 4006 1331 4054 natus
1359 3997 1691 4069 est,inquit.
1724 3998 1932 4062 Moses,
1957 3995 2091 4052 fuit-

434 4105 550 4160 que
581 4088 813 4154 ἀστεῖος,
846 4089 906 4142 id
937 4095 1030 4144 est
1057 4095 1280 4160 gratus,
1314 4088 1434 4143 sive
1485 4088 1739 4144 dilectus
1792 4089 1932 4144 Deo.
1986 4087 2088 4143 Vel

431 4177 644 4238 ἀστεῖος
676 4177 938 4250 proprie,
968 4177 1083 4232 hoc
1115 4183 1226 4246 est,
1254 4177 1316 4232 in
1365 4177 1583 4248 puerili
1629 4177 1825 4248 quoad
1869 4193 2085 4248 corpus

429 4272 602 4324 etate
635 4265 1200 4338 irreprehensibilis.
1237 4266 1585 4338 EXpositum
1636 4273 1836 4322 autem
1887 4267 2083 4339 ipsum

427 4374 558 4414 cum
583 4357 819 4413 tulisset
840 4357 963 4413 filia
983 4355 1576 4423 Pharaonis,edocuit
1596 4356 1758 4411 omni
1791 4357 2084 4430 sapientia

422 4447 849 4520 Egyptiorum.
882 4448 964 4503 Ex
996 4447 1108 4502 hoc
1140 4445 1522 4501 manifestum
1561 4452 1650 4501 est
1680 4463 1799 4502 non
1834 4446 2078 4518 ejicien-

2203 3302 2233 3334 α
2265 3278 2469 3343 Φαραὼ
2497 3279 2595 3334 παὶ
2629 3279 2956 3353 ἀνεθρέψατο
3005 3279 3166 3336 αὐτὸν
3215 3281 3377 3355 έαυτῇ
3432 3281 3509 3346 εἷς
3557 3284 3692 3339 υἱόν.
3744 3284 3854 3339 Καὶ

2198 3365 2552 3436 «ἐπαιδεύθη
2587 3372 2827 3436 Μωυσῆς
2856 3370 3001 3442 πάσῃ
3061 3369 3224 3447 σοφίᾳ
3279 3369 3618 3448 Αἰγυπτίων,
3678 3372 3744 3443 ἦν
3797 3369 3857 3428 δέ

2199 3481 2226 3508 «
2261 3452 2488 3520 δυνατὸς
2515 3454 2567 3510 ἐν
2598 3454 2780 3532 ἔργοις
2800 3457 2890 3512 καὶ
2921 3456 2972 3512 ἐν
3009 3455 3219 3533 λόγοις.
3278 3461 3367 3521 Ὡς
3427 3459 3483 3516 δὲ
3538 3459 3855 3536 ἐπληροῦτο

2195 3570 2222 3597 ‹‹
2258 3545 2408 3618 αὖτῷ
2438 3549 2962 3620 τεσταρακονταετὴς
2996 3550 3220 3624 χρόνος,
3254 3545 3414 3620 ἀνέϐη
3450 3551 3537 3606 έπί
3585 3554 3687 3620 τήν
3717 3573 3854 3628 καρ-

2195 3660 2222 3686 ‹‹
2263 3632 2382 3689 δίαν
2412 3633 2602 3699 αὐτοῦ,
2636 3634 3022 3711 ἐπισκέψασθαι
3055 3639 3181 3700 τοὺς
3211 3635 3480 3718 ἀδελφοὺς
3526 3641 3694 3696 αὑτοῦ
3726 3642 3858 3704 τοὺς

2196 3747 2220 3778 α
2256 3723 2681 3799 υίοὺςἸσραήλ.
2746 3726 2843 3779 Καὶ
2900 3724 3031 3781 ίδών
3086 3748 3208 3782 τινα
3268 3726 3651 3803 άδκοΰμενον,
3709 3732 3856 3800 1331.6-

2193 3835 2404 3880 «va1o,
2489 3815 2581 3869 καὶ
2657 3811 2908 3886 ἐποίησεν
2994 3815 3270 3888 ἐκδίκησιν
3347 3823 3426 3890 τῷ
3508 3841 3858 3876 καταπονου-

2191 3930 2217 3955 (ι
2257 3905 2422 3978 μένῳ.
2461 3929 2482 3955 ι

2264 3996 2352 4051 Ἑν
2388 3993 2534 4065 αὐτῷ
2563 3995 2746 4050 τοίνυν
2777 4000 2857 4069 τῷ
2886 4001 3064 4071 καιρῷ
3094 3995 3376 4071 ἐγεννήθη,
3416 3999 3571 4076 φησὶ,
3614 4005 3846 4070 Μωσῆς,

2190 4082 2279 4138 καὶ
2309 4083 2376 4152 ἦν
2415 4082 2630 4147 ἀστεῖος
2677 4088 2756 4155 τῷ
2814 4089 2949 4156 Θεῷ,
3010 4088 3286 4142 τνυτέστιν
3347 4088 3653 4162 εὐάρεστος,
3713 4088 3847 4159 ἤτοι

2189 4169 2472 4250 θεοφιλής⁸
2505 4174 2575 4230 ἸΙ
2631 4175 2844 4236 ἀστεῖος
2901 4174 3106 4246 κυρίως
3165 4177 3194 4231 6
3251 4175 3304 4232 ἐν
3357 4175 3588 4252 παιδικῇ
3645 4178 3847 4252 ἡλικίᾳ

2187 4262 2326 4316 κατά
2356 4266 2514 4333 σῶμα
2545 4261 2877 4335 ἀμώμητος.
2939 4264 3253 4330 Ἐκτεθέντα
3310 4264 3366 4322 δὲ
3415 4267 3574 4323 αὐτὸν
3614 4269 3649 4337 ἡ
3683 4269 3854 4342 θυγά-

2185 4371 2290 4421 τηρ
2323 4351 2526 4426 Φαραὼ
2558 4349 2860 4426 ἀνελομένη
2892 4357 3066 4410 πᾶσαν
3127 4354 3319 4429 σοφίαν
3378 4355 3688 4432 Λῖγσπτίων
3742 4356 3858 4414 ἐδί-

2186 4437 2352 4512 δαξεν.
2390 4441 2484 4498 Ἐκ
2512 4440 2708 4496 τούτου
2764 4438 2954 4513 δῆλον,
3009 4444 3084 4507 ὡς
3133 4443 3234 4500 οὐκ
3289 4441 3612 4517 ἀποϐλητέα
3662 4447 3852 4520 πάντη

424 4535 560 4592 dam
593 4553 721 4593 esse
754 4553 993 4592 omnem
1028 4541 1285 4591 externa:
1315 4535 1621 4608 scripturas
1652 4534 2073 4592 eruditionem.

2198 4530 2391 4600 ἐστὶνή
2439 4535 2546 4586 τῶν
2608 4528 2795 4604 ἔξωθεν
2838 4537 2940 4602 τῆς
3009 4539 3231 4608 Γραφῆς
3288 4533 3587 4599 παίδευσις.
3643 4537 3856 4613 Τρόπῳ

424 4625 724 4699 Siquidem
755 4626 1006 4683 encomii
1069 4625 1191 4680 vice
1249 4624 1474 4679 dictum
1526 4629 1615 4679 est
1668 4625 1827 4698 quod
1887 4627 2073 4681 Moses

421 4717 688 4774 eruditus
722 4723 812 4773 est
840 4716 1000 4772 omni
1036 4715 1329 4787 sapientia
1365 4714 1788 4787 Egyptiorum.
1847 4717 1926 4771 De
1977 4716 2073 4771 tri-

418 4804 529 4862 bus
562 4824 797 4879 quoque
837 4807 1038 4881 pueris
1069 4822 1136 4860 ac
1169 4805 1412 4860 Daniele
1444 4804 1663 4859 dicitur
1693 4806 1850 4876 quod
1893 4822 2073 4878 super

419 4911 626 4950 omnes
641 4896 982 4951 eminebant
998 4895 1400 4949 Chaldmorum
1415 4893 1706 4964 sapientia
1720 4897 2069 4967 cmterisque

418 4983 768 5040 scientiis“.
799 4985 1036 5055 Oportet
1059 4991 1255 5037 autem
1283 4982 1590 5053 paululum
1620 4983 1740 5038 illis
1763 4984 2067 5040 adhaerere

416 5071 645 5142 eos.qui
668 5072 977 5142 Scripturie
995 5071 1279 5125 divinitus
1312 5070 1615 5140 inspirata;
1648 5073 2066 5129 immorantur.

413 5161 614 5230 Neque
643 5161 799 5215 enim
833 5163 1020 5216 Moses
1053 5177 1245 5230 neque
1283 5160 1568 5216 Ananias.
1600 5169 1702 5215 aut
1735 5163 1937 5216 Daniel
1963 5179 2066 5234 pe-

411 5249 706 5322 regrinam
742 5249 1080 5306 didicerunt
1109 5248 1529 5313 eruditionem,
1566 5249 1677 5303 nisi
1712 5254 2065 5309 necessitate

408 5356 477 5394 ac
509 5341 813 5395 coactione
845 5340 1225 5394 dominorum
1263 5354 1274 5390 :
1310 5337 1371 5390 in
1406 5337 1572 5391 nullo
1605 5340 1828 5393 etenim
1871 5357 1940 5396 ea
1970 5343 2063 5398 usi

408 5436 567 5491 sunt,
603 5430 715 5484 nisi
753 5430 900 5485 forte
933 5431 1066 5501 quis
1113 5429 1271 5483 dit-at
1320 5427 1480 5497 quod
1534 5426 1757 5484 bonum
1807 5432 1884 5486 sit
1933 5449 2062 5489 eam

407 5518 636 5576 discere
669 5519 742 5576 ad
777 5519 1123 5577 evertendas
1151 5519 1396 5574 illorum
1428 5517 1693 5578 fraudes.

472 5676 519 5711 ⁸⁸
549 5677 682 5755 Sap.
716 5695 772 5748 x,
809 5679 893 5735 14.
926 5678 974 5715 ⁸⁸
1005 5679 1148 5737 Dan.
1186 5698 1222 5748 ι,
1260 5685 1347 5737 t7.

2185 4620 2289 4699 γάρ
2323 4621 2605 4696 ἐγκωμίου
2655 4620 2890 4697 εἷ’ρηται,
2957 4624 3032 4686 ὡς
3084 4623 3374 4696 ἐπαιδεύθη
3431 4634 3636 4696 Μωσῆς
3692 4630 3851 4706 πάσῃ

2184 4711 2346 4789 σοφίᾳ
2377 4712 2712 4786 Αἰγυπτίων.
2753 4713 2856 4770 Καὶ
2915 4716 3038 4790 περί
3097 4720 3204 4772 τῶν
3260 4721 3426 4790 τριῶν
3488 4715 3695 4772 παίδων
3746 4719 3852 4775 καὶ

2181 4801 2411 4870 Δανιὴλ,
2464 4803 2538 4862 ὡς
2602 4797 2974 4876 ὑπερέϐαλλον
3045 4812 3245 4868 πάντας
3305 4806 3356 4861 ἐν
3411 4812 3480 4883 τῇ
3541 4807 3850 4867 Χαλδαίων

2181 4893 2497 4970 φιλοσοφίᾳ,
2531 4894 2620 4946 καὶ
2652 4899 2770 4954 ταῖς
2823 4893 3044 4955 λοιπαῖς
3103 4896 3451 4971 ἐπ.στ’ἦμαις.
3499 4905 3589 4954 Δεῖ
3638 4897 3694 4954 δὲ
3751 4898 3859 4958 ἐπ’

2180 4979 2367 5056 ὀλίγον
2401 4981 2588 5043 αὐταῖς
2619 4982 2932 5058 προσέχειν,
2976 4987 3044 5057 τῇ
3101 4986 3441 5060 θεοπνεῦστῳ
3494 4993 3678 5067 Γραφῇ
3739 4987 3858 5062 ἐμ-

2181 5071 2437 5144 μένοντας
2495 5069 2632 5130 Οίῖτε
2663 5073 2766 5146 γὰρ
2802 5080 3064 5142 Μωυσῆς.
3118 5073 3240 5130 οὔτε
3299 5076 3350 5130 οἱ
3400 5078 3522 5151 περὶ
3583 5079 3854 5137 Ἀνανίαν

2176 5162 2266 5217 καὶ
2303 5162 2508 5230 Δανιηλ
2537 5160 2735 5233 ἔμαθον
2768 5161 2825 5217 ἄν
2853 5165 2952 5230 την
2983 5163 3131 5234 ξένην
3166 5163 3433 5226 παιδείαν,
3469 5167 3514 5222 εἷ
3550 5170 3624 5242 μή
3674 5169 3861 5244 ἀνάγ-

2341 5251 2355 5271 \
2437 5252 2448 5270 I
2533 5249 2556 5268 κ
2736 5256 2762 5264 η
2978 5253 2991 5273 \
3093 5254 3106 5270 ι
3209 5255 3222 5270 Ί
3388 5254 3411 5273 ἢ
3665 5261 3686 5272 υ

2174 5271 2244 5325 κῃ
2269 5274 2357 5305 και
2392 5253 2484 5326 βιᾳ
2529 5271 2824 5310 οεσποτων.
2891 5259 2993 5308 Kac
3048 5275 3152 5330 γαρ
3206 5275 3258 5308 εν
3315 5257 3494 5310 οὐοενὶ
3553 5257 3690 5330 αὐτῃ
3741 5258 3858 5315 κέ-

2175 5361 2437 5417 χρηνται,
2471 5339 2518 5395 εἶ
2553 5344 2626 5414 μή
2661 5363 2767 5396 που
2811 5343 2944 5418 ςαίη
3007 5345 3065 5397 ἂν
3123 5366 3228 5413 τις,
3290 5347 3372 5400 ’ὀτι
3433 5345 3602 5402 καλὸν
3659 5347 3855 5420 αὐτήν

2177 5433 2368 5506 μαθεῖν
2401 5430 2538 5505 πρὸς
2566 5430 2629 5486 τὸ
2663 5430 2958 5507 ἀνατρέψαι
2989 5432 3084 5494 τὰς
3115 5433 3332 5489 ἐκείνων
3357 5433 3586 5500 ἀπάτας.
