  <div class='ocr_page' id='page_1' title='image "/cluster/home/n/w/nwhite01/storage/ocr_20150623/118:no.1/coo.31924054870229/080.png"; bbox 0 0 4160 6448; ppageno 0'>
   <div class='ocr_carea' id='block_1_1' title="bbox 305 425 432 486">
    <p class='ocr_par' dir='ltr' id='par_1_1' title="bbox 305 425 432 486">
     <span class='ocr_line' id='line_1_1' title="bbox 305 425 432 486; baseline 0.016 -2"><span class='ocrx_word' id='word_1_1' title='bbox 305 425 432 486; x_wconf 65' lang='lat' dir='ltr'>HA</span> 
     </span>
    </p>
   </div>
   <div class='ocr_carea' id='block_1_2' title="bbox 418 563 1334 644">
    <p class='ocr_par' dir='ltr' id='par_1_2' title="bbox 418 563 1334 644">
     <span class='ocr_line' id='line_1_2' title="bbox 418 563 1334 644; baseline 0.004 -28"><span class='ocrx_word' id='word_1_2' title='bbox 418 587 451 616; x_wconf 71' lang='grc' dir='ltr'><strong>κ</strong></span> <span class='ocrx_word' id='word_1_3' title='bbox 480 563 758 636; x_wconf 53' lang='lat' dir='ltr'>“at-iga:</span> <span class='ocrx_word' id='word_1_4' title='bbox 789 567 900 622; x_wconf 81' lang='grc' dir='ltr'>τὸν</span> <span class='ocrx_word' id='word_1_5' title='bbox 948 565 1268 644; x_wconf 74' lang='grc' dir='ltr'>Αἰγύπτιον.</span> <span class='ocrx_word' id='word_1_6' title='bbox 1300 589 1334 620; x_wconf 82' lang='grc'>››</span> 
     </span>
    </p>
   </div>
   <div class='ocr_carea' id='block_1_3' title="bbox 425 651 2050 734">
    <p class='ocr_par' dir='ltr' id='par_1_3' title="bbox 425 651 2050 734">
     <span class='ocr_line' id='line_1_3' title="bbox 425 651 2050 734; baseline 0.002 -27"><span class='ocrx_word' id='word_1_7' title='bbox 425 654 658 714; x_wconf 70' lang='grc' dir='ltr'>Ἀνεῖλε</span> <span class='ocrx_word' id='word_1_8' title='bbox 689 658 951 725; x_wconf 70' lang='grc' dir='ltr'>Μωυσῆς</span> <span class='ocrx_word' id='word_1_9' title='bbox 982 658 1070 712; x_wconf 87' lang='grc' dir='ltr'>τὸν</span> <span class='ocrx_word' id='word_1_10' title='bbox 1099 656 1428 734; x_wconf 65' lang='grc' dir='ltr'>Αίγόπτιον,</span> <span class='ocrx_word' id='word_1_11' title='bbox 1459 655 1526 712; x_wconf 87' lang='grc' dir='ltr'>οὐ</span> <span class='ocrx_word' id='word_1_12' title='bbox 1554 655 1714 729; x_wconf 82' lang='grc' dir='ltr'>θυμῷ</span> <span class='ocrx_word' id='word_1_13' title='bbox 1743 653 1904 726; x_wconf 73' lang='grc' dir='ltr'>εἴξας,</span> <span class='ocrx_word' id='word_1_14' title='bbox 1923 651 2050 710; x_wconf 60' lang='grc' dir='ltr'>οὐδὲ</span> 
     </span>
    </p>
   </div>
   <div class='ocr_carea' id='block_1_4' title="bbox 375 743 2046 823">
    <p class='ocr_par' dir='ltr' id='par_1_4' title="bbox 375 743 2046 823">
     <span class='ocr_line' id='line_1_4' title="bbox 375 743 2046 823; baseline -0.001 -22"><span class='ocrx_word' id='word_1_15' title='bbox 375 746 523 822; x_wconf 74' lang='grc' dir='ltr'>ὀργῇ</span> <span class='ocrx_word' id='word_1_16' title='bbox 553 747 835 816; x_wconf 75' lang='grc' dir='ltr'>κινηθεὶς.</span> <span class='ocrx_word' id='word_1_17' title='bbox 875 747 1032 818; x_wconf 79' lang='grc' dir='ltr'>ζήλῳ</span> <span class='ocrx_word' id='word_1_18' title='bbox 1061 743 1138 803; x_wconf 82' lang='grc' dir='ltr'>δέ.</span> <span class='ocrx_word' id='word_1_19' title='bbox 1175 752 1279 801; x_wconf 83' lang='grc' dir='ltr'>Πᾶν</span> <span class='ocrx_word' id='word_1_20' title='bbox 1310 744 1368 801; x_wconf 79' lang='grc' dir='ltr'>δὲ</span> <span class='ocrx_word' id='word_1_21' title='bbox 1399 747 1428 801; x_wconf 81' lang='grc' dir='ltr'>ὃ</span> <span class='ocrx_word' id='word_1_22' title='bbox 1461 745 1548 801; x_wconf 72' lang='grc' dir='ltr'>ἐὰν</span> <span class='ocrx_word' id='word_1_23' title='bbox 1582 744 1803 823; x_wconf 80' lang='grc' dir='ltr'>γένηται</span> <span class='ocrx_word' id='word_1_24' title='bbox 1835 744 1911 807; x_wconf 87' lang='grc' dir='ltr'>εἷς</span> <span class='ocrx_word' id='word_1_25' title='bbox 1948 743 2046 800; x_wconf 79' lang='grc' dir='ltr'>λό·</span> 
     </span>
    </p>
   </div>
   <div class='ocr_carea' id='block_1_5' title="bbox 379 831 2053 915">
    <p class='ocr_par' dir='ltr' id='par_1_5' title="bbox 379 831 2053 915">
     <span class='ocr_line' id='line_1_5' title="bbox 379 831 2053 915; baseline -0.001 -25"><span class='ocrx_word' id='word_1_26' title='bbox 379 858 484 910; x_wconf 86' lang='grc' dir='ltr'>γον</span> <span class='ocrx_word' id='word_1_27' title='bbox 513 840 666 896; x_wconf 66' lang='lat'>8505.</span> <span class='ocrx_word' id='word_1_28' title='bbox 705 831 967 890; x_wconf 73' lang='grc' dir='ltr'>εὐσέϐειά</span> <span class='ocrx_word' id='word_1_29' title='bbox 998 836 1130 906; x_wconf 83' lang='grc' dir='ltr'>ἐστι,</span> <span class='ocrx_word' id='word_1_30' title='bbox 1179 835 1273 891; x_wconf 82' lang='grc' dir='ltr'>κᾶν</span> <span class='ocrx_word' id='word_1_31' title='bbox 1331 834 1557 915; x_wconf 67' lang='grc' dir='ltr'>φόνοςῇ</span> <span class='ocrx_word' id='word_1_32' title='bbox 1607 832 1695 890; x_wconf 76' lang='grc' dir='ltr'>διὰ</span> <span class='ocrx_word' id='word_1_33' title='bbox 1742 836 1892 905; x_wconf 89' lang='grc' dir='ltr'>Θεὸν,</span> <span class='ocrx_word' id='word_1_34' title='bbox 1954 833 2053 888; x_wconf 90' lang='grc' dir='ltr'>οὐκ</span> 
     </span>
    </p>
   </div>
   <div class='ocr_carea' id='block_1_6' title="bbox 377 921 2051 1003">
    <p class='ocr_par' dir='ltr' id='par_1_6' title="bbox 377 921 2051 1003">
     <span class='ocr_line' id='line_1_6' title="bbox 377 921 2051 1003; baseline -0.002 -23"><span class='ocrx_word' id='word_1_35' title='bbox 377 922 493 980; x_wconf 76' lang='grc' dir='ltr'>ἔστι</span> <span class='ocrx_word' id='word_1_36' title='bbox 525 924 713 1003; x_wconf 69' lang='grc' dir='ltr'>φόνος.</span> <span class='ocrx_word' id='word_1_37' title='bbox 745 925 809 981; x_wconf 81' lang='grc' dir='ltr'>Ὀ</span> <span class='ocrx_word' id='word_1_38' title='bbox 839 929 969 1000; x_wconf 76' lang='grc' dir='ltr'>γοῦν</span> <span class='ocrx_word' id='word_1_39' title='bbox 1002 924 1184 988; x_wconf 77' lang='grc' dir='ltr'>Φινεὲς</span> <span class='ocrx_word' id='word_1_40' title='bbox 1239 921 1335 979; x_wconf 71' lang='grc' dir='ltr'>δύο</span> <span class='ocrx_word' id='word_1_41' title='bbox 1393 924 1445 980; x_wconf 81' lang='grc' dir='ltr'>ἐν</span> <span class='ocrx_word' id='word_1_42' title='bbox 1501 929 1601 998; x_wconf 78' lang='grc' dir='ltr'>μιᾷ</span> <span class='ocrx_word' id='word_1_43' title='bbox 1653 925 1801 1003; x_wconf 86' lang='grc' dir='ltr'>χειρὶ</span> <span class='ocrx_word' id='word_1_44' title='bbox 1858 922 2051 1003; x_wconf 13' lang='grc' dir='ltr'>φονεύ,-</span> 
     </span>
    </p>
   </div>
   <div class='ocr_carea' id='block_1_7' title="bbox 382 1011 2050 1087">
    <p class='ocr_par' dir='ltr' id='par_1_7' title="bbox 382 1011 2050 1087">
     <span class='ocr_line' id='line_1_7' title="bbox 382 1011 2050 1087; baseline -0.001 -18"><span class='ocrx_word' id='word_1_45' title='bbox 382 1035 508 1082; x_wconf 78' lang='grc' dir='ltr'>σας,</span> <span class='ocrx_word' id='word_1_46' title='bbox 538 1011 798 1083; x_wconf 71' lang='grc' dir='ltr'>ἤκουσεν·</span> <span class='ocrx_word' id='word_1_47' title='bbox 835 1038 863 1065; x_wconf 90' lang='grc'><em>‹‹</em></span> <span class='ocrx_word' id='word_1_48' title='bbox 896 1017 1068 1084; x_wconf 81' lang='grc' dir='ltr'>’Ἑστη</span> <span class='ocrx_word' id='word_1_49' title='bbox 1103 1016 1286 1075; x_wconf 81' lang='grc' dir='ltr'>Φινεὲς</span> <span class='ocrx_word' id='word_1_50' title='bbox 1316 1014 1407 1068; x_wconf 87' lang='grc' dir='ltr'>καὶ</span> <span class='ocrx_word' id='word_1_51' title='bbox 1439 1012 1745 1087; x_wconf 77' lang='grc' dir='ltr'>ἐξιλασατο,</span> <span class='ocrx_word' id='word_1_52' title='bbox 1807 1013 1894 1068; x_wconf 78' lang='grc' dir='ltr'>καὶ</span> <span class='ocrx_word' id='word_1_53' title='bbox 1927 1012 2050 1067; x_wconf 83' lang='grc' dir='ltr'>ἐκό-</span> 
     </span>
    </p>
   </div>
   <div class='ocr_carea' id='block_1_8' title="bbox 380 1100 2050 1180">
    <p class='ocr_par' dir='ltr' id='par_1_8' title="bbox 380 1100 2050 1180">
     <span class='ocr_line' id='line_1_8' title="bbox 380 1100 2050 1180; baseline -0.002 -22"><span class='ocrx_word' id='word_1_54' title='bbox 380 1125 553 1158; x_wconf 81' lang='grc' dir='ltr'>πασεν</span> <span class='ocrx_word' id='word_1_55' title='bbox 585 1107 620 1173; x_wconf 80' lang='grc' dir='ltr'><strong>ἡ</strong></span> <span class='ocrx_word' id='word_1_56' title='bbox 655 1106 902 1176; x_wconf 76' lang='grc' dir='ltr'>θραῦσις,</span> <span class='ocrx_word' id='word_1_57' title='bbox 961 1105 1050 1158; x_wconf 80' lang='grc' dir='ltr'>καὶ</span> <span class='ocrx_word' id='word_1_58' title='bbox 1112 1103 1375 1180; x_wconf 79' lang='grc' dir='ltr'>ἐλογίσθη</span> <span class='ocrx_word' id='word_1_59' title='bbox 1438 1103 1588 1176; x_wconf 83' lang='grc' dir='ltr'>αὐτῷ</span> <span class='ocrx_word' id='word_1_60' title='bbox 1643 1104 1718 1166; x_wconf 82' lang='grc' dir='ltr'>εἷς</span> <span class='ocrx_word' id='word_1_61' title='bbox 1771 1100 2050 1158; x_wconf 74' lang='grc' dir='ltr'>δικαιοσύο</span> 
     </span>
    </p>
   </div>
   <div class='ocr_carea' id='block_1_9' title="bbox 378 1191 2052 1270">
    <p class='ocr_par' dir='ltr' id='par_1_9' title="bbox 378 1191 2052 1270">
     <span class='ocr_line' id='line_1_9' title="bbox 378 1191 2052 1270; baseline -0.001 -23"><span class='ocrx_word' id='word_1_62' title='bbox 378 1215 506 1263; x_wconf 83' lang='grc' dir='ltr'>νην.</span> <span class='ocrx_word' id='word_1_63' title='bbox 546 1217 575 1244; x_wconf 75' lang='grc' dir='ltr'>υ</span> <span class='ocrx_word' id='word_1_64' title='bbox 608 1195 879 1270; x_wconf 65' lang='grc' dir='ltr'>Διάφορος</span> <span class='ocrx_word' id='word_1_65' title='bbox 907 1193 1072 1269; x_wconf 71' lang='grc' dir='ltr'>γὰρὴ</span> <span class='ocrx_word' id='word_1_66' title='bbox 1118 1197 1433 1268; x_wconf 86' lang='grc' dir='ltr'>προαίρεσις</span> <span class='ocrx_word' id='word_1_67' title='bbox 1490 1195 1698 1270; x_wconf 73' lang='grc' dir='ltr'>φονέως</span> <span class='ocrx_word' id='word_1_68' title='bbox 1757 1192 1847 1248; x_wconf 81' lang='grc' dir='ltr'>καὶ</span> <span class='ocrx_word' id='word_1_69' title='bbox 1905 1191 2052 1247; x_wconf 74' lang='grc' dir='ltr'>εὐσε⁴</span> 
     </span>
    </p>
   </div>
   <div class='ocr_carea' id='block_1_10' title="bbox 380 1277 2048 1358">
    <p class='ocr_par' dir='ltr' id='par_1_10' title="bbox 380 1277 2048 1358">
     <span class='ocr_line' id='line_1_10' title="bbox 380 1277 2048 1358; baseline -0.001 -21"><span class='ocrx_word' id='word_1_70' title='bbox 380 1278 644 1348; x_wconf 76' lang='grc' dir='ltr'>ὅοῦντος,</span> <span class='ocrx_word' id='word_1_71' title='bbox 706 1283 804 1336; x_wconf 75' lang='grc' dir='ltr'>κᾶν</span> <span class='ocrx_word' id='word_1_72' title='bbox 859 1282 922 1336; x_wconf 83' lang='grc' dir='ltr'>τὸ</span> <span class='ocrx_word' id='word_1_73' title='bbox 972 1283 1260 1358; x_wconf 87' lang='grc' dir='ltr'>γινόμενον</span> <span class='ocrx_word' id='word_1_74' title='bbox 1317 1286 1548 1357; x_wconf 79' lang='grc' dir='ltr'>πρᾶγμα</span> <span class='ocrx_word' id='word_1_75' title='bbox 1606 1277 1682 1338; x_wconf 61' lang='grc' dir='ltr'>ἓν.</span> <span class='ocrx_word' id='word_1_76' title='bbox 1746 1283 1824 1340; x_wconf 85' lang='grc' dir='ltr'>Τὸ</span> <span class='ocrx_word' id='word_1_77' title='bbox 1869 1282 2048 1336; x_wconf 80' lang='grc' dir='ltr'>τοίνυν</span> 
     </span>
    </p>
   </div>
   <div class='ocr_carea' id='block_1_11' title="bbox 379 1365 2050 1448">
    <p class='ocr_par' dir='ltr' id='par_1_11' title="bbox 379 1365 2050 1448">
     <span class='ocr_line' id='line_1_11' title="bbox 379 1365 2050 1448; baseline 0 -22"><span class='ocrx_word' id='word_1_78' title='bbox 379 1373 677 1448; x_wconf 80' lang='grc' dir='ltr'>γενόμενον</span> <span class='ocrx_word' id='word_1_79' title='bbox 724 1369 813 1426; x_wconf 72' lang='grc' dir='ltr'>διὰ</span> <span class='ocrx_word' id='word_1_80' title='bbox 870 1370 1170 1441; x_wconf 83' lang='grc' dir='ltr'>Μωϋσέως,</span> <span class='ocrx_word' id='word_1_81' title='bbox 1220 1378 1454 1444; x_wconf 85' lang='grc' dir='ltr'>σημεῖον</span> <span class='ocrx_word' id='word_1_82' title='bbox 1507 1371 1574 1441; x_wconf 82' lang='grc' dir='ltr'>ἦν</span> <span class='ocrx_word' id='word_1_83' title='bbox 1630 1365 1713 1426; x_wconf 84' lang='grc' dir='ltr'>ὅτι</span> <span class='ocrx_word' id='word_1_84' title='bbox 1771 1369 1965 1444; x_wconf 86' lang='grc' dir='ltr'>μέλλει</span> <span class='ocrx_word' id='word_1_85' title='bbox 2022 1372 2050 1426; x_wconf 88' lang='grc' dir='ltr'>ὁ</span> 
     </span>
    </p>
   </div>
   <div class='ocr_carea' id='block_1_12' title="bbox 382 1457 2054 1535">
    <p class='ocr_par' dir='ltr' id='par_1_12' title="bbox 382 1457 2054 1535">
     <span class='ocr_line' id='line_1_12' title="bbox 382 1457 2054 1535; baseline -0.002 -16"><span class='ocrx_word' id='word_1_86' title='bbox 382 1464 518 1524; x_wconf 87' lang='grc' dir='ltr'>Θεὸς</span> <span class='ocrx_word' id='word_1_87' title='bbox 553 1461 646 1516; x_wconf 69' lang='grc' dir='ltr'>διὰ</span> <span class='ocrx_word' id='word_1_88' title='bbox 705 1464 984 1524; x_wconf 71' lang='grc' dir='ltr'>Μωυσέως</span> <span class='ocrx_word' id='word_1_89' title='bbox 1025 1460 1356 1535; x_wconf 73' lang='grc' dir='ltr'>Αἰγυπτίους</span> <span class='ocrx_word' id='word_1_90' title='bbox 1418 1461 1782 1533; x_wconf 79' lang='grc' dir='ltr'>ἀποκτείνειν,</span> <span class='ocrx_word' id='word_1_91' title='bbox 1834 1461 1962 1523; x_wconf 77' lang='grc' dir='ltr'>τοὺς</span> <span class='ocrx_word' id='word_1_92' title='bbox 1996 1457 2054 1515; x_wconf 76' lang='grc' dir='ltr'>δὶ</span> 
     </span>
    </p>
   </div>
   <div class='ocr_carea' id='block_1_13' title="bbox 385 1549 2053 1627">
    <p class='ocr_par' dir='ltr' id='par_1_13' title="bbox 385 1549 2053 1627">
     <span class='ocr_line' id='line_1_13' title="bbox 385 1549 2053 1627; baseline -0.001 -19"><span class='ocrx_word' id='word_1_93' title='bbox 385 1551 733 1627; x_wconf 72' lang='grc' dir='ltr'>λεγομένους</span> <span class='ocrx_word' id='word_1_94' title='bbox 789 1550 1132 1626; x_wconf 83' lang='grc' dir='ltr'>Ἰσραηλίτας</span> <span class='ocrx_word' id='word_1_95' title='bbox 1189 1552 1403 1622; x_wconf 86' lang='grc' dir='ltr'>σώζειν.</span> <span class='ocrx_word' id='word_1_96' title='bbox 1461 1553 1559 1607; x_wconf 85' lang='grc' dir='ltr'>Καὶ</span> <span class='ocrx_word' id='word_1_97' title='bbox 1643 1549 1751 1608; x_wconf 83' lang='grc' dir='ltr'>ὦδε</span> <span class='ocrx_word' id='word_1_98' title='bbox 1833 1552 1926 1625; x_wconf 78' lang='grc' dir='ltr'>μὲν</span> <span class='ocrx_word' id='word_1_99' title='bbox 1985 1552 2053 1606; x_wconf 82' lang='grc' dir='ltr'>τὰ</span> 
     </span>
    </p>
   </div>
   <div class='ocr_carea' id='block_1_14' title="bbox 387 1639 2051 1716">
    <p class='ocr_par' dir='ltr' id='par_1_14' title="bbox 387 1639 2051 1716">
     <span class='ocr_line' id='line_1_14' title="bbox 387 1639 2051 1716; baseline -0.004 -16"><span class='ocrx_word' id='word_1_100' title='bbox 387 1645 665 1706; x_wconf 79' lang='grc' dir='ltr'>Μωσέως.</span> <span class='ocrx_word' id='word_1_101' title='bbox 727 1642 970 1716; x_wconf 81' lang='grc' dir='ltr'>Θεωρίας</span> <span class='ocrx_word' id='word_1_102' title='bbox 1055 1639 1114 1697; x_wconf 79' lang='grc' dir='ltr'>δὲ</span> <span class='ocrx_word' id='word_1_103' title='bbox 1219 1644 1317 1712; x_wconf 72' lang='grc' dir='ltr'>τῆς</span> <span class='ocrx_word' id='word_1_104' title='bbox 1430 1641 1692 1698; x_wconf 78' lang='grc' dir='ltr'>ἀνωτάτω</span> <span class='ocrx_word' id='word_1_105' title='bbox 1800 1643 2051 1712; x_wconf 81' lang='grc' dir='ltr'>συνθήσει</span> 
     </span>
    </p>
   </div>
   <div class='ocr_carea' id='block_1_15' title="bbox 397 1729 2050 1809">
    <p class='ocr_par' dir='ltr' id='par_1_15' title="bbox 397 1729 2050 1809">
     <span class='ocr_line' id='line_1_15' title="bbox 397 1729 2050 1809; baseline 0 -22"><span class='ocrx_word' id='word_1_106' title='bbox 397 1729 559 1787; x_wconf 64' lang='grc' dir='ltr'>πάλιν</span> <span class='ocrx_word' id='word_1_107' title='bbox 590 1735 726 1804; x_wconf 77' lang='grc' dir='ltr'>ἡμῖν</span> <span class='ocrx_word' id='word_1_108' title='bbox 761 1733 790 1786; x_wconf 84' lang='grc' dir='ltr'>ὁ</span> <span class='ocrx_word' id='word_1_109' title='bbox 822 1731 991 1809; x_wconf 87' lang='grc' dir='ltr'>λόγος</span> <span class='ocrx_word' id='word_1_110' title='bbox 1041 1733 1142 1802; x_wconf 75' lang='grc' dir='ltr'>τὴν</span> <span class='ocrx_word' id='word_1_111' title='bbox 1208 1731 1552 1808; x_wconf 69' lang='grc' dir='ltr'>οῗκονομίαν,</span> <span class='ocrx_word' id='word_1_112' title='bbox 1609 1734 1709 1802; x_wconf 81' lang='grc' dir='ltr'>τήν</span> <span class='ocrx_word' id='word_1_113' title='bbox 1770 1733 1855 1788; x_wconf 75' lang='grc' dir='ltr'>ἐπὶ</span> <span class='ocrx_word' id='word_1_114' title='bbox 1914 1731 2050 1806; x_wconf 86' lang='grc' dir='ltr'>Χρι-</span> 
     </span>
    </p>
   </div>
   <div class='ocr_carea' id='block_1_16' title="bbox 405 1821 2052 1898">
    <p class='ocr_par' dir='ltr' id='par_1_16' title="bbox 405 1821 2052 1898">
     <span class='ocr_line' id='line_1_16' title="bbox 405 1821 2052 1898; baseline 0 -22"><span class='ocrx_word' id='word_1_115' title='bbox 405 1825 535 1893; x_wconf 75' lang='grc' dir='ltr'>στῷ.</span> <span class='ocrx_word' id='word_1_116' title='bbox 618 1821 808 1895; x_wconf 78' lang='grc' dir='ltr'>Εὑρὼν</span> <span class='ocrx_word' id='word_1_117' title='bbox 866 1822 971 1897; x_wconf 81' lang='grc' dir='ltr'>γὰρ</span> <span class='ocrx_word' id='word_1_118' title='bbox 1039 1822 1068 1876; x_wconf 85' lang='grc' dir='ltr'>ὁ</span> <span class='ocrx_word' id='word_1_119' title='bbox 1131 1824 1328 1898; x_wconf 79' lang='grc' dir='ltr'>Σωτήρ</span> <span class='ocrx_word' id='word_1_120' title='bbox 1415 1821 1595 1892; x_wconf 74' lang='grc' dir='ltr'>δεινὴν</span> <span class='ocrx_word' id='word_1_121' title='bbox 1682 1821 2052 1896; x_wconf 84' lang='grc' dir='ltr'>ὑπομένοντας</span> 
     </span>
    </p>
   </div>
   <div class='ocr_carea' id='block_1_17' title="bbox 1351 427 2799 496">
    <p class='ocr_par' dir='ltr' id='par_1_17' title="bbox 1351 427 2799 496">
     <span class='ocr_line' id='line_1_17' title="bbox 1351 427 2799 496; baseline 0.001 -3"><span class='ocrx_word' id='word_1_122' title='bbox 1351 430 1759 493; x_wconf 83' lang='grc' dir='ltr'>ΟΟΜΜΕΝΤ.</span> <span class='ocrx_word' id='word_1_123' title='bbox 1809 431 1887 490; x_wconf 89' lang='grc' dir='ltr'><strong>ΙΝ</strong></span> <span class='ocrx_word' id='word_1_124' title='bbox 1933 427 2140 490; x_wconf 87' lang='lat' dir='ltr'>ACTA</span> <span class='ocrx_word' id='word_1_125' title='bbox 2182 428 2799 496; x_wconf 82' lang='lat' dir='ltr'>APOSTOLORUM.</span> 
     </span>
    </p>
   </div>
   <div class='ocr_carea' id='block_1_18' title="bbox 2071 565 2126 630">
    <p class='ocr_par' dir='ltr' id='par_1_18' title="bbox 2071 565 2126 630">
     <span class='ocr_line' id='line_1_18' title="bbox 2071 565 2126 630; baseline 0 0"><span class='ocrx_word' id='word_1_126' title='bbox 2071 565 2126 630; x_wconf 82' lang='lat' dir='ltr'><strong>A</strong></span> 
     </span>
    </p>
   </div>
   <div class='ocr_carea' id='block_1_19' title="bbox 3698 439 3816 499">
    <p class='ocr_par' dir='ltr' id='par_1_19' title="bbox 3698 439 3816 499">
     <span class='ocr_line' id='line_1_19' title="bbox 3698 439 3816 499; baseline 0.017 -2"><span class='ocrx_word' id='word_1_127' title='bbox 3698 439 3816 499; x_wconf 70' lang='grc'>142</span> 
     </span>
    </p>
   </div>
   <div class='ocr_carea' id='block_1_20' title="bbox 2229 565 2967 643">
    <p class='ocr_par' dir='ltr' id='par_1_20' title="bbox 2229 565 2967 643">
     <span class='ocr_line' id='line_1_20' title="bbox 2229 565 2967 643; baseline 0.004 -25"><span class='ocrx_word' id='word_1_128' title='bbox 2229 587 2260 617; x_wconf 88' lang='grc'>‹‹</span> <span class='ocrx_word' id='word_1_129' title='bbox 2291 565 2582 625; x_wconf 85' lang='lat' dir='ltr'>Percusso</span> <span class='ocrx_word' id='word_1_130' title='bbox 2611 567 2898 643; x_wconf 66' lang='lat' dir='ltr'>Egyptio.</span> <span class='ocrx_word' id='word_1_131' title='bbox 2937 590 2967 620; x_wconf 69' lang='grc' dir='ltr'>υ</span> 
     </span>
    </p>
   </div>
   <div class='ocr_carea' id='block_1_21' title="bbox 2234 657 3819 734">
    <p class='ocr_par' dir='ltr' id='par_1_21' title="bbox 2234 657 3819 734">
     <span class='ocr_line' id='line_1_21' title="bbox 2234 657 3819 734; baseline 0.005 -23"><span class='ocrx_word' id='word_1_132' title='bbox 2234 657 2462 713; x_wconf 79' lang='lat' dir='ltr'>Occidit</span> <span class='ocrx_word' id='word_1_133' title='bbox 2484 659 2672 716; x_wconf 85' lang='lat' dir='ltr'>Moses</span> <span class='ocrx_word' id='word_1_134' title='bbox 2701 659 3033 734; x_wconf 72' lang='lat' dir='ltr'>Aigyptium</span> <span class='ocrx_word' id='word_1_135' title='bbox 3060 674 3182 716; x_wconf 89' lang='lat' dir='ltr'>non</span> <span class='ocrx_word' id='word_1_136' title='bbox 3212 659 3395 716; x_wconf 88' lang='lat' dir='ltr'>animi</span> <span class='ocrx_word' id='word_1_137' title='bbox 3427 659 3613 718; x_wconf 88' lang='lat' dir='ltr'>furori</span> <span class='ocrx_word' id='word_1_138' title='bbox 3646 660 3819 719; x_wconf 85' lang='lat' dir='ltr'>obse-</span> 
     </span>
    </p>
   </div>
   <div class='ocr_carea' id='block_1_22' title="bbox 2163 747 3818 820">
    <p class='ocr_par' dir='ltr' id='par_1_22' title="bbox 2163 747 3818 820">
     <span class='ocr_line' id='line_1_22' title="bbox 2163 747 3818 820; baseline 0.004 -19"><span class='ocrx_word' id='word_1_139' title='bbox 2163 747 2455 815; x_wconf 83' lang='lat' dir='ltr'>cundans,</span> <span class='ocrx_word' id='word_1_140' title='bbox 2487 765 2683 820; x_wconf 89' lang='lat' dir='ltr'>neque</span> <span class='ocrx_word' id='word_1_141' title='bbox 2723 750 2810 805; x_wconf 89' lang='lat' dir='ltr'>ira</span> <span class='ocrx_word' id='word_1_142' title='bbox 2842 757 3058 814; x_wconf 89' lang='lat' dir='ltr'>motus,</span> <span class='ocrx_word' id='word_1_143' title='bbox 3093 750 3194 805; x_wconf 90' lang='lat' dir='ltr'>sed</span> <span class='ocrx_word' id='word_1_144' title='bbox 3226 751 3369 806; x_wconf 89' lang='lat' dir='ltr'>zelo.</span> <span class='ocrx_word' id='word_1_145' title='bbox 3403 752 3589 807; x_wconf 84' lang='lat' dir='ltr'>Omne</span> <span class='ocrx_word' id='word_1_146' title='bbox 3618 761 3818 808; x_wconf 89' lang='lat' dir='ltr'>autem</span> 
     </span>
    </p>
   </div>
   <div class='ocr_carea' id='block_1_23' title="bbox 2163 837 3820 914">
    <p class='ocr_par' dir='ltr' id='par_1_23' title="bbox 2163 837 3820 914">
     <span class='ocr_line' id='line_1_23' title="bbox 2163 837 3820 914; baseline 0.003 -24"><span class='ocrx_word' id='word_1_147' title='bbox 2163 837 2560 909; x_wconf 86' lang='lat' dir='ltr'>quodcunque</span> <span class='ocrx_word' id='word_1_148' title='bbox 2589 841 2806 894; x_wconf 84' lang='lat' dir='ltr'>factum</span> <span class='ocrx_word' id='word_1_149' title='bbox 2831 839 3196 910; x_wconf 85' lang='lat' dir='ltr'>fueritjuxta</span> <span class='ocrx_word' id='word_1_150' title='bbox 3225 841 3324 894; x_wconf 86' lang='lat' dir='ltr'>Dei</span> <span class='ocrx_word' id='word_1_151' title='bbox 3357 841 3820 914; x_wconf 80' lang='lat' dir='ltr'>verbumpietas</span> 
     </span>
    </p>
   </div>
   <div class='ocr_carea' id='block_1_24' title="bbox 2165 928 3824 1002">
    <p class='ocr_par' dir='ltr' id='par_1_24' title="bbox 2165 928 3824 1002">
     <span class='ocr_line' id='line_1_24' title="bbox 2165 928 3824 1002; baseline 0.004 -22"><span class='ocrx_word' id='word_1_152' title='bbox 2165 933 2274 992; x_wconf 90' lang='lat' dir='ltr'>est,</span> <span class='ocrx_word' id='word_1_153' title='bbox 2308 928 2542 983; x_wconf 87' lang='lat' dir='ltr'>etiamsi</span> <span class='ocrx_word' id='word_1_154' title='bbox 2577 929 2768 984; x_wconf 67' lang='lat' dir='ltr'>caedes</span> <span class='ocrx_word' id='word_1_155' title='bbox 2799 930 2980 984; x_wconf 86' lang='lat' dir='ltr'>fuerit</span> <span class='ocrx_word' id='word_1_156' title='bbox 3014 929 3110 984; x_wconf 79' lang='lat' dir='ltr'>Dei</span> <span class='ocrx_word' id='word_1_157' title='bbox 3145 931 3385 995; x_wconf 68' lang='lat' dir='ltr'>intuitu,</span> <span class='ocrx_word' id='word_1_158' title='bbox 3409 932 3538 1002; x_wconf 89' lang='lat' dir='ltr'>jam</span> <span class='ocrx_word' id='word_1_159' title='bbox 3570 949 3690 986; x_wconf 90' lang='lat' dir='ltr'>non</span> <span class='ocrx_word' id='word_1_160' title='bbox 3732 935 3824 986; x_wconf 88' lang='lat' dir='ltr'>est</span> 
     </span>
    </p>
   </div>
   <div class='ocr_carea' id='block_1_25' title="bbox 2163 1016 3824 1076">
    <p class='ocr_par' dir='ltr' id='par_1_25' title="bbox 2163 1016 3824 1076">
     <span class='ocr_line' id='line_1_25' title="bbox 2163 1016 3824 1076; baseline 0.001 -4"><span class='ocrx_word' id='word_1_161' title='bbox 2163 1016 2373 1072; x_wconf 65' lang='lat' dir='ltr'>caades.</span> <span class='ocrx_word' id='word_1_162' title='bbox 2410 1018 2578 1073; x_wconf 82' lang='lat' dir='ltr'>Certe</span> <span class='ocrx_word' id='word_1_163' title='bbox 2611 1035 2746 1074; x_wconf 91' lang='lat' dir='ltr'>cum</span> <span class='ocrx_word' id='word_1_164' title='bbox 2782 1019 3035 1074; x_wconf 88' lang='lat' dir='ltr'>Phinees</span> <span class='ocrx_word' id='word_1_165' title='bbox 3067 1019 3216 1074; x_wconf 93' lang='lat' dir='ltr'>duos</span> <span class='ocrx_word' id='word_1_166' title='bbox 3246 1036 3366 1075; x_wconf 89' lang='lat' dir='ltr'>una</span> <span class='ocrx_word' id='word_1_167' title='bbox 3417 1037 3597 1076; x_wconf 90' lang='lat' dir='ltr'>manu</span> <span class='ocrx_word' id='word_1_168' title='bbox 3637 1023 3824 1075; x_wconf 89' lang='lat' dir='ltr'>inter-</span> 
     </span>
    </p>
   </div>
   <div class='ocr_carea' id='block_1_26' title="bbox 2165 1106 3828 1180">
    <p class='ocr_par' dir='ltr' id='par_1_26' title="bbox 2165 1106 3828 1180">
     <span class='ocr_line' id='line_1_26' title="bbox 2165 1106 3828 1180; baseline 0.002 -21"><span class='ocrx_word' id='word_1_169' title='bbox 2165 1106 2413 1162; x_wconf 80' lang='lat' dir='ltr'>emisset</span> <span class='ocrx_word' id='word_1_170' title='bbox 2457 1106 2796 1163; x_wconf 79' lang='lat' dir='ltr'>7°.audivit:</span> <span class='ocrx_word' id='word_1_171' title='bbox 2833 1132 2860 1158; x_wconf 85' lang='grc'><strong>‹‹</strong></span> <span class='ocrx_word' id='word_1_172' title='bbox 2897 1108 3367 1171; x_wconf 86' lang='lat' dir='ltr'>StetitPhinees.</span> <span class='ocrx_word' id='word_1_173' title='bbox 3403 1116 3462 1164; x_wconf 92' lang='lat' dir='ltr'>et</span> <span class='ocrx_word' id='word_1_174' title='bbox 3491 1109 3734 1180; x_wconf 79' lang='lat' dir='ltr'>placuit,</span> <span class='ocrx_word' id='word_1_175' title='bbox 3768 1113 3828 1164; x_wconf 89' lang='lat' dir='ltr'>et</span> 
     </span>
    </p>
   </div>
   <div class='ocr_carea' id='block_1_27' title="bbox 2165 1196 3824 1271">
    <p class='ocr_par' dir='ltr' id='par_1_27' title="bbox 2165 1196 3824 1271">
     <span class='ocr_line' id='line_1_27' title="bbox 2165 1196 3824 1271; baseline -0.001 -20"><span class='ocrx_word' id='word_1_176' title='bbox 2165 1196 2391 1267; x_wconf 85' lang='lat' dir='ltr'>quievit</span> <span class='ocrx_word' id='word_1_177' title='bbox 2422 1197 2689 1271; x_wconf 86' lang='lat' dir='ltr'>plaga,ac</span> <span class='ocrx_word' id='word_1_178' title='bbox 2713 1205 3053 1271; x_wconf 89' lang='lat' dir='ltr'>reputatum</span> <span class='ocrx_word' id='word_1_179' title='bbox 3087 1205 3178 1254; x_wconf 90' lang='lat' dir='ltr'>est</span> <span class='ocrx_word' id='word_1_180' title='bbox 3201 1199 3312 1269; x_wconf 89' lang='lat' dir='ltr'>ipsi</span> <span class='ocrx_word' id='word_1_181' title='bbox 3344 1198 3418 1255; x_wconf 91' lang='lat' dir='ltr'>ad</span> <span class='ocrx_word' id='word_1_182' title='bbox 3439 1199 3756 1270; x_wconf 79' lang='lat' dir='ltr'>justitiam.</span> <span class='ocrx_word' id='word_1_183' title='bbox 3795 1221 3824 1249; x_wconf 84' lang='lat'><strong><em>»</em></strong></span> 
     </span>
    </p>
   </div>
   <div class='ocr_carea' id='block_1_28' title="bbox 2165 1287 3828 1362">
    <p class='ocr_par' dir='ltr' id='par_1_28' title="bbox 2165 1287 3828 1362">
     <span class='ocr_line' id='line_1_28' title="bbox 2165 1287 3828 1362; baseline 0.002 -21"><span class='ocrx_word' id='word_1_184' title='bbox 2165 1287 2405 1343; x_wconf 87' lang='lat' dir='ltr'>Diversa</span> <span class='ocrx_word' id='word_1_185' title='bbox 2437 1305 2694 1360; x_wconf 81' lang='lat' dir='ltr'>namque</span> <span class='ocrx_word' id='word_1_186' title='bbox 2728 1299 2819 1344; x_wconf 89' lang='lat' dir='ltr'>est</span> <span class='ocrx_word' id='word_1_187' title='bbox 2846 1290 3121 1345; x_wconf 84' lang='lat' dir='ltr'>voluntas</span> <span class='ocrx_word' id='word_1_188' title='bbox 3147 1289 3465 1346; x_wconf 69' lang='lat' dir='ltr'>homicidas</span> <span class='ocrx_word' id='word_1_189' title='bbox 3488 1289 3692 1362; x_wconf 88' lang='lat' dir='ltr'>etejus</span> <span class='ocrx_word' id='word_1_190' title='bbox 3725 1289 3828 1360; x_wconf 87' lang='lat' dir='ltr'>qui</span> 
     </span>
    </p>
   </div>
   <div class='ocr_carea' id='block_1_29' title="bbox 2164 1377 3824 1452">
    <p class='ocr_par' dir='ltr' id='par_1_29' title="bbox 2164 1377 3824 1452">
     <span class='ocr_line' id='line_1_29' title="bbox 2164 1377 3824 1452; baseline 0.002 -22"><span class='ocrx_word' id='word_1_191' title='bbox 2164 1377 2448 1448; x_wconf 84' lang='lat' dir='ltr'>pietatem</span> <span class='ocrx_word' id='word_1_192' title='bbox 2481 1379 2977 1442; x_wconf 88' lang='lat' dir='ltr'>exercet,eliamsi</span> <span class='ocrx_word' id='word_1_193' title='bbox 3007 1387 3309 1452; x_wconf 90' lang='lat' dir='ltr'>peractum</span> <span class='ocrx_word' id='word_1_194' title='bbox 3345 1395 3495 1451; x_wconf 90' lang='lat' dir='ltr'>opus</span> <span class='ocrx_word' id='word_1_195' title='bbox 3523 1379 3598 1434; x_wconf 89' lang='lat' dir='ltr'>sit</span> <span class='ocrx_word' id='word_1_196' title='bbox 3621 1395 3824 1434; x_wconf 89' lang='lat' dir='ltr'>unum.</span> 
     </span>
    </p>
   </div>
   <div class='ocr_carea' id='block_1_30' title="bbox 2163 1465 3828 1542">
    <p class='ocr_par' dir='ltr' id='par_1_30' title="bbox 2163 1465 3828 1542">
     <span class='ocr_line' id='line_1_30' title="bbox 2163 1465 3828 1542; baseline 0.002 -22"><span class='ocrx_word' id='word_1_197' title='bbox 2163 1465 2407 1521; x_wconf 88' lang='lat' dir='ltr'>Factum</span> <span class='ocrx_word' id='word_1_198' title='bbox 2433 1467 2633 1538; x_wconf 84' lang='lat' dir='ltr'>itaque</span> <span class='ocrx_word' id='word_1_199' title='bbox 2667 1485 2772 1540; x_wconf 90' lang='lat' dir='ltr'>per</span> <span class='ocrx_word' id='word_1_200' title='bbox 2802 1470 3002 1524; x_wconf 83' lang='lat' dir='ltr'>Mosen</span> <span class='ocrx_word' id='word_1_201' title='bbox 3035 1469 3271 1542; x_wconf 88' lang='lat' dir='ltr'>signum</span> <span class='ocrx_word' id='word_1_202' title='bbox 3323 1470 3433 1523; x_wconf 81' lang='lat' dir='ltr'>l‘uit</span> <span class='ocrx_word' id='word_1_203' title='bbox 3464 1468 3626 1540; x_wconf 92' lang='lat' dir='ltr'>quod</span> <span class='ocrx_word' id='word_1_204' title='bbox 3675 1469 3828 1524; x_wconf 89' lang='lat' dir='ltr'>Deus</span> 
     </span>
    </p>
   </div>
   <div class='ocr_carea' id='block_1_31' title="bbox 2164 1558 3826 1631">
    <p class='ocr_par' dir='ltr' id='par_1_31' title="bbox 2164 1558 3826 1631">
     <span class='ocr_line' id='line_1_31' title="bbox 2164 1558 3826 1631; baseline 0.002 -22"><span class='ocrx_word' id='word_1_205' title='bbox 2164 1572 2270 1627; x_wconf 90' lang='lat' dir='ltr'>per</span> <span class='ocrx_word' id='word_1_206' title='bbox 2289 1558 2492 1613; x_wconf 86' lang='lat' dir='ltr'>Mosen</span> <span class='ocrx_word' id='word_1_207' title='bbox 2517 1559 2817 1631; x_wconf 62' lang='lat' dir='ltr'>Egyptios</span> <span class='ocrx_word' id='word_1_208' title='bbox 2848 1558 3166 1627; x_wconf 88' lang='lat' dir='ltr'>occideret,</span> <span class='ocrx_word' id='word_1_209' title='bbox 3199 1559 3393 1615; x_wconf 90' lang='lat' dir='ltr'>dictos</span> <span class='ocrx_word' id='word_1_210' title='bbox 3422 1565 3622 1615; x_wconf 90' lang='lat' dir='ltr'>autem</span> <span class='ocrx_word' id='word_1_211' title='bbox 3644 1559 3826 1613; x_wconf 88' lang='lat' dir='ltr'>lsrae-</span> 
     </span>
    </p>
   </div>
   <div class='ocr_carea' id='block_1_32' title="bbox 2163 1644 3832 1720">
    <p class='ocr_par' dir='ltr' id='par_1_32' title="bbox 2163 1644 3832 1720">
     <span class='ocr_line' id='line_1_32' title="bbox 2163 1644 3832 1720; baseline 0.001 -20"><span class='ocrx_word' id='word_1_212' title='bbox 2163 1645 2299 1702; x_wconf 89' lang='lat' dir='ltr'>litas</span> <span class='ocrx_word' id='word_1_213' title='bbox 2331 1654 2614 1704; x_wconf 86' lang='lat' dir='ltr'>servaret.</span> <span class='ocrx_word' id='word_1_214' title='bbox 2650 1650 2720 1703; x_wconf 93' lang='lat' dir='ltr'>Et</span> <span class='ocrx_word' id='word_1_215' title='bbox 2749 1649 2832 1704; x_wconf 90' lang='lat' dir='ltr'>ita</span> <span class='ocrx_word' id='word_1_216' title='bbox 2893 1649 3138 1720; x_wconf 89' lang='lat' dir='ltr'>quidem</span> <span class='ocrx_word' id='word_1_217' title='bbox 3195 1664 3257 1705; x_wconf 92' lang='lat' dir='ltr'>se</span> <span class='ocrx_word' id='word_1_218' title='bbox 3316 1648 3540 1704; x_wconf 89' lang='lat' dir='ltr'>habent</span> <span class='ocrx_word' id='word_1_219' title='bbox 3592 1662 3724 1719; x_wconf 80' lang='lat' dir='ltr'>quae</span> <span class='ocrx_word' id='word_1_220' title='bbox 3755 1644 3832 1703; x_wconf 90' lang='lat' dir='ltr'>ad</span> 
     </span>
    </p>
   </div>
   <div class='ocr_carea' id='block_1_33' title="bbox 2166 1736 3828 1794">
    <p class='ocr_par' dir='ltr' id='par_1_33' title="bbox 2166 1736 3828 1794">
     <span class='ocr_line' id='line_1_33' title="bbox 2166 1736 3828 1794; baseline -0.001 -3"><span class='ocrx_word' id='word_1_221' title='bbox 2166 1736 2366 1791; x_wconf 86' lang='lat' dir='ltr'>Mosen</span> <span class='ocrx_word' id='word_1_222' title='bbox 2383 1737 2658 1793; x_wconf 87' lang='lat' dir='ltr'>attinent.</span> <span class='ocrx_word' id='word_1_223' title='bbox 2684 1739 2898 1794; x_wconf 91' lang='lat' dir='ltr'>Verum</span> <span class='ocrx_word' id='word_1_224' title='bbox 2930 1753 3127 1794; x_wconf 82' lang='lat' dir='ltr'>sermo</span> <span class='ocrx_word' id='word_1_225' title='bbox 3159 1739 3256 1793; x_wconf 90' lang='lat' dir='ltr'>hic</span> <span class='ocrx_word' id='word_1_226' title='bbox 3280 1754 3519 1794; x_wconf 87' lang='lat' dir='ltr'>rursum</span> <span class='ocrx_word' id='word_1_227' title='bbox 3543 1736 3717 1793; x_wconf 91' lang='lat' dir='ltr'>nobis</span> <span class='ocrx_word' id='word_1_228' title='bbox 3741 1751 3828 1790; x_wconf 87' lang='lat' dir='ltr'>su-</span> 
     </span>
    </p>
   </div>
   <div class='ocr_carea' id='block_1_34' title="bbox 2167 1825 3836 1899">
    <p class='ocr_par' dir='ltr' id='par_1_34' title="bbox 2167 1825 3836 1899">
     <span class='ocr_line' id='line_1_34' title="bbox 2167 1825 3836 1899; baseline 0 -19"><span class='ocrx_word' id='word_1_229' title='bbox 2167 1842 2389 1896; x_wconf 79' lang='lat' dir='ltr'>premae</span> <span class='ocrx_word' id='word_1_230' title='bbox 2421 1827 2950 1899; x_wconf 87' lang='lat' dir='ltr'>contemplationis</span> <span class='ocrx_word' id='word_1_231' title='bbox 2977 1827 3490 1899; x_wconf 82' lang='lat' dir='ltr'>dispensationem</span> <span class='ocrx_word' id='word_1_232' title='bbox 3507 1825 3836 1883; x_wconf 90' lang='lat' dir='ltr'>concinna-</span> 
     </span>
    </p>
   </div>
   <div class='ocr_carea' id='block_1_35' title="bbox 403 1910 2064 1996">
    <p class='ocr_par' dir='ltr' id='par_1_35' title="bbox 403 1910 2055 1988">
     <span class='ocr_line' id='line_1_35' title="bbox 403 1910 2055 1988; baseline 0 -22"><span class='ocrx_word' id='word_1_233' title='bbox 403 1912 505 1979; x_wconf 73' lang='grc' dir='ltr'>τήν</span> <span class='ocrx_word' id='word_1_234' title='bbox 550 1911 857 1982; x_wconf 79' lang='grc' dir='ltr'>πλεονεξίαν</span> <span class='ocrx_word' id='word_1_235' title='bbox 916 1912 1045 1974; x_wconf 69' lang='grc' dir='ltr'>τοὺς</span> <span class='ocrx_word' id='word_1_236' title='bbox 1103 1911 1154 1983; x_wconf 71' lang='grc' dir='ltr'>ἐξ</span> <span class='ocrx_word' id='word_1_237' title='bbox 1213 1913 1436 1988; x_wconf 73' lang='grc' dir='ltr'>Ἰσραὴλ</span> <span class='ocrx_word' id='word_1_238' title='bbox 1493 1910 1766 1987; x_wconf 78' lang='grc' dir='ltr'>(ἐπεπήδα</span> <span class='ocrx_word' id='word_1_239' title='bbox 1820 1913 1920 1986; x_wconf 80' lang='grc' dir='ltr'>γὰρ</span> <span class='ocrx_word' id='word_1_240' title='bbox 1979 1911 2055 1975; x_wconf 82' lang='grc' dir='ltr'>εἰς</span> 
     </span>
    </p>
   </div>
   <div class='ocr_carea' id='block_1_36' title="bbox 2184 1910 3834 1996">
    <p class='ocr_par' dir='ltr' id='par_1_36' title="bbox 2184 1915 3834 1988">
     <span class='ocr_line' id='line_1_36' title="bbox 2184 1915 3834 1988; baseline 0.001 -20"><span class='ocrx_word' id='word_1_241' title='bbox 2184 1915 2275 1984; x_wconf 70' lang='lat' dir='ltr'>ait,</span> <span class='ocrx_word' id='word_1_242' title='bbox 2295 1932 2426 1986; x_wconf 62' lang='lat' dir='ltr'>quas</span> <span class='ocrx_word' id='word_1_243' title='bbox 2442 1917 2504 1972; x_wconf 93' lang='lat' dir='ltr'>in</span> <span class='ocrx_word' id='word_1_244' title='bbox 2520 1917 2750 1973; x_wconf 87' lang='lat' dir='ltr'>Christo</span> <span class='ocrx_word' id='word_1_245' title='bbox 2765 1917 2897 1973; x_wconf 90' lang='lat' dir='ltr'>fuit.</span> <span class='ocrx_word' id='word_1_246' title='bbox 2919 1919 3014 1973; x_wconf 74' lang='grc'>67</span> <span class='ocrx_word' id='word_1_247' title='bbox 3035 1917 3341 1988; x_wconf 87' lang='lat' dir='ltr'>Siquidem</span> <span class='ocrx_word' id='word_1_248' title='bbox 3354 1915 3834 1973; x_wconf 86' lang='lat' dir='ltr'>cuminvenisset</span> 
     </span>
    </p>
   </div>
   <div class='ocr_carea' id='block_1_37' title="bbox 400 1997 2058 2077">
    <p class='ocr_par' dir='ltr' id='par_1_37' title="bbox 400 1997 2058 2077">
     <span class='ocr_line' id='line_1_37' title="bbox 400 1997 2058 2077; baseline 0.005 -21"><span class='ocrx_word' id='word_1_249' title='bbox 400 2002 599 2064; x_wconf 80' lang='grc' dir='ltr'>αὐτοὺς</span> <span class='ocrx_word' id='word_1_250' title='bbox 673 2002 859 2076; x_wconf 82' lang='grc' dir='ltr'>ὥσπερ</span> <span class='ocrx_word' id='word_1_251' title='bbox 945 1997 1243 2077; x_wconf 77' lang='grc' dir='ltr'>συντρίϐων</span> <span class='ocrx_word' id='word_1_252' title='bbox 1327 2005 1356 2058; x_wconf 87' lang='grc' dir='ltr'>ὁ</span> <span class='ocrx_word' id='word_1_253' title='bbox 1422 2007 1717 2074; x_wconf 83' lang='grc' dir='ltr'>Σατανᾶς),</span> <span class='ocrx_word' id='word_1_254' title='bbox 1797 2000 2058 2073; x_wconf 77' lang='grc' dir='ltr'>ἐλεήσας,</span> 
     </span>
    </p>
   </div>
   <div class='ocr_carea' id='block_1_38' title="bbox 394 2090 2062 2169">
    <p class='ocr_par' dir='ltr' id='par_1_38' title="bbox 394 2090 2062 2169">
     <span class='ocr_line' id='line_1_38' title="bbox 394 2090 2062 2169; baseline 0.001 -21"><span class='ocrx_word' id='word_1_255' title='bbox 394 2093 720 2168; x_wconf 76' lang='grc' dir='ltr'>ἐΑιυθεροῦν</span> <span class='ocrx_word' id='word_1_256' title='bbox 776 2091 1084 2150; x_wconf 75' lang='grc' dir='ltr'>ἐσκέπτετο.</span> <span class='ocrx_word' id='word_1_257' title='bbox 1147 2094 1492 2156; x_wconf 85' lang='grc' dir='ltr'>Ἀπεκτονὼς</span> <span class='ocrx_word' id='word_1_258' title='bbox 1569 2090 1625 2148; x_wconf 79' lang='grc' dir='ltr'>δὲ</span> <span class='ocrx_word' id='word_1_259' title='bbox 1680 2093 1880 2169; x_wconf 75' lang='grc' dir='ltr'>τρόπον</span> <span class='ocrx_word' id='word_1_260' title='bbox 1939 2093 2062 2149; x_wconf 71' lang='grc' dir='ltr'>τινα</span> 
     </span>
    </p>
   </div>
   <div class='ocr_carea' id='block_1_39' title="bbox 389 2180 2058 2260">
    <p class='ocr_par' dir='ltr' id='par_1_39' title="bbox 389 2180 2058 2260">
     <span class='ocr_line' id='line_1_39' title="bbox 389 2180 2058 2260; baseline 0.001 -22"><span class='ocrx_word' id='word_1_261' title='bbox 389 2183 491 2238; x_wconf 82' lang='grc' dir='ltr'>τὸν</span> <span class='ocrx_word' id='word_1_262' title='bbox 552 2180 760 2237; x_wconf 72' lang='grc' dir='ltr'>ἀδικεῖν</span> <span class='ocrx_word' id='word_1_263' title='bbox 819 2183 1124 2258; x_wconf 71' lang='grc' dir='ltr'>ᾑρημένον,</span> <span class='ocrx_word' id='word_1_264' title='bbox 1182 2181 1510 2258; x_wconf 74' lang='grc' dir='ltr'>κατέκρυψεν</span> <span class='ocrx_word' id='word_1_265' title='bbox 1574 2183 1650 2247; x_wconf 79' lang='grc' dir='ltr'>εἷς</span> <span class='ocrx_word' id='word_1_266' title='bbox 1718 2191 1842 2260; x_wconf 74' lang='grc' dir='ltr'>γῆν,</span> <span class='ocrx_word' id='word_1_267' title='bbox 1899 2203 2058 2239; x_wconf 89' lang='grc' dir='ltr'>τουτ-</span> 
     </span>
    </p>
   </div>
   <div class='ocr_carea' id='block_1_40' title="bbox 392 2271 2058 2348">
    <p class='ocr_par' dir='ltr' id='par_1_40' title="bbox 392 2271 2058 2348">
     <span class='ocr_line' id='line_1_40' title="bbox 392 2271 2058 2348; baseline 0.001 -20"><span class='ocrx_word' id='word_1_268' title='bbox 392 2271 544 2328; x_wconf 75' lang='grc' dir='ltr'>έστιν</span> <span class='ocrx_word' id='word_1_269' title='bbox 607 2271 658 2326; x_wconf 77' lang='grc' dir='ltr'>ἐν</span> <span class='ocrx_word' id='word_1_270' title='bbox 717 2277 833 2335; x_wconf 81' lang='grc' dir='ltr'>τοῖς</span> <span class='ocrx_word' id='word_1_271' title='bbox 914 2271 1266 2348; x_wconf 82' lang='grc' dir='ltr'>ὑποχθονίοις</span> <span class='ocrx_word' id='word_1_272' title='bbox 1353 2271 1695 2329; x_wconf 86' lang='grc' dir='ltr'>κατέκλεισεν</span> <span class='ocrx_word' id='word_1_273' title='bbox 1755 2273 1833 2335; x_wconf 79' lang='grc' dir='ltr'>εἷς</span> <span class='ocrx_word' id='word_1_274' title='bbox 1901 2271 2058 2344; x_wconf 77' lang='grc' dir='ltr'>ᾅδην.</span> 
     </span>
    </p>
   </div>
   <div class='ocr_carea' id='block_1_41' title="bbox 395 2359 2062 2438">
    <p class='ocr_par' dir='ltr' id='par_1_41' title="bbox 395 2359 2062 2438">
     <span class='ocr_line' id='line_1_41' title="bbox 395 2359 2062 2438; baseline -0.001 -20"><span class='ocrx_word' id='word_1_275' title='bbox 395 2359 882 2438; x_wconf 83' lang='grc' dir='ltr'>Προκατακλείσας</span> <span class='ocrx_word' id='word_1_276' title='bbox 911 2363 1090 2417; x_wconf 81' lang='grc' dir='ltr'>τοίνυν</span> <span class='ocrx_word' id='word_1_277' title='bbox 1122 2363 1304 2438; x_wconf 79' lang='grc' dir='ltr'>ὥσπερ</span> <span class='ocrx_word' id='word_1_278' title='bbox 1345 2361 1421 2426; x_wconf 80' lang='grc' dir='ltr'>εἷς</span> <span class='ocrx_word' id='word_1_279' title='bbox 1479 2361 1615 2435; x_wconf 73' lang='grc' dir='ltr'>ᾅδην</span> <span class='ocrx_word' id='word_1_280' title='bbox 1673 2364 1765 2418; x_wconf 87' lang='grc' dir='ltr'>τὸν</span> <span class='ocrx_word' id='word_1_281' title='bbox 1823 2367 2062 2419; x_wconf 82' lang='grc' dir='ltr'>Σατανᾶν</span> 
     </span>
    </p>
   </div>
   <div class='ocr_carea' id='block_1_42' title="bbox 394 2448 2066 2531">
    <p class='ocr_par' dir='ltr' id='par_1_42' title="bbox 394 2448 2066 2531">
     <span class='ocr_line' id='line_1_42' title="bbox 394 2448 2066 2531; baseline 0.001 -24"><span class='ocrx_word' id='word_1_282' title='bbox 394 2453 423 2507; x_wconf 79' lang='grc' dir='ltr'>ὁ</span> <span class='ocrx_word' id='word_1_283' title='bbox 457 2453 680 2527; x_wconf 67' lang='grc' dir='ltr'>Σωτήρ,</span> <span class='ocrx_word' id='word_1_284' title='bbox 726 2450 1076 2524; x_wconf 78' lang='grc' dir='ltr'>δικαιοσύνης</span> <span class='ocrx_word' id='word_1_285' title='bbox 1137 2451 1382 2531; x_wconf 76' lang='grc' dir='ltr'>ἐφαίνετο</span> <span class='ocrx_word' id='word_1_286' title='bbox 1445 2448 1678 2529; x_wconf 75' lang='grc' dir='ltr'>βραϐεὺς</span> <span class='ocrx_word' id='word_1_287' title='bbox 1735 2459 1853 2516; x_wconf 83' lang='grc' dir='ltr'>τοῖς</span> <span class='ocrx_word' id='word_1_288' title='bbox 1885 2453 1935 2526; x_wconf 82' lang='grc' dir='ltr'><strong>ἐξ</strong></span> <span class='ocrx_word' id='word_1_289' title='bbox 1967 2454 2066 2510; x_wconf 86' lang='grc' dir='ltr'>Ἰσ-</span> 
     </span>
    </p>
   </div>
   <div class='ocr_carea' id='block_1_43' title="bbox 395 2538 2067 2622">
    <p class='ocr_par' dir='ltr' id='par_1_43' title="bbox 395 2538 2067 2622">
     <span class='ocr_line' id='line_1_43' title="bbox 395 2538 2067 2622; baseline -0.001 -25"><span class='ocrx_word' id='word_1_290' title='bbox 395 2541 567 2619; x_wconf 74' lang='grc' dir='ltr'>ραήλ.</span> <span class='ocrx_word' id='word_1_291' title='bbox 607 2543 678 2600; x_wconf 73' lang='grc' dir='ltr'>Οἱ</span> <span class='ocrx_word' id='word_1_292' title='bbox 713 2539 772 2596; x_wconf 76' lang='grc' dir='ltr'>δὲ</span> <span class='ocrx_word' id='word_1_293' title='bbox 828 2541 908 2622; x_wconf 72' lang='grc' dir='ltr'>ἐφ’</span> <span class='ocrx_word' id='word_1_294' title='bbox 963 2544 1049 2605; x_wconf 85' lang='grc' dir='ltr'>οἷς</span> <span class='ocrx_word' id='word_1_295' title='bbox 1108 2538 1347 2615; x_wconf 74' lang='grc' dir='ltr'>ἔμελλον</span> <span class='ocrx_word' id='word_1_296' title='bbox 1408 2542 1753 2618; x_wconf 81' lang='grc' dir='ltr'>εὐχαριστεῖν</span> <span class='ocrx_word' id='word_1_297' title='bbox 1805 2538 2067 2622; x_wconf 77' lang='grc' dir='ltr'>ἔφασκον,</span> 
     </span>
    </p>
   </div>
   <div class='ocr_carea' id='block_1_44' title="bbox 391 2626 2064 2707">
    <p class='ocr_par' dir='ltr' id='par_1_44' title="bbox 391 2626 2064 2707">
     <span class='ocr_line' id='line_1_44' title="bbox 391 2626 2064 2707; baseline 0.001 -22"><span class='ocrx_word' id='word_1_298' title='bbox 391 2658 420 2684; x_wconf 75' lang='grc' dir='ltr'>ει</span> <span class='ocrx_word' id='word_1_299' title='bbox 446 2629 632 2694; x_wconf 77' lang='grc' dir='ltr'>Οὗτος</span> <span class='ocrx_word' id='word_1_300' title='bbox 664 2630 766 2686; x_wconf 86' lang='grc' dir='ltr'>οὐκ</span> <span class='ocrx_word' id='word_1_301' title='bbox 805 2626 1065 2687; x_wconf 71' lang='grc' dir='ltr'>ἐκϐάλλει</span> <span class='ocrx_word' id='word_1_302' title='bbox 1122 2632 1189 2687; x_wconf 74' lang='grc' dir='ltr'>τὰ</span> <span class='ocrx_word' id='word_1_303' title='bbox 1228 2629 1508 2707; x_wconf 78' lang='grc' dir='ltr'>δαιμόνια,</span> <span class='ocrx_word' id='word_1_304' title='bbox 1541 2631 1588 2688; x_wconf 84' lang='grc' dir='ltr'>εί</span> <span class='ocrx_word' id='word_1_305' title='bbox 1624 2634 1701 2705; x_wconf 80' lang='grc' dir='ltr'>μὴ</span> <span class='ocrx_word' id='word_1_306' title='bbox 1735 2632 1786 2687; x_wconf 76' lang='grc' dir='ltr'>ἐν</span> <span class='ocrx_word' id='word_1_307' title='bbox 1838 2629 2064 2702; x_wconf 83' lang='grc' dir='ltr'>Βεελζε-</span> 
     </span>
    </p>
   </div>
   <div class='ocr_carea' id='block_1_45' title="bbox 395 2719 2066 2798">
    <p class='ocr_par' dir='ltr' id='par_1_45' title="bbox 395 2719 2066 2798">
     <span class='ocr_line' id='line_1_45' title="bbox 395 2719 2066 2798; baseline 0 -20"><span class='ocrx_word' id='word_1_308' title='bbox 395 2719 540 2778; x_wconf 73' lang='grc' dir='ltr'>6ουλ</span> <span class='ocrx_word' id='word_1_309' title='bbox 573 2723 803 2798; x_wconf 74' lang='grc' dir='ltr'>ἄρχοντι</span> <span class='ocrx_word' id='word_1_310' title='bbox 828 2728 936 2779; x_wconf 82' lang='grc' dir='ltr'>τῶν</span> <span class='ocrx_word' id='word_1_311' title='bbox 999 2721 1317 2796; x_wconf 82' lang='grc' dir='ltr'>δαιμονίων.</span> <span class='ocrx_word' id='word_1_312' title='bbox 1378 2747 1406 2777; x_wconf 85' lang='lat'><strong>»</strong></span> <span class='ocrx_word' id='word_1_313' title='bbox 1456 2725 1556 2779; x_wconf 79' lang='grc' dir='ltr'>Διά</span> <span class='ocrx_word' id='word_1_314' title='bbox 1610 2745 1696 2780; x_wconf 88' lang='grc' dir='ltr'>τοι</span> <span class='ocrx_word' id='word_1_315' title='bbox 1753 2729 1917 2780; x_wconf 81' lang='grc' dir='ltr'>τοῦτο</span> <span class='ocrx_word' id='word_1_316' title='bbox 1974 2723 2066 2778; x_wconf 88' lang='grc' dir='ltr'>καὶ</span> 
     </span>
    </p>
   </div>
   <div class='ocr_carea' id='block_1_46' title="bbox 403 2813 2066 2896">
    <p class='ocr_par' dir='ltr' id='par_1_46' title="bbox 403 2813 2066 2896">
     <span class='ocr_line' id='line_1_46' title="bbox 403 2813 2066 2896; baseline -0.002 -24"><span class='ocrx_word' id='word_1_317' title='bbox 403 2817 882 2896; x_wconf 72' lang='grc' dir='ltr'>μεταπεφοίτηκεν</span> <span class='ocrx_word' id='word_1_318' title='bbox 916 2817 973 2871; x_wconf 82' lang='grc' dir='ltr'>ἐκ</span> <span class='ocrx_word' id='word_1_319' title='bbox 1027 2823 1126 2885; x_wconf 76' lang='grc' dir='ltr'>τῆς</span> <span class='ocrx_word' id='word_1_320' title='bbox 1185 2813 1446 2879; x_wconf 84' lang='grc' dir='ltr'>ἰουδαίας</span> <span class='ocrx_word' id='word_1_321' title='bbox 1479 2816 1554 2880; x_wconf 65' lang='grc' dir='ltr'>εἷς</span> <span class='ocrx_word' id='word_1_322' title='bbox 1593 2818 1692 2886; x_wconf 80' lang='grc' dir='ltr'>τήν</span> <span class='ocrx_word' id='word_1_323' title='bbox 1742 2813 2066 2883; x_wconf 77' lang='grc' dir='ltr'>Γαλιλαίαν,</span> 
     </span>
    </p>
   </div>
   <div class='ocr_carea' id='block_1_47' title="bbox 390 2904 2069 2982">
    <p class='ocr_par' dir='ltr' id='par_1_47' title="bbox 390 2904 2069 2982">
     <span class='ocr_line' id='line_1_47' title="bbox 390 2904 2069 2982; baseline -0.001 -20"><span class='ocrx_word' id='word_1_324' title='bbox 390 2909 644 2982; x_wconf 67' lang='grc' dir='ltr'>καθαπερ</span> <span class='ocrx_word' id='word_1_325' title='bbox 666 2907 756 2961; x_wconf 78' lang='grc' dir='ltr'>καὶ</span> <span class='ocrx_word' id='word_1_326' title='bbox 794 2909 1000 2975; x_wconf 73' lang='grc' dir='ltr'>Μωσῆς</span> <span class='ocrx_word' id='word_1_327' title='bbox 1037 2908 1290 2981; x_wconf 84' lang='grc' dir='ltr'>μετετέθη</span> <span class='ocrx_word' id='word_1_328' title='bbox 1324 2906 1401 2971; x_wconf 80' lang='grc' dir='ltr'>εἰς</span> <span class='ocrx_word' id='word_1_329' title='bbox 1434 2914 1536 2982; x_wconf 85' lang='grc' dir='ltr'>γῆν</span> <span class='ocrx_word' id='word_1_330' title='bbox 1562 2904 1811 2979; x_wconf 78' lang='grc' dir='ltr'>Μαδιὰμ,</span> <span class='ocrx_word' id='word_1_331' title='bbox 1844 2907 1935 2962; x_wconf 83' lang='grc' dir='ltr'>καὶ</span> <span class='ocrx_word' id='word_1_332' title='bbox 1965 2906 2069 2975; x_wconf 74' lang='grc' dir='ltr'>τήν</span> 
     </span>
    </p>
   </div>
   <div class='ocr_carea' id='block_1_48' title="bbox 395 2994 1270 3073">
    <p class='ocr_par' dir='ltr' id='par_1_48' title="bbox 395 2994 1270 3073">
     <span class='ocr_line' id='line_1_48' title="bbox 395 2994 1270 3073; baseline 0.001 -21"><span class='ocrx_word' id='word_1_333' title='bbox 395 2995 450 3068; x_wconf 69' lang='grc' dir='ltr'>ἐξ</span> <span class='ocrx_word' id='word_1_334' title='bbox 496 2995 670 3052; x_wconf 71' lang='grc' dir='ltr'>ἆθνῶν</span> <span class='ocrx_word' id='word_1_335' title='bbox 705 2994 890 3052; x_wconf 77' lang='grc' dir='ltr'>ἐκάλει</span> <span class='ocrx_word' id='word_1_336' title='bbox 931 2997 1270 3073; x_wconf 73' lang='grc' dir='ltr'>συναγωγήν.</span> 
     </span>
    </p>
   </div>
   <div class='ocr_carea' id='block_1_49' title="bbox 471 3173 2072 3255">
    <p class='ocr_par' dir='ltr' id='par_1_49' title="bbox 471 3173 2072 3255">
     <span class='ocr_line' id='line_1_49' title="bbox 471 3173 2072 3255; baseline 0.002 -26"><span class='ocrx_word' id='word_1_337' title='bbox 471 3203 499 3229; x_wconf 73' lang='grc' dir='ltr'>α</span> <span class='ocrx_word' id='word_1_338' title='bbox 535 3176 795 3249; x_wconf 71' lang='grc' dir='ltr'>Ἐνόμιζε</span> <span class='ocrx_word' id='word_1_339' title='bbox 827 3173 886 3230; x_wconf 79' lang='grc' dir='ltr'>δὶ</span> <span class='ocrx_word' id='word_1_340' title='bbox 915 3175 1151 3232; x_wconf 85' lang='grc' dir='ltr'>συνιέναι</span> <span class='ocrx_word' id='word_1_341' title='bbox 1180 3175 1310 3239; x_wconf 82' lang='grc' dir='ltr'>τοὺς</span> <span class='ocrx_word' id='word_1_342' title='bbox 1368 3174 1639 3255; x_wconf 78' lang='grc' dir='ltr'>ἀδελφους</span> <span class='ocrx_word' id='word_1_343' title='bbox 1673 3175 1861 3246; x_wconf 83' lang='grc' dir='ltr'>αὐτοῦ,</span> <span class='ocrx_word' id='word_1_344' title='bbox 1895 3177 1981 3231; x_wconf 79' lang='grc' dir='ltr'>ὅτι</span> <span class='ocrx_word' id='word_1_345' title='bbox 2043 3177 2072 3232; x_wconf 78' lang='grc' dir='ltr'><strong>ὁ</strong></span> 
     </span>
    </p>
   </div>
   <div class='ocr_carea' id='block_1_50' title="bbox 401 3263 2065 3345">
    <p class='ocr_par' dir='ltr' id='par_1_50' title="bbox 401 3263 2065 3345">
     <span class='ocr_line' id='line_1_50' title="bbox 401 3263 2065 3345; baseline 0.001 -24"><span class='ocrx_word' id='word_1_346' title='bbox 401 3294 430 3321; x_wconf 80' lang='grc' dir='ltr'>α</span> <span class='ocrx_word' id='word_1_347' title='bbox 465 3271 598 3330; x_wconf 77' lang='grc' dir='ltr'>Θεὸς</span> <span class='ocrx_word' id='word_1_348' title='bbox 632 3264 726 3321; x_wconf 69' lang='grc' dir='ltr'>διὰ</span> <span class='ocrx_word' id='word_1_349' title='bbox 767 3267 960 3345; x_wconf 86' lang='grc' dir='ltr'>χειρὸς</span> <span class='ocrx_word' id='word_1_350' title='bbox 1017 3265 1182 3322; x_wconf 70' lang='grc' dir='ltr'>αὐτοῦ</span> <span class='ocrx_word' id='word_1_351' title='bbox 1243 3263 1465 3322; x_wconf 78' lang='grc' dir='ltr'>δίδωσιν</span> <span class='ocrx_word' id='word_1_352' title='bbox 1518 3267 1712 3330; x_wconf 82' lang='grc' dir='ltr'>αὐτοῖς</span> <span class='ocrx_word' id='word_1_353' title='bbox 1769 3266 2065 3342; x_wconf 75' lang='grc' dir='ltr'>σωτηρίαν.</span> 
     </span>
    </p>
   </div>
   <div class='ocr_carea' id='block_1_51' title="bbox 405 3354 2066 3434">
    <p class='ocr_par' dir='ltr' id='par_1_51' title="bbox 405 3354 2066 3434">
     <span class='ocr_line' id='line_1_51' title="bbox 405 3354 2066 3434; baseline -0.001 -22"><span class='ocrx_word' id='word_1_354' title='bbox 405 3383 434 3412; x_wconf 75' lang='grc' dir='ltr'>σι</span> <span class='ocrx_word' id='word_1_355' title='bbox 466 3359 535 3415; x_wconf 73' lang='grc' dir='ltr'>Οἱ</span> <span class='ocrx_word' id='word_1_356' title='bbox 568 3354 629 3412; x_wconf 68' lang='grc' dir='ltr'>δὲ</span> <span class='ocrx_word' id='word_1_357' title='bbox 659 3355 723 3411; x_wconf 81' lang='grc' dir='ltr'>οὐ</span> <span class='ocrx_word' id='word_1_358' title='bbox 752 3362 1002 3426; x_wconf 59' lang='grc' dir='ltr'>συνῆκαν.</span> <span class='ocrx_word' id='word_1_359' title='bbox 1056 3357 1134 3427; x_wconf 75' lang='grc' dir='ltr'>Τῇ</span> <span class='ocrx_word' id='word_1_360' title='bbox 1163 3377 1220 3411; x_wconf 91' lang='grc' dir='ltr'>τε</span> <span class='ocrx_word' id='word_1_361' title='bbox 1277 3355 1506 3432; x_wconf 70' lang='grc' dir='ltr'>ἐπιούσῃ</span> <span class='ocrx_word' id='word_1_362' title='bbox 1540 3354 1720 3432; x_wconf 77' lang='grc' dir='ltr'>ἡμέρᾳ</span> <span class='ocrx_word' id='word_1_363' title='bbox 1752 3355 1908 3434; x_wconf 71' lang='grc' dir='ltr'>ὤφθη</span> <span class='ocrx_word' id='word_1_364' title='bbox 1970 3356 2066 3411; x_wconf 88' lang='grc' dir='ltr'>αὐ-</span> 
     </span>
    </p>
   </div>
   <div class='ocr_carea' id='block_1_52' title="bbox 405 3443 2068 3522">
    <p class='ocr_par' dir='ltr' id='par_1_52' title="bbox 405 3443 2068 3522">
     <span class='ocr_line' id='line_1_52' title="bbox 405 3443 2068 3522; baseline -0.002 -19"><span class='ocrx_word' id='word_1_365' title='bbox 405 3453 587 3511; x_wconf 70' lang='grc' dir='ltr'>στοῖς</span> <span class='ocrx_word' id='word_1_366' title='bbox 618 3443 994 3520; x_wconf 77' lang='grc' dir='ltr'>μαχομένοις,</span> <span class='ocrx_word' id='word_1_367' title='bbox 1051 3445 1140 3501; x_wconf 82' lang='grc' dir='ltr'>καὶ</span> <span class='ocrx_word' id='word_1_368' title='bbox 1195 3445 1497 3518; x_wconf 81' lang='grc' dir='ltr'>συνήλασεν</span> <span class='ocrx_word' id='word_1_369' title='bbox 1553 3445 1748 3509; x_wconf 83' lang='grc' dir='ltr'>αὐτοὺς</span> <span class='ocrx_word' id='word_1_370' title='bbox 1807 3445 1883 3509; x_wconf 81' lang='grc' dir='ltr'>εἷς</span> <span class='ocrx_word' id='word_1_371' title='bbox 1918 3445 2068 3522; x_wconf 74' lang='grc' dir='ltr'>εἰρή-</span> 
     </span>
    </p>
   </div>
   <div class='ocr_carea' id='block_1_53' title="bbox 406 3534 2070 3614">
    <p class='ocr_par' dir='ltr' id='par_1_53' title="bbox 406 3534 2070 3614">
     <span class='ocr_line' id='line_1_53' title="bbox 406 3534 2070 3614; baseline 0 -22"><span class='ocrx_word' id='word_1_372' title='bbox 406 3566 435 3592; x_wconf 70' lang='grc' dir='ltr'>α</span> <span class='ocrx_word' id='word_1_373' title='bbox 467 3562 590 3608; x_wconf 83' lang='grc' dir='ltr'>νην,</span> <span class='ocrx_word' id='word_1_374' title='bbox 634 3539 827 3594; x_wconf 82' lang='grc' dir='ltr'>εἰπών·</span> <span class='ocrx_word' id='word_1_375' title='bbox 889 3534 1136 3612; x_wconf 67' lang='grc' dir='ltr'>Ἄνδρες,</span> <span class='ocrx_word' id='word_1_376' title='bbox 1192 3535 1424 3614; x_wconf 77' lang='grc' dir='ltr'>ἀδελφοί</span> <span class='ocrx_word' id='word_1_377' title='bbox 1473 3539 1588 3594; x_wconf 80' lang='grc' dir='ltr'>ἐστε</span> <span class='ocrx_word' id='word_1_378' title='bbox 1638 3538 1814 3610; x_wconf 81' lang='grc' dir='ltr'>ὑμεῖς.</span> <span class='ocrx_word' id='word_1_379' title='bbox 1847 3540 1960 3596; x_wconf 87' lang='grc' dir='ltr'>Ἰνα</span> <span class='ocrx_word' id='word_1_380' title='bbox 2015 3537 2070 3592; x_wconf 90' lang='grc' dir='ltr'>τί</span> 
     </span>
    </p>
   </div>
   <div class='ocr_carea' id='block_1_54' title="bbox 411 3623 2071 3697">
    <p class='ocr_par' dir='ltr' id='par_1_54' title="bbox 411 3623 2071 3697">
     <span class='ocr_line' id='line_1_54' title="bbox 411 3623 2071 3697; baseline 0.001 -17"><span class='ocrx_word' id='word_1_381' title='bbox 411 3653 441 3680; x_wconf 80' lang='grc' dir='ltr'>ιι</span> <span class='ocrx_word' id='word_1_382' title='bbox 473 3626 710 3684; x_wconf 77' lang='grc' dir='ltr'>ἀδικεῖτε</span> <span class='ocrx_word' id='word_1_383' title='bbox 741 3624 1032 3697; x_wconf 70' lang='grc' dir='ltr'>ἀλλήλους</span> <span class='ocrx_word' id='word_1_384' title='bbox 1057 3645 1072 3695; x_wconf 86' lang='grc'><strong>;</strong></span> <span class='ocrx_word' id='word_1_385' title='bbox 1093 3628 1157 3682; x_wconf 74' lang='grc'>’0</span> <span class='ocrx_word' id='word_1_386' title='bbox 1188 3623 1246 3682; x_wconf 70' lang='grc' dir='ltr'>δὲ</span> <span class='ocrx_word' id='word_1_387' title='bbox 1277 3624 1474 3682; x_wconf 80' lang='grc' dir='ltr'>ἀδικῶν</span> <span class='ocrx_word' id='word_1_388' title='bbox 1508 3628 1598 3682; x_wconf 85' lang='grc' dir='ltr'>τὸν</span> <span class='ocrx_word' id='word_1_389' title='bbox 1625 3627 1888 3696; x_wconf 83' lang='grc' dir='ltr'>πλησίον,</span> <span class='ocrx_word' id='word_1_390' title='bbox 1915 3627 2071 3681; x_wconf 82' lang='grc' dir='ltr'>ἀπώ-</span> 
     </span>
    </p>
   </div>
   <div class='ocr_carea' id='block_1_55' title="bbox 419 3717 2066 3796">
    <p class='ocr_par' dir='ltr' id='par_1_55' title="bbox 419 3717 2066 3796">
     <span class='ocr_line' id='line_1_55' title="bbox 419 3717 2066 3796; baseline 0 -22"><span class='ocrx_word' id='word_1_391' title='bbox 419 3747 448 3774; x_wconf 70' lang='grc' dir='ltr'>ιι</span> <span class='ocrx_word' id='word_1_392' title='bbox 485 3741 614 3776; x_wconf 65' lang='lat' dir='ltr'>uno</span> <span class='ocrx_word' id='word_1_393' title='bbox 643 3722 818 3790; x_wconf 78' lang='grc' dir='ltr'>αὐτὸν,</span> <span class='ocrx_word' id='word_1_394' title='bbox 851 3721 1041 3776; x_wconf 84' lang='grc' dir='ltr'>ε’πών·</span> <span class='ocrx_word' id='word_1_395' title='bbox 1078 3721 1176 3784; x_wconf 87' lang='grc' dir='ltr'>Τίς</span> <span class='ocrx_word' id='word_1_396' title='bbox 1209 3741 1267 3775; x_wconf 93' lang='grc' dir='ltr'>σε</span> <span class='ocrx_word' id='word_1_397' title='bbox 1321 3718 1647 3791; x_wconf 75' lang='grc' dir='ltr'>κατέστησεν</span> <span class='ocrx_word' id='word_1_398' title='bbox 1702 3717 1950 3796; x_wconf 73' lang='grc' dir='ltr'>ἄρχοντα</span> <span class='ocrx_word' id='word_1_399' title='bbox 1977 3721 2066 3775; x_wconf 86' lang='grc' dir='ltr'>καὶ</span> 
     </span>
    </p>
   </div>
   <div class='ocr_carea' id='block_1_56' title="bbox 432 3807 2068 3892">
    <p class='ocr_par' dir='ltr' id='par_1_56' title="bbox 432 3807 2068 3892">
     <span class='ocr_line' id='line_1_56' title="bbox 432 3807 2068 3892; baseline 0.003 -31"><span class='ocrx_word' id='word_1_400' title='bbox 432 3831 465 3861; x_wconf 71' lang='grc' dir='ltr'>α</span> <span class='ocrx_word' id='word_1_401' title='bbox 494 3807 740 3880; x_wconf 70' lang='grc' dir='ltr'>δικαστὴν</span> <span class='ocrx_word' id='word_1_402' title='bbox 766 3811 850 3892; x_wconf 72' lang='grc' dir='ltr'>ἐφ’</span> <span class='ocrx_word' id='word_1_403' title='bbox 882 3815 1029 3882; x_wconf 75' lang='grc' dir='ltr'>ἡμᾶς</span> <span class='ocrx_word' id='word_1_404' title='bbox 1060 3829 1075 3881; x_wconf 90' lang='grc'><strong>;</strong></span> <span class='ocrx_word' id='word_1_405' title='bbox 1111 3812 1188 3882; x_wconf 74' lang='grc' dir='ltr'>μὴ</span> <span class='ocrx_word' id='word_1_406' title='bbox 1221 3809 1430 3866; x_wconf 80' lang='grc' dir='ltr'>ἀνελεῖν</span> <span class='ocrx_word' id='word_1_407' title='bbox 1495 3831 1563 3885; x_wconf 87' lang='grc' dir='ltr'>με</span> <span class='ocrx_word' id='word_1_408' title='bbox 1622 3809 1687 3864; x_wconf 79' lang='grc' dir='ltr'>σὺ</span> <span class='ocrx_word' id='word_1_409' title='bbox 1747 3809 1946 3881; x_wconf 82' lang='grc' dir='ltr'>θέλεις,</span> <span class='ocrx_word' id='word_1_410' title='bbox 2007 3809 2068 3866; x_wconf 83' lang='grc' dir='ltr'>ὅν</span> 
     </span>
    </p>
   </div>
   <div class='ocr_carea' id='block_1_57' title="bbox 429 3897 2071 3979">
    <p class='ocr_par' dir='ltr' id='par_1_57' title="bbox 429 3897 2071 3979">
     <span class='ocr_line' id='line_1_57' title="bbox 429 3897 2071 3979; baseline 0.002 -28"><span class='ocrx_word' id='word_1_411' title='bbox 429 3923 462 3950; x_wconf 71' lang='grc' dir='ltr'>α</span> <span class='ocrx_word' id='word_1_412' title='bbox 492 3899 685 3974; x_wconf 73' lang='grc' dir='ltr'>τρόπον</span> <span class='ocrx_word' id='word_1_413' title='bbox 709 3899 917 3963; x_wconf 76' lang='grc' dir='ltr'>ἀνεῖλες</span> <span class='ocrx_word' id='word_1_414' title='bbox 949 3901 1078 3975; x_wconf 70' lang='grc' dir='ltr'>χθὲς</span> <span class='ocrx_word' id='word_1_415' title='bbox 1099 3901 1192 3954; x_wconf 85' lang='grc' dir='ltr'>τὸν</span> <span class='ocrx_word' id='word_1_416' title='bbox 1220 3899 1520 3978; x_wconf 61' lang='grc' dir='ltr'>Αίγύπτιον</span> <span class='ocrx_word' id='word_1_417' title='bbox 1556 3917 1569 3969; x_wconf 89' lang='grc'><strong>;</strong></span> <span class='ocrx_word' id='word_1_418' title='bbox 1603 3901 1812 3979; x_wconf 80' lang='grc' dir='ltr'>Ἐφυγε</span> <span class='ocrx_word' id='word_1_419' title='bbox 1844 3897 1902 3954; x_wconf 65' lang='grc' dir='ltr'>δὲ</span> <span class='ocrx_word' id='word_1_420' title='bbox 1936 3901 2071 3957; x_wconf 87' lang='grc' dir='ltr'>Μω-</span> 
     </span>
    </p>
   </div>
   <div class='ocr_carea' id='block_1_58' title="bbox 419 3987 2068 4067">
    <p class='ocr_par' dir='ltr' id='par_1_58' title="bbox 419 3987 2068 4067">
     <span class='ocr_line' id='line_1_58' title="bbox 419 3987 2068 4067; baseline 0.002 -27"><span class='ocrx_word' id='word_1_421' title='bbox 419 4014 448 4040; x_wconf 78' lang='grc' dir='ltr'>α</span> <span class='ocrx_word' id='word_1_422' title='bbox 483 3995 583 4057; x_wconf 77' lang='grc' dir='ltr'>σῆς</span> <span class='ocrx_word' id='word_1_423' title='bbox 612 3988 660 4044; x_wconf 77' lang='grc' dir='ltr'>ἐν</span> <span class='ocrx_word' id='word_1_424' title='bbox 716 3995 797 4062; x_wconf 84' lang='grc' dir='ltr'>τῷ</span> <span class='ocrx_word' id='word_1_425' title='bbox 857 3991 1014 4067; x_wconf 70' lang='grc' dir='ltr'>Λόγῳ</span> <span class='ocrx_word' id='word_1_426' title='bbox 1072 3987 1271 4062; x_wconf 71' lang='grc' dir='ltr'>τούτῳ,</span> <span class='ocrx_word' id='word_1_427' title='bbox 1308 3990 1399 4045; x_wconf 87' lang='grc' dir='ltr'>καὶ</span> <span class='ocrx_word' id='word_1_428' title='bbox 1433 3989 1650 4067; x_wconf 78' lang='grc' dir='ltr'>ἐγένετο</span> <span class='ocrx_word' id='word_1_429' title='bbox 1688 3989 1964 4064; x_wconf 63' lang='grc' dir='ltr'>πάροικος</span> <span class='ocrx_word' id='word_1_430' title='bbox 2015 3988 2068 4044; x_wconf 78' lang='grc' dir='ltr'>ἐν</span> 
     </span>
    </p>
   </div>
   <div class='ocr_carea' id='block_1_59' title="bbox 413 4077 1648 4156">
    <p class='ocr_par' dir='ltr' id='par_1_59' title="bbox 413 4077 1648 4156">
     <span class='ocr_line' id='line_1_59' title="bbox 413 4077 1648 4156; baseline -0.006 -17"><span class='ocrx_word' id='word_1_431' title='bbox 413 4106 444 4129; x_wconf 76' lang='grc' dir='ltr'>ιι</span> <span class='ocrx_word' id='word_1_432' title='bbox 477 4082 550 4156; x_wconf 76' lang='grc' dir='ltr'>γῇ</span> <span class='ocrx_word' id='word_1_433' title='bbox 582 4077 836 4153; x_wconf 73' lang='grc' dir='ltr'>Μαδιᾶμ,</span> <span class='ocrx_word' id='word_1_434' title='bbox 865 4079 928 4135; x_wconf 80' lang='grc' dir='ltr'>οὗ</span> <span class='ocrx_word' id='word_1_435' title='bbox 959 4077 1232 4156; x_wconf 81' lang='grc' dir='ltr'>ἐγέννησεν</span> <span class='ocrx_word' id='word_1_436' title='bbox 1269 4078 1422 4141; x_wconf 73' lang='grc' dir='ltr'>υἱοὺς</span> <span class='ocrx_word' id='word_1_437' title='bbox 1465 4077 1584 4139; x_wconf 78' lang='grc' dir='ltr'>δύο.</span> <span class='ocrx_word' id='word_1_438' title='bbox 1619 4103 1648 4132; x_wconf 86' lang='grc'>››</span> 
     </span>
    </p>
   </div>
   <div class='ocr_carea' id='block_1_60' title="bbox 484 4257 2073 4339">
    <p class='ocr_par' dir='ltr' id='par_1_60' title="bbox 484 4257 2073 4339">
     <span class='ocr_line' id='line_1_60' title="bbox 484 4257 2073 4339; baseline -0.001 -24"><span class='ocrx_word' id='word_1_439' title='bbox 484 4261 720 4328; x_wconf 79' lang='grc' dir='ltr'>Σκόπει,</span> <span class='ocrx_word' id='word_1_440' title='bbox 740 4257 929 4337; x_wconf 71' lang='grc' dir='ltr'>φησὶν,</span> <span class='ocrx_word' id='word_1_441' title='bbox 950 4258 1039 4314; x_wconf 67' lang='grc' dir='ltr'>καί</span> <span class='ocrx_word' id='word_1_442' title='bbox 1074 4257 1312 4323; x_wconf 73' lang='grc' dir='ltr'>ἐντεῦθεν</span> <span class='ocrx_word' id='word_1_443' title='bbox 1343 4261 1406 4316; x_wconf 89' lang='grc' dir='ltr'>τὸ</span> <span class='ocrx_word' id='word_1_444' title='bbox 1456 4259 1780 4339; x_wconf 73' lang='grc' dir='ltr'>ἀχάριστον,</span> <span class='ocrx_word' id='word_1_445' title='bbox 1816 4259 1906 4315; x_wconf 77' lang='grc' dir='ltr'>καὶ</span> <span class='ocrx_word' id='word_1_446' title='bbox 1938 4259 2073 4335; x_wconf 86' lang='grc' dir='ltr'>πρὸς</span> 
     </span>
    </p>
   </div>
   <div class='ocr_carea' id='block_1_61' title="bbox 405 4343 2074 4425">
    <p class='ocr_par' dir='ltr' id='par_1_61' title="bbox 405 4343 2074 4425">
     <span class='ocr_line' id='line_1_61' title="bbox 405 4343 2074 4425; baseline -0.002 -18"><span class='ocrx_word' id='word_1_447' title='bbox 405 4349 538 4413; x_wconf 64' lang='grc' dir='ltr'>τοὺς</span> <span class='ocrx_word' id='word_1_448' title='bbox 596 4348 884 4425; x_wconf 71' lang='grc' dir='ltr'>εὐεργέτας</span> <span class='ocrx_word' id='word_1_449' title='bbox 934 4343 1228 4404; x_wconf 70' lang='grc' dir='ltr'>ἐπίϐουλον</span> <span class='ocrx_word' id='word_1_450' title='bbox 1285 4353 1393 4404; x_wconf 83' lang='grc' dir='ltr'>τῶν</span> <span class='ocrx_word' id='word_1_451' title='bbox 1469 4346 1770 4409; x_wconf 83' lang='grc' dir='ltr'>Ἰουδαίων.</span> <span class='ocrx_word' id='word_1_452' title='bbox 1831 4352 2074 4415; x_wconf 78' lang='grc' dir='ltr'>Μωϋσῆς</span> 
     </span>
    </p>
   </div>
   <div class='ocr_carea' id='block_1_62' title="bbox 412 4437 2074 4515">
    <p class='ocr_par' dir='ltr' id='par_1_62' title="bbox 412 4437 2074 4515">
     <span class='ocr_line' id='line_1_62' title="bbox 412 4437 2074 4515; baseline 0.002 -23"><span class='ocrx_word' id='word_1_453' title='bbox 412 4441 508 4512; x_wconf 69' lang='grc' dir='ltr'>μὲν</span> <span class='ocrx_word' id='word_1_454' title='bbox 541 4441 654 4515; x_wconf 68' lang='grc' dir='ltr'>γὰρ</span> <span class='ocrx_word' id='word_1_455' title='bbox 702 4439 732 4494; x_wconf 89' lang='grc' dir='ltr'>ὁ</span> <span class='ocrx_word' id='word_1_456' title='bbox 794 4439 927 4512; x_wconf 80' lang='grc' dir='ltr'>μετὰ</span> <span class='ocrx_word' id='word_1_457' title='bbox 986 4443 1163 4511; x_wconf 75' lang='grc' dir='ltr'>θυμοῦ</span> <span class='ocrx_word' id='word_1_458' title='bbox 1220 4438 1429 4495; x_wconf 73' lang='grc' dir='ltr'>ἀνελὼν</span> <span class='ocrx_word' id='word_1_459' title='bbox 1489 4440 1581 4494; x_wconf 88' lang='grc' dir='ltr'>τὸν</span> <span class='ocrx_word' id='word_1_460' title='bbox 1639 4437 1926 4494; x_wconf 83' lang='grc' dir='ltr'>ἀδικουντα</span> <span class='ocrx_word' id='word_1_461' title='bbox 1981 4442 2074 4496; x_wconf 87' lang='grc' dir='ltr'>τὸν</span> 
     </span>
    </p>
   </div>
   <div class='ocr_carea' id='block_1_63' title="bbox 409 4527 2073 4607">
    <p class='ocr_par' dir='ltr' id='par_1_63' title="bbox 409 4527 2073 4607">
     <span class='ocr_line' id='line_1_63' title="bbox 409 4527 2073 4607; baseline 0.001 -20"><span class='ocrx_word' id='word_1_462' title='bbox 409 4532 685 4605; x_wconf 74' lang='grc' dir='ltr'>ὁμοεθνῆ,</span> <span class='ocrx_word' id='word_1_463' title='bbox 748 4527 1000 4594; x_wconf 80' lang='grc' dir='ltr'>ἐπιεικῶς</span> <span class='ocrx_word' id='word_1_464' title='bbox 1057 4535 1146 4585; x_wconf 75' lang='grc' dir='ltr'>νῦν</span> <span class='ocrx_word' id='word_1_465' title='bbox 1201 4532 1562 4607; x_wconf 80' lang='grc' dir='ltr'>προσφέρεται</span> <span class='ocrx_word' id='word_1_466' title='bbox 1617 4535 1698 4602; x_wconf 80' lang='grc' dir='ltr'>τῷ</span> <span class='ocrx_word' id='word_1_467' title='bbox 1775 4529 2073 4589; x_wconf 75' lang='grc' dir='ltr'>ἀδικοῦντι.</span> 
     </span>
    </p>
   </div>
   <div class='ocr_carea' id='block_1_64' title="bbox 406 4619 2073 4701">
    <p class='ocr_par' dir='ltr' id='par_1_64' title="bbox 406 4619 2073 4701">
     <span class='ocr_line' id='line_1_64' title="bbox 406 4619 2073 4701; baseline 0.001 -26"><span class='ocrx_word' id='word_1_468' title='bbox 406 4623 471 4680; x_wconf 78' lang='grc' dir='ltr'>Ὀ</span> <span class='ocrx_word' id='word_1_469' title='bbox 523 4619 582 4676; x_wconf 79' lang='grc' dir='ltr'><em>δὲ</em></span> <span class='ocrx_word' id='word_1_470' title='bbox 631 4624 701 4694; x_wconf 80' lang='grc' dir='ltr'>τῇ</span> <span class='ocrx_word' id='word_1_471' title='bbox 781 4621 1007 4696; x_wconf 75' lang='grc' dir='ltr'>πατρῴᾳ</span> <span class='ocrx_word' id='word_1_472' title='bbox 1066 4620 1354 4701; x_wconf 79' lang='grc' dir='ltr'>χρώμενος</span> <span class='ocrx_word' id='word_1_473' title='bbox 1412 4621 1549 4678; x_wconf 77' lang='grc' dir='ltr'>κατὰ</span> <span class='ocrx_word' id='word_1_474' title='bbox 1601 4624 1710 4676; x_wconf 82' lang='grc' dir='ltr'>τῶν</span> <span class='ocrx_word' id='word_1_475' title='bbox 1780 4620 2073 4696; x_wconf 73' lang='grc' dir='ltr'>εὐεργετῶν</span> 
     </span>
    </p>
   </div>
   <div class='ocr_carea' id='block_1_65' title="bbox 409 4705 2072 4788">
    <p class='ocr_par' dir='ltr' id='par_1_65' title="bbox 409 4705 2072 4788">
     <span class='ocr_line' id='line_1_65' title="bbox 409 4705 2072 4788; baseline 0.001 -22"><span class='ocrx_word' id='word_1_476' title='bbox 409 4709 702 4788; x_wconf 72' lang='grc' dir='ltr'>ἀσελγείᾳ,</span> <span class='ocrx_word' id='word_1_477' title='bbox 735 4711 993 4766; x_wconf 82' lang='grc' dir='ltr'>ἀπώσατο</span> <span class='ocrx_word' id='word_1_478' title='bbox 1039 4711 1201 4766; x_wconf 79' lang='grc' dir='ltr'>αὐτὸν</span> <span class='ocrx_word' id='word_1_479' title='bbox 1257 4709 1472 4786; x_wconf 72' lang='grc' dir='ltr'>μᾶλλον</span> <span class='ocrx_word' id='word_1_480' title='bbox 1525 4705 1922 4782; x_wconf 68' lang='grc' dir='ltr'>ἐνδιαϐάλλων,</span> <span class='ocrx_word' id='word_1_481' title='bbox 1981 4713 2072 4767; x_wconf 82' lang='grc' dir='ltr'>καὶ</span> 
     </span>
    </p>
   </div>
   <div class='ocr_carea' id='block_1_66' title="bbox 409 4800 2076 4881">
    <p class='ocr_par' dir='ltr' id='par_1_66' title="bbox 409 4800 2076 4881">
     <span class='ocr_line' id='line_1_66' title="bbox 409 4800 2076 4881; baseline -0.001 -23"><span class='ocrx_word' id='word_1_482' title='bbox 409 4801 502 4858; x_wconf 65' lang='grc' dir='ltr'>ὲπῗ</span> <span class='ocrx_word' id='word_1_483' title='bbox 534 4801 790 4876; x_wconf 75' lang='grc' dir='ltr'>ὄλεθρον,</span> <span class='ocrx_word' id='word_1_484' title='bbox 839 4800 932 4856; x_wconf 87' lang='grc' dir='ltr'>τὸν</span> <span class='ocrx_word' id='word_1_485' title='bbox 990 4803 1260 4876; x_wconf 73' lang='grc' dir='ltr'>σωτήριον</span> <span class='ocrx_word' id='word_1_486' title='bbox 1311 4805 1392 4874; x_wconf 79' lang='grc' dir='ltr'>τῷ</span> <span class='ocrx_word' id='word_1_487' title='bbox 1457 4802 1706 4874; x_wconf 87' lang='grc' dir='ltr'>ὁμοεθνεῖ</span> <span class='ocrx_word' id='word_1_488' title='bbox 1760 4803 1925 4881; x_wconf 78' lang='grc' dir='ltr'>φόνον</span> <span class='ocrx_word' id='word_1_489' title='bbox 1979 4807 2076 4857; x_wconf 75' lang='grc' dir='ltr'>τοῦ</span> 
     </span>
    </p>
   </div>
   <div class='ocr_carea' id='block_1_67' title="bbox 414 4890 2078 4972">
    <p class='ocr_par' dir='ltr' id='par_1_67' title="bbox 414 4890 2078 4972">
     <span class='ocr_line' id='line_1_67' title="bbox 414 4890 2078 4972; baseline 0 -25"><span class='ocrx_word' id='word_1_490' title='bbox 414 4890 732 4963; x_wconf 75' lang='grc' dir='ltr'>Αἰγυπτίου</span> <span class='ocrx_word' id='word_1_491' title='bbox 762 4891 856 4945; x_wconf 86' lang='grc' dir='ltr'>τὸν</span> <span class='ocrx_word' id='word_1_492' title='bbox 895 4890 1363 4967; x_wconf 71' lang='grc' dir='ltr'>κατεργασάμενον</span> <span class='ocrx_word' id='word_1_493' title='bbox 1424 4891 1621 4947; x_wconf 84' lang='grc' dir='ltr'>Μωσέα</span> <span class='ocrx_word' id='word_1_494' title='bbox 1681 4896 2078 4972; x_wconf 85' lang='grc' dir='ltr'>περιστοιχῶν.</span> 
     </span>
    </p>
   </div>
   <div class='ocr_carea' id='block_1_68' title="bbox 410 4977 2083 5061">
    <p class='ocr_par' dir='ltr' id='par_1_68' title="bbox 410 4977 2083 5061">
     <span class='ocr_line' id='line_1_68' title="bbox 410 4977 2083 5061; baseline 0.002 -27"><span class='ocrx_word' id='word_1_495' title='bbox 410 4985 483 5061; x_wconf 76' lang='grc' dir='ltr'>’ῼ</span> <span class='ocrx_word' id='word_1_496' title='bbox 519 4978 589 5048; x_wconf 80' lang='grc' dir='ltr'>δὴ</span> <span class='ocrx_word' id='word_1_497' title='bbox 625 4980 815 5055; x_wconf 85' lang='grc' dir='ltr'>τρόπῳ</span> <span class='ocrx_word' id='word_1_498' title='bbox 840 4981 929 5035; x_wconf 77' lang='grc' dir='ltr'>καὶ</span> <span class='ocrx_word' id='word_1_499' title='bbox 980 4981 1117 5036; x_wconf 81' lang='grc' dir='ltr'>κατᾶ</span> <span class='ocrx_word' id='word_1_500' title='bbox 1173 4983 1408 5056; x_wconf 71' lang='grc' dir='ltr'>Χριστοῦ</span> <span class='ocrx_word' id='word_1_501' title='bbox 1463 4977 1769 5056; x_wconf 84' lang='grc' dir='ltr'>διεγένοντο</span> <span class='ocrx_word' id='word_1_502' title='bbox 1818 4982 1905 5037; x_wconf 78' lang='grc' dir='ltr'>ἐπὶ</span> <span class='ocrx_word' id='word_1_503' title='bbox 1963 4987 2083 5046; x_wconf 84' lang='grc' dir='ltr'>ταῖς</span> 
     </span>
    </p>
   </div>
   <div class='ocr_carea' id='block_1_69' title="bbox 416 5067 2081 5148">
    <p class='ocr_par' dir='ltr' id='par_1_69' title="bbox 416 5067 2081 5148">
     <span class='ocr_line' id='line_1_69' title="bbox 416 5067 2081 5148; baseline 0 -21"><span class='ocrx_word' id='word_1_504' title='bbox 416 5071 766 5148; x_wconf 70' lang='grc' dir='ltr'>εὐεργεσίαις</span> <span class='ocrx_word' id='word_1_505' title='bbox 825 5070 988 5126; x_wconf 76' lang='grc' dir='ltr'>αὐτοῦ</span> <span class='ocrx_word' id='word_1_506' title='bbox 1044 5073 1136 5126; x_wconf 83' lang='grc' dir='ltr'>τὸν</span> <span class='ocrx_word' id='word_1_507' title='bbox 1187 5067 1414 5146; x_wconf 75' lang='grc' dir='ltr'>ὄλεθρον</span> <span class='ocrx_word' id='word_1_508' title='bbox 1467 5075 1564 5127; x_wconf 80' lang='grc' dir='ltr'>τοῦ</span> <span class='ocrx_word' id='word_1_509' title='bbox 1604 5072 1886 5148; x_wconf 79' lang='grc' dir='ltr'>εὐεργέτου</span> <span class='ocrx_word' id='word_1_510' title='bbox 1945 5073 2081 5147; x_wconf 86' lang='grc' dir='ltr'>βου-</span> 
     </span>
    </p>
   </div>
   <div class='ocr_carea' id='block_1_70' title="bbox 420 5160 2080 5242">
    <p class='ocr_par' dir='ltr' id='par_1_70' title="bbox 420 5160 2080 5242">
     <span class='ocr_line' id='line_1_70' title="bbox 420 5160 2080 5242; baseline 0.002 -25"><span class='ocrx_word' id='word_1_511' title='bbox 420 5161 702 5226; x_wconf 66' lang='grc' dir='ltr'>κεύοντες.</span> <span class='ocrx_word' id='word_1_512' title='bbox 738 5163 831 5217; x_wconf 77' lang='grc' dir='ltr'>Διὸ</span> <span class='ocrx_word' id='word_1_513' title='bbox 860 5162 953 5218; x_wconf 90' lang='grc' dir='ltr'>καί</span> <span class='ocrx_word' id='word_1_514' title='bbox 984 5181 1133 5242; x_wconf 56' lang='lat' dir='ltr'>(pater</span> <span class='ocrx_word' id='word_1_515' title='bbox 1175 5186 1201 5217; x_wconf 75' lang='grc' dir='ltr'>ι</span> <span class='ocrx_word' id='word_1_516' title='bbox 1231 5161 1300 5219; x_wconf 89' lang='grc' dir='ltr'>Τί</span> <span class='ocrx_word' id='word_1_517' title='bbox 1346 5166 1633 5238; x_wconf 75' lang='grc' dir='ltr'>ποιοῦμεν,</span> <span class='ocrx_word' id='word_1_518' title='bbox 1669 5162 1753 5219; x_wconf 77' lang='grc' dir='ltr'>ὅτι</span> <span class='ocrx_word' id='word_1_519' title='bbox 1812 5163 1840 5218; x_wconf 84' lang='grc' dir='ltr'>ὁ</span> <span class='ocrx_word' id='word_1_520' title='bbox 1872 5160 2080 5240; x_wconf 77' lang='grc' dir='ltr'>ἅνθρω-</span> 
     </span>
    </p>
   </div>
   <div class='ocr_carea' id='block_1_71' title="bbox 419 5251 1473 5327">
    <p class='ocr_par' dir='ltr' id='par_1_71' title="bbox 419 5251 1473 5327">
     <span class='ocr_line' id='line_1_71' title="bbox 419 5251 1473 5327; baseline -0.004 -18"><span class='ocrx_word' id='word_1_521' title='bbox 419 5274 525 5316; x_wconf 79' lang='grc' dir='ltr'>πος</span> <span class='ocrx_word' id='word_1_522' title='bbox 561 5253 726 5318; x_wconf 77' lang='grc' dir='ltr'>οὗτος</span> <span class='ocrx_word' id='word_1_523' title='bbox 758 5251 946 5309; x_wconf 73' lang='grc' dir='ltr'>πολλὰ</span> <span class='ocrx_word' id='word_1_524' title='bbox 975 5257 1181 5327; x_wconf 81' lang='grc' dir='ltr'>σημεῖα</span> <span class='ocrx_word' id='word_1_525' title='bbox 1210 5257 1360 5308; x_wconf 81' lang='grc' dir='ltr'>ποιεῖ</span> <span class='ocrx_word' id='word_1_526' title='bbox 1392 5271 1407 5322; x_wconf 88' lang='grc'><strong>;</strong></span> <span class='ocrx_word' id='word_1_527' title='bbox 1446 5278 1473 5306; x_wconf 79' lang='grc'>››</span> 
     </span>
    </p>
   </div>
   <div class='ocr_carea' id='block_1_72' title="bbox 491 5431 2080 5517">
    <p class='ocr_par' dir='ltr' id='par_1_72' title="bbox 491 5431 2080 5517">
     <span class='ocr_line' id='line_1_72' title="bbox 491 5431 2080 5517; baseline 0.002 -30"><span class='ocrx_word' id='word_1_528' title='bbox 491 5458 523 5487; x_wconf 81' lang='grc' dir='ltr'>α</span> <span class='ocrx_word' id='word_1_529' title='bbox 583 5434 688 5492; x_wconf 80' lang='grc' dir='ltr'>Καὶ</span> <span class='ocrx_word' id='word_1_530' title='bbox 742 5431 1148 5512; x_wconf 72' lang='grc' dir='ltr'>πληρωθέντων</span> <span class='ocrx_word' id='word_1_531' title='bbox 1235 5436 1371 5492; x_wconf 64' lang='grc' dir='ltr'>ἑτῶν</span> <span class='ocrx_word' id='word_1_532' title='bbox 1443 5436 1864 5512; x_wconf 73' lang='grc' dir='ltr'>τεσσαράκοντα,</span> <span class='ocrx_word' id='word_1_533' title='bbox 1924 5435 2080 5517; x_wconf 73' lang='grc' dir='ltr'>ὤφθη</span> 
     </span>
    </p>
   </div>
   <div class='ocr_carea' id='block_1_73' title="bbox 413 5524 2083 5604">
    <p class='ocr_par' dir='ltr' id='par_1_73' title="bbox 413 5524 2083 5604">
     <span class='ocr_line' id='line_1_73' title="bbox 413 5524 2083 5604; baseline 0.002 -26"><span class='ocrx_word' id='word_1_534' title='bbox 413 5550 444 5578; x_wconf 79' lang='grc' dir='ltr'>ιι</span> <span class='ocrx_word' id='word_1_535' title='bbox 481 5524 632 5599; x_wconf 75' lang='grc' dir='ltr'>αὐτῷ</span> <span class='ocrx_word' id='word_1_536' title='bbox 667 5525 716 5582; x_wconf 84' lang='grc' dir='ltr'>ἐν</span> <span class='ocrx_word' id='word_1_537' title='bbox 746 5533 813 5603; x_wconf 82' lang='grc' dir='ltr'>τῇ</span> <span class='ocrx_word' id='word_1_538' title='bbox 837 5528 1044 5604; x_wconf 66' lang='grc' dir='ltr'>ἐρήμῳ</span> <span class='ocrx_word' id='word_1_539' title='bbox 1081 5532 1180 5583; x_wconf 80' lang='grc' dir='ltr'>τοῦ</span> <span class='ocrx_word' id='word_1_540' title='bbox 1211 5525 1373 5603; x_wconf 78' lang='grc' dir='ltr'>ὅρους</span> <span class='ocrx_word' id='word_1_541' title='bbox 1405 5533 1535 5584; x_wconf 76' lang='grc' dir='ltr'>Σινᾶ</span> <span class='ocrx_word' id='word_1_542' title='bbox 1591 5524 1823 5602; x_wconf 82' lang='grc' dir='ltr'>ἃγγελος</span> <span class='ocrx_word' id='word_1_543' title='bbox 1883 5529 2083 5602; x_wconf 84' lang='grc' dir='ltr'>Κυρίου</span> 
     </span>
    </p>
   </div>
   <div class='ocr_carea' id='block_1_74' title="bbox 416 5614 2080 5703">
    <p class='ocr_par' dir='ltr' id='par_1_74' title="bbox 416 5614 2080 5703">
     <span class='ocr_line' id='line_1_74' title="bbox 416 5614 2080 5703; baseline -0.001 -30"><span class='ocrx_word' id='word_1_544' title='bbox 416 5641 440 5670; x_wconf 76' lang='grc' dir='ltr'>ι</span> <span class='ocrx_word' id='word_1_545' title='bbox 479 5614 537 5673; x_wconf 69' lang='grc' dir='ltr'>ἐν</span> <span class='ocrx_word' id='word_1_546' title='bbox 568 5619 726 5703; x_wconf 67' lang='grc' dir='ltr'>φλογί</span> <span class='ocrx_word' id='word_1_547' title='bbox 763 5620 941 5702; x_wconf 85' lang='grc' dir='ltr'>πυρὸς</span> <span class='ocrx_word' id='word_1_548' title='bbox 977 5619 1172 5698; x_wconf 74' lang='grc' dir='ltr'>βάτου.</span> <span class='ocrx_word' id='word_1_549' title='bbox 1205 5619 1267 5676; x_wconf 91' lang='grc' dir='ltr'><strong>Ὀ</strong></span> <span class='ocrx_word' id='word_1_550' title='bbox 1301 5615 1359 5674; x_wconf 72' lang='grc' dir='ltr'>δὲ</span> <span class='ocrx_word' id='word_1_551' title='bbox 1415 5626 1655 5689; x_wconf 80' lang='grc' dir='ltr'>Μωϋσῆς</span> <span class='ocrx_word' id='word_1_552' title='bbox 1715 5617 1846 5676; x_wconf 78' lang='grc' dir='ltr'>ἰδὼν</span> <span class='ocrx_word' id='word_1_553' title='bbox 1925 5617 2080 5673; x_wconf 77' lang='grc' dir='ltr'>ἆθαύ-</span> 
     </span>
    </p>
   </div>
   <div class='ocr_carea' id='block_1_75' title="bbox 2168 2004 3833 2079">
    <p class='ocr_par' dir='ltr' id='par_1_75' title="bbox 2168 2004 3833 2079">
     <span class='ocr_line' id='line_1_75' title="bbox 2168 2004 3833 2079; baseline 0.001 -21"><span class='ocrx_word' id='word_1_554' title='bbox 2168 2004 2324 2061; x_wconf 90' lang='lat' dir='ltr'>Deus</span> <span class='ocrx_word' id='word_1_555' title='bbox 2338 2005 2636 2062; x_wconf 89' lang='lat' dir='ltr'>lsraelitas</span> <span class='ocrx_word' id='word_1_556' title='bbox 2658 2007 2968 2079; x_wconf 78' lang='lat' dir='ltr'>indignam</span> <span class='ocrx_word' id='word_1_557' title='bbox 3002 2008 3300 2063; x_wconf 91' lang='lat' dir='ltr'>sustinere</span> <span class='ocrx_word' id='word_1_558' title='bbox 3315 2007 3656 2062; x_wconf 88' lang='lat' dir='ltr'>violentiam</span> <span class='ocrx_word' id='word_1_559' title='bbox 3671 2007 3833 2077; x_wconf 90' lang='lat' dir='ltr'>(nam</span> 
     </span>
    </p>
   </div>
   <div class='ocr_carea' id='block_1_76' title="bbox 2167 2094 3833 2154">
    <p class='ocr_par' dir='ltr' id='par_1_76' title="bbox 2167 2094 3833 2154">
     <span class='ocr_line' id='line_1_76' title="bbox 2167 2094 3833 2154; baseline 0 -4"><span class='ocrx_word' id='word_1_560' title='bbox 2167 2095 2465 2152; x_wconf 89' lang='lat' dir='ltr'>insilierat</span> <span class='ocrx_word' id='word_1_561' title='bbox 2487 2097 2548 2152; x_wconf 91' lang='lat' dir='ltr'>in</span> <span class='ocrx_word' id='word_1_562' title='bbox 2582 2114 2682 2153; x_wconf 88' lang='lat' dir='ltr'>eos</span> <span class='ocrx_word' id='word_1_563' title='bbox 2714 2098 2961 2153; x_wconf 84' lang='lat' dir='ltr'>Satanas</span> <span class='ocrx_word' id='word_1_564' title='bbox 2995 2098 3174 2154; x_wconf 89' lang='lat' dir='ltr'>veluti</span> <span class='ocrx_word' id='word_1_565' title='bbox 3207 2098 3625 2154; x_wconf 88' lang='lat' dir='ltr'>comminuens</span> <span class='ocrx_word' id='word_1_566' title='bbox 3645 2094 3833 2152; x_wconf 86' lang='lat' dir='ltr'>acde-</span> 
     </span>
    </p>
   </div>
   <div class='ocr_carea' id='block_1_77' title="bbox 2168 2186 3832 2253">
    <p class='ocr_par' dir='ltr' id='par_1_77' title="bbox 2168 2186 3832 2253">
     <span class='ocr_line' id='line_1_77' title="bbox 2168 2186 3832 2253; baseline 0.001 -15"><span class='ocrx_word' id='word_1_567' title='bbox 2168 2192 2428 2253; x_wconf 88' lang='lat' dir='ltr'>vorans),</span> <span class='ocrx_word' id='word_1_568' title='bbox 2462 2187 2744 2241; x_wconf 88' lang='lat' dir='ltr'>misertus</span> <span class='ocrx_word' id='word_1_569' title='bbox 2775 2187 3174 2242; x_wconf 85' lang='lat' dir='ltr'>consideravit</span> <span class='ocrx_word' id='word_1_570' title='bbox 3225 2193 3293 2242; x_wconf 91' lang='lat' dir='ltr'>ut</span> <span class='ocrx_word' id='word_1_571' title='bbox 3322 2186 3625 2242; x_wconf 85' lang='lat' dir='ltr'>liberaret.</span> <span class='ocrx_word' id='word_1_572' title='bbox 3685 2186 3832 2240; x_wconf 89' lang='lat' dir='ltr'>Cum</span> 
     </span>
    </p>
   </div>
   <div class='ocr_carea' id='block_1_78' title="bbox 2169 2273 3832 2347">
    <p class='ocr_par' dir='ltr' id='par_1_78' title="bbox 2169 2273 3832 2347">
     <span class='ocr_line' id='line_1_78' title="bbox 2169 2273 3832 2347; baseline -0.001 -17"><span class='ocrx_word' id='word_1_573' title='bbox 2169 2282 2369 2330; x_wconf 88' lang='lat' dir='ltr'>autem</span> <span class='ocrx_word' id='word_1_574' title='bbox 2401 2274 2576 2330; x_wconf 91' lang='lat' dir='ltr'>modo</span> <span class='ocrx_word' id='word_1_575' title='bbox 2608 2276 3288 2346; x_wconf 87' lang='lat' dir='ltr'>quodaminteremisset</span> <span class='ocrx_word' id='word_1_576' title='bbox 3313 2275 3413 2347; x_wconf 91' lang='lat' dir='ltr'>qui</span> <span class='ocrx_word' id='word_1_577' title='bbox 3432 2273 3832 2347; x_wconf 88' lang='lat' dir='ltr'>injuriamin-</span> 
     </span>
    </p>
   </div>
   <div class='ocr_carea' id='block_1_79' title="bbox 2170 2361 3832 2432">
    <p class='ocr_par' dir='ltr' id='par_1_79' title="bbox 2170 2361 3832 2432">
     <span class='ocr_line' id='line_1_79' title="bbox 2170 2361 3832 2432; baseline -0.001 -14"><span class='ocrx_word' id='word_1_578' title='bbox 2170 2363 2732 2429; x_wconf 87' lang='lat' dir='ltr'>tulerat,abscondit</span> <span class='ocrx_word' id='word_1_579' title='bbox 2751 2366 2813 2419; x_wconf 89' lang='lat' dir='ltr'>in</span> <span class='ocrx_word' id='word_1_580' title='bbox 2845 2365 3206 2430; x_wconf 85' lang='lat' dir='ltr'>terram,hoc</span> <span class='ocrx_word' id='word_1_581' title='bbox 3222 2365 3400 2432; x_wconf 91' lang='lat' dir='ltr'>est,in</span> <span class='ocrx_word' id='word_1_582' title='bbox 3423 2361 3832 2419; x_wconf 89' lang='lat' dir='ltr'>subterraneis</span> 
     </span>
    </p>
   </div>
   <div class='ocr_carea' id='block_1_80' title="bbox 2171 2455 3835 2512">
    <p class='ocr_par' dir='ltr' id='par_1_80' title="bbox 2171 2455 3835 2512">
     <span class='ocr_line' id='line_1_80' title="bbox 2171 2455 3835 2512; baseline -0.002 -1"><span class='ocrx_word' id='word_1_583' title='bbox 2171 2455 2318 2511; x_wconf 91' lang='lat' dir='ltr'>locis</span> <span class='ocrx_word' id='word_1_584' title='bbox 2345 2457 2714 2512; x_wconf 89' lang='lat' dir='ltr'>conclusitin</span> <span class='ocrx_word' id='word_1_585' title='bbox 2742 2457 3242 2512; x_wconf 79' lang='lat' dir='ltr'>infernum.Prius</span> <span class='ocrx_word' id='word_1_586' title='bbox 3265 2457 3427 2512; x_wconf 89' lang='lat' dir='ltr'>enim</span> <span class='ocrx_word' id='word_1_587' title='bbox 3448 2456 3511 2510; x_wconf 91' lang='lat' dir='ltr'>in</span> <span class='ocrx_word' id='word_1_588' title='bbox 3534 2455 3835 2510; x_wconf 83' lang='lat' dir='ltr'>infernum</span> 
     </span>
    </p>
   </div>
   <div class='ocr_carea' id='block_1_81' title="bbox 2172 2544 3839 2618">
    <p class='ocr_par' dir='ltr' id='par_1_81' title="bbox 2172 2544 3839 2618">
     <span class='ocr_line' id='line_1_81' title="bbox 2172 2544 3839 2618; baseline -0.006 -11"><span class='ocrx_word' id='word_1_589' title='bbox 2172 2547 2333 2607; x_wconf 88' lang='lat' dir='ltr'>velut</span> <span class='ocrx_word' id='word_1_590' title='bbox 2363 2548 2603 2604; x_wconf 92' lang='lat' dir='ltr'>occluso</span> <span class='ocrx_word' id='word_1_591' title='bbox 2636 2550 2874 2617; x_wconf 88' lang='lat' dir='ltr'>Satana,</span> <span class='ocrx_word' id='word_1_592' title='bbox 2905 2549 3064 2603; x_wconf 90' lang='lat' dir='ltr'>visus</span> <span class='ocrx_word' id='word_1_593' title='bbox 3119 2554 3211 2604; x_wconf 91' lang='lat' dir='ltr'>est</span> <span class='ocrx_word' id='word_1_594' title='bbox 3247 2547 3538 2604; x_wconf 89' lang='lat' dir='ltr'>Israelitis</span> <span class='ocrx_word' id='word_1_595' title='bbox 3588 2544 3839 2618; x_wconf 73' lang='lat' dir='ltr'>justitiaa</span> 
     </span>
    </p>
   </div>
   <div class='ocr_carea' id='block_1_82' title="bbox 2172 2632 3842 2710">
    <p class='ocr_par' dir='ltr' id='par_1_82' title="bbox 2172 2632 3842 2710">
     <span class='ocr_line' id='line_1_82' title="bbox 2172 2632 3842 2710; baseline -0.001 -20"><span class='ocrx_word' id='word_1_596' title='bbox 2172 2638 2490 2707; x_wconf 65' lang='lat' dir='ltr'>praamium</span> <span class='ocrx_word' id='word_1_597' title='bbox 2524 2637 2824 2693; x_wconf 88' lang='lat' dir='ltr'>tribuisse.</span> <span class='ocrx_word' id='word_1_598' title='bbox 2862 2642 2935 2692; x_wconf 86' lang='lat' dir='ltr'>At</span> <span class='ocrx_word' id='word_1_599' title='bbox 2970 2637 3057 2692; x_wconf 91' lang='lat' dir='ltr'>illi</span> <span class='ocrx_word' id='word_1_600' title='bbox 3091 2653 3224 2693; x_wconf 90' lang='lat' dir='ltr'>cum</span> <span class='ocrx_word' id='word_1_601' title='bbox 3265 2637 3484 2710; x_wconf 82' lang='lat' dir='ltr'>gratias</span> <span class='ocrx_word' id='word_1_602' title='bbox 3533 2651 3706 2709; x_wconf 87' lang='lat' dir='ltr'>agere</span> <span class='ocrx_word' id='word_1_603' title='bbox 3737 2632 3842 2690; x_wconf 91' lang='lat' dir='ltr'>de-</span> 
     </span>
    </p>
   </div>
   <div class='ocr_carea' id='block_1_83' title="bbox 2171 2722 3845 2798">
    <p class='ocr_par' dir='ltr' id='par_1_83' title="bbox 2171 2722 3845 2798">
     <span class='ocr_line' id='line_1_83' title="bbox 2171 2722 3845 2798; baseline -0.002 -17"><span class='ocrx_word' id='word_1_604' title='bbox 2171 2725 2466 2796; x_wconf 81' lang='lat' dir='ltr'>buissent,</span> <span class='ocrx_word' id='word_1_605' title='bbox 2497 2727 2813 2782; x_wconf 89' lang='lat' dir='ltr'>dicebant:</span> <span class='ocrx_word' id='word_1_606' title='bbox 2848 2750 2874 2776; x_wconf 84' lang='lat'><strong>«</strong></span> <span class='ocrx_word' id='word_1_607' title='bbox 2914 2727 3016 2782; x_wconf 87' lang='lat' dir='ltr'>Hic</span> <span class='ocrx_word' id='word_1_608' title='bbox 3046 2743 3167 2782; x_wconf 90' lang='lat' dir='ltr'>non</span> <span class='ocrx_word' id='word_1_609' title='bbox 3203 2727 3366 2798; x_wconf 78' lang='lat' dir='ltr'>ejicit</span> <span class='ocrx_word' id='word_1_610' title='bbox 3395 2725 3692 2781; x_wconf 66' lang='lat' dir='ltr'>daemonia</span> <span class='ocrx_word' id='word_1_611' title='bbox 3724 2722 3845 2778; x_wconf 86' lang='lat' dir='ltr'>nisi</span> 
     </span>
    </p>
   </div>
   <div class='ocr_carea' id='block_1_84' title="bbox 2174 2814 3854 2889">
    <p class='ocr_par' dir='ltr' id='par_1_84' title="bbox 2174 2814 3854 2889">
     <span class='ocr_line' id='line_1_84' title="bbox 2174 2814 3854 2889; baseline -0.002 -17"><span class='ocrx_word' id='word_1_612' title='bbox 2174 2833 2282 2888; x_wconf 90' lang='lat' dir='ltr'>per</span> <span class='ocrx_word' id='word_1_613' title='bbox 2295 2817 2607 2872; x_wconf 86' lang='lat' dir='ltr'>Beelzebul</span> <span class='ocrx_word' id='word_1_614' title='bbox 2633 2817 2967 2889; x_wconf 85' lang='lat' dir='ltr'>principem</span> <span class='ocrx_word' id='word_1_615' title='bbox 2990 2817 3426 2872; x_wconf 67' lang='lat' dir='ltr'>daemoniorum</span> <span class='ocrx_word' id='word_1_616' title='bbox 3445 2814 3548 2872; x_wconf 75' lang='grc'>⁷².·</span> <span class='ocrx_word' id='word_1_617' title='bbox 3569 2817 3854 2886; x_wconf 88' lang='lat' dir='ltr'>Propter-</span> 
     </span>
    </p>
   </div>
   <div class='ocr_carea' id='block_1_85' title="bbox 2177 2904 3850 2981">
    <p class='ocr_par' dir='ltr' id='par_1_85' title="bbox 2177 2904 3850 2981">
     <span class='ocr_line' id='line_1_85' title="bbox 2177 2904 3850 2981; baseline -0.001 -20"><span class='ocrx_word' id='word_1_618' title='bbox 2177 2922 2248 2962; x_wconf 90' lang='lat' dir='ltr'>ea</span> <span class='ocrx_word' id='word_1_619' title='bbox 2281 2909 2461 2963; x_wconf 88' lang='lat' dir='ltr'>etiam</span> <span class='ocrx_word' id='word_1_620' title='bbox 2487 2925 2556 2964; x_wconf 83' lang='lat' dir='ltr'>ex</span> <span class='ocrx_word' id='word_1_621' title='bbox 2585 2909 2788 2964; x_wconf 83' lang='lat' dir='ltr'>Judaea</span> <span class='ocrx_word' id='word_1_622' title='bbox 2819 2904 3850 2981; x_wconf 74' lang='lat' dir='ltr'>transmigravitinGalilaeam,sicut</span> 
     </span>
    </p>
   </div>
   <div class='ocr_carea' id='block_1_86' title="bbox 2179 2997 3847 3065">
    <p class='ocr_par' dir='ltr' id='par_1_86' title="bbox 2179 2997 3847 3065">
     <span class='ocr_line' id='line_1_86' title="bbox 2179 2997 3847 3065; baseline -0.002 -12"><span class='ocrx_word' id='word_1_623' title='bbox 2179 3003 2238 3053; x_wconf 87' lang='lat' dir='ltr'>et</span> <span class='ocrx_word' id='word_1_624' title='bbox 2267 2999 2456 3054; x_wconf 89' lang='lat' dir='ltr'>Moses</span> <span class='ocrx_word' id='word_1_625' title='bbox 2477 3000 2800 3055; x_wconf 79' lang='lat' dir='ltr'>translatus</span> <span class='ocrx_word' id='word_1_626' title='bbox 2832 3006 2923 3054; x_wconf 91' lang='lat' dir='ltr'>est</span> <span class='ocrx_word' id='word_1_627' title='bbox 2952 2999 3014 3054; x_wconf 90' lang='lat' dir='ltr'>in</span> <span class='ocrx_word' id='word_1_628' title='bbox 3048 3005 3268 3054; x_wconf 87' lang='lat' dir='ltr'>terram</span> <span class='ocrx_word' id='word_1_629' title='bbox 3299 2997 3650 3065; x_wconf 87' lang='lat' dir='ltr'>Madiam,et</span> <span class='ocrx_word' id='word_1_630' title='bbox 3671 3011 3847 3051; x_wconf 82' lang='lat' dir='ltr'>voca-</span> 
     </span>
    </p>
   </div>
   <div class='ocr_carea' id='block_1_87' title="bbox 2177 3088 3202 3160">
    <p class='ocr_par' dir='ltr' id='par_1_87' title="bbox 2177 3088 3202 3160">
     <span class='ocr_line' id='line_1_87' title="bbox 2177 3088 3202 3160; baseline 0.001 -17"><span class='ocrx_word' id='word_1_631' title='bbox 2177 3088 2265 3143; x_wconf 84' lang='lat' dir='ltr'>vit</span> <span class='ocrx_word' id='word_1_632' title='bbox 2290 3089 2880 3156; x_wconf 81' lang='lat' dir='ltr'>transmigrationem</span> <span class='ocrx_word' id='word_1_633' title='bbox 2912 3088 3202 3160; x_wconf 84' lang='lat' dir='ltr'>gentium.</span> 
     </span>
    </p>
   </div>
   <div class='ocr_carea' id='block_1_88' title="bbox 2253 3175 3844 3248">
    <p class='ocr_par' dir='ltr' id='par_1_88' title="bbox 2253 3175 3844 3248">
     <span class='ocr_line' id='line_1_88' title="bbox 2253 3175 3844 3248; baseline -0.002 -16"><span class='ocrx_word' id='word_1_634' title='bbox 2253 3177 2374 3242; x_wconf 88' lang='lat' dir='ltr'><strong>VII,</strong></span> <span class='ocrx_word' id='word_1_635' title='bbox 2407 3180 2589 3234; x_wconf 79' lang='lat'>25-29.</span> <span class='ocrx_word' id='word_1_636' title='bbox 2624 3200 2652 3228; x_wconf 87' lang='lat'><strong>«</strong></span> <span class='ocrx_word' id='word_1_637' title='bbox 2685 3177 3077 3235; x_wconf 84' lang='lat' dir='ltr'>Existimabat</span> <span class='ocrx_word' id='word_1_638' title='bbox 3105 3182 3306 3233; x_wconf 90' lang='lat' dir='ltr'>autem</span> <span class='ocrx_word' id='word_1_639' title='bbox 3354 3175 3691 3248; x_wconf 81' lang='lat' dir='ltr'>intelligere</span> <span class='ocrx_word' id='word_1_640' title='bbox 3720 3175 3844 3230; x_wconf 87' lang='lat' dir='ltr'>fra-</span> 
     </span>
    </p>
   </div>
   <div class='ocr_carea' id='block_1_89' title="bbox 2189 3263 3845 3339">
    <p class='ocr_par' dir='ltr' id='par_1_89' title="bbox 2189 3263 3845 3339">
     <span class='ocr_line' id='line_1_89' title="bbox 2189 3263 3845 3339; baseline -0.001 -18"><span class='ocrx_word' id='word_1_641' title='bbox 2189 3289 2214 3321; x_wconf 75' lang='grc' dir='ltr'>ι</span> <span class='ocrx_word' id='word_1_642' title='bbox 2247 3273 2366 3324; x_wconf 87' lang='lat' dir='ltr'>tres</span> <span class='ocrx_word' id='word_1_643' title='bbox 2398 3284 2558 3336; x_wconf 90' lang='lat' dir='ltr'>suos,</span> <span class='ocrx_word' id='word_1_644' title='bbox 2623 3268 2782 3339; x_wconf 89' lang='lat' dir='ltr'>quod</span> <span class='ocrx_word' id='word_1_645' title='bbox 2832 3268 2988 3324; x_wconf 90' lang='lat' dir='ltr'>Deus</span> <span class='ocrx_word' id='word_1_646' title='bbox 3027 3284 3136 3339; x_wconf 90' lang='lat' dir='ltr'>per</span> <span class='ocrx_word' id='word_1_647' title='bbox 3186 3282 3431 3322; x_wconf 90' lang='lat' dir='ltr'>manum</span> <span class='ocrx_word' id='word_1_648' title='bbox 3484 3264 3614 3337; x_wconf 85' lang='lat' dir='ltr'>ejus</span> <span class='ocrx_word' id='word_1_649' title='bbox 3673 3263 3845 3320; x_wconf 89' lang='lat' dir='ltr'>daret</span> 
     </span>
    </p>
   </div>
   <div class='ocr_carea' id='block_1_90' title="bbox 2185 3353 3852 3429">
    <p class='ocr_par' dir='ltr' id='par_1_90' title="bbox 2185 3353 3852 3429">
     <span class='ocr_line' id='line_1_90' title="bbox 2185 3353 3852 3429; baseline -0.003 -17"><span class='ocrx_word' id='word_1_650' title='bbox 2185 3358 2396 3429; x_wconf 87' lang='lat' dir='ltr'>«ipsis</span> <span class='ocrx_word' id='word_1_651' title='bbox 2427 3358 2726 3414; x_wconf 89' lang='lat' dir='ltr'>salutem:</span> <span class='ocrx_word' id='word_1_652' title='bbox 2766 3358 2855 3413; x_wconf 91' lang='lat' dir='ltr'>illi</span> <span class='ocrx_word' id='word_1_653' title='bbox 2910 3373 3047 3413; x_wconf 84' lang='lat' dir='ltr'>vero</span> <span class='ocrx_word' id='word_1_654' title='bbox 3097 3373 3219 3412; x_wconf 90' lang='lat' dir='ltr'>non</span> <span class='ocrx_word' id='word_1_655' title='bbox 3273 3355 3718 3412; x_wconf 84' lang='lat' dir='ltr'>intellexerunt.</span> <span class='ocrx_word' id='word_1_656' title='bbox 3779 3353 3852 3407; x_wconf 89' lang='lat' dir='ltr'>Et</span> 
     </span>
    </p>
   </div>
   <div class='ocr_carea' id='block_1_91' title="bbox 2187 3444 3848 3521">
    <p class='ocr_par' dir='ltr' id='par_1_91' title="bbox 2187 3444 3848 3521">
     <span class='ocr_line' id='line_1_91' title="bbox 2187 3444 3848 3521; baseline -0.004 -17"><span class='ocrx_word' id='word_1_657' title='bbox 2187 3471 2214 3498; x_wconf 84' lang='lat'><strong>«</strong></span> <span class='ocrx_word' id='word_1_658' title='bbox 2249 3449 2521 3521; x_wconf 86' lang='lat' dir='ltr'>sequenti</span> <span class='ocrx_word' id='word_1_659' title='bbox 2555 3448 2649 3505; x_wconf 91' lang='lat' dir='ltr'>die</span> <span class='ocrx_word' id='word_1_660' title='bbox 2681 3453 3038 3521; x_wconf 88' lang='lat' dir='ltr'>conspectus</span> <span class='ocrx_word' id='word_1_661' title='bbox 3068 3453 3160 3503; x_wconf 90' lang='lat' dir='ltr'>est</span> <span class='ocrx_word' id='word_1_662' title='bbox 3190 3447 3310 3503; x_wconf 88' lang='lat' dir='ltr'>illis</span> <span class='ocrx_word' id='word_1_663' title='bbox 3358 3444 3752 3520; x_wconf 81' lang='lat' dir='ltr'>litigantibus,</span> <span class='ocrx_word' id='word_1_664' title='bbox 3785 3448 3848 3499; x_wconf 86' lang='lat' dir='ltr'>et</span> 
     </span>
    </p>
   </div>
   <div class='ocr_carea' id='block_1_92' title="bbox 2191 3535 3850 3612">
    <p class='ocr_par' dir='ltr' id='par_1_92' title="bbox 2191 3535 3850 3612">
     <span class='ocr_line' id='line_1_92' title="bbox 2191 3535 3850 3612; baseline -0.004 -17"><span class='ocrx_word' id='word_1_665' title='bbox 2191 3562 2212 3589; x_wconf 72' lang='grc' dir='ltr'>ε</span> <span class='ocrx_word' id='word_1_666' title='bbox 2247 3540 2474 3612; x_wconf 85' lang='lat' dir='ltr'>redegit</span> <span class='ocrx_word' id='word_1_667' title='bbox 2508 3557 2609 3595; x_wconf 92' lang='lat' dir='ltr'>eos</span> <span class='ocrx_word' id='word_1_668' title='bbox 2666 3540 2730 3596; x_wconf 91' lang='lat' dir='ltr'>in</span> <span class='ocrx_word' id='word_1_669' title='bbox 2791 3539 3194 3606; x_wconf 89' lang='lat' dir='ltr'>concordiam,</span> <span class='ocrx_word' id='word_1_670' title='bbox 3256 3536 3511 3593; x_wconf 90' lang='lat' dir='ltr'>dicens:</span> <span class='ocrx_word' id='word_1_671' title='bbox 3554 3535 3699 3603; x_wconf 88' lang='lat' dir='ltr'>Viri,</span> <span class='ocrx_word' id='word_1_672' title='bbox 3748 3549 3850 3590; x_wconf 86' lang='lat' dir='ltr'>vos</span> 
     </span>
    </p>
   </div>
   <div class='ocr_carea' id='block_1_93' title="bbox 2188 3622 3851 3701">
    <p class='ocr_par' dir='ltr' id='par_1_93' title="bbox 2188 3622 3851 3701">
     <span class='ocr_line' id='line_1_93' title="bbox 2188 3622 3851 3701; baseline 0 -22"><span class='ocrx_word' id='word_1_673' title='bbox 2188 3651 2216 3679; x_wconf 83' lang='lat'><strong>«</strong></span> <span class='ocrx_word' id='word_1_674' title='bbox 2250 3629 2463 3686; x_wconf 83' lang='lat' dir='ltr'>fratres</span> <span class='ocrx_word' id='word_1_675' title='bbox 2494 3631 2658 3696; x_wconf 89' lang='lat' dir='ltr'>estis,</span> <span class='ocrx_word' id='word_1_676' title='bbox 2708 3635 2776 3685; x_wconf 92' lang='lat' dir='ltr'>ut</span> <span class='ocrx_word' id='word_1_677' title='bbox 2832 3628 2975 3701; x_wconf 91' lang='lat' dir='ltr'>quid</span> <span class='ocrx_word' id='word_1_678' title='bbox 3033 3645 3135 3684; x_wconf 87' lang='lat' dir='ltr'>vos</span> <span class='ocrx_word' id='word_1_679' title='bbox 3189 3626 3442 3683; x_wconf 79' lang='lat' dir='ltr'>invicem</span> <span class='ocrx_word' id='word_1_680' title='bbox 3493 3622 3851 3682; x_wconf 60' lang='lat' dir='ltr'>laditis‘Hs</span> 
     </span>
    </p>
   </div>
   <div class='ocr_carea' id='block_1_94' title="bbox 2190 3712 3855 3791">
    <p class='ocr_par' dir='ltr' id='par_1_94' title="bbox 2190 3712 3855 3791">
     <span class='ocr_line' id='line_1_94' title="bbox 2190 3712 3855 3791; baseline -0.002 -19"><span class='ocrx_word' id='word_1_681' title='bbox 2190 3739 2214 3772; x_wconf 73' lang='grc' dir='ltr'>ε</span> <span class='ocrx_word' id='word_1_682' title='bbox 2251 3725 2473 3786; x_wconf 89' lang='lat' dir='ltr'>autem,</span> <span class='ocrx_word' id='word_1_683' title='bbox 2528 3720 2628 3791; x_wconf 91' lang='lat' dir='ltr'>qui</span> <span class='ocrx_word' id='word_1_684' title='bbox 2687 3719 2880 3791; x_wconf 90' lang='lat' dir='ltr'>primo</span> <span class='ocrx_word' id='word_1_685' title='bbox 2940 3717 3240 3791; x_wconf 90' lang='lat' dir='ltr'>irrogabat</span> <span class='ocrx_word' id='word_1_686' title='bbox 3295 3715 3580 3788; x_wconf 88' lang='lat' dir='ltr'>injuriam</span> <span class='ocrx_word' id='word_1_687' title='bbox 3630 3712 3855 3786; x_wconf 90' lang='lat' dir='ltr'>repulit</span> 
     </span>
    </p>
   </div>
   <div class='ocr_carea' id='block_1_95' title="bbox 2190 3804 3852 3877">
    <p class='ocr_par' dir='ltr' id='par_1_95' title="bbox 2190 3804 3852 3877">
     <span class='ocr_line' id='line_1_95' title="bbox 2190 3804 3852 3877; baseline -0.004 -13"><span class='ocrx_word' id='word_1_688' title='bbox 2190 3829 2218 3858; x_wconf 89' lang='grc'><strong>‹‹</strong></span> <span class='ocrx_word' id='word_1_689' title='bbox 2252 3824 2409 3873; x_wconf 89' lang='lat' dir='ltr'>eum,</span> <span class='ocrx_word' id='word_1_690' title='bbox 2445 3809 2650 3864; x_wconf 87' lang='lat' dir='ltr'>dicens</span> <span class='ocrx_word' id='word_1_691' title='bbox 2685 3825 2697 3861; x_wconf 93' lang='lat'><strong>:</strong></span> <span class='ocrx_word' id='word_1_692' title='bbox 2727 3808 2870 3873; x_wconf 90' lang='lat' dir='ltr'>Quis</span> <span class='ocrx_word' id='word_1_693' title='bbox 2908 3812 2964 3864; x_wconf 91' lang='lat' dir='ltr'>te</span> <span class='ocrx_word' id='word_1_694' title='bbox 3028 3807 3340 3862; x_wconf 87' lang='lat' dir='ltr'>constituit</span> <span class='ocrx_word' id='word_1_695' title='bbox 3389 3804 3725 3877; x_wconf 85' lang='lat' dir='ltr'>principem</span> <span class='ocrx_word' id='word_1_696' title='bbox 3783 3818 3852 3859; x_wconf 91' lang='lat' dir='ltr'>ac</span> 
     </span>
    </p>
   </div>
   <div class='ocr_carea' id='block_1_96' title="bbox 2188 3893 3847 3974">
    <p class='ocr_par' dir='ltr' id='par_1_96' title="bbox 2188 3893 3847 3974">
     <span class='ocr_line' id='line_1_96' title="bbox 2188 3893 3847 3974; baseline -0.002 -22"><span class='ocrx_word' id='word_1_697' title='bbox 2188 3925 2216 3952; x_wconf 83' lang='lat'><strong><em>«</em></strong></span> <span class='ocrx_word' id='word_1_698' title='bbox 2243 3901 2508 3974; x_wconf 88' lang='lat' dir='ltr'>judicem</span> <span class='ocrx_word' id='word_1_699' title='bbox 2542 3915 2722 3970; x_wconf 90' lang='lat' dir='ltr'>super</span> <span class='ocrx_word' id='word_1_700' title='bbox 2750 3915 2861 3953; x_wconf 90' lang='lat' dir='ltr'>nos</span> <span class='ocrx_word' id='word_1_701' title='bbox 2881 3898 2909 3954; x_wconf 84' lang='lat'><strong>?</strong></span> <span class='ocrx_word' id='word_1_702' title='bbox 2962 3899 3114 3952; x_wconf 89' lang='lat' dir='ltr'>Num</span> <span class='ocrx_word' id='word_1_703' title='bbox 3148 3903 3212 3953; x_wconf 91' lang='lat' dir='ltr'>tu</span> <span class='ocrx_word' id='word_1_704' title='bbox 3242 3913 3337 3951; x_wconf 91' lang='lat' dir='ltr'>me</span> <span class='ocrx_word' id='word_1_705' title='bbox 3367 3895 3454 3950; x_wconf 88' lang='lat' dir='ltr'>vis</span> <span class='ocrx_word' id='word_1_706' title='bbox 3484 3893 3847 3959; x_wconf 81' lang='lat' dir='ltr'>interficere,</span> 
     </span>
    </p>
   </div>
   <div class='ocr_carea' id='block_1_97' title="bbox 2189 3982 3854 4064">
    <p class='ocr_par' dir='ltr' id='par_1_97' title="bbox 2189 3982 3854 4064">
     <span class='ocr_line' id='line_1_97' title="bbox 2189 3982 3854 4064; baseline -0.004 -20"><span class='ocrx_word' id='word_1_707' title='bbox 2189 4016 2216 4044; x_wconf 82' lang='lat'><strong>«</strong></span> <span class='ocrx_word' id='word_1_708' title='bbox 2251 3989 2755 4064; x_wconf 89' lang='lat' dir='ltr'>quemadmodum</span> <span class='ocrx_word' id='word_1_709' title='bbox 2787 3987 3138 4044; x_wconf 87' lang='lat' dir='ltr'>interfecisti</span> <span class='ocrx_word' id='word_1_710' title='bbox 3171 3986 3300 4042; x_wconf 89' lang='lat' dir='ltr'>heri</span> <span class='ocrx_word' id='word_1_711' title='bbox 3325 3982 3705 4056; x_wconf 67' lang='lat' dir='ltr'>Egyptium?</span> <span class='ocrx_word' id='word_1_712' title='bbox 3737 3983 3854 4038; x_wconf 88' lang='lat' dir='ltr'>Fu-</span> 
     </span>
    </p>
   </div>
   <div class='ocr_carea' id='block_1_98' title="bbox 2191 4074 3853 4155">
    <p class='ocr_par' dir='ltr' id='par_1_98' title="bbox 2191 4074 3853 4155">
     <span class='ocr_line' id='line_1_98' title="bbox 2191 4074 3853 4155; baseline -0.005 -20"><span class='ocrx_word' id='word_1_713' title='bbox 2191 4104 2218 4135; x_wconf 81' lang='grc' dir='ltr'>ι(</span> <span class='ocrx_word' id='word_1_714' title='bbox 2249 4083 2552 4155; x_wconf 89' lang='lat' dir='ltr'>gitautem</span> <span class='ocrx_word' id='word_1_715' title='bbox 2584 4080 2774 4135; x_wconf 89' lang='lat' dir='ltr'>Moses</span> <span class='ocrx_word' id='word_1_716' title='bbox 2799 4077 2875 4134; x_wconf 90' lang='lat' dir='ltr'>ad</span> <span class='ocrx_word' id='word_1_717' title='bbox 2917 4076 3162 4133; x_wconf 90' lang='lat' dir='ltr'>verbum</span> <span class='ocrx_word' id='word_1_718' title='bbox 3220 4076 3354 4141; x_wconf 90' lang='lat' dir='ltr'>hoc,</span> <span class='ocrx_word' id='word_1_719' title='bbox 3416 4074 3728 4143; x_wconf 87' lang='lat' dir='ltr'>factusque</span> <span class='ocrx_word' id='word_1_720' title='bbox 3762 4075 3853 4126; x_wconf 87' lang='lat' dir='ltr'>est</span> 
     </span>
    </p>
   </div>
   <div class='ocr_carea' id='block_1_99' title="bbox 2191 4161 3850 4239">
    <p class='ocr_par' dir='ltr' id='par_1_99' title="bbox 2191 4161 3850 4239">
     <span class='ocr_line' id='line_1_99' title="bbox 2191 4161 3850 4239; baseline -0.01 -13"><span class='ocrx_word' id='word_1_721' title='bbox 2191 4175 2458 4230; x_wconf 74' lang='lat' dir='ltr'>«advena</span> <span class='ocrx_word' id='word_1_722' title='bbox 2486 4171 2549 4226; x_wconf 90' lang='lat' dir='ltr'>in</span> <span class='ocrx_word' id='word_1_723' title='bbox 2582 4177 2740 4225; x_wconf 90' lang='lat' dir='ltr'>terra</span> <span class='ocrx_word' id='word_1_724' title='bbox 2766 4169 3109 4224; x_wconf 85' lang='lat' dir='ltr'>Madiam.et</span> <span class='ocrx_word' id='word_1_725' title='bbox 3133 4165 3436 4239; x_wconf 81' lang='lat' dir='ltr'>generavit</span> <span class='ocrx_word' id='word_1_726' title='bbox 3470 4161 3626 4218; x_wconf 74' lang='lat' dir='ltr'>filios</span> <span class='ocrx_word' id='word_1_727' title='bbox 3640 4161 3850 4216; x_wconf 85' lang='lat' dir='ltr'>duos.»</span> 
     </span>
    </p>
   </div>
   <div class='ocr_carea' id='block_1_100' title="bbox 2261 4249 3849 4332">
    <p class='ocr_par' dir='ltr' id='par_1_100' title="bbox 2261 4249 3849 4332">
     <span class='ocr_line' id='line_1_100' title="bbox 2261 4249 3849 4332; baseline -0.009 -14"><span class='ocrx_word' id='word_1_728' title='bbox 2261 4263 2408 4318; x_wconf 86' lang='lat' dir='ltr'>Hinc</span> <span class='ocrx_word' id='word_1_729' title='bbox 2439 4275 2677 4332; x_wconf 81' lang='lat' dir='ltr'>quoque</span> <span class='ocrx_word' id='word_1_730' title='bbox 2709 4256 3223 4330; x_wconf 77' lang='lat' dir='ltr'>ingratitudinem.</span> <span class='ocrx_word' id='word_1_731' title='bbox 3279 4253 3496 4325; x_wconf 91' lang='lat' dir='ltr'>inquit,</span> <span class='ocrx_word' id='word_1_732' title='bbox 3531 4249 3849 4308; x_wconf 89' lang='lat' dir='ltr'>considera</span> 
     </span>
    </p>
   </div>
   <div class='ocr_carea' id='block_1_101' title="bbox 2187 4339 3848 4419">
    <p class='ocr_par' dir='ltr' id='par_1_101' title="bbox 2187 4339 3848 4419">
     <span class='ocr_line' id='line_1_101' title="bbox 2187 4339 3848 4419; baseline -0.008 -10"><span class='ocrx_word' id='word_1_733' title='bbox 2187 4358 2247 4409; x_wconf 93' lang='lat' dir='ltr'>et</span> <span class='ocrx_word' id='word_1_734' title='bbox 2277 4351 2525 4408; x_wconf 87' lang='lat' dir='ltr'>insidias</span> <span class='ocrx_word' id='word_1_735' title='bbox 2554 4348 2894 4405; x_wconf 71' lang='lat' dir='ltr'>Iudaeorum</span> <span class='ocrx_word' id='word_1_736' title='bbox 2940 4363 3077 4419; x_wconf 88' lang='lat' dir='ltr'>erga</span> <span class='ocrx_word' id='word_1_737' title='bbox 3107 4345 3260 4400; x_wconf 90' lang='lat' dir='ltr'>bene</span> <span class='ocrx_word' id='word_1_738' title='bbox 3319 4344 3392 4399; x_wconf 91' lang='lat' dir='ltr'>de</span> <span class='ocrx_word' id='word_1_739' title='bbox 3456 4358 3517 4398; x_wconf 91' lang='lat' dir='ltr'>se</span> <span class='ocrx_word' id='word_1_740' title='bbox 3581 4339 3848 4396; x_wconf 89' lang='lat' dir='ltr'>meritos.</span> 
     </span>
    </p>
   </div>
   <div class='ocr_carea' id='block_1_102' title="bbox 2188 4432 3854 4514">
    <p class='ocr_par' dir='ltr' id='par_1_102' title="bbox 2188 4432 3854 4514">
     <span class='ocr_line' id='line_1_102' title="bbox 2188 4432 3854 4514; baseline -0.008 -14"><span class='ocrx_word' id='word_1_741' title='bbox 2188 4446 2376 4500; x_wconf 89' lang='lat' dir='ltr'>Moses</span> <span class='ocrx_word' id='word_1_742' title='bbox 2407 4441 2706 4514; x_wconf 88' lang='lat' dir='ltr'>siquidem</span> <span class='ocrx_word' id='word_1_743' title='bbox 2744 4440 2846 4512; x_wconf 92' lang='lat' dir='ltr'>qui</span> <span class='ocrx_word' id='word_1_744' title='bbox 2904 4437 3089 4495; x_wconf 88' lang='lat' dir='ltr'>animi</span> <span class='ocrx_word' id='word_1_745' title='bbox 3150 4434 3650 4492; x_wconf 84' lang='lat' dir='ltr'>excandescentia</span> <span class='ocrx_word' id='word_1_746' title='bbox 3680 4432 3854 4488; x_wconf 87' lang='lat' dir='ltr'>illum</span> 
     </span>
    </p>
   </div>
   <div class='ocr_carea' id='block_1_103' title="bbox 2188 4522 3855 4604">
    <p class='ocr_par' dir='ltr' id='par_1_103' title="bbox 2188 4522 3855 4604">
     <span class='ocr_line' id='line_1_103' title="bbox 2188 4522 3855 4604; baseline -0.009 -12"><span class='ocrx_word' id='word_1_747' title='bbox 2188 4535 2514 4600; x_wconf 87' lang='lat' dir='ltr'>interemit,</span> <span class='ocrx_word' id='word_1_748' title='bbox 2549 4532 2652 4604; x_wconf 91' lang='lat' dir='ltr'>qui</span> <span class='ocrx_word' id='word_1_749' title='bbox 2677 4532 2934 4588; x_wconf 89' lang='lat' dir='ltr'>alterum</span> <span class='ocrx_word' id='word_1_750' title='bbox 2966 4529 3077 4584; x_wconf 86' lang='lat' dir='ltr'>sibi</span> <span class='ocrx_word' id='word_1_751' title='bbox 3123 4527 3524 4600; x_wconf 86' lang='lat' dir='ltr'>congentilem</span> <span class='ocrx_word' id='word_1_752' title='bbox 3556 4522 3855 4580; x_wconf 78' lang='lat' dir='ltr'>afﬁciebat</span> 
     </span>
    </p>
   </div>
   <div class='ocr_carea' id='block_1_104' title="bbox 2189 4612 3855 4696">
    <p class='ocr_par' dir='ltr' id='par_1_104' title="bbox 2189 4612 3855 4696">
     <span class='ocr_line' id='line_1_104' title="bbox 2189 4612 3855 4696; baseline -0.01 -15"><span class='ocrx_word' id='word_1_753' title='bbox 2189 4626 2436 4696; x_wconf 87' lang='lat' dir='ltr'>injuria,</span> <span class='ocrx_word' id='word_1_754' title='bbox 2471 4626 2782 4678; x_wconf 85' lang='lat' dir='ltr'>mansuete</span> <span class='ocrx_word' id='word_1_755' title='bbox 2816 4625 2957 4675; x_wconf 89' lang='lat' dir='ltr'>tunc</span> <span class='ocrx_word' id='word_1_756' title='bbox 2988 4635 3121 4674; x_wconf 89' lang='lat' dir='ltr'>cum</span> <span class='ocrx_word' id='word_1_757' title='bbox 3156 4634 3224 4673; x_wconf 89' lang='lat' dir='ltr'>eo</span> <span class='ocrx_word' id='word_1_758' title='bbox 3257 4617 3378 4689; x_wconf 84' lang='lat' dir='ltr'>agit</span> <span class='ocrx_word' id='word_1_759' title='bbox 3407 4615 3508 4687; x_wconf 87' lang='lat' dir='ltr'>qui</span> <span class='ocrx_word' id='word_1_760' title='bbox 3568 4612 3855 4684; x_wconf 88' lang='lat' dir='ltr'>injuriam</span> 
     </span>
    </p>
   </div>
   <div class='ocr_carea' id='block_1_105' title="bbox 2191 4703 3854 4783">
    <p class='ocr_par' dir='ltr' id='par_1_105' title="bbox 2191 4703 3854 4783">
     <span class='ocr_line' id='line_1_105' title="bbox 2191 4703 3854 4783; baseline -0.01 -13"><span class='ocrx_word' id='word_1_761' title='bbox 2191 4717 2430 4783; x_wconf 72' lang='lat' dir='ltr'>irrogat.</span> <span class='ocrx_word' id='word_1_762' title='bbox 2464 4716 2538 4768; x_wconf 88' lang='lat' dir='ltr'>At</span> <span class='ocrx_word' id='word_1_763' title='bbox 2569 4712 2670 4766; x_wconf 93' lang='lat' dir='ltr'>ille</span> <span class='ocrx_word' id='word_1_764' title='bbox 2705 4710 2894 4782; x_wconf 89' lang='lat' dir='ltr'>patria</span> <span class='ocrx_word' id='word_1_765' title='bbox 2923 4715 3099 4766; x_wconf 87' lang='lat' dir='ltr'>utens</span> <span class='ocrx_word' id='word_1_766' title='bbox 3130 4706 3412 4762; x_wconf 89' lang='lat' dir='ltr'>adversus</span> <span class='ocrx_word' id='word_1_767' title='bbox 3444 4703 3854 4758; x_wconf 85' lang='lat' dir='ltr'>benefactores</span> 
     </span>
    </p>
   </div>
   <div class='ocr_carea' id='block_1_106' title="bbox 2193 4790 3851 4878">
    <p class='ocr_par' dir='ltr' id='par_1_106' title="bbox 2193 4790 3851 4878">
     <span class='ocr_line' id='line_1_106' title="bbox 2193 4790 3851 4878; baseline -0.01 -18"><span class='ocrx_word' id='word_1_768' title='bbox 2193 4803 2574 4878; x_wconf 86' lang='lat' dir='ltr'>procacitate.</span> <span class='ocrx_word' id='word_1_769' title='bbox 2607 4817 2745 4856; x_wconf 90' lang='lat' dir='ltr'>eum</span> <span class='ocrx_word' id='word_1_770' title='bbox 2780 4799 2967 4867; x_wconf 81' lang='lat' dir='ltr'>magis</span> <span class='ocrx_word' id='word_1_771' title='bbox 2994 4799 3162 4853; x_wconf 89' lang='lat' dir='ltr'>illata</span> <span class='ocrx_word' id='word_1_772' title='bbox 3185 4793 3550 4851; x_wconf 90' lang='lat' dir='ltr'>contumelia</span> <span class='ocrx_word' id='word_1_773' title='bbox 3589 4790 3808 4864; x_wconf 90' lang='lat' dir='ltr'>repulit</span> <span class='ocrx_word' id='word_1_774' title='bbox 3836 4806 3851 4846; x_wconf 89' lang='lat'>:</span> 
     </span>
    </p>
   </div>
   <div class='ocr_carea' id='block_1_107' title="bbox 2193 4882 3853 4963">
    <p class='ocr_par' dir='ltr' id='par_1_107' title="bbox 2193 4882 3853 4963">
     <span class='ocr_line' id='line_1_107' title="bbox 2193 4882 3853 4963; baseline -0.009 -12"><span class='ocrx_word' id='word_1_775' title='bbox 2193 4912 2260 4952; x_wconf 89' lang='lat' dir='ltr'>ac</span> <span class='ocrx_word' id='word_1_776' title='bbox 2289 4896 2486 4949; x_wconf 89' lang='lat' dir='ltr'>Mosen</span> <span class='ocrx_word' id='word_1_777' title='bbox 2519 4891 2590 4948; x_wconf 92' lang='lat' dir='ltr'>ad</span> <span class='ocrx_word' id='word_1_778' title='bbox 2623 4889 3027 4963; x_wconf 88' lang='lat' dir='ltr'>perditionem</span> <span class='ocrx_word' id='word_1_779' title='bbox 3062 4893 3329 4953; x_wconf 86' lang='lat' dir='ltr'>venatur,</span> <span class='ocrx_word' id='word_1_780' title='bbox 3359 4884 3459 4956; x_wconf 90' lang='lat' dir='ltr'>qui</span> <span class='ocrx_word' id='word_1_781' title='bbox 3491 4882 3714 4938; x_wconf 70' lang='lat' dir='ltr'>cmdem</span> <span class='ocrx_word' id='word_1_782' title='bbox 3745 4897 3853 4936; x_wconf 89' lang='lat' dir='ltr'>suo</span> 
     </span>
    </p>
   </div>
   <div class='ocr_carea' id='block_1_108' title="bbox 2195 4971 3852 5051">
    <p class='ocr_par' dir='ltr' id='par_1_108' title="bbox 2195 4971 3852 5051">
     <span class='ocr_line' id='line_1_108' title="bbox 2195 4971 3852 5051; baseline -0.009 -10"><span class='ocrx_word' id='word_1_783' title='bbox 2195 4983 2515 5042; x_wconf 89' lang='lat' dir='ltr'>contribuli</span> <span class='ocrx_word' id='word_1_784' title='bbox 2567 4980 2939 5038; x_wconf 83' lang='lat' dir='ltr'>salutiferam</span> <span class='ocrx_word' id='word_1_785' title='bbox 3027 4979 3271 5051; x_wconf 69' lang='lat' dir='ltr'>Egypto</span> <span class='ocrx_word' id='word_1_786' title='bbox 3359 4973 3666 5030; x_wconf 87' lang='lat' dir='ltr'>intulerat.</span> <span class='ocrx_word' id='word_1_787' title='bbox 3727 4971 3852 5037; x_wconf 88' lang='lat' dir='ltr'>Quo</span> 
     </span>
    </p>
   </div>
   <div class='ocr_carea' id='block_1_109' title="bbox 2195 5061 3854 5132">
    <p class='ocr_par' dir='ltr' id='par_1_109' title="bbox 2195 5061 3854 5132">
     <span class='ocr_line' id='line_1_109' title="bbox 2195 5061 3854 5132; baseline -0.01 0"><span class='ocrx_word' id='word_1_788' title='bbox 2195 5091 2337 5132; x_wconf 90' lang='lat' dir='ltr'>sane</span> <span class='ocrx_word' id='word_1_789' title='bbox 2372 5073 2548 5129; x_wconf 91' lang='lat' dir='ltr'>modo</span> <span class='ocrx_word' id='word_1_790' title='bbox 2580 5072 2761 5128; x_wconf 90' lang='lat' dir='ltr'>etiam</span> <span class='ocrx_word' id='word_1_791' title='bbox 2792 5069 3077 5126; x_wconf 89' lang='lat' dir='ltr'>adversus</span> <span class='ocrx_word' id='word_1_792' title='bbox 3131 5065 3433 5122; x_wconf 88' lang='lat' dir='ltr'>Christum</span> <span class='ocrx_word' id='word_1_793' title='bbox 3497 5061 3691 5120; x_wconf 81' lang='lat' dir='ltr'>affecti</span> <span class='ocrx_word' id='word_1_794' title='bbox 3723 5061 3854 5116; x_wconf 88' lang='lat' dir='ltr'>fue-</span> 
     </span>
    </p>
   </div>
   <div class='ocr_carea' id='block_1_110' title="bbox 2194 5152 3854 5237">
    <p class='ocr_par' dir='ltr' id='par_1_110' title="bbox 2194 5152 3854 5237">
     <span class='ocr_line' id='line_1_110' title="bbox 2194 5152 3854 5237; baseline -0.011 -13"><span class='ocrx_word' id='word_1_795' title='bbox 2194 5172 2354 5225; x_wconf 88' lang='lat' dir='ltr'>runt.</span> <span class='ocrx_word' id='word_1_796' title='bbox 2373 5166 2445 5223; x_wconf 89' lang='lat' dir='ltr'>ob</span> <span class='ocrx_word' id='word_1_797' title='bbox 2479 5166 2611 5237; x_wconf 89' lang='lat' dir='ltr'>ejus</span> <span class='ocrx_word' id='word_1_798' title='bbox 2643 5162 2955 5219; x_wconf 75' lang='lat' dir='ltr'>benefacta</span> <span class='ocrx_word' id='word_1_799' title='bbox 2973 5165 3227 5216; x_wconf 89' lang='lat' dir='ltr'>mortem</span> <span class='ocrx_word' id='word_1_800' title='bbox 3258 5157 3411 5212; x_wconf 82' lang='lat' dir='ltr'>bene</span> <span class='ocrx_word' id='word_1_801' title='bbox 3443 5155 3516 5211; x_wconf 92' lang='lat' dir='ltr'>de</span> <span class='ocrx_word' id='word_1_802' title='bbox 3546 5171 3608 5210; x_wconf 90' lang='lat' dir='ltr'>se</span> <span class='ocrx_word' id='word_1_803' title='bbox 3642 5152 3854 5209; x_wconf 89' lang='lat' dir='ltr'>merito</span> 
     </span>
    </p>
   </div>
   <div class='ocr_carea' id='block_1_111' title="bbox 2193 5243 3850 5316">
    <p class='ocr_par' dir='ltr' id='par_1_111' title="bbox 2193 5243 3850 5316">
     <span class='ocr_line' id='line_1_111' title="bbox 2193 5243 3850 5316; baseline -0.012 0"><span class='ocrx_word' id='word_1_804' title='bbox 2193 5257 2577 5316; x_wconf 86' lang='lat' dir='ltr'>meditantes.</span> <span class='ocrx_word' id='word_1_805' title='bbox 2637 5253 2774 5309; x_wconf 93' lang='lat' dir='ltr'>Ideo</span> <span class='ocrx_word' id='word_1_806' title='bbox 2807 5251 2988 5308; x_wconf 87' lang='lat' dir='ltr'>etiam</span> <span class='ocrx_word' id='word_1_807' title='bbox 3024 5249 3231 5306; x_wconf 88' lang='lat' dir='ltr'>dicunt</span> <span class='ocrx_word' id='word_1_808' title='bbox 3264 5264 3277 5302; x_wconf 94' lang='lat'>:</span> <span class='ocrx_word' id='word_1_809' title='bbox 3312 5270 3339 5298; x_wconf 88' lang='grc'>‹‹</span> <span class='ocrx_word' id='word_1_810' title='bbox 3392 5244 3542 5312; x_wconf 90' lang='lat' dir='ltr'>Quid</span> <span class='ocrx_word' id='word_1_811' title='bbox 3572 5243 3850 5308; x_wconf 79' lang='lat' dir='ltr'>facimus,</span> 
     </span>
    </p>
   </div>
   <div class='ocr_carea' id='block_1_112' title="bbox 2194 5334 3438 5420">
    <p class='ocr_par' dir='ltr' id='par_1_112' title="bbox 2194 5334 3438 5420">
     <span class='ocr_line' id='line_1_112' title="bbox 2194 5334 3438 5420; baseline -0.011 -18"><span class='ocrx_word' id='word_1_812' title='bbox 2194 5347 2336 5420; x_wconf 89' lang='lat' dir='ltr'>quia</span> <span class='ocrx_word' id='word_1_813' title='bbox 2368 5346 2461 5401; x_wconf 85' lang='lat' dir='ltr'>hic</span> <span class='ocrx_word' id='word_1_814' title='bbox 2491 5347 2668 5400; x_wconf 89' lang='lat' dir='ltr'>homo</span> <span class='ocrx_word' id='word_1_815' title='bbox 2703 5341 2893 5396; x_wconf 88' lang='lat' dir='ltr'>multa</span> <span class='ocrx_word' id='word_1_816' title='bbox 2923 5340 3093 5412; x_wconf 90' lang='lat' dir='ltr'>signa</span> <span class='ocrx_word' id='word_1_817' title='bbox 3123 5336 3247 5392; x_wconf 90' lang='lat' dir='ltr'>edit</span> <span class='ocrx_word' id='word_1_818' title='bbox 3276 5336 3323 5372; x_wconf 76' lang='grc'>⁷³</span> <span class='ocrx_word' id='word_1_819' title='bbox 3351 5334 3380 5391; x_wconf 69' lang='lat'>‘2</span> <span class='ocrx_word' id='word_1_820' title='bbox 3410 5356 3438 5385; x_wconf 90' lang='grc'><strong>››</strong></span> 
     </span>
    </p>
   </div>
   <div class='ocr_carea' id='block_1_113' title="bbox 2265 5421 3864 5501">
    <p class='ocr_par' dir='ltr' id='par_1_113' title="bbox 2265 5421 3864 5501">
     <span class='ocr_line' id='line_1_113' title="bbox 2265 5421 3864 5501; baseline -0.01 -9"><span class='ocrx_word' id='word_1_821' title='bbox 2265 5436 2367 5492; x_wconf 77' lang='lat'>08</span> <span class='ocrx_word' id='word_1_822' title='bbox 2406 5435 2519 5498; x_wconf 85' lang='lat' dir='ltr'><strong>VII,</strong></span> <span class='ocrx_word' id='word_1_823' title='bbox 2553 5433 2742 5488; x_wconf 86' lang='lat'>30-32.</span> <span class='ocrx_word' id='word_1_824' title='bbox 2779 5454 2805 5480; x_wconf 85' lang='lat'><strong>«</strong></span> <span class='ocrx_word' id='word_1_825' title='bbox 2839 5431 2911 5485; x_wconf 90' lang='lat' dir='ltr'>Et</span> <span class='ocrx_word' id='word_1_826' title='bbox 2950 5427 3204 5501; x_wconf 86' lang='lat' dir='ltr'>expletis</span> <span class='ocrx_word' id='word_1_827' title='bbox 3240 5424 3414 5482; x_wconf 89' lang='lat' dir='ltr'>annis</span> <span class='ocrx_word' id='word_1_828' title='bbox 3443 5421 3864 5496; x_wconf 85' lang='lat' dir='ltr'>quadraginta.</span> 
     </span>
    </p>
   </div>
   <div class='ocr_carea' id='block_1_114' title="bbox 2195 5509 3864 5600">
    <p class='ocr_par' dir='ltr' id='par_1_114' title="bbox 2195 5509 3864 5600">
     <span class='ocr_line' id='line_1_114' title="bbox 2195 5509 3864 5600; baseline -0.01 -20"><span class='ocrx_word' id='word_1_829' title='bbox 2195 5525 2528 5600; x_wconf 86' lang='lat' dir='ltr'>«apparuit</span> <span class='ocrx_word' id='word_1_830' title='bbox 2580 5523 2630 5579; x_wconf 90' lang='lat' dir='ltr'>ei</span> <span class='ocrx_word' id='word_1_831' title='bbox 2693 5522 2755 5578; x_wconf 88' lang='lat' dir='ltr'>in</span> <span class='ocrx_word' id='word_1_832' title='bbox 2812 5521 3045 5577; x_wconf 89' lang='lat' dir='ltr'>deserto</span> <span class='ocrx_word' id='word_1_833' title='bbox 3107 5517 3333 5574; x_wconf 88' lang='lat' dir='ltr'>montis</span> <span class='ocrx_word' id='word_1_834' title='bbox 3389 5515 3530 5571; x_wconf 87' lang='lat' dir='ltr'>Sina</span> <span class='ocrx_word' id='word_1_835' title='bbox 3614 5509 3864 5584; x_wconf 85' lang='lat' dir='ltr'>angelus</span> 
     </span>
    </p>
   </div>
   <div class='ocr_carea' id='block_1_115' title="bbox 2195 5603 3863 5683">
    <p class='ocr_par' dir='ltr' id='par_1_115' title="bbox 2195 5603 3863 5683">
     <span class='ocr_line' id='line_1_115' title="bbox 2195 5603 3863 5683; baseline -0.016 -7"><span class='ocrx_word' id='word_1_836' title='bbox 2195 5643 2224 5672; x_wconf 85' lang='lat'>«</span> <span class='ocrx_word' id='word_1_837' title='bbox 2259 5615 2495 5676; x_wconf 91' lang='lat' dir='ltr'>Domini</span> <span class='ocrx_word' id='word_1_838' title='bbox 2523 5615 2585 5672; x_wconf 92' lang='lat' dir='ltr'>in</span> <span class='ocrx_word' id='word_1_839' title='bbox 2635 5611 2881 5670; x_wconf 87' lang='lat' dir='ltr'>ﬂamma</span> <span class='ocrx_word' id='word_1_840' title='bbox 2946 5609 3104 5683; x_wconf 88' lang='lat' dir='ltr'>ignis</span> <span class='ocrx_word' id='word_1_841' title='bbox 3164 5607 3320 5664; x_wconf 91' lang='lat' dir='ltr'>rubi.</span> <span class='ocrx_word' id='word_1_842' title='bbox 3376 5603 3630 5660; x_wconf 89' lang='lat' dir='ltr'>lntuitus</span> <span class='ocrx_word' id='word_1_843' title='bbox 3657 5605 3863 5657; x_wconf 87' lang='lat' dir='ltr'>autem</span> 
     </span>
    </p>
   </div>
   <div class='ocr_carea' id='block_1_116' title="bbox 481 5794 2064 5882">
    <p class='ocr_par' dir='ltr' id='par_1_116' title="bbox 481 5804 2064 5882">
     <span class='ocr_line' id='line_1_116' title="bbox 481 5804 2064 5882; baseline -0.006 -9"><span class='ocrx_word' id='word_1_844' title='bbox 481 5808 714 5875; x_wconf 73' lang='lat' dir='ltr'>&quot;Nam.</span> <span class='ocrx_word' id='word_1_845' title='bbox 749 5827 892 5882; x_wconf 82' lang='lat' dir='ltr'>xxv,</span> <span class='ocrx_word' id='word_1_846' title='bbox 932 5807 969 5862; x_wconf 84' lang='lat'><strong>7</strong></span> <span class='ocrx_word' id='word_1_847' title='bbox 1002 5818 1176 5877; x_wconf 73' lang='lat' dir='ltr'>seqq.</span> <span class='ocrx_word' id='word_1_848' title='bbox 1210 5804 1252 5841; x_wconf 82' lang='lat'>&#39;&quot;</span> <span class='ocrx_word' id='word_1_849' title='bbox 1287 5804 1444 5864; x_wconf 73' lang='lat' dir='ltr'>Psal.</span> <span class='ocrx_word' id='word_1_850' title='bbox 1476 5821 1563 5876; x_wconf 75' lang='grc' dir='ltr'>αν,</span> <span class='ocrx_word' id='word_1_851' title='bbox 1596 5806 1686 5876; x_wconf 81' lang='lat'>30,</span> <span class='ocrx_word' id='word_1_852' title='bbox 1719 5807 1808 5865; x_wconf 82' lang='grc'>31.</span> <span class='ocrx_word' id='word_1_853' title='bbox 1840 5806 1886 5843; x_wconf 78' lang='grc'><strong>⁷⁸</strong></span> <span class='ocrx_word' id='word_1_854' title='bbox 1918 5806 2064 5866; x_wconf 71' lang='grc' dir='ltr'>Μαιιῖ</span> 
     </span>
    </p>
   </div>
   <div class='ocr_carea' id='block_1_117' title="bbox 2184 5794 2907 5882">
    <p class='ocr_par' dir='ltr' id='par_1_117' title="bbox 2184 5794 2907 5876">
     <span class='ocr_line' id='line_1_117' title="bbox 2184 5794 2907 5876; baseline -0.018 -12"><span class='ocrx_word' id='word_1_855' title='bbox 2184 5822 2264 5876; x_wconf 77' lang='grc' dir='ltr'>ιιι,</span> <span class='ocrx_word' id='word_1_856' title='bbox 2295 5804 2386 5860; x_wconf 67' lang='grc'>26.</span> <span class='ocrx_word' id='word_1_857' title='bbox 2422 5798 2470 5839; x_wconf 77' lang='grc'>⁷³</span> <span class='ocrx_word' id='word_1_858' title='bbox 2497 5801 2666 5858; x_wconf 74' lang='lat' dir='ltr'>Joan.</span> <span class='ocrx_word' id='word_1_859' title='bbox 2701 5800 2784 5865; x_wconf 83' lang='lat' dir='ltr'>xi,</span> <span class='ocrx_word' id='word_1_860' title='bbox 2816 5794 2907 5852; x_wconf 67' lang='grc'>47.</span> 
     </span>
    </p>
   </div>
  </div>
