4160 6476
391 462 505 522 143

1515 448 1934 512 (ECUMENIl
1979 448 2282 510 ’l‘lthCxE
2334 447 2682 511 EPISCOPl

3701 444 3813 504 144

395 620 422 651 ‹‹
458 600 645 653 Moses
677 593 1004 650 admiratus
1035 595 1126 647 est
1153 589 1344 645 visum
1375 608 1387 644 ;
1422 604 1677 660 cumque
1709 586 2039 653 accederet,

2159 609 2186 636 α
2227 605 2361 658 μασε
2384 586 2446 641 τὸ
2478 583 2677 661 ὅραμα.
2717 581 3174 663 Προσερχομὲνου
3212 579 3269 637 δὲ
3325 582 3493 636 αὐτοῦ
3545 582 3814 648 κατανοῆ-

395 711 423 740 ‹‹
461 694 526 743 ut
556 685 912 745 attenderet,
943 683 1098 738 facta
1138 687 1230 736 est
1284 698 1391 736 vox
1451 680 1686 734 Domini
1741 679 1813 733 ad
1863 695 1996 733 eum
2032 693 2047 732 :

396 801 416 827 ι
454 779 569 850 Ego
603 792 734 831 sum
768 775 923 829 Deus
953 779 1186 844 patrum
1233 778 1494 836 tuorum,
1537 770 1693 825 Deus
1727 769 2049 835 Abraham,

395 889 422 917 α
453 872 513 922 et
545 866 698 920 Deus
733 865 916 926 Isaac,
946 869 1006 917 et
1029 861 1182 916 Deus
1211 859 1409 916 Jacob.
1448 882 1476 909 ι)

463 954 676 1010 Filium
713 954 815 1008 Dei
845 957 1014 1006 vocat
1042 967 1202 1006 nunc
1233 946 2050 1021 angelumquemadmodum

391 1051 450 1102 et
479 1045 623 1101 alibi
650 1044 978 1100 hominem.
1004 1043 1136 1114 Ipse
1168 1057 1427 1112 namque
1459 1046 1550 1095 est
1582 1041 1778 1112 magni
1813 1038 2050 1095 consilii

389 1135 660 1207 angelus.
707 1133 844 1189 Ideo
897 1148 1134 1204 quoque
1172 1131 1353 1202 paulo
1414 1135 1547 1202 post
1595 1129 1858 1185 ostendit
1916 1144 2052 1184 eum

389 1223 565 1280 beato
612 1224 754 1278 Mosi
817 1222 1114 1277 dicentem
1151 1237 1163 1274 :
1197 1244 1222 1270 (ι
1259 1221 1374 1291 Ego
1433 1236 1563 1274 sum
1605 1220 1760 1274 Deus
1815 1224 2051 1290 patrum

390 1319 649 1374 tuorum,
682 1314 834 1368 Deus
866 1311 1188 1371 Abraham.
1221 1315 1282 1364 et
1311 1310 1495 1376 Isaac,
1530 1314 1588 1364 et
1615 1308 1792 1364 Jacob
1822 1307 1869 1342 ⁷⁴
1924 1331 1951 1357 ››
1985 1309 2052 1363 In

389 1403 634 1459 flamma
664 1408 859 1457 autem
890 1400 1044 1474 ignis
1089 1399 1220 1454 rubi
1275 1399 1710 1454 manifestatur.
1745 1397 2050 1469 Siquidem

394 1494 456 1547 in
485 1492 681 1564 specie
714 1507 952 1562 quoque
1020 1487 1174 1562 ignis
1207 1494 1264 1543 et
1318 1488 1381 1542 in
1439 1493 1640 1542 monte
1702 1487 1842 1542 Sina
1897 1488 2052 1542 Deus

390 1583 858 1646 demonstratur,
887 1579 1082 1635 dando
1117 1579 1326 1649 legem.
1362 1579 1500 1642 Quae
1523 1578 1704 1650 igitur
1733 1576 1885 1632 ratio
1909 1582 1999 1632 est
2026 1576 2055 1632 ?

389 1673 565 1729 Sacra
601 1671 903 1744 Scriptura
935 1671 1194 1726 divinam
1255 1675 1530 1724 naturam
1589 1668 1708 1741 igni
1759 1667 2054 1723 assimilat

389 1768 633 1834 prOpter
662 1760 1252 1831 omnipotentiam.et
1277 1756 1434 1829 quod
1467 1758 1669 1812 omnia
1689 1763 2003 1813 consumat
2035 1773 2049 1813 :

389 1851 698 1905 hominem
732 1865 867 1905 vero
901 1849 1078 1922 lignis
1112 1853 1170 1902 et
1201 1846 1424 1902 herbis.
1461 1846 1612 1901 Dicit
1643 1847 1805 1903 enim
1855 1846 1998 1901 alibi
2035 1864 2048 1903 :

385 1960 416 1990 ‹‹
453 1939 607 1994 Deus
667 1939 820 2011 ignis
879 1953 1243 1993 consumens
1294 1942 1384 1991 est
1435 1934 1505 2004 ⁷⁵,
1567 1955 1592 1986 ››
1656 1941 1714 1990 et
1769 1952 2128 2034 rursum:B

385 2050 414 2079 «
449 2028 656 2092 Homo,
693 2027 847 2082 sicut
883 2027 1088 2082 fenum
1123 2025 1252 2080 dies
1282 2025 1411 2094 ejus
1431 2023 1497 2078 7°.
1532 2047 1558 2074 »
1616 2024 1728 2080 Sed
1761 2024 2046 2096 quemad-

384 2116 634 2172 modum
668 2117 820 2189 ignis
851 2121 944 2171 est
973 2116 1162 2186 spinis
1189 2113 1607 2174 intolerabilis.
1635 2115 1718 2170 sic
1749 2121 1808 2170 et
1829 2113 2048 2169 divini-

386 2212 478 2262 tas
510 2207 890 2262 humanitati.
928 2209 1202 2260 Attamen
1235 2206 1294 2259 in
1325 2203 1557 2259 Christo
1591 2203 1769 2259 simul
1798 2221 2045 2260 concur-

385 2297 466 2351 rit
498 2296 770 2368 factaque
787 2301 877 2351 est
895 2294 1416 2351 tolerabilis.velut
1438 2293 1744 2365 quidpiam
1770 2293 2046 2365 operiens

387 2403 604 2458 purum
641 2403 943 2442 accessum
979 2386 1234 2458 pr0prize
1267 2391 1496 2440 naturae
1529 2385 1703 2458 ignis,
1735 2392 1801 2440 ut
1856 2386 1916 2440 in
1975 2401 2044 2440 eo

390 2474 614 2544 suscipi
649 2479 850 2544 posset
891 2472 1393 2544 quemadmodum
1425 2478 1484 2526 et
1539 2473 1600 2526 in
1631 2472 1820 2544 spinis
1869 2473 2041 2545 ignis.

390 2559 556 2624 Quod
587 2566 786 2614 autem
820 2576 1058 2614 carnem
1085 2558 1453 2614 suointeritu
1483 2557 2044 2624 reddatmeliorem,

390 2650 762 2721 aanigmatice
795 2650 1179 2705 manifestare
1212 2655 1407 2721 potest
1437 2649 1589 2721 ignis
1628 2649 1690 2703 in
1740 2647 1908 2715 rubo,
1941 2649 2043 2719 qui

386 2739 617 2810 lignum
651 2741 896 2796 omnino
930 2740 1640 2810 servabatincorruptum.
1667 2740 1859 2810 Capax
1885 2741 2044 2795 enim

389 2834 601 2888 eil‘ecta
633 2838 724 2888 est
753 2833 1078 2888 divinitatis
1138 2832 1482 2887 humanitas
1511 2848 1524 2885 :
1568 2838 1628 2886 et
1682 2830 1793 2887 hoc
1823 2837 2044 2903 myste-

379 2922 538 2977 rium
570 2921 631 2976 in
663 2921 896 2977 Christo
927 2921 1150 2977 factum
1179 2926 1286 2976 est.

455 3012 577 3076 VII,
605 3011 802 3068 32-36.
851 3033 879 3062 α
939 3010 1394 3068 Tremebundus
1445 3026 1581 3066 vero
1649 3011 1838 3065 Moses
1922 3026 2044 3065 non

387 3120 409 3149 α
443 3099 702 3155 audebat
744 3099 1077 3156 attendere.
1127 3099 1282 3155 Dixit
1337 3105 1537 3156 autem
1589 3100 1641 3155 ei
1703 3099 2040 3156 Dominus:

382 3214 404 3240 ι
442 3192 610 3246 Solve
672 3192 1147 3248 calceamentum
1211 3191 1431 3264 pedum
1514 3197 1751 3246 tuorum
1806 3209 1819 3246 :
1877 3191 2042 3247 locus

380 3303 408 3330 «
438 3282 599 3336 enim
631 3281 694 3336 in
724 3299 841 3353 quo
874 3287 1016 3342 stas.
1050 3289 1209 3337 terra
1269 3287 1472 3338 sancta
1525 3287 1634 3336 est.
1672 3279 1891 3336 Videns
1921 3281 2038 3336 vidi

379 3391 408 3420 «ι
443 3369 834 3425 aftlictionem
866 3370 1072 3441 populi
1105 3370 1244 3434 mei,
1278 3370 1382 3441 qui
1416 3375 1506 3424 est
1561 3370 1622 3423 in
1654 3371 1923 3441 Egypto,
1985 3374 2044 3424 et

377 3479 406 3508 α
439 3458 730 3530 gemitum
764 3474 971 3512 eorum
1004 3457 1221 3524 audivi,
1276 3457 1683 3528 descendique
1722 3465 1788 3511 ut
1820 3458 2042 3512 libera-

374 3569 402 3596 ‹‹
440 3562 567 3600 rem
600 3562 701 3600 eos
739 3548 808 3600 Et
837 3563 996 3601 nunc
1013 3547 1144 3601 veni
1177 3563 1243 3601 ac
1275 3546 1507 3602 mittam
1538 3553 1594 3602 te
1626 3547 1685 3600 in
1705 3548 2039 3618 Egyptum.

374 3656 404 3684 «
442 3634 608 3689 Hunc
639 3635 838 3690 Mosen
871 3651 1050 3705 quem
1081 3643 1468 3707 negaverunt,
1503 3635 1772 3690 dicentes
1797 3635 1965 3702 :Quis
1986 3641 2042 3690 te

375 3747 403 3774 «
435 3724 746 3779 constituit
775 3724 1105 3796 principem
1135 3742 1201 3780 ac
1226 3724 1493 3796 judicem
1525 3724 1554 3780 ?
1581 3725 2038 3797 huncinquam,

378 3838 406 3867 «
443 3815 596 3871 Deus
628 3816 962 3887 principem
996 3833 1063 3872 ac
1118 3815 1501 3873 liberatorem
1537 3817 1698 3871 misit
1753 3833 1860 3889 per
1913 3833 2041 3872 ma-

375 3928 404 3956 ‹‹
437 3921 578 3960 num
609 3906 936 3979 angeli,qui
963 3913 1323 3978 apparuerat
1354 3907 1405 3962 ei
1439 3907 1499 3962 in
1536 3907 1818 3962 rubo.Hic
1837 3907 2041 3963 eduxit

376 4011 530 4050 «eos
562 3993 748 4051 edens
774 3995 1042 4068 prodigia
1097 3997 1198 4051 09
1251 4002 1311 4051 et
1369 3997 1541 4069 signa
1589 3998 1651 4051 in
1682 3997 1926 4070 {Egypto
1981 4001 2040 4052 et

377 4107 405 4136 «
439 4087 502 4141 in
517 4087 665 4141 mari
701 4085 1005 4154 Rubro,ac
1036 4086 1098 4140 in
1131 4085 1368 4142 deserto
1387 4085 1561 4142 annis
1575 4085 2036 4159 quadraginta.»

447 4265 800 4335 Quanquam
834 4280 956 4319 non
978 4263 1194 4319 iisdem
1227 4263 1590 4320 dictionibus
1613 4270 1905 4336 apparent
1933 4282 2037 4338 po-

374 4353 501 4408 sitas
536 4354 598 4408 in
628 4353 826 4408 Exodo
857 4369 1027 4408 voces
1048 4351 1114 4421 ⁷⁷,
1151 4353 1359 4410 eodem
1389 4360 1586 4410 tamen
1620 4371 1799 4410 sensu
1828 4357 2036 4427 positm

373 4449 530 4498 sunt.
563 4443 764 4514 Neque
788 4443 949 4498 enim
1001 4443 1259 4499 multum
1325 4443 1612 4499 differunt
1651 4440 1917 4518 ἔντρομος
1978 4451 2037 4500 et

369 4524 636 4609 ἔμφοϐος,
670 4532 731 4586 id
763 4538 854 4588 est
888 4533 1315 4588 tremebundus
1347 4539 1404 4588 et
1438 4534 1868 4606 expavefactus.
1903 4536 2034 4592 Haec

367 4629 567 4678 autem
599 4622 808 4678 dicunt
843 4621 918 4677 de
953 4623 1082 4678 visu
1123 4622 1282 4678 circa
1338 4623 1556 4679 rubum
1615 4625 1926 4680 tremendo
1979 4631 2035 4680 et

2161 699 2188 725 «
2234 695 2344 744 σαι,
2400 674 2607 748 ἐγένετο
2667 675 2820 742 φωνή
2884 676 3091 749 Κυρίου
3149 672 3284 747 πρὸς
3343 669 3527 725 αὐτόν·
3589 670 3730 742 Ἐγὼ
3786 671 3814 724 6

2169 792 2189 815 ι
2222 765 2353 828 Θεὸς
2379 769 2487 820 τῶν
2520 761 2765 840 πατέρων
2796 784 2914 832 σου,
2940 764 2969 819 6
2995 764 3128 826 Θεὸς
3162 757 3437 837 Ἀϐραὰμ,
3487 759 3577 816 καὶ
3610 761 3638 813 6
3689 760 3817 822 Θεὸς

2161 879 2188 906 (ί
2223 855 2421 924 Ἰσαάκ,
2452 856 2540 909 καὶ
2573 855 2601 909 ὁ
2631 855 2761 916 Θεὸς
2791 847 3008 910 Ἰακώϐ.
3037 876 3066 905 ι)

2233 945 2341 1001 Τὸν
2375 945 2491 998 υἱὸν
2517 947 2616 999 τοῦ
2647 949 2783 1000 Θεοῦ
2811 941 3040 1021 ἄγγελον
3073 946 3165 996 νῦν
3193 939 3373 1011 καλεῖ,
3431 939 3674 1015 καθάπερ
3727 937 3818 994 καὶ

2162 1035 2446 1110 ἂνθρωπον
2483 1033 2763 1114 ἀλλαχοῦ.
2809 1035 2984 1097 Αὐτὸς
3013 1039 3116 1110 γάρ
3173 1034 3315 1088 ἐστιν
3351 1033 3377 1086 6
3414 1029 3660 1105 μεγάλης
3689 1033 3819 1106 βου-

2162 1121 2267 1194 λῆς
2299 1123 2550 1198 ἅγγελος.
2599 1125 2692 1180 Διὸ
2751 1124 2841 1179 καὶ
2902 1125 3017 1197 μετ’
3077 1121 3269 1200 ὀλίγον
3332 1119 3598 1176 δείκνυσιν
3657 1121 3820 1176 αὐτὸν

2162 1214 2397 1289 λέγοντα
2425 1219 2502 1288 τῷ
2537 1218 2791 1290 μακαρίῳ
2824 1217 3065 1272 Μωϋσεῖ·
3103 1238 3132 1266 ‹‹
3167 1212 3314 1288 Ἐγὼ
3345 1214 3374 1267 6
3423 1213 3553 1275 Θεὸς
3583 1216 3692 1266 τῶν
3720 1231 3824 1267 ποι⁶

2159 1307 2329 1382 τέρων
2372 1327 2490 1374 σου,
2525 1307 2554 1361 6
2586 1306 2715 1368 Θεὸς
2757 1299 3031 1379 Ἀϐραάμ,
3064 1303 3156 1358 καὶ
3191 1304 3389 1372 Ἰσαὰκ,
3420 1302 3511 1357 xui
3545 1295 3763 1359 Ἰακώϐ.
3796 1326 3817 1353 ι

2163 1397 2250 1451 Ἐν
2283 1395 2448 1474 φλογὶ
2479 1396 2649 1471 πυρὸς
2682 1397 2855 1471 βάτου
2887 1392 2944 1450 δὲ
2974 1391 3360 1449 διαδείκνυται.
3399 1395 3490 1448 Ἐν
3523 1388 3654 1446 εἷ’ὂει
3711 1392 3823 1465 γάρ

2161 1486 2332 1559 πυρὸς
2362 1486 2452 1540 καὶ
2486 1485 2536 1541 ἐν
2580 1490 2659 1558 τῷ
2717 1482 2830 1560 ὄρει
2881 1489 3017 1555 Σινᾷ
3073 1485 3100 1539 6
3163 1483 3292 1544 Θεὸς
3350 1479 3684 1560 διαφαίνεται
3721 1481 3823 1536 τὸν

2161 1575 2330 1647 νόμον
2361 1573 2563 1638 διδούς.
2599 1576 2692 1638 Τίς
2725 1575 2816 1630 οὗν
2851 1575 2878 1629 6
2912 1572 3075 1650 λόγος
3111 1591 3124 1642 ;
3158 1571 3294 1648 Πυρὶ
3327 1571 3425 1639 τὴν
3475 1570 3620 1634 θείαν
3679 1591 3821 1644 παρ-

2162 1668 2364 1736 εικάζει
2397 1666 2554 1746 φύσιν
2583 1666 2646 1720 τὸ
2677 1665 2908 1741 γράμμα
2966 1664 3029 1718 τὸ
3081 1664 3250 1739 ἱερὸν,
3311 1659 3400 1716 διὰ
3427 1662 3489 1716 τὸ
3520 1659 3822 1727 παναλκες,

2161 1752 2347 1825 ξύλοις
2379 1776 2435 1811 τε
2493 1755 2582 1810 xui
2636 1757 2798 1817 πόαις
2848 1755 2940 1809 τὸν
2976 1753 3282 1828 ἃνθρωπον.
3327 1750 3476 1824 Φησὶ
3536 1753 3641 1828 γάρ
3687 1768 3823 1805 που’

2163 1869 2190 1897 ‹‹
2223 1845 2279 1900 '0
2311 1845 2440 1907 Θεὸς
2470 1850 2578 1921 πῦρ
2608 1843 3008 1899 καταναλίσκον
3043 1842 3176 1898 ἐστί.
3213 1868 3231 1892 ι
3271 1841 3372 1898 Καὶ
3406 1838 3595 1903 πάλιν,
3625 1865 3652 1892 ‹‹
3687 1840 3826 1895 Ἀν-

2160 1935 2401 2010 θρωπος,
2434 1935 2560 1990 ὡσεὶ
2595 1934 2796 2010 χόρτος
2830 1934 2883 1988 αἱ
2915 1932 3118 2008 ἡμὲραι
3148 1931 3334 1989 αὐτοῦ.
3389 1954 3416 1982 »
3450 1929 3602 1988 Ἀλλ’
3633 1928 3824 2005 ὥσπερ

2158 2023 2303 2080 ἰστὶν
2334 2024 2401 2079 οὐ
2431 2025 2670 2102 φορητὸν
2704 2025 2960 2086 ἀκάνθαις
2991 2023 3054 2078 τὸ
3105 2026 3235 2097 πῦρ,
3295 2020 3439 2076 οὕτω
3497 2019 3586 2074 καὶ
3619 2021 3824 2090 θεότης

2155 2113 2560 2188 ἆνθρωπότγ,τι.
2595 2110 2748 2182 Πλὴν
2789 2111 2842 2168 ἐν
2895 2113 3114 2187 Χριστῷ
3177 2105 3374 2181 συνέϐη
3439 2108 3529 2164 καὶ
3588 2111 3818 2186 γέγονεν

2155 2203 2336 2274 οἷστή,
2378 2204 2545 2259 οἱονεὶ
2581 2202 2938 2280 περιστέλλον
2975 2223 3030 2257 τι
3085 2203 3184 2272 τήν
3244 2199 3474 2275 ἄκρατον
3529 2202 3630 2255 τοῦ
3708 2205 3822 2269 τῆς

2155 2291 2296 2356 ἰδίας
2325 2294 2537 2374 φύσεως
2568 2296 2736 2369 πυρὸς
2794 2287 3133 2369 προσϐολὴν⁹
3187 2289 3280 2345 ’ἶνα
3333 2288 3558 2364 γένηται
3615 2308 3821 2364 χωρη-

2151 2385 2268 2452 τὸρ,
2326 2385 2570 2460 καθάπερ
2626 2384 2716 2438 καὶ
2783 2383 3039 2445 ἀκάνθαις
3094 2381 3158 2436 τὸ
3215 2385 3342 2457 πῦρ.
3407 2380 3535 2436 *Ότι
3595 2375 3651 2434 δὲ
3707 2380 3821 2446 τήν

2154 2476 2325 2549 σ”ρκα
2363 2476 2464 2544 τήν
2525 2472 2718 2530 ἑαυτοῦ
2778 2479 2982 2551 φθορᾶς
3039 2470 3290 2527 ἀπετέλει
3349 2471 3644 2546 κρείττονα,
3704 2468 3835 2525 δια-

2154 2561 2370 2633 δεὶξειεν
2403 2561 2462 2619 ἃν
2493 2560 2915 2640 αἰνιγματωδῶς
2946 2562 3010 2617 τὸ
3061 2561 3151 2618 ἐπὶ
3205 2565 3273 2634 τῇ
3311 2561 3460 2637 βάτῳ
3504 2565 3636 2634 πῦρ,
3671 2557 3831 2615 ἀδια-

2154 2649 2412 2719 λώϐτ,τον
2446 2653 2726 2715 παντελῶς
2784 2659 3032 2728 τηρῆσαν
3071 2651 3134 2706 τὸ
3167 2650 3328 2722 ξύλον
3385 2651 3690 2725 Κεχώργ,κε
3718 2649 3837 2726 γὰρ

2153 2742 2346 2812 θεὸτης
2376 2741 2426 2796 ἐν
2461 2743 2864 2818 ἀνθρωπὸτητι.
2900 2740 2998 2796 Καὶ
3028 2743 3190 2796 τοῦτο
3239 2745 3452 2816 γέγονεν
3511 2738 3565 2796 ἐν
3598 2740 3840 2816 Χριστῷ

2150 2831 2214 2886 τὸ
2244 2834 2565 2907 μυστήριον.

2225 3013 2596 3088 «Ἒντρομος
2655 3010 2713 3068 δε
2779 3012 3073 3088 γενόμενος
3129 3017 3391 3080 Μωϋσῆς,
3451 3009 3550 3066 οὐκ
3608 3008 3836 3084 ἐτόλμα

2151 3127 2180 3155 ‹‹
2213 3109 2448 3172 κατανοῆ
2463 3124 2567 3161 σαι.
2602 3103 2744 3159 Εῖπε
2776 3100 2834 3158 δὲ
2856 3102 3002 3174 αῦτῷ
3033 3103 3060 3156 6
3093 3100 3315 3176 Κύριος·
3353 3104 3530 3155 Λῦσον
3577 3101 3640 3155 τὸ
3677 3099 3829 3156 61:6-

2151 3217 2179 3245 α
2215 3190 2366 3265 δημα
2393 3196 2502 3247 τῶν
2536 3189 2724 3247 ποδῶν
2756 3211 2872 3247 σου·
2909 3193 2937 3246 6
2976 3191 3079 3268 γάρ
3133 3191 3301 3254 τόπος
3360 3191 3411 3245 ἐν
3464 3190 3509 3263 ᾦ
3552 3187 3829 3259 ἕστηκας,

2159 3303 2180 3333 ε
2207 3290 2275 3360 γῆ
2313 3283 2436 3356 ἁγία
2466 3281 2630 3339 ἐστίν.
2667 3279 2816 3338 Ἰδὼν
2850 3279 2998 3336 εἶδον
3056 3282 3155 3349 τὴν
3215 3281 3452 3335 κάκωσιν
3514 3283 3612 3334 τοῦ
3669 3277 3826 3334 λαοῦ

2153 3398 2181 3424 ‹‹
2211 3393 2338 3445 μου,
2365 3376 2460 3426 τοῦ
2513 3370 2566 3427 ἐν
2630 3371 2904 3447 Αἰγύπτῳ,
2966 3371 3054 3427 καὶ
3115 3375 3212 3426 τοῦ
3265 3373 3574 3444 στεναγμοῦ
3628 3369 3827 3425 αὐτῶν

2149 3458 2438 3531 «ἤκουσα,
2490 3461 2580 3516 καὶ
2633 3455 2868 3532 κατέϐην
2929 3459 3203 3531 ἐξελέσθαι
3257 3458 3473 3522 αὐτούς.
3532 3458 3630 3513 Καὶ
3713 3464 3826 3514 νῦν

2149 3575 2176 3603 ι(
2208 3550 2387 3626 δεῦρο,
2418 3550 2507 3605 καὶ
2549 3549 2836 3605 ἀποστελῶ
2897 3570 2955 3604 σε
2987 3549 3063 3612 εἷς
3119 3547 3416 3626 Αῗ⁹γυπτον.
3477 3551 3685 3606 Τοῦτον
3711 3551 3829 3606 τὸν

2145 3665 2172 3691 ‹‹
2206 3646 2463 3710 Μωυσῆν,
2493 3638 2553 3694 ὅν
2613 3641 2920 3715 ἠρνήσαντο
2981 3639 3246 3706 εἰπόντες,
3297 3638 3391 3702 Τίς
3448 3659 3505 3692 σε
3550 3637 3834 3711 κατέστη-

2145 3754 2172 3782 ‹‹
2207 3751 2294 3784 σεν
2326 3727 2565 3804 ἄρχοντα
2594 3730 2684 3784 xui
2719 3727 2977 3798 δικαστήν
3014 3747 3028 3798 ;
3061 3733 3253 3784 τοῦτον
3314 3729 3342 3783 ὁ
3399 3727 3531 3790 Θεὸς
3563 3726 3833 3803 ἃρχοντα

2145 3820 2297 3876 «καὶ
2343 3820 2632 3895 Λυτρωτήν
2698 3819 3016 3874 ἀπέστειλεν
3076 3818 3128 3873 ἐν
3185 3818 3330 3893 χειρῖ
3390 3817 3655 3892 ἀγγέλου,
3711 3822 3833 3873 τοῦ

2143 3933 2170 3958 α
2205 3906 2464 3986 ὀφθέντος
2493 3908 2641 3982 αύτῷ
2681 3906 2732 3963 ἐν
2788 3912 2857 3981 τῇ
2918 3909 3087 3982 βάτῳ.
3151 3907 3323 3970 υῦτος
3384 3907 3646 3982 ἐξήγαγεν
3708 3908 3832 3963 αὖα

2144 4023 2172 4051 ‹‹
2202 3998 2353 4063 τοὺς,
2382 4001 2622 4069 ποιήσας
2652 3999 2850 4072 τέρατα
2900 3997 2990 4052 καὶ
3048 4002 3250 4069 σημεῖα
3309 3996 3361 4052 ἐν
3419 3999 3485 4070 τῇ
3524 3996 3826 4072 Αἰγύπτῳ,

2144 4111 2172 4140 α
2203 4087 2293 4142 καὶ
2335 4086 2388 4141 ἐν
2419 4086 2616 4162 ἐρυθρᾷ
2647 4086 2919 4162 θαλάσσῃ,
2952 4087 3044 4142 καὶ
3074 4084 3130 4141 ἐν
3188 4090 3257 4160 τῇ
3291 4085 3487 4162 ἐρήμῳ
3544 4082 3638 4156 ἔτη
3678 4105 3824 4142 τεσ-

2143 4199 2172 4228 ‹‹
2214 4173 2539 4251 σαράκοντα.
2579 4200 2604 4227 ιι

2215 4264 2276 4322 Εἰ
2305 4266 2396 4321 καὶ
2442 4266 2519 4338 μὴ
2579 4266 2767 4328 αὐταῖς
2824 4265 2996 4336 λέξεσι
3057 4267 3298 4338 φαίνεται
3359 4264 3410 4320 ἐν
3468 4268 3537 4338 τῇ
3591 4263 3825 4340 Ἐξόδῳ

2139 4355 2364 4430 κειμένη
2398 4358 2433 4426 ἡ
2467 4358 2642 4434 φωνὴ,
2676 4355 2804 4412 ἀλλ’
2835 4358 2928 4411 οὗν
2963 4355 3292 4429 ίσοόύναμος
3314 4362 3507 4412 κεῖται.
3543 4357 3623 4413 Οὐ
3654 4357 3828 4413 πολὺ

2139 4445 2244 4521 γὰρ
2303 4443 2498 4502 διοίσει
2554 4447 2616 4501 τὸ
2676 4443 2942 4522 ἔντρομος
3014 4451 3112 4502 τοῦ
3189 4441 3435 4524 ἔμφοϐος
3489 4447 3829 4520 γενόμενος.

2138 4537 2361 4608 Λέγεται
2398 4532 2646 4592 δὲταῦτα
2677 4536 2799 4611 περὶ
2829 4540 2926 4590 τοῦ
2955 4535 3092 4590 κατὰ
3137 4536 3236 4604 τὴν
3300 4536 3461 4610 βάτον
3495 4537 3830 4610 ὁράματος,

2141 4625 2405 4698 μενούσης
2434 4632 2536 4696 τῆς
2566 4624 2735 4696 αὐτῆς
2769 4623 3030 4704 διαφοράς
3060 4629 3160 4680 τοῦ
3190 4622 3433 4706 φοϐεροῦ
3485 4625 3574 4680 καὶ
3622 4625 3826 4700 ἐμφό-

364 4711 632 4768 timendo
655 4713 814 4784 quod
847 4713 974 4783 ipse
1005 4718 1277 4768 maneret
1306 4712 1708 4785 incorruptus.
1743 4714 2030 4770 Similiter

2153 4711 2258 4784 ἷου⁷
2291 4716 2381 4771 καὶ
2440 4713 2493 4770 ἐν
2540 4720 2608 4790 τῇ
2643 4701 2900 4792 διηγήσει
2950 4720 3019 4790 τῇ
3079 4701 3212 4792 ’περὶ⁷
3261 4720 3360 4771 τοῦ
3425 4720 3560 4772 Σινᾶ
3613 4712 3828 4791 ὅρους.

363 4803 510 4857 etin
542 4803 885 4858 narratione
936 4803 1096 4859 circa
1153 4810 1416 4859 montem
1468 4804 1625 4860 Sina.
1689 4805 1807 4859 Deo
1861 4806 2024 4860 enim

360 4891 509 4944 dixit
541 4893 819 4946 Moses:«
883 4892 1311 4963 Expavefactus
1369 4909 1500 4948 sum
1557 4899 1617 4949 et
1674 4894 2022 4950 tremebun-

359 4979 470 5035 dus
499 4979 566 5047 ⁷⁸,
605 5003 629 5029 ››
662 4981 972 5036 alternatis
1003 4999 1069 5036 ac
1099 4983 1418 5054 geminatis
1451 4999 1598 5037 usus
1630 4983 2019 5040 dictionibus.

357 5068 730 5137 Stupefactus
785 5069 984 5139 itaque
1062 5071 1187 5126 visu
1246 5071 1458 5126 beatus
1521 5074 1710 5128 Moses
1769 5073 2024 5128 addebat

357 5159 995 5228 consequenterillud,
1060 5158 1264 5215 dicens
1313 5161 1452 5214 alibi
1514 5162 1672 5232 apud
1732 5163 2018 5234 seipsum,

357 5269 385 5296 «
417 5254 739 5320 Aggressus
767 5248 978 5303 videbo
1012 5249 1304 5304 visionem
1340 5250 1494 5306 hanc
1546 5268 1842 5322 magnam.
1876 5251 2021 5323 quid

359 5338 436 5394 sit
457 5339 615 5409 quod
660 5356 780 5394 non
815 5347 1098 5395 exuratur
1146 5341 1330 5396 rubus
1363 5342 1426 5396 7°.
1464 5363 1491 5390 ι»
1544 5342 1656 5396 Sed
1715 5342 2022 5413 prohibuit

357 5445 493 5484 eum
528 5430 727 5484 statim
773 5429 1080 5492 Dominus,
1143 5430 1350 5486 dicens
1387 5449 1399 5485 :
1435 5435 1513 5487 Ne
1572 5434 2018 5504 apprOpinques

354 5517 494 5588 huc,
548 5519 836 5591 pedisque
894 5519 1369 5578 calceamentum
1425 5522 1571 5578 solvi
1624 5522 1817 5595 jubet.
1869 5525 2016 5580 Ecce

2135 4809 2256 4863 Ἐπ’
2285 4807 2453 4863 αὐτοῦ
2481 4808 2584 4882 γὰρ
2615 4807 2735 4862 εἶπε
2769 4810 3033 4876 Μωυσῆςο
3095 4832 3121 4858 ‹‹
3185 4801 3479 4882 "Epipoqu
3530 4805 3646 4877 εἶμι
3704 4807 3828 4864 καὶ

2133 4895 2414 4973 ἔντρομος,
2448 4922 2474 4948 ››
2506 4895 2566 4952 ἐκ
2597 4895 2964 4972 παραλλήλου
3017 4902 3138 4960 ταῖς
3197 4895 3374 4968 λέξεσι
3417 4895 3825 4975 χρησάμενος,

2133 4987 2534 5058 Κατατεθηπὼς
2595 4985 2776 5042 τοίνυν
2835 4987 2935 5053 τήν
2994 4982 3120 5060 ὄψιν
3173 4987 3201 5040 6
3257 4985 3521 5061 μακάριος
3582 4987 3825 5056 Μωσῆς

2131 5076 2437 5150 προσετίθει
2523 5074 2738 5146 λοιπὸν,
2818 5075 2991 5130 ἐκεῖνό
3050 5096 3155 5130 που
3231 5075 3402 5149 λὲγων
3477 5074 3529 5129 ἐν
3590 5073 3820 5147 ἑαυτῷ·

2133 5189 2161 5217 ‹‹
2188 5162 2480 5240 Παρελθὼν
2516 5161 2722 5238 ὄψομαι
2754 5165 2817 5220 τὸ
2845 5166 3027 5240 ὅραμα
3055 5169 3219 5219 τοῦτο
3268 5165 3329 5218 τὸ
3386 5163 3542 5239 μέγα,
3601 5162 3652 5216 τί
3706 5161 3824 5220 ὅτι

2131 5253 2196 5308 οὐ
2240 5254 2584 5309 κατακαίεται
2619 5257 2652 5323 ἠ
2691 5253 2882 5328 βάτος,
2918 5277 2945 5305 ››
2978 5250 3108 5308 ἀλλ’
3140 5249 3307 5330 εἵργει
3371 5249 3546 5328 λέγων
3576 5250 3734 5313 εὐθὺς
3783 5254 3826 5310 ὁ

2130 5343 2358 5418 Κύριος,
2398 5345 2488 5414 Μὴ
2525 5344 2742 5419 ἐγγίπῃς
2801 5341 2925 5399 ὧδε.
2989 5343 3093 5400 Καὶ
3150 5347 3248 5398 τοῦ
3307 5340 3476 5405 ποδὸς
3532 5340 3835 5401 ἀπολύειν

2127 5436 2519 5509 προστάττεται
2551 5435 2614 5488 τὸ
2646 5431 2928 5507 ὑπόδημα.
2967 5430 3108 5488 Ἰδοὺ
3150 5434 3208 5487 δν
3239 5433 3343 5507 πρὸ
3398 5435 3597 5507 μικροῦ
3630 5429 3830 5504 ἂγγε-

2127 5520 2224 5579 λον
2254 5523 2426 5598 εἶπεν,
2450 5528 2541 5580 νῦν
2596 5521 2861 5579 δείκνυσιν
2902 5521 3063 5578 αὐτὸν
3099 5521 3299 5599 Κύριον
3355 5519 3484 5578 ὄντα
3513 5521 3603 5578 καὶ
3633 5519 3786 5578 Θεόν

428 5731 474 5810 7f
503 5734 616 5791 Isa.
650 5751 727 5810 1x,
749 5731 1094 5810 A6._:"_Deu_t.
1118 5751 1190 5806 ιν,
1226 5736 1340 5810 με
1395 5734 1569 5792 Hebr.
1631 5750 1732 5806 ιιι,
1792 5738 1880 5792 29.
1939 5735 1984 5772 ⁷⁸

2153 5733 2198 5792 .l.
2234 5751 2328 5806 cn,
2389 5738 2474 5791 15.
2535 5735 2580 5770 ⁷⁷
2633 5734 2816 5793 Exod.
2874 5751 2955 5808 ni,
2989 5737 3013 5792 ί
3051 5750 3215 5809 seqq.
3259 5731 3310 5770 ’³⁸
3341 5732 3525 5793 Exod.
3554 5747 3671 5804 xix,
3707 5731 3745 5788 ι
3799 5748 3833 5810 ;

356 5803 534 5862 Hebr.
567 5821 672 5877 ιιι,
699 5808 787 5862 21.
821 5804 868 5842 7°
899 5807 1084 5866 Exod.
1107 5803 1189 5876 In,
1225 5808 1276 5862 3.
