4160 6434
377 394 489 454 148

1367 396 1778 459 ΟΟΜΜΕΝΤ.
1826 398 1908 459 ΙΝ
1952 397 2156 458 ACTA
2197 399 2814 466 APOSTOLOBUM.

3705 407 3824 468 146

384 532 549 593 Αὐτὸς
592 530 698 606 γὰρ
758 528 910 584 ἐστιν
944 532 975 585 ὁ
1011 539 1115 601 τῆς
1177 530 1424 604 μεγάλης
1459 530 1670 608 βουλῆς
1705 528 1936 608 ἄγγελος
1967 529 2056 584 καί

2178 551 2355 606 quem
2388 535 2561 608 paulo
2595 543 2730 594 ante
2763 538 2912 594 dixit
2933 541 3231 614 angelum,
3266 557 3427 596 nunc
3461 559 3596 598 eum
3627 543 3830 599 Domi-

384 627 516 680 Θεοῦ
547 621 692 683 Υἱός.
726 619 796 677 Τί
837 618 939 676 οὖν
971 619 1089 676 ἐστι
1117 621 1182 676 τὸ
1213 617 1557 694 δηλούμενον
1587 619 1676 676 διὰ
1702 625 1798 676 τοῦ
1850 621 2060 690 ὑποδή-

389 734 558 788 ματος
616 710 900 784 α’ἶνιγμας
962 713 1293 785 Ἀναγκαῖον
1349 711 1541 781 εἰπεῖν,
1599 712 1926 786 νεκρότητος
1967 710 2059 766 καὶ

390 807 595 879 φθτράς
651 806 712 856 τι)
763 797 1038 872 ὑπόδημα
1098 800 1228 855 εἶναι
1275 806 1526 873 σημεῖον.
1593 800 1762 876 Ε’ἶπερ
1807 800 1917 855 ἐστί
1957 805 2060 856 πᾶν

394 891 659 964 ὑπόδημα
707 891 857 961 ζ’ὸου
914 889 1173 961 λείψανον
1229 892 1517 953 τεθνεῶτος
1576 886 1708 964 ᾔδη.
1743 896 1832 946 Δεῖ
1877 889 2060 945 τοίνυν

389 984 576 1050 πάσης
603 987 792 1056 νεκράς
837 981 929 1034 καὶ
989 987 1253 1055 σαρκικῆς
1312 981 1600 1057 φαντασίας
1630 979 1816 1056 ὥσπερ
1846 977 2058 1053 ὑποδη-

390 1075 582 1146 μάτων
614 1077 776 1127 τινῶν
835 1070 999 1128 λῦσαι
1051 1071 1142 1125 τὸν
1195 1071 1282 1126 ἐπὶ
1331 1075 1438 1125 τῶν
1490 1071 1647 1127 θείων
1687 1072 2060 1144 θεωρημάτων

384 1159 661 1232 ἀναϐῆναι
723 1160 1060 1237 πειρώμενον
1114 1166 1258 1230 νοῦν,
1341 1161 1432 1216 καὶ
1506 1163 1570 1215 τὸ
1630 1162 1764 1217 κατὰ
1821 1162 2054 1236 Χριστὸν

382 1260 585 1323 νοῆσαι
649 1253 953 1326 μυστήριον
1036 1249 1364 1326 Ἀπρόσιτος
1421 1249 1600 1305 τοίνυν
1661 1249 1714 1305 ἐν
1770 1255 1850 1322 τῷ
1904 1271 2060 1324 νομῳ

382 1342 476 1397 καὶ
522 1345 593 1415 τῇ
645 1337 1032 1415 παιδαγωγικῇ
1093 1339 1318 1415 λατρεία
1373 1339 1400 1394 6
1460 1339 1697 1408 Χριστὸς
1731 1339 1922 1413 (νόμου
1954 1339 2059 1416 γὰρ

383 1433 690 1506 πρόσωπον
728 1431 756 1485 6
787 1434 1070 1501 Μωυσῆς),
1131 1431 1178 1484 εἰ
1235 1432 1313 1500 μή
1366 1450 1477 1484 που
1505 1429 1597 1483 τὸν
1627 1428 1734 1484 ἀπὸ
1757 1435 1858 1499 τῆς
1891 1430 2062 1504 ἀμαρ-

384 1522 508 1584 τίας
555 1520 1068 1596 προαποτρίψοιντο
1112 1516 1419 1591 μολυσμὸν,
1471 1519 1560 1574 καί
1605 1520 1706 1587 τὴν
1751 1516 1804 1574 ἐν
1863 1518 2056 1580 τύποις

389 1612 473 1668 ἶτι
502 1613 594 1666 καὶ
625 1615 804 1672 σκιαῖς
861 1610 1278 1684 προαπώθοιντο
1339 1606 1614 1682 λατρείαν.
1654 1607 1712 1664 Εἰ
1762 1604 1819 1662 δὲ
1853 1606 2059 1682 βουλη-

401 1705 537 1757 Osis»
569 1699 947 1755 ἀπολύσασθαι
993 1698 1056 1754 τὸ
1108 1696 1464 1774 προδηλωθὶν
1497 1695 1782 1769 ὑπόδημα,
1810 1697 2056 1772 ἐγγιοῦσι

403 1792 527 1845 τότε
557 1794 787 1864 Χριστῷ,
848 1789 950 1858 τὴν
1002 1787 1055 1842 ἐν
1116 1787 1388 1861 Ηνεύματι
1419 1787 1510 1843 καὶ
1539 1785 1772 1859 ἀληθείᾳ
1801 1785 2057 1863 λατρείαν

402 1884 769 1955 προσιέμενοι.

453 2176 482 2202 α
517 2149 690 2212 οὗτός
746 2147 892 2205 ἐστιν
950 2148 980 2202 6
1040 2149 1286 2218 Μωϋσῆς
1336 2147 1366 2202 6
1413 2144 1581 2202 εἰπὼν
1636 2150 1754 2209 τοῖς
1787 2145 1930 2210 υἰοῖς
1963 2146 2063 2203 Ἱσ·

369 2266 398 2294 α
439 2239 616 2317 ραὴλ·
674 2240 982 2317 Ηροῳήτην
1043 2238 1170 2312 ὑμῖν
1228 2238 1518 2309 ἀναστήσει
1581 2235 1778 2312 Κύριος
1838 2237 1866 2292 6
1926 2237 2055 2300 Θεὸς

378 2356 406 2384 ιι
441 2332 603 2404 ὑμῶν
637 2330 697 2385 ἐκ
727 2334 834 2385 τῶν
868 2327 1120 2409 ἀδελσῶν
1152 2327 1328 2400 ὑμῶν,
1357 2327 1432 2390 ὡς
1465 2325 1583 2399 ἐμὲ.
1620 2349 1649 2378 ››

448 2423 635 2478 Τοῦτο
668 2419 935 2495 ἐπήγαγεν
996 2419 1026 2474 6
1089 2417 1355 2494 μακάριος
1417 2413 2054 2494 Στέφανος,αἰνιττομε-

376 2532 468 2573 νος
497 2509 692 2573 αὐτοῖς
750 2518 812 2564 τὸ
874 2507 1011 2563 κατὰ
1061 2508 1284 2584 Χρ.στὸν
1339 2509 1660 2582 μυστήριον,
1704 2506 1795 2563 καὶ
1845 2503 2052 2563 δεικνὺς

379 2603 464 2658 ὃτι
502 2603 603 2656 Καὶ
637 2601 666 2656 ὸ
699 2607 910 2670 Μωσῆς
941 2599 1065 2674 περὶ
1096 2599 1264 2654 αὐτοῦ
1305 2598 1434 2672 ὑμῖν
1480 2596 1780 2668 λελάληκε.
1817 2604 2054 2675 Ηροανα-

378 2697 553 2770 φωνεῖ
583 2691 694 2766 γὰρ
724 2689 890 2745 παλιν
914 2689 1014 2757 τήν
1041 2691 1138 2742 τοῦ
1188 2685 1329 2742 ἰδίου
1388 2690 1732 2762 γεννήματος
1792 2687 2054 2764 ἑνανθρώ-

377 2803 546 2852 πησιν
579 2782 608 2836 ὸ
643 2781 777 2842 Θεὸς
808 2779 899 2834 καί
934 2780 1120 2854 [ἰατὴρ
1179 2775 1267 2832 5ιά
1313 2783 1410 2833 τοῖ’)
1471 2777 1748 2856 πανσᾶφου
1780 2779 2052 2848 Μωσέως,

375 2873 464 2927 καὶ
499 2870 587 2927 ὅτι
625 2867 877 2945 δεύτερος
909 2869 988 2943 ἐφ’
1037 2870 1185 2941 ἡμᾶς
1234 2868 1542 2941 νομοθέτης
1573 2865 2047 2943 ἀναδειχθήσεται,

375 2960 634 3032 λαλήσας
670 2961 769 3033 μὲν
795 2958 960 3015 πάλιν
1005 2963 1122 3020 τοῖς
1170 2957 1554 3038 ἀρχαιοτέροις
1598 2958 1760 3020 αὐτὸς
1793 2955 1860 3012 δι’
1895 2956 2053 3032 ἀγγὲ-

373 3051 489 3110 λων
521 3053 621 3108 τὸν
653 3050 850 3122 νόμον,
878 3050 930 3106 ἐν
961 3047 1020 3104 3‘s
1050 3054 1164 3112 τοῖς
1193 3048 1532 3112 τελευταίοις
1572 3053 1786 3124 καιροῖς
1817 3047 2050 3122 αὐτουρ-

373 3148 471 3219 γὸς
531 3142 616 3205 εἰς
674 3144 827 3214 ἡμᾶς
881 3137 1330 3212 ἀναδεδειγμὲνος
1398 3140 1490 3196 καὶ
1538 3146 1732 3209 καινῆς
1783 3136 2049 3210 διαθήκης

374 3231 742 3308 lentati”:
810 3228 1065 3306 ἅγγελος·
1124 3231 1152 3285 ὁ
1213 3228 1459 3304 μεγάλῆς
1535 3229 1748 3302 βουλῆς
1793 3235 1894 3298 τῆς
1953 3230 2050 3284 τοῦ

379 3325 596 3398 Πατρὸς
658 3319 916 3395 ἄγγελος.
978 3319 1080 3377 Καὶ
1133 3320 1297 3374 τοῦτὸ
1355 3316 1468 3373 ἐστι
1518 3315 1722 3389 δηλοῦν
1782 3317 1866 3383 τὸ,
1902 3342 1929 3369 ι(
1962 3317 2050 3380 Ὠς

381 3414 500 3486 ἰμῖε,
540 3437 568 3462 η
629 3413 881 3467 τουτέστι
937 3407 1261 3481 νομοθέτην.
1331 3409 1628 3489 Προφήτην
1678 3405 1736 3463 δὲ
1783 3406 1943 3463 καλεῖ
1969 3407 2060 3463 τὸν

383 3508 496 3560 τῶν
521 3505 827 3583 προφητῶν
863 3499 1057 3575 Κῦριον
1094 3497 1183 3554 διὰ
1211 3499 1273 3554 τὸ
1306 3499 1664 3574 ἀνθρώπινον.
1701 3520 1729 3550 ‹‹
1759 3502 1844 3562 Ὠς
1875 3497 1994 3570 ἐμὲ,
2031 3524 2054 3553 ι

389 3591 812 3665 ἱξοιθενημένον
846 3589 935 3668 ὑφ’
963 3590 1037 3644 ὧν
1069 3585 1179 3644 ἔδει
1206 3594 1528 3660 τιμηθῆναι.
1560 3587 1851 3662 Ἱεῖκάτερος
1886 3588 2060 3660 νόμον

407 3678 606 3748 iam“,
658 3685 860 3753 σημεῖα
914 3679 1179 3755 πρότερον
1235 3680 1490 3748 ποιήσας·
1548 3675 1676 3734 ἀλλ’
1725 3674 1854 3734 οὐδὲ
1885 3677 2060 3740 οὕτως

420 3768 599 3825 σὸτῶν
630 3767 900 3847 οὸὸετέρου
931 3767 1209 3841 ἠθέλησαν
1245 3769 1569 3826 ὑπακοῦσαι.

474 4066 503 4093 α
540 4039 718 4100 Αὐτοῦ
758 4039 1069 4098 ἀκούσεσθε.
1130 4037 1306 4104 Οὗτός
1359 4037 1502 4096 ἐστιν
1535 4038 1564 4095 6
1594 4039 1883 4115 γενόμενος
1914 4036 1967 4093 ἐν
1994 4040 2062 4112 τῇ

399 4159 422 4182 ι
462 4129 733 4203 ἰκκλησίᾳ
761 4128 812 4186 ἐν
860 4134 929 4205 τῇ
989 4129 1184 4206 ἐρήμῳ
1247 4128 1382 4203 μετά
1429 4132 1526 4185 τοῖ’)
1581 4123 1817 4203 ἀγγέλου
1847 4131 1940 4183 τοῦ
1970 4125 2066 4185 λά-

392 4247 422 4274 α
458 4221 698 4283 λοῦντος
759 4220 903 4291 αὐτῷ
955 4220 1007 4276 ἐν
1063 4224 1142 4294 τῷ
1199 4215 1316 4296 ὄρει
1375 4223 1524 4290 Σινᾷ,
1557 4218 1783 4273 καὶτῶν
1815 4217 2065 4292 πατέρων

392 4338 423 4364 κ
456 4315 652 4384 ἡμῶν.
683 4310 782 4374 Ὃς
843 4307 1056 4384 ἐδέξατο
1114 4307 1280 4385 λόγον
1343 4314 1520 4380 ζῶντα
1575 4305 1773 4364 δοῦντα
1809 4310 1967 4380 ἡμῖν.
2001 4310 2066 4392 ᾭ

393 4427 423 4456 α
455 4402 563 4458 οὐκ
593 4398 876 4472 ἠθέλησαν
933 4401 1171 4471 ὑπήκοοι
1225 4399 1473 4475 γενέσθαι
1522 4400 1577 4454 οἱ
1622 4399 1850 4474 πατέρες
1879 4399 2064 4472 ἡμῶν,

391 4516 424 4545 ι
457 4490 595 4548 ἀλλ’
627 4490 920 4546 ἀπώσαντο
979 4491 1071 4545 καὶ
1130 4488 1468 4568 ἔστράιρησαν
1517 4493 1588 4564 τῇ
1645 4485 1843 4562 καρδίᾳ
1887 4488 2066 4544 αὐτῶν

392 4607 420 4634 α
452 4580 534 4646 εἰς
581 4578 892 4656 Αἴγυπτον,
932 4579 1176 4643 εἰπόντες
1232 4577 1313 4654 τῷ
1363 4578 1601 4655 ’Λαρώψ
1656 4579 1892 4650 Ποίησον
1927 4580 2064 4651 ἡμῖν

2168 641 2312 681 num
2343 643 2473 682 esse
2504 628 2766 684 ostendit
2795 647 2861 686 ac
2890 631 3094 686 Deum.
3129 633 3259 703 Ipse
3308 632 3468 688 enim
3502 639 3592 688 est
3618 635 3816 708 magni

2168 716 2404 772 consilii
2439 717 2690 791 Angelus
2720 735 2787 774 ac
2835 720 2937 775 Dei
2969 720 3171 776 Filius.
3206 723 3370 786 Quod
3408 739 3544 795 ergo
3574 725 3830 796 aenigma

2165 822 2273 878 per
2326 807 2794 864 calceamentum
2856 810 3270 883 significatur?
3322 815 3570 868 Necesse
3617 821 3726 880 est,
3760 820 3827 869 ut

2166 896 2400 952 dicatur
2423 899 2893 954 calceamentum
2926 917 3056 955 esse
3085 901 3564 956 mortificationis
3588 904 3824 975 signum

2166 1002 2235 1042 ac
2264 989 2682 1059 corruptionis.
2705 990 2873 1045 Certe
2900 1007 3080 1045 omne
3104 990 3574 1046 calceamentum
3609 994 3824 1048 mortui

2157 1077 2285 1147 jam
2318 1078 2592 1134 animalis
2650 1078 2952 1150 reliquum
3011 1086 3120 1134 est.
3177 1081 3420 1152 Oportet
3448 1082 3627 1153 igitur
3657 1099 3828 1138 men-

2167 1172 2286 1222 tem
2318 1184 2470 1233 eam,
2505 1185 2638 1240 quae
2670 1177 2920 1225 conatur
2967 1169 3040 1224 ad
3072 1169 3302 1224 divinas
3333 1171 3654 1226 ascendere
3685 1188 3829 1227 con-

2166 1257 2608 1329 templationes,
2665 1257 3004 1330 Christique
3057 1259 3392 1330 intelligere
3452 1260 3827 1339 mysterium,

2166 1347 2329 1403 omni
2362 1353 2598 1403 mortua
2625 1363 2694 1404 ac
2747 1347 2974 1404 carnali
3027 1348 3172 1403 solvi
3219 1348 3667 1422 imaginatione.
3702 1351 3830 1405 Non

2167 1453 2304 1510 ergo
2335 1453 2442 1508 per
2471 1436 2662 1509 legem
2693 1437 3041 1508 cultumque
3074 1437 3528 1493 ministerialem
3559 1437 3634 1493 ad
3659 1437 3830 1493 Chri-

2166 1531 2324 1582 stum
2353 1531 2607 1598 possunt
2627 1526 2911 1582 accedere
2935 1528 3144 1597 (Moses
3168 1543 3428 1598 namque
3452 1526 3598 1600 legis
3622 1543 3829 1599 perso-

2165 1634 2304 1674 nam
2347 1617 2636 1692 gerebat),
2671 1618 2788 1674 nisi
2821 1618 3320 1690 inquinationem.
3355 1635 3488 1690 quae
3521 1635 3556 1674 a
3584 1624 3828 1690 peccato

2164 1714 2469 1764 contracta
2501 1713 2613 1774 est,
2647 1708 3018 1780 cultumque,
3065 1709 3169 1779 qui
3215 1708 3410 1764 adhuc
3440 1709 3501 1764 in
3535 1708 3740 1782 figuris
3772 1714 3831 1763 et

2161 1797 2393 1853 umbris
2443 1803 2552 1862 est,
2597 1804 2776 1854 antea
2822 1796 3172 1870 repulerint.
3207 1797 3265 1853 Si
3313 1804 3511 1854 autem
3543 1797 3826 1870 praedicto

2082 1907 2131 1973 Β
2164 1886 2570 1944 calceamento
2628 1887 2854 1944 absolvi
2912 1887 3118 1956 velint,
3153 1892 3294 1944 tunc
3343 1888 3830 1960 appropinquant

2171 1978 2426 2046 Christo,
2459 1978 2687 2036 cultum
2717 1979 2821 2050 qui
2842 1979 2906 2034 in
2935 1978 3158 2052 Spiritu
3187 1984 3246 2034 et
3273 1979 3519 2036 veritate
3550 1984 3642 2035 est
3670 1995 3826 2034 com-

2169 2067 2513 2140 probantes.

2241 2157 2359 2225 νη,
2387 2157 2454 2213 37
2512 2176 2534 2204 ι
2568 2157 2673 2213 Hic
2727 2162 2820 2213 est
2873 2159 3084 2223 Moses,
3116 2157 3220 2230 qui
3253 2155 3402 2212 dixit
3432 2156 3573 2213 ﬁliis
3603 2155 3826 2214 Israel:

2171 2267 2199 2296 (ι
2225 2247 2582 2318 Prophetam
2613 2245 2925 2302 suscitabit
2943 2245 3111 2302 vobis
3134 2246 3421 2302 Dominus
3453 2247 3608 2302 Deus
3636 2250 3831 2301 vester

2172 2360 2192 2386 ι
2232 2336 2304 2392 de
2335 2336 2618 2392 fratribus
2648 2336 2879 2399 vestris,
2917 2337 3176 2392 similem
3210 2335 3347 2391 mei.
3379 2357 3406 2385 ››

2237 2427 2358 2482 Hoc
2389 2426 2696 2496 subjunxit
2752 2426 2960 2482 beatus
3021 2426 3356 2498 Stephanus
3408 2424 3684 2481 indicans
3740 2424 3828 2481 eis

2167 2516 2327 2589 quod
2383 2517 2445 2573 in
2504 2517 2737 2572 Christo
2791 2523 3098 2589 peractum
3158 2522 3285 2572 erat
3343 2516 3721 2588 mysterium.
3757 2531 3826 2571 ac

2165 2607 2489 2663 ostendens
2509 2607 2667 2678 quod
2692 2609 2880 2662 Moses
2901 2623 3138 2680 quoque
3161 2606 3233 2662 de
3257 2607 3385 2678 ipso
3410 2606 3644 2662 locutus
3666 2611 3826 2661 esset

2163 2697 2306 2752 illis.
2341 2699 2597 2754 Rursum
2629 2697 2788 2753 enim
2823 2698 2922 2752 70
2955 2698 3108 2752 Deus
3140 2713 3208 2752 ac
3247 2698 3422 2752 Pater
3447 2713 3554 2768 per
3579 2696 3823 2768 sapien-

2165 2788 2464 2843 tissimum
2487 2789 2688 2843 Mosen
2712 2787 2932 2858 prOprii
2959 2786 3088 2842 Filii
3112 2786 3590 2842 incarnationem
3612 2785 3824 2858 praedi-

2164 2877 2265 2944 cit,
2297 2876 2504 2948 utqui
2555 2875 2707 2931 alter
2764 2875 3068 2949 legislator
3123 2875 3196 2931 ad
3254 2892 3362 2930 nos
3420 2875 3823 2948 dcsignandus

2165 2971 2354 3024 esset:
2391 2966 2493 3038 qui
2524 2964 2766 3036 quidem
2814 2965 3116 3020 veteribus
3163 2981 3400 3036 quoque
3446 2981 3551 3036 per
3580 2965 3825 3038 angelos

2162 3056 2354 3130 legem
2385 3055 2619 3112 locutus
2640 3061 2830 3110 esset:
2855 3054 3199 3110 novissimis
3228 3059 3427 3110 autem
3459 3054 3830 3126 temporibus

2165 3151 2372 3202 auctor
2400 3146 2527 3218 ipse
2568 3144 2643 3200 ad
2693 3161 2802 3200 nos
2857 3143 3224 3216 designatus,
3259 3144 3360 3216 qui
3393 3159 3609 3198 novum
3644 3149 3831 3199 testa-

2166 3243 2438 3292 mentum
2485 3241 2769 3307 tanquam
2829 3235 3075 3307 angelus
3132 3235 3260 3306 ipse
3319 3233 3599 3302 sanciret,
3630 3234 3831 3306 magni

2165 3326 2401 3383 consilii
2462 3325 2652 3381 Patris
2705 3325 2953 3395 angelus
3003 3324 3123 3380 sive
3172 3325 3458 3380 nuntius:
3493 3329 3552 3379 et
3582 3325 3694 3378 hoc
3724 3340 3831 3396 per

2165 3417 2226 3472 id
2257 3416 2655 3490 signiﬁcatum
2688 3421 2780 3471 est
2808 3414 2967 3486 quod
2998 3413 3238 3482 dicitur,
3268 3437 3293 3463 «
3329 3414 3597 3469 Similem
3628 3413 3769 3477 mei.
3796 3434 3827 3464 »

2165 3507 2279 3564 hoc
2335 3511 2426 3562 est
2482 3505 2909 3578 legislatorem.
2969 3505 3148 3560 Vocat
3215 3509 3416 3560 autem
3476 3503 3830 3576 prophetam

2167 3596 2485 3652 Dominum
2565 3595 2994 3666 prophetarum
3049 3599 3293 3666 propter
3349 3593 3826 3650 humanitatem:

2170 3707 2198 3736 υ
2229 3685 2489 3742 similem
2548 3684 2686 3752 mei,
2723 3705 2751 3733 »
2818 3689 3229 3755 contemptum
3258 3683 3331 3739 ab
3371 3683 3466 3739 his
3518 3698 3553 3738 a
3609 3682 3827 3756 quibus

2167 3774 2374 3831 debuit
2403 3772 2706 3828 honorari.
2741 3773 3001 3842 Uterque
3031 3771 3222 3846 legem
3256 3771 3438 3835 dedit,
3479 3771 3664 3844 signis
3695 3772 3825 3843 pri-

2167 3881 2334 3924 mum
2365 3863 2578 3919 editis:
2640 3861 2744 3918 sed
2802 3878 2877 3916 ne
2932 3861 3018 3916 sic
3071 3860 3316 3933 quidem
3345 3860 3524 3917 alicui
3555 3861 3828 3932 ipsorum

2170 3954 2583 4025 obtemperare
2614 3951 2950 4008 voluerunt.

2242 4044 2366 4109 Vll,
2396 4044 2598 4098 37-42.
2636 4062 2660 4092 ι
2693 4042 2895 4112 Ipsum
2953 4037 3229 4096 audietis.
3282 4039 3386 4095 Hic
3435 4042 3545 4100 est.
3587 4037 3690 4110 qui
3721 4036 3834 4094 fuit

2171 4155 2200 4184 «
2235 4132 2299 4188 in
2329 4130 2782 4204 congregatione
2815 4129 2877 4183 in
2910 4127 3144 4183 deserto
3178 4126 3239 4183 in
3272 4132 3473 4183 monte
3505 4127 3664 4183 Sina.
3698 4141 3837 4182 cum

2172 4247 2201 4276 «
2233 4222 2446 4297 angelo
2478 4223 2532 4278 ei
2561 4221 2843 4293 loquente
2874 4220 2936 4275 in
2969 4225 3172 4274 monte
3200 4219 3358 4287 Sina,
3395 4223 3454 4273 et
3483 4235 3617 4275 cum
3650 4217 3836 4290 patri-

2172 4337 2201 4367 «
2233 4313 2345 4370 bus
2395 4311 2636 4375 nostris,
2694 4311 2796 4383 qui
2856 4309 3086 4380 accepit
3142 4309 3387 4364 verbum
3445 4309 3646 4365 vivens
3694 4308 3838 4364 dare

2175 4426 2198 4458 α
2232 4404 2428 4472 nobis,
2483 4402 2578 4458 cui
2632 4401 2961 4457 noluerunt
3034 4399 3384 4456 obedientes
3442 4415 3572 4456 esse
3634 4404 3834 4472 patres

2173 4517 2201 4545 α
2230 4493 2460 4551 nostri:
2493 4491 2598 4548 sed
2628 4491 2983 4564 repulerunt
3041 4495 3100 4546 et
3156 4489 3425 4546 conversi
3471 4495 3612 4546 sunt
3652 4487 3832 4545 corde

2176 4606 2204 4635 ‹‹
2235 4600 2342 4640 suo
2371 4583 2432 4638 in
2459 4583 2795 4655 Egyptum,
2826 4579 3095 4636 dicentes
3127 4579 3198 4635 ad
3234 4581 3429 4634 Aaron
3456 4595 3469 4634 :
3509 4579 3622 4635 Fac
3651 4577 3828 4634 nobis

394 4695 420 4727 ι
457 4671 644 4740 θεοὺς,
700 4668 753 4726 οῗ
818 4671 1282 4747 προπορεύσονται
1337 4671 1523 4744 ἡμῶν.
1582 4669 1644 4728 Ὁ
1701 4670 1807 4745 γὰρ
1851 4675 2057 4739 Μωσῆς

2173 4697 2194 4725 ι(
2228 4672 2392 4739 deos,
2425 4671 2527 4742 qui
2561 4668 2904 4742 praecedant
2951 4685 3100 4725 nos:
3154 4670 3344 4724 Moses
3374 4668 3536 4723 enim
3569 4667 3686 4727 hic.
3721 4665 3825 4738 qui

390 4786 422 4815 ε(
459 4761 648 4826 οὗτος,
702 4761 762 4824 ’ὸς
821 4758 1077 4836 ἐξήγαγεν
1134 4763 1283 4835 ἡμᾶς
1332 4758 1392 4815 ἐκ
1445 4765 1547 4836 γῆς
1593 4758 1896 4836 Αἰγύπτου,
1955 4758 2056 4815 οὐκ

385 4873 423 4908 α
455 4849 688 4924 οἴδαμεν
732 4850 787 4907 τί
823 4850 1043 4927 γέγονεν
1100 4850 1268 4924 αὐτῷ.
1328 4848 1434 4909 Καὶ
1490 4849 1940 4926 ἐμοσχοποίησαν
1999 4849 2051 4906 ἐν

395 4964 427 4992 α
457 4947 582 5004 ταῖς
639 4939 874 5017 ἡμέραις
935 4937 1182 5007 ἕκείναις,
1241 4939 1333 4994 καί
1396 4938 1669 5013 ἀνήγαγον
1739 4940 1923 4995 θυσίαν
1977 4943 2057 5012 τῷ

394 5055 424 5081 ε
461 5029 706 5106 εἰδώλῳ,
737 5031 830 5087 καὶ
861 5029 1212 5108 εὐφραίνοντο
1260 5027 1315 5084 ἐν
1364 5032 1480 5092 τοῖς
1510 5025 1689 5104 ἔργοις
1719 5033 1828 5084 τῶν
1857 5033 2059 5105 χειρῶν

401 5147 422 5173 ι
453 5122 654 5178 αὐτῶν.
687 5123 956 5198 Ἐστρεψε
1015 5117 1072 5174 δὲ
1127 5119 1155 5173 6
1215 5117 1366 5187 Θεὸς,
1399 5116 1489 5172 καὶ
1518 5115 1827 5193 παρέδωκεν
1859 5119 2058 5184 αὐτούς

397 5233 422 5265 ι
452 5212 726 5289 λατρεύειν
783 5215 854 5286 τῇ
918 5213 1148 5284 στρατιᾷ
1192 5212 1290 5264 τοῦ
1349 5206 1598 5283 οὐρανοῦ,
1647 5208 1827 5272 καθὼς
1858 5209 2058 5284 γέγρα-

397 5325 568 5361 ιπται
629 5304 683 5362 ἐν
747 5297 944 5372 βίϐλῳ
1000 5301 1110 5352 τῶν
1175 5300 1500 5376 προφητῶν⁸
1563 5297 1652 5365 Μὴ
1711 5297 1914 5374 σφάγια
1966 5297 2057 5354 καὶ

388 5419 414 5448 οι
444 5399 622 5465 θυσίας
677 5389 1114 5476 προσηνέγκατὲ
1171 5408 1264 5461 μοι
1320 5383 1414 5458 ἔτη
1471 5387 1871 5463 τεσσαράκοντα
1907 5386 1958 5444 ἐν
1986 5391 2054 5463 τῇ

371 5516 400 5546 α
426 5490 640 5573 ἐρήμῳ,
678 5490 849 5549 οἶκος
889 5478 1164 5555 Ἱσραήλς
1200 5501 1227 5530 ››

416 5560 623 5649 έκξπέι
681 5582 780 5642 δτι
846 5574 1090 5647 πρῶτον
1146 5567 1339 5630 αὐτοὺς
1382 5565 1586 5644 εῗσάγει
1627 5565 1815 5630 Θυσίας
1841 5565 2058 5644 ἀνενεγ-

321 5687 523 5755 κόντας
580 5680 681 5741 καὶ
720 5671 876 5731 τότε
913 5664 1043 5720 τοῖς
1077 5653 1352 5720 εἰδώλοις.
1389 5656 1538 5713 Ἐπεί
1568 5656 1674 5733 πρὸ
1720 5656 1917 5713 τούτου
1969 5656 2061 5712 οὐ·

301 5729 746 5870 Δὶζέἓνὸυπᾶας
820 5753 1059 5828 ὄνομα,
1117 5745 1260 5807 ἀλλὰ
1307 5747 1705 5832 ¹προστάγματα
1744 5752 1938 5822 ζῶντα,
1969 5747 2060 5806 καὶ

2171 4787 2190 4812 ι
2223 4760 2425 4818 eduxit
2456 4776 2566 4815 nos
2598 4757 2669 4812 de
2718 4763 2876 4813 terra
2919 4756 3168 4829 Egypti,
3201 4756 3504 4811 nescimus
3536 4754 3683 4827 quid
3721 4771 3822 4811 ac-

2171 4873 2192 4901 ι
2228 4848 2441 4907 ciderit
2468 4849 2541 4903 ei.
2574 4848 2646 4902 Et
2669 4845 2946 4902 fecerunt
2968 4845 3216 4900 vitulum
3255 4844 3316 4899 in
3347 4843 3558 4901 diebus
3588 4844 3732 4906 illis.
3765 4847 3826 4901 et

2173 4961 2202 4996 α
2231 4939 2577 4996 obtulerunt
2605 4937 2862 4992 hostiam
2910 4934 3093 4998 idolo,
3144 4951 3211 4990 ac
3254 4933 3617 4990 laetabantur
3646 4950 3828 5007 super

2167 5052 2199 5083 α
2230 5028 2510 5103 operibus
2537 5042 2825 5082 manuum
2883 5041 3148 5082 suarum.
3199 5023 3500 5080 Convertit
3529 5041 3591 5081 se
3622 5032 3825 5082 autem

2171 5141 2196 5174 ι
2231 5122 2385 5177 Deus
2418 5124 2472 5174 et
2504 5115 2749 5172 tradidit
2778 5133 2902 5186 eos,
2953 5121 3019 5170 ut
3067 5115 3334 5170 colerent
3364 5114 3639 5171 militiam
3670 5113 3824 5184 cceli,

2171 5233 2200 5262 «
2232 5209 2384 5266 sicut
2412 5209 2698 5280 scriptum
2732 5211 2822 5262 est
2850 5205 2913 5260 in
2953 5204 3104 5276 libro
3159 5205 3588 5277 Prophetarum
3619 5222 3634 5261 :
3664 5207 3830 5262 Nun-

2171 5324 2200 5353 «
2232 5299 2377 5374 quid
2405 5299 2676 5356 victimas
2708 5301 2768 5353 et
2804 5296 3030 5352 hostias
3060 5295 3362 5351 obtulistis
3392 5296 3538 5351 mihi
3571 5297 3827 5369 quadra-

2171 5413 2201 5444 ‹‹
2232 5391 2394 5465 ginta
2424 5388 2598 5446 annis
2637 5387 2700 5442 in
2727 5386 2984 5452 deserto,
3019 5384 3230 5441 domus
3260 5384 3443 5442 Israel
3466 5385 3493 5440 ‘I
3522 5407 3552 5436 »

2242 5569 2566 5628 Considera
2595 5567 2756 5641 quod
2798 5567 3058 5640 primum
3117 5565 3349 5622 inducit
3377 5582 3478 5622 eos
3509 5566 3832 5623 oﬂ'erentes

2170 5663 2417 5728 hostias,
2453 5665 2511 5716 et
2540 5667 2682 5715 tunc
2713 5656 2872 5730 quod
2917 5674 3016 5712 eas
3075 5655 3251 5712 idolis
3280 5655 3650 5711 obtulerunt.
3683 5654 3827 5709 Nam

2169 5759 2347 5814 antea
2373 5765 2672 5825 nusquam
2702 5747 3002 5807 invenitur
3041 5744 3228 5811 θυσίας
3261 5759 3503 5816 nomen,
3535 5743 3641 5800 sed
3673 5757 3823 5818 pras-
