4160 6422
338 442 450 501 14⁸⁸1

1463 433 1895 496 mcummn
1939 431 2253 494 TRICGE
2297 425 2655 489 EPlSCOPI

3657 423 3774 485 148

336 585 509 653 cepta
560 579 732 634 erant
787 574 858 630 de
909 572 1051 630 vivis
1083 578 1143 630 et
1179 573 1574 630 rationalibus
1605 572 1992 629 animalibus.

2132 566 2273 643 ιόγια
2304 571 2496 638 ζῶντα.
2533 564 2779 639 Παράγει
2831 560 2890 618 δὲ
2924 564 3023 632 τὴν
3079 559 3376 638 μαρτυρίαν
3424 557 3532 653 οῦχ
3561 557 3775 653 ἁτλῶς,

337 667 763 725 Testimonium
795 669 994 719 autem
1053 663 1284 719 inducit
1335 680 1455 718 non
1512 669 1857 734 utcumque.
1887 659 1992 715 sed

340 759 496 831 quod
527 754 803 812 ostendat
832 754 1060 809 nullam
1120 770 1250 810 esse
1307 755 1637 808 hostiarum
1670 751 1996 807 necessita-

339 853 482 914 tem,
516 847 576 902 in
635 861 704 900 eo
763 845 923 916 quod
979 844 1098 899 ait:
1160 843 1438 915 Nunquid
1495 844 1763 898 victimas
1809 841 1998 896 etho-

340 938 502 1000 stias,
537 943 675 1003 etc.,
709 952 778 991 ac
807 935 856 989 si
888 934 1085 990 dicat:
1139 934 1340 989 Dicere
1388 951 1508 989 non
1557 933 1805 1005 potestis
1838 930 1996 1002 quod

340 1043 474 1083 eum
504 1027 621 1081 Deo
653 1024 1092 1087 sacriﬁcaretis,
1136 1023 1312 1078 etiam
1348 1023 1469 1078 illis
1499 1021 1859 1087 ofi‘erebatis,
1893 1018 1998 1075 sed

337 1116 460 1174 illis
491 1116 752 1188 primum
784 1113 1160 1170 immolastis.
1223 1114 1293 1167 Et
1348 1113 1475 1169 hanc
1525 1112 1768 1184 quidem
1799 1110 1860 1165 in
1895 1109 1999 1165 de-

339 1213 498 1264 serto
530 1206 631 1262 ubi
665 1205 1011 1278 longissima
1041 1204 1151 1258 fuit
1180 1219 1348 1259 mora
1375 1208 1586 1260 vestra.
1625 1201 1769 1257 Vide
1800 1207 1998 1257 autem

337 1296 630 1366 integram
663 1294 1031 1362 concionem,
1057 1310 1239 1363 quam
1263 1293 1496 1348 fortiter
1526 1297 1582 1347 et
1613 1292 1836 1364 absque
1861 1290 1998 1346 odio

338 1387 584 1442 in‘tota
635 1385 875 1440 illorum
929 1384 1309 1439 accusatione
1359 1387 1716 1456 perseveret,
1767 1387 2000 1436 tantum

338 1492 462 1532 non
493 1475 730 1532 dicens:
765 1475 834 1529 Et
856 1473 902 1528 si
928 1471 1214 1544 templum
1243 1472 1495 1528 dixerim
1526 1469 1996 1539 dissolvendum,

339 1570 400 1622 et
431 1567 521 1620 71
569 1563 846 1619 instituta
870 1563 1219 1634 hostiasque
1251 1561 1647 1620 immutanda.
1681 1560 1834 1616 nihil
1865 1559 2000 1616 n0vi

342 1653 482 1709 dixi.
517 1654 706 1709 Moses
737 1650 1060 1723 siquidem,
1094 1651 1157 1706 in
1217 1667 1334 1722 quo
1380 1650 1706 1722 plurimum
1760 1649 2002 1723 gloriari

341 1741 650 1805 videmini,
683 1739 857 1795 annis
880 1738 1274 1812 quadraginta
1295 1754 1492 1810 neque
1517 1739 1742 1794 hostias
1763 1737 1999 1804 obtulit,

343 1846 540 1903 neque
573 1829 864 1900 templum
923 1829 1130 1889 erexit.
1173 1827 1280 1883 sed
1328 1844 1523 1898 neque
1573 1826 1773 1893 David,
1807 1842 2001 1897 neque

2107 655 2254 713 ἀλλᾶ
2283 659 2373 711 καὶ
2399 657 2460 711 τὸ
2495 658 2570 727 μή
2606 655 2745 710 εἶναι
2807 653 2996 729 χρείαν
3054 658 3164 707 τῶν
3213 656 3412 716 θυσιῶν
3448 647 3680 716 δεικνὺς,
3714 647 3771 703 ἐν

2104 751 2183 820 τῷ
2215 747 2416 822 λέγειν.
2455 747 2542 814 Μὴ
2575 747 2794 820 σφάγια,
2829 744 2915 797 καὶ
2971 742 3113 813 ἑξῆς,
3169 741 3280 796 ἀντὶ
3311 746 3430 810 τοῦ,
3463 740 3581 797 Οὐκ
3610 737 3772 814 ἔχετε

2107 837 2276 891 εἰπεῖν
2310 836 2395 892 ὅτι
2449 836 2554 889 ἀπὸ
2611 839 2710 890 τοῦ
2773 832 2916 896 θύειν
2970 837 3048 905 τῷ
3107 836 3224 904 Θεῷ
3251 831 3527 892 κάκείνοις
3562 829 3762 898 ἐθύετε,

2107 925 2235 982 ἀλλ’
2292 925 2514 987 ἐκείνοις
2575 924 2836 1000 πρότερον
2897 922 3136 989 Eli-Same,
3191 923 3283 976 καὶ
3340 924 3527 985 ταῦτα,
3581 917 3632 973 ἒν
3692 922 3765 993 τῇ

2108 1013 2302 1088 ἐρήμῳ
2361 1003 2485 1078 ἔνθα
2545 1015 2698 1086 ὑμῶν
2757 1014 3142 1087 προειστήκειν
3208 1009 3470 1084 μάλιστα.
3541 1011 3681 1082 Ὅρα
3712 1006 3773 1064 δὲ

2106 1110 2280 1160 πᾶσαν
2311 1107 2412 1174 τὴν
2441 1102 2819 1178 δημηγορίαν,
2855 1107 2974 1163 πῶς
3031 1103 3280 1176 ἱσχυρῶς
3319 1099 3408 1154 καὶ
3442 1100 3775 1174 ἀνεπαχθῶς

2103 1194 2322 1250 ’ίσταται
2355 1197 2492 1269 πρὸς
2524 1192 2660 1263 ὃλην
2703 1194 2884 1249 αὐτῶν
2916 1194 3018 1262 τὴν
3068 1190 3430 1265 κατηγορίαν,
3467 1187 3777 1265 μονονουχὶ

2107 1287 2305 1361 λέγων,
2338 1284 2420 1341 ὅτι
2468 1287 2572 1342 Καί
2623 1283 2775 1340 εἶπον
2827 1283 2919 1338 τόν
2955 1303 3013 1338 τε
3041 1283 3166 1337 ναὸν
3203 1281 3554 1351 λυθήσεσθαι,
3587 1281 3676 1335 καὶ
3706 1301 3780 1337 τα

2109 1373 2204 1446 ἔθη
2237 1375 2327 1430 καὶ
2367 1374 2462 1436 τας
2505 1373 2694 1436 θυσίας
2753 1371 3186 1447 ἀλλαγήσεσθαι,
3243 1368 3395 1426 οὐδὲν
3453 1369 3568 1445 ε’μι
3623 1367 3774 1441 ξένον

2110 1464 2367 1540 εἰρηκώς.
2430 1470 2635 1532 Μωσῆς
2695 1463 2822 1538 γὰρ,
2877 1459 2958 1537 ἐφ’
3012 1462 3057 1533 ᾧ
3112 1463 3252 1539 μέγα
3293 1465 3509 1535 φρονεῖν
3543 1457 3780 1530 δοκεῖτε,

2112 1554 2205 1626 ἔτη
2264 1558 2666 1630 τεσσαράκοντα
2753 1548 2878 1608 οὔτε
2955 1552 3143 1613 θυσίας
3208 1553 3596 1624 προσήνεγκεν,
3652 1547 3780 1603 οὔτε

2110 1645 2236 1700 ναὸν
2268 1645 2578 1714 ἀνέστησεν.
2613 1642 2772 1700 Ἀλλ’
2817 1639 2943 1698 οὐδὲ
2992 1639 3176 1710 Δαυῗδ,
3228 1637 3354 1695 οὐδέ
3383 1661 3467 1700 τις
3498 1637 3687 1694 ἄλλων
3723 1636 3776 1692 ἐν

2110 1738 2189 1807 τῷ
2223 1735 2391 1808 μέσῳ,
2419 1733 2599 1791 καίτοι
2650 1729 3320 1807 κατακλτιροδοτουμένης
3351 1730 3480 1802 ὑμῖν
3511 1732 3611 1793 τῆς
3643 1735 3773 1803 γῆς.

2113 1824 2292 1883 Ἀλλὰ
2318 1824 2408 1879 καὶ
2443 1825 2495 1879 οἱ
2529 1830 2805 1902 προφῆται
2867 1822 2941 1884 ὡς
3003 1823 3080 1894 μή
3122 1817 3250 1876 ὄντα
3301 1821 3566 1898 ἀναγκαῖα
3604 1822 3777 1873 ταῦτα

348 1900 646 1992 qui—spiam
678 1919 934 1974 aliorum
956 1918 1019 1972 in
1048 1917 1247 1974 medio
1275 1917 1630 1990 positorum,
1658 1916 1838 1987 idque
1871 1931 2008 1970 cum

2132 1914 2259 1970 iiitw
2312 1915 2433 1990 περὶ
2494 1900 2670 1968 αὐτῶν
2712 1912 3126 1992 ἀποφαίνονται.
3169 1912 3378 1979 Μωσῆν
3430 1907 3487 1964 δὲ
3532 1912 3624 1961 νῦν
3654 1912 3779 1970 πῶς

343 2010 469 2082 jam
503 2014 659 2064 sorte
689 2008 828 2064 data
875 2024 943 2063 ac
995 2007 1183 2062 divisa
1211 2006 1376 2061 vobis
1407 2010 1566 2062 esset
1595 2010 1772 2061 terra.
1807 2005 1919 2059 Sed
1951 2010 2010 2060 et

347 2099 655 2172 propheta
679 2103 964 2169 tanquam
989 2097 1060 2152 de
1084 2096 1262 2152 rebus
1286 2113 1406 2151 non
1432 2095 1809 2163 necessariis,
1838 2094 1920 2149 ita
1940 2093 2012 2148 de

349 2188 444 2244 his
468 2188 882 2259 pronuntiant.
909 2188 1031 2253 Quo
1064 2191 1262 2242 autem
1292 2189 1464 2260 pacto
1492 2187 1691 2240 Mosen
1723 2201 1883 2239 nunc
1915 2200 2013 2239 vos

346 2277 557 2334 ulcisci
590 2278 832 2351 fingitis,
867 2292 1047 2349 quem
1096 2276 1450 2350 repulerunt
1493 2280 1552 2330 et
1605 2280 1803 2347 patres
1833 2273 2014 2330 vestri

2124 2005 2532 2080 σχηματίζεσθε
2563 1999 2870 2074 διεκδικεῖν,
2918 2001 2976 2056 δν
3029 2001 3317 2056 ἀπώσαντο
3346 1999 3437 2054 καὶ
3469 2000 3523 2054 οἱ
3552 1997 3786 2071 πατέρες

2125 2095 2278 2167 ὑμῶν
2325 2093 2416 2148 καὶ
2474 2093 2668 2165 ὑμεῖςς
2729 2091 2819 2146 καὶ
2877 2089 3070 2154 ἁπλῶς
3128 2087 3217 2144 διὰ
3273 2091 3452 2160 πάσης
3483 2085 3623 2144 ἔστιν
3651 2083 3786 2142 ἰδεῖν

2123 2185 2220 2251 τῆς
2250 2181 2619 2258 δημηγορίας,
2655 2184 2838 2258 σοφῶς
2886 2202 2945 2236 τε
2995 2181 3109 2255 ἅμα
3138 2181 3228 2234 καὶ
3258 2177 3512 2239 ἐπιεικῶς
3541 2175 3630 2232 καὶ
3663 2173 3786 2249 δρι-

2129 2271 2276 2348 μέως
2305 2274 2404 2341 τήν
2433 2271 2762 2346 κατηγορίαν
2796 2271 2973 2324 αὐτῶν
3007 2267 3398 2341 διαλυομένην.

350 2373 409 2424 et
438 2365 586 2422 vos?
618 2368 808 2438 thue
835 2383 954 2421 uno
984 2366 1162 2420 verbo
1194 2366 1413 2433 dicam,
1449 2369 1568 2420 tota
1598 2365 1884 2420 concione
1927 2363 2126 2420 videre
2172 2369 2262 2420 est
2309 2379 2488 2436 quam
2534 2363 2836 2436 sapienter
2881 2361 3062 2418 simul
3113 2366 3170 2417 et
3220 2359 3490 2416 modeste
3522 2363 3580 2414 et
3608 2361 3785 2414 acute

352 2456 597 2512 illorum
626 2456 925 2511 accusatio
956 2455 1334 2511 dissolvatur.

419 2547 542 2611 νυ,
575 2545 664 2599 43.
697 2568 724 2594 ‹‹
759 2545 829 2598 Et
859 2543 1204 2615 suscepistis
1253 2541 1706 2598 tabernaculum
1753 2541 2004 2606 Moloch.

345 2659 374 2686 ‹‹
409 2639 468 2691 et
497 2634 662 2690 sidus
694 2634 796 2689 Dei
829 2634 1006 2690 vestri
1029 2633 1398 2707 Rephpham,
1433 2633 1650 2706 ﬁguras
1682 2648 1832 2703 quas
1854 2631 2006 2686 Ieci-

362 2745 383 2772 ι
420 2725 550 2792 stis,
576 2728 640 2778 ut
669 2723 999 2779 adoraretis
1030 2738 1151 2779 eas.
1207 2723 1278 2779 Et
1325 2722 1681 2778 transferam
1713 2737 1812 2776 vos
1845 2726 2010 2776 trans

352 2834 381 2864 ‹‹
412 2815 799 2885 Babylonem.
833 2834 862 2863 ι)

423 2904 670 2964 Moloch.
707 2905 824 2959 sive
870 2903 1163 2959 Molchom
1221 2903 1459 2959 dicitur.
1494 2903 1632 2958 Erat
1661 2907 1861 2958 autem
1896 2901 2008 2957 hoc

353 2994 741 3050 simulacrum
767 2993 1173 3059 Moabitarum,
1202 2993 1430 3048 habens
1455 2993 1714 3064 lapidem
1745 2998 2013 3062 transpa-

350 3089 583 3140 rentem
615 3100 683 3139 ac
715 3084 1042 3152 pretiosum
1083 3083 1144 3138 in
1195 3083 1434 3137 modum
1486 3081 1716 3138 luciferi
1751 3088 2017 3137 extrema

350 3173 566 3228 frontis
597 3179 784 3244 parte.
820 3173 1167 3244 Rephpham
1201 3189 1334 3228 vero
1369 3172 1598 3244 species
1630 3177 1720 3226 est
1751 3171 2016 3226 tenebrao

355 3279 511 3321 rum.
573 3264 718 3320 Nam
779 3279 914 3318 cum
968 3262 1339 3318 ascendisset
1391 3264 1580 3317 Moses
1627 3262 1689 3316 in
1725 3266 2015 3328 montem,

356 3351 766 3408 conflaverunt
793 3351 1045 3406 vitulum
1106 3357 1165 3405 et
1222 3351 1513 3421 provoluti
1545 3357 1684 3406 sunt
1713 3350 1786 3405 ad
1818 3350 2015 3406 cultus

356 3449 677 3504 astrorum,
709 3441 987 3512 factoque
1036 3439 1421 3496 tabernaculo
1462 3445 1800 3496 statuerunt
1829 3440 2017 3495 simu-

355 3531 605 3591 lacrum.
636 3530 795 3602 quod
828 3531 1208 3601 appellarunt
1254 3530 1502 3586 Moloch.
1537 3532 1639 3584 Est
1667 3538 1864 3585 autem
1898 3530 2018 3586 Mo-

358 3621 514 3687 loch,
550 3623 598 3676 si
649 3621 784 3691 quis
821 3621 1265 3692 interpretetur,
1319 3638 1420 3676 rex
1473 3636 1702 3687 eorum,
1733 3620 2022 3691 Rephpha

359 3728 496 3766 vero
533 3712 812 3768 tenehrm.
876 3717 978 3765 aut
1035 3711 1369 3766 exczecatio.
1434 3710 2022 3782 Susccpistisitaque

364 3802 814 3858 tabernaculum
851 3802 1097 3859 Moloch.
1133 3801 1245 3856 hoc
1305 3807 1396 3856 est
1452 3799 1606 3873 regis
1636 3801 1852 3865 vestri;
1887 3799 2022 3870 quis

359 3899 559 3949 autem
596 3891 696 3946 ille
725 3891 858 3946 est?
879 3894 1119 3946 Astrum
1153 3892 1254 3946 Dei
1283 3891 1459 3946 vestri
1486 3888 2023 3962 llephphamquod

361 3982 544 4038 etiam
597 3981 708 4036 fuit
755 3980 919 4036 vobis
969 3980 1043 4036 ad
1095 3981 1574 4036 excarcationem.
1627 3978 2027 4036 Obtenebrata

363 4077 505 4126 sunt
534 4073 694 4125 enim
724 4069 905 4124 corda
939 4075 1150 4124 vestra.
1186 4069 1475 4134 Quoniam
1511 4074 1709 4123 autem
1743 4067 2024 4123 Moabita-

359 4177 492 4217 rum
555 4160 850 4214 insaniam
909 4158 1268 4230 explevistis.
1333 4175 1466 4228 quae
1526 4157 1795 4212 Damasci
1839 4155 2028 4211 vicina

363 4249 525 4322 regio
570 4255 678 4308 est.
729 4255 1039 4319 propterea
1094 4246 1540 4316 proﬁciscimini
1591 4252 1754 4300 trans
1814 4246 2027 4300 Dama-

364 4355 554 4398 scum.
587 4337 701 4392 hoc
758 4343 867 4403 est,
925 4337 984 4391 in
1047 4336 1427 4408 Babylonem.
1463 4337 1532 4390 Et
1570 4335 1711 4391 licet
1740 4335 2030 4407 propheta

364 4427 604 4485 dixerit.
666 4447 694 4476 «
749 4428 936 4481 Trans
992 4425 1343 4481 Damascum
1397 4445 1424 4474 »
1486 4425 1648 4498 (nam
1715 4425 1800 4479 ita
1853 4424 2031 4481 habet

368 4513 680 4571 translatio
726 4513 1151 4586 Septuaginta),
1198 4512 1408 4569 beatus
1455 4517 1656 4568 tamen
1697 4512 2030 4584 Stephanus

369 4606 474 4674 ait,
508 4629 533 4654 ‹‹
559 4606 744 4661 Trans
778 4604 1158 4676 Babylonem,
1196 4625 1223 4654 »
1275 4619 1532 4676 sequens
1563 4603 1886 4660 editionem
1921 4604 2030 4658 He-

372 4695 692 4765 braaorum,
715 4695 804 4750 vel
829 4695 986 4767 quod
1010 4694 1304 4750 terminus
1327 4695 1830 4750 Damascenorum
1858 4693 2032 4765 Syro-

375 4803 630 4859 rumque
662 4787 920 4860 regionis
953 4786 1031 4841 sit
1059 4785 1366 4858 Babylon..

446 4879 560 4938 VII.
593 4879 774 4932 4446.
825 4898 852 4930 α
881 4876 1353 4932 Tabernaculum
1401 4875 1730 4932 testimonii
1781 4875 1889 4930 fuit
1925 4891 2029 4945 pa-

373 4988 401 5015 ‹‹
434 4965 629 5022 tribus
653 4966 875 5022 nostris
903 4967 965 5021 in
992 4966 1249 5032 deserto,
1283 4965 1438 5021 sicut
1484 4965 1861 5020 ordinaverat
1906 4963 2028 5019 illis

371 5055 685 5127 «loquens
716 5054 790 5110 ad
844 5057 1066 5121 Mosen,
1118 5059 1184 5110 ut
1237 5055 1459 5111 faceret
1516 5054 1666 5110 illud
1697 5054 2029 5110 secundum

373 5165 402 5194 «
432 5145 683 5200 formam
715 5160 894 5217 quam
943 5145 1187 5201 viderat.
1240 5145 1407 5210 Quod
1456 5145 1635 5200 etiam
1666 5143 2033 5200 induxerunt

372 5239 636 5306 «patres
668 5233 880 5299 nostri,
941 5235 1042 5305 qui
1104 5238 1525 5290 successerunt
1579 5249 1715 5289 cum
1771 5235 1908 5288 Jesu
1969 5234 2031 5290 in

375 5345 403 5372 «
441 5323 884 5395 possessionem
936 5323 1226 5397 gentium,
1287 5339 1435 5396 quas
1491 5323 1722 5395 expulit
1787 5323 1941 5378 Deus
1997 5339 2033 5379 α

371 5433 400 5462 ‹‹
435 5412 586 5468 facie
612 5418 846 5484 patrum
882 5418 1246 5480 nostrorum,
1277 5429 1468 5486 usque
1515 5413 1589 5468 ad
1637 5413 1734 5468 72
1763 5412 1892 5468 dies
1919 5413 2031 5469 Da-

367 5522 397 5551 ‹‹
427 5502 544 5568 vid,
575 5502 676 5572 qui
710 5506 919 5558 nactus
951 5507 1043 5557 est
1071 5503 1320 5571 gratiam
1366 5519 1566 5560 coram
1599 5504 1738 5571 Deo,
1776 5507 1835 5558 et
1863 5501 2035 5574 petiit

369 5614 398 5642 ‹‹
430 5596 498 5647 ut
522 5591 819 5647 inveniret
843 5590 1295 5647 tabernaculum
1322 5594 1442 5648 Deo
1470 5591 1668 5648 Jacob.
1705 5613 1733 5642 ››

444 5683 917 5740 Tabernaculum
976 5683 1324 5750 testimonii,
1385 5686 1499 5741 hoc
1576 5689 1667 5740 est
1721 5683 2034 5756 jussorum

380 5774 501 5843 Dei,
563 5775 723 5849 quod
778 5774 1232 5833 tabernaculum
1289 5775 1433 5832 Mosi
1481 5776 1544 5831 in
1594 5780 1796 5832 monto
1831 5773 2036 5829 Sinaa

2060 4773 2109 4838 D

2196 2563 2224 2595 α
2253 2539 2360 2597 Καὶ
2400 2535 2690 2595 ἀνελάϐετε
2743 2540 2846 2608 τήν
2906 2539 3108 2609 σκηνήν
3158 2542 3255 2593 τοῦ
3307 2534 3528 2612 Μολὸχ.
3580 2534 3670 2591 καὶ
3718 2534 3788 2592 τὸ

2125 2653 2146 2681 ι
2183 2628 2377 2704 ἄστρον
2407 2633 2504 2684 τοῦ
2562 2632 2695 2684 Θεοῦ
2751 2629 2903 2701 ὑμῶν
2961 2627 3214 2706 Ῥεφφὰν,
3273 2627 3402 2688 τοὺς
3449 2625 3651 2688 τόπους
3683 2625 3786 2688 οὓς

2123 2743 2150 2770 ‹‹
2183 2717 2496 2787 ἐποιήσατε,
2528 2723 2849 2792 προσκυνεῖν
2901 2717 3112 2782 αὐτοῖς.
3184 2716 3287 2771 Καὶ
3340 2719 3604 2790 μετοικιῶ
3642 2715 3791 2789 ὑμᾶς

2123 2832 2151 2860 ‹‹
2184 2807 2426 2864 ἐπέκεινα
2461 2803 2810 2869 Βαϐυλῶνος.
2844 2832 2872 2861 »

2193 2899 2420 2978 Μολὸχ,
2452 2898 2578 2967 ⁸ἤτοι
2606 2897 2877 2974 Μολχόμ.
2903 2894 3157 2954 Εἴδωλον
3183 2893 3240 2952 δὶ
3259 2900 3428 2951 τοῦτο
3451 2889 3795 2966 Μωαϐιτῶν,

2125 2987 2280 3044 λίθον
2313 2984 2442 3063 ἔχον
2496 2985 2726 3068 διαφανῆ
2785 2987 2876 3043 καὶ
2937 2987 3206 3059 ἐξαίρετον
3261 2986 3338 3048 εἷς
3385 2985 3664 3066 ἑωσφόρου
3695 2986 3802 3040 1'5-

2125 3099 2226 3134 πον
2294 3076 2382 3134 ἐπί
2443 3079 2700 3150 μετώπου
2760 3076 2950 3153 ἄκρου.
3023 3077 3260 3157 Ῥειρφᾶν
3319 3073 3378 3130 δέ
3443 3074 3586 3131 ἐστιν
3642 3070 3796 3137 εἶδος

2126 3171 2462 3239 σκοτασμοῦ.
2509 3163 2862 3227 Ἀνελθόντος
2916 3166 3020 3242 γὰρ
3080 3164 3153 3226 εἷς
3214 3164 3275 3219 τὸ
3333 3161 3460 3238 ὅρος
3523 3166 3792 3236 Μωσέως,

2132 3256 2659 3332 μεμοσχοποιήκασί
2715 3275 2774 3310 τε
2836 3255 2928 3311 καὶ
2987 3259 3106 3317 ταῖς
3181 3259 3289 3311 τῶν
3346 3251 3560 3328 ἄστρων
3618 3273 3799 3329 προσ-

2130 3345 2493 3416 εκυλίσθτ,σαν
2553 3342 2853 3420 λατρείαις.
2911 3344 3000 3400 καὶ
3061 3345 3602 3418 σκηνοποιησάμενοι
3633 3341 3802 3414 ἔστη-

2132 3457 2225 3491 σαν
2259 3433 2519 3507 εἶ’δωλον,
2551 3435 2580 3489 ὃ
2611 3433 2912 3504 κεκλήκασι
2948 3431 3171 3514 Μολόχ.
3221 3432 3611 3509 Ἐρμηνεῦεται
3642 3429 3698 3488 δὲ
3725 3433 3798 3490 τὸ

2133 3527 2226 3599 μὲν
2280 3524 2502 3604 Μολὸχ,
2557 3523 2813 3601 βασιλεὺς
2869 3524 3072 3590 αὐτῶν,
3120 3525 3327 3606 Ῥεφερᾶ
3373 3522 3431 3580 δὲ
3460 3525 3799 3598 σκοτασμὸς,

2129 3614 2164 3684 ἢ
2196 3612 2499 3692 τύφλωσις.
2561 3611 2713 3671 Ἀνελ
2729 3608 2879 3669 ὶόετε
2932 3614 3113 3669 τοίνυν
3171 3615 3273 3684 τήν
3307 3614 3513 3682 σκηνὴν
3545 3617 3643 3670 τοῦ
3676 3619 3796 3668 Μο-

2134 3705 2264 3784 Λὸχ.
2297 3705 2540 3759 τουτέστι
2591 3707 2689 3759 τοῦ
2731 3702 3005 3776 βασιλέως
3054 3703 3230 3777 ὑμῶν,
3262 3701 3354 3764 Τίς
3399 3699 3456 3760 δὶ
3486 3704 3686 3773 οὗτος;
3723 3703 3802 3760 Τὸ

2135 3793 2327 3869 ἄστρον
2361 3798 2458 3849 τοῦ
2491 3796 2630 3848 Θεοῦ
2682 3794 2835 3864 ὑμῶν
2895 3793 3124 3873 Ῥεφφὰ.
3179 3793 3208 3848 ὃ
3275 3793 3363 3847 καὶ
3417 3791 3635 3869 γέγονεν
3665 3792 3797 3866 ὑμῖν

2135 3882 2210 3944 εἰς
2243 3880 2546 3958 τύφλωσιν.
2610 3881 3030 3952 Ἐσκοτίσθησαν
3090 3882 3193 3958 γὰρ
3249 3882 3304 3936 al
3363 3878 3582 3956 καρδίαι
3619 3881 3803 3955 ὑμῶν.

2133 3969 2360 4040 Ἐπειδὴ
2396 3969 2452 4027 δὲ
2498 3971 2599 4039 τὴν
2645 3975 2752 4025 τῶν
2789 3965 3103 4027 Μωαϐιτῶν
3140 3969 3336 4045 μανίαν
3368 3967 3806 4046 πεπληρώκατε,

2135 4059 2260 4130 ἥτις
2315 4059 2427 4116 ἐστὶ
2484 4060 2678 4134 γείτων
2755 4065 3067 4132 Δαμασκοῦ,
3127 4056 3216 4115 διὰ
3283 4063 3447 4117 τοῦτο
3505 4059 3808 4134 πορεύεσθε

2139 4153 2429 4225 Δαμασκοῦ
2480 4149 2744 4216 ἐπέκεινα,
2801 4152 3100 4218 τουτέστιν,
3163 4147 3240 4212 εἲς
3298 4144 3614 4206 Βαϐυλῶνα.
3650 4149 3716 4206 Εἴ
3745 4146 3810 4208 δὶ

2137 4239 2225 4296 καὶ
2259 4241 2286 4293 6
2315 4241 2568 4314 προὴτης
2624 4265 2649 4292 ι(
2687 4239 2929 4295 ἐπέκεινα
2987 4243 3277 4314 Δαμασκοῦ
3311 4263 3340 4292 ››
3384 4239 3590 4315 εἰρήκει
3634 4239 3808 4314 (οὕτω

2139 4329 2243 4407 γὰρ
2274 4330 2308 4398 ἡ
2351 4332 2458 4382 τῶν
2491 4323 2905 4401 Ἑϐδομῆκοντα
2947 4326 3162 4390 ἔκδοσις
3195 4327 3361 4410 ἔχει),
3395 4329 3525 4384 ἀλλ’
3556 4330 3583 4384 6
3618 4330 3805 4401 μακά-

2140 4438 2259 4495 ριος
2290 4417 2558 4497 Στέφανος
2593 4444 2618 4470 ‹‹
2652 4417 2898 4475 ἐπέκεινα
2922 4413 3248 4481 Βαϐυλῶνος
3287 4443 3312 4469 ››
3345 4419 3528 4498 φησὶν,
3559 4417 3808 4476 ἀκολου-

2140 4512 2310 4580 θήσας
2367 4514 2435 4584 τῇ
2495 4506 2761 4584 Ἑϐραίων
2819 4507 3048 4568 ἐκδόσει.
3103 4512 3172 4568 Ἤ
3220 4511 3304 4566 ’ὁτι
3353 4511 3530 4586 τέρμα
3558 4517 3659 4580 τῆς
3689 4518 3808 4566 Δα-

2143 4604 2434 4674 μασκηνῶν
2467 4599 2555 4656 καὶ
2585 4600 2774 4676 Σύρων
2808 4600 2997 4676 χώρας
3029 4602 3062 4670 ἡ
3097 4596 3362 4658 Βαϐυλὼν
3406 4599 3690 4680 τυγχάνει.

2211 4896 2238 4923 (ι
2273 4871 2336 4928 Ἦ
2369 4869 2543 4940 σκηνή
2605 4871 2703 4924 τοῦ
2759 4868 3060 4945 μαρτυρίου
3089 4871 3157 4939 ἦν
3189 4874 3308 4932 τοῖς
3346 4871 3609 4946 πατράσιν
3639 4870 3811 4942 ἡμῶν

2142 4984 2170 5012 ‹‹
2204 4959 2256 5016 ἐν
2289 4963 2358 5034 τῇ
2393 4958 2607 5034 ἐρήμῳ,
2665 4958 2843 5021 καθὼς
2907 4957 3189 5030 διετάξατο
3218 4961 3245 5015 6
3276 4958 3465 5016 λαλῶν
3495 4964 3573 5030 τῷ
3603 4961 3814 5034 Μωσῇο

2143 5077 2170 5104 ‹‹
2205 5057 2438 5120 ποιῆσαι
2495 5049 2666 5118 αὐτὴν
2725 5051 2866 5106 κατᾶ
2923 5051 3017 5106 τὸν
3073 5050 3265 5113 τύπον,
3322 5052 3378 5108 ’ὸν
3441 5050 3667 5126 ἑωράκει
3708 5052 3816 5108 "Hv

2141 5153 2167 5194 α
2201 5141 2292 5196 καὶ
2323 5139 2618 5219 εἶ’σήγαγον
2661 5137 3039 5213 διαδεξάμενοι
3097 5142 3150 5196 οἱ
3210 5141 3437 5216 πατέρες
3475 5143 3635 5216 ἡμῶν
3670 5141 3809 5213 μετᾶ

2140 5257 2168 5285 ‹‹
2204 5235 2382 5299 Ἰησοῦ
2438 5231 2490 5288 ἐν
2547 5236 2616 5306 τῇ
2669 5234 2992 5308 κατασχέσει
3023 5238 3131 5288 τῶν
3163 5231 3355 5304 ἐθνῶν,
3415 5234 3489 5288 ὧν
3547 5230 3738 5303 ἕξωσεν
3774 5233 3807 5288 ὁ

2144 5345 2173 5373 ‹‹
2206 5323 2337 5385 Θεὸς
2365 5322 2472 5376 ἀπὸ
2519 5324 2819 5394 προσώπου
2873 5327 2982 5379 τῶν
3041 5321 3291 5398 πατέρων
3346 5325 3527 5395 ἡμῶν,
3559 5320 3664 5384 ἕως
3697 5327 3811 5379 τῶν

2145 5436 2172 5464 α
2204 5414 2428 5486 ἡμερῶν
2461 5409 2646 5466 Δαυῗδ·
2696 5413 2756 5475 ’ὁς
2815 5413 2938 5487 εὗρε
2998 5412 3162 5489 χάριν
3214 5411 3445 5468 ἐνώπιον
3497 5417 3592 5468 τοῦ
3645 5416 3814 5474 Θεοῦ,

2143 5526 2172 5553 «
2205 5501 2303 5557 Καὶ
2334 5500 2587 5576 ᾐτήσατο
2614 5503 2787 5576 εὑρεῖν
2818 5504 3086 5575 σκήνωμα
3115 5507 3194 5575 τῷ
3234 5506 3352 5574 Θεῷ
3384 5496 3600 5560 Ἰακώϐ.
3637 5525 3667 5555 »

2215 5683 2400 5751 Σκηνὴ
2432 5685 2530 5736 τοῦ
2593 5681 2916 5758 μαρτυρίου,
2973 5682 3222 5738 τουτέστι
3278 5685 3386 5737 τῶν
3437 5684 3808 5761 προσταγμά-

2142 5791 2250 5826 των
2283 5773 2379 5826 τοῦ
2411 5774 2566 5826 Θεοῦο
2622 5773 2658 5842 ἡ
2719 5771 2772 5828 ἂν
2832 5775 2911 5846 τῷ
2967 5769 3083 5848 ὄρει
3133 5776 3262 5844 Σινᾷ
3291 5775 3369 5845 τῷ
3399 5773 3594 5830 Μωσεῖ
3622 5791 3807 5851 παρα-
