4160 6426
403 447 516 504 149

1383 447 1792 510 COMMENT.
1841 445 1931 505 IN
1976 441 2181 503 ACTA
2225 438 2838 506 APOSTOLORUM.

3737 451 3852 513 {50

408 577 691 654 δειχθεῖσα
726 579 836 637 ὑπὸ
867 584 1027 647 Θεοῦ,
1061 580 1285 657 ἒλεγετο
1315 579 1405 638 διὰ
1449 583 1512 638 τὸ
1573 582 1677 638 ὑπὸ
1725 583 1860 636 Θεοῦ
1913 575 2062 634 ὃιατε

2198 577 2317 634 Deo
2347 577 2820 636 demonstratum
2853 586 2960 636 est.
2994 584 3314 654 Propterea
3368 589 3568 641 autem
3625 585 3850 646 dictum

403 670 604 745 ταχθαι
640 669 839 738 αὐτὴν,
897 671 991 726 ἳνα
1055 671 1303 748 μάρτυρα
1343 672 1434 727 τὸν
1464 673 1594 727 Θεὸν
1622 667 1848 746 ἔχωσιν,
1895 669 1980 723 ὅτι
2027 665 2078 720 ἐν

401 765 484 830 τῷ
513 756 625 832 ὄρει
653 762 690 830 ἡ
726 761 1026 838 ὑπογραιρπῖ⁴
1061 762 1267 833 ταύτης
1320 761 1530 840 γέγονε,
1563 761 1656 816 καὶ
1715 759 1877 821 αὐτὸς
1910 756 2076 827 αὐτὴν

409 845 435 864 κ

406 848 702 919 διετάξατο
724 851 807 922 τῷ
830 856 1039 906 Μωσεῖ.

479 961 507 989 ‹‹
541 938 813 1011 Σολομῶν
849 937 906 996 δὲ
937 938 1299 1014 ᾠκοδόμησεν
1350 939 1500 1013 αὐτῷ
1557 940 1736 998 οἶκον.
1791 935 1948 996 Ἀλλ’
1972 935 2081 1018 οὐχ

405 1052 436 1080 σι
468 1030 499 1082 ὁ
529 1031 794 1104 ἰ’ψιστος
825 1028 879 1085 ἐν
915 1032 1335 1110 χειροποιήτοις
1361 1035 1512 1094 ναοῖς
1569 1034 1840 1095 κατοικεῖ,
1895 1029 2078 1091 καθὼς

403 1143 432 1168 α
464 1118 496 1174 6
529 1122 828 1195 προφήτης
862 1119 1028 1195 λεγει·
1061 1121 1123 1177 Ὀ
1166 1120 1391 1196 οὐρανός
1449 1142 1544 1192 μοι
1604 1119 1817 1194 θρόνος,
1848 1119 1883 1188 ἢ
1917 1113 1973 1172 δὶ
2001 1119 2076 1191 γῇ

399 1235 428 1262 α
465 1207 776 1266 ὑποπόδιον
808 1215 916 1266 τῶν
947 1208 1131 1268 ποδῶν
1163 1232 1291 1284 μου.
1352 1217 1515 1267 Ποῖον
1576 1216 1726 1266 οἷκον
1775 1207 2073 1280 οἰκοδομήο

405 1321 428 1347 ε
465 1299 590 1354 σετέ
623 1319 720 1372 μοι
756 1319 771 1368 ;
804 1298 959 1375 λέγει
989 1301 1213 1377 Κύριος,
1245 1301 1280 1372 ἢ
1310 1300 1396 1365 τίς
1423 1301 1596 1366 τόπος
1637 1307 1740 1369 τῆς
1796 1298 2073 1354 καταπαύο

398 1414 428 1441 κ
462 1389 606 1452 σεώς
639 1406 782 1460 μους
819 1389 953 1466 οὐχὶ
976 1392 1010 1460 ἡ
1046 1391 1176 1466 χείρ
1209 1410 1312 1464 μου
1345 1389 1584 1462 ἐποίησε
1603 1392 1771 1445 ταῦτα
1802 1385 1974 1443 πάντα
2001 1408 2016 1453 ς
2043 1409 2072 1438 ››

474 1569 570 1640 Τῷ
598 1571 1041 1644 τετρακοσιοστῷ
1095 1571 1513 1643 τεσσαρακοστῷ
1572 1564 1678 1623 ἔτει
1730 1573 1831 1638 τῆς
1885 1561 2071 1636 ἐξόδου

406 1660 513 1711 τῶν
543 1656 676 1710 υἱῶν
727 1653 954 1730 Ἰσραήλ
1014 1655 1065 1727 ἐξ
1119 1655 1425 1732 Αἰγύπτου,
1483 1655 1684 1730 ἤρξατο
1734 1656 1763 1711 6
1803 1651 2072 1729 Σολομῶν

420 1743 721 1819 οῖκοὸομεῖν
756 1746 808 1800 ἐν
847 1746 1217 1821 Ἰερουσαλήμ
1246 1747 1338 1803 τὸν
1387 1747 1538 1819 ναὸν,
1594 1745 1672 1808 ὠς
1701 1747 1737 1816 ἡ
1770 1745 1928 1822 τρίτη
1960 1748 2067 1800 τῶν

419 1833 709 1893 Βασιλειῶν
745 1834 993 1893 διδάσκει
1028 1832 1247 1912 βίϐλος.
1281 1837 1378 1892 Διὰ
1411 1840 1573 1893 τοῦτο
1623 1834 1682 1890 δὲ
1713 1836 1848 1909 μετά
1876 1837 2068 1892 τοσοῦ-

2187 673 2278 725 est
2305 669 2503 741 ipsum
2525 686 2560 725 a
2586 669 2703 725 Deo
2735 671 3124 727 constitutum
3148 689 3298 737 esse,
3323 679 3388 728 ut
3415 675 3598 730 Deum
3631 680 3844 734 testem

2183 757 2492 823 haberent,
2527 761 2687 832 quod
2718 761 2848 833 ejus
2873 761 3195 818 delineatio
3222 763 3286 818 in
3326 771 3530 820 monte
3559 764 3756 836 fuerit,
3783 772 3844 823 et

2181 848 2308 919 ipse
2342 848 2491 904 illud
2524 849 2666 905 Mosi
2701 850 3121 923 descripserat.

2254 940 2369 1002 VII,
2404 942 2470 994 47
2504 943 2593 996 50.
2631 963 2652 990 ‹‹
2691 941 2971 998 Solomon
3024 948 3224 999 autem
3289 943 3600 1001 mdiﬁcavit
3645 947 3697 1002 ei
3730 947 3834 1005 do-

2182 1051 2210 1078 «
2244 1045 2426 1084 mum.
2461 1030 2574 1086 Sed
2604 1031 3058 1087 Excelsissimus
3092 1033 3193 1087 ille
3227 1049 3347 1088 non
3386 1034 3446 1088 in
3483 1037 3836 1098 manufactis

2187 1139 2214 1171 α
2245 1119 2483 1192 templis
2518 1120 2767 1182 habitat.
2827 1122 3334 1193 quemadmodum
3386 1125 3470 1180 ait
3500 1127 3833 1198 Propheta:

2180 1232 2205 1259 α
2241 1209 2462 1264 Cwlum
2496 1211 2644 1266 mihi
2676 1209 2848 1267 sedes
2879 1218 2990 1278 est,
3047 1219 3205 1268 terra
3252 1218 3453 1270 autem
3504 1215 3832 1274 scabellum

2178 1321 2206 1347 «
2240 1299 2461 1370 pedum
2484 1315 2777 1357 meorum.
2803 1302 2990 1367 Quam
3007 1301 3252 1359 domum
3279 1303 3658 1361 aedificabitis
3681 1306 3833 1363 mihi

2181 1408 2205 1439 α
2239 1387 2385 1444 dicit
2414 1389 2721 1458 Dominus,
2753 1395 2856 1446 aut
2881 1391 3014 1463 quis
3043 1397 3214 1447 locus
3246 1393 3637 1464 requietionis
3685 1411 3836 1452 mese

2179 1500 2207 1527 «
2241 1478 2356 1534 erit
2382 1478 2410 1533 ‘2
2438 1495 2643 1535 nonne
2674 1495 2889 1537 manus
2920 1496 3056 1536 mea
3083 1480 3224 1538 fecit
3253 1482 3381 1538 haec
3412 1483 3618 1539 omnia
3642 1483 3671 1540 ?
3697 1507 3726 1534 ι)

2247 1568 2844 1638 Quadringentesimo
2871 1572 3233 1645 octogesimo
3266 1587 3422 1628 anno
3473 1573 3832 1642 egressionis

2176 1658 2439 1715 ﬁliorum
2459 1659 2645 1716 Israel
2670 1677 2740 1716 ex
2757 1662 2999 1734 Egypto
3021 1661 3200 1734 cmpit
3231 1662 3509 1718 Solomon
3536 1663 3834 1723 aedificare

2175 1747 2237 1804 in
2268 1748 2596 1805 Jerusalem
2649 1749 2960 1823 templum,
2994 1751 3175 1807 veluti
3207 1752 3380 1808 docet
3410 1754 3620 1809 tertius
3679 1754 3832 1811 liber

2174 1839 2398 1912 Regum
2427 1836 2495 1893 ⁸ο.
2520 1840 2842 1912 PrOpterea
2870 1845 3071 1896 autem
3104 1845 3267 1897 tanto
3287 1848 3421 1914 post
3450 1849 3719 1914 tempore
3749 1845 3822 1902 ab

414 1946 506 1980 τον
537 1927 732 2001 χρόνον
757 1934 858 1996 τῆς
878 1924 1147 1982 ἐπανόδου
1177 1933 1278 1996 τῆς
1307 1928 1396 1981 ἀπ’
1420 1925 1702 2001 Αἰγύπτου
1724 1928 1820 1982 τοῦ
1843 1922 2062 2000 Ἰσραὴλ

2184 1943 2429 1984 ascensu
2451 1929 2631 1984 Israel
2653 1945 2724 1985 ex
2745 1931 2989 2004 ASgypto
3017 1930 3376 1986 aediﬁcatum
3401 1938 3492 1988 est
3513 1934 3826 2005 templum,

405 2015 435 2070 ὁ
466 2016 592 2077 ναὸς
623 2014 987 2088 ᾠκοδομήθη,
1017 2013 1113 2070 ’ίνα
1143 2019 1209 2090 τῇ
1262 2015 1338 2078 εἴς
1405 2016 1472 2072 τὸ.
1503 2014 1604 2090 ὅρη
1669 2013 2066 2085 περιπλανήσει

396 2104 785 2178 ἆποκιμόντες
820 2148 833 2169 ,
890 2107 983 2161 τὸν
1040 2101 1138 2162 ἕνα
1209 2106 1376 2162 τόπον
1435 2104 1527 2161 τὸν
1586 2104 1639 2159 ἐν
1699 2102 2067 2180 Ἰερουσαλὴμ

393 2196 791 2272 ἀγαπήσωσιν,
824 2196 883 2251 ’ὸν
915 2196 944 2250 6
977 2195 1108 2257 Θεὸς
1137 2195 1359 2266 ἐποίησε
1402 2196 1610 2269 τίμιον.
1641 2195 1808 2251 Οὗτοι
1841 2191 1899 2249 δὲ
1927 2194 2063 2269 βρα-

390 2282 510 2348 δεῖς
569 2283 725 2346 ὄντες
801 2284 878 2347 εἰς
934 2284 1161 2348 σύνεσιν,
1219 2283 1307 2338 καὶ
1363 2288 1472 2339 τῶν
1525 2283 1648 2358 περὶ
1698 2282 1832 2339 Θεοῦ
1883 2280 2064 2356 λόγων

388 2375 854 2446 ἀνεπιστήμονες,
892 2374 984 2430 καὶ
1027 2374 1160 2430 Θεοῦ
1216 2372 1381 2430 πόλιν
1438 2372 1710 2443 οἰηθέντες
1769 2375 1903 2429 εἶναι
1958 2372 2060 2440 τήν

388 2461 787 2541 Ἰερουσαλήμ,
821 2463 873 2518 ἐν
906 2462 1043 2537 αὐτῇ
1085 2460 1156 2531 δὴ
1213 2463 1302 2518 καὶ
1366 2463 1506 2538 μόνῃ
1561 2467 1834 2518 κατοικεῖν
1898 2461 2060 2517 αὐτὸν

385 2554 603 2629 ἔλεγον.
641 2555 859 2630 Σμικρὲ
911 2559 1204 2633 τοιγαροῦν
1255 2552 1577 2626 δοξὶζοντας
1619 2552 1837 2631 ἐλέγχει
1871 2554 1899 2608 6
1930 2552 2062 2615 Θεὸς

385 2647 479 2701 καί
510 2665 670 2727 ρησι·
709 2650 872 2700 Ποῖον
893 2644 1044 2703 οῗκον
1077 2641 1474 2718 οἰκοδομήσετέ
1507 2665 1602 2717 μοι
1637 2644 1830 2719 θρόνον
1873 2636 2062 2720 ἔχοντι

388 2739 484 2792 τὸν
517 2737 773 2812 οὐρανὸν,
806 2736 896 2791 καὶ
929 2733 1231 2792 ὑποπόδιον
1261 2737 1361 2806 τήν
1413 2742 1517 2811 γῆν
1555 2755 1568 2805 ;
1601 2732 1750 2793 Ἔδει
1809 2733 1912 2813 γὰρ
1942 2738 2061 2796 τοῖς

391 2823 765 2882 συνεστάλθαι
795 2826 884 2881 καὶ
940 2827 1298 2902 περιωρίσθαι
1357 2825 1552 2888 τόποις
1599 2826 1699 2892 τὴν
1762 2823 1925 2880 αὐτοῦ
1969 2821 2064 2904 φύ-

396 2939 483 2972 σιν
519 2915 862 2996 ὑπειληφόσι
892 2914 1199 2986 καταδεῖξαι
1257 2919 1466 2992 σαφῶς,
1526 2912 1611 2971 ὅτι
1670 2935 1730 2971 τε
1781 2912 1866 2984 εῗη
1926 2933 2063 2968 πανσ

389 3012 596 3083 ταχοῦ,
627 3006 719 3061 καὶ
751 3010 931 3087 χωρεῖ
961 3006 1055 3079 μὲν
1109 3005 1274 3062 αὐτὸν
1327 3002 1507 3068 οὐδὲν,
1564 3005 1684 3075 ἣκει
1742 3001 1800 3060 δὶ
1847 3001 2063 3077 μᾶλλον

303 3093 313 3100 ’
392 3094 486 3152 δια
516 3099 740 3152 πάντων
770 3095 954 3166 αὐτός,
987 3095 1073 3151 καὶ
1114 3093 1339 3171 πλήρης
1401 3095 1496 3168 μὶν
1527 3095 1555 3150 6
1586 3093 1814 3168 οὐρανὸς
1865 3093 2060 3166 αὐτοῦ,

393 3188 571 3259 μεπὴ
606 3182 728 3253 δὶή
773 3191 873 3260 γῆ,

465 3389 494 3417 ιι
521 3361 1046 3445 Σκληροτράχηλοι
1081 3363 1173 3419 καὶ
1236 3361 1606 3437 ἀπερίτμητοι
1635 3365 1705 3438 τῇ
1735 3357 1934 3440 καρδίᾳ
1961 3359 2052 3417 καὶ

393 3481 422 3509 κ
453 3462 570 3519 τοῖς
604 3456 738 3513 ὠσίν
803 3480 834 3509 η

465 3546 629 3607 Τίνος
654 3545 833 3603 ’ἕνεκεν
887 3544 1055 3621 μέχρι
1111 3547 1309 3603 τούτου
1373 3544 1564 3618 πράως
1623 3542 2052 3622 δημηγορήσας,

400 3633 631 3698 ἐνταῦθα
657 3637 911 3717 τραχέως
943 3639 1022 3706 τῷ
1052 3633 1206 3709 λόγῳ
1233 3633 1503 3712 κέχρηται
1538 3653 1552 3704 ;
1609 3635 1732 3693 ’Ὁτι
1790 3632 1936 3709 ἑώρα
1967 3630 2058 3687 αὖ·

409 3724 544 3785 θεοὺς
578 3728 652 3796 μὴ
678 3729 1048 3804 προσέχοντας
1076 3733 1194 3791 τοῖς
1220 3725 1568 3804 λογομένοις·

481 3926 512 3957 α
538 3905 708 3980 Ὑμεῖς
740 3908 821 3963 ἀεὶ
850 3910 931 3980 τῷ
969 3905 1244 3980 Πνεόματι
1280 3911 1362 3980 τῷ
1390 3906 1526 3984 ἁγίῳ
1555 3905 1918 3963 ἀντιπίπτετε.
1953 3929 1981 3958 ››

470 3995 580 4050 Οὐκ
609 3997 864 4069 εἶπε,τῷ
931 4001 1048 4068 Θεῷ
1104 3996 1473 4062 ἀντιπίπτετε,
1533 3995 1702 4063 ἀλλὰ,
1759 3995 1840 4068 τῷ
1891 3996 2058 4054 ΙΙνεό-

404 4106 532 4158 ματι
564 4089 645 4159 τῷ
675 4085 820 4159 ἀγίιυ
868 4076 1058 4148 Οὕτως
1113 4084 1371 4161 οὐδεμίαν
1424 4084 1541 4144 οἶδε
1593 4083 1879 4166 διαφορὰν,
1938 4087 2053 4142 ἐπεὶ

387 4175 481 4230 καέ
511 4176 576 4230 τὸ
611 4177 836 4246 Πνεῦμα
858 4175 1012 4243 Θεὸς,
1055 4173 1150 4231 κέἷν
1185 4177 1260 4248 μὴ
1291 4173 1431 4250 δοκῇ
1462 4181 1580 4239 τοῖς
1611 4176 1811 4238 ἀθέοις.
1872 4176 2055 4250 Ὑμεῖς

390 4264 578 4320 τοίνυν
616 4265 727 4333 ἀεὶ,
787 4267 981 4337 ῳησῖν,
1041 4267 1386 4323 ἀντιπίπτετε
1439 4271 1520 4338 τῷ
1576 4271 1712 4338 Θεῷ.
1763 4268 1894 4325 "Ore
1952 4268 2055 4342 γὰρ

387 4351 658 4412 ἐϐούλετο
691 4355 879 4420 θυσίας
911 4356 1069 4426 εἶναι,
1121 4355 1221 4411 τῦκ
1271 4353 1450 4413 ἒθῦετε
1507 4356 1677 4428 αὐτῷ,
1738 4355 1828 4413 ὅτε
1879 4353 1937 4414 δὲ
1994 4355 2056 4412 οὗ

389 4445 679 4522 βούλεται,
728 4445 902 4510 θύετε.
951 4447 1076 4501 Ὅτε
1127 4445 1362 4518 εἱστήκει
1397 4447 1426 4503 6
1479 4447 1626 4512 ναὸς,
1687 4443 1894 4504 εῗδωλα
1951 4445 2056 4511 ἐθε.

387 4535 674 4610 parts-Sate.
760 4537 888 4594 Ὀτε
973 4535 1230 4612 βούλεται
1305 4537 1483 4614 χωρὶς
1567 4541 1702 4592 ναοῦ
1775 4538 2061 4606 θεραπεύε-

385 4637 540 4693 σθαι,
569 4623 636 4679 τὸ
668 4623 909 4681 ἐναντίον
943 4631 1174 4697 ποιεῖτε,
1203 4626 1377 4698 ὅμοια
1405 4630 1522 4688 τοῖς
1575 4627 1840 4701 πατράσιν
1903 4628 2056 4700 ὑμῶν

390 4711 890 4789 διαπραττόμενοι.

471 4915 497 4946 ι
527 4894 623 4958 Ὣς
652 4896 704 4950 οὶ
735 4895 959 4971 πατέρες
990 4895 1166 4969 ὑμῶν,
1185 4895 1278 4951 καὶ
1312 4896 1487 4970 ὑμεῖς.
1519 4917 1551 4951 ε

463 4985 717 5042 Δείκνοσι
786 4987 849 5042 τὸ
926 4987 1090 5044 κακὸν
1169 4985 1370 5043 ἄνωθεν
1456 4986 1532 5051 είς
1602 4986 1797 5053 αὐτοὺς
1845 4987 2053 5062 κατιόν,

383 5075 549 5132 Οὕτω
634 5077 724 5131 καὶ
786 5077 814 5132 6
871 5076 1106 5152 Χριστὸς
1163 5077 1360 5150 ἐποίει,
1422 5073 1651 5148 Ἐπειδή
1706 5077 1916 5154 μεγάλα
1973 5080 2055 5136 ἀεὶ

384 5166 480 5223 ἓ.πί
511 5171 636 5228 τοῖς
664 5170 926 5240 πατράσιν
958 5164 1193 5243 ηὔχουν.

459 5280 491 5309 ι(
522 5255 664 5314 Τίνα
715 5261 822 5313 τῶν
908 5260 1211 5330 προφητῶν
1273 5256 1376 5313 οὐκ
1429 5253 1654 5328 ἐδίωξαν
1717 5257 1770 5313 οἱ
1827 5257 2055 5336 πατέρες

385 5373 416 5400 α
452 5347 610 5417 ὑμῶν
638 5367 651 5418 ;
683 5369 711 5400 »ι

460 5439 638 5501 Ταῦτα
675 5437 916 5517 λέγοντα
962 5435 1058 5490 τὸν
1125 5437 1390 5510 μακάριον
1453 5436 1721 5516 Στέφανον
1767 5436 2054 5511 ἀληθεύειν

385 5527 538 5588 αὐτὸν
591 5530 845 5605 οἴδαμεν,
923 5524 1200 5596 Πνεόματι
1251 5525 1395 5603 ἁγίῳ
1444 5528 1833 5606 φθεγγόμενον.
1886 5530 2056 5588 Ἀπο-

375 5619 530 5704 δειϊαι
565 5625 622 5691 δέ
678 5624 795 5684 ἀπὸ
855 5621 971 5686 τῆς
1020 5611 1256 5679 παλαιᾶς
1309 5613 1602 5692 διαθήκης,
1662 5622 1780 5683 πῶς
1845 5620 2055 5699 μέμφε-

399 5824 454 5866 η
475 5823 570 5890 ιιι
594 5821 759 5892 θος.
795 5821 901 5886 γι.
937 5811 1119 5868 seqq.
1189 5795 1236 5834 ⁸⁸
1263 5799 1428 5858 Joan.
1461 5816 1536 5857 iv.

2088 4673 2136 4739 D

2172 2024 2239 2075 ut
2267 2023 2583 2089 postquam
2614 2019 2675 2074 in
2706 2019 3011 2074 montibus
3042 2021 3528 2078 circumerrando
3561 2023 3826 2080 laboras-

2173 2113 2326 2174 sent,
2359 2124 2544 2163 unum
2579 2108 2798 2175 locum,
2831 2110 2932 2180 qui
2967 2115 3125 2166 esset
3153 2111 3213 2165 in
3243 2112 3594 2176 Jerusalem,
3627 2113 3832 2186 dilige-

2171 2203 2325 2264 rent,
2355 2213 2534 2269 quem
2576 2200 2728 2254 Deus
2784 2199 2847 2254 in
2886 2199 3113 2254 honore
3173 2200 3500 2257 habuisset.
3561 2203 3629 2258 Hi
3687 2220 3821 2259 vero

2169 2303 2306 2342 cum
2359 2287 2672 2344 intellectu
2703 2288 2853 2344 tardi
2914 2294 3136 2357 essent,
3191 2290 3413 2362 Deique
3472 2308 3821 2349 sermonum

2171 2375 2452 2448 imperiti,
2516 2377 2925 2433 existimantes
2979 2378 3308 2436 Jerusalem
3371 2380 3470 2436 Dei
3530 2382 3829 2447 civitatem

2170 2482 2322 2534 esse,
2404 2468 2466 2522 in
2541 2468 2672 2540 ipsa
2729 2468 2922 2523 solum
3004 2468 3273 2525 habitare
3340 2469 3636 2526 dicebant.
3714 2473 3827 2528 Eos

2167 2556 2368 2628 itaque
2400 2557 2697 2614 convincit
2723 2559 2876 2614 Deus
2907 2558 3066 2630 quod
3097 2576 3380 2632 perparce
3423 2559 3831 2634 gloriﬁcarent

2171 2661 2328 2712 eum,
2362 2647 2570 2703 etait:
2620 2647 2868 2714 Qualem
2922 2647 3166 2704 domum
3225 2649 3370 2704 mihi
3429 2649 3822 2720 aedilicabitis,

2169 2735 2270 2808 qui
2301 2735 2517 2793 ccelum
2549 2736 2800 2793 habeam
2831 2737 2894 2793 in
2936 2738 3239 2804 thronum,
3293 2744 3511 2796 terram
3570 2756 3705 2796 vero
3761 2740 3824 2798 in

2168 2825 2495 2884 scabellum
2526 2827 2747 2899 pedum
2775 2828 2974 2900 ?Ipsis
3005 2829 3167 2886 enim
3214 2829 3316 2902 qui
3367 2837 3642 2888 naturam
3693 2833 3823 2904 ejus

2169 2916 2628 2988 suspicabantur
2655 2923 3024 2976 contractam
3065 2936 3218 2988 esse,
3254 2919 3520 2994 locisque
3570 2921 3824 2979 conclu-

2169 3022 2291 3063 sam
2341 3013 2543 3079 aperte
2602 3007 3014 3064 demonstrare
3071 3009 3336 3081 oportuit
3387 3010 3547 3083 quod
3607 3011 3826 3085 ubique

2169 3103 2328 3153 esset
2351 3096 2624 3169 nihilque
2649 3097 2780 3169 ejus
2811 3114 2995 3170 capax
3025 3104 3204 3162 esset,
3237 3100 3384 3170 quin
3442 3100 3640 3172 potius
3698 3102 3827 3174 ipse

2167 3204 2276 3261 per
2331 3203 2542 3244 omnes
2596 3188 2830 3257 transit,
2890 3205 3081 3261 eoque
3135 3189 3383 3262 plenum
3444 3196 3536 3246 est
3581 3191 3821 3261 ccelum,

2081 3306 2126 3373 Ο
2167 3277 2349 3373 plena
2378 3282 2471 3334 est
2497 3280 2557 3333 et
2585 3281 2763 3373 terra.

2241 3366 2358 3429 Vll,
2396 3369 2483 3423 51.
2516 3388 2545 3417 ‹‹
2587 3366 2728 3424 Duri
2786 3367 3015 3426 cervice
3069 3372 3129 3424 et
3178 3368 3584 3426 incircumcisi
3643 3370 3822 3430 corde

2169 3479 2198 3507 ‹‹
2232 3456 2494 3514 auribus.
2533 3480 2556 3510 ι

2239 3548 2426 3614 Quam
2458 3547 2532 3602 ob
2554 3564 2815 3614 causam,
2850 3565 2984 3606 cum
3015 3549 3305 3607 hactenus
3333 3556 3645 3609 mansuete
3676 3567 3826 3610 con-

2168 3639 2441 3695 cionatus
2471 3644 2650 3705 esset,
2672 3655 2883 3712 aspero
2915 3657 3077 3697 nunc
3107 3642 3294 3696 utitur
3325 3658 3602 3698 sermone
3621 3641 3650 3698 ?
3673 3643 3824 3709 Quia

2167 3727 2404 3784 videbat
2431 3727 2566 3785 illos
2599 3729 2801 3787 animo
2842 3745 2963 3786 non
3011 3730 3317 3788 advertere
3366 3731 3460 3788 his
3499 3748 3630 3804 qum
3662 3733 3821 3790 dice-

2169 3816 2407 3874 bantur.

2244 3929 2273 3957 ‹‹
2304 3908 2419 3962 Vos
2451 3922 2688 3978 semper
2718 3905 2961 3979 Spiritui
2994 3912 3200 3964 sancto
3230 3909 3531 3966 resistitis.
3567 3931 3595 3960 η

2246 3997 2343 4053 78
2375 3998 2502 4054 Non
2531 3995 2826 4058 dixit.Deo
2848 3997 3148 4063 resistitis,
3170 3997 3296 4062 sed.
3318 3999 3559 4071 Spiritui
3593 4006 3821 4071 sancto,

2169 4086 2870 4144 adeonullaminterhzec
2905 4087 3068 4143 novit
3088 4087 3518 4145 differentiam:
3557 4091 3824 4162 quando-

2168 4177 2409 4250 quidem
2443 4176 2622 4232 etiam
2650 4176 2906 4248 Spiritus
2936 4183 3027 4232 est
3074 4179 3229 4234 Deus
3258 4178 3328 4244 θί,
3377 4196 3722 4252 quanquam
3750 4181 3824 4238 iis

2169 4282 2292 4322 non
2319 4265 2582 4320 videatur
2594 4265 2693 4337 qui
2720 4267 2902 4321 Deum
2923 4283 3044 4322 non
3068 4267 3293 4326 colunt.
3315 4271 3426 4326 Vos
3449 4270 3648 4344 itaque
3671 4286 3824 4328 sem-

2170 4372 2297 4428 per,
2330 4356 2546 4427 inquit,
2571 4355 2689 4411 Deo
2723 4357 3168 4418 resistitis-Nam
3202 4359 3439 4430 quando
3473 4360 3696 4416 hostias
3727 4361 3824 4416 of-

2169 4445 2311 4501 ferri
2339 4445 2592 4505 volebat.
2641 4462 2745 4502 vos
2795 4446 2884 4500 illi
2935 4464 3056 4503 non
3088 4449 3552 4506 sacrificabatis:
3585 4451 3824 4522 quando

2169 4540 2369 4591 autem
2401 4551 2521 4591 non
2551 4534 2694 4602 vult,
2750 4537 3118 4596 saeiificatis.
3169 4539 3414 4606 Quando
3463 4541 3828 4598 consislebat

2172 4623 2482 4696 templum,
2514 4623 2836 4681 simulacra
2867 4627 3352 4683 venerabamini:
3404 4629 3644 4699 quando
3701 4628 3828 4701 vult

2169 4713 2297 4770 sine
2330 4713 2549 4786 templo
2581 4715 2716 4780 coli,
2749 4717 3113 4774 contrarium
3143 4718 3364 4786 facitis,
3384 4718 3610 4777 similia
3638 4717 3821 4792 patri-

2166 4801 2280 4860 bus
2309 4803 2519 4860 vestris
2536 4811 2874 4876 operantes.

2241 4916 2269 4944 α
2302 4895 2466 4951 Sicut
2495 4900 2691 4966 patres
2707 4895 2908 4963 vestri,
2941 4896 3022 4952 ita
3053 4901 3114 4953 et
3131 4912 3257 4953 vos.
3295 4918 3322 4947 η

2236 4984 2508 5043 Ostendit
2536 4985 2762 5043 malum
2793 5003 3050 5060 superne
3081 4986 3155 5044 ad
3185 5004 3288 5045 eos
3319 4986 3702 5046 descendere.
3734 4989 3825 5048 Ita

2166 5081 2226 5134 et
2254 5076 2524 5134 Christus
2548 5077 2936 5135 ostendebat:
2970 5078 3255 5151 quoniam
3297 5079 3622 5152 plurimum
3655 5096 3821 5137 sem-

2166 5183 2274 5241 per
2305 5167 2378 5223 de
2409 5167 2677 5240 patribus
2706 5166 3138 5242 gloriabantur.

2241 5258 2358 5325 VlI,
2388 5260 2481 5314 52.
2524 5279 2552 5308 ‹‹
2576 5258 2764 5324 Quem
2811 5258 3238 5330 prophetarum
3296 5275 3419 5316 non
3475 5260 3826 5319 occiderunt

2165 5368 2195 5396 «
2230 5353 2431 5420 patres
2460 5347 2636 5404 vestri
2662 5347 2690 5403 ?
2720 5370 2746 5397 »

2238 5438 2516 5494 Novimus
2546 5437 2785 5495 beatum
2810 5439 3177 5511 Stephanum
3209 5455 3341 5498 cum
3371 5441 3498 5499 hanc
3529 5449 3825 5502 assereret

2164 5544 2298 5584 vere
2330 5527 2550 5596 dicere,
2580 5533 2647 5584 ut
2662 5528 2763 5600 qui
2787 5545 2892 5600 per
2921 5529 3208 5601 Spiritum
3239 5537 3514 5587 sanctum
3544 5533 3822 5606 loquere-

2169 5623 2281 5674 tur.
2313 5619 2697 5676 Demonstrat
2722 5625 2924 5677 autem
2945 5635 2980 5677 a
3007 5621 3190 5678 veteri
3247 5621 3669 5688 instrumento,
3700 5637 3818 5693 quo
