4160 6434
325 486 441 550 151

1427 472 1558 534 (EC
1571 472 1840 533 UMENII
1886 471 2194 530 TRICCAE
2241 473 2594 540 EPISCOPI

3641 469 3757 531 152

324 624 462 697 jure
493 624 691 694 patres
721 617 961 672 accuset
1008 612 1274 674 illorum,
1335 611 1436 684 qui
1496 611 1557 666 in
1613 612 1813 667 Jesum
1865 625 1985 664 non

2116 631 2188 666 ται
2221 619 2336 676 τοῖς
2367 616 2600 689 πατράσι
2658 617 2767 669 τῶν
2829 611 2907 674 εἴς
2961 610 3054 666 τὸν
3107 611 3322 680 Ἰησοῦν
3383 608 3759 666 ἀπιστούντων

332 712 675 776 credebant,
709 705 869 779 quod
902 703 1198 776 persecuti
1233 703 1353 758 sint
1393 703 1711 774 prophetas
1743 706 1801 756 et
1831 700 1986 755 occi-

333 803 532 858 derint
565 817 576 854 :
611 813 808 868 neque
842 795 1000 851 enim
1056 799 1262 866 posset
1292 793 1482 848 facere
1516 792 1588 846 ab
1622 791 1715 846 his
1774 791 1874 862 qui
1903 790 1986 844 fe-

331 899 546 950 runtur
574 888 714 944 Novi
734 883 1096 941 Testamenti
1120 882 1307 937 libris.
1335 883 1391 937 Si
1425 899 1582 954 ergo,
1615 882 1828 952 inquit,
1855 881 1989 935 illos

331 979 658 1045 occidistis,
677 976 778 1048 qui
797 975 868 1030 de
889 975 1018 1046 ejus
1040 973 1296 1029 adventu
1316 971 1821 1043 praznuntiabant,
1845 968 1987 1041 quid

330 1071 551 1127 mirum
584 1067 634 1124 si
662 1072 721 1123 et
749 1082 853 1138 ego
887 1063 988 1136 qui
1011 1063 1476 1135 praenuntiatum
1509 1061 1788 1132 praadico,
1823 1076 1856 1115 a
1886 1075 1984 1114 vo-

329 1160 422 1216 bis
453 1155 809 1214 interimar?
834 1156 961 1210 Non
987 1151 1300 1223 ignorabat
1357 1156 1558 1207 autem
1590 1149 1748 1222 quod
1780 1149 1852 1204 ab
1901 1149 1987 1204 eis

333 1254 493 1310 esset
521 1243 906 1309 occidendus,
939 1259 1075 1299 cum
1133 1241 1350 1314 plenus
1392 1246 1549 1297 esset
1599 1240 1822 1312 Spiritu
1854 1254 1987 1295 san-

335 1346 452 1409 cto,
485 1339 739 1410 ideoque
770 1336 994 1408 absque
1023 1339 1188 1392 metu
1213 1349 1357 1390 usus
1389 1337 1479 1389 est
1500 1330 1786 1404 loquendi
1816 1330 1990 1387 liber-

337 1436 476 1488 tate.

408 1522 526 1586 VII,
560 1523 647 1584 52,
690 1520 779 1574 53.
814 1539 842 1568 α
877 1517 948 1571 Et
991 1513 1341 1571 occiderunt
1387 1530 1510 1581 eos,
1562 1511 1665 1584 qui
1697 1527 1988 1586 praenun-

337 1634 364 1662 κ
397 1611 628 1667 tiabant
656 1608 728 1664 de
758 1606 1014 1662 adventu
1037 1604 1186 1676 justi
1232 1603 1420 1670 illius,
1481 1603 1654 1672 cujus
1700 1618 1802 1656 vos
1831 1616 1992 1656 nunc

342 1724 363 1750 ι
407 1700 742 1774 proditores
774 1701 833 1753 et
861 1695 1157 1750 occisores
1185 1693 1406 1758 iuistis,
1433 1693 1532 1764 qui
1567 1691 1880 1762 accepistis
1912 1690 1988 1745 le'

339 1813 368 1841 ‹‹
401 1805 533 1863 gem
556 1788 630 1844 ad
687 1785 1113 1859 dispositiones
1160 1782 1531 1855 angelorum,
1584 1787 1644 1836 et
1697 1797 1819 1836 non
1868 1796 1993 1836 ser-

340 1902 370 1930 ‹‹
401 1878 602 1934 vastis.
643 1897 664 1925 ι

2093 703 2167 764 ὡς
2224 701 2462 775 διώξωσι
2519 705 2648 768 τοὺς
2701 705 2991 781 προφήτας
3075 701 3164 755 καὶ
3223 699 3640 772 ἀποκτείνωσιν,
3694 697 3757 754 οὖ

2096 790 2321 850 δυνατὸν
2380 796 2484 850 ἀπὸ
2536 800 2645 849 τῶν
2713 795 3027 871 φερομένων
3120 786 3350 866 βιϐλίων
3411 796 3510 858 τῆς
3565 795 3758 858 καινῆς

2094 879 2383 954 διαθήκης.
2419 884 2483 941 Εἰ
2532 883 2731 953 τοίνυν,
2795 882 2950 961 φησὶ,
2981 882 3109 942 τοὺς
3151 876 3756 958 προκαταγγεὶίλαντας

2092 974 2215 1048 περί
2248 981 2349 1043 τῆς
2379 972 2641 1035 ἐλεύσεως
2678 974 2850 1029 αὐτοῦ
2906 970 3169 1041 ἀνείλετε,
3231 965 3386 1025 οὐδὲν
3440 969 3753 1043 θαυμαστὸν

2092 1065 2182 1118 καὶ
2215 1061 2314 1138 ἐμὲ
2342 1065 2681 1139 κηρύττοντα
2723 1064 2814 1119 τὸν
2873 1057 3443 1137 προκαταγγελθὲντα,
3479 1059 3565 1139 ὑφ’
3599 1059 3757 1131 ὑμῶν

2093 1152 2458 1228 ἀναιρεθῆναι.
2493 1153 2608 1210 Ούκ
2637 1151 2823 1230 ἠγνόει
2852 1148 2911 1207 δὲ
2955 1149 3349 1224 τεθνηξόμενος
3411 1149 3498 1204 ὑπ’
3555 1147 3754 1217 αὐτῶν,

2092 1240 2318 1318 πλήρης
2350 1239 2422 1297 ὥν
2464 1243 2776 1316 Πνεύματος
2829 1241 3006 1318 ἁγίου.
3061 1241 3154 1295 Διὸ
3211 1239 3302 1294 καὶ
3361 1237 3758 1300 ἀνυποστόλως

2093 1334 2365 1410 κέχρηται
2398 1333 2696 1411 παρρησίᾳ.

2167 1541 2195 1568 ‹‹
2255 1517 2353 1572 Καὶ
2410 1518 2721 1573 ἆπὲκτειναν
2779 1515 2908 1578 τοὺς
2992 1511 3570 1592 προκαταγγείλαντας
3629 1511 3755 1587 περὶ

2096 1630 2125 1663 α
2155 1609 2255 1675 τῆς
2290 1605 2556 1668 ἐλεύσεως
2585 1612 2683 1663 τοῦ
2709 1605 2944 1673 δίκαίου,
3007 1603 3070 1660 οὗ
3127 1608 3220 1659 νῦν
3272 1605 3429 1678 ὑμεῖς
3488 1600 3758 1679 προδόται

2101 1715 2122 1743 α
2158 1694 2245 1747 καὶ
2282 1698 2461 1773 φονεῖς
2517 1691 2830 1770 γεγενησθε.
2891 1689 3108 1752 Ο’ίτινες
3165 1684 3387 1745 ἐλάϐετε
3447 1693 3538 1744 τὸν
3588 1687 3760 1760 νόμον

2097 1807 2125 1834 ιι
2161 1782 2237 1844 είς
2267 1781 2526 1860 διαταγὰς
2555 1780 2805 1860 ἀγγέλων
2837 1780 2928 1837 καὶ
2962 1781 3065 1836 οὐκ
3082 1777 3401 1857 ἐφυλάξατε.
3441 1801 3467 1830 n

409 1967 559 2024 Iusti
590 1964 806 2037 inquit,
840 1961 1164 2018 ostendens
1194 1959 1354 2033 quod
1384 1960 1433 2016 si
1466 1959 1568 2016 ille
1612 1960 1815 2032 justus
1845 1963 1990 2026 erat,

2170 1963 2284 2019 Τοῦ
2352 1958 2567 2016 δικαίου
2626 1959 2782 2038 φησί,
2843 1957 3055 2021 δεικνὺς
3123 1957 3210 2014 ὅτι
3263 1955 3468 2020 ἐκεῖνος
3528 1953 3760 2028 δίκαιος,

337 2056 508 2112 valde
540 2055 733 2126 iniqui
785 2051 1076 2123 erantqui
1110 2051 1283 2106 illum
1343 2049 1713 2106 occiderunt.
1762 2051 1993 2104 Iustum

347 2152 546 2203 autem
578 2145 748 2199 illum
780 2147 968 2206 vocat,
993 2140 1151 2212 quod
1184 2156 1378 2209 neque
1418 2139 1506 2193 illi
1561 2154 1779 2210 negare
1831 2142 1997 2209 pote-

335 2243 488 2292 rant.
524 2236 876 2305 Quanquam
901 2232 1060 2286 enim
1091 2229 1413 2285 admodum
1439 2228 1733 2301 prmfracti
1765 2245 1832 2283 ac
1854 2244 1994 2282 con-

338 2331 606 2383 tumaces
639 2329 827 2386 erant,
854 2321 916 2376 in
948 2320 1115 2375 nullo
1157 2325 1358 2374 tamen
1393 2335 1528 2374 eum
1561 2317 1872 2389 injustitiaa
1895 2334 1992 2372 ac-

335 2414 628 2472 cusabant
663 2429 675 2467 :
710 2409 1008 2482 quomodo
1042 2409 1202 2464 enim
1263 2409 1375 2463 hoc
1431 2407 1718 2473 facerent,
1751 2424 1886 2462 cum
1922 2424 1995 2462 ne

338 2503 583 2560 domum
615 2500 859 2572 quidem
891 2498 1137 2553 haberet
1165 2497 1193 2553 ?
1219 2499 1449 2552 Justum
1474 2503 1672 2552 autem
1705 2503 1873 2552 vocat
1899 2497 1994 2551 Je-

337 2608 491 2658 sum,
526 2590 727 2645 volens
759 2605 860 2643 eos
891 2588 1211 2643 attrahere.
1247 2586 1440 2658 Ipsius
1471 2603 1608 2641 vero
1659 2586 1996 2658 proditores

337 2688 396 2738 et
427 2679 721 2736 occisores
753 2677 916 2735 dicit.
949 2675 1106 2748 quod
1138 2691 1345 2730 eorum
1405 2681 1606 2730 essent
1653 2675 1995 2746 participes,

338 2771 440 2843 qui
473 2770 669 2842 ipsum
692 2767 1130 2829 cruciﬁxerant,
1165 2764 1344 2836 idque
1368 2781 1503 2819 cum
1538 2764 1748 2836 legem.
1779 2763 1994 2834 inquit,

339 2859 712 2931 accepissent
741 2855 1153 2912 ordinationes
1185 2854 1528 2915 habentem,
1561 2871 1692 2925 qua)
1732 2853 2001 2910 facerent

343 2967 445 3007 eos
477 2949 577 3020 qui
611 2948 800 3019 ipsam
833 2961 1011 3018 opere
1037 2944 1408 3016 complerent
1457 2943 1686 3014 angelis
1740 2943 1998 2998 similem

345 3055 578 3096 servare
610 3037 902 3110 politiam.
928 3035 1048 3090 Hoc
1080 3049 1340 3106 namque
1373 3033 1532 3105 quod
1562 3033 1682 3088 ait:
1722 3034 1821 3088 74
1843 3052 1862 3078 ε
1889 3031 1998 3097 Qui

343 3129 659 3202 accepistis
713 3128 906 3200 legem
963 3125 1038 3181 ad
1097 3124 1518 3197 dispositiones
1563 3123 1932 3197 angelorum.
1969 3144 1996 3171 »

343 3220 592 3287 Quidam
625 3234 760 3273 vero
803 3215 980 3272 etiam
1015 3215 1126 3270 hoc
1157 3215 1327 3270 aiunt
1364 3215 1535 3269 illum
1586 3213 1804 3280 dicere,
1839 3213 1996 3286 quod

339 3327 447 3388 per
493 3308 737 3382 angelos
792 3311 1013 3362 statuta
1064 3311 1240 3373 esset,
1301 3311 1360 3361 et
1415 3305 1556 3360 Mosi
1615 3304 1833 3360 tradita
1888 3321 1994 3375 per

343 3398 645 3472 angelum,
679 3396 780 3468 qui
829 3395 943 3466 ipsi
975 3394 1037 3448 in
1085 3393 1234 3448 rubo
1293 3395 1589 3466 apparuit.
1657 3390 1753 3453 E’fc
1813 3389 1997 3447 διατα-

2105 2050 2229 2108 λίαν
2263 2048 2444 2108 ἄδικοι
2476 2052 2528 2107 oi.
2557 2049 2756 2107 ἐκεῖνον
2820 2050 3180 2123 ἀνῃρηκότες.
3238 2048 3454 2106 Δίκαιον
3516 2045 3574 2104 δὶ
3601 2047 3766 2103 αὐτὸν

2103 2140 2285 2205 καλεῖ,
2330 2142 2359 2196 ’ὁ
2419 2138 2544 2197 οὐδὲ
2597 2141 2796 2196 ἐκεῖνον
2853 2137 3117 2210 ἠδύναντο
3178 2139 3530 2213 ἀρνήσασθαι.
3590 2135 3769 2192 Οὐδα-

2112 2231 2216 2307 μοῦ
2247 2231 2350 2310 γὰρ
2383 2231 2474 2286 καί
2504 2252 2589 2286 τοι
2615 2229 2737 2286 λίαν
2771 2228 2920 2292 ὄντες
2984 2226 3255 2297 αὐθάδεις,
3281 2228 3332 2283 ἐν
3367 2225 3546 2284 οὐδενὶ
3602 2227 3766 2284 αὐτὸν

2107 2321 2319 2382 ἀδικίας
2353 2321 2669 2398 ᾐτιάσαντο.
2707 2325 2828 2381 Πῶς
2860 2321 2965 2394 γαρ
2997 2319 3088 2375 τὸν
3127 2315 3270 2392 μηδὲ
3299 2317 3490 2392 στέγην
3522 2316 3722 2394 ἔχοντα
3748 2338 3763 2389 ;

2106 2412 2319 2469 Δίκαιον
2355 2410 2412 2466 δὲ
2439 2411 2531 2465 τὸν
2585 2410 2798 2480 Ἰησοῦν
2859 2409 3066 2478 ἐκέλει,
3125 2407 3521 2472 ἐπισπάσασθαι
3561 2409 3765 2474 αὐτοὺς

2110 2500 2468 2576 βουλόμενος.
2505 2496 2784 2572 ΙΙροδότας
2818 2495 2876 2553 δὲ
2923 2497 3092 2552 αὐτοῦ
3149 2497 3238 2552 καὶ
3297 2501 3480 2577 φονεῖς
3530 2496 3766 2560 τούτους

2106 2589 2285 2659 καλεῖ,
2319 2589 2393 2650 ὡς
2425 2587 2722 2650 κοινωνοὺς
2757 2585 2915 2649 ὄντας
2974 2592 3092 2648 τοῖς
3150 2587 3525 2659 σταυρώσασιν
3582 2585 3766 2657 αὐτὸν,

2105 2679 2198 2734 καί
2248 2678 2522 2752 τοι,.φησῖ
2577 2678 2750 2749 νόμον
2807 2671 3076 2738 λαϐόντας
3137 2673 3400 2746 διατάξεις
3451 2674 3667 2752 ἔχοντα,
3711 2677 3774 2733 αἶ

2109 2789 2254 2830 τινες
2285 2765 2576 2845 ἰσάγγελον
2607 2765 2826 2822 ἰποίουν
2861 2765 3146 2822 πολιτείαν
3174 2761 3322 2841 ἔχειν
3353 2764 3481 2827 τοὺς
3535 2762 3770 2822 τελοῦν-

2107 2858 2203 2920 τὰς
2229 2857 2408 2915 αὐτὸν.
2443 2861 2620 2912 Τοῦτο
2653 2857 2757 2933 γάρ
2788 2855 2954 2923 ἐστιν,
2990 2880 3017 2907 (ι
3042 2856 3097 2910 οἳ
3123 2875 3265 2916 τινες
3297 2849 3520 2910 ἐλάϐετε
3549 2854 3640 2911 τὸν
3667 2855 3772 2910 νό-

2112 2966 2212 3020 μον
2247 2944 2324 3008 εἰς
2357 2942 2618 3019 διαταγὰς
2648 2943 2920 3021 ἀγγὲλων.
2960 2967 2987 2994 ››
3017 2941 3169 3004 Τινές
3220 2940 3277 2998 δὲ
3331 2942 3422 2997 καὶ
3481 2947 3644 2999 τοῦτο
3677 2941 3775 2999 λέ·

2105 3056 2219 3112 γειν
2252 3035 2405 3105 ωασῖ,
2437 3035 2529 3090 τὸν
2563 3034 2651 3089 ὑπ’
2688 3032 2938 3112 ἀγγέλων
2986 3029 3346 3108 διαταχθέντα
3374 3031 3464 3086 καὶ
3523 3030 3778 3108 ἐγχειρι-

2107 3126 2301 3180 σθὲντα
2332 3121 2403 3179 δι’
2433 3121 2670 3200 ἀγγέλου
2718 3128 2797 3196 τῷ
2856 3124 3100 3189 Μωϋςεῖ,
3156 3125 3254 3176 τοῦ
3313 3120 3568 3201 ὀφθέντος
3625 3122 3779 3194 αὖτῷ

2105 3213 2158 3270 ἐν
2198 3219 2266 3289 τῇ
2293 3215 2465 3290 βάτῳ.
2509 3213 2601 3276 Εἷς
2651 3211 2932 3286 διαταγὰς,
2976 3211 3099 3268 ἀντὶ
3131 3215 3248 3282 τοῦ,
3281 3211 3419 3267 κατά
3447 3211 3543 3273 τὰς
3596 3208 3783 3267 διατα-

2107 3305 2229 3380 γὰς,
2262 3303 2444 3368 καθὼς
2485 3302 2688 3359 ἐκεῖνοι
2749 3299 3057 3372 διετάξαντο
3119 3305 3199 3374 τῷ
3259 3306 3469 3371 Μωσεῖ,
3528 3299 3780 3379 ὀφθέντες

2109 3393 2160 3449 ἐν
2195 3397 2264 3466 τῇ
2299 3394 2451 3468 βάτῳ
2471 3393 2561 3449 καὶ
2595 3393 2646 3448 ἐν
2671 3397 2751 3466 τῷ
2777 3387 2920 3468 ὄρει.

342 3484 464 3559 γᾶς.
499 3486 558 3541 id
591 3490 699 3551 est,
733 3484 794 3538 in
825 3481 918 3538 vel
947 3483 1020 3536 ad
1046 3481 1490 3553 dispositiones,
1527 3482 1638 3537 hoc
1668 3488 1777 3550 est,
1811 3483 2142 3540 secundum
2198 3484 2645 3555 dispositiones,
2707 3481 3216 3556 quemadmodum
3273 3482 3363 3538 illi
3415 3485 3776 3541 statuerant,

342 3575 486 3646 Mosi
517 3577 874 3645 apparentes
905 3571 966 3626 in
996 3570 1144 3625 rubo
1176 3575 1236 3625 et
1264 3571 1326 3625 in
1359 3576 1585 3626 monte.

416 3664 535 3728 VII,
567 3664 655 3726 54,
689 3665 777 3717 55.
813 3684 839 3711 ‹‹
875 3660 1204 3716 Audientes
1227 3666 1425 3715 autem
1460 3661 1586 3716 haec
1619 3661 2002 3717 dissecaban-

346 3775 376 3803 «
408 3759 505 3809 tur
533 3751 813 3808 cordibus
837 3750 983 3817 suis,
1017 3755 1077 3805 et
1107 3749 1440 3805 stridebant
1469 3750 1753 3806 dentibus
1785 3751 1908 3806 suis
1941 3751 2002 3807 in

352 3867 373 3895 ι
403 3862 558 3901 eum.
593 3846 739 3899 Cum
771 3848 970 3898 autem
1011 3847 1169 3896 esset
1217 3841 1431 3913 plenus
1491 3841 1712 3914 Spiritu
1773 3848 2000 3910 sancto,

349 3936 649 3992 «intentis
678 3934 740 3989 in
771 3933 986 3990 caelum
1017 3932 1227 4000 oculis,
1259 3932 1403 3986 vidit
1426 3932 1675 4005 gloriam
1708 3933 1830 3988 Dei.
1865 3955 1893 3984 »

418 4025 476 4080 Si
511 4041 647 4079 eum
677 4022 948 4078 occidere
971 4021 1266 4086 volebant,
1301 4022 1598 4092 quomodo
1631 4038 1750 4076 non
1805 4022 2004 4077 statim

349 4113 694 4170 occidebant
726 4113 754 4167 ‘?
785 4113 936 4177 Quia
957 4111 1342 4165 verisimilem
1367 4111 1577 4165 sceleri
1629 4112 2005 4167 occasionem

347 4210 674 4277 praetexere
705 4200 1000 4255 volebant.
1045 4202 1190 4255 Nam
1240 4200 1462 4265 injuria
1511 4200 1792 4255 adversus
1845 4201 2006 4272 ipsos

347 4310 470 4350 non
501 4297 629 4347 erat
652 4288 1024 4346 rationabilis
1046 4295 1366 4360 prmtextus
1388 4288 1462 4344 ad
1480 4290 2006 4361 interemptionem

349 4384 453 4441 sed
485 4383 558 4438 ad
590 4381 945 4454 ejectionem
977 4385 1079 4435 aut
1109 4380 1180 4435 ad
1215 4379 1672 4453 flagellationem
1713 4381 2004 4449 fortassis,

351 4473 426 4528 ad
482 4471 844 4527 occisionem
904 4485 1041 4524 vero
1088 4485 1272 4525 causa
1326 4469 1632 4526 sufﬁ3iens
1689 4487 1811 4526 non
1859 4477 2004 4528 erat.

352 4560 591 4632 Alioqui
620 4560 799 4614 etiam
835 4575 1027 4630 neque
1059 4559 1248 4629 ipsius
1297 4559 1664 4615 contumelia
1721 4567 1868 4621 erat,
1903 4560 2008 4616 sed

353 4649 657 4726 prophetas
689 4647 970 4703 adversus
1001 4647 1136 4702 illos
1184 4647 1502 4715 accusatio,
1546 4664 1656 4704 nec
1684 4649 1869 4705 videri
1911 4667 2006 4705 vo-

2183 3686 2212 3712 «
2246 3660 2565 3725 Ἀκούοντες
2623 3658 2681 3718 δὲ
2735 3663 2904 3718 ταῦτα
2989 3657 3296 3735 διεπρίοντο
3347 3681 3468 3724 ταις
3522 3658 3781 3734 καρδίαις

2111 3776 2140 3804 ‹‹
2175 3751 2376 3820 αὐτῶν,
2407 3752 2496 3806 καὶ
2531 3746 2769 3831 ἔϐρυχον
2813 3750 2940 3812 τοὺς
2983 3746 3207 3811 ὀδόντας
3237 3749 3414 3806 αὐτων
3471 3749 3554 3807 ἐπ’
3585 3750 3778 3813 αὐτόν.

2113 3866 2141 3893 ‹‹
2174 3840 2464 3921 Ύπάρχων
2516 3838 2572 3896 δὲ
2626 3838 2852 3910 πλήρης
2915 3839 3231 3911 Πνεύματος
3290 3840 3476 3918 ἁγίου,
3527 3840 3784 3906 ἀτενίσας

2111 3958 2139 3986 ‹‹
2170 3933 2245 3994 εἷς
2275 3933 2365 3988 τὸν
2399 3932 2646 4008 οὐρανὸν,
2679 3929 2793 3988 εἶδε
2831 3929 2986 4003 δόξαν
3020 3935 3174 3991 Θεοῦ,
3211 3955 3240 3984 »

2186 4017 2576 4080 Εἱέϐτιύλοντο
2635 4021 2861 4088 ἀνελεῖν,
2920 4027 3035 4083 πῶς
3096 4020 3197 4077 οὐκ
3254 4021 3468 4078 ἀνείλον
3529 4023 3653 4080 τότε
3682 4024 3784 4080 εὗ-

2115 4112 2249 4177 θέως
2277 4134 2300 4166 ε
2328 4113 2454 4168 ’Ότι
2483 4132 2754 4188 προφασιν
2805 4107 3035 4185 εὔλογον
3080 4107 3283 4178 ἤθελον
3334 4114 3634 4184 περιθεῖναι
3695 4119 3786 4187 τῷ

2113 4200 2460 4275 τολμήματι.
2493 4201 2553 4257 ἸΙ
2591 4204 2693 4278 γαρ
2725 4201 2801 4261 εἷς
2835 4200 3030 4263 αὐτοὺς
3077 4195 3231 4275 ὕϐρις
3263 4202 3366 4256 οὐκ
3421 4201 3486 4270 ἦν
3545 4199 3783 4276 εὔλογος

2114 4291 2384 4370 πρόφασις
2425 4290 2560 4366 πρὸς
2589 4290 2884 4362 ἀναίρεσιν,
2947 4288 3074 4346 ἀλλ’
3143 4289 3413 4346 ἀπελάσαι
3472 4293 3566 4367 μὶν
3599 4297 3633 4361 ἦ
3666 4314 3786 4367 μα-

2117 4381 2291 4451 στίξαι
2326 4378 2476 4447 ἴσως,
2510 4378 2720 4435 ἀνελεῖν
2782 4378 2839 4434 δὲ
2870 4380 2970 4435 οὐκ
3027 4378 3260 4458 εὔλογος
3318 4381 3488 4437 α”τία.
3543 4379 3787 4446 Ἀλλως

2117 4468 2174 4527 δὲ
2203 4469 2328 4526 οὐδὲ
2349 4471 2413 4539 ἦν
2455 4465 2672 4540 ἧῧϐρις
2706 4469 2898 4538 αὐτοῦ,
2961 4468 3106 4526 ἀλλὰ
3165 4473 3260 4525 τοῦ
3307 4473 3597 4549 προφήτου
3652 4474 3792 4529 κατ’

2115 4560 2290 4616 αὐτῶν
2323 4560 2648 4633 κατηγορία.
2681 4561 2781 4617 Καὶ
2827 4561 2930 4616 οὐκ
2957 4558 3162 4630 ἤθελον
3223 4558 3401 4616 δοκεῖν
3459 4558 3547 4617 διὰ
3601 4562 3668 4618 τὰ
3698 4561 3790 4626 εἷς

2117 4649 2310 4712 αὐτοὺς
2343 4651 2507 4706 αὐτὸν
2537 4649 2766 4706 ἀνελεῖν.
2815 4646 2996 4725 ὥσπερ
3053 4647 3180 4705 οὐδὲ
3232 4649 3324 4705 τόν
3378 4651 3633 4728 Χριστόν.
3696 4653 3791 4711 Οὐ

354 4740 560 4797 lebant
615 4739 960 4795 irterimere
1035 4735 1207 4792 illum
1266 4737 1340 4792 ob
1396 4738 1666 4810 proprias
1724 4739 1998 4812 injurias,

2116 4741 2211 4816 γὰρ
2247 4741 2485 4816 ᾑροῦντο
2517 4739 2593 4802 είς
2619 4741 2718 4808 τήν
2754 4739 3088 4817 μιαιφονίαν,
3123 4738 3250 4796 ἀλλ’
3273 4734 3530 4798 ἔσπευδον
3560 4742 3648 4797 καὶ
3679 4745 3797 4815 τήν

357 4827 861 4902 quemadmodum
891 4843 1086 4900 neque
1126 4826 1444 4883 Christum.
1480 4828 1708 4884 Etenim
1745 4830 2009 4885 contenti

360 4938 482 4978 non
513 4925 684 4975 erant
712 4916 1101 4972 homicidium
1134 4923 1499 4988 perpetrare,
1535 4917 1642 4973 sed
1695 4924 1752 4974 et
1808 4919 2011 4992 glorias

359 5011 489 5083 ejus
515 5023 731 5065 nocere
763 5006 1151 5061 conabantur.
1186 5006 1490 5077 Siquidem
1533 5008 1899 5069 metuebant,
1936 5024 2013 5064 ne

357 5097 609 5157 celebris
639 5095 827 5169 magis
859 5094 1227 5163 redderetur,
1263 5095 1311 5151 si
1343 5095 1416 5150 ob
1443 5095 1730 5169 injuriam
1763 5097 1909 5169 ipsis
1935 5096 2012 5153 il-

353 5190 536 5246 latam
567 5185 1034 5243 interimeretur.

425 5301 453 5328 (ι
485 5279 557 5333 Et
578 5278 779 5332 Jesum
810 5279 1065 5330 stantem
1095 5289 1129 5329 a
1161 5273 1386 5330 dextris
1427 5276 1550 5344 Dei,
1598 5280 1658 5332 et
1687 5275 1809 5332 ait:
1864 5276 2012 5332 Ecce

351 5390 380 5420 «
404 5367 570 5424 video
599 5365 778 5422 caelos
809 5368 1068 5436 apertos,
1099 5369 1156 5418 et
1187 5363 1403 5420 Filium
1436 5365 1700 5423 hominis
1753 5370 2009 5423 stantem

350 5481 378 5509 ‹‹
414 5474 450 5514 a
480 5454 704 5513 dextris
733 5453 858 5510 Dei.
895 5474 924 5502 »

417 5637 685 5694 Stantem
715 5637 776 5690 et
829 5647 952 5688 non
1015 5629 1326 5688 sedentem
1357 5631 1501 5688 vidit
1546 5634 1746 5690 Iesum
1798 5631 2010 5691 beatus

346 5727 701 5802 Stephanus,
737 5727 802 5779 ut
832 5735 1002 5779 suam
1035 5719 1314 5779 exhibeat
1373 5722 1641 5780 Christus
1687 5724 2007 5797 protectio-

351 5832 493 5874 nem
521 5831 532 5870 :
569 5820 627 5872 et
655 5828 934 5888 magnam
963 5827 1068 5868 suo
1093 5811 1328 5868 athleta;
1360 5813 1583 5871 tribuat
1614 5814 2005 5873 alacritatem.

2122 4828 2278 4901 δόξαν
2311 4830 2476 4885 αὐτοῦ
2510 4827 2741 4904 βλάψαι.
2807 4826 3113 4886 Ἑδεδίεσαν
3152 4830 3257 4904 γὰρ
3321 4831 3395 4903 μή
3453 4832 3798 4906 ἀναιρώμε-

2119 4941 2208 4980 νος
2259 4917 2350 4974 διὰ
2395 4920 2496 4988 τήν
2553 4919 2630 4981 εἷς
2687 4919 2891 4980 αὐτοὺς
2952 4913 3134 4994 ὕϐριν,
3195 4918 3627 4997 αἰδεσιμώτερος
3685 4921 3794 5000 γὲ-

2119 5030 2302 5081 νηται.

2192 5304 2219 5330 (κ
2255 5278 2353 5336 Καὶ
2412 5281 2628 5350 Ἰησοῦν
2695 5278 2904 5334 ἑστῶτα
2970 5276 3029 5332 ἐκ
3080 5274 3270 5351 δεξιῶν
3325 5285 3425 5336 τοῦ
3483 5285 3640 5348 Θεοῦ,
3687 5284 3803 5340 καὶ

2122 5394 2150 5421 ‹‹
2183 5367 2355 5423 εἶπεν·
2416 5364 2555 5424 Ἰδοὺ
2624 5368 2814 5442 θεωρῶ
2869 5368 2998 5429 τοὺς
3053 5367 3319 5442 οὐρανοὺς
3377 5369 3800 5446 ἀνεῳγμένους,

2122 5482 2151 5511 ιι
2184 5457 2273 5513 καὶ
2328 5457 2451 5513 Υἱὸν
2509 5461 2605 5513 τοῦ
2685 5457 2976 5528 ἀνθρώπου
3036 5456 3095 5512 ἐκ
3163 5455 3350 5530 δεξιῶν
3415 5461 3624 5520 ἑστῶτα
3679 5467 3804 5519 τοῦ

2129 5570 2150 5599 ι
2185 5544 2342 5606 Θεοῦ.
2379 5571 2407 5599 »

2191 5639 2431 5694 Ἐστῶτα
2459 5637 2550 5693 καὶ
2596 5637 2730 5713 οὐχὶ
2761 5637 3073 5724 καθήμενον
3108 5639 3136 5694 ὁ
3171 5640 3442 5714 μακάριος
3501 5641 3799 5724 Στέφανος

2121 5730 2220 5804 ὁρᾷ
2249 5729 2341 5783 τὸν
2397 5731 2629 5798 Ἰησοῦν,
2687 5727 2779 5781 ἳνα
2838 5723 2983 5800 δείξῃ
3041 5729 3140 5797 τήν
3196 5727 3489 5806 ἀντίληψιν
3535 5734 3636 5803 τήν
3697 5731 3797 5801 εἷς

2120 5816 2308 5886 αὐτὸν,
2332 5817 2418 5871 καὶ
2454 5812 2672 5887 πολλὴν
2696 5818 2774 5888 τῷ
2830 5814 3047 5892 ἀθλητῇ
3099 5817 3200 5888 τήν
3255 5819 3563 5897 προθυμίαν
3598 5823 3798 5901 παρά..
