4160 6416
365 459 477 520 153

1359 457 1770 524 ΟΟΜΜΕΝΤ.
1816 453 1898 517 ΙΝ
1945 451 2152 513 ACTA
2197 447 2810 538 APOSTOLORUM.

3707 465 3822 522 154

379 613 502 669 σκῃ,
532 590 596 647 τὸ
626 593 728 645 τοῦ
762 590 1120 667 βοηθοῦντος
1141 589 1508 650 ἐπιδείκνυται
1559 599 1772 670 σχῆμα.
1830 589 2058 648 ἈΛλως

2182 587 2517 644 ιιιαὶιὶοηιὶε
2540 590 2698 644 enim
2723 589 2958 646 habitus
2991 594 3345 649 ostenditur.
3371 595 3667 654 Praeterea
3688 615 3822 655 vero

379 704 439 738 τε
464 679 541 751 δὲ,
574 677 777 754 ἐφειδή
829 681 899 737 τὸ
933 682 1158 747 καθίσαι
1210 684 1468 762 φορτικὸν
1522 683 1590 753 ἧν
1649 682 1856 744 αὐτοῖς.
1917 675 2060 731 ἵστα-

383 771 690 828 σθαιαῦτὸν
743 771 868 827 εἷπε
928 771 1089 837 τέως,
1146 775 1248 842 τήν
1297 773 1584 830 ἀνάστασιν
1643 772 1806 828 αὐτοῦ
1863 766 2062 836 αἰνιξά-

389 885 487 936 μεν
515 883 599 923 ος’
630 862 717 917 δτι
749 857 811 916 δὲ
842 861 964 937 οὐχ
985 859 1228 930 ἵσταται,
1261 861 1408 918 ἀλλᾶ
1452 863 1709 934 κάθηται,
1760 859 1886 915 καὶὸ
1922 859 2060 915 [lau-

387 952 492 1016 λος
551 949 772 1023 ἔδειξεν,
833 950 1009 1008 εἰπὼν
1060 951 1143 1007 ὅτι
1199 955 1484 1028 συνήγειρε
1558 953 1650 1008 καὶ
1717 949 2058 1005 συνεκάθισεν

394 1044 454 1099 έν
482 1048 601 1104 τοῖς
632 1040 990 1118 ἐπουρανίοις
1023 1040 1077 1097 ἐν
1111 1038 1257 1114 δεξιᾷ
1283 1042 1472 1099 αὐτοῦ.

458 1249 486 1275 α
524 1223 828 1300 Κράξαντες
880 1219 941 1278 δὲ
1000 1227 1162 1297 φωνῇ
1216 1221 1456 1298 μεγάλῃ,
1511 1221 1774 1296 συνέσχον
1831 1219 1898 1274 τὰ
1951 1217 2066 1272 ὦτα

385 1339 406 1366 ι
443 1313 659 1378 αὐτῶν,
712 1311 804 1368 καὶ
859 1310 1128 1387 ὥρμησαν
1185 1309 1545 1386 ὁμοθυμαδὸν
1579 1308 1660 1366 ἐπ’
1717 1307 1900 1366 αὐτόν.
1956 1303 2060 1365 Καὶ

391 1426 416 1454 σ
451 1397 785 1466 ἐκϐαλόντες
813 1398 916 1476 ἔξω
943 1408 1046 1472 τῆς
1088 1396 1306 1465 πόλεως
1340 1394 1730 1467 ἐλιθοϐόλουν.
1755 1421 1784 1452 »

460 1584 764 1659 Συνέσχον,
799 1582 852 1637 οἱ
884 1544 1024 1638 κατὰ
1045 1587 1145 1638 τοῦ
1195 1580 1354 1660 ἁγίου
1406 1578 2060 1658 ψευδομαρτυρήσαντες.

472 1762 618 1816 «Καὶ
647 1763 700 1816 οἱ
733 1761 1006 1838 μάρτυρες
1063 1760 1322 1817 ἀπέθεντο
1369 1761 1439 1816 τὰ
1484 1760 1680 1834 ἱμάτια
1739 1758 1887 1837 παρὶ
1929 1757 2058 1823 τοὺς

406 1875 438 1903 κ
469 1849 631 1914 πόδας
656 1850 898 1922 νεανίου,
947 1849 1292 1925 καλουμένου
1353 1848 1597 1907 Σαύλου.
1658 1849 1762 1908 Καὶ
1813 1843 2066 1914 ἐλιθοϐό-

2166 677 2449 748 quoniam
2480 695 2650 751 grave
2685 680 2767 735 eis
2817 680 3029 736 fuisset
3085 684 3290 738 aud're
3349 685 3506 756 quod
3565 687 3820 754 sederet,

2166 771 2322 821 stare
2354 767 2594 823 interim
2627 769 2794 831 dixit.
2833 770 3152 844 designans
3198 774 3386 844 ipsius
3433 779 3819 833 resurrectio-

2165 871 2323 911 nem.
2358 857 2524 922 Quod
2554 866 2750 914 autem
2776 877 2896 915 non
2928 868 3061 928 stet,
3087 863 3189 917 sed
3212 863 3434 928 sedeat,
3467 867 3643 921 etiam
3669 869 3817 922 Pau-

2166 944 2260 1000 lus
2289 947 2571 1014 ostendit,
2613 948 2842 1015 dicens,
2884 950 3042 1016 quod
3089 951 3267 1006 simul
3334 955 3707 1010 resuscitavit
3738 957 3821 1011 si-

2166 1039 2412 1112 mulque
2454 1041 2658 1098 sedere
2695 1040 2838 1098 fecit
2895 1043 3053 1099 inter
3109 1045 3378 1101 caelestes
3436 1047 3510 1104 ad
3549 1048 3821 1105 dextram

2167 1144 2356 1188 suam.

2238 1220 2358 1280 VII.
2394 1223 2482 1286 56.
2514 1225 2601 1277 57.
2643 1244 2660 1268 ι
2701 1222 3112 1280 Exclamantes
3157 1229 3356 1280 autem
3390 1243 3527 1283 voce
3584 1244 3819 1302 magna,

2168 1330 2195 1359 κ
2223 1309 2662 1367 Continuerunt
2690 1327 2864 1368 aures
2909 1329 3067 1377 suas.
3101 1319 3160 1369 et
3208 1314 3499 1387 impetum
3553 1315 3826 1372 fecerunt

2167 1419 2195 1448 ‹‹
2229 1399 2595 1456 unanimiter
2626 1402 2687 1456 in
2720 1418 2875 1458 eum.
2911 1402 2982 1458 Et
3020 1403 3277 1474 ejectum
3309 1421 3447 1461 eum
3480 1412 3646 1463 extra
3679 1407 3817 1463 civi-

2167 1509 2195 1539 ιι
2229 1493 2412 1546 tatem
2443 1489 2807 1561 lapidabant.
2835 1512 2862 1540 ››

2237 1580 2695 1648 Continuerunt,
2746 1581 2848 1653 qui
2879 1582 3166 1640 adversus
3232 1589 3501 1642 sanctum
3557 1585 3830 1643 tulerunt

2164 1669 2382 1727 falsum
2406 1673 2835 1728 testimonium.

2237 1759 2361 1826 VII,
2394 1764 2482 1828 57,
2515 1763 2603 1817 58.
2634 1784 2661 1811 ‹‹
2696 1763 2766 1817 Ει
2795 1767 2980 1817 testos
3038 1763 3444 1835 deposuerunt
3471 1767 3826 1825 vestimenta

2172 1873 2194 1900 ι
2229 1852 2322 1909 75
2353 1851 2426 1908 ad
2457 1852 2640 1925 pedes
2670 1852 3088 1922 adolescentis,
3118 1854 3219 1926 qui
3249 1855 3567 1913 vocabatur
3587 1857 3825 1913 Saulus-

413 1967 436 1993 ι
472 1942 600 1998 λουν
623 1941 717 1998 τὸν
747 1941 1048 2019 Στέφανον,
1077 1939 1513 2015 ἐπικαλούμενον
1545 1939 1637 1995 καὶ
1666 1937 1919 2017 λέγοντα.
1956 1961 1986 1991 n

2182 1965 2195 1991 ‹
2229 1942 2300 1997 Et
2330 1940 2677 2014 lapidabant
2706 1942 3093 2016 Stephanum,
3121 1945 3499 2003 invocantem
3530 1963 3599 2003 ac
3620 1947 3823 2005 dicen-

463 2121 760 2196 Μαρτυρας
819 2116 990 2194 λέγει,
1049 2119 1144 2182 οὓς
1195 2114 1468 2176 ὑπέϐαλον
1545 2115 2058 2194 καταψευδομαρτυ-

384 2218 562 2287 ρῆσαι
593 2211 779 2268 αὐτοῦ.
831 2212 928 2266 Καὶ
961 2207 1198 2266 δείκνυσι
1219 2212 1347 2273 τοὺς
1398 2206 1694 2273 δοκοῦντας
1757 2209 2054 2286 μάρτυρας,

382 2304 474 2357 δτι
527 2299 702 2356 πλέον
778 2301 918 2370 ἦσαν
978 2300 1474 2375 παρεσκευασμένοι
1530 2300 1668 2376 πρὸς
1722 2301 1816 2355 τὸν
1865 2301 2053 2382 φόνον,

382 2389 501 2468 εἴγε
531 2391 629 2446 καὶ
679 2391 748 2446 τὰ
801 2391 999 2463 ἱμάτια
1055 2389 1366 2454 ἀπετίθεντο
1417 2390 1553 2466 πρὸς
1584 2391 1646 2446 τὸ
1678 2392 1816 2446 εἷναι
1873 2390 2057 2446 εὐστα-

383 2480 506 2543 λεῖς
536 2481 633 2535 καὶ
663 2484 861 2558 κοῦφοι
893 2479 969 2542 εἷς
1001 2480 1064 2535 τὸ
1099 2478 1328 2556 βάλλειν
1385 2485 1503 2543 τοῖς
1564 2479 1765 2544 λίθοις,
1819 2479 1965 2551 Φησὶ
1999 2479 2057 2536 δὲ

383 2573 473 2626 ὅτι
505 2569 653 2626 καὶὸ
708 2567 932 2643 μέλλων
990 2569 1210 2646 ὕστερον
1268 2569 1437 2641 κῆρυξ
1489 2569 1742 2641 εἶναιτῇς
1796 2569 2058 2644 οἰκουμέ-

383 2682 515 2730 νης,
552 2659 647 2714 καὶ
698 2659 862 2721 αὐτὸς
909 2658 1273 2734 συνέπρατττε
1328 2660 1453 2715 τότε
1493 2664 1574 2733 τῷ
1622 2660 1791 2739 φόνῳ,
1843 2657 2054 2723 δεικνὺς

387 2750 476 2804 ὅτι
522 2748 644 2806 θεία
694 2769 778 2810 τις
825 2749 915 2804 καὶ
960 2745 1262 2822 παραδοξος
1309 2749 1400 2804 καὶ
1453 2747 1514 2805 οὖ
1572 2751 1710 2805 κατὰ
1766 2751 2054 2826 ἄνθρωπον

386 2841 622 2915 γέγονεν
650 2838 817 2894 αὖτοῦ
846 2841 882 2908 ἡ
916 2840 1052 2914 μετᾶ
1098 2842 1268 2896 ταῦτα
1301 2833 1607 2912 μεταϐολὴ.
1661 2840 1732 2895 Τὸ
1779 2836 1858 2910 δὲ,
1892 2840 2056 2916 Κύριε

385 2930 602 2999 Ἰησοῦ,
637 2925 783 2998 δέξαι
814 2927 877 2982 τὸ
904 2927 1122 3000 πνεῦμά
1152 2948 1279 2999 μου,
1321 2925 1662 2991 δεικνύοντος
1691 2930 1758 2997 ῆν
1791 2927 1879 2983 καὶ
1912 2925 2058 2983 διδά-

389 3039 628 3082 σκοντος
656 3018 742 3073 ὅτι
763 3015 865 3073 οὐκ
895 3015 1226 3074 ἀπόλλυται.

459 3223 489 3251 ει
522 3196 696 3272 Κύριε
729 3197 936 3267 Ἰησοῦ,
965 3192 1108 3268 δέξαι
1138 3196 1202 3253 τὸ
1234 3198 1452 3270 πνεῦμά
1485 3219 1612 3269 μου.

459 3287 741 3342 Ἐντεῦθεν
775 3282 1047 3342 δείκνυται
1083 3285 1281 3357 μηκέτι
1331 3285 1408 3349 εἷς
1458 3283 1590 3358 ᾆδου
1647 3287 1742 3349 τὰς
1799 3290 1910 3342 τῶν
1969 3285 2050 3342 δι-

2167 2053 2196 2081 ‹‹
2233 2036 2373 2087 tem.
2418 2053 2446 2081 ))

2237 2121 2438 2178 Testes
2491 2120 2635 2176 dicit
2691 2139 2842 2192 quos
2892 2123 3364 2180 subornaverant
3416 2130 3484 2180 ut
3537 2125 3819 2182 adversus

2166 2209 2336 2265 illum
2357 2210 2580 2266 ferrent
2595 2210 2813 2266 falsum
2838 2212 3272 2279 testimonium,
3293 2213 3672 2287 ostenditque
3689 2231 3810 2281 eos,

2167 2300 2268 2372 qui
2291 2306 2470 2356 testes
2491 2300 2862 2362 videbantur,
2883 2303 3282 2374 promptiores
3306 2303 3376 2358 ad
3396 2304 3616 2359 caedem
3641 2305 3822 2362 fuisse

2167 2389 2654 2462 quandoquidem
2679 2392 2853 2446 etiam
2878 2399 3069 2447 vestes
3089 2393 3493 2465 deposuerunt
3511 2410 3627 2465 quo
3647 2410 3816 2467 expe-

2166 2479 2412 2536 ditiores
2444 2486 2731 2535 essentac
2763 2480 3013 2537 leviores
3044 2481 3450 2553 adjaciendos
3482 2482 3711 2555 lapides
3758 2484 3822 2540 Id

2165 2577 2365 2626 autem
2407 2571 2508 2626 ait.
2547 2571 2829 2643 quoniam
2873 2572 2923 2627 is
2957 2573 3158 2638 etiam,
3191 2574 3294 2644 qui
3349 2574 3611 2628 universi
3664 2574 3827 2629 orbis

2167 2661 2523 2733 praedicator
2554 2660 2788 2716 futurus
2837 2668 2984 2728 erat,
3039 2663 3166 2735 ipse
3222 2680 3459 2734 quoque
3489 2664 3564 2719 ad
3595 2665 3820 2722 caedem

2166 2751 2630 2823 cooperabatur:
2682 2751 3005 2806 ostendens
3046 2752 3205 2823 quod
3236 2753 3434 2808 divina
3464 2753 3734 2825 quaedam
3769 2759 3828 2810 et

2165 2837 2518 2894 admiranda
2548 2854 2845 2910 supraque
2878 2839 3187 2896 hominem
3217 2839 3398 2894 fuerit
3418 2842 3546 2912 ejus
3578 2858 3819 2897 conver-

2167 2929 2274 2984 sio.
2309 2927 2472 2994 Quod
2506 2943 2642 2983 vero
2661 2928 2763 2993 ait,
2795 2949 2822 2977 «
2858 2929 3283 2993 DomineJesu,
3316 2930 3518 3000 accipe
3541 2930 3819 3002 spiritum

2165 3035 2388 3080 meum.
2416 3039 2443 3067 ››
2472 3016 2943 3074 demonstrantis
2974 3025 3102 3074 erat
3121 3034 3189 3074 ac
3220 3018 3487 3074 docentis
3519 3022 3673 3090 quod
3701 3036 3824 3077 non

2164 3108 2409 3180 periret.

2236 3219 2263 3247 «
2301 3196 2547 3253 Domine
2568 3197 2726 3255 Iesu.
2760 3197 2962 3268 accipe
2985 3195 3262 3268 spiritum
3295 3213 3523 3252 meum.
3559 3217 3588 3246 η

2237 3287 2386 3342 Hinc
2432 3287 2769 3343 ostenditur
2803 3288 3104 3358 justorum
3147 3287 3377 3342 animas
3408 3302 3442 3341 a
3470 3287 3822 3359 corporibus

385 3371 563 3428 καίων
596 3371 814 3428 ἀπιέναι
845 3373 1028 3448 ψυχας
1059 3377 1166 3427 νῶν
1209 3373 1481 3444 σωμάτων
1535 3371 2049 3446 ἀπαλλαττομένας,

2182 3378 2449 3434 .iberatas
2464 3394 2841 3449 nequaquam
2857 3377 2915 3432 in
2931 3377 3233 3433 infernum
3249 3377 3608 3434 descendere
3623 3395 3828 3449 quem-

389 3465 536 3527 καθὰ
583 3463 675 3518 καὶ
725 3463 947 3540 πρώην,
1004 3462 1312 3535 πέμπεσθαι
1359 3461 1417 3520 δὲ
1455 3462 1676 3537 μᾶλλον
1735 3464 1813 3528 εἰς
1870 3469 2062 3540 χεῖρας

394 3557 535 3608 θεοῦ
566 3557 771 3623 ζῶντος
827 3547 919 3607 διὰ
967 3556 1065 3608 τοῦ
1127 3551 1346 3609 πάντων
1404 3555 1569 3627 ἡμῶν
1623 3560 1881 3631 Σωτῆρος
1932 3560 2064 3630 Χρι-

404 3661 540 3696 στου
551 3686 561 3697 .

493 3754 516 3778 ι
552 3729 668 3792 Bai;
695 3727 748 3785 δί
776 3731 848 3787 τὰ
874 3732 1100 3804 γόνατα,
1141 3725 1328 3808 ἔκραεε
1379 3735 1536 3808 φωνῇ
1599 3732 1838 3807 μεγάλῃ.
1871 3731 2060 3807 Κύριε,

421 3840 451 3866 α
487 3818 564 3887 μή
598 3819 782 3893 στήσῃς
814 3819 1006 3883 αὐτοῖς
1035 3821 1136 3889 τὴν
1181 3819 1452 3896 ἁμαρτίαν
1485 3821 1709 3893 ταύτην.
1763 3821 1860 3876 Καὶ
1897 3825 2060 3876 τοῦτο

409 3929 448 3957 α
477 3905 641 3962 εἰπὼν
666 3907 863 3983 ἐκοιμή
879 3921 970 3982 θη.
1009 3909 1228 3973 Σαῦλος
1259 3907 1318 3965 δί
1346 3912 1414 3980 ἦν
1446 3908 1786 3966 συνευδοκῶν
1816 3913 1884 3984 τῇ
1915 3910 2065 3967 ἀναι-

408 4021 438 4049 α
458 3997 599 4072 ρέσει
629 3999 817 4057 αὐτοῦ.

469 4091 601 4145 Ὅτι
638 4085 698 4146 δὶ
782 4088 1219 4168 προσευξαςιένου
1261 4089 1428 4145 αὐτοῦ
1490 4092 1566 4163 μή
1629 4099 1824 4163 στῆσαι
1875 4091 2060 4156 αὐτοῖς

394 4178 477 4243 εἰς
509 4179 784 4254 ἁμαρτίαν
815 4181 908 4236 τὸν
938 4181 1131 4237 ἑαυτοῦ
1175 4181 1426 4249 θάνατον,
1459 4181 1505 4236 εἰ
1564 4182 1734 4262 ἁφέθη
1808 4183 1994 4247 αὐτοῖς
2025 4185 2058 4252 ἡ

391 4261 666 4346 ἁμαρτία,
700 4268 1129 4342 ξητῆσαιᾶξιον.
1191 4273 1295 4328 Καὶ
1347 4292 1545 4346 φαμεν,
1596 4272 1643 4328 εί
1707 4274 2060 4344 μετενόησαν,

383 4361 622 4437 ἀφείθη.
692 4360 789 4416 Καὶ
847 4360 950 4438 γὰρ
1005 4362 1035 4416 ὁ
1092 4360 1312 4434 μυρίαις
1369 4361 1534 4418 αὐτὸν
1593 4360 1820 4438 βάλλων
1879 4364 2061 4440 χερσὶ,

387 4449 483 4503 καὶ
513 4446 718 4522 διώξας
739 4450 841 4516 τὴν
888 4448 1217 4523 Ἐκκλησίαν
1266 4449 1506 4521 Παῦλος,
1566 4458 1668 4521 τῆς
1725 4451 2064 4524 Ἐκκλησίας

385 4541 716 4613 προστὶτης
749 4537 976 4615 ἐγένετο.

1037 4653 1300 4706 ΚΕΦΑΛ.
1344 4655 1420 4707 ϐ’.

389 4751 814 4826 ΙΙεςὶδιωγμοῦ
841 4761 940 4826 τῆς
994 4754 1327 4829 Ἑκκλησῖας
1382 4756 1471 4812 καὶ
1520 4777 1586 4812 τα
1629 4763 1699 4828 ἧς
1751 4759 2054 4835 Στεφάνου,

469 4769 526 4882 ἵν
588 4823 636 4882 ὧ
701 4827 825 4882 περὶ
885 4825 1172 4882 Φιλίππου
1247 4832 1345 4882 τοῦ
1403 4778 1739 4882 ἂποστῖλου.
1807 4827 2054 4882 πολλοὶ»)

495 4848 526 4879 ν
588 4823 825 4900 ᾦ-’περξ
878 4823 1196 4900 ,Φιλίππη
1247 4832 1345 4884 τοῦ
1403 4823 1740 4900 ἀποστόλου,
1807 4823 2057 4888 πολλοὺὸ

471 4896 782 4968 ῑασαμένου
806 4897 891 4954 ἰπὶ
931 4906 1030 4969 τῆς
1063 4901 1376 4975 Σαμαρείας

469 5012 501 5040 α
532 4987 791 5064 Ἐγένετο
822 4984 880 5044 δὶ
910 4987 962 5044 έν
1015 4989 1192 5067 ἐκείνῃ
1243 4993 1311 5064 τῇ
1356 4990 1539 5067 ἡμέρᾳ
1588 4989 1838 5067 διωγμὸς
1897 4993 2063 5067 μέγας

391 5100 426 5129 α
459 5075 553 5134 ἐπὶ
587 5079 688 5146 τήν
729 5076 1059 5150 Ἐκκλησίαν
1106 5081 1207 5148 τήν
1268 5079 1322 5136 ἐν
1365 5081 1798 5154 Ἰεροσολύμοις.
1856 5084 2060 5148 Ηὰντες

393 5190 426 5218 ιι
459 5187 521 5222 τε
553 5163 925 5242 διεσπάρησαν
958 5167 1098 5223 κατὰ
1145 5169 1241 5232 τὰς
1271 5169 1461 5250 χώρας
1490 5177 1591 5239 τῆς
1651 5167 1912 5234 Ἰουδαίας
1970 5172 2060 5228 καὶ

390 5279 424 5307 α
459 5258 796 5333 Σαμαρείας,
823 5257 976 5326 πλὴν
1008 5262 1118 5312 τῶν
1182 5259 1528 5318 ἀποστόλων.
1581 5256 1951 5334 Συνεκόμισαν
2003 5258 2062 5318 δὲ

386 5371 420 5398 «ι
457 5346 552 5403 τὸν
587 5347 854 5425 Στέφανον
892 5344 1086 5423 ἄνδρες
1116 5344 1393 5416 εὐλαϐεῖς,
1423 5350 1513 5406 καὶ
1545 5350 1874 5422 ἐποιήσαντο
1905 5373 2062 5410 κοπε-

387 5461 421 5488 α
454 5437 551 5492 τὸν
584 5438 748 5517 μέγαν
783 5438 872 5496 ἐπ’
901 5439 1082 5510 αὐτῷ.
1115 5437 1330 5502 Σαῦλος
1363 5437 1422 5496 δὶ
1453 5437 1778 5516 ἐλυμαίνετο
1805 5444 1908 5514 τήν
1939 5445 2061 5501 Ἐκο

392 5550 422 5582 α
451 5526 700 5601 κλησίαν,
732 5531 882 5589 κατᾶ
910 5529 1044 5592 τοὺς
1080 5527 1263 5592 οἴκους
1292 5529 1577 5606 είσπορευό
1589 5552 1771 5605 μενος,
1797 5533 1977 5604 σύρων
2005 5555 2064 5591 τε

394 5642 426 5668 ε(
459 5615 644 5698 ἄνδρας
673 5623 762 5678 καί
795 5623 1094 5697 γυναῖκας,
1121 5614 1414 5692 παρεδίδου
1452 5618 1530 5681 εἷς
1555 5617 1826 5698 φυλακήν.
1863 5623 1930 5681 Οἱ
1966 5622 2060 5695 μὲν

391 5732 422 5762 α
448 5717 538 5770 οὖν
567 5710 978 5790 διασπαρέντες
1013 5702 1243 5776 διῆλθον
1287 5707 1766 5785 εὐαγγελιζόμενοι
1815 5712 1908 5769 τὸν
1965 5710 2062 5770 λόο

365 5822 540 5886 ,τοι

2089 4718 2136 4784 1)

2167 3467 2490 3524 admodum
2524 3474 2583 3522 et
2619 3474 2815 3535 antea,
2849 3467 2953 3522 sed
2986 3467 3307 3522 transmitti
3355 3467 3552 3539 potius
3605 3468 3666 3523 in
3698 3485 3823 3525 ma-

2167 3575 2281 3613 nus
2313 3557 2417 3613 Dei
2448 3558 2698 3613 viventis
2729 3573 2836 3630 per
2867 3556 3129 3613 omnium
3161 3563 3432 3614 nostrum
3466 3557 3825 3616 Salvatorem

2166 3647 2487 3703 Christum.

2237 3737 2355 3802 VII,
2391 3741 2478 3794 59.
2513 3763 2538 3787 α
2575 3738 2795 3794 Positis
2834 3743 3034 3793 autem
3066 3737 3320 3810 genibus
3379 3737 3656 3793 clamavit
3685 3755 3824 3795 voce

2166 3849 2195 3877 α
2231 3843 2445 3900 magna
2477 3843 2491 3881 :
2526 3827 2797 3893 Domine,
2832 3841 2906 3880 ne
2937 3832 3163 3882 statuas
3194 3827 3314 3882 illis
3349 3827 3460 3883 hoc
3491 3834 3823 3898 peccatum.

2169 3938 2196 3967 ‹‹
2230 3923 2492 3988 (tumque
2523 3917 2634 3971 hoc
2662 3915 2931 3976 dixisset.
2966 3915 3344 3971 obdormivit.
3380 3916 3593 3972 Saulus
3623 3924 3822 3972 autem

2171 4028 2200 4058 ι(
2224 4006 2642 4062 consentiebat
2670 4005 2730 4060 in
2763 4021 2968 4060 necem
3002 4006 3156 4076 ejus.
3187 4024 3212 4054 ι

2238 4096 2383 4150 Cum
2417 4101 2610 4150 autem
2646 4095 2773 4166 ipse
2809 4102 3082 4165 precatus
3114 4094 3211 4161 sit,
3243 4111 3318 4150 ne
3354 4111 3460 4151 sua
3494 4111 3655 4152 mors
3704 4095 3826 4153 illis

2166 4185 2228 4242 in
2249 4191 2556 4257 peccatum
2576 4190 2956 4250 statueretur,
2983 4184 3228 4256 dignum
3253 4190 3342 4240 est
3366 4192 3430 4239 ut
3451 4186 3827 4257 inquiramus

2166 4281 2366 4331 utrum
2395 4280 2702 4344 peccatum
2738 4273 2917 4328 fuerit
2945 4273 3065 4328 illis
3097 4275 3437 4329 remissum.
3471 4276 3542 4329 Et
3571 4274 3825 4331 dicimus

2167 4347 2326 4420 quod
2356 4345 2470 4410 his,
2504 4346 2604 4417 qui
2639 4346 3374 4418 resipuerunt,remissum
3395 4353 3501 4401 est.
3519 4346 3825 4418 Siquidem

2166 4436 2406 4501 Paulus.
2426 4435 2526 4507 qui
2543 4436 2716 4491 illum
2729 4435 3062 4491 innumeris
3076 4436 3248 4508 petiit
3263 4436 3540 4492 manibus
3555 4445 3612 4491 et
3627 4454 3828 4510 perse-

2167 4537 2340 4585 cutus
2369 4533 2460 4584 est
2489 4526 2836 4591 Ecclesium,
2861 4525 3051 4583 factus
3081 4532 3174 4583 est
3214 4527 3494 4584 defensor
3522 4529 3826 4585 Ecclesiae.

2810 4652 3046 4711 CAPUT
3086 4653 3182 4708 IX.

2175 4765 2247 4820 De
2266 4763 2640 4831 persecutione
2691 4761 2965 4826 Ecclesiae.
3017 4768 3073 4816 et
3109 4761 3398 4831 sepultura
3425 4761 3695 4832 Stephani
3727 4764 3829 4821 τίη

2242 4851 2349 4906 quo
2379 4836 2549 4889 etiam
2579 4835 2770 4903 agitur
2804 4835 2870 4889 de
2895 4833 3152 4904 Philippo
3181 4833 3450 4904 apostolo,
3497 4836 3595 4905 qui
3625 4835 3822 4894 multos

2240 4907 2300 4961 in
2327 4907 2586 4963 Samaria
2613 4906 2863 4961 curabat.

2240 4996 2387 5060 Vlll,
2424 4997 2536 5051 1-4.
2569 5015 2590 5043 ε
2618 4996 2791 5054 Facta
2813 5000 2903 5051 est
2921 5000 3120 5051 autem
3153 4995 3213 5050 in
3241 4995 3345 5051 illo
3369 4995 3464 5051 die
3488 4997 3823 5066 persecutio

2179 5108 2200 5141 ι
2234 5103 2451 5162 magna
2481 5085 2762 5142 adversus
2794 5085 3138 5151 Ecclesiam,
3168 5103 3299 5158 qua:
3328 5091 3455 5141 erat
3485 5087 3828 5162 Hierosoly-

2173 5198 2202 5224 ‹‹
2227 5175 2360 5236 mis.
2394 5191 2723 5246 omnesque
2753 5173 3004 5245 dispersi
3044 5174 3141 5229 16
3201 5180 3340 5230 sunt
3396 5193 3502 5247 per
3552 5177 3827 5250 regiones

2171 5287 2201 5315 «
2233 5264 2448 5320 Iudam:
2471 5270 2530 5319 et
2553 5263 2854 5328 Samaria},
2878 5269 3094 5335 praeter
3114 5263 3436 5335 apostolos.
3469 5272 3832 5325 (iuraverunt

2172 5377 2201 5406 ‹‹
2235 5362 2434 5412 autem
2460 5354 2827 5426 Stephanum
2853 5369 2971 5408 una
3001 5353 3105 5408 viri
3140 5354 3427 5428 religiosi,
3461 5372 3529 5412 ac
3561 5357 3832 5414 fecerunt

2173 5468 2201 5496 (ι
2235 5444 2542 5518 planctum
2591 5459 2869 5517 magnum
2907 5460 3086 5516 super
3126 5460 3282 5502 eum.
3315 5445 3528 5502 Saulus
3556 5464 3692 5503 vero
3725 5447 3829 5504 de-

2175 5555 2201 5588 α
2235 5535 2500 5591 vastabat
2528 5534 2874 5600 Ecclesium,
2903 5551 3010 5605 per
3038 5535 3302 5608 singulas
3332 5535 3543 5592 domos
3572 5537 3826 5602 intrans,

2172 5648 2201 5678 ‹‹
2236 5625 2598 5696 trahensque
2629 5624 2782 5680 viros
2813 5641 2882 5681 ac
2912 5625 3216 5690 mulieres,
3243 5625 3511 5681 tradebat
3543 5626 3605 5681 in
3630 5631 3827 5681 custo-

2171 5739 2202 5768 σι
2233 5716 2414 5774 diam.
2452 5715 2543 5776 llli
2573 5716 2776 5790 itaque
2829 5715 3084 5792 dispersi
3142 5716 3540 5790 peragrabant
3591 5731 3826 5774 annun-

2171 5829 2206 5861 σι
2235 5811 2328 5866 tes
2355 5804 2604 5868 verbum
2634 5806 2763 5866 Dei.
2791 5829 2824 5859 ιι
