4160 6424
354 413 466 473 155

350 645 505 694 stum
537 636 784 692 insidias
814 636 888 691 ad
920 635 1143 691 bonum
1196 636 1377 692 ﬁnem
1431 635 1704 692 deducat.
1740 634 1999 707 Dispersi

349 744 606 798 namque
631 727 818 783 multo
843 726 1045 798 plures
1064 726 1765 799 irretiebantevangelica
1785 742 2007 800 sagena

351 833 525 889 quam
558 823 696 872 ante
728 817 1228 888 persecutionem.
1263 817 1528 888 Apostoli
1561 832 1695 871 vero
1731 832 1850 871 non
1868 820 2009 871 sunt

349 907 624 979 dispersi,
663 907 766 963 sed
799 907 1226 979 Hierosolymis
1258 912 1448 962 erant.
1491 907 1601 964 Ubi
1629 907 1788 962 enim
1822 906 2004 978 potis-

354 998 504 1052 sima
535 1003 663 1052 erat
682 998 1064 1070 Oppugnatio,
1099 996 1179 1052 ibi
1202 997 1429 1069 primos
1450 1013 1518 1053 ac
1548 997 1881 1069 praecipuos
1904 996 2008 1051 mi-

349 1087 486 1143 lites
520 1088 580 1143 in
610 1088 736 1143 acie
769 1093 923 1143 stare
977 1086 1309 1159 oportebat,
1343 1088 1694 1158 czeterisque
1754 1081 2009 1159 proponi

357 1180 419 1236 in
450 1179 790 1251 exemplum
816 1177 1181 1234 fortitudinis
1203 1183 1263 1233 et
1289 1177 1570 1234 audaciai.
1602 1178 1813 1232 Verum
1845 1176 1893 1231 si
1918 1193 2008 1232 reo

350 1270 548 1345 ligiosi
573 1274 763 1336 erant,
784 1268 885 1339 qui
915 1267 1279 1340 Stephanum
1301 1267 1687 1339 sepelierunt,
1709 1266 2009 1339 quomodo

354 1361 660 1436 planctum
711 1356 1030 1415 fecerunt?
1085 1361 1194 1412 Aut
1245 1356 1386 1428 quia
1433 1357 1703 1413 nondum
1762 1355 2008 1430 perfecti

356 1455 545 1517 erant,
580 1454 682 1504 aut
708 1447 865 1519 quod
907 1446 1250 1520 planxerint
1305 1452 1471 1502 tanto
1502 1446 1813 1518 praefecto,
1849 1451 2011 1502 tanto

353 1539 706 1614 patrocinio,
739 1542 904 1594 tanta
928 1537 1224 1602 doctrina,
1258 1537 1556 1611 tantisque
1584 1537 1770 1610 signis
1800 1536 2014 1611 privati

358 1635 417 1688 et
446 1629 604 1702 quod
644 1627 851 1685 mitem
883 1627 1055 1682 illum
1086 1642 1156 1683 ac
1196 1626 1520 1700 benignum
1564 1625 2017 1700 conspiciebant

362 1725 688 1777 mortuum.
730 1716 1151 1790 lapidibusque
1180 1732 1556 1788 oppressum.

431 1809 571 1875 Vlll,
600 1808 715 1864 4-9.
756 1830 782 1858 ‹‹
814 1806 1124 1878 Philippus
1155 1812 1350 1862 autem
1386 1805 1689 1880 digressus
1719 1805 1781 1861 in
1808 1803 2011 1861 civita-

1471 404 1892 471 CECUMENII
1935 408 2242 472 TRIGCE
2288 411 2646 476 EPISCOPI

352 548 495 603 Vide
526 546 820 618 quomodo
869 547 1022 602 Deus
1071 545 1460 602 inimicorum
1515 545 1799 603 adversus
1830 545 1996 602 Chri-
2032 549 2083 614 Α

3655 421 3776 485 156

2184 545 2325 617 Ὅρα
2357 551 2471 612 πῶς
2501 551 2529 604 ὁ
2562 549 2692 615 Θεὸς
2738 550 2832 613 τὰς
2891 547 3200 617 ἐπιϐουλὰς
3255 560 3363 611 τῶν
3422 556 3635 632 ἐχθρῶν
3693 557 3776 621 εἰς

2116 636 2358 710 χρηστὸν
2401 639 2515 715 ἅγει
2546 637 2726 702 τέλος.
2760 644 3152 715 Διασπαρέντες
3194 646 3297 724 γάρ
3340 644 3486 700 πολὺ
3543 643 3776 710 πλείους

2116 725 2502 802 ἐσαγήνευσᾳν,
2546 731 2582 801 ἢ
2641 732 2767 805 πρὶν
2837 731 3165 809 διωχθῆναι.
3226 738 3294 794 Οἱ
3353 734 3411 793 δὲ
3468 737 3773 794 ἀπόστολοι

2117 817 2181 872 οὐ
2215 813 2604 894 διεσπάρησαν,
2636 819 2763 876 ἀλλ’
2814 825 2951 892 ἦσαν
3008 821 3059 878 ἐν
3122 824 3547 899 Ἰεροσολύμοις.
3610 829 3779 892 Ἔνθα

2114 906 2215 983 γάρ
2273 908 2481 964 πλείων
2540 911 2568 965 ὁ
2622 910 2894 984 πόλεμος,
2975 913 3089 969 ἐκεῖ
3162 917 3595 989 παρατάττεσθαι
3645 919 3777 982 τοὺς

2116 1001 2573 1073 πρωταγωνιστας
2603 998 2734 1072 ἔδει,
2765 1003 2856 1057 καὶ
2907 1006 3224 1080 προκεῖσθαι
3272 1012 3389 1067 τοῖς
3450 1006 3646 1070 ἄλλοις
3679 1010 3781 1063 ἀν-

2119 1080 2298 1158 δρείας
2329 1085 2420 1140 καὶ
2450 1087 2677 1160 θάρσους
2727 1086 3051 1165 ὑπόδειγμα,
3087 1091 3155 1149 Εἴ
3202 1090 3258 1148 δὶ
3288 1088 3538 1158 εὐλαϐεῖς
3593 1097 3647 1150 οἱ
3705 1094 3777 1150 θά

2118 1176 2310 1247 ψαντες
2336 1175 2427 1230 τὸν
2475 1174 2774 1254 Στέιρανον,
2832 1184 2952 1242 πῶς
3012 1183 3339 1254 ἐποιήσαντο
3390 1184 3620 1239 κοπετόν
3658 1186 3779 1253 ;Ἦ

2120 1265 2203 1320 ὅτι
2236 1261 2390 1322 οὔπω
2418 1270 2553 1337 ἦσαν
2591 1267 2818 1339 τέλειοι,
2871 1270 2906 1341 ἢ
2968 1269 3051 1327 ὅτι
3109 1272 3393 1347 ἐκόψαντο,
3446 1274 3783 1345 προστασίας

2119 1354 2410 1426 τοσαύτης,
2445 1352 2799 1422 διδασκαλίας
2856 1361 3141 1433 τοιαύτης,
3202 1363 3447 1436 σημείων
3508 1364 3781 1421 τοιούτων

2122 1446 2615 1522 ἀποστερούμενοι.
2644 1449 2738 1506 καὶ
2770 1452 3003 1528 ὁρῶντες
3033 1457 3204 1528 πρᾶον
3248 1453 3452 1510 ἐκεῖνον
3483 1455 3573 1510 καὶ
3632 1457 3783 1531 ἣμε-

2123 1555 2216 1610 ρον
2248 1537 2462 1612 νεκρὸν,
2496 1534 2849 1603 λιθόλευστον
2881 1541 3157 1614 κείμενον.

2195 1829 2226 1859 ‹‹
2258 1805 2539 1870 Φίλιππος
2569 1805 2627 1863 δὲ
2647 1807 2926 1873 κατελθὼν
2957 1810 3033 1874 ε’ς
3094 1809 3256 1868 πόλιν
3305 1818 3410 1884 τῆς
3470 1814 3788 1889 Σαμαρείας

357 1923 384 1949 ‹‹
418 1904 537 1955 tem
569 1897 847 1953 Samaria:
870 1896 1231 1968 praedicabat
1250 1894 1370 1953 illis
1391 1895 1712 1951 Christum.
1735 1893 2011 1950 Intende-

2137 1918 2150 1946 ι
2187 1893 2476 1969 ἰκήρυσσεν
2499 1896 2686 1959 αὐτοῖς
2705 1900 2796 1955 τὸν
2823 1900 3076 1972 Χριστόν.
3106 1904 3407 1979 Προσεῖχὸν
3433 1925 3493 1960 τε
3523 1906 3575 1959 οἱ
3608 1900 3784 1984 ὄχλοι

362 2010 385 2039 ι
422 1989 568 2044 bant
592 1992 792 2043 autem
824 1985 1010 2041 turbas
1043 1985 1156 2052 his,
1186 2002 1317 2056 qua:
1347 2001 1383 2041 a
1413 1985 1687 2056 Philippo
1730 1983 2013 2040 diceban-

360 2101 387 2125 σι
419 2084 534 2145 tur,
565 2077 935 2132 unanimiter
962 2074 1273 2132 audientes
1295 2092 1363 2131 ac
1388 2074 1658 2131 videntes
1687 2075 1856 2146 signa
1885 2090 2017 2146 quae

361 2191 391 2217 ‹‹
424 2166 653 2223 edebat.
689 2167 942 2237 Spiritus
967 2165 1124 2221 enim
1161 2165 1447 2221 immundi
1471 2180 1541 2221 ex
1570 2164 1797 2227 multis,
1825 2162 2017 2236 qui'ab

360 2284 386 2312 ‹‹
412 2260 558 2332 ipsis
591 2258 969 2318 tenebantur.
1002 2258 1333 2315 clamantes
1352 2273 1569 2332 magna
1590 2273 1728 2314 voce
1752 2256 2014 2315 exibant.

361 2373 384 2400 ι.
424 2349 589 2406 Multi
622 2354 822 2404 autem
875 2348 1187 2420 paralytici
1246 2352 1304 2404 et
1351 2348 1547 2404 claudi
1611 2348 1799 2403 curati
1856 2350 2017 2402 sunt.

362 2463 390 2489 α
423 2440 787 2511 Factumque
819 2444 907 2497 est
937 2438 1220 2510 gaudium
1263 2453 1545 2511 magnum
1602 2438 1665 2494 in
1712 2437 1821 2495 illa
1876 2435 2015 2493 civi.

362 2552 391 2581 α
424 2534 564 2585 tate.
596 2549 624 2578 θ)

435 2619 563 2676 Non
586 2622 676 2674 est
704 2617 801 2673 hic
830 2616 1143 2690 Philippus
1173 2615 1495 2689 apostolus,
1531 2617 1631 2689 qui
1678 2616 1837 2673 inter
1875 2614 2021 2671 duo-

365 2709 559 2766 decim
593 2715 946 2766 numeratus
976 2715 1085 2775 est,
1121 2707 1224 2764 sed
1283 2724 1438 2764 unus
1493 2725 1564 2765 ex
1607 2713 1856 2780 septem,
1916 2704 2021 2778 qui

363 2816 501 2857 cum
532 2800 829 2871 Stephano
879 2798 1145 2854 delectus
1174 2798 1370 2855 fuerat
1421 2798 1494 2854 ad
1524 2796 2021 2869 gubernationem

363 2889 695 2945 viduarum.
731 2888 792 2944 Id
818 2893 1019 2945 autem
1050 2904 1252 2945 verum
1282 2904 1412 2944 esse
1451 2888 1594 2944 hinc
1636 2885 2019 2943 manifestum

365 2984 474 3037 est.
506 2978 660 3034 Solis
685 2979 845 3034 enim
877 2977 1165 3049 apostolis
1213 2977 1636 3049 Hierosolyma:
1695 2975 2019 3041 derelictis,

367 3076 712 3127 caeterorum
743 3085 880 3125 vero
908 3067 1341 3139 discipulorum
1373 3067 1507 3123 aliis
1539 3066 1678 3122 alibi
1712 3064 2021 3138 dispersis,

362 3166 540 3233 prout
560 3160 687 3232 jam
730 3158 954 3215 dictum
986 3165 1093 3226 est,
1126 3174 1336 3214 omnes
1367 3157 1526 3214 circa
1569 3155 1786 3214 Judmm
1817 3171 1886 3211 ac
1920 3155 2021 3211 Sa-

361 3250 565 3306 marizn
624 3249 896 3323 regiones
947 3248 1201 3321 dispersi
1243 3253 1401 3315 sunt,
1446 3254 1662 3322 praeter
1691 3246 2014 3320 apostolos.

2128 2010 2157 2039 ι(
2190 1992 2306 2048 τοῖς
2336 1985 2659 2063 λεγομένοις
2694 1989 2797 2045 ὗπὸ
2826 1995 2924 2046 τοῦ
2974 1991 3284 2064 Φιλίππου,
3340 1992 3694 2068 ὁμοθυμαδὸν
3727 1994 3784 2050 ἐν

2128 2099 2155 2128 ‹‹
2188 2080 2269 2149 τῷ
2299 2077 2511 2134 ἀκούειν
2541 2078 2754 2145 αὐτοὺς,
2786 2081 2874 2136 καὶ
2911 2081 3133 2159 βλέπειν
3165 2085 3231 2139 τὰ
3288 2090 3490 2160 σημεῖα
3520 2086 3555 2141 ἆ
3581 2085 3783 2145 ἐποίει.

2135 2166 2422 2223 σῐῙολλῶν
2502 2170 2604 2244 γὰρ
2658 2175 2767 2227 τῶν
2845 2167 3086 2249 ἑχόντων
3141 2175 3425 2249 πνεύματα
3480 2176 3784 2250 ἀκάθαρτα,

2134 2282 2153 2307 ι
2193 2259 2405 2334 βοῶντα
2438 2259 2653 2336 μεγάλῃ
2689 2265 2869 2335 φωνῇ,
2929 2262 3213 2340 ἐξήρχετο.
3278 2264 3486 2321 Πολλοὶ
3522 2263 3579 2320 δὲ
3606 2286 3789 2340 παρα-

2128 2349 2479 2424 «λελυμένοι
2511 2353 2597 2408 καὶ
2660 2351 2842 2430 χωλοὶ
2904 2355 3360 2433 ἐθεραπεύθησαν.
3420 2358 3525 2417 Καὶ
3575 2356 3786 2433 ἐγένετο

2134 2462 2162 2496 ο
2191 2442 2338 2519 χαρά
2365 2440 2577 2520 μεγάλη
2613 2443 2665 2499 ἐν
2693 2445 2763 2518 τῇ
2796 2444 2956 2502 πόλει
2987 2444 3188 2523 ἐκείνῃ.
3225 2471 3255 2499 ››

2201 2619 2324 2696 Ούχ
2353 2621 2381 2675 ὁ
2410 2619 2722 2682 ἀπόστολος
2780 2622 3087 2692 Φίλιππος,
3126 2626 3154 2681 ὁ
3181 2625 3236 2680 ὲν
3267 2630 3386 2689 τοῖς
3447 2623 3659 2682 δώδεκα
3686 2646 3791 2682 κα-

2126 2707 2522 2785 ταλεγόμενος,
2554 2710 2713 2777 οὗτός
2742 2712 2904 2783 iam,
2936 2712 3067 2773 ἀλλ’
3096 2715 3172 2779 εἷς
3229 2720 3340 2771 τῶν
3400 2715 3554 2783 ἑπτὰ,
3587 2717 3615 2771 ὁ
3651 2716 3793 2789 μετᾶ

2130 2800 2407 2878 Στεφάνου
2427 2798 2703 2881 ἐπιλεγεῖς
2735 2803 2872 2878 πρὸς
2900 2805 2999 2874 τὴν
3031 2808 3140 2859 τῶν
3187 2809 3382 2881 χηρῶν
3439 2804 3785 2879 οἰκονομίαν.

2127 2889 2251 2947 ’Ότι
2312 2886 2370 2944 δὲ
2426 2889 2630 2961 ἀληθὲς
2689 2893 2853 2951 ἐστιν.
2943 2892 3179 2959 ἐντεῦθεν
3248 2892 3443 2967 δῆλον.
3502 2899 3619 2951 Τῶν
3675 2896 3787 2973 γὰρ

2128 2976 2450 3035 ἀποστόλων
2489 2979 2666 3052 μόνων
2699 2979 2752 3037 ἐν
2806 2980 3224 3058 Ἱεροσολύμοις
3278 2983 3787 3064 παραλειφθέντων,

2126 3071 2234 3124 τῶν
2266 3065 2325 3125 δί
2351 3075 2567 3126 Λοιπῶν
2603 3073 2859 3143 μαθητῶν
2894 3071 3080 3129 αλλων
3115 3073 3400 3150 ἀλλαχόσε
3456 3071 3786 3150 διασπαρὲν-

2126 3179 2255 3223 των,
2286 3160 2422 3214 κατὰ
2448 3160 2511 3216 τὸ
2543 3156 2834 3235 ί“ρτ,μένον
2866 3159 2999 3232 ἤδη,
3042 3163 3237 3226 πάντες
3296 3161 3354 3219 δὲ
3412 3161 3786 3240 διεσπάρησαν

2128 3248 2268 3305 κατά
2294 3248 2390 3310 τὰς
2422 3250 2610 3324 χώρας
2650 3257 2752 3321 τῆς
2783 3248 3049 3317 Ἰουδαίας
3106 3252 3197 3308 καὶ
3246 3254 3580 3327 Σαμαρείας,
3630 3252 3787 3323 πλὴν

360 3341 525 3397 Inter
553 3341 661 3396 hos
694 3319 829 3413 ergo
862 3319 1164 3411 dispersos
1225 3344 1354 3395 erat
1405 3319 1517 3395 iste
1548 3319 1882 3409 Philippus,
1911 3336 2014 3409 qui

2137 3341 2236 3392 τῶν
2278 3337 2625 3396 ἀποστόλων.
2675 3342 2765 3398 Ἐν
2814 3346 2933 3404 τοῖς
2986 3339 3358 3416 διασπαρεῒσιν
3409 3344 3478 3413 ἦν
3536 3342 3629 3398 καὶ
3687 3343 3791 3400 οὗ·

360 3436 420 3486 et
449 3430 753 3487 Simonem
777 3428 1063 3484 instruxit
1092 3428 1155 3482 in
1212 3427 1494 3483 Samaria.
1529 3428 1600 3483 Et
1656 3442 1792 3482 cum
1824 3441 2014 3482 eunu-

360 3517 539 3574 chum
565 3520 737 3590 juxta
790 3516 1057 3574 divinum
1109 3517 1465 3590 baptizasset
1485 3516 1817 3584 oraculum,
1855 3517 1945 3572 77
1982 3532 2019 3573 a

360 3608 597 3664 Domini
628 3607 849 3679 Spiritu
880 3606 1178 3679 repositus
1195 3612 1287 3663 est
1302 3607 1483 3670 Azoti,
1516 3607 1796 3677 venitque
1828 3611 2018 3662 (Laesa-

358 3714 548 3762 ream,
582 3713 713 3768 quas
744 3697 856 3768 ipsi
890 3697 1081 3769 patria
1110 3702 1257 3753 erat.
1283 3702 1425 3752 (lum
1458 3697 1619 3753 enim
1651 3696 1713 3751 in
1745 3712 2017 3769 persecu-

361 3787 524 3843 tione
568 3803 701 3860 quae
732 3786 926 3843 fuerat
954 3793 1218 3859 tempore
1250 3786 1552 3858 Stephani.
1588 3792 1849 3843 tentatus
1876 3785 2019 3842 fuis-

362 3883 471 3945 set,
503 3893 572 3933 ac
600 3877 893 3932 timuisset
952 3893 1027 3933 ne
1075 3883 1134 3931 et
1188 3877 1316 3950 ipse
1371 3876 1659 3933 similium
1719 3876 2018 3950 particeps

361 3966 968 4039 ﬂeretpericulorum.
994 3966 1240 4023 domum
1261 3983 1497 4022 rursum
1516 3966 1704 4038 petiit.
1726 3967 2020 4021 Praeterea

362 4058 414 4113 si
443 4073 602 4113 unus
620 4061 749 4111 erat
771 4056 1202 4128 apostolorum,
1226 4071 1361 4110 cum
1384 4056 1446 4109 in
1470 4054 1738 4110 Samaria
1759 4053 2021 4124 baptiza-

362 4151 475 4211 ret,
504 4145 763 4202 habebat
791 4146 999 4216 utique
1031 4145 1444 4200 auctoritatem
1478 4143 1618 4199 doni
1651 4142 1938 4214 Spiritus:
1963 4146 2023 4198 et

364 4250 749 4307 nequaquam
786 4235 990 4289 Petrus
1011 4250 1080 4289 ac
1108 4234 1364 4290 Joannes
1393 4232 1465 4289 ab
1498 4232 1924 4302 Hierosolymis
1946 4231 2021 4288 ad

370 4340 470 4380 eos
492 4321 948 4385 descendentes,
967 4323 1218 4393 Spiritus
1237 4322 1488 4392 gratiam
1511 4321 1631 4378 illis
1650 4320 2019 4379 tribuissent.

371 4414 474 4470 Hic
503 4416 704 4486 itaque
736 4419 966 4469 tantum
997 4413 1253 4486 baptizat
1282 4418 1484 4485 utpote
1505 4412 1858 4485 discipulus,
1890 4429 2024 4485 gra-

367 4504 513 4560 tiam
541 4520 675 4560 vero
704 4503 1025 4574 perﬁciunt
1045 4503 1322 4575 apostoli,
1345 4502 1564 4577 quibus
1589 4502 1724 4561 talis
1745 4501 1886 4560 doni
1915 4519 2024 4561 au-

366 4594 608 4652 ctoritas
631 4610 917 4651 concessa
946 4599 1091 4649 erat.

1022 4683 1254 4740 CAPUT
1291 4681 1359 4739 X.

369 4776 442 4832 De
471 4776 692 4832 Simone
738 4790 923 4845 mago.
964 4774 1063 4846 qui
1091 4788 1214 4828 cum
1241 4771 1499 4844 pluribus
1527 4770 1656 4846 aliis
1685 4769 1939 4846 credidit,
1966 4777 2023 4828 et

439 4848 754 4916 baptizatus
810 4852 888 4901 est
922 4865 933 4901 :
974 4845 1048 4900 in
1096 4860 1204 4917 quo
1251 4847 1418 4900 etiam
1454 4845 1647 4914 agitur
1678 4846 1745 4899 de
1772 4845 1925 4900 Petri
1970 4849 2024 4901 et

436 4920 671 4974 Joannis
700 4918 775 4972 ad
803 4933 889 4973 eos
918 4919 1213 4987 legatione.
1236 4924 1288 4972 et
1316 4918 1663 4972 invocatione
1693 4918 1872 4973 sancti
1892 4917 2022 4988 Spi-

438 4993 579 5046 ritus
609 5005 774 5061 super
796 5005 905 5056 eos,
939 4988 1039 5061 qui
1068 4989 1340 5059 baptizati
1366 4994 1547 5045 erant.

441 5150 584 5208 VIII.
604 5154 636 5207 ο
674 5154 761 5206 15.
785 5173 804 5196 ι
826 5150 921 5206 Vir
937 5156 1135 5206 autem
1151 5148 1396 5221 quidam
1415 5148 1659 5206 nomine
1673 5150 1897 5210 Simon.
1918 5149 2023 5222 qui

371 5264 392 5290 -
429 5247 606 5298 antea
634 5240 697 5296 in
728 5256 799 5297 ea
818 5240 1054 5296 civitate
1081 5238 1394 5296 exercebat
1422 5245 1611 5296 artem
1643 5239 1934 5312 magicam
1955 5255 2024 5297 ac

368 5353 397 5385 ι(
430 5331 875 5386 dementaverat
922 5336 1160 5402 gentem
1192 5328 1494 5396 Samariaa,
1526 5328 1736 5386 dicens
1784 5345 1849 5384 se
1892 5343 2025 5385 esse

368 5444 396 5472 «
431 5421 767 5493 quempiam
799 5435 1103 5492 magnum,
1154 5418 1250 5475 cui
1282 5418 1701 5475 auscultabant
1755 5434 1965 5475 omnes
1990 5433 2027 5474 a

368 5531 397 5561 ι(
438 5510 689 5567 minimo
721 5525 908 5581 usque
939 5508 1014 5564 ad
1042 5507 1391 5575 maximum,
1425 5508 1732 5565 dicentes:
1766 5509 1884 5563 Iste
1935 5511 2028 5564 est

367 5624 395 5653 «
428 5601 614 5657 virtus
633 5601 756 5664 Dei,
786 5616 919 5672 quae
940 5604 1183 5656 vocatur
1201 5614 1432 5672 magna.
1462 5586 1895 5656 Auscultabant
1918 5614 2019 5656 au-

370 5714 398 5743 «
430 5696 551 5748 tem
582 5691 635 5748 ei
678 5696 993 5763 pr0pterea
1036 5688 1197 5760 quod
1248 5688 1434 5746 multo
1466 5694 1735 5760 tempore
1781 5686 2023 5761 magicis

365 5801 396 5831 α
420 5779 649 5839 artibus
665 5780 1074 5839 dementasset
1092 5795 1215 5837 eos.
1237 5780 1454 5837 Verum
1473 5794 1612 5845 cum
1627 5777 2026 5845 credidissent

2047 4676 2097 4744 D

2124 3448 2219 3491 τος
2261 3429 2289 3483 ὁ
2330 3427 2636 3498 Φίλιππος,
2692 3430 2754 3495 ’ὀς
2807 3432 2898 3486 καὶ
2944 3432 3038 3489 τὸν
3090 3432 3317 3506 Σίμωνα
3372 3417 3687 3510 κατήχῖησεν
3729 3432 3789 3490 ἰν

2129 3520 2428 3595 Σαμαρείᾳ,
2458 3520 2547 3577 καὶ
2580 3522 2718 3576 κατὰ
2748 3523 2892 3578 θεῖον
2925 3524 3183 3604 χοησμὸν
3217 3526 3308 3580 τὸν
3347 3524 3623 3601 Εὐνοῦχον
3685 3524 3787 3599 βα.

2125 3609 2345 3680 πτίσας,
2382 3611 2486 3667 ὑπὸ
2520 3609 2832 3684 [Ινεύματος
2864 3614 3072 3688 Κυρίου
3120 3613 3197 3678 είς
3256 3615 3503 3687 Ἀζωτον
3563 3614 3789 3689 εὑρέθη,

2125 3700 2263 3774 πρὸς
2287 3698 2344 3758 Si
2402 3701 2729 3775 Καισάρειαν
2783 3702 3013 3777 ὥρμησε
3067 3704 3167 3772 τήν
3218 3703 3380 3759 αὐτὸν
3435 3704 3787 3784 ἐνεγκοῦσαν,

2128 3793 2245 3861 Τῆς
2273 3794 2376 3867 γάρ
2408 3791 2493 3846 ἐπὶ
2530 3792 2806 3870 Στετάνου
2844 3792 3026 3864 λύπης
3082 3795 3416 3872 πειρασθεῖς,
3476 3795 3564 3850 καὶ
3600 3792 3789 3858 δείσας

2132 3882 2209 3955 μὴ
2267 3884 2375 3937 τῶν
2435 3880 2643 3955 ὁμοίων
2715 3883 2990 3958 μετάσχῃ,
3076 3881 3501 3953 ἐπαλινόστησεν
3573 3880 3787 3945 οέκαδε.

2127 3968 2354 4034 Ἄλλως
2376 3990 2455 4039 τε,
2488 3969 2534 4026 εί
2566 3971 2595 4026 ὁ
2628 3970 2892 4046 βαπτίσας
2950 3971 3002 4026 ἐν
3054 3974 3332 4048 Σαμαρείᾳ
3395 3973 3475 4036 εἷς
3504 3977 3613 4028 τῶν
3641 3973 3787 4028 ἀπο-

2130 4060 2339 4117 στόλων
2370 4060 2463 4129 ἦν,
2494 4062 2643 4137 εἶχεν
2675 4058 2736 4116 ἃν
2767 4062 2867 4130 τὴν
2913 4061 3195 4127 αὖθεντίαν
3244 4069 3345 4132 τῆς
3400 4067 3498 4117 τοῦ
3534 4062 3789 4135 Πνεύμα.

2128 4170 2220 4212 τος
2252 4148 2478 4212 δόσεως.
2517 4149 2607 4205 καί
2638 4150 2738 4206 οὐκ
2768 4149 2829 4206 ἃν
2886 4152 3089 4228 Πέτρος
3145 4151 3234 4209 καὶ
3296 4152 3556 4223 Ἰωάννης
3615 4172 3793 4210 κατα-

2131 4234 2320 4301 ϐάντες
2346 4240 2451 4295 ἀπὸ
2474 4240 2876 4317 Ἰεροσολύμων
2928 4243 3062 4316 πρὸς
3113 4240 3310 4303 αὐτοὺς
3363 4243 3458 4311 τήν
3484 4246 3581 4297 τοῦ
3616 4241 3789 4299 [Ινεύ-

2136 4351 2304 4404 ματος
2338 4329 2675 4406 παρέσχοντο
2707 4333 2889 4412 χάριν.
2946 4331 3117 4393 Οὗτος
3148 4332 3240 4387 οὗν
3275 4331 3527 4407 βαπτίζει
3593 4332 3787 4405 μόνον,

2132 4421 2207 4484 ὡς
2243 4421 2512 4493 μαθητὴς,
2570 4425 2842 4476 τελειοῦσι
2875 4418 2935 4476 δὲ
2971 4424 3073 4493 τήν
3122 4422 3285 4498 ’χάριν
3346 4423 3404 4477 οἱ
3461 4419 3791 4496 ἀπόστολοι,

2133 4510 2214 4574 οἷς
2304 4517 2405 4580 τῆς
2434 4510 2696 4580 τοιαύτης
2727 4506 2931 4574 δόσεως
2955 4510 3234 4576 αὐθεντεία
3254 4508 3495 4567 ἐδέδοτο.

2770 4692 3032 4751 ΚΕΦΛΛ.
3085 4695 3140 4752 I‘.

2133 4781 2263 4857 Περὶ
2320 4782 2573 4857 Σίμωνος
2627 4786 2729 4857 τοῦ
2764 4783 3018 4857 ΔΜάγου,
3076 4781 3466 4857 πιστεύσαντος
3527 4781 3617 4857 καὶ
3679 4782 3789 4857 βατ

2199 4850 2512 4928 iunctim;
2592 4853 2727 4928 abv_
2762 4850 2968 4928 ἑτέροις
3044 4850 3315 4928 πλείοσινο
3378 4852 3457 4928 *ἐν
3661 4852 3794 4927 περὶ

2200 4934 2301 5000 τῆς
2365 4925 2570 5000 Πέτρου
2617 4924 2734 5000 Δκαὶ
2816 4924 3073 4985 Ἰωάννου
3108 4927 3277 5000 -πρὸς
3334 4925 3501 5000 αὐτοῦ
3549 4924 3796 5000 ’ἀποστοτ

2204 4997 2330 5074 λῆς,
2373 4996 2482 5074 ’καί
2538 4997 2829 5074 ἐπίκλησις
2912 5002 3011 5054 τοῦ
3096 4996 3251 5074 ἁγίου
3331 4997 3651 5072 Πνεύματος
3697 4996 3797 5055 ἐπὶ

2201 5072 2331 5133 τοὺς
2365 5069 2778 5144 βαπτισθέντας..

2211 5164 2234 5193 ι
2262 5141 2438 5218 -Ἂνῆρ
2470 5141 2528 5199 δέ
2558 5164 2640 5205 τις
2673 5141 2903 5210 ὀνόματι
2964 5141 3152 5216 Σίμων
3213 5149 3577 5218 προϋπῆρχεν
3635 5141 3689 5198 ἐν
3719 5144 3797 5209 τῆ

2135 5257 2164 5287 (ι
2193 5231 2371 5302 πόλει,
2434 5232 2681 5307 μαγεύων
2736 5232 2827 5286 καὶ
2874 5229 3097 5302 ἐξεστῶν
3153 5232 3218 5287 τὸ
3265 5227 3418 5294 ἓθνος
3448 5237 3550 5299 τῆς
3605 5237 3799 5304 Σαμα-

2137 5344 2162 5377 ι
2195 5324 2367 5398 ρείας,
2400 5320 2576 5398 λέγων
2609 5320 2743 5377 εἶναί
2791 5342 2911 5377 τινα
2960 5321 3149 5377 ἑαυτὸν
3186 5319 3381 5398 μέγαν,
3413 5319 3461 5394 ᾦ
3489 5324 3797 5397 προσεῖχον

2135 5436 2163 5465 ι(
2189 5413 2297 5470 ἀπὸ
2340 5416 2539 5486 μικροῦ
2568 5408 2674 5474 ’ἐως
2702 5411 2978 5487 μεγάλου,
3024 5410 3300 5486 λέγοντες·
3356 5409 3530 5475 Οὗτός
3582 5409 3667 5465 ἐστ
3681 5430 3727 5464 ιν
3755 5412 3801 5482 ἡ

2140 5524 2162 5553 ι
2189 5499 2417 5574 δύναμις
2446 5506 2546 5557 τοῦ
2579 5505 2732 5559 Θεοῦ.
2769 5503 2805 5572 ἡ
2838 5499 3081 5575 μεγάλη.
3136 5505 3445 5574 Προσεῖχον
3502 5496 3561 5554 δὲ
3620 5498 3808 5573 αὐτῷ,

2135 5615 2165 5645 ιι
2197 5590 2288 5647 διὰ
2311 5591 2374 5646 τὸ
2406 5592 2577 5661 ἰκανῷ
2608 5590 2797 5667 χρόνῳ
2843 5595 2964 5653 ταῖς
3020 5587 3275 5665 μαγείαις
3330 5587 3673 5660 ἐξεστηκὲναι
3703 5588 3810 5645 αὖ-

2140 5707 2161 5735 ι
2190 5682 2340 5745 τούς.
2370 5683 2501 5741 Ὀτε
2523 5679 2581 5737 δὲ
2609 5679 2925 5737 ἐπίστευσαν
2978 5684 3058 5751 τῷ
3117 5678 3386 5754 Φιλίππῳ
3433 5675 3805 5755 εὐαγγελιζοο

2137 5796 2167 5826 α
2199 5772 2349 5847 μὲνῳ
2380 5770 2445 5829 τά
2470 5771 2593 5848 περὶ
2625 5773 2725 5842 τῆς
2758 5766 3043 5848 βασιλείας
3074 5772 3171 5826 τοῦ
3197 5772 3354 5844 Θεοῦ,
3386 5769 3476 5826 καὶ
3526 5772 3624 5826 τοῦ
3668 5767 3807 5830 ὀνό-
